4020 6434
166 376 315 444 10m
1431 363 1804 429 HISTORIA
1840 361 2232 426 LAUSIACA.
2406 412 2409 413 κ
3314 358 3458 430 105.0

164 490 459 553 Κελεύσας
500 488 557 543 δέ
585 487 725 560 αὐτῇ
757 487 1191 559 προσενεχθῆναι
1237 485 1474 559 τροφὰς,
1498 484 1764 554 ἐποίησεν
1793 482 1840 541 Α
1940 481 2031 552 Τῷ
2063 478 2119 535 δέ
2153 482 2411 553 ὁμοζύγῳ
2443 481 2636 537 τούτου
2688 482 2802 547 τοῖς
2847 482 3030 555 ἔργοις
3055 483 3154 554 τῆς
3190 483 3447 551 πίστεως,

164 574 344 645 αὐτὴν
371 575 572 643 φαγεῖν
595 588 609 603 ·
646 573 744 627 καὶ
770 572 945 636 οὕτως
972 574 1264 643 ἰασάμενος
1292 572 1461 642 αὐτὴν
1490 572 1760 643 ἀπέλυσεν
1865 564 1960 617 καὶ
2013 565 2092 635 τῷ
2118 566 2417 641 ,ὁμωνύμῳ
2467 565 2563 619 τοῦ
2619 567 2916 637 σεϐασμίου
2972 567 3255 637 ὀνόματος,
3304 567 3450 635 λέγω

165 658 316 730 μετά
365 656 462 710 τοῦ
518 656 652 710 ἰδίου
704 656 934 727 ἀνδρὸς,
985 655 1442 726 εὐχαριστοῦντας
1489 655 1567 725 τῷ
1616 654 1755 724 Θεῷ.

181 741 453 795 ’Υπέθετο
492 741 550 794 δὲ
600 741 740 812 αὐτῇ
772 742 801 793 6
836 740 937 797 ποῦ
966 740 1206 811 Χριστοῦ
1238 739 1545 809 ἄνθρωπος,
1590 737 1760 790 είπὼν

164 829 336 899 αὐτῇ·
369 827 655 897 Μηδέποτε
684 825 1021 895 ἀπολειφθῇς
1048 825 1149 889 τῆς
1199 825 1550 895 Ἐκκλησίας,
1595 823 1761 894 μηδέ-

168 931 310 967 ποτε
362 914 612 984 ἀπόσχῃς
668 912 769 982 τῆς
807 911 1097 974 κοινωνίας
1142 911 1252 964 τῶν
1298 910 1616 981 μυστηρίων
1663 907 1760 962 τοῦ

164 997 436 1068 Χριστοῦ.
474 997 662 1051 Ταῦτα
693 997 806 1068 γάρ
842 1014 924 1050 τοι
956 995 1182 1064 συνέϐη,
1209 995 1270 1049 τὸ
1297 996 1389 1048 ἐπὶ
1419 994 1581 1048 πέντε
1612 994 1762 1047 ἐϐδο-

169 1081 353 1152 μάδας
391 1082 466 1152 μὴ
497 1080 961 1153 προσεληλυθέναι
993 1097 1053 1134 σε
1091 1082 1202 1144 τοῖς
1230 1080 1520 1152 άχράντοις
1551 1095 1760 1149 μυστη-

168 1167 317 1235 ρίοις
344 1166 440 1218 τοῦ
472 1165 728 1238 Σωτῆρος
761 1165 941 1236 ἡμῶν.

250 1300 419 1373 Ἀλλη
452 1301 617 1355 πάλιν
643 1300 843 1372 πρᾶξις
865 1302 966 1370 τῆς
999 1300 1244 1371 μεγάλης
1260 1298 1428 1353 αὐτοῦ
1448 1300 1756 1369 ἀσκήσεως·

181 1386 277 1439 Ἐν
304 1386 385 1457 τῷ
444 1385 643 1457 μακρῷ
677 1388 777 1455 τῆς
810 1384 956 1454 ζωῆς
989 1386 1156 1439 αὐτοῦ
1183 1386 1360 1456 χρόνῳ
1393 1386 1498 1437 ὑπὸ
1535 1386 1634 1454 τὴν
1658 1384 1762 1452 γῆν

169 1470 410 1539 ποιήσας
439 1468 677 1541 σύριγγα
700 1470 1015 1539 ὀρύγματος
1044 1468 1153 1523 ἀπὸ
1189 1470 1287 1539 τῆς
1315 1468 1517 1538 κέλλης
1566 1468 1760 1520 ἐαυτοῦ

173 1551 375 1622 μέχρις
398 1552 721 1622 ἡμισταδίου
753 1552 831 1616 είς
877 1552 939 1605 τὸ
971 1552 1142 1623 ἄκρον
1176 1552 1442 1620 σπήλαιον
1497 1552 1759 1604 ἀπετέλε-

171 1652 291 1689 σεν.
328 1637 440 1688 Καὶ
494 1634 550 1688 εί
583 1653 712 1689 ποτε
774 1635 1019 1699 πλείονες
1048 1634 1199 1705 αὐτῷ
1246 1634 1473 1705 ῶχλουν,
1504 1634 1763 1703 κρυπτῶς

172 1722 243 1774 ἐκ
268 1721 369 1789 τῆς
398 1721 591 1791 κέλλης
646 1720 810 1774 αὑτοῦ
858 1719 1018 1786 ἐξιὼν
1050 1710 1203 1775 ἀπίει
1242 1722 1322 1783 είς
1368 1720 1431 1773 τὸ
1474 1720 1758 1789 σπήλαιον,

1862 648 1926 719 δὴ
1982 649 2060 720 τῷ
2103 651 2244 721 ἁγίῳ
2290 653 2562 723 Μακαρίῳ
2610 652 2690 723 τῷ
2744 652 3089 722 Ἀλεξανδρεῖ
3122 693 3138 717 ,
3195 652 3451 706 συντετύ-

1862 747 2011 800 χηκα
2080 735 2437 806 πρεσϐυτέρῳ
2498 736 2612 789 ὄντι
2676 736 2785 789 τῶν
2836 735 3146 804 λεγομένων
3194 736 3447 789 κελλίων.

1870 815 1966 878 Είς
1995 816 2031 870 ἃ
2059 820 2249 871 κελλία
2290 819 2601 892 παρῴκησα
2639 821 2751 888 ἐγὼ
2780 821 3060 873 ἐνναετίαν
3083 836 3096 850 '
3127 821 3183 873 ἐν
3213 815 3295 883 οἷς
3319 822 3449 891 τρία

1864 896 1960 968 ἔτη
2004 918 2094 970 μοι
2121 903 2393 973 ὲπέζησεν
2426 907 2454 957 6
2508 905 2780 975 μακάριος
2805 897 2961 966 οὗτος
2992 904 3358 973 καθεζόμενος
3388 907 3447 956 ἐν

1861 982 2085 1056 ἡσυχίᾳ.
2125 987 2234 1039 Καὶ⁵
2257 988 2327 1040 τὰ
2363 987 2462 1057 μὲν
2491 984 2631 1041 εῐδον
2660 986 2770 1056 ἐγὼ
2817 988 2949 1059 παρ’
2986 988 3152 1041 αὐτοῦ
3184 993 3283 1055 τῆς
3322 988 3447 1059 ἀρί-

1865 1089 2001 1144 στης
2024 1070 2192 1124 αὐτοῦ
2223 1072 2499 1135 πολιτείας
2533 1073 2669 1143 ἔργα
2700 1074 2794 1126 καὶ
2830 1074 3057 1142 σημεῖα,
3093 1072 3162 1125 τὰ
3203 1072 3260 1125 δὲ
3295 1073 3449 1143 παρὰ

1864 1158 1969 1211 τῶν
1997 1155 2171 1225 τούτῳ
2200 1157 2629 1227 συμϐιωσάντων
2652 1157 2971 1228 μεμάθηκα,
3000 1157 3067 1209 τὰ
3102 1156 3157 1208 δέ
3190 1159 3284 1211 καὶ
3317 1155 3447 1227 παρ’

1863 1241 2068 1312 ἐτέρων
2100 1240 2361 1294 πλειόνων
2391 1241 2626 1310 ἀκήκοα.

1934 1360 2105 1430 υῦτος
2155 1366 2490 1436 θεασάμενός
2521 1383 2655 1419 ποτε
2700 1365 2853 1437 παρά
2884 1364 2963 1436 τῷ
2998 1365 3219 1436 μεγάλῳ
3270 1365 3447 1435 Πατρὶ

1875 1449 2149 1520 Ἀντωνίῳ
2195 1449 2323 1519 βαΐα
2370 1450 2626 1514 ἐκλεκτά,
2669 1450 2834 1502 αὐτὸν
2881 1450 3247 1519 ἐργαζόμενον
3277 1449 3447 1519 ᾔτησε

1862 1532 1995 1601 παρ’
2041 1533 2209 1586 αὑτοῦ
2247 1534 2376 1604 μίαν
2427 1534 2634 1602 δέσμην
2674 1534 2783 1585 τῶν
2815 1532 3006 1602 βαϊων.
3037 1528 3174 1585 Εἷπε
3207 1532 3264 1585 δὲ
3309 1530 3447 1599 πρὸς

1862 1618 2028 1671 αὑτὸν
2072 1621 2099 1669 ὁ
2147 1618 2432 1681 Ἀντώνιος
2458 1634 2471 1648 ⁸
2511 1618 2863 1687 Γέγραπται,
2924 1617 3038 1670 υύκ
3080 1616 3447 1687 ἐπιθυμήσεις

1861 1701 1931 1753 τὰ
1960 1699 2054 1753 τοῦ
2086 1700 2313 1771 πλησίον
2351 1702 2481 1771 σουιθ
2516 1700 2611 1753 καὶ
2646 1699 2808 1770 μόνον
2838 1700 3108 1764 εἰπόντος,
3140 1699 3345 1761 εὐθέως
3376 1698 3448 1753 τά

170 1805 275 1889 κεῖ
304 1784 478 1868 δὺδεὶς
523 1784 1025 1889 ἑδτδνηδῌριέκεν·
1062 1806 1337 1889 ίίΔιηγεῖτο
1384 1799 1476 1889 οὖν
1506 1784 1638 1889 ἡθῖν
1676 1820 1758 1889 πῗις
1791 1833 1835 1888 B
1866 1784 2238 1889 ῗῗῖῖἔτένταε
2270 1786 2981 1889 δῗςῗπῗ.π9ξδῗ,ὲίέἓίῗῖη;
3029 1786 3208 1889 Ῐίῗῗέρ
3260 1784 3448 1889 ἶᾷὼνξ

169 1887 287 1940 τῶν
316 1887 621 1942 σπουδαίων
660 1887 824 1941 αὐτοῦ
868 1888 1124 1958 μαθητῶν
1176 1887 1382 1954 λέγων,
1429 1887 1513 1947 ὅτι
1557 1885 1761 1939 Ἀπιὼν

112 2010 115 2013 μ
170 1969 282 2032 ἕως
326 1969 420 2022 τοῦ
459 1970 724 2040 σπηλαίου
757 1971 843 2023 διὰ
875 1971 976 2041 τῆς
1018 1970 1278 2042 σύριγγος
1307 1970 1762 2038 εἰκοσιτέσσαρας

168 2051 351 2105 ἐποίει
391 2052 726 2123 προσευχάς,
766 2053 865 2107 καὶ
919 2055 1215 2125 ἐρχόμενος
1255 2053 1417 2107 πάλιν
1447 2052 1546 2114 τὰς
1566 2052 1757 2115 αὑτάς.

247 2136 321 2188 Πε
333 2138 385 2207 pl
410 2138 600 2191 τούτου
627 2136 848 2208 ἐξῆλθεν
878 2139 1058 2207 φήμη,
1082 2138 1164 2191 ὅτι
1187 2138 1281 2190 καὶ
1301 2135 1493 2206 νεκρὸν
1516 2136 1758 2206 ἤγειρεν,

171 2218 268 2271 ἵνα
298 2221 578 2290 αἱρετικὸν
611 2220 775 2290 πείσῃ
810 2220 902 2272 τὸν
941 2220 1015 2289 μὴ
1044 2218 1416 2289 ὁμολογοῦντα
1463 2218 1762 2272 ἀνάστασιν

169 2295 319 2354 εἶναι
347 2304 639 2371 σωμάτων.
684 2302 796 2355 Καὶ
836 2302 976 2371 αὕτη
1005 2304 1037 2371 ἡ
1069 2303 1227 2372 φήμη
1258 2301 1480 2370 ἐκράτει
1516 2302 1646 2373 περὶ
1665 2303 1761 2355 αύ-

165 2382 271 2436 τοῦ
304 2384 365 2436 ἐν
390 2387 454 2455 τῇ
487 2385 703 2455 ἐρήμῳ.

261 2537 451 2607 Τούτῳ
476 2536 552 2605 τῷ
573 2537 715 2608 ἁγίῳ
745 2538 898 2610 ἀνδρὶ
920 2537 1268 2609 προσηνέχθη
1293 2537 1377 2601 τίς
1407 2555 1537 2592 ποτε
1584 2538 1762 2592 νεανί-

170 2638 310 2684 σκος
339 2619 658 2689 δαιμονιῶν,
702 2621 856 2692 παρὰ
888 2621 989 2691 τῆς
1035 2622 1171 2685 ἰδίας
1209 2621 1415 2693 μητρὸς
1437 2621 1762 2692 ὀλοφυρομέ-

164 2721 273 2775 νης
306 2704 436 2774 περὶ
481 2703 665 2768 αὐτὸν,
719 2705 840 2758 δυσὶ
895 2705 1201 2768 νεανίσκοις
1263 2704 1645 2774 συνδεδεμένος
1700 2707 1759 2773 ἐξ

166 2788 454 2857 ἑκατέρων
499 2787 608 2840 τῶν
657 2789 856 2858 μερῶν.
923 2789 1021 2851 Ὃς
1065 2786 1270 2858 ταύτην
1312 2789 1410 2858 τὴν
1478 2788 1761 2859 ἐνέργειαν

169 2866 368 2939 εἴχενό
386 2869 620 2940 δαίμων,
650 2870 787 2941 μετὰ
811 2870 872 2923 τὸ
898 2872 1095 2940 φαγεῖν
1123 2870 1291 2940 τριῶν
1317 2872 1512 2942 μοδίων
1540 2873 1758 2939 ἄρτους,

171 2953 275 3007 καὶ
311 2957 454 3008 πιεῖν
484 2953 1066 3023 ἀμφορέαΚιλικίσιον
1112 2952 1325 3019 ὕδατος,
1357 2954 1502 3022 άπερ
1531 2955 1757 3025 ἐρευγό-

174 3053 341 3104 μενος
371 3037 452 3100 είς
481 3036 657 3106 ἀτμὸν
715 3036 937 3089 ἀνέλυεν
984 3036 1053 3090 τά
1100 3034 1387 3107 βρώματα.
1434 3035 1621 3099 Οὕτως
1654 3038 1761 3108 γὰρ

171 3119 532 3188 ἀνηλίσκοντο
560 3119 629 3171 τά
660 3119 940 3188 βρωθέντα
964 3119 1094 3189 παρ’
1135 3118 1302 3172 αὐτοῦ
1360 3120 1456 3173 καὶ
1502 3119 1758 3185 ποθέντα,

172 3180 392 3264 (bc-61:6
418 3202 610 3273 πυρός.
646 3180 804 3254 ’Ἔστι
852 3202 961 3274 γὰρ
1015 3180 1109 3256 καὶ
1151 3204 1338 3272 τάγμα
1386 3203 1680 3272 δαιμονίων
1701 3180 1762 3256 τδ
1789 3180 1831 3238 C

172 3284 471 3354 λεγόμενον
490 3284 736 3354 πύρινον.
768 3285 1031 3355 Διαφοραὶ
1055 3288 1164 3357 γάρ
1185 3287 1291 3338 είσι
1315 3286 1423 3339 τῶν
1442 3287 1757 3355 δαιμονίων,

176 3365 371 3438 ὥσπερ
394 3366 489 3421 καὶ
511 3367 618 3421 τῶν
638 3367 735 3421 ἀνθ
746 3366 965 3439 ρώπων,
987 3368 1088 3423 οὐκ
1113 3368 1304 3431 οὐσίας
1330 3369 1759 3440 ἀλλασσομένης,

175 3447 319 3501 ἀλλὰ
384 3448 483 3519 τῆς
523 3449 749 3519 γνώμης
808 3450 1219 3522 ἀλλοιουμένης.
1283 3445 1452 3516 Οῦτος
1498 3452 1677 3507 τοίνυν
1735 3454 1763 3505 6

174 3532 463 3596 νεανίσκος
497 3533 571 3603 μή
602 3535 1019 3604 ἐπαρκούμενος
1036 3535 1191 3605 παρὰ
1211 3536 1313 3605 τῆς
1359 3537 1497 3599 ίδίας
1528 3536 1760 3608 μητρὸς,

176 3614 441 3677 πολλάκις
480 3617 577 3683 τὴν
609 3616 747 3668 ἰδίαν
799 3616 986 3687 ἡσθιεν
1033 3619 1258 3687 κόπρον,
1299 3622 1392 3674 καὶ
1442 3620 1533 3674 τὸν
1568 3621 1761 3675 ἐαυτοῦ

176 3697 365 3750 ἔπινεν
401 3697 582 3766 οῦρον.
613 3698 920 3771 κλαιούσης
950 3696 1043 3753 οῦν
1082 3703 1180 3771 τῆς
1211 3704 1415 3775 μητρὸς
1449 3705 1635 3771 αὐτοῦ,
1669 3707 1763 3759 καὶ

178 3781 388 3849 σφόδρα
422 3781 735 3851 ἁνιωμένης
786 3782 879 3834 ἐπὶ
919 3787 986 3853 τῇ
1028 3788 1284 3856 συμφορᾷ
1338 3787 1636 3858 ἀπορρήτῳ
1667 3788 1760 3841 τοῦ

176 3861 299 3914 υἱοῦ
329 3862 522 3931 αὐτῆς,
553 3864 648 3916 καὶ
680 3864 852 3918 πολλὰ
877 3868 1306 3937 παρακαλούσης
1334 3869 1425 3921 τὸν
1452 3871 1629 3936 ἆγιον,
1666 3871 1762 3922 καὶ

177 3943 462 4015 δεομένης,
510 3945 691 4000 λαϐὼν
747 3950 954 4002 ἐκεῖνον
992 3953 1021 4002 6
1073 3951 1363 4020 ἀήττητος
1393 3952 1634 4021 ἀθλητὴς
1668 3954 1761 4005 τοῦ

178 4027 419 4098 Χριστοῦ
459 4031 769 4101 Μακάριος,
810 4033 1087 4104 ἐπηύξατο
1139 4034 1293 4105 αύτῷ
1331 4036 1424 4088 τὸν
1475 4036 1611 4089 Θεὸν
1652 4040 1765 4089 ἱκε-

178 4109 375 4165 τεύων.
402 4113 514 4165 Καὶ
552 4116 689 4183 μετὰ
723 4115 850 4184 μίαν
896 4118 989 4169 καὶ
1013 4117 1276 4189 δευτέραν
1302 4120 1515 4188 ἡμέραν
1550 4119 1762 4172 ὑπελὼ-

179 4209 353 4275 φησεν
385 4193 473 4247 τοῦ
509 4195 685 4250 δεινοῦ
715 4198 922 4262 πάθους
944 4202 970 4253 6
991 4200 1221 4270 δαίμων.
1247 4202 1411 4270 Λέγει
1436 4199 1529 4263 οῦν
1551 4203 1671 4256 τότε
1694 4207 1758 4275 τῇ

175 4274 273 4327 τοῦ
313 4278 598 4331 νεανίσκου
627 4282 827 4352 μητέρι
850 4285 877 4335 6
905 4284 1058 4351 άγιος
1090 4285 1401 4355 Μακάριος,
1438 4287 1611 4341 Πόσον
1639 4274 1758 4343 ἐθέζ

176 4357 293 4421 λεις
315 4358 516 4413 ἐσθίειν
554 4380 649 4416 σου
675 4364 765 4417 τὸν
791 4365 933 4431 υίόν;
972 4367 1033 4419 Ἡ
1054 4367 1112 4420 δὲ
1136 4370 1474 4440 ἀπεκρίνατο
1502 4371 1758 4439 λέγουσαο

179 4441 390 4527 Δέομαί
421 4462 535 4509 σου,
570 4445 886 4518 δεκάλιτρον
922 4450 1182 4505 κέλευσον
1231 4455 1420 4524 ἄρτου.
1470 4456 1762 4527 Ἐπιτιμὴ-

1890 1869 2180 1935 Αντὼνιος,
2213 1871 2317 1939 ἐφη
2344 1870 2422 1941 τῷ
2456 1869 2747 1937 Μακαρίῳ,
2792 1870 2923 1923 Ἰδοὺ
2958 1870 3343 1923 ἀναπέπαυται
3384 1867 3446 1922 τὸ

1863 1953 2089 2023 Πνεῦμα
2115 1955 2206 2005 ἐπὶ
2234 1956 2313 2021 σὲ,
2350 1956 2445 2007 καὶ
2471 1956 2572 2029 ἐσῃ
2603 1972 2695 2026 μοι
2724 1955 2912 2008 λοιπὸν
2937 1954 3044 2010 τῶν
3062 1954 3212 2025 ἐμῶν
3235 1955 3446 2025 ἀρετῶν

1863 2037 2220 2109 κληρονόμος.
3158 2050 3159 2057 “

1946 2182 2187 2237 Ἐκεῖθεν
2226 2183 2390 2239 πάλιν
2447 2186 2611 2239 αὐτὸν
2658 2185 2687 2238 6
2740 2184 2989 2249 διάϐολος
3046 2174 3210 2253 εὗρεν
3256 2184 3315 2237 ἐν
3379 2185 3447 2256 τῇ

1863 2268 2057 2338 ἐρήμῳ
2083 2269 2204 2322 λίαν
2252 2272 2577 2341 κεκμηκὸτα
2601 2268 2680 2339 τῷ
2733 2269 2970 2339 σώματι,
3007 2270 3103 2321 καί
3144 2285 3279 2339 φησι
3313 2268 3452 2338 πρὸς

1864 2351 2045 2403 αὐτόν·
2087 2352 2216 2404 Ἰδοὺ
2249 2352 2347 2423 τὴν
2384 2354 2543 2424 χάριν
2570 2352 2799 2423 εἴληφας
2851 2352 3161 2405 Ἀντωνίου.
3204 2352 3268 2404 Τί
3314 2352 3452 2421 δῆτα

1870 2433 1946 2503 μὴ
1974 2435 2244 2505 κέχρησαι
2271 2434 2349 2505 τῷ
2394 2436 2707 2505 άξιώματι;
2751 2433 2847 2486 καὶ
2898 2435 3070 2497 αἰτεῖς
3107 2434 3261 2505 παρά
3310 2434 3447 2487 Θεοῦ

1865 2517 2130 2588 βρώματα
2187 2521 2279 2572 καὶ
2321 2520 2473 2588 ἰσχὺν
2533 2520 2668 2589 πρὸς
2724 2518 2823 2589 τὴν
2876 2516 3227 2589 ὀδοιπορίαν;
3282 2518 3340 2572 Ὀ
3392 2518 3450 2572 δέ

1863 2619 1997 2672 φησι
2028 2603 2163 2673 πρὸς
2193 2603 2389 2656 αὐτόν’
2452 2604 2628 2672 Ἰ-σχύς
2667 2622 2767 2675 μου
2823 2604 2918 2657 καὶ
2969 2602 3204 2675 ὖμνησίς
3268 2620 3370 2674 μου
3419 2604 3448 2657 6

1863 2688 2067 2756 Κύριός
2108 2690 2255 2739 ἐστιν
2286 2704 2301 2717 ⁸
2329 2688 2393 2740 σὺ
2426 2689 2482 2740 δέ
2514 2689 2613 2741 ούκ
2637 2688 2991 2759 ἐκπειράσεις
3024 2690 3114 2742 τὸν
3138 2688 3324 2742 δοῦλον
3353 2687 3447 2740 τοῦ

1862 2771 2022 2825 Θεοῦ.
2054 2773 2205 2824 Ποιεί
2231 2766 2324 2825 οὖν
2355 2772 2627 2842 φαντασίᾳ
2661 2775 2688 2825 6
2720 2773 2965 2835 διάϐολος
3003 2774 3249 2843 κάμηλον
3283 2770 3449 2840 ἀχθο-

1864 2855 2029 2924 φόρον
2067 2854 2153 2907 διά
2198 2855 2297 2925 τῆς
2345 2855 2555 2925 ἐρήμου
2601 2854 2971 2926 πλαζομένην,
3005 2855 3233 2926 ἔχουσαν
3270 2858 3448 2907 πάντα

1862 2939 1933 2992 τὰ
1972 2938 2108 3009 πρὸς
2146 2938 2243 3008 τὴν
2279 2938 2469 3008 χρείαν
2496 2939 2780 3008 ἐπιτήδεια
2801 2956 2816 2971 ο
2840 2939 2960 3009 ἥτις
2991 2939 3174 2991 ἰδοῦσα
3202 2940 3292 2992 τὸν
3321 2942 3446 2992 Μα-

1863 3022 2057 3092 κάριον
2093 3021 2403 3092 ἔμπροσθεν
2443 3022 2607 3074 αὐτοῦ
2648 3021 2927 3076 ἐκάθισεν.
2976 3021 3035 3073 Ὀ
3067 3022 3125 3075 δὲ
3154 3022 3441 3075 ὑπολαϐὼν

1864 3106 1993 3158 αὐτὸ
2024 3106 2316 3175 φάντασμα
2345 3102 2506 3170 εἶναι,
2535 3107 2671 3176 ὅπερ
2705 3107 2799 3159 καὶ
2818 3101 2910 3176 ἦν,
2936 3107 3066 3177 ἔστη
3096 3109 3175 3171 εἰς
3212 3123 3449 3178 προσευ-

1865 3196 1998 3265 χήν’
2034 3195 2148 3265 ἡδὲ
2182 3194 2345 3257 εὐθὺς
2382 3196 2462 3258 είς
2492 3196 2589 3264 τὴν
2628 3196 2732 3265 γῆν
2761 3196 3063 3266 κατεπόθη.

1936 3272 2105 3340 Οὗτος
2144 3276 2285 3348 ἀνὴρ
2307 3279 2589 3348 Μακάριος
2610 3280 2885 3342 πολιτικὸς
2907 3279 3170 3349 ὑπάρχων
3193 3282 3443 3353 συνήφθη

1864 3361 1995 3413 ποτὲ
2022 3360 2097 3430 τῷ
2136 3360 2357 3431 μεγάλῳ
2380 3362 2674 3433 Μακαρίῳ,
2708 3364 2803 3416 καὶ
2832 3362 2907 3427 ὡς
2958 3363 3184 3433 ἔμελλον
3222 3365 3447 3435 διαπορ-

1865 3445 2086 3517 θμεύειν
2111 3444 2201 3497 τὸν
2230 3446 2442 3509 Νεῖλον,
2472 3446 2670 3516 συνέϐη
2690 3446 2952 3499 εἰσελθεῖν
2975 3448 3173 3511 αὐτοὺς
3206 3452 3286 3510 εἰς
3315 3467 3451 3519 πορ·

1865 3532 2052 3601 θμεῖον
2089 3530 2363 3600 μέγιστον,
2400 3532 2458 3582 ἐν
2492 3523 2535 3596 ᾧ
2561 3529 2836 3599 τριϐούνοί
2884 3547 3027 3592 τινες
3056 3530 3197 3600 μετὰ
3249 3531 3449 3586 πολλοῦ

1863 3615 2077 3684 κόμπου
2103 3614 2547 3684 είσεληλύθησαν,
2579 3613 2751 3684 ρέδιον
2775 3614 2991 3682 ἔχοντες
3018 3613 3331 3683 ὁλόχαλκον,
3353 3616 3450 3669 καὶ

1862 3698 2286 3771 χρυσοχαλίνους
2337 3698 2558 3762 ἵππους,
2597 3696 2691 3748 καὶ
2721 3696 3054 3766 δορυφόρους
3084 3699 3238 3761 τινάς
3283 3716 3451 3769 στρα-

1863 3788 2083 3851 τιώτας,
2116 3788 2203 3841 καὶ
2238 3786 2588 3857 κλοιοφόρους
2638 3786 2832 3848 παῖδας
2861 3784 3240 3855 χρυσοζώνους
3272 3785 3445 3849 τινάς.

1876 3870 1962 3933 Ὠς
1992 3866 2085 3924 οῦν
2116 3870 2223 3923 ίδον
2277 3872 2402 3933 τοὺς
2440 3870 2708 3940 μοναχοὺς
2754 3870 2803 3921 οἱ
2837 3868 3108 3937 τριϐοῦνοι
3146 3870 3288 3938 ῥάκη
3341 3886 3449 3921 πα-

1863 3953 1991 4006 λαιὰ
2020 3953 2421 4024 ἐνδεδυμένους,
2455 3954 2551 4006 καὶ
2574 3951 2920 4024 καθημένους
2965 3953 3044 4014 εἰς
3077 3952 3179 4021 τὴν
3220 3953 3446 4019 γωνίαν,

1863 4037 2201 4108 ἐμακάριζον
2238 4039 2419 4092 αὐτῶν
2466 4037 2565 4107 τὴν
2594 4036 2895 4089 εὐτέλειαν.
2951 4032 3046 4098 Ε’ίς
3075 4035 3131 4087 δὲ
3176 4035 3235 4099 ἐξ
3265 4036 3445 4089 αὐτῶν

1861 4121 1971 4194 τῶν
2017 4120 2316 4193 τριϐούνων
2370 4121 2474 4191 ἔφη
2520 4120 2661 4189 πρὸς
2701 4119 2939 4182 αὐτοὺς,
2994 4117 3276 4185 Μακάριοι
3319 4118 3445 4170 ἐστε

1863 4208 2021 4277 ὑμεῖς
2053 4207 2102 4259 οἱ
2135 4205 2215 4275 τῷ
2258 4205 2452 4274 κόσμῳ
2500 4204 2887 4274 ἐμπαίξαντες.
2934 4202 3279 4272 Ἀποκριθεὶς
3321 4202 3377 4255 δὲ
3416 4204 3446 4256 6

1864 4290 2137 4352 πολιτικὸς
2171 4288 2478 4358 Μακάριος,
2513 4283 2635 4340 εἷπε
2670 4286 2809 4358 πρὸς
2842 4284 3061 4349 αὐτούς·
3115 4286 3310 4354 Ἡμεῖς
3346 4285 3447 4355 μὲν

1861 4375 1938 4445 τῷ
1977 4375 2167 4446 κόσμῳ
2190 4372 2580 4441 ἐνεπαίξαμεν,
2606 4372 2737 4440 ὑμῖν
2766 4370 2823 4423 δέ
2845 4372 2873 4423 ό
2903 4370 3105 4440 κόσμος
3133 4368 3442 4433 ἐνέπαιξεν.

1866 4458 2105 4512 Γίνωσκε
2128 4459 2184 4511 δὲ
2214 4458 2298 4511 ὅτι
2343 4457 2440 4525 οὐχ
2481 4453 2647 4521 ἑκὼν,
2698 4453 2837 4506 ἀλλά
2893 4451 3256 4524 προφητεύων
3287 4453 3447 4509 τοῦτο

178 4542 280 4615 σας
310 4525 367 4579 δὲ
397 4527 535 4615 αύτῇ
572 4529 926 4615 σφοδρῶς-ῶς
959 4534 1094 4587 πολὺ
1127 4536 1414 4605 είρηκυίας
1437 4577 1451 4600 ,
1482 4525 1664 4601 εἶπεν,
1691 4525 1761 4592 Ὦ
1792 4526 1838 4583 Ῑ)
1867 4546 2120 4615 εἴρηκας.
2176 4541 2503 4611 Ἀμφότεροι
2547 4539 2655 4610 γὰρ
2691 4540 2956 4610 μακάριοι
2990 4539 3323 4608 καλούμεθα.
3385 4539 3446 4594 Ὀ

173 4607 363 4677 γύναι,
408 4609 461 4662 τί
542 4610 699 4663 τοῦτο
750 4613 1052 4683 ἐλάλησας;
1108 4618 1221 4670 Καὶ
1255 4618 1627 4690 ἐπευξάμενος
1682 4624 1759 4693 τῷ

175 4693 451 4763 νεανίσκῳ
484 4693 626 4747 ἑπτά
646 4694 888 4766 ἡμέραις
923 4699 1063 4766 μετὰ
1085 4700 1362 4769 νηστείας,
1388 4703 1481 4755 καὶ
1500 4703 1760 4769 ἐξελάσας

175 4776 267 4830 ἐπ’
296 4775 466 4830 αὑτοῦ
515 4776 609 4829 τὸν
644 4777 920 4850 ἀλάστορα
964 4780 1197 4849 δαίμονα
1253 4783 1353 4854 τῆς
1390 4786 1757 4856 πολυφαγίας,

180 4861 411 4931 ἔστησεν
444 4859 594 4930 αὐτῷ
628 4862 729 4931 τὴν
757 4861 968 4916 δίαιταν
1000 4863 1101 4933 τῆς
1130 4867 1341 4936 τροφῆς
1370 4870 1450 4931 είς
1482 4870 1761 4940 τρίλιτρον

178 4942 368 5010 ἄρτου,
399 4944 476 5006 ὡς
498 4943 732 5011 ὀφείλειν
758 4945 922 4999 αὐτὸν
954 4946 1324 5017 ἐργαζόμενον
1353 4950 1510 5004 τοῦτο
1536 4953 1758 5009 ἐσθίειν.

181 5024 292 5077 Καὶ
319 5025 490 5091 τούτῳ
522 5025 599 5095 τῷ
642 5026 830 5098 τρόπῳ
876 5032 941 5097 τῇ
994 5029 1087 5082 τοῦ
1140 5031 1276 5084 Θεοῦ
1325 5033 1509 5104 χάριτι
1558 5037 1652 5089 καὶ
1692 5040 1759 5108 τῇ

182 5108 498 5178 θεοφορήτῳ
517 5110 681 5162 αὑτοῦ
704 5111 952 5183 πολιτείᾳ
976 5114 1434 5186 ἁποθεραπεύσας
1454 5118 1545 5171 τὸν
1568 5121 1757 5188 παῖδα,

182 5192 465 5274 ἀπέδωκεν
492 5194 557 5262 τῇ
595 5194 794 5265 μητέρι
841 5196 870 5248 6
921 5197 1100 5267 πάσης
1126 5199 1450 5271 δαιμονικῆς
1477 5205 1760 5274 ἐνεργείας

181 5272 652 5358 ἀνανταγῴνιστος
717 5276 811 5330 τοῦ
862 5279 1102 5349 Χριστοῦ
1159 5282 1398 5353 ἀθλητὴς
1451 5272 1758 5358 Μακάριος.

180 5355 366 5409 Ταῦτα
392 5356 459 5408 τά
483 5357 761 5427 παράδοξα
780 5358 1035 5430 θαύματα
1064 5366 1359 5435 πεποίηκεν
1374 5368 1401 5420 6
1417 5367 1552 5432 Θεὸς
1565 5355 1652 5423 διά
1666 5370 1759 5423 τοῦ

181 5438 375 5523 ἐαυτοῦ
388 5438 612 5523 γνησίου
646 5441 799 5509 φίλου
828 5444 1139 5516 Μακαρίου,
1175 5441 1289 5517 οὗὴ
1322 5449 1586 5513 ἀθάνατος

178 5520 277 5575 νῦν
308 5520 426 5591 μετ’
453 5522 701 5592 ἀγγέλων
732 5527 868 5581 ἐστί.
891 5528 981 5599 Τῷ
1005 5530 1145 5601 ἁγίῳ
1167 5532 1340 5603 τούτῳ
1371 5532 1479 5601 ἐγὼ
1501 5535 1559 5587 οὐ
1582 5520 1762 5588 συντεξ

174 5604 399 5687 τύχηκα
434 5620 450 5637 ⁸
476 5605 582 5677 πρὸ
627 5609 877 5663 ἐνιαυτοῦ
924 5613 1030 5684 γάρ
1058 5615 1151 5683 τῆς
1199 5617 1278 5679 είς
1317 5615 1519 5687 ἔρημον
1556 5619 1759 5671 εἰσόδου

174 5688 320 5758 ἐμῆς
341 5681 497 5754 οὗτος
522 5689 551 5743 6
591 5690 922 5766 πολεμιστὴς
956 5681 1062 5752 τῶν
1090 5681 1302 5770 ἀλόγων
1332 5681 1519 5757 παθῶν
1554 5703 1762 5758 ἐκεκοί-

181 5788 344 5844 μητο.

1861 4627 1918 4679 δέ
1948 4625 2309 4696 κατανυχθεὶς
2362 4625 2455 4677 ἐπὶ
2479 4621 2557 4693 τῷ
2590 4622 2735 4693 λόγῳ
2771 4622 3022 4676 ἀπελθὼν
3071 4625 3210 4677 οἴκοι
3240 4622 3445 4675 ἀπεδύ-

1865 4728 1994 4765 σατο
2017 4711 2085 4764 τὰ
2108 4711 2318 4780 ἱμάτια,
2345 4710 2440 4763 καὶ
2466 4707 2721 4780 μονάζειν
2750 4710 3023 4781 ῄρὴσατο,
3049 4709 3284 4778 ποιήσας
3314 4706 3445 4759 πολ-

1862 4797 1960 4860 λὰς
1987 4794 2378 4867 ἐλεημοσύνας.

1937 4941 2161 4995 Ἀλλοτε
2210 4941 2269 4995 δὲ
2330 4940 2605 5009 σταφυλῆς
2654 4940 3002 5011 πεμφθείσης
3045 4936 3196 5007 αύτῷ
3244 4954 3445 5010 νεαρας

1862 5027 2267 5098 ἐπιθυμήσαντι
2296 5026 2646 5097 μεταλαϐεῖν,
2677 5023 3088 5091 ἐνδεικνύμενος
3106 5023 3205 5093 τὴν
3234 5024 3443 5094 ἐγκράο

1864 5128 2042 5177 τειαν,
2105 5111 2434 5165 ἀπέστειλεν
2493 5107 2663 5178 αὐτὴν
2714 5108 2850 5177 πρὸς
2899 5105 3127 5176 ἀδελφόν
3182 5124 3303 5161 τινα
3350 5109 3445 5162 κά-

1867 5213 2089 5266 μνοντα,
2128 5196 2227 5248 καὶ
2255 5195 2416 5247 αὐτὸν
2452 5190 2729 5260 σταφυλὴν
2760 5189 3163 5258 ἐπιθυμοῦντα·
3198 5190 3254 5254 ὃς
3284 5191 3442 5255 δεξά-

1868 5297 2025 5349 μενος
2082 5279 2176 5332 καὶ
2231 5279 2352 5332 λίαν
2417 5275 2728 5348 περιχαρὴς
2784 5275 3115 5345 γενόμενος,
3178 5274 3444 5346 κρύπτειν

1863 5363 2056 5417 ἐαυτοῦ
2090 5362 2186 5431 τὴν
2232 5361 2563 5431 ἐγκράτειαν
2599 5359 2943 5428 βουλόμενος,
2978 5359 3115 5428 πρὸς
3155 5358 3312 5412 ἄλλον
3343 5360 3444 5411 αύ-

1861 5450 1958 5518 τὴν
1985 5447 2213 5515 ἀδελφὸν
2237 5444 2646 5510 ἐξαπέστειλεν,
2667 5435 2741 5505 ὥς
2771 5443 2932 5505 αὐτὸς
2961 5444 3271 5514 ἀνορέκτως
3304 5441 3443 5510 ἔχων

1862 5533 1993 5603 περὶ
2022 5532 2082 5584 τὸ
2113 5529 2327 5601 βρῶμα.
2360 5529 2664 5599 Δεξάμενος
2687 5528 2743 5580 δὲ
2774 5526 2937 5581 πάλιν
2965 5522 3215 5585 κακεῖνος
3234 5526 3294 5578 τὸ
3311 5525 3443 5578 αὐτὸ

1862 5613 2153 5685 πεποίηκε,
2195 5614 2316 5667 λίαν
2349 5613 2530 5666 ποθῶν
2574 5612 2667 5666 καὶ
2707 5612 2868 5675 αὐτὸς
2921 5611 3263 5681 μεταλαϐεῖν.
3354 5609 3443 5674 Ὠς

1860 5701 1917 5755 δὲ
1949 5699 2135 5752 λοιπὸν
2167 5700 2248 5761 είς
2275 5698 2505 5761 πολλοὺς
2541 5698 2804 5767 ἀδελφοὺς
2834 5693 2996 5767 ἦλθον
3025 5698 3082 5753 αἱ
3131 5695 3442 5764 σταφυλαὶ,

1834 5848 1839 5853 ,
1868 5784 2094 5857 μηδενὸς
2126 5781 2477 5854 βουληθέντος
2505 5782 2683 5836 αὐτῶν
2710 5780 3055 5854 μεταλαϐεῖν,
3085 5781 3113 5833 6
3133 5780 3442 5844 τελευταῖος
