  <div class='ocr_page' id='page_1' title='image "/cluster/home/n/w/nwhite01/storage/ocr_20150623/34/coo.31924054869312/537.png"; bbox 0 0 4020 6430; ppageno 0'>
   <div class='ocr_carea' id='block_1_1' title="bbox 574 328 708 396">
    <p class='ocr_par' dir='ltr' id='par_1_1' title="bbox 574 328 708 396">
     <span class='ocr_line' id='line_1_1' title="bbox 574 328 708 396; baseline 0.037 -5"><span class='ocrx_word' id='word_1_1' title='bbox 574 328 708 396; x_wconf 78' lang='grc' dir='ltr'>1θ51</span> 
     </span>
    </p>
   </div>
   <div class='ocr_carea' id='block_1_2' title="bbox 2038 315 2396 378">
    <p class='ocr_par' dir='ltr' id='par_1_2' title="bbox 2038 315 2396 378">
     <span class='ocr_line' id='line_1_2' title="bbox 2038 315 2396 378; baseline -0.011 0"><span class='ocrx_word' id='word_1_2' title='bbox 2038 315 2396 378; x_wconf 80' lang='lat' dir='ltr'>PALLADII</span> 
     </span>
    </p>
   </div>
   <div class='ocr_carea' id='block_1_3' title="bbox 3723 316 3847 381">
    <p class='ocr_par' dir='ltr' id='par_1_3' title="bbox 3723 316 3847 381">
     <span class='ocr_line' id='line_1_3' title="bbox 3723 316 3847 381; baseline -0.016 0"><span class='ocrx_word' id='word_1_3' title='bbox 3723 316 3847 381; x_wconf 72' lang='grc'>1052</span> 
     </span>
    </p>
   </div>
   <div class='ocr_carea' id='block_1_4' title="bbox 568 430 3846 514">
    <p class='ocr_par' dir='ltr' id='par_1_4' title="bbox 568 430 3846 514">
     <span class='ocr_line' id='line_1_4' title="bbox 568 430 3846 514; baseline -0.002 -14"><span class='ocrx_word' id='word_1_4' title='bbox 568 435 777 507; x_wconf 77' lang='grc' dir='ltr'>λαϐὼν,</span> <span class='ocrx_word' id='word_1_5' title='bbox 816 441 956 514; x_wconf 76' lang='grc' dir='ltr'>πρὸς</span> <span class='ocrx_word' id='word_1_6' title='bbox 981 440 1270 511; x_wconf 79' lang='grc' dir='ltr'>Μακάρων</span> <span class='ocrx_word' id='word_1_7' title='bbox 1308 439 1471 495; x_wconf 80' lang='grc' dir='ltr'>πάλιν</span> <span class='ocrx_word' id='word_1_8' title='bbox 1520 440 1867 503; x_wconf 78' lang='grc' dir='ltr'>ἀπέστειλεν,</span> <span class='ocrx_word' id='word_1_9' title='bbox 1904 436 1981 500; x_wconf 84' lang='grc' dir='ltr'>ὼς</span> <span class='ocrx_word' id='word_1_10' title='bbox 2013 438 2155 505; x_wconf 81' lang='grc' dir='ltr'>μέγα</span> <span class='ocrx_word' id='word_1_11' title='bbox 2188 441 2233 497; x_wconf 76' lang='grc' dir='ltr'><strong>Α</strong></span> <span class='ocrx_word' id='word_1_12' title='bbox 2263 432 2573 503; x_wconf 75' lang='grc' dir='ltr'>ὑπερϐολὴν</span> <span class='ocrx_word' id='word_1_13' title='bbox 2614 430 2711 501; x_wconf 75' lang='grc' dir='ltr'>τῆς</span> <span class='ocrx_word' id='word_1_14' title='bbox 2756 431 2953 501; x_wconf 80' lang='grc' dir='ltr'>ἀτίμου</span> <span class='ocrx_word' id='word_1_15' title='bbox 3015 431 3212 504; x_wconf 81' lang='grc' dir='ltr'>τέχνης</span> <span class='ocrx_word' id='word_1_16' title='bbox 3252 433 3449 488; x_wconf 73' lang='grc' dir='ltr'>αὗτῶν-</span> <span class='ocrx_word' id='word_1_17' title='bbox 3483 432 3667 488; x_wconf 76' lang='grc' dir='ltr'>Τοῦτο</span> <span class='ocrx_word' id='word_1_18' title='bbox 3718 436 3846 491; x_wconf 75' lang='grc' dir='ltr'>δὲτὸ</span> 
     </span>
    </p>
   </div>
   <div class='ocr_carea' id='block_1_5' title="bbox 571 531 2162 609">
    <p class='ocr_par' dir='ltr' id='par_1_5' title="bbox 571 531 2162 609">
     <span class='ocr_line' id='line_1_5' title="bbox 571 531 2162 609; baseline -0.006 -17"><span class='ocrx_word' id='word_1_19' title='bbox 571 538 749 608; x_wconf 88' lang='grc' dir='ltr'>δῶρον</span> <span class='ocrx_word' id='word_1_20' title='bbox 775 535 924 606; x_wconf 86' lang='grc' dir='ltr'>αύτῷ</span> <span class='ocrx_word' id='word_1_21' title='bbox 952 536 1337 609; x_wconf 80' lang='grc' dir='ltr'>χαριζόμενος.</span> <span class='ocrx_word' id='word_1_22' title='bbox 1381 533 1669 602; x_wconf 75' lang='grc' dir='ltr'>Ἐπιγνοὺς</span> <span class='ocrx_word' id='word_1_23' title='bbox 1695 533 1752 585; x_wconf 82' lang='grc' dir='ltr'>δὲ</span> <span class='ocrx_word' id='word_1_24' title='bbox 1780 531 1953 594; x_wconf 85' lang='grc' dir='ltr'>αύτάς</span> <span class='ocrx_word' id='word_1_25' title='bbox 1984 533 2011 583; x_wconf 95' lang='lat'>6</span> <span class='ocrx_word' id='word_1_26' title='bbox 2040 531 2162 584; x_wconf 85' lang='grc' dir='ltr'>Μα-</span> 
     </span>
    </p>
   </div>
   <div class='ocr_carea' id='block_1_6' title="bbox 574 623 2161 700">
    <p class='ocr_par' dir='ltr' id='par_1_6' title="bbox 574 623 2161 700">
     <span class='ocr_line' id='line_1_6' title="bbox 574 623 2161 700; baseline -0.005 -17"><span class='ocrx_word' id='word_1_27' title='bbox 574 629 767 700; x_wconf 86' lang='grc' dir='ltr'>κάριος</span> <span class='ocrx_word' id='word_1_28' title='bbox 784 629 878 681; x_wconf 72' lang='grc' dir='ltr'>καὶ</span> <span class='ocrx_word' id='word_1_29' title='bbox 898 628 1462 699; x_wconf 78' lang='grc' dir='ltr'>πολυπραγμονήσας,</span> <span class='ocrx_word' id='word_1_30' title='bbox 1485 626 1799 697; x_wconf 73' lang='grc' dir='ltr'>ἐθαύμασεν</span> <span class='ocrx_word' id='word_1_31' title='bbox 1820 623 2161 695; x_wconf 81' lang='grc' dir='ltr'>εὐχαριστῶν</span> 
     </span>
    </p>
   </div>
   <div class='ocr_carea' id='block_1_7' title="bbox 574 715 2162 791">
    <p class='ocr_par' dir='ltr' id='par_1_7' title="bbox 574 715 2162 791">
     <span class='ocr_line' id='line_1_7' title="bbox 574 715 2162 791; baseline -0.004 -18"><span class='ocrx_word' id='word_1_32' title='bbox 574 721 655 791; x_wconf 85' lang='grc' dir='ltr'>τῷ</span> <span class='ocrx_word' id='word_1_33' title='bbox 687 721 879 791; x_wconf 80' lang='grc' dir='ltr'>Κυρίῳ</span> <span class='ocrx_word' id='word_1_34' title='bbox 935 720 1030 771; x_wconf 78' lang='grc' dir='ltr'>ἐπὶ</span> <span class='ocrx_word' id='word_1_35' title='bbox 1085 722 1149 789; x_wconf 82' lang='grc' dir='ltr'>τῇ</span> <span class='ocrx_word' id='word_1_36' title='bbox 1192 719 1419 789; x_wconf 84' lang='grc' dir='ltr'>τοιαύτῃ</span> <span class='ocrx_word' id='word_1_37' title='bbox 1465 719 1646 771; x_wconf 82' lang='grc' dir='ltr'>αὐτῶν</span> <span class='ocrx_word' id='word_1_38' title='bbox 1701 716 2023 788; x_wconf 72' lang='grc' dir='ltr'>ἐγκρατείᾳ,</span> <span class='ocrx_word' id='word_1_39' title='bbox 2067 715 2162 768; x_wconf 73' lang='grc' dir='ltr'>καὶ</span> 
     </span>
    </p>
   </div>
   <div class='ocr_carea' id='block_1_8' title="bbox 574 810 1671 881">
    <p class='ocr_par' dir='ltr' id='par_1_8' title="bbox 574 810 1671 881">
     <span class='ocr_line' id='line_1_8' title="bbox 574 810 1671 881; baseline 0 -18"><span class='ocrx_word' id='word_1_40' title='bbox 574 811 697 865; x_wconf 76' lang='grc' dir='ltr'>οὐδὲ</span> <span class='ocrx_word' id='word_1_41' title='bbox 733 812 897 875; x_wconf 75' lang='grc' dir='ltr'>αὐτὸς</span> <span class='ocrx_word' id='word_1_42' title='bbox 926 810 1108 865; x_wconf 84' lang='grc' dir='ltr'>αὐτῶν</span> <span class='ocrx_word' id='word_1_43' title='bbox 1142 813 1283 875; x_wconf 86' lang='grc' dir='ltr'>τέως</span> <span class='ocrx_word' id='word_1_44' title='bbox 1316 812 1671 881; x_wconf 82' lang='grc' dir='ltr'>μετείληφεν.</span> 
     </span>
    </p>
   </div>
   <div class='ocr_carea' id='block_1_9' title="bbox 674 899 2162 973">
    <p class='ocr_par' dir='ltr' id='par_1_9' title="bbox 674 899 2162 973">
     <span class='ocr_line' id='line_1_9' title="bbox 674 899 2162 973; baseline -0.003 -16"><span class='ocrx_word' id='word_1_45' title='bbox 674 903 739 957; x_wconf 85' lang='lat' dir='ltr'>&#39;H</span> <span class='ocrx_word' id='word_1_46' title='bbox 782 903 883 973; x_wconf 82' lang='grc' dir='ltr'>μὲν</span> <span class='ocrx_word' id='word_1_47' title='bbox 908 900 1001 955; x_wconf 85' lang='grc' dir='ltr'>οὖν</span> <span class='ocrx_word' id='word_1_48' title='bbox 1034 903 1268 973; x_wconf 76' lang='grc' dir='ltr'>ἄσκησις</span> <span class='ocrx_word' id='word_1_49' title='bbox 1319 902 1415 955; x_wconf 89' lang='grc' dir='ltr'>τοῦ</span> <span class='ocrx_word' id='word_1_50' title='bbox 1475 902 1714 973; x_wconf 83' lang='grc' dir='ltr'>μεγάλου</span> <span class='ocrx_word' id='word_1_51' title='bbox 1743 899 2057 972; x_wconf 85' lang='grc' dir='ltr'>Μακαρίου,</span> <span class='ocrx_word' id='word_1_52' title='bbox 2093 900 2162 970; x_wconf 80' lang='grc' dir='ltr'>ἣν</span> 
     </span>
    </p>
   </div>
   <div class='ocr_carea' id='block_1_10' title="bbox 576 988 2159 1065">
    <p class='ocr_par' dir='ltr' id='par_1_10' title="bbox 576 988 2159 1065">
     <span class='ocr_line' id='line_1_10' title="bbox 576 988 2159 1065; baseline -0.001 -19"><span class='ocrx_word' id='word_1_53' title='bbox 576 992 689 1061; x_wconf 89' lang='grc' dir='ltr'>ἐγὼ</span> <span class='ocrx_word' id='word_1_54' title='bbox 709 994 805 1048; x_wconf 73' lang='grc' dir='ltr'>καὶ</span> <span class='ocrx_word' id='word_1_55' title='bbox 838 994 1024 1047; x_wconf 83' lang='grc' dir='ltr'>πολλοὶ</span> <span class='ocrx_word' id='word_1_56' title='bbox 1068 994 1198 1063; x_wconf 75' lang='grc' dir='ltr'>παρ’</span> <span class='ocrx_word' id='word_1_57' title='bbox 1230 993 1379 1064; x_wconf 78' lang='grc' dir='ltr'>αὐτῷ</span> <span class='ocrx_word' id='word_1_58' title='bbox 1420 994 1835 1065; x_wconf 79' lang='grc' dir='ltr'>ήκριϐώσαμεν,</span> <span class='ocrx_word' id='word_1_59' title='bbox 1878 988 1946 1061; x_wconf 77' lang='grc' dir='ltr'>ἦν</span> <span class='ocrx_word' id='word_1_60' title='bbox 1997 992 2159 1059; x_wconf 84' lang='grc' dir='ltr'>αῦτη.</span> 
     </span>
    </p>
   </div>
   <div class='ocr_carea' id='block_1_11' title="bbox 577 1085 2163 1155">
    <p class='ocr_par' dir='ltr' id='par_1_11' title="bbox 577 1085 2163 1155">
     <span class='ocr_line' id='line_1_11' title="bbox 577 1085 2163 1155; baseline -0.001 -18"><span class='ocrx_word' id='word_1_61' title='bbox 577 1086 647 1139; x_wconf 79' lang='grc' dir='ltr'>Εἴ</span> <span class='ocrx_word' id='word_1_62' title='bbox 665 1104 717 1138; x_wconf 90' lang='grc' dir='ltr'>τι</span> <span class='ocrx_word' id='word_1_63' title='bbox 748 1087 986 1155; x_wconf 85' lang='grc' dir='ltr'>ἀκήκοεν</span> <span class='ocrx_word' id='word_1_64' title='bbox 1016 1086 1240 1138; x_wconf 87' lang='grc' dir='ltr'>πώποτέ</span> <span class='ocrx_word' id='word_1_65' title='bbox 1270 1104 1393 1139; x_wconf 91' lang='grc' dir='ltr'>τινα</span> <span class='ocrx_word' id='word_1_66' title='bbox 1426 1086 1769 1155; x_wconf 83' lang='grc' dir='ltr'>πεποιηκότα</span> <span class='ocrx_word' id='word_1_67' title='bbox 1796 1085 1957 1154; x_wconf 74' lang='grc' dir='ltr'>ἔργον</span> <span class='ocrx_word' id='word_1_68' title='bbox 1983 1085 2163 1154; x_wconf 84' lang='grc' dir='ltr'>ἀσκή-</span> 
     </span>
    </p>
   </div>
   <div class='ocr_carea' id='block_1_12' title="bbox 579 1178 1887 1248">
    <p class='ocr_par' dir='ltr' id='par_1_12' title="bbox 579 1178 1887 1248">
     <span class='ocr_line' id='line_1_12' title="bbox 579 1178 1887 1248; baseline -0.002 -15"><span class='ocrx_word' id='word_1_69' title='bbox 579 1196 737 1242; x_wconf 82' lang='grc' dir='ltr'>σεως,</span> <span class='ocrx_word' id='word_1_70' title='bbox 763 1178 1043 1248; x_wconf 90' lang='grc' dir='ltr'>διαπύρως</span> <span class='ocrx_word' id='word_1_71' title='bbox 1065 1178 1282 1241; x_wconf 82' lang='grc' dir='ltr'>πάντως</span> <span class='ocrx_word' id='word_1_72' title='bbox 1310 1178 1469 1232; x_wconf 88' lang='grc' dir='ltr'>τοῦτο</span> <span class='ocrx_word' id='word_1_73' title='bbox 1499 1178 1887 1248; x_wconf 85' lang='grc' dir='ltr'>κατώρθωσεν.</span> 
     </span>
    </p>
   </div>
   <div class='ocr_carea' id='block_1_13' title="bbox 662 1266 2162 1337">
    <p class='ocr_par' dir='ltr' id='par_1_13' title="bbox 662 1266 2162 1337">
     <span class='ocr_line' id='line_1_13' title="bbox 662 1266 2162 1337; baseline -0.003 -15"><span class='ocrx_word' id='word_1_74' title='bbox 662 1268 925 1331; x_wconf 80' lang='grc' dir='ltr'>Ἀκούσας</span> <span class='ocrx_word' id='word_1_75' title='bbox 957 1268 1051 1321; x_wconf 80' lang='grc' dir='ltr'>οῦν</span> <span class='ocrx_word' id='word_1_76' title='bbox 1103 1269 1255 1337; x_wconf 83' lang='grc' dir='ltr'>παρά</span> <span class='ocrx_word' id='word_1_77' title='bbox 1285 1285 1448 1322; x_wconf 85' lang='grc' dir='ltr'>τινων</span> <span class='ocrx_word' id='word_1_78' title='bbox 1480 1270 1564 1322; x_wconf 85' lang='grc' dir='ltr'>ὅτι</span> <span class='ocrx_word' id='word_1_79' title='bbox 1612 1268 1661 1320; x_wconf 85' lang='grc' dir='ltr'>οί</span> <span class='ocrx_word' id='word_1_80' title='bbox 1715 1266 2162 1336; x_wconf 82' lang='grc' dir='ltr'>Ταϐεννησιῶται</span> 
     </span>
    </p>
   </div>
   <div class='ocr_carea' id='block_1_14' title="bbox 578 1360 2158 1433">
    <p class='ocr_par' dir='ltr' id='par_1_14' title="bbox 578 1360 2158 1433">
     <span class='ocr_line' id='line_1_14' title="bbox 578 1360 2158 1433; baseline -0.001 -20"><span class='ocrx_word' id='word_1_81' title='bbox 578 1360 666 1415; x_wconf 87' lang='grc' dir='ltr'>διά</span> <span class='ocrx_word' id='word_1_82' title='bbox 714 1361 897 1431; x_wconf 83' lang='grc' dir='ltr'>πάσης</span> <span class='ocrx_word' id='word_1_83' title='bbox 949 1361 1051 1429; x_wconf 81' lang='grc' dir='ltr'>τῆς</span> <span class='ocrx_word' id='word_1_84' title='bbox 1097 1362 1559 1433; x_wconf 80' lang='grc' dir='ltr'>Τεσσαρακοστῆς</span> <span class='ocrx_word' id='word_1_85' title='bbox 1608 1362 1879 1415; x_wconf 72' lang='grc' dir='ltr'>ἐσθίουσιν</span> <span class='ocrx_word' id='word_1_86' title='bbox 1929 1362 2158 1430; x_wconf 81' lang='grc' dir='ltr'>ἄπυρον,</span> 
     </span>
    </p>
   </div>
   <div class='ocr_carea' id='block_1_15' title="bbox 580 1447 2159 1524">
    <p class='ocr_par' dir='ltr' id='par_1_15' title="bbox 580 1447 2159 1524">
     <span class='ocr_line' id='line_1_15' title="bbox 580 1447 2159 1524; baseline 0.001 -20"><span class='ocrx_word' id='word_1_87' title='bbox 580 1452 793 1521; x_wconf 78' lang='grc' dir='ltr'>ἔκρινεν</span> <span class='ocrx_word' id='word_1_88' title='bbox 821 1447 978 1515; x_wconf 78' lang='grc' dir='ltr'>οὗτος</span> <span class='ocrx_word' id='word_1_89' title='bbox 1009 1454 1037 1504; x_wconf 97' lang='lat'>6</span> <span class='ocrx_word' id='word_1_90' title='bbox 1062 1451 1218 1519; x_wconf 77' lang='grc' dir='ltr'>ἅγιος</span> <span class='ocrx_word' id='word_1_91' title='bbox 1248 1454 1339 1505; x_wconf 78' lang='grc' dir='ltr'>ἐπὶ</span> <span class='ocrx_word' id='word_1_92' title='bbox 1366 1454 1660 1507; x_wconf 75' lang='grc' dir='ltr'>ἑπταετίαν</span> <span class='ocrx_word' id='word_1_93' title='bbox 1687 1454 1775 1507; x_wconf 76' lang='grc' dir='ltr'>διὰ</span> <span class='ocrx_word' id='word_1_94' title='bbox 1813 1453 1985 1524; x_wconf 79' lang='grc' dir='ltr'>πυρὸς</span> <span class='ocrx_word' id='word_1_95' title='bbox 2009 1454 2159 1521; x_wconf 89' lang='grc' dir='ltr'>διερ-</span> 
     </span>
    </p>
   </div>
   <div class='ocr_carea' id='block_1_16' title="bbox 578 1541 2161 1612">
    <p class='ocr_par' dir='ltr' id='par_1_16' title="bbox 578 1541 2161 1612">
     <span class='ocr_line' id='line_1_16' title="bbox 578 1541 2161 1612; baseline -0.001 -18"><span class='ocrx_word' id='word_1_96' title='bbox 578 1541 809 1611; x_wconf 83' lang='grc' dir='ltr'>χόμενον</span> <span class='ocrx_word' id='word_1_97' title='bbox 845 1541 921 1611; x_wconf 84' lang='grc' dir='ltr'>μὴ</span> <span class='ocrx_word' id='word_1_98' title='bbox 957 1544 1153 1608; x_wconf 85' lang='grc' dir='ltr'>φαγεῖν</span> <span class='ocrx_word' id='word_1_99' title='bbox 1174 1556 1188 1570; x_wconf 76' lang='grc' dir='ltr'>ο</span> <span class='ocrx_word' id='word_1_100' title='bbox 1223 1542 1365 1611; x_wconf 82' lang='grc' dir='ltr'>πλὴν</span> <span class='ocrx_word' id='word_1_101' title='bbox 1390 1541 1639 1612; x_wconf 80' lang='grc' dir='ltr'>λαχάνων</span> <span class='ocrx_word' id='word_1_102' title='bbox 1662 1542 1851 1612; x_wconf 87' lang='grc' dir='ltr'>ὠμῶν,</span> <span class='ocrx_word' id='word_1_103' title='bbox 1878 1543 2080 1596; x_wconf 76' lang='grc' dir='ltr'>εἴποτε</span> <span class='ocrx_word' id='word_1_104' title='bbox 2105 1541 2161 1594; x_wconf 84' lang='grc' dir='ltr'>δὲ</span> 
     </span>
    </p>
   </div>
   <div class='ocr_carea' id='block_1_17' title="bbox 578 1633 2160 1706">
    <p class='ocr_par' dir='ltr' id='par_1_17' title="bbox 578 1633 2160 1706">
     <span class='ocr_line' id='line_1_17' title="bbox 578 1633 2160 1706; baseline 0 -20"><span class='ocrx_word' id='word_1_105' title='bbox 578 1634 674 1686; x_wconf 78' lang='grc' dir='ltr'>καὶ</span> <span class='ocrx_word' id='word_1_106' title='bbox 707 1634 1006 1703; x_wconf 81' lang='grc' dir='ltr'>παρεῦρεν,</span> <span class='ocrx_word' id='word_1_107' title='bbox 1042 1634 1394 1704; x_wconf 79' lang='grc' dir='ltr'>ήὸσπριδίων</span> <span class='ocrx_word' id='word_1_108' title='bbox 1428 1633 1697 1706; x_wconf 83' lang='grc' dir='ltr'>βρεκτῶν,</span> <span class='ocrx_word' id='word_1_109' title='bbox 1741 1634 1969 1706; x_wconf 78' lang='grc' dir='ltr'>μηδενὸς</span> <span class='ocrx_word' id='word_1_110' title='bbox 1998 1634 2160 1689; x_wconf 83' lang='grc' dir='ltr'>ἀλλου</span> 
     </span>
    </p>
   </div>
   <div class='ocr_carea' id='block_1_18' title="bbox 580 1724 2162 1796">
    <p class='ocr_par' dir='ltr' id='par_1_18' title="bbox 580 1724 2162 1796">
     <span class='ocr_line' id='line_1_18' title="bbox 580 1724 2162 1796; baseline 0.001 -21"><span class='ocrx_word' id='word_1_111' title='bbox 580 1724 922 1793; x_wconf 82' lang='grc' dir='ltr'>γευσάμενος</span> <span class='ocrx_word' id='word_1_112' title='bbox 953 1726 1009 1777; x_wconf 90' lang='grc' dir='ltr'>ἐν</span> <span class='ocrx_word' id='word_1_113' title='bbox 1045 1726 1277 1788; x_wconf 77' lang='grc' dir='ltr'>ἐκείνοις</span> <span class='ocrx_word' id='word_1_114' title='bbox 1320 1727 1434 1788; x_wconf 84' lang='grc' dir='ltr'>τοῖς</span> <span class='ocrx_word' id='word_1_115' title='bbox 1464 1724 1603 1777; x_wconf 82' lang='grc' dir='ltr'>ἐπτά</span> <span class='ocrx_word' id='word_1_116' title='bbox 1628 1726 1826 1778; x_wconf 85' lang='grc' dir='ltr'>ἐτεσιν.</span> <span class='ocrx_word' id='word_1_117' title='bbox 1868 1724 2162 1796; x_wconf 73' lang='grc' dir='ltr'>Κατορθώ⁴</span> 
     </span>
    </p>
   </div>
   <div class='ocr_carea' id='block_1_19' title="bbox 2266 525 3847 597">
    <p class='ocr_par' dir='ltr' id='par_1_19' title="bbox 2266 525 3847 597">
     <span class='ocr_line' id='line_1_19' title="bbox 2266 525 3847 597; baseline 0.003 -18"><span class='ocrx_word' id='word_1_118' title='bbox 2266 526 2613 594; x_wconf 84' lang='grc' dir='ltr'>κηποτάφιον</span> <span class='ocrx_word' id='word_1_119' title='bbox 2660 525 2889 591; x_wconf 86' lang='grc' dir='ltr'>γέγονεν</span> <span class='ocrx_word' id='word_1_120' title='bbox 2938 525 3071 597; x_wconf 82' lang='grc' dir='ltr'>παρ’</span> <span class='ocrx_word' id='word_1_121' title='bbox 3130 526 3295 579; x_wconf 80' lang='grc' dir='ltr'>αὐτοῦ</span> <span class='ocrx_word' id='word_1_122' title='bbox 3350 527 3444 580; x_wconf 86' lang='grc' dir='ltr'>τοῦ</span> <span class='ocrx_word' id='word_1_123' title='bbox 3493 528 3711 582; x_wconf 83' lang='grc' dir='ltr'>Ἰαννοῦ</span> <span class='ocrx_word' id='word_1_124' title='bbox 3764 534 3847 584; x_wconf 79' lang='grc' dir='ltr'>καὶ</span> 
     </span>
    </p>
   </div>
   <div class='ocr_carea' id='block_1_20' title="bbox 2275 614 3845 691">
    <p class='ocr_par' dir='ltr' id='par_1_20' title="bbox 2275 614 3845 691">
     <span class='ocr_line' id='line_1_20' title="bbox 2275 614 3845 691; baseline 0.007 -26"><span class='ocrx_word' id='word_1_125' title='bbox 2275 614 2534 687; x_wconf 79' lang='grc' dir='ltr'>Ἰαμϐροῦ</span> <span class='ocrx_word' id='word_1_126' title='bbox 2569 615 2681 668; x_wconf 90' lang='grc' dir='ltr'>τῶν</span> <span class='ocrx_word' id='word_1_127' title='bbox 2724 616 2992 686; x_wconf 87' lang='grc' dir='ltr'>ἀδελφῶν,</span> <span class='ocrx_word' id='word_1_128' title='bbox 3031 617 3101 670; x_wconf 86' lang='grc' dir='ltr'>δι’</span> <span class='ocrx_word' id='word_1_129' title='bbox 3122 618 3431 689; x_wconf 78' lang='grc' dir='ltr'>ὑπερϐολὴν</span> <span class='ocrx_word' id='word_1_130' title='bbox 3457 621 3558 690; x_wconf 84' lang='grc' dir='ltr'>τῆς</span> <span class='ocrx_word' id='word_1_131' title='bbox 3610 622 3845 691; x_wconf 75' lang='grc' dir='ltr'>μαγικῆς</span> 
     </span>
    </p>
   </div>
   <div class='ocr_carea' id='block_1_21' title="bbox 2262 707 3847 783">
    <p class='ocr_par' dir='ltr' id='par_1_21' title="bbox 2262 707 3847 783">
     <span class='ocr_line' id='line_1_21' title="bbox 2262 707 3847 783; baseline 0.004 -22"><span class='ocrx_word' id='word_1_132' title='bbox 2262 708 2462 778; x_wconf 85' lang='grc' dir='ltr'>τέχνης</span> <span class='ocrx_word' id='word_1_133' title='bbox 2497 707 2567 761; x_wconf 82' lang='grc' dir='ltr'>τὰ</span> <span class='ocrx_word' id='word_1_134' title='bbox 2594 708 2787 775; x_wconf 86' lang='grc' dir='ltr'>πρῶτα</span> <span class='ocrx_word' id='word_1_135' title='bbox 2822 708 3055 778; x_wconf 90' lang='grc' dir='ltr'>ἐχόντων</span> <span class='ocrx_word' id='word_1_136' title='bbox 3098 710 3220 763; x_wconf 77' lang='grc' dir='ltr'>κατ’</span> <span class='ocrx_word' id='word_1_137' title='bbox 3262 712 3441 765; x_wconf 81' lang='grc' dir='ltr'>ἐκεῖνο</span> <span class='ocrx_word' id='word_1_138' title='bbox 3470 712 3677 782; x_wconf 78' lang='grc' dir='ltr'>καιροῦ</span> <span class='ocrx_word' id='word_1_139' title='bbox 3709 715 3847 783; x_wconf 79' lang='grc' dir='ltr'>παρά</span> 
     </span>
    </p>
   </div>
   <div class='ocr_carea' id='block_1_22' title="bbox 2262 795 3845 875">
    <p class='ocr_par' dir='ltr' id='par_1_22' title="bbox 2262 795 3845 875">
     <span class='ocr_line' id='line_1_22' title="bbox 2262 795 3845 875; baseline 0.003 -21"><span class='ocrx_word' id='word_1_140' title='bbox 2262 800 2342 870; x_wconf 83' lang='grc' dir='ltr'>τῷ</span> <span class='ocrx_word' id='word_1_141' title='bbox 2370 800 2591 871; x_wconf 82' lang='grc' dir='ltr'>Φαραώ.</span> <span class='ocrx_word' id='word_1_142' title='bbox 2638 801 2727 863; x_wconf 87' lang='grc' dir='ltr'>Ὠς</span> <span class='ocrx_word' id='word_1_143' title='bbox 2759 795 2852 854; x_wconf 82' lang='grc' dir='ltr'>οὖν</span> <span class='ocrx_word' id='word_1_144' title='bbox 2901 801 3103 872; x_wconf 85' lang='grc' dir='ltr'>πολλὴν</span> <span class='ocrx_word' id='word_1_145' title='bbox 3161 804 3487 873; x_wconf 81' lang='grc' dir='ltr'>κεκτημένοι</span> <span class='ocrx_word' id='word_1_146' title='bbox 3538 804 3650 875; x_wconf 76' lang='grc' dir='ltr'>τὴν</span> <span class='ocrx_word' id='word_1_147' title='bbox 3696 807 3845 859; x_wconf 88' lang='grc' dir='ltr'>δυνα-</span> 
     </span>
    </p>
   </div>
   <div class='ocr_carea' id='block_1_23' title="bbox 2265 891 3846 968">
    <p class='ocr_par' dir='ltr' id='par_1_23' title="bbox 2265 891 3846 968">
     <span class='ocr_line' id='line_1_23' title="bbox 2265 891 3846 968; baseline 0.003 -23"><span class='ocrx_word' id='word_1_148' title='bbox 2265 891 2450 945; x_wconf 85' lang='grc' dir='ltr'>στείαν</span> <span class='ocrx_word' id='word_1_149' title='bbox 2464 892 2565 961; x_wconf 80' lang='grc' dir='ltr'>τὴν</span> <span class='ocrx_word' id='word_1_150' title='bbox 2582 894 2640 946; x_wconf 85' lang='grc' dir='ltr'>ἐν</span> <span class='ocrx_word' id='word_1_151' title='bbox 2654 893 2916 960; x_wconf 79' lang='grc' dir='ltr'>Αἰγύπτῳ</span> <span class='ocrx_word' id='word_1_152' title='bbox 2933 894 2992 948; x_wconf 86' lang='grc' dir='ltr'>ἐν</span> <span class='ocrx_word' id='word_1_153' title='bbox 3005 894 3084 964; x_wconf 82' lang='grc' dir='ltr'>τῷ</span> <span class='ocrx_word' id='word_1_154' title='bbox 3099 894 3201 965; x_wconf 84' lang='grc' dir='ltr'>τῆς</span> <span class='ocrx_word' id='word_1_155' title='bbox 3214 897 3361 965; x_wconf 83' lang='grc' dir='ltr'>ζωῆς</span> <span class='ocrx_word' id='word_1_156' title='bbox 3377 897 3560 950; x_wconf 82' lang='grc' dir='ltr'>αὐτῶν</span> <span class='ocrx_word' id='word_1_157' title='bbox 3574 898 3776 968; x_wconf 84' lang='grc' dir='ltr'>χρόνῳ,</span> <span class='ocrx_word' id='word_1_158' title='bbox 3792 900 3846 950; x_wconf 84' lang='grc' dir='ltr'>ἐκ</span> 
     </span>
    </p>
   </div>
   <div class='ocr_carea' id='block_1_24' title="bbox 2262 984 3843 1062">
    <p class='ocr_par' dir='ltr' id='par_1_24' title="bbox 2262 984 3843 1062">
     <span class='ocr_line' id='line_1_24' title="bbox 2262 984 3843 1062; baseline 0.004 -25"><span class='ocrx_word' id='word_1_159' title='bbox 2262 984 2611 1054; x_wconf 80' lang='grc' dir='ltr'>τετραπέδων</span> <span class='ocrx_word' id='word_1_160' title='bbox 2641 985 2804 1038; x_wconf 89' lang='grc' dir='ltr'>λίθων</span> <span class='ocrx_word' id='word_1_161' title='bbox 2826 986 3052 1039; x_wconf 70' lang='grc' dir='ltr'>ἔκτισαν</span> <span class='ocrx_word' id='word_1_162' title='bbox 3094 990 3157 1041; x_wconf 89' lang='lat'>16</span> <span class='ocrx_word' id='word_1_163' title='bbox 3182 989 3344 1060; x_wconf 78' lang='grc' dir='ltr'>ἔργον</span> <span class='ocrx_word' id='word_1_164' title='bbox 3389 992 3591 1051; x_wconf 82' lang='grc' dir='ltr'>ἐκεῖνο.</span> <span class='ocrx_word' id='word_1_165' title='bbox 3624 993 3687 1044; x_wconf 89' lang='grc' dir='ltr'>ἐν</span> <span class='ocrx_word' id='word_1_166' title='bbox 3708 994 3843 1062; x_wconf 78' lang='grc' dir='ltr'>αὐτῷ</span> 
     </span>
    </p>
   </div>
   <div class='ocr_carea' id='block_1_25' title="bbox 2266 1078 3840 1154">
    <p class='ocr_par' dir='ltr' id='par_1_25' title="bbox 2266 1078 3840 1154">
     <span class='ocr_line' id='line_1_25' title="bbox 2266 1078 3840 1154; baseline 0.004 -24"><span class='ocrx_word' id='word_1_167' title='bbox 2266 1078 2458 1147; x_wconf 83' lang='grc' dir='ltr'>μνῆμα</span> <span class='ocrx_word' id='word_1_168' title='bbox 2498 1079 2883 1147; x_wconf 83' lang='grc' dir='ltr'>πεποιηκότες,</span> <span class='ocrx_word' id='word_1_169' title='bbox 2915 1080 3009 1131; x_wconf 70' lang='grc' dir='ltr'>καὶ</span> <span class='ocrx_word' id='word_1_170' title='bbox 3031 1081 3234 1151; x_wconf 82' lang='grc' dir='ltr'>χρυσὸν</span> <span class='ocrx_word' id='word_1_171' title='bbox 3283 1082 3451 1136; x_wconf 84' lang='grc' dir='ltr'>πολὺν</span> <span class='ocrx_word' id='word_1_172' title='bbox 3489 1084 3840 1154; x_wconf 76' lang='grc' dir='ltr'>ἀποθέμενοι.</span> 
     </span>
    </p>
   </div>
   <div class='ocr_carea' id='block_1_26' title="bbox 2276 1164 3841 1247">
    <p class='ocr_par' dir='ltr' id='par_1_26' title="bbox 2276 1164 3841 1247">
     <span class='ocr_line' id='line_1_26' title="bbox 2276 1164 3841 1247; baseline 0.005 -25"><span class='ocrx_word' id='word_1_173' title='bbox 2276 1164 2615 1236; x_wconf 83' lang='grc' dir='ltr'>Ἑφύτευσαν</span> <span class='ocrx_word' id='word_1_174' title='bbox 2639 1170 2695 1222; x_wconf 88' lang='grc' dir='ltr'>δέ</span> <span class='ocrx_word' id='word_1_175' title='bbox 2729 1170 2826 1222; x_wconf 79' lang='grc' dir='ltr'>καὶ</span> <span class='ocrx_word' id='word_1_176' title='bbox 2862 1170 3056 1240; x_wconf 79' lang='grc' dir='ltr'>δένδρα</span> <span class='ocrx_word' id='word_1_177' title='bbox 3090 1175 3340 1237; x_wconf 85' lang='grc' dir='ltr'>παντοῖα,</span> <span class='ocrx_word' id='word_1_178' title='bbox 3374 1176 3467 1228; x_wconf 83' lang='grc' dir='ltr'>καὶ</span> <span class='ocrx_word' id='word_1_179' title='bbox 3494 1176 3687 1247; x_wconf 81' lang='grc' dir='ltr'>φρέαρ</span> <span class='ocrx_word' id='word_1_180' title='bbox 3728 1176 3841 1230; x_wconf 77' lang='lat'><em>661-</em></span> 
     </span>
    </p>
   </div>
   <div class='ocr_carea' id='block_1_27' title="bbox 2263 1260 3839 1337">
    <p class='ocr_par' dir='ltr' id='par_1_27' title="bbox 2263 1260 3839 1337">
     <span class='ocr_line' id='line_1_27' title="bbox 2263 1260 3839 1337; baseline 0.004 -23"><span class='ocrx_word' id='word_1_181' title='bbox 2263 1276 2355 1323; x_wconf 88' lang='grc' dir='ltr'>τος</span> <span class='ocrx_word' id='word_1_182' title='bbox 2385 1260 2648 1331; x_wconf 85' lang='grc' dir='ltr'>μέγιστον</span> <span class='ocrx_word' id='word_1_183' title='bbox 2674 1260 2894 1333; x_wconf 78' lang='grc' dir='ltr'>ὤρυξαν</span> <span class='ocrx_word' id='word_1_184' title='bbox 2915 1277 2929 1293; x_wconf 80' lang='grc' dir='ltr'>ο</span> <span class='ocrx_word' id='word_1_185' title='bbox 2962 1260 3207 1333; x_wconf 85' lang='grc' dir='ltr'>ὓπικμος</span> <span class='ocrx_word' id='word_1_186' title='bbox 3235 1266 3345 1337; x_wconf 84' lang='grc' dir='ltr'>γάρ</span> <span class='ocrx_word' id='word_1_187' title='bbox 3393 1266 3544 1319; x_wconf 87' lang='grc' dir='ltr'>ἐστιν</span> <span class='ocrx_word' id='word_1_188' title='bbox 3587 1267 3619 1319; x_wconf 91' lang='lat'>6</span> <span class='ocrx_word' id='word_1_189' title='bbox 3672 1267 3839 1329; x_wconf 80' lang='grc' dir='ltr'>τόπος.</span> 
     </span>
    </p>
   </div>
   <div class='ocr_carea' id='block_1_28' title="bbox 2264 1353 3840 1429">
    <p class='ocr_par' dir='ltr' id='par_1_28' title="bbox 2264 1353 3840 1429">
     <span class='ocr_line' id='line_1_28' title="bbox 2264 1353 3840 1429; baseline 0.004 -25"><span class='ocrx_word' id='word_1_190' title='bbox 2264 1353 2451 1407; x_wconf 88' lang='grc' dir='ltr'>Ταῦτα</span> <span class='ocrx_word' id='word_1_191' title='bbox 2473 1353 2531 1407; x_wconf 83' lang='grc' dir='ltr'>δὲ</span> <span class='ocrx_word' id='word_1_192' title='bbox 2558 1354 2739 1409; x_wconf 87' lang='grc' dir='ltr'>πάντα</span> <span class='ocrx_word' id='word_1_193' title='bbox 2765 1355 3052 1425; x_wconf 85' lang='grc' dir='ltr'>ἐποίησαν,</span> <span class='ocrx_word' id='word_1_194' title='bbox 3093 1356 3406 1422; x_wconf 75' lang='grc' dir='ltr'>ἐλπίζοντες</span> <span class='ocrx_word' id='word_1_195' title='bbox 3449 1360 3597 1425; x_wconf 87' lang='grc' dir='ltr'>μετά</span> <span class='ocrx_word' id='word_1_196' title='bbox 3639 1358 3737 1429; x_wconf 80' lang='grc' dir='ltr'>τήν</span> <span class='ocrx_word' id='word_1_197' title='bbox 3766 1362 3840 1411; x_wconf 80' lang='grc' dir='ltr'>ἐν·</span> 
     </span>
    </p>
   </div>
   <div class='ocr_carea' id='block_1_29' title="bbox 2267 1446 3837 1521">
    <p class='ocr_par' dir='ltr' id='par_1_29' title="bbox 2267 1446 3837 1521">
     <span class='ocr_line' id='line_1_29' title="bbox 2267 1446 3837 1521; baseline 0.003 -22"><span class='ocrx_word' id='word_1_198' title='bbox 2267 1446 2459 1500; x_wconf 81' lang='grc' dir='ltr'>τεῦθεν</span> <span class='ocrx_word' id='word_1_199' title='bbox 2483 1449 2663 1501; x_wconf 82' lang='grc' dir='ltr'>ἐκεῖσε</span> <span class='ocrx_word' id='word_1_200' title='bbox 2690 1448 2875 1517; x_wconf 78' lang='grc' dir='ltr'>ἄφιξιν</span> <span class='ocrx_word' id='word_1_201' title='bbox 2904 1451 2961 1502; x_wconf 81' lang='grc' dir='ltr'>ἐν</span> <span class='ocrx_word' id='word_1_202' title='bbox 2984 1449 3159 1521; x_wconf 83' lang='grc' dir='ltr'>τούτῳ</span> <span class='ocrx_word' id='word_1_203' title='bbox 3182 1450 3259 1520; x_wconf 84' lang='grc' dir='ltr'>τῷ</span> <span class='ocrx_word' id='word_1_204' title='bbox 3279 1451 3603 1521; x_wconf 85' lang='grc' dir='ltr'>παραδείσῳ</span> <span class='ocrx_word' id='word_1_205' title='bbox 3623 1452 3837 1521; x_wconf 83' lang='grc' dir='ltr'>τρυφᾷν.</span> 
     </span>
    </p>
   </div>
   <div class='ocr_carea' id='block_1_30' title="bbox 2264 1537 3839 1611">
    <p class='ocr_par' dir='ltr' id='par_1_30' title="bbox 2264 1537 3839 1611">
     <span class='ocr_line' id='line_1_30' title="bbox 2264 1537 3839 1611; baseline 0.002 -22"><span class='ocrx_word' id='word_1_206' title='bbox 2264 1537 2431 1601; x_wconf 87' lang='grc' dir='ltr'>Τέλος</span> <span class='ocrx_word' id='word_1_207' title='bbox 2454 1537 2549 1593; x_wconf 79' lang='grc' dir='ltr'>οῦν</span> <span class='ocrx_word' id='word_1_208' title='bbox 2576 1541 2785 1607; x_wconf 83' lang='grc' dir='ltr'>ἀγνοῶν</span> <span class='ocrx_word' id='word_1_209' title='bbox 2810 1540 2909 1611; x_wconf 77' lang='grc' dir='ltr'>τὴν</span> <span class='ocrx_word' id='word_1_210' title='bbox 2948 1541 3067 1594; x_wconf 79' lang='grc' dir='ltr'>ὁδὸν</span> <span class='ocrx_word' id='word_1_211' title='bbox 3105 1542 3346 1609; x_wconf 76' lang='grc' dir='ltr'>ἄγουσαν</span> <span class='ocrx_word' id='word_1_212' title='bbox 3409 1542 3503 1596; x_wconf 77' lang='grc' dir='ltr'>ἐπὶ</span> <span class='ocrx_word' id='word_1_213' title='bbox 3544 1540 3738 1595; x_wconf 85' lang='grc' dir='ltr'>τοῦτον</span> <span class='ocrx_word' id='word_1_214' title='bbox 3763 1543 3839 1595; x_wconf 74' lang='grc' dir='ltr'>τὸν</span> 
     </span>
    </p>
   </div>
   <div class='ocr_carea' id='block_1_31' title="bbox 2263 1629 3839 1704">
    <p class='ocr_par' dir='ltr' id='par_1_31' title="bbox 2263 1629 3839 1704">
     <span class='ocr_line' id='line_1_31' title="bbox 2263 1629 3839 1704; baseline 0.004 -23"><span class='ocrx_word' id='word_1_215' title='bbox 2263 1629 2429 1684; x_wconf 85' lang='grc' dir='ltr'>τόπον</span> <span class='ocrx_word' id='word_1_216' title='bbox 2475 1632 2505 1683; x_wconf 93' lang='lat'>6</span> <span class='ocrx_word' id='word_1_217' title='bbox 2554 1629 2648 1682; x_wconf 88' lang='grc' dir='ltr'>τοῦ</span> <span class='ocrx_word' id='word_1_218' title='bbox 2694 1630 2933 1702; x_wconf 83' lang='grc' dir='ltr'>Χριστοῦ</span> <span class='ocrx_word' id='word_1_219' title='bbox 2986 1633 3173 1697; x_wconf 85' lang='grc' dir='ltr'>δοῦλος</span> <span class='ocrx_word' id='word_1_220' title='bbox 3207 1634 3513 1704; x_wconf 86' lang='grc' dir='ltr'>Μακάριος,</span> <span class='ocrx_word' id='word_1_221' title='bbox 3559 1633 3839 1704; x_wconf 82' lang='grc' dir='ltr'>στοχασμῷ</span> 
     </span>
    </p>
   </div>
   <div class='ocr_carea' id='block_1_32' title="bbox 2269 1720 3836 1795">
    <p class='ocr_par' dir='ltr' id='par_1_32' title="bbox 2269 1720 3836 1795">
     <span class='ocr_line' id='line_1_32' title="bbox 2269 1720 3836 1795; baseline 0.003 -22"><span class='ocrx_word' id='word_1_222' title='bbox 2269 1720 2432 1789; x_wconf 88' lang='grc' dir='ltr'>μόνον</span> <span class='ocrx_word' id='word_1_223' title='bbox 2456 1721 2747 1791; x_wconf 76' lang='grc' dir='ltr'>ἠκολούθει</span> <span class='ocrx_word' id='word_1_224' title='bbox 2776 1725 2890 1786; x_wconf 81' lang='grc' dir='ltr'>τοῖς</span> <span class='ocrx_word' id='word_1_225' title='bbox 2927 1724 3151 1795; x_wconf 81' lang='grc' dir='ltr'>ἄστροις</span> <span class='ocrx_word' id='word_1_226' title='bbox 3169 1740 3184 1754; x_wconf 91' lang='grc'><strong>·</strong></span> <span class='ocrx_word' id='word_1_227' title='bbox 3232 1724 3486 1793; x_wconf 87' lang='grc' dir='ltr'>καθάπερ</span> <span class='ocrx_word' id='word_1_228' title='bbox 3531 1728 3586 1779; x_wconf 91' lang='grc' dir='ltr'>οί</span> <span class='ocrx_word' id='word_1_229' title='bbox 3614 1728 3836 1780; x_wconf 77' lang='grc' dir='ltr'>ναυτικοὶ</span> 
     </span>
    </p>
   </div>
   <div class='ocr_carea' id='block_1_33' title="bbox 582 1808 3836 1887">
    <p class='ocr_par' dir='ltr' id='par_1_33' title="bbox 582 1808 3836 1887">
     <span class='ocr_line' id='line_1_33' title="bbox 582 1808 3836 1887; baseline 0.001 -21"><span class='ocrx_word' id='word_1_230' title='bbox 582 1831 681 1877; x_wconf 81' lang='grc' dir='ltr'>σας</span> <span class='ocrx_word' id='word_1_231' title='bbox 709 1809 804 1867; x_wconf 79' lang='grc' dir='ltr'>οῦν</span> <span class='ocrx_word' id='word_1_232' title='bbox 848 1813 1008 1867; x_wconf 84' lang='grc' dir='ltr'>τοῦτο</span> <span class='ocrx_word' id='word_1_233' title='bbox 1055 1814 1397 1867; x_wconf 82' lang='grc' dir='ltr'>κατέπτυσεν</span> <span class='ocrx_word' id='word_1_234' title='bbox 1440 1813 1645 1883; x_wconf 77' lang='grc' dir='ltr'>ταύτης</span> <span class='ocrx_word' id='word_1_235' title='bbox 1700 1815 1803 1883; x_wconf 83' lang='grc' dir='ltr'>τῆς</span> <span class='ocrx_word' id='word_1_236' title='bbox 1863 1813 2159 1876; x_wconf 86' lang='grc' dir='ltr'>πολιτείας.</span> <span class='ocrx_word' id='word_1_237' title='bbox 2196 1808 2236 1863; x_wconf 86' lang='grc' dir='ltr'><strong>Β</strong></span> <span class='ocrx_word' id='word_1_238' title='bbox 2265 1812 2639 1877; x_wconf 88' lang='grc' dir='ltr'>διαϐαίνοντες</span> <span class='ocrx_word' id='word_1_239' title='bbox 2673 1816 2742 1867; x_wconf 81' lang='grc' dir='ltr'>τά</span> <span class='ocrx_word' id='word_1_240' title='bbox 2784 1815 3020 1886; x_wconf 85' lang='grc' dir='ltr'>πελάγη.</span> <span class='ocrx_word' id='word_1_241' title='bbox 3056 1816 3243 1881; x_wconf 79' lang='grc' dir='ltr'>Οὕτως</span> <span class='ocrx_word' id='word_1_242' title='bbox 3284 1812 3440 1881; x_wconf 74' lang='grc' dir='ltr'>οὗτος</span> <span class='ocrx_word' id='word_1_243' title='bbox 3493 1820 3524 1872; x_wconf 91' lang='lat'>6</span> <span class='ocrx_word' id='word_1_244' title='bbox 3573 1819 3726 1887; x_wconf 80' lang='grc' dir='ltr'>ἅγιος</span> <span class='ocrx_word' id='word_1_245' title='bbox 3753 1822 3836 1886; x_wconf 75' lang='grc' dir='ltr'>τὴν</span> 
     </span>
    </p>
   </div>
   <div class='ocr_carea' id='block_1_34' title="bbox 585 1900 2163 1977">
    <p class='ocr_par' dir='ltr' id='par_1_34' title="bbox 585 1900 2163 1977">
     <span class='ocr_line' id='line_1_34' title="bbox 585 1900 2163 1977; baseline 0.001 -19"><span class='ocrx_word' id='word_1_246' title='bbox 585 1906 856 1958; x_wconf 86' lang='grc' dir='ltr'>Ἤκουσεν</span> <span class='ocrx_word' id='word_1_247' title='bbox 883 1904 939 1958; x_wconf 82' lang='grc' dir='ltr'>δὲ</span> <span class='ocrx_word' id='word_1_248' title='bbox 968 1904 1097 1976; x_wconf 88' lang='grc' dir='ltr'>περί</span> <span class='ocrx_word' id='word_1_249' title='bbox 1152 1922 1299 1969; x_wconf 88' lang='grc' dir='ltr'>τινος</span> <span class='ocrx_word' id='word_1_250' title='bbox 1352 1903 1515 1959; x_wconf 76' lang='grc' dir='ltr'>ἄλλου</span> <span class='ocrx_word' id='word_1_251' title='bbox 1542 1900 1697 1969; x_wconf 72' lang='grc' dir='ltr'>οὗτος</span> <span class='ocrx_word' id='word_1_252' title='bbox 1744 1906 1773 1957; x_wconf 90' lang='lat'>6</span> <span class='ocrx_word' id='word_1_253' title='bbox 1799 1905 2019 1977; x_wconf 84' lang='grc' dir='ltr'>ἀριστος</span> <span class='ocrx_word' id='word_1_254' title='bbox 2053 1905 2163 1960; x_wconf 89' lang='grc' dir='ltr'>τῶν</span> 
     </span>
    </p>
   </div>
   <div class='ocr_carea' id='block_1_35' title="bbox 585 1995 2162 2067">
    <p class='ocr_par' dir='ltr' id='par_1_35' title="bbox 585 1995 2162 2067">
     <span class='ocr_line' id='line_1_35' title="bbox 585 1995 2162 2067; baseline -0.001 -17"><span class='ocrx_word' id='word_1_255' title='bbox 585 1997 837 2066; x_wconf 84' lang='grc' dir='ltr'>μοναχῶν</span> <span class='ocrx_word' id='word_1_256' title='bbox 859 1997 940 2049; x_wconf 86' lang='grc' dir='ltr'>ὅτι</span> <span class='ocrx_word' id='word_1_257' title='bbox 963 1996 1129 2067; x_wconf 78' lang='grc' dir='ltr'>ἄρτου</span> <span class='ocrx_word' id='word_1_258' title='bbox 1160 1997 1351 2066; x_wconf 87' lang='grc' dir='ltr'>λίτραν</span> <span class='ocrx_word' id='word_1_259' title='bbox 1380 1996 1571 2059; x_wconf 78' lang='grc' dir='ltr'>ἐσθίει,</span> <span class='ocrx_word' id='word_1_260' title='bbox 1612 1997 1711 2050; x_wconf 77' lang='grc' dir='ltr'>καὶ</span> <span class='ocrx_word' id='word_1_261' title='bbox 1759 1995 1949 2049; x_wconf 86' lang='grc' dir='ltr'>τοῦτον</span> <span class='ocrx_word' id='word_1_262' title='bbox 1982 1995 2162 2066; x_wconf 80' lang='grc' dir='ltr'>ζηλώ-</span> 
     </span>
    </p>
   </div>
   <div class='ocr_carea' id='block_1_36' title="bbox 585 2086 2165 2161">
    <p class='ocr_par' dir='ltr' id='par_1_36' title="bbox 585 2086 2165 2161">
     <span class='ocr_line' id='line_1_36' title="bbox 585 2086 2165 2161; baseline 0.001 -19"><span class='ocrx_word' id='word_1_263' title='bbox 585 2106 706 2154; x_wconf 87' lang='grc' dir='ltr'>σας,</span> <span class='ocrx_word' id='word_1_264' title='bbox 742 2090 951 2153; x_wconf 87' lang='grc' dir='ltr'>κλάσας</span> <span class='ocrx_word' id='word_1_265' title='bbox 978 2091 1039 2143; x_wconf 97' lang='lat'>16</span> <span class='ocrx_word' id='word_1_266' title='bbox 1072 2090 1447 2161; x_wconf 85' lang='grc' dir='ltr'>βουκελλάτον,</span> <span class='ocrx_word' id='word_1_267' title='bbox 1475 2090 1503 2143; x_wconf 83' lang='lat'>6</span> <span class='ocrx_word' id='word_1_268' title='bbox 1535 2086 1699 2161; x_wconf 79' lang='grc' dir='ltr'>εἶχεν,</span> <span class='ocrx_word' id='word_1_269' title='bbox 1738 2090 2050 2161; x_wconf 82' lang='grc' dir='ltr'>κατήγαγεν</span> <span class='ocrx_word' id='word_1_270' title='bbox 2085 2091 2165 2155; x_wconf 89' lang='grc' dir='ltr'>είς</span> 
     </span>
    </p>
   </div>
   <div class='ocr_carea' id='block_1_37' title="bbox 584 2182 2165 2255">
    <p class='ocr_par' dir='ltr' id='par_1_37' title="bbox 584 2182 2165 2255">
     <span class='ocr_line' id='line_1_37' title="bbox 584 2182 2165 2255; baseline 0.002 -21"><span class='ocrx_word' id='word_1_271' title='bbox 584 2183 855 2253; x_wconf 80' lang='grc' dir='ltr'>κεράμια,</span> <span class='ocrx_word' id='word_1_272' title='bbox 920 2182 1116 2252; x_wconf 90' lang='grc' dir='ltr'>κρίνας</span> <span class='ocrx_word' id='word_1_273' title='bbox 1170 2182 1425 2235; x_wconf 81' lang='grc' dir='ltr'>τοσοῦτον</span> <span class='ocrx_word' id='word_1_274' title='bbox 1455 2183 1616 2251; x_wconf 87' lang='grc' dir='ltr'>μόνον</span> <span class='ocrx_word' id='word_1_275' title='bbox 1652 2183 1855 2236; x_wconf 86' lang='grc' dir='ltr'>ἐσθίειν</span> <span class='ocrx_word' id='word_1_276' title='bbox 1878 2185 2002 2236; x_wconf 84' lang='grc' dir='ltr'>ὅσον</span> <span class='ocrx_word' id='word_1_277' title='bbox 2030 2185 2095 2237; x_wconf 83' lang='grc' dir='ltr'>ἂν</span> <span class='ocrx_word' id='word_1_278' title='bbox 2131 2186 2165 2255; x_wconf 87' lang='grc' dir='ltr'>ή</span> 
     </span>
    </p>
   </div>
   <div class='ocr_carea' id='block_1_38' title="bbox 583 2272 2168 2346">
    <p class='ocr_par' dir='ltr' id='par_1_38' title="bbox 583 2272 2168 2346">
     <span class='ocr_line' id='line_1_38' title="bbox 583 2272 2168 2346; baseline 0.002 -22"><span class='ocrx_word' id='word_1_279' title='bbox 583 2276 703 2343; x_wconf 80' lang='grc' dir='ltr'>χεὶρ</span> <span class='ocrx_word' id='word_1_280' title='bbox 735 2273 1024 2342; x_wconf 80' lang='grc' dir='ltr'>ἀνενέγκῃ.</span> <span class='ocrx_word' id='word_1_281' title='bbox 1052 2272 1280 2343; x_wconf 90' lang='grc' dir='ltr'>Μεγάλη</span> <span class='ocrx_word' id='word_1_282' title='bbox 1311 2273 1368 2326; x_wconf 90' lang='grc' dir='ltr'>δέ</span> <span class='ocrx_word' id='word_1_283' title='bbox 1399 2274 1494 2325; x_wconf 72' lang='grc' dir='ltr'>καὶ</span> <span class='ocrx_word' id='word_1_284' title='bbox 1514 2272 1656 2344; x_wconf 82' lang='grc' dir='ltr'>αὓτη</span> <span class='ocrx_word' id='word_1_285' title='bbox 1689 2272 1940 2343; x_wconf 85' lang='grc' dir='ltr'>σώματος</span> <span class='ocrx_word' id='word_1_286' title='bbox 1965 2274 2168 2346; x_wconf 90' lang='grc' dir='ltr'>σκληρ-</span> 
     </span>
    </p>
   </div>
   <div class='ocr_carea' id='block_1_39' title="bbox 581 2363 2167 2436">
    <p class='ocr_par' dir='ltr' id='par_1_39' title="bbox 581 2363 2167 2436">
     <span class='ocr_line' id='line_1_39' title="bbox 581 2363 2167 2436; baseline 0.001 -19"><span class='ocrx_word' id='word_1_287' title='bbox 581 2363 821 2431; x_wconf 87' lang='grc' dir='ltr'>αγωγία.</span> <span class='ocrx_word' id='word_1_288' title='bbox 881 2366 1134 2433; x_wconf 85' lang='grc' dir='ltr'>Διηγεῖτο</span> <span class='ocrx_word' id='word_1_289' title='bbox 1185 2363 1295 2434; x_wconf 81' lang='grc' dir='ltr'>γὰρ</span> <span class='ocrx_word' id='word_1_290' title='bbox 1356 2364 1491 2434; x_wconf 74' lang='grc' dir='ltr'>ημῖν</span> <span class='ocrx_word' id='word_1_291' title='bbox 1542 2366 2037 2436; x_wconf 79' lang='grc' dir='ltr'>χαριεντιζόμενος,</span> <span class='ocrx_word' id='word_1_292' title='bbox 2085 2367 2167 2418; x_wconf 83' lang='grc' dir='ltr'>ὅτι</span> 
     </span>
    </p>
   </div>
   <div class='ocr_carea' id='block_1_40' title="bbox 582 2454 2168 2527">
    <p class='ocr_par' dir='ltr' id='par_1_40' title="bbox 582 2454 2168 2527">
     <span class='ocr_line' id='line_1_40' title="bbox 582 2454 2168 2527; baseline 0.001 -18"><span class='ocrx_word' id='word_1_293' title='bbox 582 2454 1065 2526; x_wconf 87' lang='grc' dir='ltr'>Περιεδρασσόμην</span> <span class='ocrx_word' id='word_1_294' title='bbox 1101 2454 1201 2526; x_wconf 85' lang='grc' dir='ltr'>μὲν</span> <span class='ocrx_word' id='word_1_295' title='bbox 1252 2456 1514 2509; x_wconf 87' lang='grc' dir='ltr'>πλειόνων</span> <span class='ocrx_word' id='word_1_296' title='bbox 1553 2456 1902 2527; x_wconf 84' lang='grc' dir='ltr'>κλασμάτων,</span> <span class='ocrx_word' id='word_1_297' title='bbox 1938 2458 1999 2511; x_wconf 89' lang='lat' dir='ltr'><em>o6</em></span> <span class='ocrx_word' id='word_1_298' title='bbox 2042 2475 2168 2511; x_wconf 86' lang='grc' dir='ltr'>συν-</span> 
     </span>
    </p>
   </div>
   <div class='ocr_carea' id='block_1_41' title="bbox 582 2534 2163 2621">
    <p class='ocr_par' dir='ltr' id='par_1_41' title="bbox 582 2534 2163 2621">
     <span class='ocr_line' id='line_1_41' title="bbox 582 2534 2163 2621; baseline 0.003 -20"><span class='ocrx_word' id='word_1_299' title='bbox 582 2547 907 2618; x_wconf 85' lang='grc' dir='ltr'>εχωρούμην</span> <span class='ocrx_word' id='word_1_300' title='bbox 938 2546 995 2599; x_wconf 89' lang='grc' dir='ltr'>δέ</span> <span class='ocrx_word' id='word_1_301' title='bbox 1046 2544 1356 2616; x_wconf 81' lang='grc' dir='ltr'>ἐξενεγκεῖν</span> <span class='ocrx_word' id='word_1_302' title='bbox 1389 2548 1495 2601; x_wconf 82' lang='lat'><em>61:6</em></span> <span class='ocrx_word' id='word_1_303' title='bbox 1527 2548 1623 2602; x_wconf 83' lang='lat'>106</span> <span class='ocrx_word' id='word_1_304' title='bbox 1663 2549 1851 2602; x_wconf 85' lang='grc' dir='ltr'>στενοῦ</span> <span class='ocrx_word' id='word_1_305' title='bbox 1877 2549 1974 2621; x_wconf 84' lang='grc' dir='ltr'>τῆς</span> <span class='ocrx_word' id='word_1_306' title='bbox 2005 2534 2163 2620; x_wconf 64' lang='grc' dir='ltr'>ὁπῆςί</span> 
     </span>
    </p>
   </div>
   <div class='ocr_carea' id='block_1_42' title="bbox 592 2635 2167 2711">
    <p class='ocr_par' dir='ltr' id='par_1_42' title="bbox 592 2635 2167 2711">
     <span class='ocr_line' id='line_1_42' title="bbox 592 2635 2167 2711; baseline 0.001 -20"><span class='ocrx_word' id='word_1_307' title='bbox 592 2638 655 2691; x_wconf 88' lang='lat'><strong>&#39;0</strong></span> <span class='ocrx_word' id='word_1_308' title='bbox 685 2635 922 2709; x_wconf 86' lang='grc' dir='ltr'>τελώνης</span> <span class='ocrx_word' id='word_1_309' title='bbox 955 2639 1063 2707; x_wconf 83' lang='grc' dir='ltr'>γάρ</span> <span class='ocrx_word' id='word_1_310' title='bbox 1092 2656 1194 2708; x_wconf 90' lang='grc' dir='ltr'>μου</span> <span class='ocrx_word' id='word_1_311' title='bbox 1228 2641 1291 2692; x_wconf 87' lang='lat'>06</span> <span class='ocrx_word' id='word_1_312' title='bbox 1319 2639 1637 2711; x_wconf 86' lang='grc' dir='ltr'>συνεχώρει,</span> <span class='ocrx_word' id='word_1_313' title='bbox 1670 2642 1858 2711; x_wconf 61' lang='grc' dir='ltr'>φησιν,</span> <span class='ocrx_word' id='word_1_314' title='bbox 1885 2641 1946 2696; x_wconf 85' lang='lat'>16</span> <span class='ocrx_word' id='word_1_315' title='bbox 1968 2658 2167 2694; x_wconf 69' lang='lat' dir='ltr'><em>110w:-</em></span> 
     </span>
    </p>
   </div>
   <div class='ocr_carea' id='block_1_43' title="bbox 582 2727 2170 2804">
    <p class='ocr_par' dir='ltr' id='par_1_43' title="bbox 582 2727 2170 2804">
     <span class='ocr_line' id='line_1_43' title="bbox 582 2727 2170 2804; baseline 0.002 -21"><span class='ocrx_word' id='word_1_316' title='bbox 582 2729 691 2792; x_wconf 89' lang='grc' dir='ltr'>λῶς</span> <span class='ocrx_word' id='word_1_317' title='bbox 722 2746 792 2797; x_wconf 89' lang='grc' dir='ltr'>με</span> <span class='ocrx_word' id='word_1_318' title='bbox 818 2727 1045 2787; x_wconf 88' lang='grc' dir='ltr'>ἐσθίειν.</span> <span class='ocrx_word' id='word_1_319' title='bbox 1084 2730 1207 2783; x_wconf 71' lang='grc' dir='ltr'>Ἐπὶ</span> <span class='ocrx_word' id='word_1_320' title='bbox 1244 2732 1341 2785; x_wconf 80' lang='grc' dir='ltr'>ὅλα</span> <span class='ocrx_word' id='word_1_321' title='bbox 1363 2727 1457 2785; x_wconf 83' lang='lat' dir='ltr'><em>06v</em></span> <span class='ocrx_word' id='word_1_322' title='bbox 1488 2733 1616 2804; x_wconf 90' lang='grc' dir='ltr'>τρία</span> <span class='ocrx_word' id='word_1_323' title='bbox 1635 2733 1732 2803; x_wconf 79' lang='grc' dir='ltr'>ἐτη</span> <span class='ocrx_word' id='word_1_324' title='bbox 1758 2733 1965 2804; x_wconf 85' lang='grc' dir='ltr'>ταύτην</span> <span class='ocrx_word' id='word_1_325' title='bbox 1999 2735 2170 2804; x_wconf 79' lang='grc' dir='ltr'>ήσκη-</span> 
     </span>
    </p>
   </div>
   <div class='ocr_carea' id='block_1_44' title="bbox 583 2820 2166 2895">
    <p class='ocr_par' dir='ltr' id='par_1_44' title="bbox 583 2820 2166 2895">
     <span class='ocr_line' id='line_1_44' title="bbox 583 2820 2166 2895; baseline 0.004 -23"><span class='ocrx_word' id='word_1_326' title='bbox 583 2837 674 2873; x_wconf 88' lang='grc' dir='ltr'>σεν</span> <span class='ocrx_word' id='word_1_327' title='bbox 688 2820 788 2888; x_wconf 78' lang='grc' dir='ltr'>τὴν</span> <span class='ocrx_word' id='word_1_328' title='bbox 808 2820 1157 2891; x_wconf 87' lang='grc' dir='ltr'>ἐγκράτειαν,</span> <span class='ocrx_word' id='word_1_329' title='bbox 1179 2823 1448 2895; x_wconf 87' lang='grc' dir='ltr'>τέσσαρας</span> <span class='ocrx_word' id='word_1_330' title='bbox 1468 2825 1500 2895; x_wconf 79' lang='grc' dir='ltr'>ἢ</span> <span class='ocrx_word' id='word_1_331' title='bbox 1526 2825 1686 2878; x_wconf 84' lang='grc' dir='ltr'>πέντε</span> <span class='ocrx_word' id='word_1_332' title='bbox 1704 2826 1931 2890; x_wconf 87' lang='grc' dir='ltr'>ούγκίας</span> <span class='ocrx_word' id='word_1_333' title='bbox 1949 2824 2166 2892; x_wconf 87' lang='grc' dir='ltr'>ἐσθίων,</span> 
     </span>
    </p>
   </div>
   <div class='ocr_carea' id='block_1_45' title="bbox 579 2906 2169 2987">
    <p class='ocr_par' dir='ltr' id='par_1_45' title="bbox 579 2906 2169 2987">
     <span class='ocr_line' id='line_1_45' title="bbox 579 2906 2169 2987; baseline 0.003 -22"><span class='ocrx_word' id='word_1_334' title='bbox 579 2906 677 2974; x_wconf 61' lang='grc' dir='ltr'>καὶ</span> <span class='ocrx_word' id='word_1_335' title='bbox 699 2913 762 2963; x_wconf 92' lang='lat'>16</span> <span class='ocrx_word' id='word_1_336' title='bbox 799 2911 1128 2983; x_wconf 70' lang='grc' dir='ltr'>ἀντίρροπον</span> <span class='ocrx_word' id='word_1_337' title='bbox 1182 2912 1391 2967; x_wconf 86' lang='grc' dir='ltr'>τούτων</span> <span class='ocrx_word' id='word_1_338' title='bbox 1438 2913 1608 2969; x_wconf 90' lang='grc' dir='ltr'>πίνων</span> <span class='ocrx_word' id='word_1_339' title='bbox 1644 2914 1808 2986; x_wconf 76' lang='grc' dir='ltr'>ὕδωρ.</span> <span class='ocrx_word' id='word_1_340' title='bbox 1858 2914 2064 2987; x_wconf 83' lang='grc' dir='ltr'>Ξέστην</span> <span class='ocrx_word' id='word_1_341' title='bbox 2111 2916 2169 2971; x_wconf 86' lang='grc' dir='ltr'>δέ</span> 
     </span>
    </p>
   </div>
   <div class='ocr_carea' id='block_1_46' title="bbox 584 2996 1850 3076">
    <p class='ocr_par' dir='ltr' id='par_1_46' title="bbox 584 2996 1850 3076">
     <span class='ocr_line' id='line_1_46' title="bbox 584 2996 1850 3076; baseline 0.006 -25"><span class='ocrx_word' id='word_1_342' title='bbox 584 2996 771 3053; x_wconf 80' lang='grc' dir='ltr'>ἐλαίου</span> <span class='ocrx_word' id='word_1_343' title='bbox 807 3001 889 3064; x_wconf 89' lang='grc' dir='ltr'>είς</span> <span class='ocrx_word' id='word_1_344' title='bbox 919 3001 1011 3055; x_wconf 81' lang='lat' dir='ltr'><em>16v</em></span> <span class='ocrx_word' id='word_1_345' title='bbox 1032 3003 1282 3056; x_wconf 82' lang='grc' dir='ltr'>ἐνιαυτὸν</span> <span class='ocrx_word' id='word_1_346' title='bbox 1302 3004 1487 3074; x_wconf 88' lang='grc' dir='ltr'>ἀνήλω</span> <span class='ocrx_word' id='word_1_347' title='bbox 1514 3006 1595 3068; x_wconf 88' lang='grc' dir='ltr'>είς</span> <span class='ocrx_word' id='word_1_348' title='bbox 1617 3007 1850 3076; x_wconf 83' lang='grc' dir='ltr'>τροφήν.</span> 
     </span>
    </p>
   </div>
   <div class='ocr_carea' id='block_1_47' title="bbox 660 3087 2169 3163">
    <p class='ocr_par' dir='ltr' id='par_1_47' title="bbox 660 3087 2169 3163">
     <span class='ocr_line' id='line_1_47' title="bbox 660 3087 2169 3163; baseline 0.003 -20"><span class='ocrx_word' id='word_1_349' title='bbox 660 3089 829 3161; x_wconf 78' lang='grc' dir='ltr'>’Δλλη</span> <span class='ocrx_word' id='word_1_350' title='bbox 886 3091 1123 3161; x_wconf 85' lang='grc' dir='ltr'>ἄσκησις</span> <span class='ocrx_word' id='word_1_351' title='bbox 1175 3091 1272 3145; x_wconf 88' lang='grc' dir='ltr'>τοῦ</span> <span class='ocrx_word' id='word_1_352' title='bbox 1304 3092 1565 3162; x_wconf 88' lang='grc' dir='ltr'>ἀθλητοῦ.</span> <span class='ocrx_word' id='word_1_353' title='bbox 1610 3092 1867 3163; x_wconf 82' lang='grc' dir='ltr'>Ἐκρινεν</span> <span class='ocrx_word' id='word_1_354' title='bbox 1928 3087 2085 3156; x_wconf 73' lang='grc' dir='ltr'>οὗτος</span> <span class='ocrx_word' id='word_1_355' title='bbox 2140 3096 2169 3148; x_wconf 89' lang='lat'>6</span> 
     </span>
    </p>
   </div>
   <div class='ocr_carea' id='block_1_48' title="bbox 581 3180 2165 3256">
    <p class='ocr_par' dir='ltr' id='par_1_48' title="bbox 581 3180 2165 3256">
     <span class='ocr_line' id='line_1_48' title="bbox 581 3180 2165 3256; baseline 0.001 -20"><span class='ocrx_word' id='word_1_356' title='bbox 581 3182 799 3253; x_wconf 84' lang='grc' dir='ltr'>ἀδάμας</span> <span class='ocrx_word' id='word_1_357' title='bbox 827 3180 1000 3235; x_wconf 76' lang='grc' dir='ltr'>ὕπνου</span> <span class='ocrx_word' id='word_1_358' title='bbox 1040 3183 1451 3254; x_wconf 87' lang='grc' dir='ltr'>περιγενέσθαι.</span> <span class='ocrx_word' id='word_1_359' title='bbox 1489 3185 1600 3238; x_wconf 73' lang='grc' dir='ltr'>Καὶ</span> <span class='ocrx_word' id='word_1_360' title='bbox 1640 3184 1801 3238; x_wconf 86' lang='grc' dir='ltr'>τοῦτο</span> <span class='ocrx_word' id='word_1_361' title='bbox 1846 3185 2165 3256; x_wconf 86' lang='grc' dir='ltr'>διηγήσατο,</span> 
     </span>
    </p>
   </div>
   <div class='ocr_carea' id='block_1_49' title="bbox 510 3275 2170 3347">
    <p class='ocr_par' dir='ltr' id='par_1_49' title="bbox 510 3275 2170 3347">
     <span class='ocr_line' id='line_1_49' title="bbox 510 3275 2170 3347; baseline 0.005 -24"><span class='ocrx_word' id='word_1_362' title='bbox 510 3310 523 3323; x_wconf 92' lang='grc'>.</span> <span class='ocrx_word' id='word_1_363' title='bbox 581 3275 665 3329; x_wconf 81' lang='grc' dir='ltr'>ὅτι</span> <span class='ocrx_word' id='word_1_364' title='bbox 693 3275 810 3328; x_wconf 82' lang='grc' dir='ltr'>Οὐκ</span> <span class='ocrx_word' id='word_1_365' title='bbox 856 3275 1111 3345; x_wconf 81' lang='grc' dir='ltr'>εἰσῆλθον</span> <span class='ocrx_word' id='word_1_366' title='bbox 1147 3276 1253 3328; x_wconf 85' lang='lat'><em>61:6</em></span> <span class='ocrx_word' id='word_1_367' title='bbox 1284 3277 1484 3346; x_wconf 84' lang='grc' dir='ltr'>στέγην</span> <span class='ocrx_word' id='word_1_368' title='bbox 1534 3278 1592 3329; x_wconf 91' lang='grc' dir='ltr'>ἐν</span> <span class='ocrx_word' id='word_1_369' title='bbox 1619 3277 1762 3340; x_wconf 84' lang='grc' dir='ltr'>ὅλοις</span> <span class='ocrx_word' id='word_1_370' title='bbox 1809 3278 1981 3331; x_wconf 82' lang='grc' dir='ltr'>εῐκοσι</span> <span class='ocrx_word' id='word_1_371' title='bbox 2011 3278 2170 3347; x_wconf 85' lang='grc' dir='ltr'>νυχθ-</span> 
     </span>
    </p>
   </div>
   <div class='ocr_carea' id='block_1_50' title="bbox 581 3365 2171 3439">
    <p class='ocr_par' dir='ltr' id='par_1_50' title="bbox 581 3365 2171 3439">
     <span class='ocr_line' id='line_1_50' title="bbox 581 3365 2171 3439; baseline 0.003 -22"><span class='ocrx_word' id='word_1_372' title='bbox 581 3365 836 3437; x_wconf 85' lang='grc' dir='ltr'>ημέροις,</span> <span class='ocrx_word' id='word_1_373' title='bbox 870 3366 957 3419; x_wconf 76' lang='grc' dir='ltr'>ἵνα</span> <span class='ocrx_word' id='word_1_374' title='bbox 988 3366 1198 3438; x_wconf 82' lang='grc' dir='ltr'>νικήσω</span> <span class='ocrx_word' id='word_1_375' title='bbox 1214 3367 1413 3420; x_wconf 72' lang='grc' dir='ltr'>ὕπνον⁹</span> <span class='ocrx_word' id='word_1_376' title='bbox 1446 3370 1559 3431; x_wconf 90' lang='grc' dir='ltr'>τοῖς</span> <span class='ocrx_word' id='word_1_377' title='bbox 1587 3369 1687 3437; x_wconf 83' lang='grc' dir='ltr'>μὲν</span> <span class='ocrx_word' id='word_1_378' title='bbox 1713 3368 1959 3439; x_wconf 84' lang='grc' dir='ltr'>καύμασι</span> <span class='ocrx_word' id='word_1_379' title='bbox 1976 3368 2171 3437; x_wconf 83' lang='grc' dir='ltr'>φλεγό-</span> 
     </span>
    </p>
   </div>
   <div class='ocr_carea' id='block_1_51' title="bbox 584 3460 2169 3534">
    <p class='ocr_par' dir='ltr' id='par_1_51' title="bbox 584 3460 2169 3534">
     <span class='ocr_line' id='line_1_51' title="bbox 584 3460 2169 3534; baseline 0.002 -22"><span class='ocrx_word' id='word_1_380' title='bbox 584 3476 746 3530; x_wconf 81' lang='grc' dir='ltr'>μενος</span> <span class='ocrx_word' id='word_1_381' title='bbox 760 3461 860 3529; x_wconf 83' lang='grc' dir='ltr'>τὴν</span> <span class='ocrx_word' id='word_1_382' title='bbox 880 3461 986 3531; x_wconf 83' lang='grc' dir='ltr'>ήμέ</span> <span class='ocrx_word' id='word_1_383' title='bbox 996 3476 1116 3531; x_wconf 89' lang='grc' dir='ltr'>ραν,</span> <span class='ocrx_word' id='word_1_384' title='bbox 1133 3462 1199 3533; x_wconf 78' lang='grc' dir='ltr'>τῇ</span> <span class='ocrx_word' id='word_1_385' title='bbox 1227 3460 1282 3514; x_wconf 86' lang='grc' dir='ltr'>δέ</span> <span class='ocrx_word' id='word_1_386' title='bbox 1300 3478 1459 3515; x_wconf 86' lang='grc' dir='ltr'>νυκτε</span> <span class='ocrx_word' id='word_1_387' title='bbox 1470 3463 1588 3533; x_wconf 78' lang='grc' dir='ltr'>ρινῇ</span> <span class='ocrx_word' id='word_1_388' title='bbox 1615 3461 1949 3531; x_wconf 83' lang='grc' dir='ltr'>στυφόμενος</span> <span class='ocrx_word' id='word_1_389' title='bbox 1960 3461 2169 3534; x_wconf 78' lang='grc' dir='ltr'>ψυχρό-</span> 
     </span>
    </p>
   </div>
   <div class='ocr_carea' id='block_1_52' title="bbox 580 3549 2169 3627">
    <p class='ocr_par' dir='ltr' id='par_1_52' title="bbox 580 3549 2169 3627">
     <span class='ocr_line' id='line_1_52' title="bbox 580 3549 2169 3627; baseline 0.001 -22"><span class='ocrx_word' id='word_1_390' title='bbox 580 3569 727 3623; x_wconf 87' lang='grc' dir='ltr'>τητι.</span> <span class='ocrx_word' id='word_1_391' title='bbox 745 3552 941 3617; x_wconf 74' lang='grc' dir='ltr'>Καὶώς</span> <span class='ocrx_word' id='word_1_392' title='bbox 952 3553 1141 3623; x_wconf 75' lang='grc' dir='ltr'>ἔλεγεν</span> <span class='ocrx_word' id='word_1_393' title='bbox 1159 3549 1336 3619; x_wconf 74' lang='grc' dir='ltr'>οὗτος,</span> <span class='ocrx_word' id='word_1_394' title='bbox 1358 3555 1441 3608; x_wconf 82' lang='grc' dir='ltr'>ὅτι</span> <span class='ocrx_word' id='word_1_395' title='bbox 1461 3556 1521 3608; x_wconf 74' lang='lat' dir='ltr'>El</span> <span class='ocrx_word' id='word_1_396' title='bbox 1542 3556 1617 3626; x_wconf 87' lang='grc' dir='ltr'>μὴ</span> <span class='ocrx_word' id='word_1_397' title='bbox 1638 3555 1827 3627; x_wconf 88' lang='grc' dir='ltr'>τάχιον</span> <span class='ocrx_word' id='word_1_398' title='bbox 1845 3556 1951 3609; x_wconf 82' lang='lat'><em>61:6</em></span> <span class='ocrx_word' id='word_1_399' title='bbox 1971 3556 2169 3625; x_wconf 84' lang='grc' dir='ltr'>στέγην</span> 
     </span>
    </p>
   </div>
   <div class='ocr_carea' id='block_1_53' title="bbox 579 3644 2169 3719">
    <p class='ocr_par' dir='ltr' id='par_1_53' title="bbox 579 3644 2169 3719">
     <span class='ocr_line' id='line_1_53' title="bbox 579 3644 2169 3719; baseline 0.003 -23"><span class='ocrx_word' id='word_1_400' title='bbox 579 3644 856 3714; x_wconf 80' lang='grc' dir='ltr'>είσῆλθον,</span> <span class='ocrx_word' id='word_1_401' title='bbox 878 3647 972 3699; x_wconf 76' lang='grc' dir='ltr'>καὶ</span> <span class='ocrx_word' id='word_1_402' title='bbox 984 3647 1305 3719; x_wconf 82' lang='grc' dir='ltr'>ἐχρησάμην</span> <span class='ocrx_word' id='word_1_403' title='bbox 1324 3646 1685 3718; x_wconf 79' lang='grc' dir='ltr'>ύπνῳ,οῦτως</span> <span class='ocrx_word' id='word_1_404' title='bbox 1709 3647 1984 3719; x_wconf 82' lang='grc' dir='ltr'>ἐξηράνθη</span> <span class='ocrx_word' id='word_1_405' title='bbox 2014 3663 2115 3717; x_wconf 93' lang='grc' dir='ltr'>μου</span> <span class='ocrx_word' id='word_1_406' title='bbox 2140 3648 2169 3700; x_wconf 92' lang='lat'>6</span> 
     </span>
    </p>
   </div>
   <div class='ocr_carea' id='block_1_54' title="bbox 580 3736 2169 3810">
    <p class='ocr_par' dir='ltr' id='par_1_54' title="bbox 580 3736 2169 3810">
     <span class='ocr_line' id='line_1_54' title="bbox 580 3736 2169 3810; baseline 0.001 -21"><span class='ocrx_word' id='word_1_407' title='bbox 580 3736 905 3806; x_wconf 86' lang='grc' dir='ltr'>ἐγκέφαλος,</span> <span class='ocrx_word' id='word_1_408' title='bbox 935 3738 1011 3801; x_wconf 88' lang='grc' dir='ltr'>ώς</span> <span class='ocrx_word' id='word_1_409' title='bbox 1039 3738 1121 3802; x_wconf 90' lang='grc' dir='ltr'>είς</span> <span class='ocrx_word' id='word_1_410' title='bbox 1151 3738 1411 3793; x_wconf 71' lang='grc' dir='ltr'>ἔκστασιν</span> <span class='ocrx_word' id='word_1_411' title='bbox 1444 3757 1511 3810; x_wconf 91' lang='grc' dir='ltr'>με</span> <span class='ocrx_word' id='word_1_412' title='bbox 1531 3739 1721 3795; x_wconf 88' lang='grc' dir='ltr'>ἐλάσαι</span> <span class='ocrx_word' id='word_1_413' title='bbox 1739 3739 1944 3793; x_wconf 90' lang='grc' dir='ltr'>λοιπόν.</span> <span class='ocrx_word' id='word_1_414' title='bbox 1978 3738 2089 3793; x_wconf 79' lang='grc' dir='ltr'>Καὶ</span> <span class='ocrx_word' id='word_1_415' title='bbox 2110 3740 2169 3791; x_wconf 83' lang='grc' dir='ltr'>τὸ</span> 
     </span>
    </p>
   </div>
   <div class='ocr_carea' id='block_1_55' title="bbox 580 3828 2165 3900">
    <p class='ocr_par' dir='ltr' id='par_1_55' title="bbox 580 3828 2165 3900">
     <span class='ocr_line' id='line_1_55' title="bbox 580 3828 2165 3900; baseline 0.001 -19"><span class='ocrx_word' id='word_1_416' title='bbox 580 3828 705 3882; x_wconf 79' lang='grc' dir='ltr'>ὅσον</span> <span class='ocrx_word' id='word_1_417' title='bbox 726 3830 785 3882; x_wconf 87' lang='grc' dir='ltr'>ἐν</span> <span class='ocrx_word' id='word_1_418' title='bbox 800 3829 940 3899; x_wconf 75' lang='grc' dir='ltr'>ἐμοὶ.</span> <span class='ocrx_word' id='word_1_419' title='bbox 960 3832 1144 3899; x_wconf 74' lang='grc' dir='ltr'>φησὶν,</span> <span class='ocrx_word' id='word_1_420' title='bbox 1159 3832 1353 3886; x_wconf 88' lang='grc' dir='ltr'>ἐνίκων</span> <span class='ocrx_word' id='word_1_421' title='bbox 1373 3831 1465 3885; x_wconf 87' lang='grc' dir='ltr'>τὸν</span> <span class='ocrx_word' id='word_1_422' title='bbox 1485 3830 1673 3885; x_wconf 79' lang='grc' dir='ltr'>ῦπνονο</span> <span class='ocrx_word' id='word_1_423' title='bbox 1698 3832 1757 3885; x_wconf 87' lang='lat'>16</span> <span class='ocrx_word' id='word_1_424' title='bbox 1772 3831 1828 3884; x_wconf 80' lang='grc' dir='ltr'>δὲ</span> <span class='ocrx_word' id='word_1_425' title='bbox 1849 3832 1971 3885; x_wconf 87' lang='grc' dir='ltr'>ὅσον</span> <span class='ocrx_word' id='word_1_426' title='bbox 1991 3831 2082 3883; x_wconf 73' lang='grc' dir='ltr'>ἐπὶ</span> <span class='ocrx_word' id='word_1_427' title='bbox 2105 3831 2165 3900; x_wconf 83' lang='grc' dir='ltr'>τῇ</span> 
     </span>
    </p>
   </div>
   <div class='ocr_carea' id='block_1_56' title="bbox 581 3914 2164 3996">
    <p class='ocr_par' dir='ltr' id='par_1_56' title="bbox 581 3914 2164 3996">
     <span class='ocr_line' id='line_1_56' title="bbox 581 3914 2164 3996; baseline 0.003 -23"><span class='ocrx_word' id='word_1_428' title='bbox 581 3920 744 3990; x_wconf 88' lang='grc' dir='ltr'>φύσει</span> <span class='ocrx_word' id='word_1_429' title='bbox 757 3923 823 3993; x_wconf 84' lang='grc' dir='ltr'>τῇ</span> <span class='ocrx_word' id='word_1_430' title='bbox 839 3923 1027 3994; x_wconf 83' lang='grc' dir='ltr'>χρείαν</span> <span class='ocrx_word' id='word_1_431' title='bbox 1041 3914 1240 3995; x_wconf 71' lang='grc' dir='ltr'>ἐχούση</span> <span class='ocrx_word' id='word_1_432' title='bbox 1256 3923 1351 3977; x_wconf 88' lang='grc' dir='ltr'>τοῦ</span> <span class='ocrx_word' id='word_1_433' title='bbox 1377 3923 1567 3990; x_wconf 72' lang='grc' dir='ltr'>ὕπνου,</span> <span class='ocrx_word' id='word_1_434' title='bbox 1589 3924 1959 3996; x_wconf 83' lang='grc' dir='ltr'>παρεχώρησα</span> <span class='ocrx_word' id='word_1_435' title='bbox 1971 3923 2164 3995; x_wconf 80' lang='grc' dir='ltr'>ταύτῃ.</span> 
     </span>
    </p>
   </div>
   <div class='ocr_carea' id='block_1_57' title="bbox 654 4015 2169 4089">
    <p class='ocr_par' dir='ltr' id='par_1_57' title="bbox 654 4015 2169 4089">
     <span class='ocr_line' id='line_1_57' title="bbox 654 4015 2169 4089; baseline 0.001 -21"><span class='ocrx_word' id='word_1_436' title='bbox 654 4015 764 4069; x_wconf 91' lang='grc' dir='ltr'>Τοῦ</span> <span class='ocrx_word' id='word_1_437' title='bbox 812 4016 973 4085; x_wconf 83' lang='grc' dir='ltr'>ἁγίου</span> <span class='ocrx_word' id='word_1_438' title='bbox 1008 4016 1203 4072; x_wconf 85' lang='grc' dir='ltr'>τούτου</span> <span class='ocrx_word' id='word_1_439' title='bbox 1257 4016 1626 4089; x_wconf 75' lang='grc' dir='ltr'>καθεζομένου</span> <span class='ocrx_word' id='word_1_440' title='bbox 1652 4018 1757 4071; x_wconf 82' lang='grc' dir='ltr'>ὑπὸ</span> <span class='ocrx_word' id='word_1_441' title='bbox 1807 4016 1950 4088; x_wconf 81' lang='grc' dir='ltr'>πρωῒ</span> <span class='ocrx_word' id='word_1_442' title='bbox 1996 4019 2055 4069; x_wconf 87' lang='grc' dir='ltr'>ἐν</span> <span class='ocrx_word' id='word_1_443' title='bbox 2090 4015 2169 4086; x_wconf 81' lang='grc' dir='ltr'>τῷ</span> 
     </span>
    </p>
   </div>
   <div class='ocr_carea' id='block_1_58' title="bbox 581 4106 2167 4178">
    <p class='ocr_par' dir='ltr' id='par_1_58' title="bbox 581 4106 2167 4178">
     <span class='ocr_line' id='line_1_58' title="bbox 581 4106 2167 4178; baseline -0.001 -18"><span class='ocrx_word' id='word_1_444' title='bbox 581 4106 803 4175; x_wconf 87' lang='grc' dir='ltr'>κελλίῳ,</span> <span class='ocrx_word' id='word_1_445' title='bbox 831 4107 1035 4178; x_wconf 82' lang='grc' dir='ltr'>κώνωψ</span> <span class='ocrx_word' id='word_1_446' title='bbox 1057 4111 1189 4173; x_wconf 85' lang='grc' dir='ltr'>στάς</span> <span class='ocrx_word' id='word_1_447' title='bbox 1215 4111 1306 4164; x_wconf 76' lang='grc' dir='ltr'>ἐπὶ</span> <span class='ocrx_word' id='word_1_448' title='bbox 1336 4110 1432 4162; x_wconf 89' lang='grc' dir='ltr'>τοῦ</span> <span class='ocrx_word' id='word_1_449' title='bbox 1468 4110 1627 4174; x_wconf 82' lang='grc' dir='ltr'>ποδὸς</span> <span class='ocrx_word' id='word_1_450' title='bbox 1660 4110 1826 4163; x_wconf 78' lang='grc' dir='ltr'>αὐτοῦ</span> <span class='ocrx_word' id='word_1_451' title='bbox 1852 4109 2167 4177; x_wconf 79' lang='grc' dir='ltr'>ἐκὲντησεν.</span> 
     </span>
    </p>
   </div>
   <div class='ocr_carea' id='block_1_59' title="bbox 597 4200 2170 4277">
    <p class='ocr_par' dir='ltr' id='par_1_59' title="bbox 597 4200 2170 4277">
     <span class='ocr_line' id='line_1_59' title="bbox 597 4200 2170 4277; baseline 0 -22"><span class='ocrx_word' id='word_1_452' title='bbox 597 4200 867 4272; x_wconf 79' lang='grc' dir='ltr'>Ἀλγήσας</span> <span class='ocrx_word' id='word_1_453' title='bbox 899 4203 959 4255; x_wconf 88' lang='grc' dir='ltr'>δὲ</span> <span class='ocrx_word' id='word_1_454' title='bbox 981 4203 1252 4268; x_wconf 85' lang='grc' dir='ltr'>κατέαξεν</span> <span class='ocrx_word' id='word_1_455' title='bbox 1298 4204 1486 4257; x_wconf 86' lang='grc' dir='ltr'>τοῦτον</span> <span class='ocrx_word' id='word_1_456' title='bbox 1512 4206 1585 4277; x_wconf 74' lang='grc' dir='ltr'>τῇ</span> <span class='ocrx_word' id='word_1_457' title='bbox 1630 4203 1776 4274; x_wconf 73' lang='grc' dir='ltr'>χειρὶ</span> <span class='ocrx_word' id='word_1_458' title='bbox 1806 4202 1944 4273; x_wconf 83' lang='grc' dir='ltr'>μετά</span> <span class='ocrx_word' id='word_1_459' title='bbox 1970 4202 2031 4255; x_wconf 88' lang='lat'>16</span> <span class='ocrx_word' id='word_1_460' title='bbox 2074 4218 2170 4255; x_wconf 83' lang='grc' dir='ltr'>κο-</span> 
     </span>
    </p>
   </div>
   <div class='ocr_carea' id='block_1_60' title="bbox 585 4291 2169 4363">
    <p class='ocr_par' dir='ltr' id='par_1_60' title="bbox 585 4291 2169 4363">
     <span class='ocr_line' id='line_1_60' title="bbox 585 4291 2169 4363; baseline 0.001 -19"><span class='ocrx_word' id='word_1_461' title='bbox 585 4291 849 4363; x_wconf 82' lang='grc' dir='ltr'>ρεσθῆναι</span> <span class='ocrx_word' id='word_1_462' title='bbox 897 4296 991 4345; x_wconf 80' lang='grc' dir='ltr'>τοῦ</span> <span class='ocrx_word' id='word_1_463' title='bbox 1048 4293 1304 4362; x_wconf 80' lang='grc' dir='ltr'>αἵματος.</span> <span class='ocrx_word' id='word_1_464' title='bbox 1353 4292 1735 4357; x_wconf 81' lang='grc' dir='ltr'>Κατεγνωκὼς</span> <span class='ocrx_word' id='word_1_465' title='bbox 1794 4291 1887 4345; x_wconf 81' lang='grc' dir='ltr'>οὖν</span> <span class='ocrx_word' id='word_1_466' title='bbox 1942 4292 2169 4363; x_wconf 82' lang='grc' dir='ltr'>ὕστερον</span> 
     </span>
    </p>
   </div>
   <div class='ocr_carea' id='block_1_61' title="bbox 587 4382 2167 4456">
    <p class='ocr_par' dir='ltr' id='par_1_61' title="bbox 587 4382 2167 4456">
     <span class='ocr_line' id='line_1_61' title="bbox 587 4382 2167 4456; baseline -0.001 -17"><span class='ocrx_word' id='word_1_467' title='bbox 587 4384 789 4439; x_wconf 75' lang='grc' dir='ltr'>ἑαυτοῦ</span> <span class='ocrx_word' id='word_1_468' title='bbox 823 4384 899 4447; x_wconf 85' lang='grc' dir='ltr'>ὡς</span> <span class='ocrx_word' id='word_1_469' title='bbox 927 4385 1123 4439; x_wconf 72' lang='grc' dir='ltr'>ἐαυτὶν</span> <span class='ocrx_word' id='word_1_470' title='bbox 1146 4385 1548 4456; x_wconf 86' lang='grc' dir='ltr'>ἐκδικήσαντος,</span> <span class='ocrx_word' id='word_1_471' title='bbox 1577 4382 1929 4450; x_wconf 77' lang='grc' dir='ltr'>καταδικάζει</span> <span class='ocrx_word' id='word_1_472' title='bbox 1953 4385 2167 4451; x_wconf 75' lang='grc' dir='ltr'>ἐαυτὸν,</span> 
     </span>
    </p>
   </div>
   <div class='ocr_carea' id='block_1_62' title="bbox 2265 1902 3831 1979">
    <p class='ocr_par' dir='ltr' id='par_1_62' title="bbox 2265 1902 3831 1979">
     <span class='ocr_line' id='line_1_62' title="bbox 2265 1902 3831 1979; baseline 0.004 -26"><span class='ocrx_word' id='word_1_473' title='bbox 2265 1902 2474 1973; x_wconf 74' lang='grc' dir='ltr'>ἔρημον</span> <span class='ocrx_word' id='word_1_474' title='bbox 2506 1905 2687 1957; x_wconf 77' lang='grc' dir='ltr'>πᾶσαν</span> <span class='ocrx_word' id='word_1_475' title='bbox 2713 1904 3024 1972; x_wconf 86' lang='grc' dir='ltr'>διώδευσεν,</span> <span class='ocrx_word' id='word_1_476' title='bbox 3052 1908 3147 1960; x_wconf 76' lang='grc' dir='ltr'>καὶ</span> <span class='ocrx_word' id='word_1_477' title='bbox 3178 1906 3361 1961; x_wconf 86' lang='grc' dir='ltr'>λαϐὼν</span> <span class='ocrx_word' id='word_1_478' title='bbox 3387 1908 3527 1978; x_wconf 86' lang='grc' dir='ltr'>δέμα</span> <span class='ocrx_word' id='word_1_479' title='bbox 3572 1908 3831 1979; x_wconf 85' lang='grc' dir='ltr'>καλάμων,</span> 
     </span>
    </p>
   </div>
   <div class='ocr_carea' id='block_1_63' title="bbox 2265 1992 3833 2071">
    <p class='ocr_par' dir='ltr' id='par_1_63' title="bbox 2265 1992 3833 2071">
     <span class='ocr_line' id='line_1_63' title="bbox 2265 1992 3833 2071; baseline 0.003 -24"><span class='ocrx_word' id='word_1_480' title='bbox 2265 1992 2364 2048; x_wconf 72' lang='grc' dir='ltr'>ἕνα</span> <span class='ocrx_word' id='word_1_481' title='bbox 2415 1995 2557 2049; x_wconf 86' lang='grc' dir='ltr'>κατὰ</span> <span class='ocrx_word' id='word_1_482' title='bbox 2611 1996 2788 2067; x_wconf 88' lang='grc' dir='ltr'>μίλιον</span> <span class='ocrx_word' id='word_1_483' title='bbox 2830 1998 2953 2052; x_wconf 83' lang='grc' dir='ltr'>ἵστα</span> <span class='ocrx_word' id='word_1_484' title='bbox 2993 2000 3154 2071; x_wconf 87' lang='grc' dir='ltr'>χάριν</span> <span class='ocrx_word' id='word_1_485' title='bbox 3200 2000 3452 2070; x_wconf 89' lang='grc' dir='ltr'>σημείου,</span> <span class='ocrx_word' id='word_1_486' title='bbox 3500 2000 3597 2055; x_wconf 79' lang='grc' dir='ltr'>ἵνα</span> <span class='ocrx_word' id='word_1_487' title='bbox 3624 2001 3754 2071; x_wconf 73' lang='grc' dir='ltr'>εὕρῃ</span> <span class='ocrx_word' id='word_1_488' title='bbox 3780 2000 3833 2056; x_wconf 75' lang='grc' dir='ltr'>δι’</span> 
     </span>
    </p>
   </div>
   <div class='ocr_carea' id='block_1_64' title="bbox 2267 2086 3831 2165">
    <p class='ocr_par' dir='ltr' id='par_1_64' title="bbox 2267 2086 3831 2165">
     <span class='ocr_line' id='line_1_64' title="bbox 2267 2086 3831 2165; baseline 0.004 -26"><span class='ocrx_word' id='word_1_489' title='bbox 2267 2086 2439 2157; x_wconf 62' lang='grc' dir='ltr'>αὐτῆς</span> <span class='ocrx_word' id='word_1_490' title='bbox 2472 2088 2829 2160; x_wconf 70' lang='grc' dir='ltr'>ὑποστρέψαι.</span> <span class='ocrx_word' id='word_1_491' title='bbox 2877 2090 3166 2156; x_wconf 89' lang='grc' dir='ltr'>Διοδεύσας</span> <span class='ocrx_word' id='word_1_492' title='bbox 3202 2091 3294 2145; x_wconf 82' lang='lat' dir='ltr'><em>06v</em></span> <span class='ocrx_word' id='word_1_493' title='bbox 3328 2092 3548 2165; x_wconf 79' lang='grc' dir='ltr'>ἐκείνην</span> <span class='ocrx_word' id='word_1_494' title='bbox 3578 2093 3680 2164; x_wconf 82' lang='grc' dir='ltr'>τὴν</span> <span class='ocrx_word' id='word_1_495' title='bbox 3724 2094 3831 2163; x_wconf 85' lang='grc' dir='ltr'>ἐρη-</span> 
     </span>
    </p>
   </div>
   <div class='ocr_carea' id='block_1_65' title="bbox 2271 2181 3831 2254">
    <p class='ocr_par' dir='ltr' id='par_1_65' title="bbox 2271 2181 3831 2254">
     <span class='ocr_line' id='line_1_65' title="bbox 2271 2181 3831 2254; baseline 0.004 -22"><span class='ocrx_word' id='word_1_496' title='bbox 2271 2195 2372 2250; x_wconf 90' lang='grc' dir='ltr'>μον</span> <span class='ocrx_word' id='word_1_497' title='bbox 2411 2181 2591 2234; x_wconf 80' lang='grc' dir='ltr'>πᾶσαν</span> <span class='ocrx_word' id='word_1_498' title='bbox 2617 2182 2767 2245; x_wconf 86' lang='grc' dir='ltr'>ἐντὸς</span> <span class='ocrx_word' id='word_1_499' title='bbox 2801 2182 3024 2253; x_wconf 81' lang='grc' dir='ltr'>ἡμερῶν</span> <span class='ocrx_word' id='word_1_500' title='bbox 3060 2184 3237 2246; x_wconf 85' lang='grc' dir='ltr'>ἐννέα,</span> <span class='ocrx_word' id='word_1_501' title='bbox 3262 2184 3357 2237; x_wconf 81' lang='grc' dir='ltr'>καὶ</span> <span class='ocrx_word' id='word_1_502' title='bbox 3390 2184 3690 2254; x_wconf 85' lang='grc' dir='ltr'>γενόμενος</span> <span class='ocrx_word' id='word_1_503' title='bbox 3715 2185 3831 2253; x_wconf 79' lang='grc' dir='ltr'>πλη·</span> 
     </span>
    </p>
   </div>
   <div class='ocr_carea' id='block_1_66' title="bbox 2272 2270 3832 2347">
    <p class='ocr_par' dir='ltr' id='par_1_66' title="bbox 2272 2270 3832 2347">
     <span class='ocr_line' id='line_1_66' title="bbox 2272 2270 3832 2347; baseline 0.003 -24"><span class='ocrx_word' id='word_1_504' title='bbox 2272 2270 2390 2323; x_wconf 86' lang='grc' dir='ltr'>σίον</span> <span class='ocrx_word' id='word_1_505' title='bbox 2427 2270 2522 2325; x_wconf 83' lang='grc' dir='ltr'>τοῦ</span> <span class='ocrx_word' id='word_1_506' title='bbox 2570 2273 2747 2341; x_wconf 87' lang='grc' dir='ltr'>κήπου</span> <span class='ocrx_word' id='word_1_507' title='bbox 2792 2273 3027 2339; x_wconf 90' lang='grc' dir='ltr'>ἐκείνου,</span> <span class='ocrx_word' id='word_1_508' title='bbox 3077 2274 3599 2345; x_wconf 84' lang='grc' dir='ltr'>ἐπικαταλαϐούσης</span> <span class='ocrx_word' id='word_1_509' title='bbox 3634 2276 3729 2347; x_wconf 86' lang='grc' dir='ltr'>τῆς</span> <span class='ocrx_word' id='word_1_510' title='bbox 3759 2294 3832 2328; x_wconf 82' lang='lat' dir='ltr'>w-</span> 
     </span>
    </p>
   </div>
   <div class='ocr_carea' id='block_1_67' title="bbox 2268 2360 3833 2438">
    <p class='ocr_par' dir='ltr' id='par_1_67' title="bbox 2268 2360 3833 2438">
     <span class='ocr_line' id='line_1_67' title="bbox 2268 2360 3833 2438; baseline 0.003 -23"><span class='ocrx_word' id='word_1_511' title='bbox 2268 2362 2396 2425; x_wconf 74' lang='lat' dir='ltr'><em>x16;</em></span> <span class='ocrx_word' id='word_1_512' title='bbox 2422 2363 2619 2433; x_wconf 75' lang='grc' dir='ltr'>μικρὸν</span> <span class='ocrx_word' id='word_1_513' title='bbox 2670 2364 3059 2435; x_wconf 84' lang='grc' dir='ltr'>ἐκαθεύδησεν.</span> <span class='ocrx_word' id='word_1_514' title='bbox 3095 2367 3153 2418; x_wconf 89' lang='lat'>&#39;0</span> <span class='ocrx_word' id='word_1_515' title='bbox 3196 2360 3289 2419; x_wconf 76' lang='grc' dir='ltr'>οὖν</span> <span class='ocrx_word' id='word_1_516' title='bbox 3329 2366 3520 2436; x_wconf 79' lang='grc' dir='ltr'>ἄγριος</span> <span class='ocrx_word' id='word_1_517' title='bbox 3557 2368 3778 2438; x_wconf 84' lang='grc' dir='ltr'>δαίμων,</span> <span class='ocrx_word' id='word_1_518' title='bbox 3808 2368 3833 2419; x_wconf 82' lang='lat'>6</span> 
     </span>
    </p>
   </div>
   <div class='ocr_carea' id='block_1_68' title="bbox 2268 2454 3835 2531">
    <p class='ocr_par' dir='ltr' id='par_1_68' title="bbox 2268 2454 3835 2531">
     <span class='ocr_line' id='line_1_68' title="bbox 2268 2454 3835 2531; baseline 0.003 -24"><span class='ocrx_word' id='word_1_519' title='bbox 2268 2454 2359 2507; x_wconf 74' lang='grc' dir='ltr'>ἀεὶ</span> <span class='ocrx_word' id='word_1_520' title='bbox 2413 2457 2527 2518; x_wconf 86' lang='grc' dir='ltr'>τοῖς</span> <span class='ocrx_word' id='word_1_521' title='bbox 2555 2455 2819 2525; x_wconf 86' lang='grc' dir='ltr'>ἀθληταῖς</span> <span class='ocrx_word' id='word_1_522' title='bbox 2869 2458 2964 2511; x_wconf 89' lang='grc' dir='ltr'>τοῦ</span> <span class='ocrx_word' id='word_1_523' title='bbox 2998 2458 3240 2526; x_wconf 83' lang='grc' dir='ltr'>Χριστοῦ</span> <span class='ocrx_word' id='word_1_524' title='bbox 3286 2460 3691 2531; x_wconf 83' lang='grc' dir='ltr'>ἀντιπράττων,</span> <span class='ocrx_word' id='word_1_525' title='bbox 3730 2477 3835 2514; x_wconf 81' lang='grc' dir='ltr'>συνο</span> 
     </span>
    </p>
   </div>
   <div class='ocr_carea' id='block_1_69' title="bbox 2270 2545 3829 2625">
    <p class='ocr_par' dir='ltr' id='par_1_69' title="bbox 2270 2545 3829 2625">
     <span class='ocr_line' id='line_1_69' title="bbox 2270 2545 3829 2625; baseline 0.003 -26"><span class='ocrx_word' id='word_1_526' title='bbox 2270 2545 2500 2615; x_wconf 84' lang='grc' dir='ltr'>αγαγὼν</span> <span class='ocrx_word' id='word_1_527' title='bbox 2533 2547 2689 2612; x_wconf 81' lang='grc' dir='ltr'>ὅλους</span> <span class='ocrx_word' id='word_1_528' title='bbox 2722 2550 2847 2612; x_wconf 81' lang='grc' dir='ltr'>τοὺς</span> <span class='ocrx_word' id='word_1_529' title='bbox 2872 2547 3154 2620; x_wconf 87' lang='grc' dir='ltr'>καλάμους</span> <span class='ocrx_word' id='word_1_530' title='bbox 3183 2550 3426 2614; x_wconf 79' lang='grc' dir='ltr'>ἐκείνους</span> <span class='ocrx_word' id='word_1_531' title='bbox 3448 2552 3544 2605; x_wconf 89' lang='grc' dir='ltr'>τοῦ</span> <span class='ocrx_word' id='word_1_532' title='bbox 3570 2547 3829 2625; x_wconf 71' lang='grc' dir='ltr'>Μακαρία.»</span> 
     </span>
    </p>
   </div>
   <div class='ocr_carea' id='block_1_70' title="bbox 2270 2636 3828 2715">
    <p class='ocr_par' dir='ltr' id='par_1_70' title="bbox 2270 2636 3828 2715">
     <span class='ocr_line' id='line_1_70' title="bbox 2270 2636 3828 2715; baseline 0.004 -27"><span class='ocrx_word' id='word_1_533' title='bbox 2270 2636 2624 2702; x_wconf 88' lang='grc' dir='ltr'>καθεύδοντος</span> <span class='ocrx_word' id='word_1_534' title='bbox 2670 2639 2747 2703; x_wconf 85' lang='grc' dir='ltr'>ὡς</span> <span class='ocrx_word' id='word_1_535' title='bbox 2776 2640 2886 2693; x_wconf 85' lang='grc' dir='ltr'>ἀπὸ</span> <span class='ocrx_word' id='word_1_536' title='bbox 2933 2642 3163 2711; x_wconf 90' lang='grc' dir='ltr'>σημείου</span> <span class='ocrx_word' id='word_1_537' title='bbox 3220 2641 3340 2706; x_wconf 78' lang='grc' dir='ltr'>ἐνὸς</span> <span class='ocrx_word' id='word_1_538' title='bbox 3366 2642 3463 2696; x_wconf 83' lang='grc' dir='ltr'>τοῦ</span> <span class='ocrx_word' id='word_1_539' title='bbox 3506 2644 3828 2715; x_wconf 80' lang='grc' dir='ltr'>κηποταφίου</span> 
     </span>
    </p>
   </div>
   <div class='ocr_carea' id='block_1_71' title="bbox 2269 2727 3827 2806">
    <p class='ocr_par' dir='ltr' id='par_1_71' title="bbox 2269 2727 3827 2806">
     <span class='ocr_line' id='line_1_71' title="bbox 2269 2727 3827 2806; baseline 0.012 -27"><span class='ocrx_word' id='word_1_540' title='bbox 2269 2727 2407 2797; x_wconf 78' lang='grc' dir='ltr'>πρὸς</span> <span class='ocrx_word' id='word_1_541' title='bbox 2431 2731 2497 2799; x_wconf 83' lang='grc' dir='ltr'>τῇ</span> <span class='ocrx_word' id='word_1_542' title='bbox 2522 2730 2731 2801; x_wconf 77' lang='grc' dir='ltr'>κεφαλῇ</span> <span class='ocrx_word' id='word_1_543' title='bbox 2761 2730 2927 2784; x_wconf 85' lang='grc' dir='ltr'>αὐτοῦ</span> <span class='ocrx_word' id='word_1_544' title='bbox 2954 2731 3214 2797; x_wconf 79' lang='grc' dir='ltr'>τεθεικώς</span> <span class='ocrx_word' id='word_1_545' title='bbox 3243 2733 3555 2806; x_wconf 89' lang='grc' dir='ltr'>ἀπηλλάγη.</span> <span class='ocrx_word' id='word_1_546' title='bbox 3593 2735 3827 2797; x_wconf 70' lang='grc' dir='ltr'>’Δναστὰς</span> 
     </span>
    </p>
   </div>
   <div class='ocr_carea' id='block_1_72' title="bbox 2268 2812 3829 2893">
    <p class='ocr_par' dir='ltr' id='par_1_72' title="bbox 2268 2812 3829 2893">
     <span class='ocr_line' id='line_1_72' title="bbox 2268 2812 3829 2893; baseline 0.004 -24"><span class='ocrx_word' id='word_1_547' title='bbox 2268 2812 2363 2870; x_wconf 80' lang='grc' dir='ltr'>οὖν</span> <span class='ocrx_word' id='word_1_548' title='bbox 2396 2813 2555 2889; x_wconf 77' lang='grc' dir='ltr'>εὗρεν</span> <span class='ocrx_word' id='word_1_549' title='bbox 2588 2820 2715 2884; x_wconf 84' lang='grc' dir='ltr'>τοὺς</span> <span class='ocrx_word' id='word_1_550' title='bbox 2758 2820 3041 2893; x_wconf 90' lang='grc' dir='ltr'>καλάμους</span> <span class='ocrx_word' id='word_1_551' title='bbox 3096 2822 3539 2893; x_wconf 86' lang='grc' dir='ltr'>συνδεδεμένους,</span> <span class='ocrx_word' id='word_1_552' title='bbox 3568 2824 3660 2888; x_wconf 87' lang='grc' dir='ltr'>οὒς</span> <span class='ocrx_word' id='word_1_553' title='bbox 3687 2823 3829 2887; x_wconf 76' lang='grc' dir='ltr'>αὐτὸς</span> 
     </span>
    </p>
   </div>
   <div class='ocr_carea' id='block_1_73' title="bbox 2269 2907 3825 2984">
    <p class='ocr_par' dir='ltr' id='par_1_73' title="bbox 2269 2907 3825 2984">
     <span class='ocr_line' id='line_1_73' title="bbox 2269 2907 3825 2984; baseline 0.003 -23"><span class='ocrx_word' id='word_1_554' title='bbox 2269 2907 2433 2979; x_wconf 87' lang='grc' dir='ltr'>χάριν</span> <span class='ocrx_word' id='word_1_555' title='bbox 2469 2915 2699 2981; x_wconf 83' lang='grc' dir='ltr'>σημείου</span> <span class='ocrx_word' id='word_1_556' title='bbox 2752 2913 3087 2984; x_wconf 80' lang='grc' dir='ltr'>κατέπηξεν.</span> <span class='ocrx_word' id='word_1_557' title='bbox 3136 2912 3289 2984; x_wconf 79' lang='grc' dir='ltr'>Τάχα</span> <span class='ocrx_word' id='word_1_558' title='bbox 3317 2915 3375 2969; x_wconf 86' lang='lat'>66</span> <span class='ocrx_word' id='word_1_559' title='bbox 3404 2915 3502 2970; x_wconf 73' lang='grc' dir='ltr'>καὶ</span> <span class='ocrx_word' id='word_1_560' title='bbox 3546 2916 3697 2969; x_wconf 89' lang='grc' dir='ltr'>τοῦτο</span> <span class='ocrx_word' id='word_1_561' title='bbox 3746 2914 3825 2967; x_wconf 75' lang='grc' dir='ltr'>τοῦ</span> 
     </span>
    </p>
   </div>
   <div class='ocr_carea' id='block_1_74' title="bbox 2269 3000 3821 3079">
    <p class='ocr_par' dir='ltr' id='par_1_74' title="bbox 2269 3000 3821 3079">
     <span class='ocr_line' id='line_1_74' title="bbox 2269 3000 3821 3079; baseline 0.003 -26"><span class='ocrx_word' id='word_1_562' title='bbox 2269 3000 2406 3054; x_wconf 87' lang='grc' dir='ltr'>Θεοῦ</span> <span class='ocrx_word' id='word_1_563' title='bbox 2437 3004 2894 3074; x_wconf 80' lang='grc' dir='ltr'>συγχωρήσαντος</span> <span class='ocrx_word' id='word_1_564' title='bbox 2916 3008 2998 3069; x_wconf 83' lang='grc' dir='ltr'>είς</span> <span class='ocrx_word' id='word_1_565' title='bbox 3029 3006 3257 3076; x_wconf 87' lang='grc' dir='ltr'>μείζονα</span> <span class='ocrx_word' id='word_1_566' title='bbox 3285 3007 3480 3061; x_wconf 85' lang='grc' dir='ltr'>τούτου</span> <span class='ocrx_word' id='word_1_567' title='bbox 3518 3006 3821 3079; x_wconf 79' lang='grc' dir='ltr'>γυμνασίαν,</span> 
     </span>
    </p>
   </div>
   <div class='ocr_carea' id='block_1_75' title="bbox 2271 3092 3823 3172">
    <p class='ocr_par' dir='ltr' id='par_1_75' title="bbox 2271 3092 3823 3172">
     <span class='ocr_line' id='line_1_75' title="bbox 2271 3092 3823 3172; baseline 0.003 -27"><span class='ocrx_word' id='word_1_568' title='bbox 2271 3092 2360 3147; x_wconf 77' lang='grc' dir='ltr'>ἵνα</span> <span class='ocrx_word' id='word_1_569' title='bbox 2395 3094 2470 3165; x_wconf 81' lang='grc' dir='ltr'>μὴ</span> <span class='ocrx_word' id='word_1_570' title='bbox 2518 3094 2790 3166; x_wconf 88' lang='grc' dir='ltr'>καλάμοις</span> <span class='ocrx_word' id='word_1_571' title='bbox 2829 3098 3105 3172; x_wconf 77' lang='grc' dir='ltr'>ἐπελπίζῃ</span> <span class='ocrx_word' id='word_1_572' title='bbox 3153 3099 3412 3169; x_wconf 79' lang='grc' dir='ltr'>ὁδηγοῦσι</span> <span class='ocrx_word' id='word_1_573' title='bbox 3461 3100 3664 3166; x_wconf 88' lang='grc' dir='ltr'>τοῦτον,</span> <span class='ocrx_word' id='word_1_574' title='bbox 3704 3098 3823 3153; x_wconf 70' lang='grc' dir='ltr'>ἀλλὰ</span> 
     </span>
    </p>
   </div>
   <div class='ocr_carea' id='block_1_76' title="bbox 2269 3187 3820 3264">
    <p class='ocr_par' dir='ltr' id='par_1_76' title="bbox 2269 3187 3820 3264">
     <span class='ocr_line' id='line_1_76' title="bbox 2269 3187 3820 3264; baseline 0.008 -27"><span class='ocrx_word' id='word_1_575' title='bbox 2269 3188 2336 3255; x_wconf 77' lang='grc' dir='ltr'>τῇ</span> <span class='ocrx_word' id='word_1_576' title='bbox 2365 3187 2550 3258; x_wconf 88' lang='grc' dir='ltr'>χάριτι</span> <span class='ocrx_word' id='word_1_577' title='bbox 2581 3188 2677 3241; x_wconf 85' lang='grc' dir='ltr'>τοῦ</span> <span class='ocrx_word' id='word_1_578' title='bbox 2710 3188 2847 3243; x_wconf 86' lang='grc' dir='ltr'>Θεοῦ</span> <span class='ocrx_word' id='word_1_579' title='bbox 2877 3189 2973 3244; x_wconf 89' lang='grc' dir='ltr'>τοῦ</span> <span class='ocrx_word' id='word_1_580' title='bbox 3009 3192 3098 3245; x_wconf 83' lang='grc' dir='ltr'>διὰ</span> <span class='ocrx_word' id='word_1_581' title='bbox 3149 3191 3344 3245; x_wconf 85' lang='grc' dir='ltr'>στύλου</span> <span class='ocrx_word' id='word_1_582' title='bbox 3383 3193 3609 3264; x_wconf 79' lang='grc' dir='ltr'>νεφέλης</span> <span class='ocrx_word' id='word_1_583' title='bbox 3644 3192 3820 3261; x_wconf 65' lang='grc' dir='ltr'>ὁδηγήο</span> 
     </span>
    </p>
   </div>
   <div class='ocr_carea' id='block_1_77' title="bbox 2272 3280 3818 3359">
    <p class='ocr_par' dir='ltr' id='par_1_77' title="bbox 2272 3280 3818 3359">
     <span class='ocr_line' id='line_1_77' title="bbox 2272 3280 3818 3359; baseline 0.006 -30"><span class='ocrx_word' id='word_1_584' title='bbox 2272 3294 2466 3342; x_wconf 86' lang='grc' dir='ltr'>σαντος</span> <span class='ocrx_word' id='word_1_585' title='bbox 2492 3280 2587 3333; x_wconf 86' lang='lat' dir='ltr'><em>16v</em></span> <span class='ocrx_word' id='word_1_586' title='bbox 2642 3280 2857 3352; x_wconf 78' lang='grc' dir='ltr'>Ἰσραὴλ</span> <span class='ocrx_word' id='word_1_587' title='bbox 2891 3284 3303 3354; x_wconf 85' lang='grc' dir='ltr'>τεσσαράκοντα</span> <span class='ocrx_word' id='word_1_588' title='bbox 3342 3286 3436 3359; x_wconf 82' lang='grc' dir='ltr'>ἐτη</span> <span class='ocrx_word' id='word_1_589' title='bbox 3463 3288 3520 3341; x_wconf 84' lang='grc' dir='ltr'>ἐν</span> <span class='ocrx_word' id='word_1_590' title='bbox 3542 3290 3601 3359; x_wconf 77' lang='grc' dir='ltr'>τῇ</span> <span class='ocrx_word' id='word_1_591' title='bbox 3631 3285 3818 3356; x_wconf 74' lang='grc' dir='ltr'>φοϐερᾷ</span> 
     </span>
    </p>
   </div>
   <div class='ocr_carea' id='block_1_78' title="bbox 2269 3369 3812 3448">
    <p class='ocr_par' dir='ltr' id='par_1_78' title="bbox 2269 3369 3812 3448">
     <span class='ocr_line' id='line_1_78' title="bbox 2269 3369 3812 3448; baseline 0.012 -28"><span class='ocrx_word' id='word_1_592' title='bbox 2269 3369 2462 3442; x_wconf 81' lang='grc' dir='ltr'>ἐρήμῳ</span> <span class='ocrx_word' id='word_1_593' title='bbox 2496 3372 2702 3443; x_wconf 81' lang='grc' dir='ltr'>ἐκείνῃ.</span> <span class='ocrx_word' id='word_1_594' title='bbox 2740 3374 2969 3444; x_wconf 86' lang='grc' dir='ltr'>Ἔλεγεν</span> <span class='ocrx_word' id='word_1_595' title='bbox 2991 3376 3049 3430; x_wconf 85' lang='grc' dir='ltr'>δὲ</span> <span class='ocrx_word' id='word_1_596' title='bbox 3084 3379 3113 3430; x_wconf 90' lang='lat'>6</span> <span class='ocrx_word' id='word_1_597' title='bbox 3146 3376 3327 3447; x_wconf 74' lang='grc' dir='ltr'>ἅγιος,</span> <span class='ocrx_word' id='word_1_598' title='bbox 3368 3381 3450 3434; x_wconf 82' lang='grc' dir='ltr'>ὅτι</span> <span class='ocrx_word' id='word_1_599' title='bbox 3499 3377 3812 3448; x_wconf 75' lang='grc' dir='ltr'>Ἐγγισαντάς</span> 
     </span>
    </p>
   </div>
   <div class='ocr_carea' id='block_1_79' title="bbox 2273 3462 3807 3539">
    <p class='ocr_par' dir='ltr' id='par_1_79' title="bbox 2273 3462 3807 3539">
     <span class='ocr_line' id='line_1_79' title="bbox 2273 3462 3807 3539; baseline 0.01 -26"><span class='ocrx_word' id='word_1_600' title='bbox 2273 3478 2377 3532; x_wconf 88' lang='grc' dir='ltr'>μου</span> <span class='ocrx_word' id='word_1_601' title='bbox 2426 3462 2587 3532; x_wconf 90' lang='grc' dir='ltr'>μόνον</span> <span class='ocrx_word' id='word_1_602' title='bbox 2632 3464 2710 3537; x_wconf 83' lang='grc' dir='ltr'>τῷ</span> <span class='ocrx_word' id='word_1_603' title='bbox 2746 3468 3097 3539; x_wconf 86' lang='grc' dir='ltr'>κηποταφίῳ,</span> <span class='ocrx_word' id='word_1_604' title='bbox 3152 3470 3249 3522; x_wconf 86' lang='grc' dir='ltr'>ἀπ’</span> <span class='ocrx_word' id='word_1_605' title='bbox 3288 3469 3447 3524; x_wconf 81' lang='grc' dir='ltr'>αὐτοῦ</span> <span class='ocrx_word' id='word_1_606' title='bbox 3480 3467 3685 3538; x_wconf 68' lang='grc' dir='ltr'>ἐξῆλθον</span> <span class='ocrx_word' id='word_1_607' title='bbox 3729 3468 3807 3529; x_wconf 71' lang='grc' dir='ltr'>εις</span> 
     </span>
    </p>
   </div>
   <div class='ocr_carea' id='block_1_80' title="bbox 2272 3552 3799 3632">
    <p class='ocr_par' dir='ltr' id='par_1_80' title="bbox 2272 3552 3799 3632">
     <span class='ocr_line' id='line_1_80' title="bbox 2272 3552 3799 3632; baseline 0.012 -28"><span class='ocrx_word' id='word_1_608' title='bbox 2272 3552 2597 3624; x_wconf 89' lang='grc' dir='ltr'>συνάντησίν</span> <span class='ocrx_word' id='word_1_609' title='bbox 2632 3572 2736 3625; x_wconf 89' lang='grc' dir='ltr'>μου</span> <span class='ocrx_word' id='word_1_610' title='bbox 2796 3556 3171 3629; x_wconf 86' lang='grc' dir='ltr'>ἐϐδομήκοντα</span> <span class='ocrx_word' id='word_1_611' title='bbox 3208 3558 3451 3632; x_wconf 87' lang='grc' dir='ltr'>δαίμονες</span> <span class='ocrx_word' id='word_1_612' title='bbox 3487 3555 3702 3626; x_wconf 78' lang='grc' dir='ltr'>παντοίῳ</span> <span class='ocrx_word' id='word_1_613' title='bbox 3726 3556 3799 3621; x_wconf 74' lang='grc' dir='ltr'>τῷ</span> 
     </span>
    </p>
   </div>
   <div class='ocr_carea' id='block_1_81' title="bbox 2271 3646 3794 3723">
    <p class='ocr_par' dir='ltr' id='par_1_81' title="bbox 2271 3646 3794 3723">
     <span class='ocr_line' id='line_1_81' title="bbox 2271 3646 3794 3723; baseline -0.011 -10"><span class='ocrx_word' id='word_1_614' title='bbox 2271 3646 2533 3715; x_wconf 73' lang='grc' dir='ltr'>σχήματι.</span> <span class='ocrx_word' id='word_1_615' title='bbox 2560 3646 2609 3698; x_wconf 66' lang='grc' dir='ltr'>οῖ</span> <span class='ocrx_word' id='word_1_616' title='bbox 2642 3647 2741 3717; x_wconf 78' lang='grc' dir='ltr'>μὲν</span> <span class='ocrx_word' id='word_1_617' title='bbox 2764 3646 3014 3717; x_wconf 76' lang='grc' dir='ltr'>βοῶντες.</span> <span class='ocrx_word' id='word_1_618' title='bbox 3046 3648 3097 3703; x_wconf 74' lang='grc' dir='ltr'>οἱ</span> <span class='ocrx_word' id='word_1_619' title='bbox 3126 3650 3184 3705; x_wconf 78' lang='grc' dir='ltr'>δὲ</span> <span class='ocrx_word' id='word_1_620' title='bbox 3220 3650 3513 3723; x_wconf 80' lang='grc' dir='ltr'>πηδῶντες,</span> <span class='ocrx_word' id='word_1_621' title='bbox 3538 3649 3582 3703; x_wconf 79' lang='grc' dir='ltr'>οἱ</span> <span class='ocrx_word' id='word_1_622' title='bbox 3602 3647 3652 3701; x_wconf 72' lang='grc' dir='ltr'>δέ</span> <span class='ocrx_word' id='word_1_623' title='bbox 3674 3646 3794 3717; x_wconf 80' lang='grc' dir='ltr'>μετά</span> 
     </span>
    </p>
   </div>
   <div class='ocr_carea' id='block_1_82' title="bbox 2273 3737 3800 3815">
    <p class='ocr_par' dir='ltr' id='par_1_82' title="bbox 2273 3737 3800 3815">
     <span class='ocr_line' id='line_1_82' title="bbox 2273 3737 3800 3815; baseline 0.007 -27"><span class='ocrx_word' id='word_1_624' title='bbox 2273 3737 2513 3805; x_wconf 77' lang='grc' dir='ltr'>μεγάλου</span> <span class='ocrx_word' id='word_1_625' title='bbox 2543 3737 2793 3810; x_wconf 81' lang='grc' dir='ltr'>βρυγμοῦ</span> <span class='ocrx_word' id='word_1_626' title='bbox 2819 3740 3100 3810; x_wconf 84' lang='grc' dir='ltr'>τρίζοντες</span> <span class='ocrx_word' id='word_1_627' title='bbox 3130 3743 3252 3797; x_wconf 84' lang='grc' dir='ltr'>κατ’</span> <span class='ocrx_word' id='word_1_628' title='bbox 3283 3742 3420 3815; x_wconf 87' lang='grc' dir='ltr'>ἐμοῦ</span> <span class='ocrx_word' id='word_1_629' title='bbox 3461 3743 3573 3806; x_wconf 76' lang='grc' dir='ltr'>τοὺς</span> <span class='ocrx_word' id='word_1_630' title='bbox 3594 3740 3800 3799; x_wconf 73' lang='grc' dir='ltr'>ὀδόντας-</span> 
     </span>
    </p>
   </div>
   <div class='ocr_carea' id='block_1_83' title="bbox 2272 3829 3813 3907">
    <p class='ocr_par' dir='ltr' id='par_1_83' title="bbox 2272 3829 3813 3907">
     <span class='ocr_line' id='line_1_83' title="bbox 2272 3829 3813 3907; baseline 0 -24"><span class='ocrx_word' id='word_1_631' title='bbox 2272 3829 2491 3902; x_wconf 84' lang='grc' dir='ltr'>Ἕτεροι</span> <span class='ocrx_word' id='word_1_632' title='bbox 2514 3832 2570 3885; x_wconf 86' lang='grc' dir='ltr'>δέ</span> <span class='ocrx_word' id='word_1_633' title='bbox 2599 3831 2675 3896; x_wconf 89' lang='grc' dir='ltr'>ὼς</span> <span class='ocrx_word' id='word_1_634' title='bbox 2714 3832 2949 3902; x_wconf 90' lang='grc' dir='ltr'>κόρακες</span> <span class='ocrx_word' id='word_1_635' title='bbox 2980 3837 3410 3907; x_wconf 86' lang='grc' dir='ltr'>πτερυσσόμενοι</span> <span class='ocrx_word' id='word_1_636' title='bbox 3434 3836 3661 3904; x_wconf 82' lang='grc' dir='ltr'>ἐτόλμων</span> <span class='ocrx_word' id='word_1_637' title='bbox 3688 3830 3813 3886; x_wconf 83' lang='grc' dir='ltr'>κατά</span> 
     </span>
    </p>
   </div>
   <div class='ocr_carea' id='block_1_84' title="bbox 2269 3923 3817 3999">
    <p class='ocr_par' dir='ltr' id='par_1_84' title="bbox 2269 3923 3817 3999">
     <span class='ocr_line' id='line_1_84' title="bbox 2269 3923 3817 3999; baseline -0.001 -22"><span class='ocrx_word' id='word_1_638' title='bbox 2269 3924 2366 3992; x_wconf 85' lang='grc' dir='ltr'>τῆς</span> <span class='ocrx_word' id='word_1_639' title='bbox 2388 3923 2564 3992; x_wconf 73' lang='grc' dir='ltr'>ὄψεώς</span> <span class='ocrx_word' id='word_1_640' title='bbox 2592 3942 2717 3996; x_wconf 89' lang='grc' dir='ltr'>μου,</span> <span class='ocrx_word' id='word_1_641' title='bbox 2769 3927 3042 3995; x_wconf 74' lang='grc' dir='ltr'>λέγοντεςσ</span> <span class='ocrx_word' id='word_1_642' title='bbox 3078 3928 3143 3981; x_wconf 89' lang='grc' dir='ltr'>Τί</span> <span class='ocrx_word' id='word_1_643' title='bbox 3189 3929 3383 3996; x_wconf 87' lang='grc' dir='ltr'>θέλεις,</span> <span class='ocrx_word' id='word_1_644' title='bbox 3420 3929 3685 3999; x_wconf 81' lang='grc' dir='ltr'>Μακάριε,</span> <span class='ocrx_word' id='word_1_645' title='bbox 3711 3941 3817 3977; x_wconf 82' lang='grc' dir='ltr'>πει·</span> 
     </span>
    </p>
   </div>
   <div class='ocr_carea' id='block_1_85' title="bbox 2272 4015 3820 4093">
    <p class='ocr_par' dir='ltr' id='par_1_85' title="bbox 2272 4015 3820 4093">
     <span class='ocr_line' id='line_1_85' title="bbox 2272 4015 3820 4093; baseline 0.012 -27"><span class='ocrx_word' id='word_1_646' title='bbox 2272 4016 2448 4085; x_wconf 79' lang='grc' dir='ltr'>ρασμέ</span> <span class='ocrx_word' id='word_1_647' title='bbox 2477 4015 2583 4069; x_wconf 91' lang='grc' dir='ltr'>τῶν</span> <span class='ocrx_word' id='word_1_648' title='bbox 2614 4017 2897 4088; x_wconf 87' lang='grc' dir='ltr'>μοναχῶν;</span> <span class='ocrx_word' id='word_1_649' title='bbox 2939 4019 2993 4072; x_wconf 89' lang='grc' dir='ltr'>τί</span> <span class='ocrx_word' id='word_1_650' title='bbox 3037 4020 3175 4092; x_wconf 86' lang='grc' dir='ltr'>πρὸς</span> <span class='ocrx_word' id='word_1_651' title='bbox 3219 4022 3367 4091; x_wconf 78' lang='grc' dir='ltr'>ἡμᾶς</span> <span class='ocrx_word' id='word_1_652' title='bbox 3399 4021 3717 4093; x_wconf 71' lang='grc' dir='ltr'>παρεγένους</span> <span class='ocrx_word' id='word_1_653' title='bbox 3756 4016 3820 4088; x_wconf 85' lang='grc' dir='ltr'>μὴ</span> 
     </span>
    </p>
   </div>
   <div class='ocr_carea' id='block_1_86' title="bbox 2272 4107 3824 4185">
    <p class='ocr_par' dir='ltr' id='par_1_86' title="bbox 2272 4107 3824 4185">
     <span class='ocr_line' id='line_1_86' title="bbox 2272 4107 3824 4185; baseline 0.006 -27"><span class='ocrx_word' id='word_1_654' title='bbox 2272 4107 2368 4159; x_wconf 80' lang='grc' dir='ltr'>καὶ</span> <span class='ocrx_word' id='word_1_655' title='bbox 2401 4108 2564 4177; x_wconf 80' lang='grc' dir='ltr'>ἡμεῖς</span> <span class='ocrx_word' id='word_1_656' title='bbox 2588 4109 2667 4173; x_wconf 83' lang='grc' dir='ltr'>είς</span> <span class='ocrx_word' id='word_1_657' title='bbox 2697 4126 2856 4174; x_wconf 84' lang='grc' dir='ltr'>τινας</span> <span class='ocrx_word' id='word_1_658' title='bbox 2879 4110 2987 4164; x_wconf 91' lang='grc' dir='ltr'>τῶν</span> <span class='ocrx_word' id='word_1_659' title='bbox 3041 4113 3293 4184; x_wconf 89' lang='grc' dir='ltr'>μοναχῶν</span> <span class='ocrx_word' id='word_1_660' title='bbox 3329 4114 3729 4185; x_wconf 85' lang='grc' dir='ltr'>ἐνεργήσαμεν;</span> <span class='ocrx_word' id='word_1_661' title='bbox 3753 4109 3824 4161; x_wconf 74' lang='grc' dir='ltr'>Τὰ</span> 
     </span>
    </p>
   </div>
   <div class='ocr_carea' id='block_1_87' title="bbox 2271 4196 3825 4277">
    <p class='ocr_par' dir='ltr' id='par_1_87' title="bbox 2271 4196 3825 4277">
     <span class='ocr_line' id='line_1_87' title="bbox 2271 4196 3825 4277; baseline 0.01 -30"><span class='ocrx_word' id='word_1_662' title='bbox 2271 4196 2536 4268; x_wconf 81' lang='grc' dir='ltr'>ἡμέτερα.</span> <span class='ocrx_word' id='word_1_663' title='bbox 2550 4197 2699 4269; x_wconf 78' lang='grc' dir='ltr'>ἔχεις</span> <span class='ocrx_word' id='word_1_664' title='bbox 2729 4201 2849 4255; x_wconf 83' lang='grc' dir='ltr'>ἐκεῖ</span> <span class='ocrx_word' id='word_1_665' title='bbox 2884 4203 3022 4273; x_wconf 89' lang='grc' dir='ltr'>μετά</span> <span class='ocrx_word' id='word_1_666' title='bbox 3058 4204 3168 4259; x_wconf 87' lang='grc' dir='ltr'>τῶν</span> <span class='ocrx_word' id='word_1_667' title='bbox 3202 4222 3286 4259; x_wconf 89' lang='grc' dir='ltr'>σοι</span> <span class='ocrx_word' id='word_1_668' title='bbox 3314 4206 3537 4277; x_wconf 79' lang='grc' dir='ltr'>ὁμοίων,</span> <span class='ocrx_word' id='word_1_669' title='bbox 3586 4206 3679 4277; x_wconf 81' lang='grc' dir='ltr'>τήν</span> <span class='ocrx_word' id='word_1_670' title='bbox 3717 4203 3825 4275; x_wconf 71' lang='grc' dir='ltr'>ἐρη-</span> 
     </span>
    </p>
   </div>
   <div class='ocr_carea' id='block_1_88' title="bbox 2273 4292 3823 4370">
    <p class='ocr_par' dir='ltr' id='par_1_88' title="bbox 2273 4292 3823 4370">
     <span class='ocr_line' id='line_1_88' title="bbox 2273 4292 3823 4370; baseline 0.003 -28"><span class='ocrx_word' id='word_1_671' title='bbox 2273 4305 2374 4359; x_wconf 88' lang='grc' dir='ltr'>μον</span> <span class='ocrx_word' id='word_1_672' title='bbox 2398 4307 2413 4323; x_wconf 80' lang='grc'><em>’</em></span> <span class='ocrx_word' id='word_1_673' title='bbox 2449 4292 2707 4347; x_wconf 84' lang='grc' dir='ltr'>κακεῖθεν</span> <span class='ocrx_word' id='word_1_674' title='bbox 2756 4296 2887 4358; x_wconf 83' lang='grc' dir='ltr'>τοὺς</span> <span class='ocrx_word' id='word_1_675' title='bbox 2947 4300 3233 4366; x_wconf 81' lang='grc' dir='ltr'>συγγενεῖς</span> <span class='ocrx_word' id='word_1_676' title='bbox 3298 4298 3456 4370; x_wconf 84' lang='grc' dir='ltr'>ήμῶν</span> <span class='ocrx_word' id='word_1_677' title='bbox 3510 4296 3823 4364; x_wconf 81' lang='grc' dir='ltr'>ἐξεδιώξατε.</span> 
     </span>
    </p>
   </div>
   <div class='ocr_carea' id='block_1_89' title="bbox 2274 4381 3827 4459">
    <p class='ocr_par' dir='ltr' id='par_1_89' title="bbox 2274 4381 3827 4459">
     <span class='ocr_line' id='line_1_89' title="bbox 2274 4381 3827 4459; baseline 0.003 -26"><span class='ocrx_word' id='word_1_678' title='bbox 2274 4381 2441 4435; x_wconf 81' lang='grc' dir='ltr'>Οὐδὲν</span> <span class='ocrx_word' id='word_1_679' title='bbox 2473 4384 2654 4437; x_wconf 86' lang='grc' dir='ltr'>κοινὸν</span> <span class='ocrx_word' id='word_1_680' title='bbox 2678 4386 2838 4456; x_wconf 85' lang='grc' dir='ltr'>ήμεῖς</span> <span class='ocrx_word' id='word_1_681' title='bbox 2878 4386 3075 4459; x_wconf 76' lang='grc' dir='ltr'>ἔχομεν</span> <span class='ocrx_word' id='word_1_682' title='bbox 3108 4387 3248 4458; x_wconf 86' lang='grc' dir='ltr'>μετά</span> <span class='ocrx_word' id='word_1_683' title='bbox 3293 4390 3409 4445; x_wconf 85' lang='grc' dir='ltr'>σοῦ.</span> <span class='ocrx_word' id='word_1_684' title='bbox 3446 4389 3513 4444; x_wconf 88' lang='grc' dir='ltr'>Τί</span> <span class='ocrx_word' id='word_1_685' title='bbox 3552 4388 3827 4448; x_wconf 78' lang='grc' dir='ltr'>ἐπιϐαίνεις</span> 
     </span>
    </p>
   </div>
   <div class='ocr_carea' id='block_1_90' title="bbox 584 4474 3826 4554">
    <p class='ocr_par' dir='ltr' id='par_1_90' title="bbox 584 4474 3826 4554">
     <span class='ocr_line' id='line_1_90' title="bbox 584 4474 3826 4554; baseline 0 -25"><span class='ocrx_word' id='word_1_686' title='bbox 584 4474 727 4529; x_wconf 81' lang='grc' dir='ltr'>ὥστε</span> <span class='ocrx_word' id='word_1_687' title='bbox 758 4476 838 4534; x_wconf 83' lang='grc' dir='ltr'>εἰς</span> <span class='ocrx_word' id='word_1_688' title='bbox 867 4477 929 4529; x_wconf 82' lang='lat'>16</span> <span class='ocrx_word' id='word_1_689' title='bbox 960 4477 1081 4540; x_wconf 77' lang='grc' dir='ltr'>ἐλος</span> <span class='ocrx_word' id='word_1_690' title='bbox 1108 4476 1209 4545; x_wconf 81' lang='grc' dir='ltr'>τῆς</span> <span class='ocrx_word' id='word_1_691' title='bbox 1265 4477 1539 4546; x_wconf 87' lang='grc' dir='ltr'>Σκήτεως,</span> <span class='ocrx_word' id='word_1_692' title='bbox 1573 4477 1601 4531; x_wconf 97' lang='lat'>6</span> <span class='ocrx_word' id='word_1_693' title='bbox 1645 4478 1792 4530; x_wconf 86' lang='grc' dir='ltr'>ἐστιν</span> <span class='ocrx_word' id='word_1_694' title='bbox 1819 4480 1874 4530; x_wconf 85' lang='grc' dir='ltr'>ἐν</span> <span class='ocrx_word' id='word_1_695' title='bbox 1912 4480 1978 4548; x_wconf 81' lang='grc' dir='ltr'>τῇ</span> <span class='ocrx_word' id='word_1_696' title='bbox 2033 4493 2171 4530; x_wconf 78' lang='grc' dir='ltr'>παν·</span> <span class='ocrx_word' id='word_1_697' title='bbox 2202 4484 2246 4541; x_wconf 83' lang='grc' dir='ltr'>ι)</span> <span class='ocrx_word' id='word_1_698' title='bbox 2275 4476 2434 4547; x_wconf 85' lang='grc' dir='ltr'>ήμῶν</span> <span class='ocrx_word' id='word_1_699' title='bbox 2486 4480 2601 4542; x_wconf 88' lang='grc' dir='ltr'>τοῖς</span> <span class='ocrx_word' id='word_1_700' title='bbox 2640 4480 2861 4546; x_wconf 81' lang='grc' dir='ltr'>τόποις;</span> <span class='ocrx_word' id='word_1_701' title='bbox 2917 4480 2992 4543; x_wconf 82' lang='grc' dir='ltr'>ὡς</span> <span class='ocrx_word' id='word_1_702' title='bbox 3036 4481 3399 4554; x_wconf 79' lang='grc' dir='ltr'>ἀναχωρητὴς</span> <span class='ocrx_word' id='word_1_703' title='bbox 3457 4480 3748 4553; x_wconf 84' lang='grc' dir='ltr'>ἀρκέσθητι</span> <span class='ocrx_word' id='word_1_704' title='bbox 3772 4478 3826 4546; x_wconf 80' lang='grc' dir='ltr'>τῇ</span> 
     </span>
    </p>
   </div>
   <div class='ocr_carea' id='block_1_91' title="bbox 585 4567 2167 4641">
    <p class='ocr_par' dir='ltr' id='par_1_91' title="bbox 585 4567 2167 4641">
     <span class='ocr_line' id='line_1_91' title="bbox 585 4567 2167 4641; baseline 0 -19"><span class='ocrx_word' id='word_1_705' title='bbox 585 4569 799 4640; x_wconf 83' lang='grc' dir='ltr'>ερήμῳ,</span> <span class='ocrx_word' id='word_1_706' title='bbox 836 4567 1174 4639; x_wconf 84' lang='grc' dir='ltr'>καθεσθῆναι</span> <span class='ocrx_word' id='word_1_707' title='bbox 1207 4571 1414 4640; x_wconf 85' lang='grc' dir='ltr'>γυμνὸν</span> <span class='ocrx_word' id='word_1_708' title='bbox 1444 4571 1538 4623; x_wconf 81' lang='grc' dir='ltr'>ἐπὶ</span> <span class='ocrx_word' id='word_1_709' title='bbox 1580 4570 1757 4641; x_wconf 81' lang='grc' dir='ltr'>μῆνας</span> <span class='ocrx_word' id='word_1_710' title='bbox 1802 4569 1882 4638; x_wconf 79' lang='grc' dir='ltr'>ἐξ.</span> <span class='ocrx_word' id='word_1_711' title='bbox 1924 4569 2094 4625; x_wconf 87' lang='grc' dir='ltr'>Ἔνθα</span> <span class='ocrx_word' id='word_1_712' title='bbox 2118 4570 2167 4623; x_wconf 88' lang='grc' dir='ltr'>οί</span> 
     </span>
    </p>
   </div>
   <div class='ocr_carea' id='block_1_92' title="bbox 585 4658 2168 4734">
    <p class='ocr_par' dir='ltr' id='par_1_92' title="bbox 585 4658 2168 4734">
     <span class='ocr_line' id='line_1_92' title="bbox 585 4658 2168 4734; baseline 0.001 -20"><span class='ocrx_word' id='word_1_713' title='bbox 585 4662 850 4723; x_wconf 86' lang='grc' dir='ltr'>κώνωπες</span> <span class='ocrx_word' id='word_1_714' title='bbox 872 4658 1128 4714; x_wconf 81' lang='grc' dir='ltr'>δύνανται</span> <span class='ocrx_word' id='word_1_715' title='bbox 1166 4662 1263 4714; x_wconf 74' lang='grc' dir='ltr'>καὶ</span> <span class='ocrx_word' id='word_1_716' title='bbox 1303 4664 1558 4733; x_wconf 87' lang='grc' dir='ltr'>συάγρων</span> <span class='ocrx_word' id='word_1_717' title='bbox 1581 4662 1826 4734; x_wconf 86' lang='grc' dir='ltr'>δέρματα</span> <span class='ocrx_word' id='word_1_718' title='bbox 1848 4664 2061 4734; x_wconf 79' lang='grc' dir='ltr'>τιτρᾷν,</span> <span class='ocrx_word' id='word_1_719' title='bbox 2093 4663 2168 4726; x_wconf 84' lang='grc' dir='ltr'>ὡς</span> 
     </span>
    </p>
   </div>
   <div class='ocr_carea' id='block_1_93' title="bbox 589 4753 2169 4825">
    <p class='ocr_par' dir='ltr' id='par_1_93' title="bbox 589 4753 2169 4825">
     <span class='ocr_line' id='line_1_93' title="bbox 589 4753 2169 4825; baseline 0.002 -18"><span class='ocrx_word' id='word_1_720' title='bbox 589 4754 800 4825; x_wconf 82' lang='grc' dir='ltr'>σφῆκες</span> <span class='ocrx_word' id='word_1_721' title='bbox 837 4754 989 4818; x_wconf 79' lang='grc' dir='ltr'>ὄντες</span> <span class='ocrx_word' id='word_1_722' title='bbox 1026 4753 1277 4824; x_wconf 89' lang='grc' dir='ltr'>μεγάλοι.</span> <span class='ocrx_word' id='word_1_723' title='bbox 1325 4753 1511 4817; x_wconf 76' lang='grc' dir='ltr'>Οὕτως</span> <span class='ocrx_word' id='word_1_724' title='bbox 1550 4755 1669 4819; x_wconf 85' lang='grc' dir='ltr'>ὅλος</span> <span class='ocrx_word' id='word_1_725' title='bbox 1704 4755 1797 4809; x_wconf 80' lang='grc' dir='ltr'>ὑπ’</span> <span class='ocrx_word' id='word_1_726' title='bbox 1822 4756 2004 4809; x_wconf 84' lang='grc' dir='ltr'>αὐτῶν</span> <span class='ocrx_word' id='word_1_727' title='bbox 2036 4773 2169 4810; x_wconf 87' lang='grc' dir='ltr'>κατ·-</span> 
     </span>
    </p>
   </div>
   <div class='ocr_carea' id='block_1_94' title="bbox 583 4847 2167 4919">
    <p class='ocr_par' dir='ltr' id='par_1_94' title="bbox 583 4847 2167 4919">
     <span class='ocr_line' id='line_1_94' title="bbox 583 4847 2167 4919; baseline 0.001 -18"><span class='ocrx_word' id='word_1_728' title='bbox 583 4847 826 4919; x_wconf 87' lang='grc' dir='ltr'>ετρώθη,</span> <span class='ocrx_word' id='word_1_729' title='bbox 859 4847 935 4912; x_wconf 91' lang='grc' dir='ltr'>ώς</span> <span class='ocrx_word' id='word_1_730' title='bbox 962 4848 1059 4901; x_wconf 71' lang='grc' dir='ltr'>καὶ</span> <span class='ocrx_word' id='word_1_731' title='bbox 1109 4848 1438 4911; x_wconf 89' lang='grc' dir='ltr'>σπονδύλους</span> <span class='ocrx_word' id='word_1_732' title='bbox 1480 4847 1787 4917; x_wconf 83' lang='grc' dir='ltr'>ἐξενεγκεῖν</span> <span class='ocrx_word' id='word_1_733' title='bbox 1819 4848 1887 4901; x_wconf 84' lang='grc' dir='ltr'>δι’</span> <span class='ocrx_word' id='word_1_734' title='bbox 1915 4848 2036 4902; x_wconf 87' lang='grc' dir='ltr'>ὅλου</span> <span class='ocrx_word' id='word_1_735' title='bbox 2072 4850 2167 4903; x_wconf 87' lang='grc' dir='ltr'>τοῦ</span> 
     </span>
    </p>
   </div>
   <div class='ocr_carea' id='block_1_95' title="bbox 581 4938 2167 5011">
    <p class='ocr_par' dir='ltr' id='par_1_95' title="bbox 581 4938 2167 5011">
     <span class='ocr_line' id='line_1_95' title="bbox 581 4938 2167 5011; baseline 0.001 -19"><span class='ocrx_word' id='word_1_736' title='bbox 581 4939 863 5011; x_wconf 83' lang='grc' dir='ltr'>σώματος,</span> <span class='ocrx_word' id='word_1_737' title='bbox 889 4941 967 5004; x_wconf 84' lang='grc' dir='ltr'>ὡς</span> <span class='ocrx_word' id='word_1_738' title='bbox 998 4939 1091 4993; x_wconf 91' lang='grc' dir='ltr'>καί</span> <span class='ocrx_word' id='word_1_739' title='bbox 1125 4956 1277 5003; x_wconf 86' lang='grc' dir='ltr'>τινας</span> <span class='ocrx_word' id='word_1_740' title='bbox 1308 4940 1529 5010; x_wconf 90' lang='grc' dir='ltr'>νομίσαι</span> <span class='ocrx_word' id='word_1_741' title='bbox 1554 4940 1637 4993; x_wconf 87' lang='grc' dir='ltr'>ὅτι</span> <span class='ocrx_word' id='word_1_742' title='bbox 1677 4938 1969 5008; x_wconf 84' lang='grc' dir='ltr'>ἐλεφαντία</span> <span class='ocrx_word' id='word_1_743' title='bbox 1997 4940 2167 4995; x_wconf 89' lang='grc' dir='ltr'>ἐστίν.</span> 
     </span>
    </p>
   </div>
   <div class='ocr_carea' id='block_1_96' title="bbox 593 5031 2169 5102">
    <p class='ocr_par' dir='ltr' id='par_1_96' title="bbox 593 5031 2169 5102">
     <span class='ocr_line' id='line_1_96' title="bbox 593 5031 2169 5102; baseline 0.001 -18"><span class='ocrx_word' id='word_1_744' title='bbox 593 5031 939 5085; x_wconf 85' lang='grc' dir='ltr'>Ἐπανελθὼν</span> <span class='ocrx_word' id='word_1_745' title='bbox 969 5032 1065 5087; x_wconf 80' lang='grc' dir='ltr'>οὖν</span> <span class='ocrx_word' id='word_1_746' title='bbox 1095 5034 1177 5097; x_wconf 85' lang='grc' dir='ltr'>είς</span> <span class='ocrx_word' id='word_1_747' title='bbox 1203 5033 1265 5087; x_wconf 89' lang='lat'>16</span> <span class='ocrx_word' id='word_1_748' title='bbox 1301 5033 1515 5087; x_wconf 80' lang='grc' dir='ltr'>κελλίον</span> <span class='ocrx_word' id='word_1_749' title='bbox 1546 5033 1742 5086; x_wconf 86' lang='grc' dir='ltr'>ἐαυτοῦ</span> <span class='ocrx_word' id='word_1_750' title='bbox 1778 5031 1918 5102; x_wconf 84' lang='grc' dir='ltr'>μετὰ</span> <span class='ocrx_word' id='word_1_751' title='bbox 1949 5034 2072 5097; x_wconf 84' lang='grc' dir='ltr'>τοὺς</span> <span class='ocrx_word' id='word_1_752' title='bbox 2109 5034 2169 5099; x_wconf 78' lang='grc' dir='ltr'>ἐξ</span> 
     </span>
    </p>
   </div>
   <div class='ocr_carea' id='block_1_97' title="bbox 585 5122 2171 5196">
    <p class='ocr_par' dir='ltr' id='par_1_97' title="bbox 585 5122 2171 5196">
     <span class='ocr_line' id='line_1_97' title="bbox 585 5122 2171 5196; baseline -0.008 -6"><span class='ocrx_word' id='word_1_753' title='bbox 585 5122 765 5194; x_wconf 78' lang='grc' dir='ltr'>μῆνας</span> <span class='ocrx_word' id='word_1_754' title='bbox 818 5123 927 5177; x_wconf 66' lang='grc' dir='ltr'>ἀπὸ</span> <span class='ocrx_word' id='word_1_755' title='bbox 979 5125 1081 5194; x_wconf 84' lang='grc' dir='ltr'>τῆς</span> <span class='ocrx_word' id='word_1_756' title='bbox 1122 5126 1307 5196; x_wconf 82' lang='grc' dir='ltr'>φωνῆς</span> <span class='ocrx_word' id='word_1_757' title='bbox 1330 5122 1660 5196; x_wconf 85' lang='grc' dir='ltr'>ἐγνωρίζετο</span> <span class='ocrx_word' id='word_1_758' title='bbox 1696 5124 1859 5194; x_wconf 90' lang='grc' dir='ltr'>μόνον</span> <span class='ocrx_word' id='word_1_759' title='bbox 1894 5123 1975 5178; x_wconf 83' lang='grc' dir='ltr'>ὅτι</span> <span class='ocrx_word' id='word_1_760' title='bbox 2007 5124 2171 5189; x_wconf 82' lang='grc' dir='ltr'>αὑτός</span> 
     </span>
    </p>
   </div>
   <div class='ocr_carea' id='block_1_98' title="bbox 580 5216 1350 5288">
    <p class='ocr_par' dir='ltr' id='par_1_98' title="bbox 580 5216 1350 5288">
     <span class='ocr_line' id='line_1_98' title="bbox 580 5216 1350 5288; baseline 0.006 -20"><span class='ocrx_word' id='word_1_761' title='bbox 580 5216 732 5269; x_wconf 76' lang='grc' dir='ltr'>ἐστιν</span> <span class='ocrx_word' id='word_1_762' title='bbox 767 5216 796 5268; x_wconf 91' lang='lat'>6</span> <span class='ocrx_word' id='word_1_763' title='bbox 826 5216 1014 5288; x_wconf 87' lang='grc' dir='ltr'>κύριος</span> <span class='ocrx_word' id='word_1_764' title='bbox 1045 5216 1350 5288; x_wconf 83' lang='grc' dir='ltr'>Μακάριος.</span> 
     </span>
    </p>
   </div>
   <div class='ocr_carea' id='block_1_99' title="bbox 670 5304 2170 5383">
    <p class='ocr_par' dir='ltr' id='par_1_99' title="bbox 670 5304 2170 5383">
     <span class='ocr_line' id='line_1_99' title="bbox 670 5304 2170 5383; baseline 0.003 -22"><span class='ocrx_word' id='word_1_765' title='bbox 670 5307 1049 5379; x_wconf 83' lang='grc' dir='ltr'>Ἐπεθύμησέν</span> <span class='ocrx_word' id='word_1_766' title='bbox 1079 5325 1211 5362; x_wconf 88' lang='grc' dir='ltr'>ποτε</span> <span class='ocrx_word' id='word_1_767' title='bbox 1240 5304 1397 5374; x_wconf 74' lang='grc' dir='ltr'>οὗτος</span> <span class='ocrx_word' id='word_1_768' title='bbox 1437 5310 1466 5363; x_wconf 91' lang='lat'>6</span> <span class='ocrx_word' id='word_1_769' title='bbox 1496 5313 1678 5379; x_wconf 73' lang='grc' dir='ltr'>αὐτὸς,</span> <span class='ocrx_word' id='word_1_770' title='bbox 1726 5314 1802 5377; x_wconf 81' lang='grc' dir='ltr'>ὡς</span> <span class='ocrx_word' id='word_1_771' title='bbox 1841 5313 2003 5375; x_wconf 80' lang='grc' dir='ltr'>αὐτὸς</span> <span class='ocrx_word' id='word_1_772' title='bbox 2036 5313 2170 5383; x_wconf 80' lang='grc' dir='ltr'>ἡμῖν</span> 
     </span>
    </p>
   </div>
   <div class='ocr_carea' id='block_1_100' title="bbox 582 5401 2168 5474">
    <p class='ocr_par' dir='ltr' id='par_1_100' title="bbox 582 5401 2168 5474">
     <span class='ocr_line' id='line_1_100' title="bbox 582 5401 2168 5474; baseline 0.001 -17"><span class='ocrx_word' id='word_1_773' title='bbox 582 5401 911 5474; x_wconf 84' lang='grc' dir='ltr'>διηγήσατο,</span> <span class='ocrx_word' id='word_1_774' title='bbox 951 5404 1033 5467; x_wconf 85' lang='grc' dir='ltr'>είς</span> <span class='ocrx_word' id='word_1_775' title='bbox 1076 5401 1133 5457; x_wconf 81' lang='grc' dir='ltr'>τὸ</span> <span class='ocrx_word' id='word_1_776' title='bbox 1162 5404 1503 5474; x_wconf 84' lang='grc' dir='ltr'>κηποτάφιον</span> <span class='ocrx_word' id='word_1_777' title='bbox 1542 5407 1808 5461; x_wconf 86' lang='grc' dir='ltr'>είσελθεῖν</span> <span class='ocrx_word' id='word_1_778' title='bbox 1839 5406 1934 5461; x_wconf 88' lang='grc' dir='ltr'>τοῦ</span> <span class='ocrx_word' id='word_1_779' title='bbox 1968 5404 2168 5460; x_wconf 86' lang='grc' dir='ltr'>Ἰαννοῦ</span> 
     </span>
    </p>
   </div>
   <div class='ocr_carea' id='block_1_101' title="bbox 585 5495 2169 5571">
    <p class='ocr_par' dir='ltr' id='par_1_101' title="bbox 585 5495 2169 5571">
     <span class='ocr_line' id='line_1_101' title="bbox 585 5495 2169 5571; baseline 0.002 -23"><span class='ocrx_word' id='word_1_780' title='bbox 585 5496 683 5548; x_wconf 70' lang='grc' dir='ltr'>καὶ</span> <span class='ocrx_word' id='word_1_781' title='bbox 718 5495 978 5566; x_wconf 84' lang='grc' dir='ltr'>Ἰαμϐροῦ</span> <span class='ocrx_word' id='word_1_782' title='bbox 1011 5495 1124 5548; x_wconf 88' lang='grc' dir='ltr'>τῶν</span> <span class='ocrx_word' id='word_1_783' title='bbox 1157 5496 1350 5567; x_wconf 89' lang='grc' dir='ltr'>μάγων</span> <span class='ocrx_word' id='word_1_784' title='bbox 1372 5498 1481 5551; x_wconf 86' lang='grc' dir='ltr'>τῶν</span> <span class='ocrx_word' id='word_1_785' title='bbox 1506 5500 1599 5552; x_wconf 73' lang='grc' dir='ltr'>ἐπὶ</span> <span class='ocrx_word' id='word_1_786' title='bbox 1620 5498 1714 5553; x_wconf 87' lang='grc' dir='ltr'>τοῦ</span> <span class='ocrx_word' id='word_1_787' title='bbox 1754 5499 1975 5570; x_wconf 77' lang='grc' dir='ltr'>Φαραὼ,</span> <span class='ocrx_word' id='word_1_788' title='bbox 2007 5499 2169 5571; x_wconf 85' lang='grc' dir='ltr'>χάριν</span> 
     </span>
    </p>
   </div>
   <div class='ocr_carea' id='block_1_102' title="bbox 588 5587 2171 5659">
    <p class='ocr_par' dir='ltr' id='par_1_102' title="bbox 588 5587 2171 5659">
     <span class='ocr_line' id='line_1_102' title="bbox 588 5587 2171 5659; baseline 0.003 -20"><span class='ocrx_word' id='word_1_789' title='bbox 588 5587 830 5655; x_wconf 74' lang='grc' dir='ltr'>ἱστορίας</span> <span class='ocrx_word' id='word_1_790' title='bbox 855 5588 889 5659; x_wconf 83' lang='grc' dir='ltr'>ἢ</span> <span class='ocrx_word' id='word_1_791' title='bbox 923 5589 1019 5642; x_wconf 73' lang='grc' dir='ltr'>καὶ</span> <span class='ocrx_word' id='word_1_792' title='bbox 1045 5589 1337 5659; x_wconf 81' lang='grc' dir='ltr'>συντυχίας</span> <span class='ocrx_word' id='word_1_793' title='bbox 1356 5589 1465 5643; x_wconf 88' lang='grc' dir='ltr'>τῶν</span> <span class='ocrx_word' id='word_1_794' title='bbox 1493 5592 1673 5644; x_wconf 85' lang='grc' dir='ltr'>ἐκεῖσε</span> <span class='ocrx_word' id='word_1_795' title='bbox 1695 5591 1987 5659; x_wconf 85' lang='grc' dir='ltr'>δαιμόνων.</span> <span class='ocrx_word' id='word_1_796' title='bbox 2022 5590 2171 5644; x_wconf 81' lang='grc' dir='ltr'>Ἐλέ-</span> 
     </span>
    </p>
   </div>
   <div class='ocr_carea' id='block_1_103' title="bbox 586 5678 2168 5754">
    <p class='ocr_par' dir='ltr' id='par_1_103' title="bbox 586 5678 2168 5754">
     <span class='ocr_line' id='line_1_103' title="bbox 586 5678 2168 5754; baseline 0.004 -26"><span class='ocrx_word' id='word_1_797' title='bbox 586 5692 714 5743; x_wconf 88' lang='grc' dir='ltr'>γετο</span> <span class='ocrx_word' id='word_1_798' title='bbox 736 5678 845 5748; x_wconf 77' lang='grc' dir='ltr'>γὰρ</span> <span class='ocrx_word' id='word_1_799' title='bbox 875 5680 1231 5750; x_wconf 88' lang='grc' dir='ltr'>παμπόλλους</span> <span class='ocrx_word' id='word_1_800' title='bbox 1256 5682 1351 5735; x_wconf 72' lang='grc' dir='ltr'>καὶ</span> <span class='ocrx_word' id='word_1_801' title='bbox 1377 5681 1647 5753; x_wconf 79' lang='grc' dir='ltr'>χαλεποὺς</span> <span class='ocrx_word' id='word_1_802' title='bbox 1671 5682 1951 5754; x_wconf 88' lang='grc' dir='ltr'>ἀποκεκλη</span> <span class='ocrx_word' id='word_1_803' title='bbox 1962 5681 2168 5754; x_wconf 85' lang='grc' dir='ltr'>ρῶσθαι</span> 
     </span>
    </p>
   </div>
   <div class='ocr_carea' id='block_1_104' title="bbox 588 5766 2167 5850">
    <p class='ocr_par' dir='ltr' id='par_1_104' title="bbox 588 5766 2167 5850">
     <span class='ocr_line' id='line_1_104' title="bbox 588 5766 2167 5850; baseline 0 -22"><span class='ocrx_word' id='word_1_804' title='bbox 588 5766 720 5836; x_wconf 78' lang='grc' dir='ltr'>παρ’</span> <span class='ocrx_word' id='word_1_805' title='bbox 766 5768 947 5827; x_wconf 69' lang='grc' dir='ltr'>αὐτῶν</span> <span class='ocrx_word' id='word_1_806' title='bbox 998 5771 1222 5850; x_wconf 70' lang='grc' dir='ltr'>ἐκείνων</span> <span class='ocrx_word' id='word_1_807' title='bbox 1256 5771 1336 5844; x_wconf 80' lang='grc' dir='ltr'>τῷ</span> <span class='ocrx_word' id='word_1_808' title='bbox 1368 5772 1521 5845; x_wconf 79' lang='grc' dir='ltr'>τόπῳ</span> <span class='ocrx_word' id='word_1_809' title='bbox 1564 5774 1759 5842; x_wconf 82' lang='grc' dir='ltr'>ἐκείνῳ</span> <span class='ocrx_word' id='word_1_810' title='bbox 1802 5774 2065 5845; x_wconf 86' lang='grc' dir='ltr'>δαίμονας</span> <span class='ocrx_word' id='word_1_811' title='bbox 2098 5774 2167 5828; x_wconf 83' lang='grc' dir='ltr'>δι’</span> 
     </span>
    </p>
   </div>
   <div class='ocr_carea' id='block_1_105' title="bbox 2272 4571 3828 4643">
    <p class='ocr_par' dir='ltr' id='par_1_105' title="bbox 2272 4571 3828 4643">
     <span class='ocr_line' id='line_1_105' title="bbox 2272 4571 3828 4643; baseline -0.003 -16"><span class='ocrx_word' id='word_1_812' title='bbox 2272 4571 2484 4643; x_wconf 84' lang='grc' dir='ltr'>ἐρήμῳ.</span> <span class='ocrx_word' id='word_1_813' title='bbox 2518 4572 2681 4641; x_wconf 84' lang='grc' dir='ltr'>Ἡμῖν</span> <span class='ocrx_word' id='word_1_814' title='bbox 2703 4572 2892 4627; x_wconf 87' lang='grc' dir='ltr'>τοῦτον</span> <span class='ocrx_word' id='word_1_815' title='bbox 2918 4574 3009 4627; x_wconf 81' lang='lat' dir='ltr'>16v</span> <span class='ocrx_word' id='word_1_816' title='bbox 3035 4573 3200 4628; x_wconf 84' lang='grc' dir='ltr'>τόπον</span> <span class='ocrx_word' id='word_1_817' title='bbox 3226 4575 3276 4627; x_wconf 92' lang='grc' dir='ltr'>οί</span> <span class='ocrx_word' id='word_1_818' title='bbox 3298 4574 3586 4638; x_wconf 89' lang='grc' dir='ltr'>κτίσαντες</span> <span class='ocrx_word' id='word_1_819' title='bbox 3615 4572 3828 4639; x_wconf 81' lang='grc' dir='ltr'>ἀπεκλή-</span> 
     </span>
    </p>
   </div>
   <div class='ocr_carea' id='block_1_106' title="bbox 2275 4663 3830 4737">
    <p class='ocr_par' dir='ltr' id='par_1_106' title="bbox 2275 4663 3830 4737">
     <span class='ocr_line' id='line_1_106' title="bbox 2275 4663 3830 4737; baseline -0.003 -20"><span class='ocrx_word' id='word_1_820' title='bbox 2275 4679 2473 4732; x_wconf 88' lang='grc' dir='ltr'>ρωσαν.</span> <span class='ocrx_word' id='word_1_821' title='bbox 2504 4664 2577 4717; x_wconf 90' lang='lat'><em>06</em></span> <span class='ocrx_word' id='word_1_822' title='bbox 2600 4663 3000 4729; x_wconf 88' lang='grc' dir='ltr'>δύνασαιαύτὸς</span> <span class='ocrx_word' id='word_1_823' title='bbox 3023 4670 3205 4737; x_wconf 87' lang='grc' dir='ltr'>μεῖναι</span> <span class='ocrx_word' id='word_1_824' title='bbox 3229 4666 3437 4721; x_wconf 88' lang='grc' dir='ltr'>ἐνθάδε.</span> <span class='ocrx_word' id='word_1_825' title='bbox 3456 4667 3523 4720; x_wconf 86' lang='grc' dir='ltr'>Τί</span> <span class='ocrx_word' id='word_1_826' title='bbox 3541 4668 3718 4736; x_wconf 74' lang='grc' dir='ltr'>ζητεῖς</span> <span class='ocrx_word' id='word_1_827' title='bbox 3735 4666 3830 4715; x_wconf 83' lang='grc' dir='ltr'>εἰσ-</span> 
     </span>
    </p>
   </div>
   <div class='ocr_carea' id='block_1_107' title="bbox 2272 4754 3829 4830">
    <p class='ocr_par' dir='ltr' id='par_1_107' title="bbox 2272 4754 3829 4830">
     <span class='ocr_line' id='line_1_107' title="bbox 2272 4754 3829 4830; baseline 0.001 -23"><span class='ocrx_word' id='word_1_828' title='bbox 2272 4754 2447 4811; x_wconf 83' lang='grc' dir='ltr'>ελθεῖν</span> <span class='ocrx_word' id='word_1_829' title='bbox 2476 4758 2557 4822; x_wconf 87' lang='grc' dir='ltr'>είς</span> <span class='ocrx_word' id='word_1_830' title='bbox 2605 4758 2763 4813; x_wconf 87' lang='grc' dir='ltr'>τοῦτο</span> <span class='ocrx_word' id='word_1_831' title='bbox 2789 4759 2849 4812; x_wconf 90' lang='lat'>16</span> <span class='ocrx_word' id='word_1_832' title='bbox 2877 4759 3084 4830; x_wconf 81' lang='grc' dir='ltr'>κτῆμα,</span> <span class='ocrx_word' id='word_1_833' title='bbox 3114 4761 3194 4824; x_wconf 84' lang='grc' dir='ltr'>είς</span> <span class='ocrx_word' id='word_1_834' title='bbox 3223 4759 3254 4814; x_wconf 83' lang='grc' dir='ltr'>ὃ</span> <span class='ocrx_word' id='word_1_835' title='bbox 3285 4760 3462 4824; x_wconf 74' lang='grc' dir='ltr'>οὐδεὶς</span> <span class='ocrx_word' id='word_1_836' title='bbox 3490 4760 3600 4813; x_wconf 86' lang='grc' dir='ltr'>τῶν</span> <span class='ocrx_word' id='word_1_837' title='bbox 3639 4755 3829 4828; x_wconf 68' lang='grc' dir='ltr'>ἀνθρώε</span> 
     </span>
    </p>
   </div>
   <div class='ocr_carea' id='block_1_108' title="bbox 2272 4844 3830 4922">
    <p class='ocr_par' dir='ltr' id='par_1_108' title="bbox 2272 4844 3830 4922">
     <span class='ocr_line' id='line_1_108' title="bbox 2272 4844 3830 4922; baseline -0.003 -19"><span class='ocrx_word' id='word_1_838' title='bbox 2272 4864 2391 4904; x_wconf 88' lang='grc' dir='ltr'>πων</span> <span class='ocrx_word' id='word_1_839' title='bbox 2413 4849 2522 4903; x_wconf 84' lang='grc' dir='ltr'>τῶν</span> <span class='ocrx_word' id='word_1_840' title='bbox 2545 4850 2768 4915; x_wconf 86' lang='grc' dir='ltr'>ζώντων</span> <span class='ocrx_word' id='word_1_841' title='bbox 2814 4851 3067 4922; x_wconf 78' lang='grc' dir='ltr'>εἰσῆλθεν</span> <span class='ocrx_word' id='word_1_842' title='bbox 3112 4853 3209 4922; x_wconf 84' lang='grc' dir='ltr'>ἀφ’</span> <span class='ocrx_word' id='word_1_843' title='bbox 3239 4844 3413 4922; x_wconf 78' lang='grc' dir='ltr'>οὗπερ</span> <span class='ocrx_word' id='word_1_844' title='bbox 3450 4854 3499 4906; x_wconf 86' lang='grc' dir='ltr'>οί</span> <span class='ocrx_word' id='word_1_845' title='bbox 3529 4853 3689 4906; x_wconf 87' lang='grc' dir='ltr'>τοῦτο</span> <span class='ocrx_word' id='word_1_846' title='bbox 3728 4846 3830 4904; x_wconf 82' lang='grc' dir='ltr'>κτί-</span> 
     </span>
    </p>
   </div>
   <div class='ocr_carea' id='block_1_109' title="bbox 2273 4941 3827 5018">
    <p class='ocr_par' dir='ltr' id='par_1_109' title="bbox 2273 4941 3827 5018">
     <span class='ocr_line' id='line_1_109' title="bbox 2273 4941 3827 5018; baseline 0.005 -26"><span class='ocrx_word' id='word_1_847' title='bbox 2273 4957 2468 5005; x_wconf 91' lang='grc' dir='ltr'>σαντες</span> <span class='ocrx_word' id='word_1_848' title='bbox 2511 4941 2731 5011; x_wconf 76' lang='grc' dir='ltr'>άδελφοὶ</span> <span class='ocrx_word' id='word_1_849' title='bbox 2760 4944 2850 5013; x_wconf 86' lang='grc' dir='ltr'>ὑφ’</span> <span class='ocrx_word' id='word_1_850' title='bbox 2899 4944 3059 5015; x_wconf 84' lang='grc' dir='ltr'>ήμῶν</span> <span class='ocrx_word' id='word_1_851' title='bbox 3092 4945 3283 4999; x_wconf 77' lang='grc' dir='ltr'>ἐνθάδε</span> <span class='ocrx_word' id='word_1_852' title='bbox 3326 4944 3827 5018; x_wconf 75' lang='grc' dir='ltr'>κατεκηδεύθησανς</span> 
     </span>
    </p>
   </div>
   <div class='ocr_carea' id='block_1_110' title="bbox 2274 5032 3831 5107">
    <p class='ocr_par' dir='ltr' id='par_1_110' title="bbox 2274 5032 3831 5107">
     <span class='ocr_line' id='line_1_110' title="bbox 2274 5032 3831 5107; baseline -0.002 -22"><span class='ocrx_word' id='word_1_853' title='bbox 2274 5033 2367 5085; x_wconf 72' lang='grc' dir='ltr'>καὶ</span> <span class='ocrx_word' id='word_1_854' title='bbox 2388 5032 2468 5085; x_wconf 84' lang='grc' dir='ltr'>έτι</span> <span class='ocrx_word' id='word_1_855' title='bbox 2495 5033 2668 5087; x_wconf 86' lang='grc' dir='ltr'>πολλά</span> <span class='ocrx_word' id='word_1_856' title='bbox 2687 5036 3111 5105; x_wconf 87' lang='grc' dir='ltr'>ταραττομένων</span> <span class='ocrx_word' id='word_1_857' title='bbox 3139 5036 3249 5090; x_wconf 90' lang='grc' dir='ltr'>τῶν</span> <span class='ocrx_word' id='word_1_858' title='bbox 3276 5036 3554 5107; x_wconf 88' lang='grc' dir='ltr'>δαιμόνων</span> <span class='ocrx_word' id='word_1_859' title='bbox 3602 5037 3695 5091; x_wconf 66' lang='grc' dir='ltr'>καί⁵</span> <span class='ocrx_word' id='word_1_860' title='bbox 3734 5034 3831 5085; x_wconf 58' lang='grc' dir='ltr'>ὁποι</span> 
     </span>
    </p>
   </div>
   <div class='ocr_carea' id='block_1_111' title="bbox 2272 5120 3829 5200">
    <p class='ocr_par' dir='ltr' id='par_1_111' title="bbox 2272 5120 3829 5200">
     <span class='ocr_line' id='line_1_111' title="bbox 2272 5120 3829 5200; baseline 0.001 -25"><span class='ocrx_word' id='word_1_861' title='bbox 2272 5123 2617 5194; x_wconf 86' lang='grc' dir='ltr'>φυρομένων,</span> <span class='ocrx_word' id='word_1_862' title='bbox 2656 5120 2810 5178; x_wconf 78' lang='grc' dir='ltr'>εἷπον</span> <span class='ocrx_word' id='word_1_863' title='bbox 2834 5126 3042 5191; x_wconf 76' lang='grc' dir='ltr'>αὐτοῖς,</span> <span class='ocrx_word' id='word_1_864' title='bbox 3089 5128 3259 5197; x_wconf 74' lang='grc' dir='ltr'>φησὶν</span> <span class='ocrx_word' id='word_1_865' title='bbox 3313 5126 3341 5180; x_wconf 93' lang='lat'>6</span> <span class='ocrx_word' id='word_1_866' title='bbox 3389 5127 3714 5200; x_wconf 86' lang='grc' dir='ltr'>Μακάριος,</span> <span class='ocrx_word' id='word_1_867' title='bbox 3762 5125 3829 5177; x_wconf 81' lang='grc' dir='ltr'>ὅτι</span> 
     </span>
    </p>
   </div>
   <div class='ocr_carea' id='block_1_112' title="bbox 2271 5215 3831 5290">
    <p class='ocr_par' dir='ltr' id='par_1_112' title="bbox 2271 5215 3831 5290">
     <span class='ocr_line' id='line_1_112' title="bbox 2271 5215 3831 5290; baseline -0.003 -21"><span class='ocrx_word' id='word_1_868' title='bbox 2271 5215 2514 5270; x_wconf 81' lang='grc' dir='ltr'>Εξσέλθω</span> <span class='ocrx_word' id='word_1_869' title='bbox 2569 5216 2750 5288; x_wconf 85' lang='grc' dir='ltr'>μόνον,</span> <span class='ocrx_word' id='word_1_870' title='bbox 2786 5218 2879 5271; x_wconf 73' lang='grc' dir='ltr'>καὶ</span> <span class='ocrx_word' id='word_1_871' title='bbox 2920 5218 3225 5289; x_wconf 73' lang='grc' dir='ltr'>ἱστορήσω,</span> <span class='ocrx_word' id='word_1_872' title='bbox 3264 5218 3361 5272; x_wconf 62' lang='grc' dir='ltr'>καὶ⁵</span> <span class='ocrx_word' id='word_1_873' title='bbox 3410 5218 3725 5290; x_wconf 78' lang='grc' dir='ltr'>ἀπέρχομαι</span> <span class='ocrx_word' id='word_1_874' title='bbox 3759 5217 3831 5267; x_wconf 85' lang='grc' dir='ltr'>ἐν·</span> 
     </span>
    </p>
   </div>
   <div class='ocr_carea' id='block_1_113' title="bbox 2270 5305 3831 5381">
    <p class='ocr_par' dir='ltr' id='par_1_113' title="bbox 2270 5305 3831 5381">
     <span class='ocr_line' id='line_1_113' title="bbox 2270 5305 3831 5381; baseline -0.003 -22"><span class='ocrx_word' id='word_1_875' title='bbox 2270 5305 2485 5361; x_wconf 85' lang='grc' dir='ltr'>τεῦθεν.</span> <span class='ocrx_word' id='word_1_876' title='bbox 2522 5307 2585 5360; x_wconf 89' lang='grc' dir='ltr'>Οί</span> <span class='ocrx_word' id='word_1_877' title='bbox 2634 5306 2691 5359; x_wconf 90' lang='lat'>66</span> <span class='ocrx_word' id='word_1_878' title='bbox 2723 5306 3008 5378; x_wconf 68' lang='grc' dir='ltr'>δαίμονες·</span> <span class='ocrx_word' id='word_1_879' title='bbox 3041 5306 3214 5363; x_wconf 88' lang='grc' dir='ltr'>Τοῦτο</span> <span class='ocrx_word' id='word_1_880' title='bbox 3240 5310 3375 5381; x_wconf 87' lang='grc' dir='ltr'>ήμίν</span> <span class='ocrx_word' id='word_1_881' title='bbox 3397 5311 3730 5380; x_wconf 85' lang='grc' dir='ltr'>ὁμολόγησον</span> <span class='ocrx_word' id='word_1_882' title='bbox 3752 5306 3831 5359; x_wconf 74' lang='grc' dir='ltr'>ἐπὶ</span> 
     </span>
    </p>
   </div>
   <div class='ocr_carea' id='block_1_114' title="bbox 2270 5394 3826 5469">
    <p class='ocr_par' dir='ltr' id='par_1_114' title="bbox 2270 5394 3826 5469">
     <span class='ocr_line' id='line_1_114' title="bbox 2270 5394 3826 5469; baseline 0.006 -23"><span class='ocrx_word' id='word_1_883' title='bbox 2270 5394 2371 5463; x_wconf 86' lang='grc' dir='ltr'>τῆς</span> <span class='ocrx_word' id='word_1_884' title='bbox 2395 5395 2497 5465; x_wconf 81' lang='grc' dir='ltr'>σῆς</span> <span class='ocrx_word' id='word_1_885' title='bbox 2525 5396 2887 5466; x_wconf 83' lang='grc' dir='ltr'>συνειδήσεώς</span> <span class='ocrx_word' id='word_1_886' title='bbox 2923 5412 3038 5452; x_wconf 90' lang='grc' dir='ltr'>σου.</span> <span class='ocrx_word' id='word_1_887' title='bbox 3080 5394 3139 5450; x_wconf 85' lang='grc' dir='ltr'>Ὁ</span> <span class='ocrx_word' id='word_1_888' title='bbox 3164 5396 3221 5451; x_wconf 91' lang='lat'>66</span> <span class='ocrx_word' id='word_1_889' title='bbox 3244 5396 3341 5451; x_wconf 87' lang='grc' dir='ltr'>τοῦ</span> <span class='ocrx_word' id='word_1_890' title='bbox 3365 5398 3607 5469; x_wconf 84' lang='grc' dir='ltr'>Χριστοῦ</span> <span class='ocrx_word' id='word_1_891' title='bbox 3633 5397 3826 5456; x_wconf 80' lang='grc' dir='ltr'>δούλος⁶</span> 
     </span>
    </p>
   </div>
   <div class='ocr_carea' id='block_1_115' title="bbox 2271 5481 3830 5559">
    <p class='ocr_par' dir='ltr' id='par_1_115' title="bbox 2271 5481 3830 5559">
     <span class='ocr_line' id='line_1_115' title="bbox 2271 5481 3830 5559; baseline -0.022 -24"><span class='ocrx_word' id='word_1_892' title='bbox 2271 5481 2441 5535; x_wconf 82' lang='grc' dir='ltr'>Τοῦτο</span> <span class='ocrx_word' id='word_1_893' title='bbox 2473 5484 2708 5554; x_wconf 88' lang='grc' dir='ltr'>ποιήσω.</span> <span class='ocrx_word' id='word_1_894' title='bbox 2740 5486 2803 5538; x_wconf 87' lang='grc' dir='ltr'>Οἱ</span> <span class='ocrx_word' id='word_1_895' title='bbox 2831 5485 2886 5539; x_wconf 80' lang='grc' dir='ltr'>δὲ</span> <span class='ocrx_word' id='word_1_896' title='bbox 2916 5485 3176 5558; x_wconf 85' lang='grc' dir='ltr'>δαίμονες</span> <span class='ocrx_word' id='word_1_897' title='bbox 3196 5486 3426 5557; x_wconf 61' lang='grc' dir='ltr'>ἄφαντοι</span> <span class='ocrx_word' id='word_1_898' title='bbox 3450 5490 3730 5559; x_wconf 53' lang='grc' dir='ltr'>γεγόνασι.</span> <span class='ocrx_word' id='word_1_899' title='bbox 3752 5489 3767 5507; x_wconf 94' lang='grc'>.</span> <span class='ocrx_word' id='word_1_900' title='bbox 3786 5485 3830 5505; x_wconf 86' lang='grc'>..</span> 
     </span>
    </p>
   </div>
   <div class='ocr_carea' id='block_1_116' title="bbox 2271 5567 3830 5652">
    <p class='ocr_par' dir='ltr' id='par_1_116' title="bbox 2271 5567 3830 5652">
     <span class='ocr_line' id='line_1_116' title="bbox 2271 5567 3830 5652; baseline 0.001 -24"><span class='ocrx_word' id='word_1_901' title='bbox 2271 5573 2545 5631; x_wconf 82' lang='grc' dir='ltr'>Εἰσελθὼν</span> <span class='ocrx_word' id='word_1_902' title='bbox 2563 5572 2677 5644; x_wconf 84' lang='lat' dir='ltr'><em>06v,</em></span> <span class='ocrx_word' id='word_1_903' title='bbox 2705 5579 2892 5649; x_wconf 77' lang='grc' dir='ltr'>φησὶν,</span> <span class='ocrx_word' id='word_1_904' title='bbox 2912 5578 3227 5652; x_wconf 88' lang='grc' dir='ltr'>ἐθεασάμην</span> <span class='ocrx_word' id='word_1_905' title='bbox 3256 5581 3327 5635; x_wconf 85' lang='grc' dir='ltr'>τά</span> <span class='ocrx_word' id='word_1_906' title='bbox 3350 5580 3548 5648; x_wconf 86' lang='grc' dir='ltr'>πάντα,</span> <span class='ocrx_word' id='word_1_907' title='bbox 3576 5584 3635 5635; x_wconf 83' lang='grc' dir='ltr'>ἐν</span> <span class='ocrx_word' id='word_1_908' title='bbox 3657 5577 3733 5643; x_wconf 79' lang='grc' dir='ltr'>οἷς</span> <span class='ocrx_word' id='word_1_909' title='bbox 3749 5567 3830 5630; x_wconf 72' lang='grc' dir='ltr'>εὗ-</span> 
     </span>
    </p>
   </div>
   <div class='ocr_carea' id='block_1_117' title="bbox 2274 5653 3832 5751">
    <p class='ocr_par' dir='ltr' id='par_1_117' title="bbox 2274 5653 3832 5751">
     <span class='ocr_line' id='line_1_117' title="bbox 2274 5653 3832 5751; baseline 0.001 -23"><span class='ocrx_word' id='word_1_910' title='bbox 2274 5692 2366 5745; x_wconf 90' lang='grc' dir='ltr'>ρον</span> <span class='ocrx_word' id='word_1_911' title='bbox 2406 5675 2503 5730; x_wconf 74' lang='grc' dir='ltr'>καὶ</span> <span class='ocrx_word' id='word_1_912' title='bbox 2545 5676 2709 5731; x_wconf 84' lang='grc' dir='ltr'>κάδον</span> <span class='ocrx_word' id='word_1_913' title='bbox 2754 5674 2987 5747; x_wconf 90' lang='grc' dir='ltr'>χαλκοῦν</span> <span class='ocrx_word' id='word_1_914' title='bbox 3012 5676 3203 5732; x_wconf 86' lang='grc' dir='ltr'>ἁλύσει</span> <span class='ocrx_word' id='word_1_915' title='bbox 3267 5679 3462 5751; x_wconf 81' lang='grc' dir='ltr'>σιδηρᾷ</span> <span class='ocrx_word' id='word_1_916' title='bbox 3506 5653 3832 5751; x_wconf 68' lang='grc' dir='ltr'>κρεμάμενον</span> 
     </span>
    </p>
   </div>
   <div class='ocr_carea' id='block_1_118' title="bbox 2272 5770 3827 5848">
    <p class='ocr_par' dir='ltr' id='par_1_118' title="bbox 2272 5770 3827 5848">
     <span class='ocr_line' id='line_1_118' title="bbox 2272 5770 3827 5848; baseline 0.002 -20"><span class='ocrx_word' id='word_1_917' title='bbox 2272 5776 2415 5845; x_wconf 72' lang='grc' dir='ltr'>κατὰ</span> <span class='ocrx_word' id='word_1_918' title='bbox 2446 5775 2539 5830; x_wconf 83' lang='grc' dir='ltr'>τοῦ</span> <span class='ocrx_word' id='word_1_919' title='bbox 2570 5777 2811 5848; x_wconf 46' lang='grc' dir='ltr'>φρέατος,</span> <span class='ocrx_word' id='word_1_920' title='bbox 2832 5774 3019 5833; x_wconf 75' lang='grc' dir='ltr'>λοιπὸν</span> <span class='ocrx_word' id='word_1_921' title='bbox 3048 5774 3128 5847; x_wconf 82' lang='grc' dir='ltr'>τῷ</span> <span class='ocrx_word' id='word_1_922' title='bbox 3144 5776 3323 5848; x_wconf 85' lang='grc' dir='ltr'>χρόνῳ</span> <span class='ocrx_word' id='word_1_923' title='bbox 3345 5777 3693 5834; x_wconf 74' lang='grc' dir='ltr'>ἀναλωθέντα</span> <span class='ocrx_word' id='word_1_924' title='bbox 3713 5792 3726 5807; x_wconf 79' lang='grc'><strong><em>⁸</em></strong></span> <span class='ocrx_word' id='word_1_925' title='bbox 3748 5770 3827 5825; x_wconf 70' lang='grc' dir='ltr'>καὶ</span> 
     </span>
    </p>
   </div>
  </div>
