4020 6438
355 342 492 400 1053

1621 339 1932 398 HlSTORlA
1974 340 2335 399 LAUSMCA.

3469 350 3608 409 1054

349 457 494 512 misit
521 456 584 509 ad
616 455 920 520 Macarium,
955 465 1202 525 tanquam
1233 471 1477 523 magnum
1506 455 1553 509 ei
1583 456 1782 509 donum
1814 456 1918 506 lar—
1947 453 1999 510 -A
2026 456 2164 522 apud
2194 456 2548 512 Pharaonem.
2585 456 2653 514 Ut
2683 459 2771 526 qui
2804 474 2931 530 ergo
2962 460 3052 515 illo
3081 462 3204 518 vita:
3233 479 3344 519 sua:
3365 473 3606 534 tempore

349 549 521 617 giens.
553 545 650 612 Qui
679 561 796 600 cum
829 563 938 600 rem
965 547 1186 622 curiose
1217 547 1579 614 inquisiisset,
1612 547 1922 610 admiratus,

350 649 405 694 et
434 638 545 692 Deo
586 637 716 692 actis
749 639 930 707 gratiis
962 640 1030 693 ob
1075 646 1274 692 tantam
1304 654 1489 692 eorum
1520 639 1922 704 continentiam,

352 746 418 786 ne
445 732 558 800 ipse
587 731 802 800 quidem
833 747 899 785 ex
931 731 994 786 iis
1021 732 1230 786 tandem
1255 732 1505 785 comedit.

422 843 595 910 Atque
623 840 738 895 haec
763 841 976 910 quidem
1007 852 1088 896 est
1121 843 1292 910 magni
1325 841 1536 896 Macarii
1581 841 1920 905 exercitatio,

353 946 507 998 quam
536 947 636 1001 ego
665 943 716 986 et
748 933 895 986 multi
941 941 1186 986 accurate
1235 934 1370 1000 apud
1408 932 1578 1000 ipsum
1611 921 1919 986 didicimus.

353 1023 406 1078 Si
438 1024 574 1092 quod
605 1038 739 1091 opus
768 1025 1162 1078 exercitationis
1199 1024 1430 1092 aliquem
1461 1039 1691 1094 unquam
1735 1024 1926 1079 fecisse

352 1116 536 1181 audiit,
567 1117 786 1170 omnino
819 1116 868 1169 id
894 1116 1147 1170 ardenter
1173 1117 1364 1170 effecit.

419 1207 552 1260 Cum
585 1208 650 1261 ab
679 1208 939 1275 aliquibus
961 1207 1239 1272 audiisset,
1271 1209 1689 1262 Tabennesiotas
1717 1223 1811 1273 per
1833 1219 1916 1263 to-

351 1305 454 1349 tam
503 1297 958 1364 qnadragesimam
990 1298 1129 1350 nulla
1180 1312 1240 1352 re
1269 1298 1407 1351 vesci
1456 1313 1576 1364 qua:
1629 1299 1732 1365 igni
1779 1306 1924 1352 esset

348 1389 582 1452 admota,
615 1389 796 1440 statuit
845 1389 928 1442 hic
973 1397 1189 1441 sanctus
1237 1395 1439 1455 septem
1485 1389 1638 1441 annis
1669 1389 1795 1441 nihil
1828 1404 1923 1440 co-

351 1478 563 1532 medere
591 1479 729 1546 quod
758 1493 852 1546 per
898 1479 1070 1546 ignem
1119 1480 1430 1543 transisset,
1464 1490 1516 1533 et
1562 1488 1674 1533 toto
1716 1479 1807 1532 illo
1833 1494 1923 1533 se-

353 1569 568 1637 ptennio
598 1569 724 1623 nihil
757 1571 987 1638 gustavit
1030 1579 1223 1636 praeter
1247 1572 1410 1624 cruda
1435 1573 1581 1625 olera
1613 1572 1694 1624 vel
1724 1571 1768 1624 si
1797 1586 1917 1639 qua:

351 1660 490 1714 forte
520 1661 811 1715 invenisset
837 1662 1099 1728 legumina
1149 1663 1467 1716 humectata.
1499 1663 1626 1717 Cum
1660 1665 1760 1716 hoc
1793 1678 1922 1730 ergo

351 1760 500 1804 recte
525 1751 764 1815 vixisset,
791 1760 1104 1818 aspernatus
1131 1761 1212 1805 est
1244 1753 1380 1806 hane
1404 1752 1614 1805 vivendi
1638 1752 1918 1805 rationem.

352 1841 536 1895 Audiit
564 1849 744 1894 autem
785 1842 851 1893 ab
885 1841 1062 1908 aliquo
1092 1842 1195 1896 alio
1233 1842 1318 1894 hic
1363 1841 1743 1896 monachorum
1787 1841 1924 1908 opti-

352 1947 493 1994 mus,
526 1933 664 1998 quod
694 1933 908 2001 quidam
941 1935 1235 1988 monachus
1265 1934 1576 1987 comedebat
1609 1933 1798 1986 libram
1830 1948 1927 1998 pa-

351 2024 453 2078 nis.
491 2024 655 2090 Quem
684 2027 964 2079 simulatus
988 2066 1001 2088 ,
1035 2027 1188 2094 fregit
1219 2027 1358 2095 quod
1403 2027 1630 2079 habebat
1661 2025 1930 2079 buccella—

353 2123 484 2178 tum,
530 2123 584 2167 et
633 2115 854 2168 immisit
898 2116 950 2169 in
996 2116 1259 2185 lagonam,
1307 2126 1543 2170 statuens
1592 2113 1929 2170 solummodo

355 2211 562 2256 tantum
593 2203 899 2266 comedere,
930 2214 1184 2271 quantum
1216 2221 1401 2258 manus
1429 2206 1545 2273 ejus
1574 2220 1784 2259 sursum
1821 2205 1926 2257 fer-

350 2297 457 2344 ret.
483 2289 669 2350 Magna
692 2299 772 2342 est
800 2299 976 2344 autem
1001 2293 1113 2346 hinc
1143 2294 1194 2347 in
1226 2295 1503 2348 tractando
1531 2310 1756 2363 corpore
1777 2309 1929 2362 aspe-

354 2377 504 2428 ritas.
554 2377 765 2430 Festive
811 2379 951 2432 enim
983 2382 1137 2434 nobis
1187 2384 1474 2436 narrabat:
1509 2382 1667 2437 Plura
1713 2386 1928 2452 quidem

356 2465 516 2517 frusta
539 2466 1052 2535 apprehendebam;
1127 2467 1222 2522 sed
1285 2483 1395 2523 non
1463 2473 1671 2527 sinebat
1739 2472 1930 2528 efferre

352 2557 422 2610 ob
444 2562 734 2626 angustiam
762 2562 1053 2616 foraminis.
1081 2564 1398 2617 Pnblicanus
1421 2566 1562 2619 enim
1603 2581 1755 2620 meus
1793 2566 1924 2618 mihi

353 2663 457 2702 non
491 2652 827 2718 permittebat
873 2656 1091 2707 omnino
1129 2656 1291 2709 vesci.
1326 2657 1488 2709 Totos
1526 2671 1654 2725 ergo
1687 2668 1794 2710 tres
1825 2673 1920 2708 an-

359 2754 455 2793 nos
487 2742 620 2795 hanc
649 2745 885 2797 exercuit
912 2746 1308 2809 cootincntiam,
1333 2757 1561 2814 quatuor
1585 2748 1664 2800 vel
1696 2747 1929 2814 quinque

351 2830 535 2885 uncias
573 2834 859 2886 comedens
883 2873 898 2895 ,
931 2843 983 2886 et
1027 2849 1218 2902 aquam
1250 2851 1365 2903 qu-e
1413 2837 1491 2889 eis
1538 2837 1924 2902 responderet;

350 2923 455 2976 olei
488 2934 664 2976 autem
713 2927 1000 2979 sextarium
1035 2934 1149 2980 toto
1181 2941 1322 2980 anno
1364 2926 1713 2980 consumebat
1743 2928 1793 2980 in
1832 2927 1931 2980 ali-

351 3023 607 3066 ruentum.

421 3105 535 3156 Alia
569 3104 782 3158 athleta:
811 3107 1141 3160 exercitatio.
1172 3109 1365 3161 Statuit
1401 3107 1690 3161 indomitus
1723 3108 1807 3161 hic
1839 3109 1921 3162 vir

351 3208 600 3248 somnum
644 3209 918 3261 superare.
953 3197 1160 3252 Etenim
1204 3198 1443 3252 utilitatis
1478 3199 1647 3265 gratia
1680 3197 1780 3254 hoc
1813 3201 1925 3266 ipse

353 3287 622 3341 narravit:
650 3288 797 3342 Totis
826 3288 1011 3359 viginti
1061 3289 1249 3345 diebus
1278 3300 1330 3344 et
1372 3293 1615 3346 noctibus
1663 3308 1765 3346 non
1809 3309 1926 3348 sum

351 3386 546 3432 tectum
581 3378 876 3448 ingressus,
910 3391 967 3434 ut
1017 3397 1262 3436 somnum
1293 3384 1582 3449 vincerem,
1613 3399 1731 3437 cum
1764 3385 1930 3439 inter-

351 3468 439 3522 diu
470 3471 688 3538 quidem
735 3482 868 3524 mstu
912 3474 1175 3532 arderem,
1223 3485 1379 3528 noctu
1411 3490 1536 3527 vero
1566 3477 1746 3540 algore
1791 3478 1928 3546 rige-

350 3571 488 3612 rem.
520 3559 670 3626 Quod
703 3561 802 3614 nisi
825 3601 842 3626 ,
873 3561 1161 3628 inquiebat,
1197 3573 1391 3618 tectum
1423 3578 1595 3618 essem
1626 3567 1923 3636 ingressus,

348 3656 403 3700 et
432 3663 622 3702 somno
653 3665 780 3703 usus
809 3665 1007 3713 essem,
1039 3654 1108 3704 ita
1143 3653 1272 3706 mihi
1301 3664 1415 3708 erat
1455 3657 1742 3709 arefactum
1775 3672 1926 3710 cere-

355 3738 530 3803 brum,
566 3747 623 3791 ut
667 3739 924 3804 deinceps
974 3750 1157 3808 ageret
1205 3744 1254 3796 in
1289 3746 1536 3798 exstasim
1565 3763 1578 3808 ;
1610 3757 1662 3797 et
1689 3749 1826 3811 quod
1859 3747 1925 3800 ad

353 3843 439 3880 me
469 3828 679 3898 quidem
728 3832 956 3897 attinet,
991 3833 1086 3885 viri
1137 3848 1379 3886 somnum
1407 3853 1420 3897 ;
1451 3837 1587 3903 quod
1639 3847 1814 3891 autem
1858 3839 1923 3891 ad

347 3929 587 3973 naturam
619 3935 752 3989 Opus
786 3924 1091 3989 habentem,
1125 3926 1174 3980 ei
1209 3929 1344 3979 cessi
1373 3929 1411 3980 ¹.

418 4008 477 4061 Εἰ
507 4010 792 4078 aliquando
808 4013 1104 4066 molestiam
1138 4015 1372 4069 exhibuit
1387 4017 1602 4084 spiritus
1621 4019 1920 4074 fornicatio-

345 4097 430 4153 nis
453 4100 568 4170 (49)
589 4118 604 4164 ;
627 4110 680 4155 et
704 4111 829 4156 tunc
856 4105 1230 4159 condemnavit
1251 4109 1483 4171 seipsum
1508 4111 1696 4164 sedere
1726 4113 1923 4167 nudum

344 4204 435 4243 sex
471 4207 682 4246 menses
714 4195 764 4246 in
812 4194 1002 4262 palude
1033 4197 1238 4260 Scetes,
1273 4213 1389 4266 quae
1419 4207 1500 4251 est
1531 4199 1580 4252 in
1610 4209 1754 4253 vasta
1797 4202 1924 4254 soli-

347 4282 549 4344 tudine,
598 4283 648 4336 in
697 4300 798 4351 qua
842 4295 1063 4351 possunt
1112 4289 1306 4342 culices
1351 4289 1433 4342 vel
1466 4291 1708 4346 sauciare
1757 4292 1922 4360 pelles

346 4385 617 4438 aprorum,
650 4382 706 4426 ut
736 4376 821 4442 qui
853 4376 959 4429 sint
991 4393 1140 4444 reque
1171 4380 1344 4446 magni
1381 4389 1436 4432 ut
1465 4394 1665 4448 vespae,
1699 4382 1833 4434 adeo
1868 4390 1925 4435 ut

2020 548 2313 602 maximam
2345 550 2395 602 in
2427 548 2654 619 Egypto
2687 551 2935 605 haberent
2969 563 3308 621 potestatem,
3343 569 3596 613 constru-

2029 647 2222 690 xerunt
2270 638 2400 691 illud
2447 654 2581 706 Opus
2630 656 2693 694 ex
2746 641 3006 709 lapidibus
3038 646 3305 714 quadratis
3339 648 3452 715 (su,
3482 690 3496 713 ,
3551 658 3603 702 et

2027 741 2183 780 suum
2207 727 2314 782 illic
2342 729 2584 784 fecerunt
2615 733 3035 800 monimentum;
3068 744 3120 789 et
3146 751 3262 789 cum
3295 738 3473 791 multis
3496 739 3606 792 illic

2027 820 2140 873 auri
2171 819 2582 888 deposuissent,
2615 831 2670 875 et
2709 839 2865 878 omne
2896 839 3062 892 genus
3106 827 3324 880 arbores
3371 829 3606 895 plantas-

2029 917 2172 972 sent,
2207 912 2502 965 maximum
2533 928 2746 980 quoque
2786 923 3001 982 puteum
3033 930 3184 982 aqua:
3217 915 3495 979 foderunt;
3525 925 3607 969 est

2029 1001 2172 1054 enim
2206 1001 2350 1054 locus
2381 1001 2627 1057 humidus
2661 1003 2794 1072 (Si).
2848 1005 2973 1058 l-la-c
3021 1016 3195 1058 autem
3241 1006 3417 1058 omnia
3465 1007 3608 1059 fece-

2027 1103 2174 1156 runt,
2206 1105 2484 1161 sperantes
2513 1107 2629 1162 post
2659 1112 2811 1149 suum
2845 1098 2965 1152 hinc
2995 1098 3288 1152 discessum
3337 1098 3435 1151 frui
3467 1099 3604 1151 deli-

2026 1184 2126 1237 ciis
2158 1185 2207 1237 in
2235 1185 2324 1238 ille
2354 1187 2618 1254 paradiso.
2650 1187 2884 1242 Tandem
2908 1205 3035 1258 ergo
3057 1191 3304 1258 quoniam
3333 1189 3606 1244 nesciebat

2026 1277 2166 1328 viam
2196 1291 2314 1344 qua:
2332 1278 2396 1330 ad
2426 1293 2543 1330 eum
2573 1279 2717 1333 ducit
2739 1280 2976 1344 hortum,
3000 1281 3090 1334 Dei
3116 1295 3301 1335 servus
3325 1281 3602 1344 Macarius,

2026 1367 2330 1436 conjectura
2364 1369 2588 1436 quadam
2621 1371 2939 1439 sequebatur
2981 1381 3157 1436 astra,
3191 1385 3242 1426 et
3271 1371 3406 1426 sicut
3431 1380 3607 1426 nautze

2025 1459 2115 1526 qui
2147 1460 2508 1513 transmittunt
2541 1462 2726 1523 maria,
2759 1470 2921 1514 totam
2954 1465 3186 1530 pervasit
3215 1473 3431 1516 sanctus
3459 1464 3591 1516 soli-

2030 1550 2301 1612 tudinem;
2336 1560 2529 1604 etcum
2553 1552 2752 1618 aliquot
2781 1554 2938 1604 etiam
2969 1553 3266 1619 accepisset
3291 1551 3601 1614 arundines,

2028 1655 2182 1693 unam
2227 1642 2412 1692 statuit
2441 1641 2491 1694 in
2525 1656 2844 1710 unoquoque
2881 1642 3094 1695 milliari
3115 1683 3127 1702 ,
3163 1652 3216 1694 ut
3248 1657 3340 1710 per
3367 1657 3430 1696 ea
3456 1641 3603 1710 signa

2031 1741 2314 1786 remearet.
2347 1731 2476 1784 Cum
2523 1746 2648 1800 ergo
2681 1733 2815 1784 intra
2847 1747 3036 1786 novem
3083 1733 3197 1785 dies
3247 1742 3410 1786 totam
3462 1732 3604 1785 illam

2035 1823 2358 1889 pervasisset
2387 1823 2748 1887 solitudinem,
2777 1834 2829 1876 et
2848 1831 2992 1877 esset
3015 1839 3175 1891 prope
3200 1825 3346 1876 illum
3371 1824 3604 1888 hortum,

2030 1913 2350 1967 succedente
2384 1921 2538 1967 nocte
2568 1928 2752 1981 parum
2781 1913 3018 1966 dormiit.
3055 1913 3306 1966 humanis
3336 1928 3463 1967 vero
3492 1913 3606 1966 daa-

2031 2021 2152 2059 mon
2203 2008 2291 2074 qui
2343 2021 2553 2075 semper
2583 2007 2897 2060 adversatur
2946 2006 3141 2060 Chrisd
3188 2005 3443 2071 athletis,
3485 2021 3607 2060 cum

2031 2096 2334 2164 collegisset
2383 2111 2570 2151 omnes
2625 2098 2746 2151 illas
2791 2097 3110 2160 arundines,
3161 2097 3458 2150 dormiente
3499 2096 3610 2151 Ma-

2030 2187 2219 2252 cario,
2268 2194 2322 2239 et
2356 2185 2570 2239 circiter
2621 2186 2685 2237 ad
2734 2200 2895 2238 unum
2946 2185 3173 2252 lapidem
3203 2198 3232 2236 a
3279 2185 3610 2238 monimento

2031 2278 2094 2331 ad
2137 2278 2251 2345 ejus
2304 2289 2460 2342 caput
2504 2277 2802 2342 posuisset,
2853 2278 3111 2336 recessit;
3160 2285 3436 2344 postquam
3481 2290 3611 2344 ergo

2031 2369 2300 2430 surrexit,
2374 2368 2578 2421 invenit
2637 2368 2912 2435 colligatus
2962 2368 3249 2420 arundines
3309 2383 3439 2433 quas
3496 2369 3611 2434 ipse

2034 2460 2218 2512 ﬁxerat
2251 2457 2386 2524 signi
2419 2473 2600 2510 causa.
2633 2457 2882 2510 Fortasse
2912 2466 3085 2509 autem
3126 2455 3227 2509 hoc
3256 2471 3467 2524 quoque
3515 2456 3611 2508 fuit

2035 2549 2123 2602 Dei
2159 2550 2439 2617 permissio
2487 2549 2552 2602 ad
2603 2549 2857 2616 majorem
2889 2548 3002 2617 ejus
3043 2549 3518 2611 exercitationem,
3551 2558 3611 2604 ut

2034 2659 2137 2696 non
2169 2653 2412 2711 speraret
2440 2645 2492 2697 in
2517 2645 2893 2708 arundinibus,
2923 2644 3014 2696 sed
3049 2644 3097 2696 in
3131 2643 3222 2696 Dei
3263 2643 3454 2711 gratia,
3485 2657 3604 2709 qua:

2037 2750 2132 2802 per
2159 2736 2463 2789 columnam
2514 2735 2668 2790 nubis
2700 2736 2921 2788 deduxit
2950 2735 3106 2788 Israel
3136 2734 3484 2803 quadraginta
3513 2749 3610 2786 au~

2034 2828 2115 2881 nis
2146 2829 2196 2881 in
2230 2829 2455 2882 terribili
2487 2829 2573 2882 illa
2604 2827 2915 2882 solitudine.
2963 2827 3179 2880 Dicebat
3204 2835 3377 2879 autem
3427 2826 3596 2878 Maca-

2035 2921 2142 2972 rius
2173 2940 2183 2973 :
2209 2921 2341 2974 Cum
2374 2921 2592 2988 propius
2618 2922 2818 2974 accessi
2852 2922 2914 2972 ad
2941 2919 3070 2972 illud
3099 2921 3504 2981 monimentum,
3539 2933 3606 2972 ex

2032 3026 2098 3064 eo
2124 3010 2327 3077 egressi
2353 3011 2478 3063 mihi
2509 3022 2854 3064 occurrerunt
2879 3011 2942 3063 ad
2967 3011 3299 3078 septuaginta
3331 3010 3606 3064 dremones

2031 3104 2191 3157 variis
2231 3104 2414 3158 formis
2464 3104 2718 3172 przediti;
2765 3103 2853 3157 alii
2895 3103 3107 3173 quidem
3146 3103 3472 3165 clamantes,
3519 3103 3608 3157 alii

2033 3211 2160 3250 vero
2193 3196 2534 3262 exsilientes,
2563 3195 2650 3249 alii
2680 3211 2807 3250 vero
2835 3211 2954 3249 cum
2983 3209 3175 3264 magno
3198 3195 3408 3249 fremitu
3441 3194 3491 3246 in
3522 3205 3612 3247 me

2031 3285 2317 3340 stridentes
2346 3285 2616 3350 dentibus,
2654 3287 2737 3338 alii
2769 3300 2896 3339 vero
2923 3293 3176 3353 tanquam
3223 3285 3368 3337 corvi
3421 3283 3605 3338 volan-

2031 3387 2134 3441 tes,
2188 3376 2452 3430 audebant
2497 3391 2617 3431 meo
2656 3377 2822 3430 vultui
2854 3376 3142 3438 insultare,
3172 3373 3607 3439 dicentes:Quid

2028 3471 2126 3531 vis,
2159 3469 2345 3522 Marari
2366 3510 2380 3533 ,
2414 3468 2631 3522 tentatio
2658 3466 3077 3521 monachorum?
3107 3466 3233 3534 quid
3265 3465 3331 3519 ad
3371 3479 3468 3517 nos
3517 3478 3605 3517 ac-

2029 3561 2279 3614 cessisti?
2307 3575 2372 3612 an
2421 3575 2523 3611 non
2571 3574 2666 3610 nos
2714 3573 2923 3626 quoque
2954 3558 3180 3622 aliquem
3211 3571 3274 3608 ex
3325 3555 3602 3608 monachis

2031 3651 2381 3704 vexavimus?
2410 3650 2540 3715 Qure
2569 3658 2746 3702 nostra
2788 3655 2930 3711 sunt,
2979 3657 3031 3700 tu
3059 3662 3176 3698 tum
3209 3645 3316 3698 tuis
3344 3645 3606 3698 similibus

2031 3743 2138 3796 illic
2171 3743 2355 3806 habes,
2393 3755 2584 3808 nempe
2614 3739 2977 3803 solitudinem,
3010 3749 3062 3792 et
3095 3737 3239 3790 illinc
3266 3744 3476 3788 nostros
3503 3749 3600 3788 co-

2027 3843 2214 3900 gnatos
2240 3831 2530 3900 fugavistis.
2581 3829 2720 3883 Nihil
2768 3840 2850 3883 est
2896 3829 3046 3881 nobis
3089 3836 3262 3881 tecum
3295 3839 3602 3880 commune.

2025 3926 2161 3991 Quid
2188 3926 2299 3978 loca
2332 3933 2507 3977 nostra
2537 3921 2776 3976 invadis?
2803 3921 3074 3988 Tanquam
3105 3921 3446 3982 anachoreta,
3473 3931 3606 3971 con-

2027 4027 2202 4071 tentus
2242 4025 2358 4070 esto
2383 4015 2692 4069 solitudine.
2723 4013 2820 4080 Qui
2855 4012 2994 4065 hunc
3026 4013 3198 4064 locum
3231 4011 3560 4062 aedificarunt
3582 4047 3600 4062 .

2029 4122 2148 4160 eum
2174 4107 2324 4161 nobis
2349 4106 2719 4174 assignarunt;
2754 4119 2857 4156 non
2891 4111 3041 4170 potes
3071 4099 3162 4153 hic
3195 4116 3432 4153 tnanere.
3459 4099 3596 4165 Quid

2028 4197 2226 4263 quzeris
2257 4196 2458 4264 ingredi
2487 4197 2535 4248 in
2561 4196 2697 4246 hanc
2721 4192 3136 4260 possessionem,
3165 4193 3214 4245 in
3244 4206 3399 4256 quam
3426 4191 3604 4243 nullus

2027 4304 2090 4340 ex
2134 4287 2268 4340 vivis
2315 4287 2616 4339 hominibus
2648 4295 2728 4338 est
2763 4287 3032 4353 ingressus
3058 4325 3072 4348 ,
3120 4298 3182 4337 ex
3214 4297 3318 4351 quo
3351 4282 3606 4336 fratribus

2025 4380 2111 4446 qui
2143 4380 2241 4430 hoc
2265 4378 2618 4431 condiderunt
2645 4387 2766 4430 sunt
2789 4391 2816 4429 a
2843 4376 2994 4429 nobis
3022 4376 3106 4428 hie
3135 4374 3286 4427 factae
3307 4378 3600 4440 exsequiae.

346 4461 397 4512 in
427 4469 539 4514 toto
569 4461 686 4527 ejus
731 4478 956 4528 corpore
990 4467 1256 4520 infixerint
1301 4470 1542 4533 aculeos;
1577 4480 1633 4523 ut
1679 4473 1919 4526 nonnulli
1953 4508 2003 4564 Β
2029 4468 2093 4520 Et
2121 4484 2239 4520 curn
2270 4468 2429 4519 multa
2457 4467 2629 4519 adhuc
2662 4469 3010 4520 turbarentet
3049 4467 3364 4520 insultarent
3404 4467 3604 4518 daemo-

346 4551 777 4604 existimaverint
804 4570 924 4606 eum
955 4571 1074 4610 esse
1107 4557 1395 4624 leprosum.
1427 4560 1687 4614 lleversus
1713 4578 1841 4631 ergo
1871 4565 1918 4617 in

343 4656 494 4695 suam
525 4644 771 4697 cellulam
805 4657 923 4713 post
968 4664 1057 4701 sex
1092 4666 1304 4704 menses
1328 4695 1342 4717 ,
1373 4667 1443 4705 ex
1494 4668 1623 4708 voce
1651 4657 1920 4724 cognitum

343 4740 424 4786 est
451 4747 572 4785 eum
602 4747 721 4787 esse
751 4734 1024 4794 dominum
1055 4737 1371 4796 Macarium.

417 4823 463 4878 ls
489 4827 654 4892 cupiit
683 4827 988 4894 aliquando,
1025 4839 1080 4883 ut
1112 4833 1225 4899 ipse
1274 4833 1428 4886 nobis
1473 4835 1747 4900 narravit,
1781 4838 1919 4905 quod

347 4913 400 4966 in
441 4915 610 4970 hortis
639 4927 752 4970 erat
777 4959 792 4982 ,
840 4919 1042 4986 ingredi
1090 4925 1470 4977 monimentum
1498 4964 1513 4989 ,
1558 4928 1696 4993 quod
1731 4929 1923 4983 dicitur

344 5006 648 5074 γηπατάφιον
695 5004 863 5060 Janne
911 5017 964 5062 et
1013 5009 1284 5077 Mamhre,
1336 5029 1604 5080 magorum
1635 5018 1721 5084 qui
1770 5027 1923 5072 erant

347 5102 584 5163 tempore
620 5099 933 5165 Pharaonis,
967 5111 1024 5155 ut
1067 5103 1115 5156 id
1147 5104 1364 5169 videret,
1400 5108 1482 5159 vel
1522 5109 1677 5162 etiam
1709 5119 1764 5163 ut
1791 5125 1902 5165 con-

343 5189 548 5242 veniret
576 5205 671 5244 eos
709 5193 794 5260 qui
847 5193 957 5246 illic
988 5204 1110 5246 sunt
1138 5195 1429 5250 dmmones.
1471 5198 1750 5252 Dicebatur
1776 5203 1917 5258 enim

343 5278 596 5344 plurimos
621 5322 636 5345 ,
667 5296 865 5350 eosque
915 5284 1270 5338 ferocissimos
1294 5328 1307 5348 ,
1343 5286 1393 5338 in
1421 5302 1485 5340 eo
1528 5289 1647 5341 loco
1691 5292 1760 5343 ab
1809 5293 1912 5348 iliis

341 5367 628 5425 collocatos
676 5388 794 5426 esse
843 5374 1115 5428 daemones
1164 5390 1259 5444 per
1304 5377 1511 5430 infamis
1559 5381 1688 5432 artis
1727 5396 1914 5436 eorum

340 5461 730 5516 excellentiam.
766 5464 876 5518 Iloc
905 5475 1081 5519 autem
1115 5468 1497 5520 monimentum
1539 5467 1737 5523 factum
1778 5480 1861 5524 est
1885 5487 1914 5525 a

338 5547 507 5604 Jaune
535 5559 589 5604 et
615 5549 853 5605 Mamhre
881 5552 1154 5618 fratribus,
1180 5555 1267 5624 qui
1299 5567 1512 5624 pr0pter
1541 5559 1758 5627 magica:
1783 5563 1914 5614 artis

337 5639 712 5694 excellentiam
743 5640 943 5709 primas
992 5654 1168 5710 partes
1221 5644 1484 5700 habebant
1533 5647 1625 5701 illo
1670 5657 1908 5716 tempore

2029 4570 2142 4619 nes,
2169 4556 2300 4608 dixit
2326 4557 2404 4609 eis
2425 4565 2638 4608 sanctus
2671 4556 2926 4609 Macarius
2952 4572 2965 4607 :
2992 4557 3264 4623 Ingrediar
3300 4566 3524 4619 tantum,
3549 4565 3604 4610 et

2027 4645 2236 4709 videbo,
2271 4658 2322 4699 et
2352 4645 2473 4700 hinc
2500 4647 2764 4700 recedam.
2802 4647 3061 4702 Dixerunt
3083 4657 3257 4700 autem
3291 4648 3598 4701 daemones:

2030 4734 2140 4789 lloc
2171 4737 2323 4789 nobis
2357 4737 2607 4803 promitte
2636 4739 2687 4790 in
2737 4747 2820 4790 tua
2863 4739 3210 4792 conscientia.
3245 4738 3379 4792 Dicit
3422 4747 3600 4791 autem

2027 4824 2222 4878 Christi
2270 4839 2480 4890 servus,
2516 4825 2628 4880 lloc
2669 4824 2883 4881 faciam.
2929 4827 3204 4881 Daemones
3249 4837 3426 4880 autem
3475 4841 3602 4880 cva-

2029 4927 2276 4972 nuerunt.
2309 4918 2644 4986 Ingrediente
2682 4931 2860 4973 autem
2887 4934 2951 4973 eo
2982 4921 3032 4972 in
3063 4920 3363 4984 paradisum
3384 4959 3398 4982 ,
3431 4919 3476 4972 ei
3509 4933 3601 4972 oc-

2025 5013 2192 5062 ciirrit
2221 5009 2468 5062 diabolus
2491 5026 2610 5063 cum
2639 5011 2827 5064 stricta
2867 5011 3198 5078 rhnmpha‘a,
3226 5010 3274 5062 ei
3323 5010 3597 5062 minitans.

2025 5104 2102 5156 Ad
2133 5119 2293 5172 quem
2340 5106 2476 5160 hanc
2501 5120 2686 5160 vocem
2733 5106 3007 5173 respondit
3047 5114 3263 5162 sanctus
3295 5104 3553 5158 Macarius
3582 5121 3598 5156 :

2023 5196 2100 5249 Tu
2131 5196 2280 5250 venis
2305 5197 2372 5249 ad
2400 5213 2484 5250 me
2516 5198 2566 5250 iu
2595 5198 2778 5250 stricta
2812 5196 3154 5262 rhomphzea;
3182 5205 3236 5248 et
3273 5210 3372 5262 ego
3413 5203 3600 5247 contra

2024 5295 2074 5341 te
2099 5288 2361 5356 ingrediar
2388 5288 2439 5340 in
2470 5289 2682 5340 nomine
2725 5286 2934 5340 Domini
2975 5285 3220 5347 sabaoth,
3256 5285 3306 5339 in
3348 5285 3462 5337 acie
3503 5283 3597 5336 Dei

2024 5377 2202 5429 Israel.
2234 5377 2504 5444 Ingressus
2531 5386 2729 5440 autem,
2754 5377 3144 5444 contemplatus
3169 5391 3283 5428 sum
3312 5375 3511 5435 omnia,
3540 5374 3592 5425 in

2023 5471 2211 5538 quibus
2256 5470 2432 5523 inveni
2480 5472 2639 5522 etiam
2699 5470 2889 5522 cadum
2935 5483 3139 5522 :cncnm
3189 5478 3375 5520 catena
3424 5464 3595 5518 ferrea

2023 5560 2338 5624 pendentem
2364 5575 2426 5614 ex
2456 5569 2611 5627 puteo
2637 5599 2652 5623 ,
2680 5558 2788 5628 jam
2838 5569 3075 5628 tempore
3099 5565 3469 5622 consumptum
3497 5595 3511 5618 ,
3539 5563 3596 5608 et

2020 5647 2249 5702 fructum
2278 5650 2534 5704 malorum
2562 5649 2875 5718 punicorum
2916 5663 3035 5718 qua:
3081 5648 3212 5703 nihil
3257 5648 3399 5701 intus
3428 5645 3594 5700 habe-

412 5747 432 5782 ⁸
457 5749 555 5805 llic
586 5750 943 5822 paragraphus
971 5753 1138 5809 variat
1160 5755 1210 5809 in
1233 5755 1440 5813 Graeco.
1472 5757 1568 5812 Est
1610 5765 1666 5812 ut
1697 5760 1748 5813 in
1795 5758 2095 5828 Heraclide,
2129 5777 2244 5830 cap.
2270 5761 2322 5817 6.
