  <div class='ocr_page' id='page_1' title='image "/cluster/home/n/w/nwhite01/storage/ocr_20150623/34/coo.31924054869312/539.png"; bbox 0 0 4020 6460; ppageno 0'>
   <div class='ocr_carea' id='block_1_1' title="bbox 472 364 668 424">
    <p class='ocr_par' dir='ltr' id='par_1_1' title="bbox 472 364 668 424">
     <span class='ocr_line' id='line_1_1' title="bbox 472 364 668 424; baseline 0.005 -1"><span class='ocrx_word' id='word_1_1' title='bbox 472 365 612 424; x_wconf 72' lang='grc'><strong>1033</strong></span> <span class='ocrx_word' id='word_1_2' title='bbox 650 364 668 372; x_wconf 77' lang='grc'><em>”</em></span> 
     </span>
    </p>
   </div>
   <div class='ocr_carea' id='block_1_2' title="bbox 1946 361 2265 422">
    <p class='ocr_par' dir='ltr' id='par_1_2' title="bbox 1946 361 2265 422">
     <span class='ocr_line' id='line_1_2' title="bbox 1946 361 2265 422; baseline 0.013 -4"><span class='ocrx_word' id='word_1_3' title='bbox 1946 361 2265 422; x_wconf 81' lang='lat' dir='ltr'><strong>PALLADH</strong></span> 
     </span>
    </p>
   </div>
   <div class='ocr_carea' id='block_1_3' title="bbox 3616 348 3762 414">
    <p class='ocr_par' dir='ltr' id='par_1_3' title="bbox 3616 348 3762 414">
     <span class='ocr_line' id='line_1_3' title="bbox 3616 348 3762 414; baseline 0.014 -2"><span class='ocrx_word' id='word_1_4' title='bbox 3616 348 3762 414; x_wconf 68' lang='lat'><strong>1056</strong></span> 
     </span>
    </p>
   </div>
   <div class='ocr_carea' id='block_1_4' title="bbox 485 472 3743 554">
    <p class='ocr_par' dir='ltr' id='par_1_4' title="bbox 485 472 3743 554">
     <span class='ocr_line' id='line_1_4' title="bbox 485 472 3743 554; baseline -0.002 -13"><span class='ocrx_word' id='word_1_5' title='bbox 485 486 634 552; x_wconf 90' lang='lat' dir='ltr'><strong>bant,</strong></span> <span class='ocrx_word' id='word_1_6' title='bbox 666 486 874 541; x_wconf 83' lang='lat' dir='ltr'><strong>fuerant</strong></span> <span class='ocrx_word' id='word_1_7' title='bbox 893 485 1038 539; x_wconf 85' lang='lat' dir='ltr'><strong>enim</strong></span> <span class='ocrx_word' id='word_1_8' title='bbox 1065 483 1296 539; x_wconf 83' lang='lat' dir='ltr'><strong>arefacta</strong></span> <span class='ocrx_word' id='word_1_9' title='bbox 1321 500 1349 538; x_wconf 96' lang='lat' dir='ltr'><strong>a</strong></span> <span class='ocrx_word' id='word_1_10' title='bbox 1379 485 1513 553; x_wconf 86' lang='lat' dir='ltr'><strong>sole,</strong></span> <span class='ocrx_word' id='word_1_11' title='bbox 1540 492 1595 539; x_wconf 88' lang='lat' dir='ltr'><strong>et</strong></span> <span class='ocrx_word' id='word_1_12' title='bbox 1634 482 1857 554; x_wconf 90' lang='lat' dir='ltr'><strong>plurima</strong></span> <span class='ocrx_word' id='word_1_13' title='bbox 1896 496 2054 535; x_wconf 87' lang='lat' dir='ltr'><strong>aurea</strong></span> <span class='ocrx_word' id='word_1_14' title='bbox 2084 482 2134 539; x_wconf 78' lang='grc' dir='ltr'>Α</span> <span class='ocrx_word' id='word_1_15' title='bbox 2162 477 2531 548; x_wconf 82' lang='lat' dir='ltr'><strong>quadringenti</strong></span> <span class='ocrx_word' id='word_1_16' title='bbox 2557 480 2652 533; x_wconf 84' lang='lat' dir='ltr'><strong>viri</strong></span> <span class='ocrx_word' id='word_1_17' title='bbox 2674 494 2842 549; x_wconf 90' lang='lat' dir='ltr'><strong>usque</strong></span> <span class='ocrx_word' id='word_1_18' title='bbox 2864 479 2915 535; x_wconf 91' lang='lat' dir='ltr'><strong>in</strong></span> <span class='ocrx_word' id='word_1_19' title='bbox 2930 476 3244 536; x_wconf 90' lang='lat' dir='ltr'><strong>hodiernum</strong></span> <span class='ocrx_word' id='word_1_20' title='bbox 3261 476 3425 533; x_wconf 87' lang='lat' dir='ltr'><strong>diem.</strong></span> <span class='ocrx_word' id='word_1_21' title='bbox 3449 472 3743 547; x_wconf 85' lang='lat' dir='ltr'><strong>ingressus</strong></span> 
     </span>
    </p>
   </div>
   <div class='ocr_carea' id='block_1_5' title="bbox 487 577 2059 647">
    <p class='ocr_par' dir='ltr' id='par_1_5' title="bbox 487 577 2059 647">
     <span class='ocr_line' id='line_1_5' title="bbox 487 577 2059 647; baseline -0.003 -15"><span class='ocrx_word' id='word_1_22' title='bbox 487 578 735 632; x_wconf 87' lang='lat' dir='ltr'><strong>donaria.</strong></span> <span class='ocrx_word' id='word_1_23' title='bbox 820 577 958 632; x_wconf 88' lang='lat' dir='ltr'><strong>Cum</strong></span> <span class='ocrx_word' id='word_1_24' title='bbox 1048 582 1268 631; x_wconf 89' lang='lat' dir='ltr'><strong>sanctus</strong></span> <span class='ocrx_word' id='word_1_25' title='bbox 1360 590 1489 647; x_wconf 86' lang='lat' dir='ltr'><strong>ergo</strong></span> <span class='ocrx_word' id='word_1_26' title='bbox 1554 577 1696 631; x_wconf 89' lang='lat' dir='ltr'><strong>illinc</strong></span> <span class='ocrx_word' id='word_1_27' title='bbox 1746 577 2059 630; x_wconf 73' lang='lat' dir='ltr'><strong>recessisset</strong></span> 
     </span>
    </p>
   </div>
   <div class='ocr_carea' id='block_1_6' title="bbox 488 666 2059 739">
    <p class='ocr_par' dir='ltr' id='par_1_6' title="bbox 488 666 2059 739">
     <span class='ocr_line' id='line_1_6' title="bbox 488 666 2059 739; baseline -0.003 -16"><span class='ocrx_word' id='word_1_28' title='bbox 488 671 690 739; x_wconf 80' lang='lat' dir='ltr'><strong>absque</strong></span> <span class='ocrx_word' id='word_1_29' title='bbox 719 669 948 723; x_wconf 91' lang='lat' dir='ltr'><strong>tumultu</strong></span> <span class='ocrx_word' id='word_1_30' title='bbox 995 674 1051 722; x_wconf 89' lang='lat' dir='ltr'><strong>et</strong></span> <span class='ocrx_word' id='word_1_31' title='bbox 1091 668 1222 722; x_wconf 89' lang='lat' dir='ltr'><strong>citra</strong></span> <span class='ocrx_word' id='word_1_32' title='bbox 1254 666 1414 721; x_wconf 84' lang='lat' dir='ltr'><strong>ullam</strong></span> <span class='ocrx_word' id='word_1_33' title='bbox 1460 667 1941 736; x_wconf 75' lang='lat' dir='ltr'><strong>perturbationem,</strong></span> <span class='ocrx_word' id='word_1_34' title='bbox 1974 677 2059 718; x_wconf 86' lang='lat' dir='ltr'><strong>re-</strong></span> 
     </span>
    </p>
   </div>
   <div class='ocr_carea' id='block_1_7' title="bbox 496 757 1779 829">
    <p class='ocr_par' dir='ltr' id='par_1_7' title="bbox 496 757 1779 829">
     <span class='ocr_line' id='line_1_7' title="bbox 496 757 1779 829; baseline -0.002 -15"><span class='ocrx_word' id='word_1_35' title='bbox 496 775 687 815; x_wconf 80' lang='lat' dir='ltr'><strong>versus</strong></span> <span class='ocrx_word' id='word_1_36' title='bbox 714 767 800 815; x_wconf 88' lang='lat' dir='ltr'><strong>est</strong></span> <span class='ocrx_word' id='word_1_37' title='bbox 825 775 921 828; x_wconf 88' lang='lat' dir='ltr'><strong>per</strong></span> <span class='ocrx_word' id='word_1_38' title='bbox 948 757 1136 829; x_wconf 86' lang='lat' dir='ltr'><strong>viginti</strong></span> <span class='ocrx_word' id='word_1_39' title='bbox 1162 759 1274 812; x_wconf 91' lang='lat' dir='ltr'><strong>dies</strong></span> <span class='ocrx_word' id='word_1_40' title='bbox 1302 759 1356 811; x_wconf 93' lang='lat' dir='ltr'><strong>in</strong></span> <span class='ocrx_word' id='word_1_41' title='bbox 1392 773 1539 812; x_wconf 90' lang='lat' dir='ltr'><strong>suam</strong></span> <span class='ocrx_word' id='word_1_42' title='bbox 1568 759 1779 812; x_wconf 84' lang='lat' dir='ltr'><strong>cellam.</strong></span> 
     </span>
    </p>
   </div>
   <div class='ocr_carea' id='block_1_8' title="bbox 560 846 2058 918">
    <p class='ocr_par' dir='ltr' id='par_1_8' title="bbox 560 846 2058 918">
     <span class='ocr_line' id='line_1_8' title="bbox 560 846 2058 918; baseline -0.006 -13"><span class='ocrx_word' id='word_1_43' title='bbox 560 851 691 905; x_wconf 91' lang='lat' dir='ltr'><strong>Cum</strong></span> <span class='ocrx_word' id='word_1_44' title='bbox 707 862 882 904; x_wconf 86' lang='lat' dir='ltr'><strong>autem</strong></span> <span class='ocrx_word' id='word_1_45' title='bbox 897 850 1217 904; x_wconf 88' lang='lat' dir='ltr'><strong>defecissent</strong></span> <span class='ocrx_word' id='word_1_46' title='bbox 1239 864 1401 918; x_wconf 87' lang='lat' dir='ltr'><strong>panes</strong></span> <span class='ocrx_word' id='word_1_47' title='bbox 1413 858 1465 902; x_wconf 92' lang='lat' dir='ltr'><strong>et</strong></span> <span class='ocrx_word' id='word_1_48' title='bbox 1477 862 1612 917; x_wconf 82' lang='lat' dir='ltr'><strong>aqua</strong></span> <span class='ocrx_word' id='word_1_49' title='bbox 1624 862 1779 917; x_wconf 88' lang='lat' dir='ltr'><strong>quam</strong></span> <span class='ocrx_word' id='word_1_50' title='bbox 1794 846 2058 914; x_wconf 79' lang='lat' dir='ltr'><strong>portabat,</strong></span> 
     </span>
    </p>
   </div>
   <div class='ocr_carea' id='block_1_9' title="bbox 498 938 2059 1013">
    <p class='ocr_par' dir='ltr' id='par_1_9' title="bbox 498 938 2059 1013">
     <span class='ocr_line' id='line_1_9' title="bbox 498 938 2059 1013; baseline -0.005 -15"><span class='ocrx_word' id='word_1_51' title='bbox 498 946 550 998; x_wconf 90' lang='lat' dir='ltr'><strong>in</strong></span> <span class='ocrx_word' id='word_1_52' title='bbox 581 957 771 1013; x_wconf 89' lang='lat' dir='ltr'><strong>magna</strong></span> <span class='ocrx_word' id='word_1_53' title='bbox 800 953 914 997; x_wconf 90' lang='lat' dir='ltr'><strong>erat</strong></span> <span class='ocrx_word' id='word_1_54' title='bbox 942 942 1247 996; x_wconf 88' lang='lat' dir='ltr'><strong>afflictione.</strong></span> <span class='ocrx_word' id='word_1_55' title='bbox 1278 941 1471 1009; x_wconf 78' lang='lat' dir='ltr'><strong>Viginti</strong></span> <span class='ocrx_word' id='word_1_56' title='bbox 1503 942 1641 994; x_wconf 92' lang='lat' dir='ltr'><strong>enim</strong></span> <span class='ocrx_word' id='word_1_57' title='bbox 1672 938 1858 994; x_wconf 90' lang='lat' dir='ltr'><strong>diebus</strong></span> <span class='ocrx_word' id='word_1_58' title='bbox 1889 939 2059 1006; x_wconf 89' lang='lat' dir='ltr'><strong>ingre-</strong></span> 
     </span>
    </p>
   </div>
   <div class='ocr_carea' id='block_1_10' title="bbox 493 1030 2061 1101">
    <p class='ocr_par' dir='ltr' id='par_1_10' title="bbox 493 1030 2061 1101">
     <span class='ocr_line' id='line_1_10' title="bbox 493 1030 2061 1101; baseline -0.004 -15"><span class='ocrx_word' id='word_1_59' title='bbox 493 1033 645 1087; x_wconf 88' lang='lat' dir='ltr'><strong>diens</strong></span> <span class='ocrx_word' id='word_1_60' title='bbox 674 1047 771 1101; x_wconf 91' lang='lat' dir='ltr'><strong>per</strong></span> <span class='ocrx_word' id='word_1_61' title='bbox 797 1031 1156 1095; x_wconf 86' lang='lat' dir='ltr'><strong>solitudinem,</strong></span> <span class='ocrx_word' id='word_1_62' title='bbox 1184 1039 1240 1084; x_wconf 91' lang='lat' dir='ltr'><strong>ut</strong></span> <span class='ocrx_word' id='word_1_63' title='bbox 1269 1030 1537 1094; x_wconf 88' lang='lat' dir='ltr'><strong>existimo,</strong></span> <span class='ocrx_word' id='word_1_64' title='bbox 1570 1030 1699 1082; x_wconf 88' lang='lat' dir='ltr'><strong>nihil</strong></span> <span class='ocrx_word' id='word_1_65' title='bbox 1726 1030 1944 1083; x_wconf 90' lang='lat' dir='ltr'><strong>omnino</strong></span> <span class='ocrx_word' id='word_1_66' title='bbox 1965 1039 2061 1095; x_wconf 90' lang='lat' dir='ltr'><strong>gu-</strong></span> 
     </span>
    </p>
   </div>
   <div class='ocr_carea' id='block_1_11' title="bbox 491 1115 2060 1186">
    <p class='ocr_par' dir='ltr' id='par_1_11' title="bbox 491 1115 2060 1186">
     <span class='ocr_line' id='line_1_11' title="bbox 491 1115 2060 1186; baseline -0.007 -10"><span class='ocrx_word' id='word_1_67' title='bbox 491 1119 669 1186; x_wconf 89' lang='lat' dir='ltr'><strong>stavit,</strong></span> <span class='ocrx_word' id='word_1_68' title='bbox 703 1130 759 1174; x_wconf 91' lang='lat' dir='ltr'><strong>nt</strong></span> <span class='ocrx_word' id='word_1_69' title='bbox 784 1121 941 1174; x_wconf 90' lang='lat' dir='ltr'><strong>etiam</strong></span> <span class='ocrx_word' id='word_1_70' title='bbox 969 1134 1058 1173; x_wconf 88' lang='lat' dir='ltr'><strong>res</strong></span> <span class='ocrx_word' id='word_1_71' title='bbox 1084 1120 1336 1173; x_wconf 70' lang='lat' dir='ltr'><strong>Ostendit.</strong></span> <span class='ocrx_word' id='word_1_72' title='bbox 1382 1115 1631 1171; x_wconf 82' lang='lat' dir='ltr'><strong>Fortasse</strong></span> <span class='ocrx_word' id='word_1_73' title='bbox 1662 1126 1839 1170; x_wconf 88' lang='lat' dir='ltr'><strong>autem</strong></span> <span class='ocrx_word' id='word_1_74' title='bbox 1887 1123 2060 1168; x_wconf 85' lang='lat' dir='ltr'><strong>tenta-</strong></span> 
     </span>
    </p>
   </div>
   <div class='ocr_carea' id='block_1_12' title="bbox 494 1206 2059 1278">
    <p class='ocr_par' dir='ltr' id='par_1_12' title="bbox 494 1206 2059 1278">
     <span class='ocr_line' id='line_1_12' title="bbox 494 1206 2059 1278; baseline -0.004 -15"><span class='ocrx_word' id='word_1_75' title='bbox 494 1209 647 1263; x_wconf 91' lang='lat' dir='ltr'><strong>batur</strong></span> <span class='ocrx_word' id='word_1_76' title='bbox 666 1224 876 1278; x_wconf 88' lang='lat' dir='ltr'><strong>quoque</strong></span> <span class='ocrx_word' id='word_1_77' title='bbox 899 1209 1258 1263; x_wconf 71' lang='lat' dir='ltr'><strong>intolerantia.</strong></span> <span class='ocrx_word' id='word_1_78' title='bbox 1284 1209 1489 1263; x_wconf 84' lang='lat' dir='ltr'><strong>Etcum</strong></span> <span class='ocrx_word' id='word_1_79' title='bbox 1511 1209 1615 1274; x_wconf 84' lang='lat' dir='ltr'><strong>jam</strong></span> <span class='ocrx_word' id='word_1_80' title='bbox 1640 1221 1824 1275; x_wconf 88' lang='lat' dir='ltr'><strong>parum</strong></span> <span class='ocrx_word' id='word_1_81' title='bbox 1847 1206 2059 1259; x_wconf 85' lang='lat' dir='ltr'><strong>abesset</strong></span> 
     </span>
    </p>
   </div>
   <div class='ocr_carea' id='block_1_13' title="bbox 490 1298 2060 1368">
    <p class='ocr_par' dir='ltr' id='par_1_13' title="bbox 490 1298 2060 1368">
     <span class='ocr_line' id='line_1_13' title="bbox 490 1298 2060 1368; baseline -0.002 -15"><span class='ocrx_word' id='word_1_82' title='bbox 490 1301 618 1368; x_wconf 90' lang='lat' dir='ltr'><strong>quin</strong></span> <span class='ocrx_word' id='word_1_83' title='bbox 649 1299 1022 1364; x_wconf 87' lang='lat' dir='ltr'><strong>collaberetur,</strong></span> <span class='ocrx_word' id='word_1_84' title='bbox 1040 1300 1155 1353; x_wconf 90' lang='lat' dir='ltr'><strong>visa</strong></span> <span class='ocrx_word' id='word_1_85' title='bbox 1178 1310 1256 1354; x_wconf 88' lang='lat' dir='ltr'><strong>est</strong></span> <span class='ocrx_word' id='word_1_86' title='bbox 1285 1302 1331 1353; x_wconf 89' lang='lat' dir='ltr'><strong>ei</strong></span> <span class='ocrx_word' id='word_1_87' title='bbox 1355 1300 1594 1367; x_wconf 73' lang='lat' dir='ltr'><strong>qua-dam</strong></span> <span class='ocrx_word' id='word_1_88' title='bbox 1621 1299 1808 1367; x_wconf 70' lang='lat' dir='ltr'><strong>puella:</strong></span> <span class='ocrx_word' id='word_1_89' title='bbox 1829 1298 2060 1367; x_wconf 89' lang='lat' dir='ltr'><strong>speciem</strong></span> 
     </span>
    </p>
   </div>
   <div class='ocr_carea' id='block_1_14' title="bbox 491 1393 2064 1461">
    <p class='ocr_par' dir='ltr' id='par_1_14' title="bbox 491 1393 2064 1461">
     <span class='ocr_line' id='line_1_14' title="bbox 491 1393 2064 1461; baseline 0.003 -18"><span class='ocrx_word' id='word_1_90' title='bbox 491 1407 599 1460; x_wconf 74' lang='lat' dir='ltr'><strong>pra:</strong></span> <span class='ocrx_word' id='word_1_91' title='bbox 629 1406 687 1446; x_wconf 87' lang='lat' dir='ltr'><strong>se</strong></span> <span class='ocrx_word' id='word_1_92' title='bbox 719 1393 895 1446; x_wconf 90' lang='lat' dir='ltr'><strong>ferens</strong></span> <span class='ocrx_word' id='word_1_93' title='bbox 916 1432 931 1456; x_wconf 92' lang='lat'><strong>,</strong></span> <span class='ocrx_word' id='word_1_94' title='bbox 963 1401 1020 1446; x_wconf 92' lang='lat' dir='ltr'><strong>ut</strong></span> <span class='ocrx_word' id='word_1_95' title='bbox 1050 1393 1163 1461; x_wconf 87' lang='lat' dir='ltr'><strong>ipse</strong></span> <span class='ocrx_word' id='word_1_96' title='bbox 1200 1394 1484 1459; x_wconf 78' lang='lat' dir='ltr'><strong>narrabat,</strong></span> <span class='ocrx_word' id='word_1_97' title='bbox 1509 1394 1701 1448; x_wconf 91' lang='lat' dir='ltr'><strong>munda</strong></span> <span class='ocrx_word' id='word_1_98' title='bbox 1739 1395 1877 1448; x_wconf 86' lang='lat' dir='ltr'><strong>linea</strong></span> <span class='ocrx_word' id='word_1_99' title='bbox 1919 1405 2064 1447; x_wconf 90' lang='lat' dir='ltr'><strong>veste</strong></span> 
     </span>
    </p>
   </div>
   <div class='ocr_carea' id='block_1_15' title="bbox 494 1483 2065 1555">
    <p class='ocr_par' dir='ltr' id='par_1_15' title="bbox 494 1483 2065 1555">
     <span class='ocr_line' id='line_1_15' title="bbox 494 1483 2065 1555; baseline 0.003 -19"><span class='ocrx_word' id='word_1_100' title='bbox 494 1483 677 1538; x_wconf 88' lang='lat' dir='ltr'><strong>induta</strong></span> <span class='ocrx_word' id='word_1_101' title='bbox 705 1492 759 1538; x_wconf 92' lang='lat' dir='ltr'><strong>et</strong></span> <span class='ocrx_word' id='word_1_102' title='bbox 780 1494 966 1539; x_wconf 84' lang='lat' dir='ltr'><strong>tenens</strong></span> <span class='ocrx_word' id='word_1_103' title='bbox 991 1500 1176 1539; x_wconf 84' lang='lat' dir='ltr'><strong>urnam</strong></span> <span class='ocrx_word' id='word_1_104' title='bbox 1208 1502 1341 1555; x_wconf 90' lang='lat' dir='ltr'><strong>aqua</strong></span> <span class='ocrx_word' id='word_1_105' title='bbox 1372 1485 1664 1541; x_wconf 79' lang='lat' dir='ltr'><strong>stillantem</strong></span> <span class='ocrx_word' id='word_1_106' title='bbox 1693 1502 1707 1539; x_wconf 89' lang='lat'><strong>:</strong></span> <span class='ocrx_word' id='word_1_107' title='bbox 1735 1500 1891 1555; x_wconf 89' lang='lat' dir='ltr'><strong>quam</strong></span> <span class='ocrx_word' id='word_1_108' title='bbox 1921 1486 2065 1540; x_wconf 87' lang='lat' dir='ltr'><strong>dice-</strong></span> 
     </span>
    </p>
   </div>
   <div class='ocr_carea' id='block_1_16' title="bbox 494 1574 2058 1632">
    <p class='ocr_par' dir='ltr' id='par_1_16' title="bbox 494 1574 2058 1632">
     <span class='ocr_line' id='line_1_16' title="bbox 494 1574 2058 1632; baseline 0.001 -3"><span class='ocrx_word' id='word_1_109' title='bbox 494 1576 586 1629; x_wconf 90' lang='lat' dir='ltr'><strong>bat</strong></span> <span class='ocrx_word' id='word_1_110' title='bbox 627 1574 884 1630; x_wconf 80' lang='lat' dir='ltr'><strong>Macarius</strong></span> <span class='ocrx_word' id='word_1_111' title='bbox 924 1575 1161 1631; x_wconf 87' lang='lat' dir='ltr'><strong>abfuisse</strong></span> <span class='ocrx_word' id='word_1_112' title='bbox 1188 1577 1256 1630; x_wconf 91' lang='lat' dir='ltr'><strong>ah</strong></span> <span class='ocrx_word' id='word_1_113' title='bbox 1285 1592 1349 1631; x_wconf 94' lang='lat' dir='ltr'><strong>eo</strong></span> <span class='ocrx_word' id='word_1_114' title='bbox 1377 1578 1590 1631; x_wconf 89' lang='lat' dir='ltr'><strong>circiter</strong></span> <span class='ocrx_word' id='word_1_115' title='bbox 1620 1592 1779 1631; x_wconf 91' lang='lat' dir='ltr'><strong>unum</strong></span> <span class='ocrx_word' id='word_1_116' title='bbox 1810 1577 2058 1632; x_wconf 81' lang='lat' dir='ltr'><strong>stadium.</strong></span> 
     </span>
    </p>
   </div>
   <div class='ocr_carea' id='block_1_17' title="bbox 492 1664 2065 1735">
    <p class='ocr_par' dir='ltr' id='par_1_17' title="bbox 492 1664 2065 1735">
     <span class='ocr_line' id='line_1_17' title="bbox 492 1664 2065 1735; baseline 0.001 -16"><span class='ocrx_word' id='word_1_117' title='bbox 492 1664 591 1732; x_wconf 85' lang='lat' dir='ltr'><strong>Qui</strong></span> <span class='ocrx_word' id='word_1_118' title='bbox 623 1676 729 1719; x_wconf 90' lang='lat' dir='ltr'><strong>tres</strong></span> <span class='ocrx_word' id='word_1_119' title='bbox 755 1665 870 1719; x_wconf 90' lang='lat' dir='ltr'><strong>dies</strong></span> <span class='ocrx_word' id='word_1_120' title='bbox 897 1665 1165 1735; x_wconf 87' lang='lat' dir='ltr'><strong>ingressus</strong></span> <span class='ocrx_word' id='word_1_121' title='bbox 1193 1676 1274 1721; x_wconf 90' lang='lat' dir='ltr'><strong>est</strong></span> <span class='ocrx_word' id='word_1_122' title='bbox 1300 1682 1417 1721; x_wconf 89' lang='lat' dir='ltr'><strong>eam</strong></span> <span class='ocrx_word' id='word_1_123' title='bbox 1446 1667 1630 1723; x_wconf 88' lang='lat' dir='ltr'><strong>videns</strong></span> <span class='ocrx_word' id='word_1_124' title='bbox 1650 1682 1768 1723; x_wconf 92' lang='lat' dir='ltr'><strong>cum</strong></span> <span class='ocrx_word' id='word_1_125' title='bbox 1793 1684 1922 1721; x_wconf 88' lang='lat' dir='ltr'><strong>urna</strong></span> <span class='ocrx_word' id='word_1_126' title='bbox 1949 1678 2065 1721; x_wconf 86' lang='lat' dir='ltr'><strong>tau-</strong></span> 
     </span>
    </p>
   </div>
   <div class='ocr_carea' id='block_1_18' title="bbox 491 1758 2062 1824">
    <p class='ocr_par' dir='ltr' id='par_1_18' title="bbox 491 1758 2062 1824">
     <span class='ocr_line' id='line_1_18' title="bbox 491 1758 2062 1824; baseline 0.001 -17"><span class='ocrx_word' id='word_1_127' title='bbox 491 1770 650 1824; x_wconf 87' lang='lat' dir='ltr'><strong>quam</strong></span> <span class='ocrx_word' id='word_1_128' title='bbox 682 1764 910 1809; x_wconf 78' lang='lat' dir='ltr'><strong>Stantem</strong></span> <span class='ocrx_word' id='word_1_129' title='bbox 930 1797 945 1819; x_wconf 96' lang='lat'><strong>,</strong></span> <span class='ocrx_word' id='word_1_130' title='bbox 976 1764 1027 1809; x_wconf 89' lang='lat' dir='ltr'><strong>et</strong></span> <span class='ocrx_word' id='word_1_131' title='bbox 1058 1770 1179 1808; x_wconf 89' lang='lat' dir='ltr'><strong>eum</strong></span> <span class='ocrx_word' id='word_1_132' title='bbox 1214 1767 1590 1818; x_wconf 82' lang='lat' dir='ltr'><strong>provocantem</strong></span> <span class='ocrx_word' id='word_1_133' title='bbox 1613 1799 1627 1822; x_wconf 96' lang='lat'><strong>,</strong></span> <span class='ocrx_word' id='word_1_134' title='bbox 1659 1774 1765 1812; x_wconf 88' lang='lat' dir='ltr'><strong>non</strong></span> <span class='ocrx_word' id='word_1_135' title='bbox 1799 1758 2062 1812; x_wconf 89' lang='lat' dir='ltr'><strong>valentem</strong></span> 
     </span>
    </p>
   </div>
   <div class='ocr_carea' id='block_1_19' title="bbox 2160 570 3747 639">
    <p class='ocr_par' dir='ltr' id='par_1_19' title="bbox 2160 570 3747 639">
     <span class='ocr_line' id='line_1_19' title="bbox 2160 570 3747 639; baseline 0.001 -16"><span class='ocrx_word' id='word_1_136' title='bbox 2160 580 2243 623; x_wconf 90' lang='lat' dir='ltr'><strong>est</strong></span> <span class='ocrx_word' id='word_1_137' title='bbox 2269 585 2417 638; x_wconf 85' lang='lat' dir='ltr'><strong>ergo.</strong></span> <span class='ocrx_word' id='word_1_138' title='bbox 2452 571 2585 624; x_wconf 82' lang='lat' dir='ltr'><strong>Cum</strong></span> <span class='ocrx_word' id='word_1_139' title='bbox 2610 581 2783 624; x_wconf 90' lang='lat' dir='ltr'><strong>autem</strong></span> <span class='ocrx_word' id='word_1_140' title='bbox 2810 570 3149 638; x_wconf 62' lang='lat' dir='ltr'><strong>prateriisset</strong></span> <span class='ocrx_word' id='word_1_141' title='bbox 3174 571 3495 639; x_wconf 88' lang='lat' dir='ltr'><strong>aliquantum</strong></span> <span class='ocrx_word' id='word_1_142' title='bbox 3522 580 3747 637; x_wconf 86' lang='lat' dir='ltr'><strong>tempo-</strong></span> 
     </span>
    </p>
   </div>
   <div class='ocr_carea' id='block_1_20' title="bbox 2157 658 3742 729">
    <p class='ocr_par' dir='ltr' id='par_1_20' title="bbox 2157 658 3742 729">
     <span class='ocr_line' id='line_1_20' title="bbox 2157 658 3742 729; baseline 0.003 -17"><span class='ocrx_word' id='word_1_143' title='bbox 2157 659 2253 721; x_wconf 91' lang='lat' dir='ltr'><strong>ris,</strong></span> <span class='ocrx_word' id='word_1_144' title='bbox 2301 658 2516 713; x_wconf 85' lang='lat' dir='ltr'><strong>advenit</strong></span> <span class='ocrx_word' id='word_1_145' title='bbox 2564 660 3002 729; x_wconf 88' lang='lat' dir='ltr'><strong>quadragesima;</strong></span> <span class='ocrx_word' id='word_1_146' title='bbox 3048 669 3102 715; x_wconf 90' lang='lat' dir='ltr'><strong>et</strong></span> <span class='ocrx_word' id='word_1_147' title='bbox 3123 660 3253 715; x_wconf 91' lang='lat' dir='ltr'><strong>vidit</strong></span> <span class='ocrx_word' id='word_1_148' title='bbox 3276 676 3440 715; x_wconf 86' lang='lat' dir='ltr'><strong>senex</strong></span> <span class='ocrx_word' id='word_1_149' title='bbox 3466 660 3742 716; x_wconf 79' lang='lat' dir='ltr'><strong>Macarius</strong></span> 
     </span>
    </p>
   </div>
   <div class='ocr_carea' id='block_1_21' title="bbox 2161 753 3744 819">
    <p class='ocr_par' dir='ltr' id='par_1_21' title="bbox 2161 753 3744 819">
     <span class='ocr_line' id='line_1_21' title="bbox 2161 753 3744 819; baseline 0.005 -17"><span class='ocrx_word' id='word_1_150' title='bbox 2161 765 2587 819; x_wconf 88' lang='lat' dir='ltr'><strong>unumquemque</strong></span> <span class='ocrx_word' id='word_1_151' title='bbox 2608 753 2906 819; x_wconf 84' lang='lat' dir='ltr'><strong>suscepisse</strong></span> <span class='ocrx_word' id='word_1_152' title='bbox 2957 753 3193 807; x_wconf 87' lang='lat' dir='ltr'><strong>diversas</strong></span> <span class='ocrx_word' id='word_1_153' title='bbox 3216 754 3422 807; x_wconf 85' lang='lat' dir='ltr'><strong>vivendi</strong></span> <span class='ocrx_word' id='word_1_154' title='bbox 3452 756 3703 808; x_wconf 85' lang='lat' dir='ltr'><strong>rationes</strong></span> <span class='ocrx_word' id='word_1_155' title='bbox 3729 774 3744 811; x_wconf 87' lang='lat'>:</span> 
     </span>
    </p>
   </div>
   <div class='ocr_carea' id='block_1_22' title="bbox 2158 838 3748 913">
    <p class='ocr_par' dir='ltr' id='par_1_22' title="bbox 2158 838 3748 913">
     <span class='ocr_line' id='line_1_22' title="bbox 2158 838 3748 913; baseline 0.006 -23"><span class='ocrx_word' id='word_1_156' title='bbox 2158 838 2321 891; x_wconf 89' lang='lat' dir='ltr'><strong>alium</strong></span> <span class='ocrx_word' id='word_1_157' title='bbox 2348 839 2560 906; x_wconf 88' lang='lat' dir='ltr'><strong>quidem</strong></span> <span class='ocrx_word' id='word_1_158' title='bbox 2605 840 2889 895; x_wconf 84' lang='lat' dir='ltr'><strong>comedere</strong></span> <span class='ocrx_word' id='word_1_159' title='bbox 2935 856 3188 909; x_wconf 85' lang='lat' dir='ltr'><strong>vespere,</strong></span> <span class='ocrx_word' id='word_1_160' title='bbox 3230 843 3389 896; x_wconf 89' lang='lat' dir='ltr'><strong>alium</strong></span> <span class='ocrx_word' id='word_1_161' title='bbox 3439 859 3573 897; x_wconf 82' lang='lat' dir='ltr'><strong>vero</strong></span> <span class='ocrx_word' id='word_1_162' title='bbox 3625 857 3748 913; x_wconf 89' lang='lat' dir='ltr'><strong>post</strong></span> 
     </span>
    </p>
   </div>
   <div class='ocr_carea' id='block_1_23' title="bbox 2160 927 3754 1001">
    <p class='ocr_par' dir='ltr' id='par_1_23' title="bbox 2160 927 3754 1001">
     <span class='ocr_line' id='line_1_23' title="bbox 2160 927 3754 1001; baseline 0.004 -20"><span class='ocrx_word' id='word_1_163' title='bbox 2160 927 2294 981; x_wconf 89' lang='lat' dir='ltr'><strong>duos</strong></span> <span class='ocrx_word' id='word_1_164' title='bbox 2318 929 2458 993; x_wconf 88' lang='lat' dir='ltr'><strong>dies,</strong></span> <span class='ocrx_word' id='word_1_165' title='bbox 2490 931 2654 983; x_wconf 89' lang='lat' dir='ltr'><strong>alium</strong></span> <span class='ocrx_word' id='word_1_166' title='bbox 2692 939 2815 999; x_wconf 89' lang='lat' dir='ltr'><strong>post</strong></span> <span class='ocrx_word' id='word_1_167' title='bbox 2841 933 3107 1000; x_wconf 90' lang='lat' dir='ltr'><strong>quinque;</strong></span> <span class='ocrx_word' id='word_1_168' title='bbox 3138 934 3297 986; x_wconf 89' lang='lat' dir='ltr'><strong>alium</strong></span> <span class='ocrx_word' id='word_1_169' title='bbox 3340 943 3483 987; x_wconf 88' lang='lat' dir='ltr'><strong>stare</strong></span> <span class='ocrx_word' id='word_1_170' title='bbox 3533 949 3639 1001; x_wconf 87' lang='lat' dir='ltr'><strong>per</strong></span> <span class='ocrx_word' id='word_1_171' title='bbox 3669 946 3754 987; x_wconf 87' lang='lat' dir='ltr'><strong>to-</strong></span> 
     </span>
    </p>
   </div>
   <div class='ocr_carea' id='block_1_24' title="bbox 2162 1022 3752 1092">
    <p class='ocr_par' dir='ltr' id='par_1_24' title="bbox 2162 1022 3752 1092">
     <span class='ocr_line' id='line_1_24' title="bbox 2162 1022 3752 1092; baseline 0.004 -19"><span class='ocrx_word' id='word_1_172' title='bbox 2162 1028 2266 1073; x_wconf 90' lang='lat' dir='ltr'><strong>tam</strong></span> <span class='ocrx_word' id='word_1_173' title='bbox 2300 1027 2536 1084; x_wconf 88' lang='lat' dir='ltr'><strong>noctem,</strong></span> <span class='ocrx_word' id='word_1_174' title='bbox 2570 1022 2801 1075; x_wconf 80' lang='lat' dir='ltr'><strong>interdiu</strong></span> <span class='ocrx_word' id='word_1_175' title='bbox 2830 1038 2960 1075; x_wconf 84' lang='lat' dir='ltr'><strong>vero</strong></span> <span class='ocrx_word' id='word_1_176' title='bbox 2979 1023 3172 1077; x_wconf 82' lang='lat' dir='ltr'><strong>aedere</strong></span> <span class='ocrx_word' id='word_1_177' title='bbox 3202 1025 3267 1077; x_wconf 89' lang='lat' dir='ltr'><strong>ad</strong></span> <span class='ocrx_word' id='word_1_178' title='bbox 3295 1039 3447 1091; x_wconf 88' lang='lat' dir='ltr'><strong>opus.</strong></span> <span class='ocrx_word' id='word_1_179' title='bbox 3492 1026 3620 1092; x_wconf 84' lang='lat' dir='ltr'><strong>Ipse</strong></span> <span class='ocrx_word' id='word_1_180' title='bbox 3662 1041 3752 1079; x_wconf 90' lang='lat' dir='ltr'><strong>au-</strong></span> 
     </span>
    </p>
   </div>
   <div class='ocr_carea' id='block_1_25' title="bbox 2164 1111 3752 1180">
    <p class='ocr_par' dir='ltr' id='par_1_25' title="bbox 2164 1111 3752 1180">
     <span class='ocr_line' id='line_1_25' title="bbox 2164 1111 3752 1180; baseline 0.005 -18"><span class='ocrx_word' id='word_1_181' title='bbox 2164 1118 2269 1162; x_wconf 91' lang='lat' dir='ltr'><strong>tem</strong></span> <span class='ocrx_word' id='word_1_182' title='bbox 2292 1124 2411 1163; x_wconf 88' lang='lat' dir='ltr'><strong>cum</strong></span> <span class='ocrx_word' id='word_1_183' title='bbox 2442 1111 2645 1178; x_wconf 73' lang='lat' dir='ltr'><strong>aliquot</strong></span> <span class='ocrx_word' id='word_1_184' title='bbox 2672 1113 2859 1180; x_wconf 64' lang='lat' dir='ltr'><strong>palmae</strong></span> <span class='ocrx_word' id='word_1_185' title='bbox 2887 1127 3064 1167; x_wconf 90' lang='lat' dir='ltr'><strong>ramos</strong></span> <span class='ocrx_word' id='word_1_186' title='bbox 3084 1114 3184 1167; x_wconf 92' lang='lat' dir='ltr'><strong>sibi</strong></span> <span class='ocrx_word' id='word_1_187' title='bbox 3218 1114 3624 1179; x_wconf 84' lang='lat' dir='ltr'><strong>madefecisset,</strong></span> <span class='ocrx_word' id='word_1_188' title='bbox 3646 1127 3752 1170; x_wconf 88' lang='lat' dir='ltr'><strong>ste-</strong></span> 
     </span>
    </p>
   </div>
   <div class='ocr_carea' id='block_1_26' title="bbox 2162 1200 3748 1272">
    <p class='ocr_par' dir='ltr' id='par_1_26' title="bbox 2162 1200 3748 1272">
     <span class='ocr_line' id='line_1_26' title="bbox 2162 1200 3748 1272; baseline 0.001 -18"><span class='ocrx_word' id='word_1_189' title='bbox 2162 1200 2226 1254; x_wconf 88' lang='lat' dir='ltr'><strong>tit</strong></span> <span class='ocrx_word' id='word_1_190' title='bbox 2255 1201 2307 1253; x_wconf 90' lang='lat' dir='ltr'><strong>in</strong></span> <span class='ocrx_word' id='word_1_191' title='bbox 2336 1214 2443 1253; x_wconf 90' lang='lat' dir='ltr'><strong>uno</strong></span> <span class='ocrx_word' id='word_1_192' title='bbox 2471 1202 2684 1269; x_wconf 80' lang='lat' dir='ltr'><strong>angulo,</strong></span> <span class='ocrx_word' id='word_1_193' title='bbox 2715 1212 2769 1254; x_wconf 90' lang='lat' dir='ltr'><strong>et</strong></span> <span class='ocrx_word' id='word_1_194' title='bbox 2799 1202 2973 1255; x_wconf 90' lang='lat' dir='ltr'><strong>donec</strong></span> <span class='ocrx_word' id='word_1_195' title='bbox 3012 1202 3361 1272; x_wconf 78' lang='lat' dir='ltr'><strong>quadraginta</strong></span> <span class='ocrx_word' id='word_1_196' title='bbox 3388 1204 3507 1258; x_wconf 85' lang='lat' dir='ltr'><strong>dies</strong></span> <span class='ocrx_word' id='word_1_197' title='bbox 3537 1204 3748 1272; x_wconf 86' lang='lat' dir='ltr'><strong>impleti</strong></span> 
     </span>
    </p>
   </div>
   <div class='ocr_carea' id='block_1_27' title="bbox 2162 1289 3747 1362">
    <p class='ocr_par' dir='ltr' id='par_1_27' title="bbox 2162 1289 3747 1362">
     <span class='ocr_line' id='line_1_27' title="bbox 2162 1289 3747 1362; baseline 0.003 -21"><span class='ocrx_word' id='word_1_198' title='bbox 2162 1299 2365 1353; x_wconf 86' lang='lat' dir='ltr'><strong>essent,</strong></span> <span class='ocrx_word' id='word_1_199' title='bbox 2394 1298 2449 1343; x_wconf 90' lang='lat' dir='ltr'><strong>et</strong></span> <span class='ocrx_word' id='word_1_200' title='bbox 2472 1289 2778 1344; x_wconf 84' lang='lat' dir='ltr'><strong>advenisset</strong></span> <span class='ocrx_word' id='word_1_201' title='bbox 2806 1290 3009 1344; x_wconf 84' lang='lat' dir='ltr'><strong>Pascha</strong></span> <span class='ocrx_word' id='word_1_202' title='bbox 3034 1330 3050 1357; x_wconf 91' lang='lat'><strong>,</strong></span> <span class='ocrx_word' id='word_1_203' title='bbox 3078 1298 3185 1345; x_wconf 82' lang='lat' dir='ltr'><strong>non</strong></span> <span class='ocrx_word' id='word_1_204' title='bbox 3235 1294 3463 1362; x_wconf 87' lang='lat' dir='ltr'><strong>sumpsit</strong></span> <span class='ocrx_word' id='word_1_205' title='bbox 3512 1306 3747 1361; x_wconf 83' lang='lat' dir='ltr'><strong>panem,</strong></span> 
     </span>
    </p>
   </div>
   <div class='ocr_carea' id='block_1_28' title="bbox 2164 1380 3748 1449">
    <p class='ocr_par' dir='ltr' id='par_1_28' title="bbox 2164 1380 3748 1449">
     <span class='ocr_line' id='line_1_28' title="bbox 2164 1380 3748 1449; baseline 0.002 -18"><span class='ocrx_word' id='word_1_206' title='bbox 2164 1393 2268 1431; x_wconf 92' lang='lat' dir='ltr'><strong>non</strong></span> <span class='ocrx_word' id='word_1_207' title='bbox 2299 1393 2511 1448; x_wconf 77' lang='lat' dir='ltr'><strong>aquam,</strong></span> <span class='ocrx_word' id='word_1_208' title='bbox 2539 1396 2642 1434; x_wconf 91' lang='lat' dir='ltr'><strong>non</strong></span> <span class='ocrx_word' id='word_1_209' title='bbox 2673 1395 2814 1449; x_wconf 89' lang='lat' dir='ltr'><strong>genu</strong></span> <span class='ocrx_word' id='word_1_210' title='bbox 2845 1380 3015 1444; x_wconf 82' lang='lat' dir='ltr'><strong>ﬂexit,</strong></span> <span class='ocrx_word' id='word_1_211' title='bbox 3040 1396 3145 1435; x_wconf 89' lang='lat' dir='ltr'><strong>non</strong></span> <span class='ocrx_word' id='word_1_212' title='bbox 3164 1383 3320 1446; x_wconf 89' lang='lat' dir='ltr'><strong>sedit,</strong></span> <span class='ocrx_word' id='word_1_213' title='bbox 3342 1398 3445 1437; x_wconf 90' lang='lat' dir='ltr'><strong>non</strong></span> <span class='ocrx_word' id='word_1_214' title='bbox 3467 1384 3748 1448; x_wconf 81' lang='lat' dir='ltr'><strong>accubuit,</strong></span> 
     </span>
    </p>
   </div>
   <div class='ocr_carea' id='block_1_29' title="bbox 2165 1458 3746 1539">
    <p class='ocr_par' dir='ltr' id='par_1_29' title="bbox 2165 1458 3746 1539">
     <span class='ocr_line' id='line_1_29' title="bbox 2165 1458 3746 1539; baseline 0.003 -19"><span class='ocrx_word' id='word_1_215' title='bbox 2165 1467 2295 1521; x_wconf 88' lang='lat' dir='ltr'><strong>nihil</strong></span> <span class='ocrx_word' id='word_1_216' title='bbox 2318 1467 2463 1521; x_wconf 87' lang='lat' dir='ltr'><strong>aliud</strong></span> <span class='ocrx_word' id='word_1_217' title='bbox 2489 1469 2727 1537; x_wconf 89' lang='lat' dir='ltr'><strong>gustavit</strong></span> <span class='ocrx_word' id='word_1_218' title='bbox 2752 1478 2949 1536; x_wconf 78' lang='lat' dir='ltr'><strong>prteter</strong></span> <span class='ocrx_word' id='word_1_219' title='bbox 2986 1481 3152 1539; x_wconf 88' lang='lat' dir='ltr'><strong>pauca</strong></span> <span class='ocrx_word' id='word_1_220' title='bbox 3182 1471 3347 1525; x_wconf 89' lang='lat' dir='ltr'><strong>cruda</strong></span> <span class='ocrx_word' id='word_1_221' title='bbox 3375 1472 3635 1526; x_wconf 82' lang='lat' dir='ltr'><strong>crambes</strong></span> <span class='ocrx_word' id='word_1_222' title='bbox 3666 1458 3746 1525; x_wconf 82' lang='lat' dir='ltr'><strong>fo-</strong></span> 
     </span>
    </p>
   </div>
   <div class='ocr_carea' id='block_1_30' title="bbox 2164 1558 3749 1627">
    <p class='ocr_par' dir='ltr' id='par_1_30' title="bbox 2164 1558 3749 1627">
     <span class='ocr_line' id='line_1_30' title="bbox 2164 1558 3749 1627; baseline 0.003 -14"><span class='ocrx_word' id='word_1_223' title='bbox 2164 1558 2255 1624; x_wconf 84' lang='lat' dir='ltr'><strong>lia,</strong></span> <span class='ocrx_word' id='word_1_224' title='bbox 2281 1573 2397 1627; x_wconf 63' lang='lat' dir='ltr'><strong>quae</strong></span> <span class='ocrx_word' id='word_1_225' title='bbox 2422 1558 2669 1613; x_wconf 82' lang='lat' dir='ltr'><strong>sumebat</strong></span> <span class='ocrx_word' id='word_1_226' title='bbox 2697 1559 2783 1613; x_wconf 88' lang='lat' dir='ltr'><strong>die</strong></span> <span class='ocrx_word' id='word_1_227' title='bbox 2805 1559 3101 1626; x_wconf 92' lang='lat' dir='ltr'><strong>Dominico,</strong></span> <span class='ocrx_word' id='word_1_228' title='bbox 3128 1568 3184 1614; x_wconf 88' lang='lat' dir='ltr'><strong>ut</strong></span> <span class='ocrx_word' id='word_1_229' title='bbox 3204 1561 3478 1616; x_wconf 86' lang='lat' dir='ltr'><strong>videretur</strong></span> <span class='ocrx_word' id='word_1_230' title='bbox 3500 1563 3749 1617; x_wconf 74' lang='lat' dir='ltr'><strong>comede</strong></span> 
     </span>
    </p>
   </div>
   <div class='ocr_carea' id='block_1_31' title="bbox 2167 1649 3748 1719">
    <p class='ocr_par' dir='ltr' id='par_1_31' title="bbox 2167 1649 3748 1719">
     <span class='ocr_line' id='line_1_31' title="bbox 2167 1649 3748 1719; baseline 0.002 -17"><span class='ocrx_word' id='word_1_231' title='bbox 2167 1663 2249 1717; x_wconf 90' lang='lat' dir='ltr'><strong>re,</strong></span> <span class='ocrx_word' id='word_1_232' title='bbox 2278 1657 2334 1702; x_wconf 90' lang='lat' dir='ltr'><strong>et</strong></span> <span class='ocrx_word' id='word_1_233' title='bbox 2363 1663 2467 1702; x_wconf 93' lang='lat' dir='ltr'><strong>non</strong></span> <span class='ocrx_word' id='word_1_234' title='bbox 2498 1649 2761 1703; x_wconf 88' lang='lat' dir='ltr'><strong>incideret</strong></span> <span class='ocrx_word' id='word_1_235' title='bbox 2791 1649 2844 1703; x_wconf 93' lang='lat' dir='ltr'><strong>in</strong></span> <span class='ocrx_word' id='word_1_236' title='bbox 2875 1658 3221 1718; x_wconf 79' lang='lat' dir='ltr'><strong>arrogantem</strong></span> <span class='ocrx_word' id='word_1_237' title='bbox 3257 1650 3325 1704; x_wconf 89' lang='lat' dir='ltr'><strong>de</strong></span> <span class='ocrx_word' id='word_1_238' title='bbox 3350 1665 3408 1705; x_wconf 87' lang='lat' dir='ltr'><strong>se</strong></span> <span class='ocrx_word' id='word_1_239' title='bbox 3435 1654 3748 1719; x_wconf 78' lang='lat' dir='ltr'><strong>persuasio—</strong></span> 
     </span>
    </p>
   </div>
   <div class='ocr_carea' id='block_1_32' title="bbox 2169 1738 3737 1809">
    <p class='ocr_par' dir='ltr' id='par_1_32' title="bbox 2169 1738 3737 1809">
     <span class='ocr_line' id='line_1_32' title="bbox 2169 1738 3737 1809; baseline 0.002 -17"><span class='ocrx_word' id='word_1_240' title='bbox 2169 1752 2321 1803; x_wconf 88' lang='lat' dir='ltr'><strong>nem;</strong></span> <span class='ocrx_word' id='word_1_241' title='bbox 2350 1747 2404 1792; x_wconf 89' lang='lat' dir='ltr'><strong>et</strong></span> <span class='ocrx_word' id='word_1_242' title='bbox 2430 1740 2476 1792; x_wconf 87' lang='lat' dir='ltr'><strong>si</strong></span> <span class='ocrx_word' id='word_1_243' title='bbox 2502 1738 2717 1807; x_wconf 88' lang='lat' dir='ltr'><strong>quando</strong></span> <span class='ocrx_word' id='word_1_244' title='bbox 2757 1738 3132 1809; x_wconf 84' lang='lat' dir='ltr'><strong>egrediebatur</strong></span> <span class='ocrx_word' id='word_1_245' title='bbox 3157 1740 3225 1793; x_wconf 89' lang='lat' dir='ltr'><strong>ad</strong></span> <span class='ocrx_word' id='word_1_246' title='bbox 3248 1740 3445 1809; x_wconf 88' lang='lat' dir='ltr'><strong>aliquid</strong></span> <span class='ocrx_word' id='word_1_247' title='bbox 3476 1755 3737 1795; x_wconf 87' lang='lat' dir='ltr'><strong>necessa-</strong></span> 
     </span>
    </p>
   </div>
   <div class='ocr_carea' id='block_1_33' title="bbox 492 1826 2076 1914">
    <p class='ocr_par' dir='ltr' id='par_1_33' title="bbox 492 1845 2064 1914">
     <span class='ocr_line' id='line_1_33' title="bbox 492 1845 2064 1914; baseline 0 -16"><span class='ocrx_word' id='word_1_248' title='bbox 492 1859 611 1898; x_wconf 89' lang='lat' dir='ltr'><strong>eam</strong></span> <span class='ocrx_word' id='word_1_249' title='bbox 641 1845 851 1914; x_wconf 87' lang='lat' dir='ltr'><strong>assequi</strong></span> <span class='ocrx_word' id='word_1_250' title='bbox 879 1862 891 1897; x_wconf 92' lang='lat'><strong>:</strong></span> <span class='ocrx_word' id='word_1_251' title='bbox 925 1860 1019 1914; x_wconf 90' lang='lat' dir='ltr'><strong>spe</strong></span> <span class='ocrx_word' id='word_1_252' title='bbox 1044 1852 1219 1899; x_wconf 89' lang='lat' dir='ltr'><strong>autem</strong></span> <span class='ocrx_word' id='word_1_253' title='bbox 1252 1845 1486 1912; x_wconf 90' lang='lat' dir='ltr'><strong>bibendi,</strong></span> <span class='ocrx_word' id='word_1_254' title='bbox 1511 1848 1665 1902; x_wconf 89' lang='lat' dir='ltr'><strong>trium</strong></span> <span class='ocrx_word' id='word_1_255' title='bbox 1688 1848 1893 1903; x_wconf 91' lang='lat' dir='ltr'><strong>dierum</strong></span> <span class='ocrx_word' id='word_1_256' title='bbox 1920 1850 2064 1901; x_wconf 83' lang='lat' dir='ltr'><strong>labo-</strong></span> 
     </span>
    </p>
   </div>
   <div class='ocr_carea' id='block_1_34' title="bbox 2180 1826 3747 1914">
    <p class='ocr_par' dir='ltr' id='par_1_34' title="bbox 2180 1832 3747 1901">
     <span class='ocr_line' id='line_1_34' title="bbox 2180 1832 3747 1901; baseline 0 -15"><span class='ocrx_word' id='word_1_257' title='bbox 2180 1833 2331 1898; x_wconf 90' lang='lat' dir='ltr'><strong>rium,</strong></span> <span class='ocrx_word' id='word_1_258' title='bbox 2365 1833 2473 1886; x_wconf 91' lang='lat' dir='ltr'><strong>cito</strong></span> <span class='ocrx_word' id='word_1_259' title='bbox 2503 1846 2689 1885; x_wconf 87' lang='lat' dir='ltr'><strong>rursus</strong></span> <span class='ocrx_word' id='word_1_260' title='bbox 2717 1832 3042 1901; x_wconf 78' lang='lat' dir='ltr'><strong>ingrediens,</strong></span> <span class='ocrx_word' id='word_1_261' title='bbox 3075 1833 3252 1886; x_wconf 84' lang='lat' dir='ltr'><strong>stabat</strong></span> <span class='ocrx_word' id='word_1_262' title='bbox 3282 1832 3345 1886; x_wconf 86' lang='lat' dir='ltr'><strong>ad</strong></span> <span class='ocrx_word' id='word_1_263' title='bbox 3375 1845 3535 1901; x_wconf 90' lang='lat' dir='ltr'><strong>opus,</strong></span> <span class='ocrx_word' id='word_1_264' title='bbox 3555 1847 3619 1885; x_wconf 88' lang='lat' dir='ltr'><strong>os</strong></span> <span class='ocrx_word' id='word_1_265' title='bbox 3646 1849 3747 1886; x_wconf 76' lang='lat' dir='ltr'><strong>non</strong></span> 
     </span>
    </p>
   </div>
   <div class='ocr_carea' id='block_1_35' title="bbox 495 1936 2067 2009">
    <p class='ocr_par' dir='ltr' id='par_1_35' title="bbox 495 1936 2067 2009">
     <span class='ocr_line' id='line_1_35' title="bbox 495 1936 2067 2009; baseline 0.004 -20"><span class='ocrx_word' id='word_1_266' title='bbox 495 1951 609 1989; x_wconf 89' lang='lat' dir='ltr'><strong>rem</strong></span> <span class='ocrx_word' id='word_1_267' title='bbox 644 1936 848 1991; x_wconf 81' lang='lat' dir='ltr'><strong>fortiter</strong></span> <span class='ocrx_word' id='word_1_268' title='bbox 880 1939 1151 1993; x_wconf 85' lang='lat' dir='ltr'><strong>sustinuit.</strong></span> <span class='ocrx_word' id='word_1_269' title='bbox 1186 1937 1466 2005; x_wconf 79' lang='lat' dir='ltr'><strong>Pastquam</strong></span> <span class='ocrx_word' id='word_1_270' title='bbox 1499 1940 1745 2009; x_wconf 84' lang='lat' dir='ltr'><strong>apparuit</strong></span> <span class='ocrx_word' id='word_1_271' title='bbox 1786 1940 2067 1995; x_wconf 88' lang='lat' dir='ltr'><strong>multitudo</strong></span> 
     </span>
    </p>
   </div>
   <div class='ocr_carea' id='block_1_36' title="bbox 493 2025 2067 2096">
    <p class='ocr_par' dir='ltr' id='par_1_36' title="bbox 493 2025 2067 2096">
     <span class='ocr_line' id='line_1_36' title="bbox 493 2025 2067 2096; baseline 0 -17"><span class='ocrx_word' id='word_1_272' title='bbox 493 2025 829 2092; x_wconf 88' lang='lat' dir='ltr'><strong>bubalarum,</strong></span> <span class='ocrx_word' id='word_1_273' title='bbox 852 2040 916 2079; x_wconf 86' lang='lat' dir='ltr'><strong>ex</strong></span> <span class='ocrx_word' id='word_1_274' title='bbox 946 2026 1137 2094; x_wconf 88' lang='lat' dir='ltr'><strong>quibus</strong></span> <span class='ocrx_word' id='word_1_275' title='bbox 1175 2042 1279 2080; x_wconf 88' lang='lat' dir='ltr'><strong>una</strong></span> <span class='ocrx_word' id='word_1_276' title='bbox 1307 2030 1454 2081; x_wconf 79' lang='lat' dir='ltr'><strong>stetit</strong></span> <span class='ocrx_word' id='word_1_277' title='bbox 1474 2041 1539 2081; x_wconf 80' lang='lat' dir='ltr'><strong>ex</strong></span> <span class='ocrx_word' id='word_1_278' title='bbox 1568 2029 1794 2082; x_wconf 88' lang='lat' dir='ltr'><strong>adverso</strong></span> <span class='ocrx_word' id='word_1_279' title='bbox 1820 2027 1935 2096; x_wconf 66' lang='lat' dir='ltr'><strong>eju:</strong></span> <span class='ocrx_word' id='word_1_280' title='bbox 1969 2028 2067 2080; x_wconf 92' lang='lat' dir='ltr'><strong>ha-</strong></span> 
     </span>
    </p>
   </div>
   <div class='ocr_carea' id='block_1_37' title="bbox 494 2116 2069 2179">
    <p class='ocr_par' dir='ltr' id='par_1_37' title="bbox 494 2116 2069 2179">
     <span class='ocr_line' id='line_1_37' title="bbox 494 2116 2069 2179; baseline 0.002 -9"><span class='ocrx_word' id='word_1_281' title='bbox 494 2116 628 2170; x_wconf 87' lang='lat' dir='ltr'><strong>bens</strong></span> <span class='ocrx_word' id='word_1_282' title='bbox 658 2116 913 2179; x_wconf 87' lang='lat' dir='ltr'><strong>vitulum;</strong></span> <span class='ocrx_word' id='word_1_283' title='bbox 954 2127 1077 2170; x_wconf 90' lang='lat' dir='ltr'><strong>sunt</strong></span> <span class='ocrx_word' id='word_1_284' title='bbox 1104 2118 1246 2171; x_wconf 90' lang='lat' dir='ltr'><strong>enim</strong></span> <span class='ocrx_word' id='word_1_285' title='bbox 1295 2118 1479 2171; x_wconf 70' lang='lat' dir='ltr'><strong>multm</strong></span> <span class='ocrx_word' id='word_1_286' title='bbox 1505 2121 1557 2171; x_wconf 92' lang='lat' dir='ltr'><strong>in</strong></span> <span class='ocrx_word' id='word_1_287' title='bbox 1588 2119 1694 2173; x_wconf 88' lang='lat' dir='ltr'><strong>illis</strong></span> <span class='ocrx_word' id='word_1_288' title='bbox 1735 2120 1884 2172; x_wconf 89' lang='lat' dir='ltr'><strong>locis.</strong></span> <span class='ocrx_word' id='word_1_289' title='bbox 1922 2120 1985 2173; x_wconf 82' lang='lat' dir='ltr'><strong>Et</strong></span> <span class='ocrx_word' id='word_1_290' title='bbox 2014 2130 2069 2173; x_wconf 91' lang='lat' dir='ltr'><strong>ut</strong></span> 
     </span>
    </p>
   </div>
   <div class='ocr_carea' id='block_1_38' title="bbox 491 2206 2069 2278">
    <p class='ocr_par' dir='ltr' id='par_1_38' title="bbox 491 2206 2069 2278">
     <span class='ocr_line' id='line_1_38' title="bbox 491 2206 2069 2278; baseline 0.001 -17"><span class='ocrx_word' id='word_1_291' title='bbox 491 2206 701 2261; x_wconf 73' lang='lat' dir='ltr'><strong>dicebat</strong></span> <span class='ocrx_word' id='word_1_292' title='bbox 738 2206 891 2261; x_wconf 88' lang='lat' dir='ltr'><strong>nobis</strong></span> <span class='ocrx_word' id='word_1_293' title='bbox 931 2206 1209 2271; x_wconf 77' lang='lat' dir='ltr'><strong>Macarius,</strong></span> <span class='ocrx_word' id='word_1_294' title='bbox 1242 2209 1373 2262; x_wconf 89' lang='lat' dir='ltr'><strong>uber</strong></span> <span class='ocrx_word' id='word_1_295' title='bbox 1411 2208 1527 2278; x_wconf 84' lang='lat' dir='ltr'><strong>ejus</strong></span> <span class='ocrx_word' id='word_1_296' title='bbox 1568 2210 1703 2262; x_wconf 77' lang='lat' dir='ltr'><strong>lacte</strong></span> <span class='ocrx_word' id='word_1_297' title='bbox 1742 2207 1971 2274; x_wconf 80' lang='lat' dir='ltr'><strong>fluebat,</strong></span> <span class='ocrx_word' id='word_1_298' title='bbox 2015 2220 2069 2263; x_wconf 89' lang='lat' dir='ltr'><strong>et</strong></span> 
     </span>
    </p>
   </div>
   <div class='ocr_carea' id='block_1_39' title="bbox 497 2296 2071 2366">
    <p class='ocr_par' dir='ltr' id='par_1_39' title="bbox 497 2296 2071 2366">
     <span class='ocr_line' id='line_1_39' title="bbox 497 2296 2071 2366; baseline 0.002 -18"><span class='ocrx_word' id='word_1_299' title='bbox 497 2296 728 2365; x_wconf 88' lang='lat' dir='ltr'><strong>desuper</strong></span> <span class='ocrx_word' id='word_1_300' title='bbox 753 2296 933 2350; x_wconf 91' lang='lat' dir='ltr'><strong>sonuit</strong></span> <span class='ocrx_word' id='word_1_301' title='bbox 953 2312 1054 2352; x_wconf 81' lang='lat' dir='ltr'><strong>vox</strong></span> <span class='ocrx_word' id='word_1_302' title='bbox 1090 2298 1139 2352; x_wconf 91' lang='lat' dir='ltr'><strong>ei</strong></span> <span class='ocrx_word' id='word_1_303' title='bbox 1170 2299 1355 2352; x_wconf 89' lang='lat' dir='ltr'><strong>dicens</strong></span> <span class='ocrx_word' id='word_1_304' title='bbox 1387 2314 1401 2351; x_wconf 90' lang='lat'><strong>:</strong></span> <span class='ocrx_word' id='word_1_305' title='bbox 1428 2299 1639 2366; x_wconf 81' lang='lat' dir='ltr'><strong>Macari,</strong></span> <span class='ocrx_word' id='word_1_306' title='bbox 1670 2298 1862 2353; x_wconf 83' lang='lat' dir='ltr'><strong>accede</strong></span> <span class='ocrx_word' id='word_1_307' title='bbox 1890 2300 1952 2353; x_wconf 89' lang='lat' dir='ltr'><strong>ad</strong></span> <span class='ocrx_word' id='word_1_308' title='bbox 1983 2301 2071 2353; x_wconf 80' lang='lat' dir='ltr'><strong>bu-</strong></span> 
     </span>
    </p>
   </div>
   <div class='ocr_carea' id='block_1_40' title="bbox 493 2386 2070 2457">
    <p class='ocr_par' dir='ltr' id='par_1_40' title="bbox 493 2386 2070 2457">
     <span class='ocr_line' id='line_1_40' title="bbox 493 2386 2070 2457; baseline 0.003 -19"><span class='ocrx_word' id='word_1_309' title='bbox 493 2386 667 2440; x_wconf 88' lang='lat' dir='ltr'><strong>balam</strong></span> <span class='ocrx_word' id='word_1_310' title='bbox 689 2426 705 2451; x_wconf 93' lang='lat'><strong>,</strong></span> <span class='ocrx_word' id='word_1_311' title='bbox 734 2397 788 2441; x_wconf 90' lang='lat' dir='ltr'><strong>et</strong></span> <span class='ocrx_word' id='word_1_312' title='bbox 817 2387 1038 2441; x_wconf 89' lang='lat' dir='ltr'><strong>lactare.</strong></span> <span class='ocrx_word' id='word_1_313' title='bbox 1065 2386 1194 2441; x_wconf 91' lang='lat' dir='ltr'><strong>Cum</strong></span> <span class='ocrx_word' id='word_1_314' title='bbox 1221 2402 1348 2457; x_wconf 87' lang='lat' dir='ltr'><strong>ergo</strong></span> <span class='ocrx_word' id='word_1_315' title='bbox 1370 2428 1384 2453; x_wconf 91' lang='lat'><strong>,</strong></span> <span class='ocrx_word' id='word_1_316' title='bbox 1415 2388 1617 2455; x_wconf 82' lang='lat' dir='ltr'><strong>inquit,</strong></span> <span class='ocrx_word' id='word_1_317' title='bbox 1651 2387 1717 2441; x_wconf 90' lang='lat' dir='ltr'><strong>ad</strong></span> <span class='ocrx_word' id='word_1_318' title='bbox 1745 2403 1860 2443; x_wconf 87' lang='lat' dir='ltr'><strong>eam</strong></span> <span class='ocrx_word' id='word_1_319' title='bbox 1892 2403 2070 2442; x_wconf 76' lang='lat' dir='ltr'><strong>acces-</strong></span> 
     </span>
    </p>
   </div>
   <div class='ocr_carea' id='block_1_41' title="bbox 494 2477 2069 2545">
    <p class='ocr_par' dir='ltr' id='par_1_41' title="bbox 494 2477 2069 2545">
     <span class='ocr_line' id='line_1_41' title="bbox 494 2477 2069 2545; baseline 0.001 -14"><span class='ocrx_word' id='word_1_320' title='bbox 494 2477 689 2532; x_wconf 90' lang='lat' dir='ltr'><strong>sissem</strong></span> <span class='ocrx_word' id='word_1_321' title='bbox 733 2488 785 2531; x_wconf 89' lang='lat' dir='ltr'><strong>et</strong></span> <span class='ocrx_word' id='word_1_322' title='bbox 830 2477 1055 2533; x_wconf 85' lang='lat' dir='ltr'><strong>iactatus</strong></span> <span class='ocrx_word' id='word_1_323' title='bbox 1099 2493 1307 2545; x_wconf 90' lang='lat' dir='ltr'><strong>essem,</strong></span> <span class='ocrx_word' id='word_1_324' title='bbox 1337 2478 1464 2532; x_wconf 88' lang='lat' dir='ltr'><strong>mihi</strong></span> <span class='ocrx_word' id='word_1_325' title='bbox 1515 2479 1740 2533; x_wconf 84' lang='lat' dir='ltr'><strong>suffecit.</strong></span> <span class='ocrx_word' id='word_1_326' title='bbox 1784 2478 1853 2533; x_wconf 87' lang='lat' dir='ltr'><strong>Ut</strong></span> <span class='ocrx_word' id='word_1_327' title='bbox 1894 2490 2069 2535; x_wconf 88' lang='lat' dir='ltr'><strong>autem</strong></span> 
     </span>
    </p>
   </div>
   <div class='ocr_carea' id='block_1_42' title="bbox 493 2566 2067 2636">
    <p class='ocr_par' dir='ltr' id='par_1_42' title="bbox 493 2566 2067 2636">
     <span class='ocr_line' id='line_1_42' title="bbox 493 2566 2067 2636; baseline 0.003 -17"><span class='ocrx_word' id='word_1_328' title='bbox 493 2566 750 2635; x_wconf 87' lang='lat' dir='ltr'><strong>majorem</strong></span> <span class='ocrx_word' id='word_1_329' title='bbox 781 2567 1005 2636; x_wconf 75' lang='lat' dir='ltr'><strong>gratiam</strong></span> <span class='ocrx_word' id='word_1_330' title='bbox 1035 2569 1341 2623; x_wconf 88' lang='lat' dir='ltr'><strong>ostenderet</strong></span> <span class='ocrx_word' id='word_1_331' title='bbox 1362 2569 1636 2634; x_wconf 90' lang='lat' dir='ltr'><strong>Dominus,</strong></span> <span class='ocrx_word' id='word_1_332' title='bbox 1666 2571 1864 2624; x_wconf 90' lang='lat' dir='ltr'><strong>docens</strong></span> <span class='ocrx_word' id='word_1_333' title='bbox 1894 2584 2067 2623; x_wconf 88' lang='lat' dir='ltr'><strong>meam</strong></span> 
     </span>
    </p>
   </div>
   <div class='ocr_carea' id='block_1_43' title="bbox 416 2657 2071 2729">
    <p class='ocr_par' dir='ltr' id='par_1_43' title="bbox 416 2657 2071 2729">
     <span class='ocr_line' id='line_1_43' title="bbox 416 2657 2071 2729; baseline 0.002 -20"><span class='ocrx_word' id='word_1_334' title='bbox 416 2692 419 2693; x_wconf 49' lang='grc' dir='ltr'><em>ν</em></span> <span class='ocrx_word' id='word_1_335' title='bbox 495 2657 832 2725; x_wconf 84' lang='lat' dir='ltr'><strong>parvitatem,</strong></span> <span class='ocrx_word' id='word_1_336' title='bbox 848 2657 1001 2726; x_wconf 89' lang='lat' dir='ltr'><strong>jubet</strong></span> <span class='ocrx_word' id='word_1_337' title='bbox 1023 2659 1268 2712; x_wconf 89' lang='lat' dir='ltr'><strong>bubalam</strong></span> <span class='ocrx_word' id='word_1_338' title='bbox 1291 2674 1376 2714; x_wconf 91' lang='lat' dir='ltr'><strong>me</strong></span> <span class='ocrx_word' id='word_1_339' title='bbox 1396 2660 1549 2728; x_wconf 90' lang='lat' dir='ltr'><strong>sequi</strong></span> <span class='ocrx_word' id='word_1_340' title='bbox 1578 2675 1745 2729; x_wconf 91' lang='lat' dir='ltr'><strong>usque</strong></span> <span class='ocrx_word' id='word_1_341' title='bbox 1766 2659 1831 2713; x_wconf 90' lang='lat' dir='ltr'><strong>ad</strong></span> <span class='ocrx_word' id='word_1_342' title='bbox 1858 2661 2071 2714; x_wconf 87' lang='lat' dir='ltr'><strong>cellam.</strong></span> 
     </span>
    </p>
   </div>
   <div class='ocr_carea' id='block_1_44' title="bbox 496 2746 2074 2818">
    <p class='ocr_par' dir='ltr' id='par_1_44' title="bbox 496 2746 2074 2818">
     <span class='ocr_line' id='line_1_44' title="bbox 496 2746 2074 2818; baseline 0.001 -17"><span class='ocrx_word' id='word_1_343' title='bbox 496 2746 589 2801; x_wconf 77' lang='lat' dir='ltr'><strong>ﬂia</strong></span> <span class='ocrx_word' id='word_1_344' title='bbox 621 2761 745 2801; x_wconf 90' lang='lat' dir='ltr'><strong>vero</strong></span> <span class='ocrx_word' id='word_1_345' title='bbox 778 2762 966 2815; x_wconf 86' lang='lat' dir='ltr'><strong>parens</strong></span> <span class='ocrx_word' id='word_1_346' title='bbox 986 2747 1155 2817; x_wconf 89' lang='lat' dir='ltr'><strong>jussui</strong></span> <span class='ocrx_word' id='word_1_347' title='bbox 1190 2757 1374 2803; x_wconf 86' lang='lat' dir='ltr'><strong>secuta</strong></span> <span class='ocrx_word' id='word_1_348' title='bbox 1419 2758 1534 2815; x_wconf 90' lang='lat' dir='ltr'><strong>est,</strong></span> <span class='ocrx_word' id='word_1_349' title='bbox 1571 2764 1657 2803; x_wconf 91' lang='lat' dir='ltr'><strong>me</strong></span> <span class='ocrx_word' id='word_1_350' title='bbox 1700 2750 1914 2818; x_wconf 88' lang='lat' dir='ltr'><strong>quidem</strong></span> <span class='ocrx_word' id='word_1_351' title='bbox 1960 2751 2074 2803; x_wconf 86' lang='lat' dir='ltr'><strong>lac-</strong></span> 
     </span>
    </p>
   </div>
   <div class='ocr_carea' id='block_1_45' title="bbox 497 2840 1788 2902">
    <p class='ocr_par' dir='ltr' id='par_1_45' title="bbox 497 2840 1788 2902">
     <span class='ocr_line' id='line_1_45' title="bbox 497 2840 1788 2902; baseline 0.002 -12"><span class='ocrx_word' id='word_1_352' title='bbox 497 2844 619 2891; x_wconf 88' lang='lat' dir='ltr'><strong>tans</strong></span> <span class='ocrx_word' id='word_1_353' title='bbox 638 2878 654 2902; x_wconf 92' lang='lat'><strong>,</strong></span> <span class='ocrx_word' id='word_1_354' title='bbox 683 2850 838 2891; x_wconf 88' lang='lat' dir='ltr'><strong>suum</strong></span> <span class='ocrx_word' id='word_1_355' title='bbox 867 2846 1047 2892; x_wconf 87' lang='lat' dir='ltr'><strong>autem</strong></span> <span class='ocrx_word' id='word_1_356' title='bbox 1091 2852 1196 2893; x_wconf 88' lang='lat' dir='ltr'><strong>non</strong></span> <span class='ocrx_word' id='word_1_357' title='bbox 1222 2840 1506 2893; x_wconf 87' lang='lat' dir='ltr'><strong>admittens</strong></span> <span class='ocrx_word' id='word_1_358' title='bbox 1544 2840 1788 2893; x_wconf 90' lang='lat' dir='ltr'><strong>vitulum.</strong></span> 
     </span>
    </p>
   </div>
   <div class='ocr_carea' id='block_1_46' title="bbox 572 2925 2073 2996">
    <p class='ocr_par' dir='ltr' id='par_1_46' title="bbox 572 2925 2073 2996">
     <span class='ocr_line' id='line_1_46' title="bbox 572 2925 2073 2996; baseline -0.001 -16"><span class='ocrx_word' id='word_1_359' title='bbox 572 2925 870 2995; x_wconf 80' lang='lat' dir='ltr'><strong>Aliquando</strong></span> <span class='ocrx_word' id='word_1_360' title='bbox 894 2940 1081 2981; x_wconf 85' lang='lat' dir='ltr'><strong>rursus</strong></span> <span class='ocrx_word' id='word_1_361' title='bbox 1105 2942 1225 2981; x_wconf 89' lang='lat' dir='ltr'><strong>cum</strong></span> <span class='ocrx_word' id='word_1_362' title='bbox 1257 2936 1469 2996; x_wconf 88' lang='lat' dir='ltr'><strong>puteum</strong></span> <span class='ocrx_word' id='word_1_363' title='bbox 1502 2927 1708 2981; x_wconf 84' lang='lat' dir='ltr'><strong>foderet</strong></span> <span class='ocrx_word' id='word_1_364' title='bbox 1739 2927 1827 2980; x_wconf 89' lang='lat' dir='ltr'><strong>hic</strong></span> <span class='ocrx_word' id='word_1_365' title='bbox 1852 2927 1934 2979; x_wconf 87' lang='lat' dir='ltr'><strong>vir</strong></span> <span class='ocrx_word' id='word_1_366' title='bbox 1965 2927 2073 2981; x_wconf 86' lang='lat' dir='ltr'><strong>vir-</strong></span> 
     </span>
    </p>
   </div>
   <div class='ocr_carea' id='block_1_47' title="bbox 503 3018 2074 3089">
    <p class='ocr_par' dir='ltr' id='par_1_47' title="bbox 503 3018 2074 3089">
     <span class='ocr_line' id='line_1_47' title="bbox 503 3018 2074 3089; baseline 0.001 -19"><span class='ocrx_word' id='word_1_367' title='bbox 503 3026 616 3071; x_wconf 91' lang='lat' dir='ltr'><strong>tute</strong></span> <span class='ocrx_word' id='word_1_368' title='bbox 655 3018 944 3085; x_wconf 76' lang='lat' dir='ltr'><strong>prteditus,</strong></span> <span class='ocrx_word' id='word_1_369' title='bbox 984 3019 1052 3073; x_wconf 88' lang='lat' dir='ltr'><strong>ad</strong></span> <span class='ocrx_word' id='word_1_370' title='bbox 1093 3021 1411 3075; x_wconf 73' lang='lat' dir='ltr'><strong>recreandos</strong></span> <span class='ocrx_word' id='word_1_371' title='bbox 1451 3021 1737 3074; x_wconf 88' lang='lat' dir='ltr'><strong>monachos</strong></span> <span class='ocrx_word' id='word_1_372' title='bbox 1776 3019 1860 3089; x_wconf 89' lang='lat' dir='ltr'><strong>(is</strong></span> <span class='ocrx_word' id='word_1_373' title='bbox 1897 3029 2074 3074; x_wconf 90' lang='lat' dir='ltr'><strong>autem</strong></span> 
     </span>
    </p>
   </div>
   <div class='ocr_carea' id='block_1_48' title="bbox 503 3109 2080 3177">
    <p class='ocr_par' dir='ltr' id='par_1_48' title="bbox 503 3109 2080 3177">
     <span class='ocr_line' id='line_1_48' title="bbox 503 3109 2080 3177; baseline 0.001 -16"><span class='ocrx_word' id='word_1_374' title='bbox 503 3115 620 3161; x_wconf 80' lang='lat' dir='ltr'><strong>erat</strong></span> <span class='ocrx_word' id='word_1_375' title='bbox 647 3122 810 3176; x_wconf 88' lang='lat' dir='ltr'><strong>prope</strong></span> <span class='ocrx_word' id='word_1_376' title='bbox 840 3109 963 3162; x_wconf 80' lang='lat' dir='ltr'><strong>folia</strong></span> <span class='ocrx_word' id='word_1_377' title='bbox 995 3119 1049 3163; x_wconf 91' lang='lat' dir='ltr'><strong>et</strong></span> <span class='ocrx_word' id='word_1_378' title='bbox 1077 3121 1343 3163; x_wconf 86' lang='lat' dir='ltr'><strong>sarmenta</strong></span> <span class='ocrx_word' id='word_1_379' title='bbox 1388 3109 1497 3163; x_wconf 90' lang='lat' dir='ltr'><strong>illic</strong></span> <span class='ocrx_word' id='word_1_380' title='bbox 1526 3109 1730 3177; x_wconf 80' lang='lat' dir='ltr'><strong>posita)</strong></span> <span class='ocrx_word' id='word_1_381' title='bbox 1757 3122 1968 3162; x_wconf 89' lang='lat' dir='ltr'><strong>morsus</strong></span> <span class='ocrx_word' id='word_1_382' title='bbox 1998 3116 2080 3163; x_wconf 90' lang='lat' dir='ltr'><strong>est</strong></span> 
     </span>
    </p>
   </div>
   <div class='ocr_carea' id='block_1_49' title="bbox 2170 1922 3745 1992">
    <p class='ocr_par' dir='ltr' id='par_1_49' title="bbox 2170 1922 3745 1992">
     <span class='ocr_line' id='line_1_49' title="bbox 2170 1922 3745 1992; baseline -0.001 -16"><span class='ocrx_word' id='word_1_383' title='bbox 2170 1924 2438 1992; x_wconf 87' lang='lat' dir='ltr'><strong>aperiens,</strong></span> <span class='ocrx_word' id='word_1_384' title='bbox 2470 1924 2563 1977; x_wconf 89' lang='lat' dir='ltr'><strong>sed</strong></span> <span class='ocrx_word' id='word_1_385' title='bbox 2586 1934 2736 1978; x_wconf 86' lang='lat' dir='ltr'><strong>stans</strong></span> <span class='ocrx_word' id='word_1_386' title='bbox 2757 1923 2990 1991; x_wconf 89' lang='lat' dir='ltr'><strong>silentio,</strong></span> <span class='ocrx_word' id='word_1_387' title='bbox 3024 1922 3154 1975; x_wconf 90' lang='lat' dir='ltr'><strong>nihil</strong></span> <span class='ocrx_word' id='word_1_388' title='bbox 3194 1922 3337 1976; x_wconf 86' lang='lat' dir='ltr'><strong>aliud</strong></span> <span class='ocrx_word' id='word_1_389' title='bbox 3367 1923 3573 1976; x_wconf 89' lang='lat' dir='ltr'><strong>faciens</strong></span> <span class='ocrx_word' id='word_1_390' title='bbox 3615 1936 3745 1988; x_wconf 65' lang='lat' dir='ltr'><strong>prae-</strong></span> 
     </span>
    </p>
   </div>
   <div class='ocr_carea' id='block_1_50' title="bbox 2172 2013 3747 2084">
    <p class='ocr_par' dir='ltr' id='par_1_50' title="bbox 2172 2013 3747 2084">
     <span class='ocr_line' id='line_1_50' title="bbox 2172 2013 3747 2084; baseline -0.004 -14"><span class='ocrx_word' id='word_1_391' title='bbox 2172 2024 2410 2084; x_wconf 88' lang='lat' dir='ltr'><strong>terquam</strong></span> <span class='ocrx_word' id='word_1_392' title='bbox 2439 2016 2711 2069; x_wconf 87' lang='lat' dir='ltr'><strong>silentium</strong></span> <span class='ocrx_word' id='word_1_393' title='bbox 2742 2015 2794 2068; x_wconf 89' lang='lat' dir='ltr'><strong>in</strong></span> <span class='ocrx_word' id='word_1_394' title='bbox 2825 2014 2988 2068; x_wconf 90' lang='lat' dir='ltr'><strong>corde</strong></span> <span class='ocrx_word' id='word_1_395' title='bbox 3013 2028 3293 2075; x_wconf 74' lang='lat' dir='ltr'><strong>exercens,</strong></span> <span class='ocrx_word' id='word_1_396' title='bbox 3317 2024 3371 2067; x_wconf 91' lang='lat' dir='ltr'><strong>et</strong></span> <span class='ocrx_word' id='word_1_397' title='bbox 3398 2013 3603 2067; x_wconf 81' lang='lat' dir='ltr'><strong>faciens</strong></span> <span class='ocrx_word' id='word_1_398' title='bbox 3632 2026 3747 2065; x_wconf 84' lang='lat' dir='ltr'><strong>ora-</strong></span> 
     </span>
    </p>
   </div>
   <div class='ocr_carea' id='block_1_51' title="bbox 2172 2102 3746 2172">
    <p class='ocr_par' dir='ltr' id='par_1_51' title="bbox 2172 2102 3746 2172">
     <span class='ocr_line' id='line_1_51' title="bbox 2172 2102 3746 2172; baseline -0.004 -12"><span class='ocrx_word' id='word_1_399' title='bbox 2172 2107 2399 2169; x_wconf 88' lang='lat' dir='ltr'><strong>tionem,</strong></span> <span class='ocrx_word' id='word_1_400' title='bbox 2431 2113 2485 2159; x_wconf 91' lang='lat' dir='ltr'><strong>et</strong></span> <span class='ocrx_word' id='word_1_401' title='bbox 2515 2118 2697 2158; x_wconf 88' lang='lat' dir='ltr'><strong>ramos</strong></span> <span class='ocrx_word' id='word_1_402' title='bbox 2724 2104 2913 2172; x_wconf 77' lang='lat' dir='ltr'><strong>palmae</strong></span> <span class='ocrx_word' id='word_1_403' title='bbox 2960 2118 3190 2172; x_wconf 87' lang='lat' dir='ltr'><strong>operans</strong></span> <span class='ocrx_word' id='word_1_404' title='bbox 3236 2117 3371 2172; x_wconf 88' lang='lat' dir='ltr'><strong>quos</strong></span> <span class='ocrx_word' id='word_1_405' title='bbox 3415 2102 3653 2156; x_wconf 85' lang='lat' dir='ltr'><strong>habebat</strong></span> <span class='ocrx_word' id='word_1_406' title='bbox 3697 2103 3746 2155; x_wconf 89' lang='lat' dir='ltr'><strong>in</strong></span> 
     </span>
    </p>
   </div>
   <div class='ocr_carea' id='block_1_52' title="bbox 2170 2192 3744 2251">
    <p class='ocr_par' dir='ltr' id='par_1_52' title="bbox 2170 2192 3744 2251">
     <span class='ocr_line' id='line_1_52' title="bbox 2170 2192 3744 2251; baseline -0.003 -1"><span class='ocrx_word' id='word_1_407' title='bbox 2170 2196 2437 2251; x_wconf 90' lang='lat' dir='ltr'><strong>manibus.</strong></span> <span class='ocrx_word' id='word_1_408' title='bbox 2468 2197 2598 2250; x_wconf 89' lang='lat' dir='ltr'><strong>Cum</strong></span> <span class='ocrx_word' id='word_1_409' title='bbox 2633 2203 2812 2248; x_wconf 88' lang='lat' dir='ltr'><strong>autem</strong></span> <span class='ocrx_word' id='word_1_410' title='bbox 2844 2196 2959 2249; x_wconf 62' lang='lat' dir='ltr'><strong>haec</strong></span> <span class='ocrx_word' id='word_1_411' title='bbox 2981 2194 3242 2249; x_wconf 87' lang='lat' dir='ltr'><strong>vidissent</strong></span> <span class='ocrx_word' id='word_1_412' title='bbox 3265 2208 3454 2248; x_wconf 90' lang='lat' dir='ltr'><strong>omnes</strong></span> <span class='ocrx_word' id='word_1_413' title='bbox 3474 2192 3744 2248; x_wconf 81' lang='lat' dir='ltr'><strong>exercita-</strong></span> 
     </span>
    </p>
   </div>
   <div class='ocr_carea' id='block_1_53' title="bbox 2172 2282 3738 2348">
    <p class='ocr_par' dir='ltr' id='par_1_53' title="bbox 2172 2282 3738 2348">
     <span class='ocr_line' id='line_1_53' title="bbox 2172 2282 3738 2348; baseline -0.003 -8"><span class='ocrx_word' id='word_1_414' title='bbox 2172 2296 2316 2341; x_wconf 86' lang='lat' dir='ltr'><strong>tores</strong></span> <span class='ocrx_word' id='word_1_415' title='bbox 2347 2286 2490 2340; x_wconf 89' lang='lat' dir='ltr'><strong>illius</strong></span> <span class='ocrx_word' id='word_1_416' title='bbox 2518 2285 2848 2348; x_wconf 86' lang='lat' dir='ltr'><strong>monasterii,</strong></span> <span class='ocrx_word' id='word_1_417' title='bbox 2876 2284 3191 2339; x_wconf 88' lang='lat' dir='ltr'><strong>seditionem</strong></span> <span class='ocrx_word' id='word_1_418' title='bbox 3218 2285 3528 2338; x_wconf 81' lang='lat' dir='ltr'><strong>excitarunt</strong></span> <span class='ocrx_word' id='word_1_419' title='bbox 3553 2282 3738 2337; x_wconf 79' lang='lat' dir='ltr'><strong>adver—</strong></span> 
     </span>
    </p>
   </div>
   <div class='ocr_carea' id='block_1_54' title="bbox 2171 2373 3739 2445">
    <p class='ocr_par' dir='ltr' id='par_1_54' title="bbox 2171 2373 3739 2445">
     <span class='ocr_line' id='line_1_54' title="bbox 2171 2373 3739 2445; baseline -0.001 -16"><span class='ocrx_word' id='word_1_420' title='bbox 2171 2392 2261 2431; x_wconf 90' lang='lat' dir='ltr'><strong>sus</strong></span> <span class='ocrx_word' id='word_1_421' title='bbox 2287 2391 2440 2430; x_wconf 90' lang='lat' dir='ltr'><strong>suum</strong></span> <span class='ocrx_word' id='word_1_422' title='bbox 2471 2374 2777 2445; x_wconf 66' lang='lat' dir='ltr'><strong>praefectum</strong></span> <span class='ocrx_word' id='word_1_423' title='bbox 2800 2393 2812 2427; x_wconf 92' lang='lat'>:</span> <span class='ocrx_word' id='word_1_424' title='bbox 2838 2373 3112 2430; x_wconf 89' lang='lat' dir='ltr'><strong>Undenam</strong></span> <span class='ocrx_word' id='word_1_425' title='bbox 3135 2374 3286 2429; x_wconf 86' lang='lat' dir='ltr'><strong>nobis</strong></span> <span class='ocrx_word' id='word_1_426' title='bbox 3306 2374 3574 2427; x_wconf 77' lang='lat' dir='ltr'><strong>adduxisti</strong></span> <span class='ocrx_word' id='word_1_427' title='bbox 3606 2373 3739 2427; x_wconf 77' lang='lat' dir='ltr'><strong>hunc</strong></span> 
     </span>
    </p>
   </div>
   <div class='ocr_carea' id='block_1_55' title="bbox 2179 2465 3737 2523">
    <p class='ocr_par' dir='ltr' id='par_1_55' title="bbox 2179 2465 3737 2523">
     <span class='ocr_line' id='line_1_55' title="bbox 2179 2465 3737 2523; baseline -0.004 0"><span class='ocrx_word' id='word_1_428' title='bbox 2179 2468 2447 2523; x_wconf 89' lang='lat' dir='ltr'><strong>hominem</strong></span> <span class='ocrx_word' id='word_1_429' title='bbox 2479 2468 2596 2522; x_wconf 86' lang='lat' dir='ltr'><strong>sine</strong></span> <span class='ocrx_word' id='word_1_430' title='bbox 2620 2481 2783 2521; x_wconf 90' lang='lat' dir='ltr'><strong>carne</strong></span> <span class='ocrx_word' id='word_1_431' title='bbox 2803 2466 2868 2519; x_wconf 86' lang='lat' dir='ltr'><strong>ad</strong></span> <span class='ocrx_word' id='word_1_432' title='bbox 2893 2466 3059 2519; x_wconf 88' lang='lat' dir='ltr'><strong>nostri</strong></span> <span class='ocrx_word' id='word_1_433' title='bbox 3079 2465 3616 2520; x_wconf 80' lang='lat' dir='ltr'><strong>condemnationem?</strong></span> <span class='ocrx_word' id='word_1_434' title='bbox 3641 2467 3737 2519; x_wconf 81' lang='lat' dir='ltr'><strong>Aut</strong></span> 
     </span>
    </p>
   </div>
   <div class='ocr_carea' id='block_1_56' title="bbox 2178 2557 3734 2625">
    <p class='ocr_par' dir='ltr' id='par_1_56' title="bbox 2178 2557 3734 2625">
     <span class='ocr_line' id='line_1_56' title="bbox 2178 2557 3734 2625; baseline -0.002 -11"><span class='ocrx_word' id='word_1_435' title='bbox 2178 2574 2300 2614; x_wconf 91' lang='lat' dir='ltr'><strong>eum</strong></span> <span class='ocrx_word' id='word_1_436' title='bbox 2328 2559 2455 2613; x_wconf 91' lang='lat' dir='ltr'><strong>hinc</strong></span> <span class='ocrx_word' id='word_1_437' title='bbox 2479 2557 2638 2625; x_wconf 85' lang='lat' dir='ltr'><strong>ejice,</strong></span> <span class='ocrx_word' id='word_1_438' title='bbox 2671 2568 2782 2621; x_wconf 87' lang='lat' dir='ltr'><strong>aut,</strong></span> <span class='ocrx_word' id='word_1_439' title='bbox 2816 2567 2872 2611; x_wconf 91' lang='lat' dir='ltr'><strong>ut</strong></span> <span class='ocrx_word' id='word_1_440' title='bbox 2896 2557 3056 2624; x_wconf 89' lang='lat' dir='ltr'><strong>scias,</strong></span> <span class='ocrx_word' id='word_1_441' title='bbox 3087 2571 3185 2611; x_wconf 91' lang='lat' dir='ltr'><strong>nos</strong></span> <span class='ocrx_word' id='word_1_442' title='bbox 3212 2572 3399 2611; x_wconf 89' lang='lat' dir='ltr'><strong>omnes</strong></span> <span class='ocrx_word' id='word_1_443' title='bbox 3429 2559 3553 2611; x_wconf 90' lang='lat' dir='ltr'><strong>hinc</strong></span> <span class='ocrx_word' id='word_1_444' title='bbox 3591 2571 3734 2611; x_wconf 86' lang='lat' dir='ltr'><strong>rece-</strong></span> 
     </span>
    </p>
   </div>
   <div class='ocr_carea' id='block_1_57' title="bbox 2175 2651 3737 2722">
    <p class='ocr_par' dir='ltr' id='par_1_57' title="bbox 2175 2651 3737 2722">
     <span class='ocr_line' id='line_1_57' title="bbox 2175 2651 3737 2722; baseline -0.001 -17"><span class='ocrx_word' id='word_1_445' title='bbox 2175 2651 2370 2706; x_wconf 84' lang='lat' dir='ltr'><strong>dimus.</strong></span> <span class='ocrx_word' id='word_1_446' title='bbox 2401 2653 2534 2706; x_wconf 83' lang='lat' dir='ltr'><strong>Cum</strong></span> <span class='ocrx_word' id='word_1_447' title='bbox 2567 2653 2681 2707; x_wconf 67' lang='lat' dir='ltr'><strong>haec</strong></span> <span class='ocrx_word' id='word_1_448' title='bbox 2708 2661 2885 2707; x_wconf 89' lang='lat' dir='ltr'><strong>autem</strong></span> <span class='ocrx_word' id='word_1_449' title='bbox 2909 2668 2936 2704; x_wconf 87' lang='lat' dir='ltr'><strong>a</strong></span> <span class='ocrx_word' id='word_1_450' title='bbox 2964 2652 3217 2708; x_wconf 78' lang='lat' dir='ltr'><strong>fratribus</strong></span> <span class='ocrx_word' id='word_1_451' title='bbox 3238 2653 3496 2707; x_wconf 86' lang='lat' dir='ltr'><strong>audiisset</strong></span> <span class='ocrx_word' id='word_1_452' title='bbox 3528 2664 3737 2722; x_wconf 77' lang='lat' dir='ltr'><strong>magnus</strong></span> 
     </span>
    </p>
   </div>
   <div class='ocr_carea' id='block_1_58' title="bbox 2177 2741 3733 2807">
    <p class='ocr_par' dir='ltr' id='par_1_58' title="bbox 2177 2741 3733 2807">
     <span class='ocr_line' id='line_1_58' title="bbox 2177 2741 3733 2807; baseline -0.001 -11"><span class='ocrx_word' id='word_1_453' title='bbox 2177 2741 2493 2796; x_wconf 86' lang='lat' dir='ltr'><strong>Pacbomius</strong></span> <span class='ocrx_word' id='word_1_454' title='bbox 2511 2783 2527 2807; x_wconf 95' lang='lat'><strong>,</strong></span> <span class='ocrx_word' id='word_1_455' title='bbox 2560 2742 2629 2798; x_wconf 91' lang='lat' dir='ltr'><strong>de</strong></span> <span class='ocrx_word' id='word_1_456' title='bbox 2656 2757 2723 2797; x_wconf 91' lang='lat' dir='ltr'><strong>eo</strong></span> <span class='ocrx_word' id='word_1_457' title='bbox 2743 2752 2826 2796; x_wconf 84' lang='lat' dir='ltr'><strong>est</strong></span> <span class='ocrx_word' id='word_1_458' title='bbox 2855 2743 3176 2797; x_wconf 80' lang='lat' dir='ltr'><strong>sciscitatus.</strong></span> <span class='ocrx_word' id='word_1_459' title='bbox 3209 2743 3275 2796; x_wconf 88' lang='lat' dir='ltr'><strong>Et</strong></span> <span class='ocrx_word' id='word_1_460' title='bbox 3302 2758 3422 2797; x_wconf 91' lang='lat' dir='ltr'><strong>cum</strong></span> <span class='ocrx_word' id='word_1_461' title='bbox 3472 2743 3733 2797; x_wconf 84' lang='lat' dir='ltr'><strong>didicisset</strong></span> 
     </span>
    </p>
   </div>
   <div class='ocr_carea' id='block_1_59' title="bbox 2181 2834 3733 2905">
    <p class='ocr_par' dir='ltr' id='par_1_59' title="bbox 2181 2834 3733 2905">
     <span class='ocr_line' id='line_1_59' title="bbox 2181 2834 3733 2905; baseline -0.001 -16"><span class='ocrx_word' id='word_1_462' title='bbox 2181 2834 2300 2904; x_wconf 90' lang='lat' dir='ltr'><strong>ejus</strong></span> <span class='ocrx_word' id='word_1_463' title='bbox 2331 2837 2449 2889; x_wconf 66' lang='lat' dir='ltr'><strong>vitae</strong></span> <span class='ocrx_word' id='word_1_464' title='bbox 2476 2835 2697 2905; x_wconf 63' lang='lat' dir='ltr'><strong>agendae</strong></span> <span class='ocrx_word' id='word_1_465' title='bbox 2737 2837 3019 2899; x_wconf 83' lang='lat' dir='ltr'><strong>rationem,</strong></span> <span class='ocrx_word' id='word_1_466' title='bbox 3069 2836 3229 2888; x_wconf 87' lang='lat' dir='ltr'><strong>Deum</strong></span> <span class='ocrx_word' id='word_1_467' title='bbox 3260 2834 3463 2905; x_wconf 80' lang='lat' dir='ltr'><strong>rogavit</strong></span> <span class='ocrx_word' id='word_1_468' title='bbox 3487 2845 3544 2889; x_wconf 86' lang='lat' dir='ltr'><strong>ut</strong></span> <span class='ocrx_word' id='word_1_469' title='bbox 3581 2836 3628 2889; x_wconf 91' lang='lat' dir='ltr'><strong>ei</strong></span> <span class='ocrx_word' id='word_1_470' title='bbox 3659 2850 3733 2887; x_wconf 84' lang='lat' dir='ltr'><strong>re-</strong></span> 
     </span>
    </p>
   </div>
   <div class='ocr_carea' id='block_1_60' title="bbox 2177 2927 3732 2993">
    <p class='ocr_par' dir='ltr' id='par_1_60' title="bbox 2177 2927 3732 2993">
     <span class='ocr_line' id='line_1_60' title="bbox 2177 2927 3732 2993; baseline -0.001 -13"><span class='ocrx_word' id='word_1_471' title='bbox 2177 2927 2438 2981; x_wconf 86' lang='lat' dir='ltr'><strong>velaretur</strong></span> <span class='ocrx_word' id='word_1_472' title='bbox 2471 2929 2709 2993; x_wconf 87' lang='lat' dir='ltr'><strong>quisnam</strong></span> <span class='ocrx_word' id='word_1_473' title='bbox 2734 2928 2823 2983; x_wconf 88' lang='lat' dir='ltr'><strong>sit.</strong></span> <span class='ocrx_word' id='word_1_474' title='bbox 2864 2927 3179 2981; x_wconf 82' lang='lat' dir='ltr'><strong>Revelatum</strong></span> <span class='ocrx_word' id='word_1_475' title='bbox 3207 2934 3290 2981; x_wconf 90' lang='lat' dir='ltr'><strong>est</strong></span> <span class='ocrx_word' id='word_1_476' title='bbox 3322 2936 3500 2981; x_wconf 87' lang='lat' dir='ltr'><strong>autem</strong></span> <span class='ocrx_word' id='word_1_477' title='bbox 3534 2927 3582 2981; x_wconf 89' lang='lat' dir='ltr'><strong>ei</strong></span> <span class='ocrx_word' id='word_1_478' title='bbox 3624 2941 3732 2980; x_wconf 87' lang='lat' dir='ltr'><strong>eunt</strong></span> 
     </span>
    </p>
   </div>
   <div class='ocr_carea' id='block_1_61' title="bbox 2177 3020 3731 3087">
    <p class='ocr_par' dir='ltr' id='par_1_61' title="bbox 2177 3020 3731 3087">
     <span class='ocr_line' id='line_1_61' title="bbox 2177 3020 3731 3087; baseline -0.004 -11"><span class='ocrx_word' id='word_1_479' title='bbox 2177 3037 2297 3077; x_wconf 89' lang='lat' dir='ltr'><strong>esse</strong></span> <span class='ocrx_word' id='word_1_480' title='bbox 2324 3022 2607 3076; x_wconf 89' lang='lat' dir='ltr'><strong>Macarium</strong></span> <span class='ocrx_word' id='word_1_481' title='bbox 2659 3020 3000 3076; x_wconf 87' lang='lat' dir='ltr'><strong>monachum.</strong></span> <span class='ocrx_word' id='word_1_482' title='bbox 3047 3020 3197 3073; x_wconf 82' lang='lat' dir='ltr'><strong>Tunc</strong></span> <span class='ocrx_word' id='word_1_483' title='bbox 3228 3020 3343 3087; x_wconf 87' lang='lat' dir='ltr'><strong>ejus</strong></span> <span class='ocrx_word' id='word_1_484' title='bbox 3384 3034 3593 3073; x_wconf 89' lang='lat' dir='ltr'><strong>manum</strong></span> <span class='ocrx_word' id='word_1_485' title='bbox 3627 3031 3731 3087; x_wconf 84' lang='lat' dir='ltr'><strong>pre-</strong></span> 
     </span>
    </p>
   </div>
   <div class='ocr_carea' id='block_1_62' title="bbox 2181 3109 3729 3181">
    <p class='ocr_par' dir='ltr' id='par_1_62' title="bbox 2181 3109 3729 3181">
     <span class='ocr_line' id='line_1_62' title="bbox 2181 3109 3729 3181; baseline -0.002 -17"><span class='ocrx_word' id='word_1_486' title='bbox 2181 3110 2361 3170; x_wconf 85' lang='lat' dir='ltr'><strong>hendit</strong></span> <span class='ocrx_word' id='word_1_487' title='bbox 2391 3126 2609 3181; x_wconf 88' lang='lat' dir='ltr'><strong>magnus</strong></span> <span class='ocrx_word' id='word_1_488' title='bbox 2639 3110 2979 3175; x_wconf 89' lang='lat' dir='ltr'><strong>Pacbomius,</strong></span> <span class='ocrx_word' id='word_1_489' title='bbox 3013 3120 3068 3164; x_wconf 90' lang='lat' dir='ltr'><strong>et</strong></span> <span class='ocrx_word' id='word_1_490' title='bbox 3110 3125 3230 3163; x_wconf 88' lang='lat' dir='ltr'><strong>eum</strong></span> <span class='ocrx_word' id='word_1_491' title='bbox 3264 3111 3403 3163; x_wconf 89' lang='lat' dir='ltr'><strong>foras</strong></span> <span class='ocrx_word' id='word_1_492' title='bbox 3449 3109 3647 3173; x_wconf 83' lang='lat' dir='ltr'><strong>educit;</strong></span> <span class='ocrx_word' id='word_1_493' title='bbox 3684 3114 3729 3161; x_wconf 89' lang='lat' dir='ltr'><strong>et</strong></span> 
     </span>
    </p>
   </div>
   <div class='ocr_carea' id='block_1_63' title="bbox 504 3189 3725 3267">
    <p class='ocr_par' dir='ltr' id='par_1_63' title="bbox 504 3189 3725 3267">
     <span class='ocr_line' id='line_1_63' title="bbox 504 3189 3725 3267; baseline -0.001 -16"><span class='ocrx_word' id='word_1_494' title='bbox 504 3197 572 3251; x_wconf 78' lang='lat' dir='ltr'><strong>ab</strong></span> <span class='ocrx_word' id='word_1_495' title='bbox 600 3196 785 3265; x_wconf 89' lang='lat' dir='ltr'><strong>aspide</strong></span> <span class='ocrx_word' id='word_1_496' title='bbox 815 3197 934 3267; x_wconf 83' lang='lat' dir='ltr'><strong>(est</strong></span> <span class='ocrx_word' id='word_1_497' title='bbox 984 3206 1159 3253; x_wconf 86' lang='lat' dir='ltr'><strong>autem</strong></span> <span class='ocrx_word' id='word_1_498' title='bbox 1191 3209 1507 3253; x_wconf 86' lang='lat' dir='ltr'><strong>venenatum</strong></span> <span class='ocrx_word' id='word_1_499' title='bbox 1545 3209 1597 3253; x_wconf 85' lang='lat' dir='ltr'><strong>et</strong></span> <span class='ocrx_word' id='word_1_500' title='bbox 1627 3200 1910 3254; x_wconf 85' lang='lat' dir='ltr'><strong>exitiosum</strong></span> <span class='ocrx_word' id='word_1_501' title='bbox 1962 3189 2146 3253; x_wconf 76' lang='lat' dir='ltr'><strong>ani-C</strong></span> <span class='ocrx_word' id='word_1_502' title='bbox 2178 3215 2299 3255; x_wconf 91' lang='lat' dir='ltr'><strong>cum</strong></span> <span class='ocrx_word' id='word_1_503' title='bbox 2351 3201 2662 3255; x_wconf 84' lang='lat' dir='ltr'><strong>deduxisset</strong></span> <span class='ocrx_word' id='word_1_504' title='bbox 2713 3200 2766 3255; x_wconf 89' lang='lat' dir='ltr'><strong>in</strong></span> <span class='ocrx_word' id='word_1_505' title='bbox 2822 3199 3039 3254; x_wconf 91' lang='lat' dir='ltr'><strong>domum</strong></span> <span class='ocrx_word' id='word_1_506' title='bbox 3104 3200 3323 3253; x_wconf 89' lang='lat' dir='ltr'><strong>oratorii</strong></span> <span class='ocrx_word' id='word_1_507' title='bbox 3371 3199 3462 3253; x_wconf 92' lang='lat' dir='ltr'><strong>ubi</strong></span> <span class='ocrx_word' id='word_1_508' title='bbox 3505 3207 3582 3255; x_wconf 88' lang='lat' dir='ltr'><strong>est</strong></span> <span class='ocrx_word' id='word_1_509' title='bbox 3625 3212 3725 3261; x_wconf 86' lang='lat' dir='ltr'><strong>ara,</strong></span> 
     </span>
    </p>
   </div>
   <div class='ocr_carea' id='block_1_64' title="bbox 510 3287 2079 3358">
    <p class='ocr_par' dir='ltr' id='par_1_64' title="bbox 510 3287 2079 3358">
     <span class='ocr_line' id='line_1_64' title="bbox 510 3287 2079 3358; baseline 0.002 -16"><span class='ocrx_word' id='word_1_510' title='bbox 510 3288 673 3356; x_wconf 88' lang='lat' dir='ltr'><strong>mal),</strong></span> <span class='ocrx_word' id='word_1_511' title='bbox 699 3290 883 3342; x_wconf 88' lang='lat' dir='ltr'><strong>ambas</strong></span> <span class='ocrx_word' id='word_1_512' title='bbox 938 3287 1120 3343; x_wconf 83' lang='lat' dir='ltr'><strong>fauces</strong></span> <span class='ocrx_word' id='word_1_513' title='bbox 1165 3290 1361 3358; x_wconf 86' lang='lat' dir='ltr'><strong>aspidis</strong></span> <span class='ocrx_word' id='word_1_514' title='bbox 1415 3292 1822 3357; x_wconf 83' lang='lat' dir='ltr'><strong>apprehendens</strong></span> <span class='ocrx_word' id='word_1_515' title='bbox 1863 3295 2079 3345; x_wconf 89' lang='lat' dir='ltr'><strong>sanctus</strong></span> 
     </span>
    </p>
   </div>
   <div class='ocr_carea' id='block_1_65' title="bbox 506 3376 2080 3447">
    <p class='ocr_par' dir='ltr' id='par_1_65' title="bbox 506 3376 2080 3447">
     <span class='ocr_line' id='line_1_65' title="bbox 506 3376 2080 3447; baseline 0.003 -18"><span class='ocrx_word' id='word_1_516' title='bbox 506 3376 766 3430; x_wconf 89' lang='lat' dir='ltr'><strong>ambabus</strong></span> <span class='ocrx_word' id='word_1_517' title='bbox 792 3376 1033 3431; x_wconf 90' lang='lat' dir='ltr'><strong>manibus</strong></span> <span class='ocrx_word' id='word_1_518' title='bbox 1054 3420 1068 3445; x_wconf 95' lang='lat'><strong>,</strong></span> <span class='ocrx_word' id='word_1_519' title='bbox 1102 3393 1218 3432; x_wconf 91' lang='lat' dir='ltr'><strong>eam</strong></span> <span class='ocrx_word' id='word_1_520' title='bbox 1247 3378 1565 3447; x_wconf 65' lang='lat' dir='ltr'><strong>discerpsit,</strong></span> <span class='ocrx_word' id='word_1_521' title='bbox 1598 3379 1781 3434; x_wconf 89' lang='lat' dir='ltr'><strong>dicens</strong></span> <span class='ocrx_word' id='word_1_522' title='bbox 1815 3394 1830 3432; x_wconf 92' lang='lat'><strong>:</strong></span> <span class='ocrx_word' id='word_1_523' title='bbox 1862 3381 1996 3435; x_wconf 88' lang='lat' dir='ltr'><strong>Cum</strong></span> <span class='ocrx_word' id='word_1_524' title='bbox 2027 3390 2080 3433; x_wconf 91' lang='lat' dir='ltr'><strong>te</strong></span> 
     </span>
    </p>
   </div>
   <div class='ocr_carea' id='block_1_66' title="bbox 507 3467 2082 3539">
    <p class='ocr_par' dir='ltr' id='par_1_66' title="bbox 507 3467 2082 3539">
     <span class='ocr_line' id='line_1_66' title="bbox 507 3467 2082 3539; baseline 0.003 -20"><span class='ocrx_word' id='word_1_525' title='bbox 507 3480 612 3520; x_wconf 69' lang='lat' dir='ltr'><strong>non</strong></span> <span class='ocrx_word' id='word_1_526' title='bbox 639 3467 870 3521; x_wconf 89' lang='lat' dir='ltr'><strong>misisset</strong></span> <span class='ocrx_word' id='word_1_527' title='bbox 918 3467 1174 3523; x_wconf 86' lang='lat' dir='ltr'><strong>Dominus</strong></span> <span class='ocrx_word' id='word_1_528' title='bbox 1202 3482 1383 3535; x_wconf 90' lang='lat' dir='ltr'><strong>meus,</strong></span> <span class='ocrx_word' id='word_1_529' title='bbox 1414 3471 1678 3539; x_wconf 89' lang='lat' dir='ltr'><strong>quomodo</strong></span> <span class='ocrx_word' id='word_1_530' title='bbox 1705 3470 1769 3524; x_wconf 90' lang='lat' dir='ltr'><strong>ad</strong></span> <span class='ocrx_word' id='word_1_531' title='bbox 1806 3485 1892 3525; x_wconf 93' lang='lat' dir='ltr'><strong>me</strong></span> <span class='ocrx_word' id='word_1_532' title='bbox 1919 3484 2082 3525; x_wconf 87' lang='lat' dir='ltr'><strong>ausus</strong></span> 
     </span>
    </p>
   </div>
   <div class='ocr_carea' id='block_1_67' title="bbox 507 3558 892 3611">
    <p class='ocr_par' dir='ltr' id='par_1_67' title="bbox 507 3558 892 3611">
     <span class='ocr_line' id='line_1_67' title="bbox 507 3558 892 3611; baseline -0.003 0"><span class='ocrx_word' id='word_1_533' title='bbox 507 3570 571 3611; x_wconf 85' lang='lat' dir='ltr'><strong>es</strong></span> <span class='ocrx_word' id='word_1_534' title='bbox 598 3558 892 3611; x_wconf 82' lang='lat' dir='ltr'><strong>accedere?</strong></span> 
     </span>
    </p>
   </div>
   <div class='ocr_carea' id='block_1_68' title="bbox 584 3647 2082 3722">
    <p class='ocr_par' dir='ltr' id='par_1_68' title="bbox 584 3647 2082 3722">
     <span class='ocr_line' id='line_1_68' title="bbox 584 3647 2082 3722; baseline 0.003 -21"><span class='ocrx_word' id='word_1_535' title='bbox 584 3647 714 3702; x_wconf 85' lang='lat' dir='ltr'><strong>Cum</strong></span> <span class='ocrx_word' id='word_1_536' title='bbox 744 3648 860 3717; x_wconf 89' lang='lat' dir='ltr'><strong>ipse</strong></span> <span class='ocrx_word' id='word_1_537' title='bbox 890 3664 1076 3704; x_wconf 87' lang='lat' dir='ltr'><strong>rursus</strong></span> <span class='ocrx_word' id='word_1_538' title='bbox 1101 3664 1326 3720; x_wconf 88' lang='lat' dir='ltr'><strong>magnus</strong></span> <span class='ocrx_word' id='word_1_539' title='bbox 1362 3650 1617 3705; x_wconf 89' lang='lat' dir='ltr'><strong>audiisset</strong></span> <span class='ocrx_word' id='word_1_540' title='bbox 1644 3651 1901 3706; x_wconf 79' lang='lat' dir='ltr'><strong>Macarius</strong></span> <span class='ocrx_word' id='word_1_541' title='bbox 1940 3652 2082 3722; x_wconf 90' lang='lat' dir='ltr'><strong>quod</strong></span> 
     </span>
    </p>
   </div>
   <div class='ocr_carea' id='block_1_69' title="bbox 510 3737 2084 3812">
    <p class='ocr_par' dir='ltr' id='par_1_69' title="bbox 510 3737 2084 3812">
     <span class='ocr_line' id='line_1_69' title="bbox 510 3737 2084 3812; baseline 0.003 -18"><span class='ocrx_word' id='word_1_542' title='bbox 510 3737 772 3795; x_wconf 85' lang='lat' dir='ltr'><strong>baberent</strong></span> <span class='ocrx_word' id='word_1_543' title='bbox 813 3741 1125 3809; x_wconf 68' lang='lat' dir='ltr'><strong>praeclarum</strong></span> <span class='ocrx_word' id='word_1_544' title='bbox 1159 3744 1281 3796; x_wconf 70' lang='lat' dir='ltr'><strong>vitae</strong></span> <span class='ocrx_word' id='word_1_545' title='bbox 1321 3743 1613 3797; x_wconf 89' lang='lat' dir='ltr'><strong>institutum</strong></span> <span class='ocrx_word' id='word_1_546' title='bbox 1656 3744 2084 3812; x_wconf 73' lang='lat' dir='ltr'><strong>Tabennesiotm,</strong></span> 
     </span>
    </p>
   </div>
   <div class='ocr_carea' id='block_1_70' title="bbox 509 3834 2083 3904">
    <p class='ocr_par' dir='ltr' id='par_1_70' title="bbox 509 3834 2083 3904">
     <span class='ocr_line' id='line_1_70' title="bbox 509 3834 2083 3904; baseline -0.001 -17"><span class='ocrx_word' id='word_1_547' title='bbox 509 3840 657 3887; x_wconf 82' lang='lat' dir='ltr'><strong>veste</strong></span> <span class='ocrx_word' id='word_1_548' title='bbox 674 3841 895 3897; x_wconf 89' lang='lat' dir='ltr'><strong>mutata,</strong></span> <span class='ocrx_word' id='word_1_549' title='bbox 924 3840 982 3886; x_wconf 90' lang='lat' dir='ltr'><strong>et</strong></span> <span class='ocrx_word' id='word_1_550' title='bbox 1018 3843 1295 3902; x_wconf 83' lang='lat' dir='ltr'><strong>assumpto</strong></span> <span class='ocrx_word' id='word_1_551' title='bbox 1324 3834 1591 3889; x_wconf 84' lang='lat' dir='ltr'><strong>mundano</strong></span> <span class='ocrx_word' id='word_1_552' title='bbox 1620 3836 1800 3889; x_wconf 89' lang='lat' dir='ltr'><strong>habitu</strong></span> <span class='ocrx_word' id='word_1_553' title='bbox 1830 3838 2083 3904; x_wconf 85' lang='lat' dir='ltr'><strong>operarii,</strong></span> 
     </span>
    </p>
   </div>
   <div class='ocr_carea' id='block_1_71' title="bbox 510 3922 2085 3996">
    <p class='ocr_par' dir='ltr' id='par_1_71' title="bbox 510 3922 2085 3996">
     <span class='ocr_line' id='line_1_71' title="bbox 510 3922 2085 3996; baseline 0.003 -19"><span class='ocrx_word' id='word_1_554' title='bbox 510 3922 683 3991; x_wconf 88' lang='lat' dir='ltr'><strong>spatio</strong></span> <span class='ocrx_word' id='word_1_555' title='bbox 719 3924 1027 3992; x_wconf 89' lang='lat' dir='ltr'><strong>quindecim</strong></span> <span class='ocrx_word' id='word_1_556' title='bbox 1072 3925 1277 3980; x_wconf 87' lang='lat' dir='ltr'><strong>dierum</strong></span> <span class='ocrx_word' id='word_1_557' title='bbox 1329 3928 1572 3996; x_wconf 90' lang='lat' dir='ltr'><strong>pervenit</strong></span> <span class='ocrx_word' id='word_1_558' title='bbox 1611 3928 1971 3993; x_wconf 85' lang='lat' dir='ltr'><strong>Thebaidem,</strong></span> <span class='ocrx_word' id='word_1_559' title='bbox 2005 3929 2085 3981; x_wconf 91' lang='lat' dir='ltr'><strong>in-</strong></span> 
     </span>
    </p>
   </div>
   <div class='ocr_carea' id='block_1_72' title="bbox 510 4015 2084 4085">
    <p class='ocr_par' dir='ltr' id='par_1_72' title="bbox 510 4015 2084 4085">
     <span class='ocr_line' id='line_1_72' title="bbox 510 4015 2084 4085; baseline 0.003 -17"><span class='ocrx_word' id='word_1_560' title='bbox 510 4028 723 4085; x_wconf 82' lang='lat' dir='ltr'><strong>gressus</strong></span> <span class='ocrx_word' id='word_1_561' title='bbox 749 4030 842 4082; x_wconf 90' lang='lat' dir='ltr'><strong>per</strong></span> <span class='ocrx_word' id='word_1_562' title='bbox 861 4015 1224 4071; x_wconf 88' lang='lat' dir='ltr'><strong>solitudinem.</strong></span> <span class='ocrx_word' id='word_1_563' title='bbox 1252 4018 1456 4072; x_wconf 86' lang='lat' dir='ltr'><strong>Etcum</strong></span> <span class='ocrx_word' id='word_1_564' title='bbox 1482 4019 1720 4073; x_wconf 86' lang='lat' dir='ltr'><strong>venisset</strong></span> <span class='ocrx_word' id='word_1_565' title='bbox 1745 4020 1797 4073; x_wconf 94' lang='lat' dir='ltr'><strong>in</strong></span> <span class='ocrx_word' id='word_1_566' title='bbox 1826 4027 2084 4073; x_wconf 84' lang='lat' dir='ltr'><strong>monaste-</strong></span> 
     </span>
    </p>
   </div>
   <div class='ocr_carea' id='block_1_73' title="bbox 511 4103 2083 4175">
    <p class='ocr_par' dir='ltr' id='par_1_73' title="bbox 511 4103 2083 4175">
     <span class='ocr_line' id='line_1_73' title="bbox 511 4103 2083 4175; baseline 0.003 -18"><span class='ocrx_word' id='word_1_567' title='bbox 511 4109 647 4158; x_wconf 88' lang='lat' dir='ltr'><strong>rium</strong></span> <span class='ocrx_word' id='word_1_568' title='bbox 680 4103 1211 4172; x_wconf 83' lang='lat' dir='ltr'><strong>Tahennesiotarum,</strong></span> <span class='ocrx_word' id='word_1_569' title='bbox 1235 4110 1447 4175; x_wconf 74' lang='lat' dir='ltr'><strong>qutesiit</strong></span> <span class='ocrx_word' id='word_1_570' title='bbox 1473 4123 1659 4163; x_wconf 90' lang='lat' dir='ltr'><strong>eorum</strong></span> <span class='ocrx_word' id='word_1_571' title='bbox 1690 4108 2083 4163; x_wconf 89' lang='lat' dir='ltr'><strong>archimandri-</strong></span> 
     </span>
    </p>
   </div>
   <div class='ocr_carea' id='block_1_74' title="bbox 511 4193 2084 4267">
    <p class='ocr_par' dir='ltr' id='par_1_74' title="bbox 511 4193 2084 4267">
     <span class='ocr_line' id='line_1_74' title="bbox 511 4193 2084 4267; baseline 0.004 -23"><span class='ocrx_word' id='word_1_572' title='bbox 511 4201 643 4256; x_wconf 87' lang='lat' dir='ltr'><strong>tam,</strong></span> <span class='ocrx_word' id='word_1_573' title='bbox 675 4197 891 4247; x_wconf 86' lang='lat' dir='ltr'><strong>nomine</strong></span> <span class='ocrx_word' id='word_1_574' title='bbox 914 4193 1272 4258; x_wconf 88' lang='lat' dir='ltr'><strong>Pacbomium,</strong></span> <span class='ocrx_word' id='word_1_575' title='bbox 1303 4195 1476 4250; x_wconf 91' lang='lat' dir='ltr'><strong>virum</strong></span> <span class='ocrx_word' id='word_1_576' title='bbox 1502 4197 1958 4264; x_wconf 89' lang='lat' dir='ltr'><strong>probatissimum,</strong></span> <span class='ocrx_word' id='word_1_577' title='bbox 1987 4200 2084 4267; x_wconf 91' lang='lat' dir='ltr'><strong>qui</strong></span> 
     </span>
    </p>
   </div>
   <div class='ocr_carea' id='block_1_75' title="bbox 511 4282 2085 4355">
    <p class='ocr_par' dir='ltr' id='par_1_75' title="bbox 511 4282 2085 4355">
     <span class='ocr_line' id='line_1_75' title="bbox 511 4282 2085 4355; baseline 0.003 -19"><span class='ocrx_word' id='word_1_578' title='bbox 511 4292 566 4336; x_wconf 89' lang='lat' dir='ltr'><strong>et</strong></span> <span class='ocrx_word' id='word_1_579' title='bbox 589 4282 813 4351; x_wconf 87' lang='lat' dir='ltr'><strong>gratiam</strong></span> <span class='ocrx_word' id='word_1_580' title='bbox 844 4282 1072 4338; x_wconf 85' lang='lat' dir='ltr'><strong>habebat</strong></span> <span class='ocrx_word' id='word_1_581' title='bbox 1108 4285 1471 4352; x_wconf 88' lang='lat' dir='ltr'><strong>propheticam</strong></span> <span class='ocrx_word' id='word_1_582' title='bbox 1517 4284 1632 4355; x_wconf 85' lang='lat' dir='ltr'><strong>(De</strong></span> <span class='ocrx_word' id='word_1_583' title='bbox 1665 4301 1722 4338; x_wconf 69' lang='lat' dir='ltr'><strong>eo</strong></span> <span class='ocrx_word' id='word_1_584' title='bbox 1760 4286 1932 4354; x_wconf 78' lang='lat' dir='ltr'><strong>infra,</strong></span> <span class='ocrx_word' id='word_1_585' title='bbox 1966 4302 2085 4352; x_wconf 87' lang='lat' dir='ltr'><strong>cap.</strong></span> 
     </span>
    </p>
   </div>
   <div class='ocr_carea' id='block_1_76' title="bbox 513 4371 2090 4442">
    <p class='ocr_par' dir='ltr' id='par_1_76' title="bbox 513 4371 2090 4442">
     <span class='ocr_line' id='line_1_76' title="bbox 513 4371 2090 4442; baseline 0.004 -17"><span class='ocrx_word' id='word_1_586' title='bbox 513 4371 659 4442; x_wconf 76' lang='lat'><strong>58),</strong></span> <span class='ocrx_word' id='word_1_587' title='bbox 690 4374 777 4428; x_wconf 88' lang='lat' dir='ltr'><strong>cui</strong></span> <span class='ocrx_word' id='word_1_588' title='bbox 806 4374 1018 4442; x_wconf 89' lang='lat' dir='ltr'><strong>quidem</strong></span> <span class='ocrx_word' id='word_1_589' title='bbox 1065 4384 1250 4428; x_wconf 86' lang='lat' dir='ltr'><strong>saneto</strong></span> <span class='ocrx_word' id='word_1_590' title='bbox 1288 4384 1416 4430; x_wconf 91' lang='lat' dir='ltr'><strong>tunc</strong></span> <span class='ocrx_word' id='word_1_591' title='bbox 1455 4377 1718 4431; x_wconf 88' lang='lat' dir='ltr'><strong>revelatus</strong></span> <span class='ocrx_word' id='word_1_592' title='bbox 1762 4392 1867 4431; x_wconf 92' lang='lat' dir='ltr'><strong>non</strong></span> <span class='ocrx_word' id='word_1_593' title='bbox 1915 4376 2090 4432; x_wconf 81' lang='lat' dir='ltr'><strong>fuerat</strong></span> 
     </span>
    </p>
   </div>
   <div class='ocr_carea' id='block_1_77' title="bbox 513 4460 2090 4534">
    <p class='ocr_par' dir='ltr' id='par_1_77' title="bbox 513 4460 2090 4534">
     <span class='ocr_line' id='line_1_77' title="bbox 513 4460 2090 4534; baseline 0.005 -20"><span class='ocrx_word' id='word_1_594' title='bbox 513 4475 737 4530; x_wconf 87' lang='lat' dir='ltr'><strong>magnus</strong></span> <span class='ocrx_word' id='word_1_595' title='bbox 767 4460 1045 4516; x_wconf 70' lang='lat' dir='ltr'><strong>Iiacarius.</strong></span> <span class='ocrx_word' id='word_1_596' title='bbox 1070 4461 1202 4517; x_wconf 92' lang='lat' dir='ltr'><strong>Cum</strong></span> <span class='ocrx_word' id='word_1_597' title='bbox 1232 4479 1361 4533; x_wconf 89' lang='lat' dir='ltr'><strong>ergo</strong></span> <span class='ocrx_word' id='word_1_598' title='bbox 1395 4479 1515 4519; x_wconf 90' lang='lat' dir='ltr'><strong>eum</strong></span> <span class='ocrx_word' id='word_1_599' title='bbox 1557 4460 1933 4534; x_wconf 84' lang='lat' dir='ltr'><strong>convenisset,</strong></span> <span class='ocrx_word' id='word_1_600' title='bbox 1964 4469 2090 4522; x_wconf 81' lang='lat' dir='ltr'><strong>dicit</strong></span> 
     </span>
    </p>
   </div>
   <div class='ocr_carea' id='block_1_78' title="bbox 2181 3290 3720 3361">
    <p class='ocr_par' dir='ltr' id='par_1_78' title="bbox 2181 3290 3720 3361">
     <span class='ocr_line' id='line_1_78' title="bbox 2181 3290 3720 3361; baseline -0.002 -17"><span class='ocrx_word' id='word_1_601' title='bbox 2181 3298 2397 3345; x_wconf 88' lang='lat' dir='ltr'><strong>etesset</strong></span> <span class='ocrx_word' id='word_1_602' title='bbox 2422 3294 2732 3361; x_wconf 88' lang='lat' dir='ltr'><strong>amplexus,</strong></span> <span class='ocrx_word' id='word_1_603' title='bbox 2762 3291 2812 3347; x_wconf 88' lang='lat' dir='ltr'><strong>ei</strong></span> <span class='ocrx_word' id='word_1_604' title='bbox 2859 3292 2989 3347; x_wconf 90' lang='lat' dir='ltr'><strong>dicit</strong></span> <span class='ocrx_word' id='word_1_605' title='bbox 3026 3309 3039 3347; x_wconf 93' lang='lat'>:</span> <span class='ocrx_word' id='word_1_606' title='bbox 3093 3293 3358 3346; x_wconf 83' lang='lat' dir='ltr'><strong>Adesdum</strong></span> <span class='ocrx_word' id='word_1_607' title='bbox 3384 3332 3400 3357; x_wconf 93' lang='lat'><strong>,</strong></span> <span class='ocrx_word' id='word_1_608' title='bbox 3450 3290 3720 3347; x_wconf 82' lang='lat' dir='ltr'><strong>venerande</strong></span> 
     </span>
    </p>
   </div>
   <div class='ocr_carea' id='block_1_79' title="bbox 2182 3384 3716 3451">
    <p class='ocr_par' dir='ltr' id='par_1_79' title="bbox 2182 3384 3716 3451">
     <span class='ocr_line' id='line_1_79' title="bbox 2182 3384 3716 3451; baseline -0.002 -13"><span class='ocrx_word' id='word_1_609' title='bbox 2182 3397 2368 3439; x_wconf 86' lang='lat' dir='ltr'><strong>senex.</strong></span> <span class='ocrx_word' id='word_1_610' title='bbox 2391 3385 2469 3438; x_wconf 87' lang='lat' dir='ltr'><strong>Tu</strong></span> <span class='ocrx_word' id='word_1_611' title='bbox 2491 3399 2549 3439; x_wconf 91' lang='lat' dir='ltr'><strong>es</strong></span> <span class='ocrx_word' id='word_1_612' title='bbox 2575 3386 2848 3451; x_wconf 84' lang='lat' dir='ltr'><strong>Macarius,</strong></span> <span class='ocrx_word' id='word_1_613' title='bbox 2865 3394 2920 3441; x_wconf 90' lang='lat' dir='ltr'><strong>et</strong></span> <span class='ocrx_word' id='word_1_614' title='bbox 2941 3401 3027 3440; x_wconf 92' lang='lat' dir='ltr'><strong>me</strong></span> <span class='ocrx_word' id='word_1_615' title='bbox 3055 3385 3104 3440; x_wconf 93' lang='lat' dir='ltr'><strong>id</strong></span> <span class='ocrx_word' id='word_1_616' title='bbox 3128 3386 3334 3441; x_wconf 86' lang='lat' dir='ltr'><strong>celasti.</strong></span> <span class='ocrx_word' id='word_1_617' title='bbox 3365 3387 3526 3441; x_wconf 73' lang='lat' dir='ltr'><strong>Multis</strong></span> <span class='ocrx_word' id='word_1_618' title='bbox 3546 3384 3716 3438; x_wconf 60' lang='lat' dir='ltr'><strong>abhinc</strong></span> 
     </span>
    </p>
   </div>
   <div class='ocr_carea' id='block_1_80' title="bbox 2183 3471 3706 3544">
    <p class='ocr_par' dir='ltr' id='par_1_80' title="bbox 2183 3471 3706 3544">
     <span class='ocr_line' id='line_1_80' title="bbox 2183 3471 3706 3544; baseline -0.003 -16"><span class='ocrx_word' id='word_1_619' title='bbox 2183 3478 2336 3530; x_wconf 87' lang='lat' dir='ltr'><strong>annis</strong></span> <span class='ocrx_word' id='word_1_620' title='bbox 2364 3478 2501 3544; x_wconf 86' lang='lat' dir='ltr'><strong>cupii</strong></span> <span class='ocrx_word' id='word_1_621' title='bbox 2534 3485 2588 3530; x_wconf 91' lang='lat' dir='ltr'><strong>te</strong></span> <span class='ocrx_word' id='word_1_622' title='bbox 2616 3477 2799 3532; x_wconf 84' lang='lat' dir='ltr'><strong>videre</strong></span> <span class='ocrx_word' id='word_1_623' title='bbox 2843 3491 2961 3531; x_wconf 90' lang='lat' dir='ltr'><strong>cum</strong></span> <span class='ocrx_word' id='word_1_624' title='bbox 3003 3476 3070 3531; x_wconf 92' lang='lat' dir='ltr'><strong>de</strong></span> <span class='ocrx_word' id='word_1_625' title='bbox 3109 3485 3159 3531; x_wconf 90' lang='lat' dir='ltr'><strong>te</strong></span> <span class='ocrx_word' id='word_1_626' title='bbox 3206 3478 3450 3531; x_wconf 82' lang='lat' dir='ltr'><strong>audirem.</strong></span> <span class='ocrx_word' id='word_1_627' title='bbox 3480 3476 3580 3541; x_wconf 79' lang='lat' dir='ltr'><strong>Ago</strong></span> <span class='ocrx_word' id='word_1_628' title='bbox 3621 3471 3706 3525; x_wconf 85' lang='lat' dir='ltr'><strong>tibi</strong></span> 
     </span>
    </p>
   </div>
   <div class='ocr_carea' id='block_1_81' title="bbox 2183 3565 3701 3637">
    <p class='ocr_par' dir='ltr' id='par_1_81' title="bbox 2183 3565 3701 3637">
     <span class='ocr_line' id='line_1_81' title="bbox 2183 3565 3701 3637; baseline -0.005 -17"><span class='ocrx_word' id='word_1_629' title='bbox 2183 3569 2404 3637; x_wconf 83' lang='lat' dir='ltr'><strong>gratias,</strong></span> <span class='ocrx_word' id='word_1_630' title='bbox 2437 3568 2578 3636; x_wconf 89' lang='lat' dir='ltr'><strong>quod</strong></span> <span class='ocrx_word' id='word_1_631' title='bbox 2608 3568 2745 3623; x_wconf 88' lang='lat' dir='ltr'><strong>filios</strong></span> <span class='ocrx_word' id='word_1_632' title='bbox 2775 3583 2927 3623; x_wconf 88' lang='lat' dir='ltr'><strong>meos</strong></span> <span class='ocrx_word' id='word_1_633' title='bbox 2971 3568 3267 3637; x_wconf 82' lang='lat' dir='ltr'><strong>subegeris,</strong></span> <span class='ocrx_word' id='word_1_634' title='bbox 3288 3583 3355 3622; x_wconf 90' lang='lat' dir='ltr'><strong>ne</strong></span> <span class='ocrx_word' id='word_1_635' title='bbox 3390 3581 3443 3621; x_wconf 85' lang='lat' dir='ltr'><strong>se</strong></span> <span class='ocrx_word' id='word_1_636' title='bbox 3463 3565 3633 3633; x_wconf 84' lang='lat' dir='ltr'><strong>jactent</strong></span> <span class='ocrx_word' id='word_1_637' title='bbox 3658 3569 3701 3613; x_wconf 80' lang='lat' dir='ltr'><strong>et</strong></span> 
     </span>
    </p>
   </div>
   <div class='ocr_carea' id='block_1_82' title="bbox 2186 3652 3701 3728">
    <p class='ocr_par' dir='ltr' id='par_1_82' title="bbox 2186 3652 3701 3728">
     <span class='ocr_line' id='line_1_82' title="bbox 2186 3652 3701 3728; baseline -0.005 -19"><span class='ocrx_word' id='word_1_638' title='bbox 2186 3659 2465 3727; x_wconf 84' lang='lat' dir='ltr'><strong>magnifice</strong></span> <span class='ocrx_word' id='word_1_639' title='bbox 2488 3659 2918 3724; x_wconf 87' lang='lat' dir='ltr'><strong>circumspiciant</strong></span> <span class='ocrx_word' id='word_1_640' title='bbox 2967 3666 3183 3728; x_wconf 67' lang='lat' dir='ltr'><strong>promer</strong></span> <span class='ocrx_word' id='word_1_641' title='bbox 3229 3672 3377 3711; x_wconf 88' lang='lat' dir='ltr'><strong>suam</strong></span> <span class='ocrx_word' id='word_1_642' title='bbox 3421 3652 3701 3710; x_wconf 80' lang='lat' dir='ltr'><strong>exercitatio-</strong></span> 
     </span>
    </p>
   </div>
   <div class='ocr_carea' id='block_1_83' title="bbox 2188 3741 3711 3818">
    <p class='ocr_par' dir='ltr' id='par_1_83' title="bbox 2188 3741 3711 3818">
     <span class='ocr_line' id='line_1_83' title="bbox 2188 3741 3711 3818; baseline -0.008 -16"><span class='ocrx_word' id='word_1_643' title='bbox 2188 3764 2331 3804; x_wconf 86' lang='lat' dir='ltr'><strong>nem.</strong></span> <span class='ocrx_word' id='word_1_644' title='bbox 2368 3749 2515 3816; x_wconf 79' lang='lat' dir='ltr'><strong>Rogo</strong></span> <span class='ocrx_word' id='word_1_645' title='bbox 2542 3763 2670 3818; x_wconf 88' lang='lat' dir='ltr'><strong>ergo</strong></span> <span class='ocrx_word' id='word_1_646' title='bbox 2701 3760 2771 3813; x_wconf 90' lang='lat' dir='ltr'><strong>te,</strong></span> <span class='ocrx_word' id='word_1_647' title='bbox 2795 3749 2989 3804; x_wconf 89' lang='lat' dir='ltr'><strong>recede</strong></span> <span class='ocrx_word' id='word_1_648' title='bbox 3018 3752 3067 3801; x_wconf 92' lang='lat' dir='ltr'><strong>in</strong></span> <span class='ocrx_word' id='word_1_649' title='bbox 3093 3751 3264 3802; x_wconf 47' lang='lat' dir='ltr'><strong>lovum</strong></span> <span class='ocrx_word' id='word_1_650' title='bbox 3291 3758 3457 3811; x_wconf 89' lang='lat' dir='ltr'><strong>tuum,</strong></span> <span class='ocrx_word' id='word_1_651' title='bbox 3481 3760 3572 3801; x_wconf 88' lang='lat' dir='ltr'><strong>nos</strong></span> <span class='ocrx_word' id='word_1_652' title='bbox 3593 3741 3711 3797; x_wconf 84' lang='lat' dir='ltr'><strong>enim</strong></span> 
     </span>
    </p>
   </div>
   <div class='ocr_carea' id='block_1_84' title="bbox 2187 3840 3722 3909">
    <p class='ocr_par' dir='ltr' id='par_1_84' title="bbox 2187 3840 3722 3909">
     <span class='ocr_line' id='line_1_84' title="bbox 2187 3840 3722 3909; baseline -0.003 -15"><span class='ocrx_word' id='word_1_653' title='bbox 2187 3844 2314 3895; x_wconf 88' lang='lat' dir='ltr'><strong>satis</strong></span> <span class='ocrx_word' id='word_1_654' title='bbox 2342 3842 2637 3907; x_wconf 83' lang='lat' dir='ltr'><strong>:ediflcasti,</strong></span> <span class='ocrx_word' id='word_1_655' title='bbox 2656 3852 2707 3895; x_wconf 87' lang='lat' dir='ltr'><strong>et</strong></span> <span class='ocrx_word' id='word_1_656' title='bbox 2735 3856 2828 3895; x_wconf 90' lang='lat' dir='ltr'><strong>ora</strong></span> <span class='ocrx_word' id='word_1_657' title='bbox 2861 3856 2957 3909; x_wconf 88' lang='lat' dir='ltr'><strong>pro</strong></span> <span class='ocrx_word' id='word_1_658' title='bbox 2983 3840 3157 3895; x_wconf 89' lang='lat' dir='ltr'><strong>nobis.</strong></span> <span class='ocrx_word' id='word_1_659' title='bbox 3192 3841 3341 3896; x_wconf 86' lang='lat' dir='ltr'><strong>Tunc</strong></span> <span class='ocrx_word' id='word_1_660' title='bbox 3368 3841 3435 3893; x_wconf 89' lang='lat' dir='ltr'><strong>ab</strong></span> <span class='ocrx_word' id='word_1_661' title='bbox 3461 3840 3571 3907; x_wconf 91' lang='lat' dir='ltr'><strong>ipso</strong></span> <span class='ocrx_word' id='word_1_662' title='bbox 3593 3846 3722 3899; x_wconf 75' lang='lat' dir='ltr'><strong>roga-</strong></span> 
     </span>
    </p>
   </div>
   <div class='ocr_carea' id='block_1_85' title="bbox 2190 3923 3726 3995">
    <p class='ocr_par' dir='ltr' id='par_1_85' title="bbox 2190 3923 3726 3995">
     <span class='ocr_line' id='line_1_85' title="bbox 2190 3923 3726 3995; baseline -0.02 4"><span class='ocrx_word' id='word_1_663' title='bbox 2190 3940 2291 3995; x_wconf 71' lang='grc' dir='ltr'>ιιιε,</span> <span class='ocrx_word' id='word_1_664' title='bbox 2318 3941 2371 3985; x_wconf 91' lang='lat' dir='ltr'><strong>et</strong></span> <span class='ocrx_word' id='word_1_665' title='bbox 2399 3946 2519 3984; x_wconf 90' lang='lat' dir='ltr'><strong>eum</strong></span> <span class='ocrx_word' id='word_1_666' title='bbox 2543 3931 2795 3984; x_wconf 87' lang='lat' dir='ltr'><strong>omnibus</strong></span> <span class='ocrx_word' id='word_1_667' title='bbox 2821 3930 3071 3985; x_wconf 82' lang='lat' dir='ltr'><strong>fratribus</strong></span> <span class='ocrx_word' id='word_1_668' title='bbox 3092 3930 3386 3995; x_wconf 83' lang='lat' dir='ltr'><strong>orantibus,</strong></span> <span class='ocrx_word' id='word_1_669' title='bbox 3404 3930 3481 3983; x_wconf 91' lang='lat' dir='ltr'><strong>sic</strong></span> <span class='ocrx_word' id='word_1_670' title='bbox 3508 3923 3726 3983; x_wconf 56' lang='lat' dir='ltr'><strong>receseit.</strong></span> 
     </span>
    </p>
   </div>
   <div class='ocr_carea' id='block_1_86' title="bbox 2290 4014 3731 4091">
    <p class='ocr_par' dir='ltr' id='par_1_86' title="bbox 2290 4014 3731 4091">
     <span class='ocr_line' id='line_1_86' title="bbox 2290 4014 3731 4091; baseline -0.007 -16"><span class='ocrx_word' id='word_1_671' title='bbox 2290 4019 2594 4091; x_wconf 80' lang='lat' dir='ltr'><strong>Aliquando</strong></span> <span class='ocrx_word' id='word_1_672' title='bbox 2691 4033 2886 4076; x_wconf 89' lang='lat' dir='ltr'><strong>rursus</strong></span> <span class='ocrx_word' id='word_1_673' title='bbox 2988 4020 3223 4073; x_wconf 86' lang='lat' dir='ltr'><strong>narravit</strong></span> <span class='ocrx_word' id='word_1_674' title='bbox 3251 4019 3407 4073; x_wconf 69' lang='lat' dir='ltr'><strong>nobis</strong></span> <span class='ocrx_word' id='word_1_675' title='bbox 3438 4018 3523 4072; x_wconf 87' lang='lat' dir='ltr'><strong>hic</strong></span> <span class='ocrx_word' id='word_1_676' title='bbox 3549 4015 3622 4070; x_wconf 85' lang='lat' dir='ltr'><strong>vir</strong></span> <span class='ocrx_word' id='word_1_677' title='bbox 3648 4014 3731 4077; x_wconf 81' lang='lat' dir='ltr'><strong>im-</strong></span> 
     </span>
    </p>
   </div>
   <div class='ocr_carea' id='block_1_87' title="bbox 2189 4111 3735 4181">
    <p class='ocr_par' dir='ltr' id='par_1_87' title="bbox 2189 4111 3735 4181">
     <span class='ocr_line' id='line_1_87' title="bbox 2189 4111 3735 4181; baseline -0.005 -16"><span class='ocrx_word' id='word_1_678' title='bbox 2189 4114 2425 4181; x_wconf 85' lang='lat' dir='ltr'><strong>patibilis</strong></span> <span class='ocrx_word' id='word_1_679' title='bbox 2456 4132 2468 4164; x_wconf 92' lang='lat'>:</span> <span class='ocrx_word' id='word_1_680' title='bbox 2496 4112 2716 4177; x_wconf 76' lang='lat' dir='ltr'><strong>Quando</strong></span> <span class='ocrx_word' id='word_1_681' title='bbox 2746 4121 2891 4166; x_wconf 91' lang='lat' dir='ltr'><strong>recte</strong></span> <span class='ocrx_word' id='word_1_682' title='bbox 2920 4112 3205 4180; x_wconf 76' lang='lat' dir='ltr'><strong>gessissem</strong></span> <span class='ocrx_word' id='word_1_683' title='bbox 3236 4125 3448 4165; x_wconf 89' lang='lat' dir='ltr'><strong>omnem</strong></span> <span class='ocrx_word' id='word_1_684' title='bbox 3493 4111 3610 4163; x_wconf 63' lang='lat' dir='ltr'><strong>vitta</strong></span> <span class='ocrx_word' id='word_1_685' title='bbox 3633 4118 3735 4158; x_wconf 85' lang='lat' dir='ltr'><strong>mo-</strong></span> 
     </span>
    </p>
   </div>
   <div class='ocr_carea' id='block_1_88' title="bbox 2197 4191 3738 4270">
    <p class='ocr_par' dir='ltr' id='par_1_88' title="bbox 2197 4191 3738 4270">
     <span class='ocr_line' id='line_1_88' title="bbox 2197 4191 3738 4270; baseline -0.006 -15"><span class='ocrx_word' id='word_1_686' title='bbox 2197 4203 2417 4256; x_wconf 64' lang='lat' dir='ltr'><strong>nasticae</strong></span> <span class='ocrx_word' id='word_1_687' title='bbox 2470 4202 2688 4270; x_wconf 76' lang='lat' dir='ltr'><strong>agenda:</strong></span> <span class='ocrx_word' id='word_1_688' title='bbox 2722 4202 3014 4263; x_wconf 87' lang='lat' dir='ltr'><strong>rationem,</strong></span> <span class='ocrx_word' id='word_1_689' title='bbox 3046 4212 3171 4254; x_wconf 89' lang='lat' dir='ltr'><strong>tunc</strong></span> <span class='ocrx_word' id='word_1_690' title='bbox 3196 4201 3315 4253; x_wconf 86' lang='lat' dir='ltr'><strong>veni</strong></span> <span class='ocrx_word' id='word_1_691' title='bbox 3345 4201 3408 4253; x_wconf 89' lang='lat' dir='ltr'><strong>ad</strong></span> <span class='ocrx_word' id='word_1_692' title='bbox 3438 4199 3578 4253; x_wconf 87' lang='lat' dir='ltr'><strong>aliud</strong></span> <span class='ocrx_word' id='word_1_693' title='bbox 3603 4191 3738 4262; x_wconf 61' lang='lat' dir='ltr'><strong>spiri-</strong></span> 
     </span>
    </p>
   </div>
   <div class='ocr_carea' id='block_1_89' title="bbox 2192 4285 3740 4358">
    <p class='ocr_par' dir='ltr' id='par_1_89' title="bbox 2192 4285 3740 4358">
     <span class='ocr_line' id='line_1_89' title="bbox 2192 4285 3740 4358; baseline -0.006 -13"><span class='ocrx_word' id='word_1_694' title='bbox 2192 4293 2296 4346; x_wconf 83' lang='lat' dir='ltr'><strong>tale</strong></span> <span class='ocrx_word' id='word_1_695' title='bbox 2345 4292 2692 4345; x_wconf 68' lang='lat' dir='ltr'><strong>desiderium.</strong></span> <span class='ocrx_word' id='word_1_696' title='bbox 2740 4292 2908 4346; x_wconf 89' lang='lat' dir='ltr'><strong>Statui</strong></span> <span class='ocrx_word' id='word_1_697' title='bbox 2963 4291 3105 4344; x_wconf 91' lang='lat' dir='ltr'><strong>enim</strong></span> <span class='ocrx_word' id='word_1_698' title='bbox 3155 4292 3387 4358; x_wconf 87' lang='lat' dir='ltr'><strong>quinque</strong></span> <span class='ocrx_word' id='word_1_699' title='bbox 3433 4287 3547 4343; x_wconf 84' lang='lat' dir='ltr'><strong>dies</strong></span> <span class='ocrx_word' id='word_1_700' title='bbox 3590 4285 3740 4340; x_wconf 84' lang='lat' dir='ltr'><strong>solum</strong></span> 
     </span>
    </p>
   </div>
   <div class='ocr_carea' id='block_1_90' title="bbox 2193 4375 3743 4447">
    <p class='ocr_par' dir='ltr' id='par_1_90' title="bbox 2193 4375 3743 4447">
     <span class='ocr_line' id='line_1_90' title="bbox 2193 4375 3743 4447; baseline -0.01 -10"><span class='ocrx_word' id='word_1_701' title='bbox 2193 4391 2427 4437; x_wconf 89' lang='lat' dir='ltr'><strong>mentem</strong></span> <span class='ocrx_word' id='word_1_702' title='bbox 2459 4397 2632 4435; x_wconf 88' lang='lat' dir='ltr'><strong>meam</strong></span> <span class='ocrx_word' id='word_1_703' title='bbox 2665 4382 2733 4433; x_wconf 90' lang='lat' dir='ltr'><strong>ita</strong></span> <span class='ocrx_word' id='word_1_704' title='bbox 2763 4393 3088 4447; x_wconf 89' lang='lat' dir='ltr'><strong>componere</strong></span> <span class='ocrx_word' id='word_1_705' title='bbox 3113 4422 3127 4445; x_wconf 92' lang='lat'><strong>,</strong></span> <span class='ocrx_word' id='word_1_706' title='bbox 3161 4390 3217 4433; x_wconf 90' lang='lat' dir='ltr'><strong>ut</strong></span> <span class='ocrx_word' id='word_1_707' title='bbox 3247 4395 3274 4430; x_wconf 88' lang='lat' dir='ltr'><strong>a</strong></span> <span class='ocrx_word' id='word_1_708' title='bbox 3318 4380 3425 4432; x_wconf 91' lang='lat' dir='ltr'><strong>Deo</strong></span> <span class='ocrx_word' id='word_1_709' title='bbox 3463 4375 3617 4432; x_wconf 77' lang='lat' dir='ltr'><strong>avelli</strong></span> <span class='ocrx_word' id='word_1_710' title='bbox 3653 4385 3743 4424; x_wconf 91' lang='lat' dir='ltr'><strong>non</strong></span> 
     </span>
    </p>
   </div>
   <div class='ocr_carea' id='block_1_91' title="bbox 2192 4457 3744 4540">
    <p class='ocr_par' dir='ltr' id='par_1_91' title="bbox 2192 4457 3744 4540">
     <span class='ocr_line' id='line_1_91' title="bbox 2192 4457 3744 4540; baseline -0.006 -20"><span class='ocrx_word' id='word_1_711' title='bbox 2192 4480 2392 4540; x_wconf 79' lang='lat' dir='ltr'><strong>posset,</strong></span> <span class='ocrx_word' id='word_1_712' title='bbox 2417 4482 2472 4523; x_wconf 91' lang='lat' dir='ltr'><strong>et</strong></span> <span class='ocrx_word' id='word_1_713' title='bbox 2500 4470 2628 4523; x_wconf 86' lang='lat' dir='ltr'><strong>nihil</strong></span> <span class='ocrx_word' id='word_1_714' title='bbox 2667 4470 2810 4523; x_wconf 91' lang='lat' dir='ltr'><strong>aliud</strong></span> <span class='ocrx_word' id='word_1_715' title='bbox 2854 4470 3073 4522; x_wconf 91' lang='lat' dir='ltr'><strong>omnino</strong></span> <span class='ocrx_word' id='word_1_716' title='bbox 3114 4468 3390 4536; x_wconf 86' lang='lat' dir='ltr'><strong>cogitaret.</strong></span> <span class='ocrx_word' id='word_1_717' title='bbox 3438 4466 3503 4518; x_wconf 82' lang='lat' dir='ltr'><strong>Et</strong></span> <span class='ocrx_word' id='word_1_718' title='bbox 3543 4478 3656 4519; x_wconf 88' lang='lat' dir='ltr'><strong>cum</strong></span> <span class='ocrx_word' id='word_1_719' title='bbox 3701 4457 3744 4511; x_wconf 91' lang='lat' dir='ltr'><strong>id</strong></span> 
     </span>
    </p>
   </div>
   <div class='ocr_carea' id='block_1_92' title="bbox 513 4550 3745 4631">
    <p class='ocr_par' dir='ltr' id='par_1_92' title="bbox 513 4550 3745 4631">
     <span class='ocr_line' id='line_1_92' title="bbox 513 4550 3745 4631; baseline -0.003 -21"><span class='ocrx_word' id='word_1_720' title='bbox 513 4556 565 4610; x_wconf 89' lang='lat' dir='ltr'><strong>ei</strong></span> <span class='ocrx_word' id='word_1_721' title='bbox 610 4556 871 4611; x_wconf 83' lang='lat' dir='ltr'><strong>Macarius</strong></span> <span class='ocrx_word' id='word_1_722' title='bbox 927 4574 943 4612; x_wconf 89' lang='lat'><strong>:</strong></span> <span class='ocrx_word' id='word_1_723' title='bbox 991 4559 1098 4613; x_wconf 89' lang='lat' dir='ltr'><strong>Oro</strong></span> <span class='ocrx_word' id='word_1_724' title='bbox 1127 4566 1199 4625; x_wconf 91' lang='lat' dir='ltr'><strong>te,</strong></span> <span class='ocrx_word' id='word_1_725' title='bbox 1223 4561 1432 4627; x_wconf 87' lang='lat' dir='ltr'><strong>suscipe</strong></span> <span class='ocrx_word' id='word_1_726' title='bbox 1469 4575 1573 4628; x_wconf 90' lang='lat' dir='ltr'><strong>me,</strong></span> <span class='ocrx_word' id='word_1_727' title='bbox 1603 4576 1805 4630; x_wconf 57' lang='lat' dir='ltr'><strong>quaeso,</strong></span> <span class='ocrx_word' id='word_1_728' title='bbox 1836 4563 1886 4616; x_wconf 92' lang='lat' dir='ltr'><strong>in</strong></span> <span class='ocrx_word' id='word_1_729' title='bbox 1940 4572 2083 4616; x_wconf 91' lang='lat' dir='ltr'><strong>tuum</strong></span> <span class='ocrx_word' id='word_1_730' title='bbox 2113 4554 2167 4616; x_wconf 82' lang='grc' dir='ltr'><strong>Ι)</strong></span> <span class='ocrx_word' id='word_1_731' title='bbox 2191 4562 2327 4631; x_wconf 91' lang='lat' dir='ltr'><strong>apud</strong></span> <span class='ocrx_word' id='word_1_732' title='bbox 2356 4576 2441 4615; x_wconf 89' lang='lat' dir='ltr'><strong>me</strong></span> <span class='ocrx_word' id='word_1_733' title='bbox 2487 4561 2823 4623; x_wconf 83' lang='lat' dir='ltr'><strong>statuissem,</strong></span> <span class='ocrx_word' id='word_1_734' title='bbox 2852 4558 3019 4611; x_wconf 90' lang='lat' dir='ltr'><strong>clausi</strong></span> <span class='ocrx_word' id='word_1_735' title='bbox 3066 4572 3238 4611; x_wconf 87' lang='lat' dir='ltr'><strong>meam</strong></span> <span class='ocrx_word' id='word_1_736' title='bbox 3284 4555 3470 4609; x_wconf 91' lang='lat' dir='ltr'><strong>cellam</strong></span> <span class='ocrx_word' id='word_1_737' title='bbox 3499 4564 3555 4608; x_wconf 90' lang='lat' dir='ltr'><strong>et</strong></span> <span class='ocrx_word' id='word_1_738' title='bbox 3594 4550 3745 4605; x_wconf 75' lang='lat' dir='ltr'><strong>aulam</strong></span> 
     </span>
    </p>
   </div>
   <div class='ocr_carea' id='block_1_93' title="bbox 516 4648 2089 4722">
    <p class='ocr_par' dir='ltr' id='par_1_93' title="bbox 516 4648 2089 4722">
     <span class='ocr_line' id='line_1_93' title="bbox 516 4648 2089 4722; baseline 0.005 -21"><span class='ocrx_word' id='word_1_739' title='bbox 516 4648 934 4714; x_wconf 86' lang='lat' dir='ltr'><strong>monasterium,</strong></span> <span class='ocrx_word' id='word_1_740' title='bbox 962 4658 1017 4702; x_wconf 91' lang='lat' dir='ltr'><strong>ut</strong></span> <span class='ocrx_word' id='word_1_741' title='bbox 1062 4649 1183 4703; x_wconf 89' lang='lat' dir='ltr'><strong>fiam</strong></span> <span class='ocrx_word' id='word_1_742' title='bbox 1214 4651 1528 4706; x_wconf 87' lang='lat' dir='ltr'><strong>monachus.</strong></span> <span class='ocrx_word' id='word_1_743' title='bbox 1583 4651 1718 4707; x_wconf 87' lang='lat' dir='ltr'><strong>Dicit</strong></span> <span class='ocrx_word' id='word_1_744' title='bbox 1774 4655 1822 4707; x_wconf 92' lang='lat' dir='ltr'><strong>ei</strong></span> <span class='ocrx_word' id='word_1_745' title='bbox 1865 4668 2089 4722; x_wconf 84' lang='lat' dir='ltr'><strong>magnus</strong></span> 
     </span>
    </p>
   </div>
   <div class='ocr_carea' id='block_1_94' title="bbox 518 4735 2089 4814">
    <p class='ocr_par' dir='ltr' id='par_1_94' title="bbox 518 4735 2089 4814">
     <span class='ocr_line' id='line_1_94' title="bbox 518 4735 2089 4814; baseline 0.006 -24"><span class='ocrx_word' id='word_1_746' title='bbox 518 4735 835 4793; x_wconf 85' lang='lat' dir='ltr'><strong>Pachomius</strong></span> <span class='ocrx_word' id='word_1_747' title='bbox 863 4756 875 4790; x_wconf 91' lang='lat'><strong>:</strong></span> <span class='ocrx_word' id='word_1_748' title='bbox 909 4739 1022 4794; x_wconf 83' lang='lat' dir='ltr'><strong>Non</strong></span> <span class='ocrx_word' id='word_1_749' title='bbox 1054 4750 1204 4808; x_wconf 87' lang='lat' dir='ltr'><strong>potes</strong></span> <span class='ocrx_word' id='word_1_750' title='bbox 1230 4741 1484 4810; x_wconf 87' lang='lat' dir='ltr'><strong>deinceps</strong></span> <span class='ocrx_word' id='word_1_751' title='bbox 1513 4742 1628 4797; x_wconf 87' lang='lat' dir='ltr'><strong>fieri</strong></span> <span class='ocrx_word' id='word_1_752' title='bbox 1654 4746 1948 4799; x_wconf 89' lang='lat' dir='ltr'><strong>monachus</strong></span> <span class='ocrx_word' id='word_1_753' title='bbox 1996 4746 2089 4814; x_wconf 91' lang='lat' dir='ltr'><strong>qui</strong></span> 
     </span>
    </p>
   </div>
   <div class='ocr_carea' id='block_1_95' title="bbox 515 4831 2092 4900">
    <p class='ocr_par' dir='ltr' id='par_1_95' title="bbox 515 4831 2092 4900">
     <span class='ocr_line' id='line_1_95' title="bbox 515 4831 2092 4900; baseline 0.003 -15"><span class='ocrx_word' id='word_1_754' title='bbox 515 4831 590 4885; x_wconf 63' lang='lat' dir='ltr'><strong>Sis</strong></span> <span class='ocrx_word' id='word_1_755' title='bbox 616 4841 721 4884; x_wconf 86' lang='lat' dir='ltr'><strong>tam</strong></span> <span class='ocrx_word' id='word_1_756' title='bbox 746 4841 1026 4900; x_wconf 71' lang='grc' dir='ltr'><strong>ριόνθοιιιε</strong></span> <span class='ocrx_word' id='word_1_757' title='bbox 1052 4841 1227 4897; x_wconf 68' lang='lat' dir='ltr'><strong>aetate,</strong></span> <span class='ocrx_word' id='word_1_758' title='bbox 1255 4848 1357 4887; x_wconf 88' lang='lat' dir='ltr'><strong>non</strong></span> <span class='ocrx_word' id='word_1_759' title='bbox 1385 4845 1534 4900; x_wconf 86' lang='lat' dir='ltr'><strong>potes</strong></span> <span class='ocrx_word' id='word_1_760' title='bbox 1563 4841 1616 4888; x_wconf 91' lang='lat' dir='ltr'><strong>te</strong></span> <span class='ocrx_word' id='word_1_761' title='bbox 1640 4849 1928 4890; x_wconf 85' lang='lat' dir='ltr'><strong>exercere:</strong></span> <span class='ocrx_word' id='word_1_762' title='bbox 1963 4846 2092 4892; x_wconf 88' lang='lat' dir='ltr'><strong>sunt</strong></span> 
     </span>
    </p>
   </div>
   <div class='ocr_carea' id='block_1_96' title="bbox 516 4921 2091 4992">
    <p class='ocr_par' dir='ltr' id='par_1_96' title="bbox 516 4921 2091 4992">
     <span class='ocr_line' id='line_1_96' title="bbox 516 4921 2091 4992; baseline 0.003 -18"><span class='ocrx_word' id='word_1_763' title='bbox 516 4921 706 4975; x_wconf 87' lang='lat' dir='ltr'><strong>fratres</strong></span> <span class='ocrx_word' id='word_1_764' title='bbox 737 4922 825 4988; x_wconf 90' lang='lat' dir='ltr'><strong>qui</strong></span> <span class='ocrx_word' id='word_1_765' title='bbox 853 4936 912 4977; x_wconf 86' lang='lat' dir='ltr'><strong>se</strong></span> <span class='ocrx_word' id='word_1_766' title='bbox 937 4933 1187 4978; x_wconf 79' lang='lat' dir='ltr'><strong>exercent</strong></span> <span class='ocrx_word' id='word_1_767' title='bbox 1215 4937 1243 4975; x_wconf 89' lang='lat' dir='ltr'><strong>a</strong></span> <span class='ocrx_word' id='word_1_768' title='bbox 1266 4923 1546 4992; x_wconf 88' lang='lat' dir='ltr'><strong>juventute</strong></span> <span class='ocrx_word' id='word_1_769' title='bbox 1565 4966 1579 4989; x_wconf 92' lang='lat'><strong>,</strong></span> <span class='ocrx_word' id='word_1_770' title='bbox 1614 4933 1670 4980; x_wconf 92' lang='lat' dir='ltr'><strong>et</strong></span> <span class='ocrx_word' id='word_1_771' title='bbox 1694 4926 1934 4980; x_wconf 90' lang='lat' dir='ltr'><strong>laborem</strong></span> <span class='ocrx_word' id='word_1_772' title='bbox 1962 4927 2091 4980; x_wconf 89' lang='lat' dir='ltr'><strong>tole-</strong></span> 
     </span>
    </p>
   </div>
   <div class='ocr_carea' id='block_1_97' title="bbox 430 5010 2089 5083">
    <p class='ocr_par' dir='ltr' id='par_1_97' title="bbox 430 5010 2089 5083">
     <span class='ocr_line' id='line_1_97' title="bbox 430 5010 2089 5083; baseline 0.002 -18"><span class='ocrx_word' id='word_1_773' title='bbox 430 5010 437 5017; x_wconf 88' lang='grc'><em>’</em></span> <span class='ocrx_word' id='word_1_774' title='bbox 517 5021 656 5066; x_wconf 87' lang='lat' dir='ltr'><strong>rant.</strong></span> <span class='ocrx_word' id='word_1_775' title='bbox 687 5011 765 5065; x_wconf 89' lang='lat' dir='ltr'><strong>Tu</strong></span> <span class='ocrx_word' id='word_1_776' title='bbox 790 5022 966 5067; x_wconf 90' lang='lat' dir='ltr'><strong>autem</strong></span> <span class='ocrx_word' id='word_1_777' title='bbox 997 5015 1048 5068; x_wconf 91' lang='lat' dir='ltr'><strong>in</strong></span> <span class='ocrx_word' id='word_1_778' title='bbox 1078 5016 1175 5068; x_wconf 90' lang='lat' dir='ltr'><strong>hac</strong></span> <span class='ocrx_word' id='word_1_779' title='bbox 1208 5023 1365 5069; x_wconf 65' lang='lat' dir='ltr'><strong>aetate</strong></span> <span class='ocrx_word' id='word_1_780' title='bbox 1396 5030 1500 5068; x_wconf 87' lang='lat' dir='ltr'><strong>non</strong></span> <span class='ocrx_word' id='word_1_781' title='bbox 1545 5023 1699 5083; x_wconf 86' lang='lat' dir='ltr'><strong>potes</strong></span> <span class='ocrx_word' id='word_1_782' title='bbox 1727 5014 1866 5070; x_wconf 87' lang='lat' dir='ltr'><strong>ferre</strong></span> <span class='ocrx_word' id='word_1_783' title='bbox 1910 5024 2089 5070; x_wconf 87' lang='lat' dir='ltr'><strong>tenta-</strong></span> 
     </span>
    </p>
   </div>
   <div class='ocr_carea' id='block_1_98' title="bbox 519 5102 2091 5171">
    <p class='ocr_par' dir='ltr' id='par_1_98' title="bbox 519 5102 2091 5171">
     <span class='ocr_line' id='line_1_98' title="bbox 519 5102 2091 5171; baseline 0.002 -14"><span class='ocrx_word' id='word_1_784' title='bbox 519 5102 695 5157; x_wconf 89' lang='lat' dir='ltr'><strong>tiones</strong></span> <span class='ocrx_word' id='word_1_785' title='bbox 723 5103 1136 5158; x_wconf 58' lang='lat' dir='ltr'><strong>exercitationis.</strong></span> <span class='ocrx_word' id='word_1_786' title='bbox 1170 5105 1487 5169; x_wconf 85' lang='lat' dir='ltr'><strong>Ufl‘enderis,</strong></span> <span class='ocrx_word' id='word_1_787' title='bbox 1516 5112 1573 5159; x_wconf 90' lang='lat' dir='ltr'><strong>et</strong></span> <span class='ocrx_word' id='word_1_788' title='bbox 1599 5104 1805 5171; x_wconf 82' lang='lat' dir='ltr'><strong>exibis,</strong></span> <span class='ocrx_word' id='word_1_789' title='bbox 1836 5112 1891 5159; x_wconf 89' lang='lat' dir='ltr'><strong>et</strong></span> <span class='ocrx_word' id='word_1_790' title='bbox 1937 5108 2091 5160; x_wconf 87' lang='lat' dir='ltr'><strong>nobis</strong></span> 
     </span>
    </p>
   </div>
   <div class='ocr_carea' id='block_1_99' title="bbox 521 5194 2091 5265">
    <p class='ocr_par' dir='ltr' id='par_1_99' title="bbox 521 5194 2091 5265">
     <span class='ocr_line' id='line_1_99' title="bbox 521 5194 2091 5265; baseline 0.003 -16"><span class='ocrx_word' id='word_1_791' title='bbox 521 5194 827 5250; x_wconf 78' lang='lat' dir='ltr'><strong>maledicos.</strong></span> <span class='ocrx_word' id='word_1_792' title='bbox 852 5194 1031 5264; x_wconf 84' lang='lat' dir='ltr'><strong>Neque</strong></span> <span class='ocrx_word' id='word_1_793' title='bbox 1051 5213 1172 5250; x_wconf 90' lang='lat' dir='ltr'><strong>eum</strong></span> <span class='ocrx_word' id='word_1_794' title='bbox 1197 5198 1400 5265; x_wconf 88' lang='lat' dir='ltr'><strong>accepit</strong></span> <span class='ocrx_word' id='word_1_795' title='bbox 1423 5212 1521 5251; x_wconf 90' lang='lat' dir='ltr'><strong>nec</strong></span> <span class='ocrx_word' id='word_1_796' title='bbox 1554 5198 1727 5265; x_wconf 89' lang='lat' dir='ltr'><strong>primo</strong></span> <span class='ocrx_word' id='word_1_797' title='bbox 1755 5198 1863 5262; x_wconf 88' lang='lat' dir='ltr'><strong>die,</strong></span> <span class='ocrx_word' id='word_1_798' title='bbox 1886 5213 1987 5253; x_wconf 90' lang='lat' dir='ltr'><strong>nec</strong></span> <span class='ocrx_word' id='word_1_799' title='bbox 2006 5214 2091 5254; x_wconf 89' lang='lat' dir='ltr'><strong>se—</strong></span> 
     </span>
    </p>
   </div>
   <div class='ocr_carea' id='block_1_100' title="bbox 516 5285 2088 5355">
    <p class='ocr_par' dir='ltr' id='par_1_100' title="bbox 516 5285 2088 5355">
     <span class='ocr_line' id='line_1_100' title="bbox 516 5285 2088 5355; baseline 0.002 -15"><span class='ocrx_word' id='word_1_800' title='bbox 516 5285 692 5340; x_wconf 90' lang='lat' dir='ltr'><strong>cundo</strong></span> <span class='ocrx_word' id='word_1_801' title='bbox 721 5300 886 5354; x_wconf 87' lang='lat' dir='ltr'><strong>usque</strong></span> <span class='ocrx_word' id='word_1_802' title='bbox 914 5286 977 5339; x_wconf 90' lang='lat' dir='ltr'><strong>ad</strong></span> <span class='ocrx_word' id='word_1_803' title='bbox 1007 5295 1213 5354; x_wconf 87' lang='lat' dir='ltr'><strong>septem</strong></span> <span class='ocrx_word' id='word_1_804' title='bbox 1238 5288 1367 5341; x_wconf 84' lang='lat' dir='ltr'><strong>dies.</strong></span> <span class='ocrx_word' id='word_1_805' title='bbox 1404 5288 1495 5343; x_wconf 88' lang='lat' dir='ltr'><strong>ille</strong></span> <span class='ocrx_word' id='word_1_806' title='bbox 1526 5302 1653 5342; x_wconf 90' lang='lat' dir='ltr'><strong>vero</strong></span> <span class='ocrx_word' id='word_1_807' title='bbox 1680 5287 1777 5343; x_wconf 91' lang='lat' dir='ltr'><strong>fuit</strong></span> <span class='ocrx_word' id='word_1_808' title='bbox 1799 5298 2050 5344; x_wconf 88' lang='lat' dir='ltr'><strong>constans</strong></span> <span class='ocrx_word' id='word_1_809' title='bbox 2070 5329 2088 5355; x_wconf 96' lang='lat'><strong>,</strong></span> 
     </span>
    </p>
   </div>
   <div class='ocr_carea' id='block_1_101' title="bbox 521 5376 2089 5443">
    <p class='ocr_par' dir='ltr' id='par_1_101' title="bbox 521 5376 2089 5443">
     <span class='ocr_line' id='line_1_101' title="bbox 521 5376 2089 5443; baseline 0.003 -13"><span class='ocrx_word' id='word_1_810' title='bbox 521 5390 743 5431; x_wconf 89' lang='lat' dir='ltr'><strong>manens</strong></span> <span class='ocrx_word' id='word_1_811' title='bbox 786 5376 1014 5443; x_wconf 86' lang='lat' dir='ltr'><strong>jejunus.</strong></span> <span class='ocrx_word' id='word_1_812' title='bbox 1049 5378 1237 5433; x_wconf 84' lang='lat' dir='ltr'><strong>Postea</strong></span> <span class='ocrx_word' id='word_1_813' title='bbox 1265 5387 1442 5433; x_wconf 88' lang='lat' dir='ltr'><strong>autem</strong></span> <span class='ocrx_word' id='word_1_814' title='bbox 1473 5379 1600 5433; x_wconf 89' lang='lat' dir='ltr'><strong>dicit</strong></span> <span class='ocrx_word' id='word_1_815' title='bbox 1628 5379 1675 5433; x_wconf 91' lang='lat' dir='ltr'><strong>ei</strong></span> <span class='ocrx_word' id='word_1_816' title='bbox 1704 5394 1867 5435; x_wconf 88' lang='lat' dir='ltr'><strong>senex</strong></span> <span class='ocrx_word' id='word_1_817' title='bbox 1913 5380 2089 5434; x_wconf 77' lang='lat' dir='ltr'><strong>Maca—</strong></span> 
     </span>
    </p>
   </div>
   <div class='ocr_carea' id='block_1_102' title="bbox 516 5468 2093 5539">
    <p class='ocr_par' dir='ltr' id='par_1_102' title="bbox 516 5468 2093 5539">
     <span class='ocr_line' id='line_1_102' title="bbox 516 5468 2093 5539; baseline 0.002 -16"><span class='ocrx_word' id='word_1_818' title='bbox 516 5469 631 5523; x_wconf 90' lang='lat' dir='ltr'><strong>rius</strong></span> <span class='ocrx_word' id='word_1_819' title='bbox 666 5485 681 5522; x_wconf 93' lang='lat'><strong>:</strong></span> <span class='ocrx_word' id='word_1_820' title='bbox 704 5468 927 5536; x_wconf 80' lang='lat' dir='ltr'><strong>Suscipe</strong></span> <span class='ocrx_word' id='word_1_821' title='bbox 954 5484 1056 5533; x_wconf 89' lang='lat' dir='ltr'><strong>me,</strong></span> <span class='ocrx_word' id='word_1_822' title='bbox 1084 5469 1216 5523; x_wconf 85' lang='lat' dir='ltr'><strong>abba</strong></span> <span class='ocrx_word' id='word_1_823' title='bbox 1236 5511 1249 5535; x_wconf 90' lang='lat'><strong>,</strong></span> <span class='ocrx_word' id='word_1_824' title='bbox 1280 5479 1336 5523; x_wconf 92' lang='lat' dir='ltr'><strong>et</strong></span> <span class='ocrx_word' id='word_1_825' title='bbox 1363 5470 1465 5524; x_wconf 88' lang='lat' dir='ltr'><strong>nisi</strong></span> <span class='ocrx_word' id='word_1_826' title='bbox 1491 5469 1803 5539; x_wconf 70' lang='lat' dir='ltr'><strong>jejunave&#39;ro</strong></span> <span class='ocrx_word' id='word_1_827' title='bbox 1830 5479 1885 5525; x_wconf 79' lang='lat' dir='ltr'><strong>ct</strong></span> <span class='ocrx_word' id='word_1_828' title='bbox 1916 5470 2093 5527; x_wconf 77' lang='lat' dir='ltr'><strong>fecero</strong></span> 
     </span>
    </p>
   </div>
   <div class='ocr_carea' id='block_1_103' title="bbox 515 5560 2095 5629">
    <p class='ocr_par' dir='ltr' id='par_1_103' title="bbox 515 5560 2095 5629">
     <span class='ocr_line' id='line_1_103' title="bbox 515 5560 2095 5629; baseline 0.004 -16"><span class='ocrx_word' id='word_1_829' title='bbox 515 5574 579 5613; x_wconf 81' lang='lat' dir='ltr'><strong>ea</strong></span> <span class='ocrx_word' id='word_1_830' title='bbox 598 5576 717 5629; x_wconf 75' lang='lat' dir='ltr'><strong>qua:</strong></span> <span class='ocrx_word' id='word_1_831' title='bbox 746 5562 843 5626; x_wconf 87' lang='lat' dir='ltr'><strong>ipsi</strong></span> <span class='ocrx_word' id='word_1_832' title='bbox 872 5575 1057 5629; x_wconf 90' lang='lat' dir='ltr'><strong>opera,</strong></span> <span class='ocrx_word' id='word_1_833' title='bbox 1083 5560 1214 5629; x_wconf 90' lang='lat' dir='ltr'><strong>jube</strong></span> <span class='ocrx_word' id='word_1_834' title='bbox 1243 5575 1327 5615; x_wconf 90' lang='lat' dir='ltr'><strong>me</strong></span> <span class='ocrx_word' id='word_1_835' title='bbox 1350 5562 1469 5629; x_wconf 87' lang='lat' dir='ltr'><strong>ejici</strong></span> <span class='ocrx_word' id='word_1_836' title='bbox 1496 5578 1563 5617; x_wconf 85' lang='lat' dir='ltr'><strong>ex</strong></span> <span class='ocrx_word' id='word_1_837' title='bbox 1592 5567 1938 5620; x_wconf 90' lang='lat' dir='ltr'><strong>monasterio.</strong></span> <span class='ocrx_word' id='word_1_838' title='bbox 1966 5566 2095 5620; x_wconf 90' lang='lat' dir='ltr'><strong>Per-</strong></span> 
     </span>
    </p>
   </div>
   <div class='ocr_carea' id='block_1_104' title="bbox 518 5652 2087 5723">
    <p class='ocr_par' dir='ltr' id='par_1_104' title="bbox 518 5652 2087 5723">
     <span class='ocr_line' id='line_1_104' title="bbox 518 5652 2087 5723; baseline 0.006 -20"><span class='ocrx_word' id='word_1_839' title='bbox 518 5652 709 5707; x_wconf 82' lang='lat' dir='ltr'><strong>suadet</strong></span> <span class='ocrx_word' id='word_1_840' title='bbox 739 5654 986 5708; x_wconf 88' lang='lat' dir='ltr'><strong>fratribus</strong></span> <span class='ocrx_word' id='word_1_841' title='bbox 1014 5669 1237 5723; x_wconf 85' lang='lat' dir='ltr'><strong>magnus</strong></span> <span class='ocrx_word' id='word_1_842' title='bbox 1265 5655 1584 5711; x_wconf 76' lang='lat' dir='ltr'><strong>l’achomius</strong></span> <span class='ocrx_word' id='word_1_843' title='bbox 1625 5666 1681 5710; x_wconf 93' lang='lat' dir='ltr'><strong>ut</strong></span> <span class='ocrx_word' id='word_1_844' title='bbox 1723 5673 1843 5712; x_wconf 83' lang='lat' dir='ltr'><strong>etim</strong></span> <span class='ocrx_word' id='word_1_845' title='bbox 1891 5658 2087 5713; x_wconf 89' lang='lat' dir='ltr'><strong>admit-</strong></span> 
     </span>
    </p>
   </div>
   <div class='ocr_carea' id='block_1_105' title="bbox 522 5744 2090 5816">
    <p class='ocr_par' dir='ltr' id='par_1_105' title="bbox 522 5744 2090 5816">
     <span class='ocr_line' id='line_1_105' title="bbox 522 5744 2090 5816; baseline 0.004 -18"><span class='ocrx_word' id='word_1_846' title='bbox 522 5751 653 5798; x_wconf 86' lang='lat' dir='ltr'><strong>tant.</strong></span> <span class='ocrx_word' id='word_1_847' title='bbox 687 5744 781 5800; x_wconf 83' lang='lat' dir='ltr'><strong>Est</strong></span> <span class='ocrx_word' id='word_1_848' title='bbox 818 5756 991 5802; x_wconf 87' lang='lat' dir='ltr'><strong>autem</strong></span> <span class='ocrx_word' id='word_1_849' title='bbox 1031 5747 1186 5801; x_wconf 79' lang='lat' dir='ltr'><strong>unius</strong></span> <span class='ocrx_word' id='word_1_850' title='bbox 1226 5746 1528 5802; x_wconf 87' lang='lat' dir='ltr'><strong>monasterii</strong></span> <span class='ocrx_word' id='word_1_851' title='bbox 1570 5756 1864 5803; x_wconf 84' lang='lat' dir='ltr'><strong>conventus</strong></span> <span class='ocrx_word' id='word_1_852' title='bbox 1890 5792 1904 5816; x_wconf 91' lang='lat'><strong>,</strong></span> <span class='ocrx_word' id='word_1_853' title='bbox 1947 5748 2090 5805; x_wconf 72' lang='lat' dir='ltr'><strong>mile</strong></span> 
     </span>
    </p>
   </div>
   <div class='ocr_carea' id='block_1_106' title="bbox 2193 4637 3748 4715">
    <p class='ocr_par' dir='ltr' id='par_1_106' title="bbox 2193 4637 3748 4715">
     <span class='ocr_line' id='line_1_106' title="bbox 2193 4637 3748 4715; baseline -0.013 -9"><span class='ocrx_word' id='word_1_854' title='bbox 2193 4651 2555 4715; x_wconf 71' lang='lat' dir='ltr'><strong>extrinsecus,</strong></span> <span class='ocrx_word' id='word_1_855' title='bbox 2588 4657 2643 4701; x_wconf 92' lang='lat' dir='ltr'><strong>ut</strong></span> <span class='ocrx_word' id='word_1_856' title='bbox 2672 4647 2798 4701; x_wconf 89' lang='lat' dir='ltr'><strong>nulli</strong></span> <span class='ocrx_word' id='word_1_857' title='bbox 2842 4645 3022 4700; x_wconf 86' lang='lat' dir='ltr'><strong>darem</strong></span> <span class='ocrx_word' id='word_1_858' title='bbox 3056 4659 3390 4714; x_wconf 79' lang='lat' dir='ltr'><strong>respounm.</strong></span> <span class='ocrx_word' id='word_1_859' title='bbox 3426 4642 3491 4696; x_wconf 89' lang='lat' dir='ltr'><strong>Et</strong></span> <span class='ocrx_word' id='word_1_860' title='bbox 3537 4640 3652 4697; x_wconf 87' lang='lat' dir='ltr'><strong>steti</strong></span> <span class='ocrx_word' id='word_1_861' title='bbox 3680 4637 3748 4689; x_wconf 88' lang='lat' dir='ltr'><strong>in-</strong></span> 
     </span>
    </p>
   </div>
   <div class='ocr_carea' id='block_1_107' title="bbox 2195 4725 3749 4809">
    <p class='ocr_par' dir='ltr' id='par_1_107' title="bbox 2195 4725 3749 4809">
     <span class='ocr_line' id='line_1_107' title="bbox 2195 4725 3749 4809; baseline -0.01 -15"><span class='ocrx_word' id='word_1_862' title='bbox 2195 4742 2397 4809; x_wconf 90' lang='lat' dir='ltr'><strong>cipiens</strong></span> <span class='ocrx_word' id='word_1_863' title='bbox 2439 4754 2468 4792; x_wconf 89' lang='lat' dir='ltr'><strong>a</strong></span> <span class='ocrx_word' id='word_1_864' title='bbox 2506 4739 2770 4793; x_wconf 85' lang='lat' dir='ltr'><strong>secunda.</strong></span> <span class='ocrx_word' id='word_1_865' title='bbox 2803 4748 2859 4791; x_wconf 89' lang='lat' dir='ltr'><strong>et</strong></span> <span class='ocrx_word' id='word_1_866' title='bbox 2887 4737 3050 4791; x_wconf 89' lang='lat' dir='ltr'><strong>menti</strong></span> <span class='ocrx_word' id='word_1_867' title='bbox 3082 4752 3215 4791; x_wconf 76' lang='lat' dir='ltr'><strong>mete</strong></span> <span class='ocrx_word' id='word_1_868' title='bbox 3256 4734 3605 4804; x_wconf 69' lang='lat' dir='ltr'><strong>praecipiens,</strong></span> <span class='ocrx_word' id='word_1_869' title='bbox 3634 4738 3682 4784; x_wconf 90' lang='lat' dir='ltr'><strong>et</strong></span> <span class='ocrx_word' id='word_1_870' title='bbox 3707 4725 3749 4780; x_wconf 88' lang='lat' dir='ltr'><strong>ei</strong></span> 
     </span>
    </p>
   </div>
   <div class='ocr_carea' id='block_1_108' title="bbox 2196 4818 3749 4891">
    <p class='ocr_par' dir='ltr' id='par_1_108' title="bbox 2196 4818 3749 4891">
     <span class='ocr_line' id='line_1_108' title="bbox 2196 4818 3749 4891; baseline -0.006 -5"><span class='ocrx_word' id='word_1_871' title='bbox 2196 4833 2380 4886; x_wconf 89' lang='lat' dir='ltr'><strong>dicens</strong></span> <span class='ocrx_word' id='word_1_872' title='bbox 2408 4846 2424 4886; x_wconf 87' lang='lat'><strong>:</strong></span> <span class='ocrx_word' id='word_1_873' title='bbox 2460 4831 2592 4884; x_wconf 77' lang='lat' dir='ltr'><strong>Vide</strong></span> <span class='ocrx_word' id='word_1_874' title='bbox 2615 4845 2679 4883; x_wconf 88' lang='lat' dir='ltr'><strong>ne</strong></span> <span class='ocrx_word' id='word_1_875' title='bbox 2708 4827 3000 4883; x_wconf 88' lang='lat' dir='ltr'><strong>descendas</strong></span> <span class='ocrx_word' id='word_1_876' title='bbox 3024 4826 3092 4879; x_wconf 87' lang='lat' dir='ltr'><strong>de</strong></span> <span class='ocrx_word' id='word_1_877' title='bbox 3117 4825 3289 4881; x_wconf 62' lang='lat' dir='ltr'><strong>caelis.</strong></span> <span class='ocrx_word' id='word_1_878' title='bbox 3329 4824 3502 4878; x_wconf 80' lang='lat' dir='ltr'><strong>Habes</strong></span> <span class='ocrx_word' id='word_1_879' title='bbox 3529 4818 3749 4891; x_wconf 71' lang='lat' dir='ltr'><strong>angelos.</strong></span> 
     </span>
    </p>
   </div>
   <div class='ocr_carea' id='block_1_109' title="bbox 2197 4916 3751 4997">
    <p class='ocr_par' dir='ltr' id='par_1_109' title="bbox 2197 4916 3751 4997">
     <span class='ocr_line' id='line_1_109' title="bbox 2197 4916 3751 4997; baseline -0.006 -20"><span class='ocrx_word' id='word_1_880' title='bbox 2197 4926 2565 4997; x_wconf 89' lang='lat' dir='ltr'><strong>archangelos,</strong></span> <span class='ocrx_word' id='word_1_881' title='bbox 2593 4940 2779 4981; x_wconf 86' lang='lat' dir='ltr'><strong>omnes</strong></span> <span class='ocrx_word' id='word_1_882' title='bbox 2805 4939 3064 4993; x_wconf 89' lang='lat' dir='ltr'><strong>supernas</strong></span> <span class='ocrx_word' id='word_1_883' title='bbox 3087 4932 3391 4993; x_wconf 88' lang='lat' dir='ltr'><strong>potestates,</strong></span> <span class='ocrx_word' id='word_1_884' title='bbox 3416 4918 3685 4974; x_wconf 82' lang='lat' dir='ltr'><strong>cherubim</strong></span> <span class='ocrx_word' id='word_1_885' title='bbox 3705 4916 3751 4963; x_wconf 76' lang='lat' dir='ltr'><strong>et</strong></span> 
     </span>
    </p>
   </div>
   <div class='ocr_carea' id='block_1_110' title="bbox 2195 5001 3749 5084">
    <p class='ocr_par' dir='ltr' id='par_1_110' title="bbox 2195 5001 3749 5084">
     <span class='ocr_line' id='line_1_110' title="bbox 2195 5001 3749 5084; baseline -0.02 1"><span class='ocrx_word' id='word_1_886' title='bbox 2195 5016 2497 5084; x_wconf 70' lang='lat' dir='ltr'><strong>semphilll.</strong></span> <span class='ocrx_word' id='word_1_887' title='bbox 2550 5016 2712 5069; x_wconf 89' lang='lat' dir='ltr'><strong>Deum</strong></span> <span class='ocrx_word' id='word_1_888' title='bbox 2761 5015 2948 5069; x_wconf 89' lang='lat' dir='ltr'><strong>horum</strong></span> <span class='ocrx_word' id='word_1_889' title='bbox 2999 5014 3236 5068; x_wconf 91' lang='lat' dir='ltr'><strong>omnium</strong></span> <span class='ocrx_word' id='word_1_890' title='bbox 3289 5009 3622 5065; x_wconf 71' lang='lat' dir='ltr'><strong>effectorem.</strong></span> <span class='ocrx_word' id='word_1_891' title='bbox 3651 5001 3749 5056; x_wconf 85' lang='lat' dir='ltr'><strong>illic</strong></span> 
     </span>
    </p>
   </div>
   <div class='ocr_carea' id='block_1_111' title="bbox 2194 5091 3749 5171">
    <p class='ocr_par' dir='ltr' id='par_1_111' title="bbox 2194 5091 3749 5171">
     <span class='ocr_line' id='line_1_111' title="bbox 2194 5091 3749 5171; baseline -0.01 -7"><span class='ocrx_word' id='word_1_892' title='bbox 2194 5125 2428 5171; x_wconf 85' lang='lat' dir='ltr'><strong>versare,</strong></span> <span class='ocrx_word' id='word_1_893' title='bbox 2461 5124 2529 5162; x_wconf 90' lang='lat' dir='ltr'><strong>ne</strong></span> <span class='ocrx_word' id='word_1_894' title='bbox 2571 5107 2671 5162; x_wconf 92' lang='lat' dir='ltr'><strong>sub</strong></span> <span class='ocrx_word' id='word_1_895' title='bbox 2714 5109 2879 5163; x_wconf 77' lang='lat' dir='ltr'><strong>ctelos</strong></span> <span class='ocrx_word' id='word_1_896' title='bbox 2908 5104 3270 5170; x_wconf 88' lang='lat' dir='ltr'><strong>descenderis,</strong></span> <span class='ocrx_word' id='word_1_897' title='bbox 3303 5117 3369 5157; x_wconf 88' lang='lat' dir='ltr'><strong>ne</strong></span> <span class='ocrx_word' id='word_1_898' title='bbox 3412 5100 3659 5155; x_wconf 88' lang='lat' dir='ltr'><strong>incideris</strong></span> <span class='ocrx_word' id='word_1_899' title='bbox 3704 5091 3749 5144; x_wconf 90' lang='lat' dir='ltr'><strong>in</strong></span> 
     </span>
    </p>
   </div>
   <div class='ocr_carea' id='block_1_112' title="bbox 2196 5186 3751 5269">
    <p class='ocr_par' dir='ltr' id='par_1_112' title="bbox 2196 5186 3751 5269">
     <span class='ocr_line' id='line_1_112' title="bbox 2196 5186 3751 5269; baseline -0.008 -14"><span class='ocrx_word' id='word_1_900' title='bbox 2196 5202 2490 5255; x_wconf 87' lang='lat' dir='ltr'><strong>mundanas</strong></span> <span class='ocrx_word' id='word_1_901' title='bbox 2517 5200 2881 5269; x_wconf 86' lang='lat' dir='ltr'><strong>cogitationes.</strong></span> <span class='ocrx_word' id='word_1_902' title='bbox 2910 5197 3042 5253; x_wconf 87' lang='lat' dir='ltr'><strong>Cum</strong></span> <span class='ocrx_word' id='word_1_903' title='bbox 3069 5199 3202 5251; x_wconf 90' lang='lat' dir='ltr'><strong>duos</strong></span> <span class='ocrx_word' id='word_1_904' title='bbox 3227 5205 3424 5259; x_wconf 89' lang='lat' dir='ltr'><strong>autem,</strong></span> <span class='ocrx_word' id='word_1_905' title='bbox 3443 5191 3629 5262; x_wconf 90' lang='lat' dir='ltr'><strong>inquit.</strong></span> <span class='ocrx_word' id='word_1_906' title='bbox 3647 5186 3751 5238; x_wconf 65' lang='lat' dir='ltr'><strong>die!</strong></span> 
     </span>
    </p>
   </div>
   <div class='ocr_carea' id='block_1_113' title="bbox 2195 5284 3749 5359">
    <p class='ocr_par' dir='ltr' id='par_1_113' title="bbox 2195 5284 3749 5359">
     <span class='ocr_line' id='line_1_113' title="bbox 2195 5284 3749 5359; baseline -0.009 -13"><span class='ocrx_word' id='word_1_907' title='bbox 2195 5301 2249 5346; x_wconf 91' lang='lat' dir='ltr'><strong>et</strong></span> <span class='ocrx_word' id='word_1_908' title='bbox 2268 5292 2400 5345; x_wconf 89' lang='lat' dir='ltr'><strong>duas</strong></span> <span class='ocrx_word' id='word_1_909' title='bbox 2444 5304 2626 5344; x_wconf 87' lang='lat' dir='ltr'><strong>noctes</strong></span> <span class='ocrx_word' id='word_1_910' title='bbox 2650 5301 3073 5359; x_wconf 85' lang='lat' dir='ltr'><strong>perseverassem</strong></span> <span class='ocrx_word' id='word_1_911' title='bbox 3094 5328 3107 5348; x_wconf 88' lang='lat'><strong>,</strong></span> <span class='ocrx_word' id='word_1_912' title='bbox 3129 5288 3199 5342; x_wconf 88' lang='lat' dir='ltr'><strong>ita</strong></span> <span class='ocrx_word' id='word_1_913' title='bbox 3223 5284 3423 5339; x_wconf 90' lang='lat' dir='ltr'><strong>irritavi</strong></span> <span class='ocrx_word' id='word_1_914' title='bbox 3445 5285 3749 5336; x_wconf 62' lang='lat' dir='ltr'><strong>daemonem.</strong></span> 
     </span>
    </p>
   </div>
   <div class='ocr_carea' id='block_1_114' title="bbox 2200 5370 3751 5453">
    <p class='ocr_par' dir='ltr' id='par_1_114' title="bbox 2200 5370 3751 5453">
     <span class='ocr_line' id='line_1_114' title="bbox 2200 5370 3751 5453; baseline -0.011 -16"><span class='ocrx_word' id='word_1_915' title='bbox 2200 5394 2257 5437; x_wconf 91' lang='lat' dir='ltr'><strong>ut</strong></span> <span class='ocrx_word' id='word_1_916' title='bbox 2280 5384 2392 5453; x_wconf 91' lang='lat' dir='ltr'><strong>ipse</strong></span> <span class='ocrx_word' id='word_1_917' title='bbox 2418 5385 2568 5437; x_wconf 89' lang='lat' dir='ltr'><strong>fieret</strong></span> <span class='ocrx_word' id='word_1_918' title='bbox 2597 5383 2806 5435; x_wconf 88' lang='lat' dir='ltr'><strong>flamma</strong></span> <span class='ocrx_word' id='word_1_919' title='bbox 2832 5381 2988 5448; x_wconf 85' lang='lat' dir='ltr'><strong>ignis,</strong></span> <span class='ocrx_word' id='word_1_920' title='bbox 3012 5388 3065 5430; x_wconf 86' lang='lat' dir='ltr'><strong>et</strong></span> <span class='ocrx_word' id='word_1_921' title='bbox 3092 5377 3432 5430; x_wconf 88' lang='lat' dir='ltr'><strong>combureret</strong></span> <span class='ocrx_word' id='word_1_922' title='bbox 3456 5370 3627 5426; x_wconf 89' lang='lat' dir='ltr'><strong>omnia</strong></span> <span class='ocrx_word' id='word_1_923' title='bbox 3648 5374 3751 5431; x_wconf 59' lang='lat' dir='ltr'><strong>qua:</strong></span> 
     </span>
    </p>
   </div>
   <div class='ocr_carea' id='block_1_115' title="bbox 2203 5463 3750 5535">
    <p class='ocr_par' dir='ltr' id='par_1_115' title="bbox 2203 5463 3750 5535">
     <span class='ocr_line' id='line_1_115' title="bbox 2203 5463 3750 5535; baseline -0.009 -8"><span class='ocrx_word' id='word_1_924' title='bbox 2203 5473 2462 5527; x_wconf 89' lang='lat' dir='ltr'><strong>habebam</strong></span> <span class='ocrx_word' id='word_1_925' title='bbox 2496 5473 2546 5526; x_wconf 91' lang='lat' dir='ltr'><strong>in</strong></span> <span class='ocrx_word' id='word_1_926' title='bbox 2573 5472 2727 5535; x_wconf 88' lang='lat' dir='ltr'><strong>cella,</strong></span> <span class='ocrx_word' id='word_1_927' title='bbox 2759 5470 2895 5524; x_wconf 89' lang='lat' dir='ltr'><strong>adeo</strong></span> <span class='ocrx_word' id='word_1_928' title='bbox 2925 5477 2983 5522; x_wconf 89' lang='lat' dir='ltr'><strong>ut</strong></span> <span class='ocrx_word' id='word_1_929' title='bbox 3017 5468 3177 5522; x_wconf 88' lang='lat' dir='ltr'><strong>etiam</strong></span> <span class='ocrx_word' id='word_1_930' title='bbox 3205 5474 3409 5528; x_wconf 89' lang='lat' dir='ltr'><strong>storea,</strong></span> <span class='ocrx_word' id='word_1_931' title='bbox 3433 5477 3586 5530; x_wconf 83' lang='lat' dir='ltr'><strong>supra</strong></span> <span class='ocrx_word' id='word_1_932' title='bbox 3610 5463 3750 5524; x_wconf 74' lang='lat' dir='ltr'><strong>quam</strong></span> 
     </span>
    </p>
   </div>
   <div class='ocr_carea' id='block_1_116' title="bbox 2199 5547 3747 5633">
    <p class='ocr_par' dir='ltr' id='par_1_116' title="bbox 2199 5547 3747 5633">
     <span class='ocr_line' id='line_1_116' title="bbox 2199 5547 3747 5633; baseline -0.017 -14"><span class='ocrx_word' id='word_1_933' title='bbox 2199 5565 2424 5627; x_wconf 87' lang='lat' dir='ltr'><strong>stabam,</strong></span> <span class='ocrx_word' id='word_1_934' title='bbox 2456 5565 2577 5632; x_wconf 82' lang='lat' dir='ltr'><strong>igne</strong></span> <span class='ocrx_word' id='word_1_935' title='bbox 2606 5563 2842 5628; x_wconf 89' lang='lat' dir='ltr'><strong>arderet,</strong></span> <span class='ocrx_word' id='word_1_936' title='bbox 2871 5568 2926 5615; x_wconf 88' lang='lat' dir='ltr'><strong>et</strong></span> <span class='ocrx_word' id='word_1_937' title='bbox 2980 5560 3057 5613; x_wconf 87' lang='lat' dir='ltr'><strong>sic</strong></span> <span class='ocrx_word' id='word_1_938' title='bbox 3102 5573 3189 5611; x_wconf 93' lang='lat' dir='ltr'><strong>me</strong></span> <span class='ocrx_word' id='word_1_939' title='bbox 3237 5569 3449 5624; x_wconf 89' lang='lat' dir='ltr'><strong>quoque</strong></span> <span class='ocrx_word' id='word_1_940' title='bbox 3500 5547 3747 5633; x_wconf 52' lang='lat' dir='ltr'><strong>existima.</strong></span> 
     </span>
    </p>
   </div>
   <div class='ocr_carea' id='block_1_117' title="bbox 2201 5635 3751 5726">
    <p class='ocr_par' dir='ltr' id='par_1_117' title="bbox 2201 5635 3751 5726">
     <span class='ocr_line' id='line_1_117' title="bbox 2201 5635 3751 5726; baseline -0.018 -13"><span class='ocrx_word' id='word_1_941' title='bbox 2201 5674 2313 5713; x_wconf 90' lang='lat' dir='ltr'><strong>rem</strong></span> <span class='ocrx_word' id='word_1_942' title='bbox 2337 5668 2502 5713; x_wconf 88' lang='lat' dir='ltr'><strong>totum</strong></span> <span class='ocrx_word' id='word_1_943' title='bbox 2523 5657 2871 5726; x_wconf 84' lang='lat' dir='ltr'><strong>conflagrare.</strong></span> <span class='ocrx_word' id='word_1_944' title='bbox 2897 5652 3130 5707; x_wconf 84' lang='lat' dir='ltr'><strong>Tandem</strong></span> <span class='ocrx_word' id='word_1_945' title='bbox 3155 5653 3345 5705; x_wconf 92' lang='lat' dir='ltr'><strong>timore</strong></span> <span class='ocrx_word' id='word_1_946' title='bbox 3369 5650 3589 5701; x_wconf 77' lang='lat' dir='ltr'><strong>affectus</strong></span> <span class='ocrx_word' id='word_1_947' title='bbox 3613 5635 3751 5695; x_wconf 88' lang='lat' dir='ltr'><strong>tertio</strong></span> 
     </span>
    </p>
   </div>
   <div class='ocr_carea' id='block_1_118' title="bbox 2197 5738 3748 5817">
    <p class='ocr_par' dir='ltr' id='par_1_118' title="bbox 2197 5738 3748 5817">
     <span class='ocr_line' id='line_1_118' title="bbox 2197 5738 3748 5817; baseline -0.013 -10"><span class='ocrx_word' id='word_1_948' title='bbox 2197 5751 2286 5808; x_wconf 85' lang='lat' dir='ltr'><strong>die</strong></span> <span class='ocrx_word' id='word_1_949' title='bbox 2315 5750 2493 5807; x_wconf 82' lang='lat' dir='ltr'><strong>destiti</strong></span> <span class='ocrx_word' id='word_1_950' title='bbox 2523 5749 2591 5805; x_wconf 85' lang='lat' dir='ltr'><strong>ab</strong></span> <span class='ocrx_word' id='word_1_951' title='bbox 2622 5750 2723 5804; x_wconf 89' lang='lat' dir='ltr'><strong>hoc</strong></span> <span class='ocrx_word' id='word_1_952' title='bbox 2756 5746 3029 5817; x_wconf 87' lang='lat' dir='ltr'><strong>proposito</strong></span> <span class='ocrx_word' id='word_1_953' title='bbox 3049 5782 3065 5812; x_wconf 95' lang='lat'><strong>,</strong></span> <span class='ocrx_word' id='word_1_954' title='bbox 3096 5758 3219 5798; x_wconf 89' lang='lat' dir='ltr'><strong>cum</strong></span> <span class='ocrx_word' id='word_1_955' title='bbox 3260 5757 3365 5796; x_wconf 84' lang='lat' dir='ltr'><strong>non</strong></span> <span class='ocrx_word' id='word_1_956' title='bbox 3408 5750 3612 5809; x_wconf 86' lang='lat' dir='ltr'><strong>possem</strong></span> <span class='ocrx_word' id='word_1_957' title='bbox 3650 5738 3748 5783; x_wconf 52' lang='lat' dir='ltr'><strong>am&quot;</strong></span> 
     </span>
    </p>
   </div>
  </div>
