4020 6446
311 344 448 410 1057

1540 329 1906 396 HISTORIA
1945 329 2341 394 LAUSIACA.

3447 322 3585 388 1658

305 458 518 532 καρπὸν
542 455 682 531 ῥοῶν
703 455 804 512 οὐκ
837 453 1077 527 ἐχουσῶν
1114 452 1262 540 ένξον
1280 447 1467 540 ,οὐδέν’
1497 446 1892 540 ἐξήραντολάρ
1921 451 1971 508 Α
1997 477 2096 528 γου
2125 465 2378 537 ἐπέστηή
2406 468 2449 521 Τ
2452 467 2850 540 εσσαρακοστή.
2884 464 2996 518 Καὶ
3014 462 3120 516 ίδεν
3143 462 3170 514 6
3185 459 3368 540 γέρων
3385 458 3583 512 Μακάα

307 546 412 600 ὑπδ
440 543 535 598 τοῦ
563 542 734 615 ἡλίου.
792 539 1111 612 Ἀταράχως
1155 532 1247 591 οὖν
1277 535 1488 590 ἐκεῖθεν
1525 535 1889 605 ἀναχωρήσας

305 634 336 686 6
360 631 516 698 ἀγιος
554 628 643 681 διὰ
674 627 844 680 εἴκοσι
877 623 1102 696 ἡμερῶν
1136 619 1482 692 ὑπέστρεψεν
1521 620 1602 681 είς
1630 617 1727 688 τὴν
1758 618 1889 669 ἐαυ-

305 715 402 770 τοῦ
437 714 656 769 κέλλαν.
1495 769 1500 773 η

391 797 813 855 Ἐκλελοιπότων
857 795 914 849 δὲ
951 794 1060 848 τῶν
1098 794 1279 864 ἄρτων
1325 793 1416 846 καὶ
1460 791 1555 845 τοῦ
1589 790 1779 852 ὓδατος
1829 782 1890 842 οὗ

306 883 624 953 ἐπεφέρετο,
668 883 725 934 ἐν
779 880 948 951 πολλῇ
986 878 1308 948 περιστάσει
1360 875 1598 944 ἐγένετο.
1645 874 1733 926 Ἑν
1781 871 1890 942 γάρ

305 969 426 1030 ταῖς
471 966 705 1037 ἡμέραις
747 963 985 1026 ἐκείναις
1032 961 1232 1015 ὁδεύων
1291 960 1386 1029 τὴν
1445 960 1669 1030 ἔρημον,
1706 955 1890 1026 σχεδὸν

305 1051 415 1106 οὐδ’
438 1051 574 1114 ὅλως
594 1049 876 1118 ἐγεύσατο.
927 1046 1014 1110 Ὠς
1041 1046 1099 1100 δέ
1132 1045 1192 1098 16
1232 1046 1467 1115 πρᾶγμα
1497 1043 1719 1110 ἔδειξεν,
1750 1042 1893 1113 τάχα

307 1136 402 1189 καὶ
432 1135 512 1198 είς
532 1132 808 1203 ὑπομονὴν
845 1130 1188 1201 ἐπειράζετο.
1221 1129 1331 1181 Καί⁷
1360 1129 1435 1190 ώς
1465 1127 1633 1195 ἐγγὺς
1674 1125 1893 1194 ἐγένετο

303 1218 402 1273 τοῦ
436 1215 686 1280 ὀκλάσαι,
719 1215 875 1285 ὤφθη
900 1213 1049 1284 αὑτῷ
1080 1229 1164 1275 τις
1217 1212 1276 1263 ἐν
1312 1212 1552 1282 σχήματι
1595 1209 1787 1279 κόρης.
1813 1209 1892 1271 ὡς

301 1302 470 1366 αὐτὸς
522 1302 844 1371 διηγήσατο,
911 1297 1158 1368 καθαρὰν
1204 1294 1399 1366 ὀθόνην
1453 1293 1733 1364 φέρουσα,
1795 1294 1892 1347 καὶ

304 1388 611 1458 κατέχουσα
656 1383 952 1438 καυκάλιον
996 1381 1184 1444 ὓδατος
1229 1378 1444 1442 στάζον.
1487 1379 1590 1431 Ἤν
1643 1377 1829 1446 ἔλεγεν
1866 1380 1896 1432 6

300 1472 596 1540 Μακάριος
645 1467 917 1540 μακρόθεν
962 1464 1128 1519 αὑτοῦ
1165 1459 1327 1525 εἶναι,
1358 1461 1435 1526 ὡς
1463 1461 1573 1516 ἀπὸ
1631 1461 1847 1515 σταδίου
1874 1477 1888 1493 ·

299 1556 404 1610 θεαὶ
432 1554 526 1607 ἐπὶ
566 1552 780 1624 ἡμέρας
827 1551 978 1621 τρεῖς
1015 1547 1224 1606 ῶδευεν,
1263 1545 1480 1617 βλέπων
1529 1545 1701 1615 αὐτὴν
1755 1543 1896 1615 μετὰ

298 1638 404 1693 τοῦ
433 1636 728 1692 καυκαλίου
775 1635 851 1698 ὡς
896 1632 1162 1699 ἐστῶσαν,
1189 1632 1285 1686 καὶ
1317 1630 1506 1684 τοῦτον
1557 1628 1896 1701 προσκαλου-

302 1723 484 1794 μένην
513 1737 528 1752 ο
561 1717 897 1774 καταλαϐεῖν
923 1717 979 1769 δέ
1010 1715 1198 1769 τοῦτον
1218 1713 1423 1784 ταύτην
1454 1713 1528 1784 μὴ
1557 1712 1854 1781 δυνάμενον
1875 1727 1893 1744 ·

1999 561 2114 614 pta;
2161 547 2390 603 ἕκαστον
2433 537 2722 620 διαφόρους
2762 546 3038 608 πολιτείας
3092 537 3452 606 ἀναλαϐόντα,
3493 540 3587 594 τὸν

2001 629 2100 698 μὲν
2147 630 2396 695 ἐσθίοντα
2445 633 2504 687 ἐν
2534 633 2764 705 ἐσπέρᾳ,
2817 631 2910 683 τὸν
2954 630 3012 682 δέ
3049 629 3137 682 διὰ
3170 629 3352 681 πέντε.
3390 624 3585 677 Ἀλλον

1999 713 2160 767 πάλιν
2191 715 2402 770 ἑστῶτα
2424 714 2511 771 διὰ
2539 717 2719 787 πάσης
2743 715 2935 776 νυκτός
2959 730 2970 744 ⁸
3000 713 3098 783 τὴν
3129 711 3185 764 δὲ
3208 710 3422 779 ἡμέραν
3454 705 3587 761 καθ-

1999 796 2256 867 εζόμενον
2303 801 2381 864 εἰς
2430 801 2615 872 ἔργον,
2645 794 2814 862 Οὗτος
2861 797 3059 870 βρέξας
3089 796 3316 857 θαλλοὺς
3344 794 3470 855 τοὺς
3519 793 3585 844 ἐκ

2000 882 2259 950 φοινίκων
2288 887 2367 948 είς
2400 887 2622 956 πλῆθος,
2658 885 2789 956 ἔστη
2818 885 2876 938 ἐν
2907 883 3081 953 γωνίᾳ
3119 881 3219 950 μιᾷ
3268 878 3364 931 καὶ
3393 876 3588 946 μέχρις

1998 960 2060 1020 οὗ
2109 969 2164 1020 αί
2219 970 2628 1040 τεσσαράκοντα
2674 968 2878 1039 ἡμέραι
2929 963 3349 1036 ἐπληρώθησαν,
3394 961 3489 1013 καὶ
3527 959 3588 1011 τὸ

2000 1051 2193 1120 Πάσχα
2245 1055 2646 1122 παραγέγονεν,
2673 1055 2772 1106 οὐκ
2804 1053 2969 1124 ἄρτου
2996 1050 3210 1112 ἐλαϐεν,
3233 1046 3365 1100 οὔτε
3398 1044 3590 1106 ὕδατος

1998 1133 2196 1205 ἥψατο,
2226 1135 2286 1187 οὐ
2319 1137 2448 1202 γόνυ
2482 1136 2751 1208 ἔκαμψεν,
2780 1140 2880 1190 οὐκ
2909 1133 3203 1202 ἐκαθέσθη,
3237 1131 3337 1183 οὐκ
3390 1128 3591 1182 ἀνέπε-

2003 1233 2114 1282 σεν,
2140 1217 2354 1282 οὐδενὸς
2378 1218 2538 1274 ἄλλου
2567 1220 2850 1289 ἐγεύσατο,
2869 1216 3145 1288 παρεκτὸς
3175 1215 3390 1283 φύλλων
3408 1213 3593 1281 κράμ-

2002 1300 2102 1372 ϐης
2149 1301 2347 1370 ὀλίγων
2397 1302 2590 1373 ώμῶν,
2623 1299 2697 1356 ὧν
2732 1303 3036 1373 ἐλάμϐανεν
3095 1300 3238 1353 κατά
3277 1296 3587 1367 Κυριακὴν,

2004 1388 2090 1438 ἵνα
2132 1384 2259 1456 δόξῃ
2305 1385 2530 1450 ἐσθίειν,
2569 1387 2664 1440 καὶ
2693 1387 2769 1458 μὴ
2793 1389 2873 1450 εἰς
2903 1385 3079 1456 οἴησιν
3122 1380 3361 1453 ἐμπέσῃ.
3392 1380 3502 1432 Καὶ
3541 1377 3595 1428 εί

2003 1487 2137 1522 ποτε
2169 1469 2447 1533 ἐξέϐαινεν
2479 1470 2558 1533 είς
2584 1471 2682 1540 τὴν
2705 1471 2894 1542 χρείαν
2928 1467 3145 1533 ἐαυτοῦ,
3185 1467 3378 1520 θᾶττον
3406 1459 3592 1514 είσιὼν

2003 1553 2190 1606 ἵστατο
2215 1553 2294 1616 εἰς
2325 1551 2505 1621 ἔργον,
2543 1554 2616 1624 μὴ
2646 1555 2880 1621 ἀνοίγων
2897 1551 3091 1621 στόμα,
3133 1550 3207 1619 μὴ
3225 1547 3466 1617 λαλήσας
3512 1563 3592 1624 μη

2007 1634 2203 1706 μικρὸν
2231 1636 2307 1706 μὴ
2326 1635 2494 1704 μέγα,
2517 1635 2631 1689 ἀλλ’
2648 1634 2818 1698 ἐστὼς
2835 1635 3066 1699 ἐσιώπα,
3095 1633 3260 1703 μηδὲν
3275 1629 3403 1684 ἀλλο
3422 1623 3593 1680 ποιυῙν

2004 1720 2280 1788 παρεκτὸς
2309 1720 2408 1788 τῆς
2440 1721 2497 1772 ἐν
2519 1720 2716 1790 καρδίᾳ
2747 1718 3077 1790 προσευχῆς,
3109 1717 3204 1769 καὶ
3241 1712 3350 1767 τῶν
3382 1711 3594 1765 θαλλῶν

310 1807 414 1868 Ὠς
445 1804 538 1858 ἐπὶ
554 1803 662 1856 τῶν
693 1802 887 1873 ἱερέων
910 1801 1006 1852 καὶ
1035 1799 1146 1852 τῶν
1178 1797 1501 1868 μυστηρίων
1541 1795 1688 1848 ἔστιν
1718 1797 1848 1850 ἰδεῖν
1879 1812 1892 1827 ⁸
1931 1809 1976 1868 Β
2002 1797 2075 1857 ὧν
2090 1798 2235 1872 εἶχεν
2259 1803 2317 1855 ἐν
2343 1805 2463 1866 ταῖς
2487 1801 2696 1874 χερσίν.
2720 1800 3056 1871 Θεασάμενοι
3090 1799 3148 1850 δὲ
3177 1797 3366 1851 τοῦτον
3391 1795 3595 1856 πάντες

299 1890 378 1959 τῇ
408 1887 466 1941 δέ
493 1885 668 1940 ἐλπίδι
694 1882 788 1939 τοῦ
834 1885 978 1936 πιεῖν
1017 1882 1108 1935 τὸν
1141 1883 1389 1952 κάματον
1423 1879 1531 1933 τῶν
1561 1879 1729 1950 τριῶν
1758 1881 1899 1950 ἡμε-

302 1971 424 2046 ρῶν
487 1968 880 2039 ὑπομείναντος
932 1970 999 2038 τῇ
1034 1966 1290 2046 ῌεύτονίᾳ.
1355 1963 1490 2019 Μεθ’
1551 1966 1618 2036 ἣν
1655 1965 1898 2034 ἀνεφάνη

310 2043 523 2127 πλῆθος
568 2053 848 2126 βουϐάλων
873 2068 888 2084 ο
939 2051 998 2117 ἐξ
1025 2043 1098 2104 ῶν
1136 2049 1233 2120 μία
1282 2049 1481 2118 ἔχουσα
1516 2049 1716 2118 μόσχον
1767 2050 1898 2121 ἔστη

307 2143 605 2197 κατέναντι
655 2137 750 2193 τοῦ
781 2135 1014 2208 μοναχοῦ
1039 2135 1170 2204 (elo!
1203 2134 1312 2206 γὰρ
1350 2135 1544 2190 πολλαὶ
1581 2136 1640 2187 ἐν
1662 2135 1776 2197 τοῖς
1807 2133 1900 2186 τό-

313 2241 441 2288 ποις
470 2221 744 2284 ἐκείνοις).
781 2219 894 2273 Καὶ
935 2218 1012 2281 ὡς
1038 2217 1223 2285 ἐλεγεν
1253 2217 1281 2268 6
1303 2215 1610 2287 Μακάριος,
1644 2217 1726 2270 ὅτι
1749 2215 1902 2288 έρρει

318 2309 490 2378 αὐτῆς
536 2307 597 2359 16
652 2303 821 2373 οὖθαρ
860 2300 954 2354 τοῦ
985 2301 1278 2367 γάλακτος.
1307 2303 1369 2322 ‘“
1415 2299 1781 2354 Ὑπεισελθὼν
1811 2296 1904 2355 οῦν

316 2390 452 2460 ἐγὼ,
507 2387 694 2459 φησὶν,
733 2384 828 2438 καὶ
872 2383 1134 2454 θηλάσας,
1193 2381 1493 2452 ἡρκέσθην.
1539 2383 1659 2438 Ἵνα
1713 2384 1771 2437 δέ
1811 2384 1904 2438 ἐπὶ

321 2474 508 2528 πλεῖον
551 2471 700 2542 δείξῃ
729 2468 830 2539 τὴν
876 2465 1070 2522 ἐαυτοῦ
1111 2466 1272 2536 χάριν
1314 2466 1343 2518 6
1377 2466 1602 2534 Κύριος,
1633 2467 1905 2522 παιδεύων

316 2559 419 2629 ’τὴν
445 2557 586 2628 ἐμὴν
615 2553 929 2624 ὀλιγότητα,
969 2549 1186 2603 κελεύει
1216 2548 1317 2619 τὴν
1358 2548 1618 2619 βούϐαλον
1647 2551 1753 2615 ἐως
1805 2552 1906 2622 τῆς

318 2642 518 2712 κέλλης
534 2636 895 2708 ἀκολουθῆσαί
916 2653 1027 2706 μοι.
1057 2635 1144 2697 ,Ἦ
1169 2631 1224 2686 δὲ
1246 2632 1322 2704 τῷ
1340 2634 1724 2704 προστάγματι
1751 2635 1907 2690 πειθ-

319 2726 614 2798 αρχήσασα
684 2721 971 2792 ἠκολούθει
1021 2720 1121 2790 ἐμὲ
1195 2719 1295 2789 μὲν
1345 2718 1673 2790 θηλάζουσα,
1720 2721 1811 2774 τὸν
1848 2721 1906 2775 δὲ

319 2810 527 2881 μόσχον
557 2806 727 2876 αὐτῆς
776 2805 852 2876 μὴ
888 2803 1177 2874 δεχομένη.

316 2879 339 2954 ξ’
398 2891 621 2945 Ἀλλοτε
668 2888 831 2942 πάλιν
877 2887 1126 2957 ὀρύσσων
1170 2886 1349 2960 φρέαρ
1385 2885 1414 2939 6
1453 2884 1710 2956 ἐνάρετος
1752 2879 1906 2951 οὗτος

317 2979 405 3040 είς
436 2974 744 3030 ἀνάπαυσιν
777 2969 1026 3043 μοναχῶν
1057 2969 1237 3039 (τοῦτο
1270 2970 1327 3023 δὲ
1360 2965 1428 3041 ἦν
1463 2969 1692 3040 πλησίον
1725 2969 1909 3041 θρύων

314 3055 423 3116 ’καὶ
451 3056 747 3130 φρυγάνων
787 3056 905 3107 ἐκεῖ
933 3053 1248 3124 κειμένων),
1277 3052 1382 3106 ὑπὸ
1411 3053 1638 3117 ἀσπίδος
1683 3047 1904 3125 ἐδήχθη.

2001 1888 2049 1939 οἱ
2079 1887 2318 1958 ἀσκηταὶ
2351 1888 2449 1958 τῆς
2485 1887 2650 1957 μονῆς
2676 1885 2913 1953 ἐκείνης,
2946 1882 3278 1936 ἐστασίασαν
3322 1879 3466 1932 κατά
3493 1878 3592 1930 τοῦ

2003 1971 2314 2039 ἡγουμένου
2380 1970 2592 2034 αὐτῶν,
2655 1968 2924 2035 λέγοντες·
2984 1963 3156 2018 Πόθεν
3209 1965 3340 2033 ἡμῖν
3385 1962 3595 2032 ἢγαγες

2003 2052 2191 2106 τοῦτον
2218 2055 2309 2105 τὸν
2349 2052 2590 2121 ἀσαρκον
2619 2049 2908 2120 ἄνθρωπον
2961 2050 3041 2110 είς
3092 2048 3368 2116 ἡμετέραν
3421 2044 3596 2098 κατά-

2005 2151 2215 2206 κρισινς
2272 2134 2305 2206 ἡ
2357 2123 2555 2188 ἕῖιϐαλε
2605 2133 2796 2187 τοῦτον
2850 2130 3125 2196 ἐντεῦθεν,
3159 2129 3194 2201 ἢ
3243 2128 3333 2181 ἵνα
3395 2128 3594 2180 ειδέναι

2005 2218 2170 2289 ἔχοις,
2202 2220 2284 2272 ὅτι
2317 2219 2519 2282 πάντες
2551 2220 2718 2289 ἡμεῖς
2768 2214 3164 2288 ἀναχωροῦμέν
3197 2231 3292 2265 σου
3327 2213 3613 2282 σήμερονν

2018 2302 2284 2365 Ἀκούσας
2311 2301 2370 2354 δὲ
2423 2301 2600 2355 ταῦτα
2633 2299 2786 2370 παρά
2809 2299 2918 2351 τῶν
2946 2297 3193 2366 ἀδελφῶν
3223 2298 3252 2348 6
3281 2296 3452 2366 μέγας
3487 2295 3599 2347 Ila-

2006 2386 2236 2455 χώμιος,
2266 2385 2554 2456 ἠρώτησεν
2606 2383 2678 2437 τὰ
2726 2385 2847 2436 κατ’
2894 2383 3057 2436 αὐτόν
3089 2396 3104 2411 ο
3139 2381 3234 2432 καὶ
3284 2378 3475 2450 μαθὼν
3529 2379 3598 2431 τὰ

2006 2470 2136 2539 περὶ
2183 2470 2283 2539 τῆς
2328 2469 2494 2523 αὑτοῦ
2531 2467 2821 2532 πολιτείας,
2854 2464 3198 2536 προσηύξατο
3231 2464 3309 2535 τῷ
3360 2463 3479 2534 Θεῷ
3511 2465 3598 2518 ἵνα

2008 2550 2158 2621 αὑτῷ
2191 2551 2519 2624 ἀποκαλύψῃ
2551 2552 2614 2604 16
2663 2549 2748 2613 τίς
2788 2551 2940 2602 ἐστιν
2987 2543 3164 2611 οὗτος.
3208 2547 3616 2619 Ἀπεκαλύφθη

2007 2633 2064 2686 δὲ
2089 2631 2238 2705 αῦτῷ
2275 2634 2355 2686 ὃτι
2399 2629 2554 2697 οὗτός
2610 2634 2726 2686 ἐστι
2772 2631 3064 2703 Μακάριος
3099 2635 3128 2686 6
3177 2631 3427 2702 μοναχός.
3464 2632 3599 2684 Τότε

2009 2719 2201 2788 κρατεῖ
2230 2718 2397 2772 αὐτοῦ
2418 2717 2514 2789 τὴν
2547 2719 2706 2788 χεῖρα
2739 2718 2767 2770 6
2789 2707 3006 2788 ’κύριος
3037 2715 3352 2786 Παχώμιος,
3383 2717 3475 2769 καὶ
3507 2716 3598 2780 ἐξ·

2010 2802 2134 2870 ἁγει
2165 2802 2326 2855 αὑτὸν
2367 2801 2492 2866 ἔξω.
2525 2803 2635 2856 Καὶ
2661 2800 2971 2869 εἰσαγαγὼν
2994 2801 3158 2854 αὑτὸν
3183 2801 3261 2862 είς
3285 2802 3377 2852 τὸν
3403 2800 3618 2870 εὑκτήτ

2013 2902 2129 2956 ριον
2188 2880 2357 2951 οἶκον,
2395 2885 2523 2938 ἔνθα
2572 2885 2821 2940 ἀνέκειτο
2870 2883 3051 2938 αὐτῶν
3089 2883 3150 2936 τὸ
3187 2874 3617 2954 θυσιαστήριονί

2010 2972 2100 3025 καὶ
2147 2970 2539 3040 ἀσπασάμενος
2581 2970 2766 3036 αὑτὸν,
2825 2970 2974 3039 λέγει
3031 2969 3201 3039 αὐτῷ’
3252 2969 3446 3040 Δεῦρο,
3496 2964 3617 3021 καί

2009 3057 2211 3126 λόγηρε
2245 3070 2258 3084 ⁸
2323 3057 2387 3108 σὺ
2448 3052 2497 3107 εί
2557 3055 2844 3126 Μακάριος
2875 3094 2890 3121 ,
2952 3056 3049 3108 καὶ.
3120 3055 3446 3125 ἀπέκρυψας
3504 3054 3601 3106 ἀπ’

335 3137 795 3226 ᾏναιρετικὺνΑδέ
825 3137 938 3226 ἐχει
966 3137 1043 3190 ίὺν
1076 3136 1238 3226 τοῦτο
1266 3136 1327 3189 τὸ
1359 3136 1518 3226 ζῶον.
1559 3135 1908 3226 Δραξάμενος
1933 3163 1979 3226 C
2013 3139 2172 3210 ἐμοῦ.
2218 3137 2314 3191 Ἐκ
2355 3138 2564 3226 πολλῶν
2602 3155 2661 3191 σε
2687 3137 3164 3226 ἐτῶναέπεπόθουν
3192 3137 3339 3204 ίδεῖν,
3385 3136 3603 3192 ἀκούων

313 3224 419 3281 οὖν
446 3225 546 3296 τῆς
569 3222 796 3285 ἀσπίδος
824 3221 1029 3291 όάγιος
1048 3225 1170 3285 ταῖς
1217 3223 1559 3292 ἀμφοτέραις
1589 3223 1775 3294 χερσὶν
1804 3223 1912 3276 ἀπὸ
1946 3221 1979 3226 ⁷
2020 3226 2092 3280 τὰ
2140 3226 2267 3296 περὶ
2304 3225 2420 3279 σοῦ.
2474 3223 2648 3296 Χάριν
2692 3241 2776 3278 σοι
2823 3223 2932 3296 ἐχω
2986 3225 3068 3278 ὅτι
3135 3222 3484 3288 ἐκονδύλισας
3534 3223 3606 3278 τὰ

319 3310 437 3365 τῶν
479 3309 572 3362 δύο
619 3307 789 3379 αὐτῆς
832 3305 1092 3377 χελυνίων
1133 3305 1340 3378 ταύτην
1396 3307 1702 3379 διέρρηξεν,
1744 3308 1914 3364 είπὼν

323 3393 468 3464 πρὸς
505 3392 694 3462 αὐτήν·
735 3391 829 3460 Μή
869 3389 1287 3454 ἀποστείλαντός
1323 3408 1384 3445 σε
1422 3392 1517 3446 τοῦ
1553 3392 1760 3464 Κυρίου
1786 3409 1911 3461 μου,

293 3540 296 3545 _
323 3477 448 3541 πῶς
470 3476 781 3548 ἐτόλμησας
810 3474 986 3528 ἐλθεῖν
1009 3474 1146 3548 πρὸς
1175 3477 1313 3546 ἐμές

396 3563 569 3626 A610;
613 3555 770 3624 οὗτος
800 3560 1040 3623 ἀκούσας
1083 3563 1112 3613 ὁ
1158 3563 1332 3630 μέγας
1383 3561 1668 3635 Μακάριος
1695 3564 1778 3618 ὅτι
1809 3581 1914 3636 με-

326 3647 505 3717 γάλην
540 3645 723 3715 ἐχουσι
771 3643 1052 3696 πολιτείαν
1095 3644 1144 3696 οἱ
1195 3643 1660 3714 Ταϐεννησιῶται,
1695 3665 1914 3719 μεταμ-

328 3730 661 3801 φιεσάμενος
682 3727 775 3781 καὶ
803 3726 1090 3780 ἀναλαϐὼν
1121 3728 1384 3797 κοσμικδν
1417 3731 1608 3800 σχῆμα
1639 3732 1877 3801 ἐργάτου
1899 3775 1914 3800 ,

325 3813 398 3868 δι’
428 3811 651 3884 ἡμερῶν
711 3809 1010 3864 δεκαπέντε
1041 3809 1276 3880 ἀνῆλθεν
1307 3814 1387 3876 είς
1427 3814 1527 3883 τὴν
1557 3814 1802 3885 Θηϐαΐδα
1826 3817 1918 3871 διὰ

327 3900 430 3968 τῆς
460 3896 670 3967 ἐρήμου
697 3894 944 3957 ὁδεύσας.
987 3893 1096 3947 Καὶ
1133 3894 1393 3950 εἰσελθὼν
1449 3898 1509 3952 ἐν
1560 3897 1638 3969 τῷ
1667 3900 1916 3973 ἀσκητηα

331 3983 436 4052 ρίῳ
486 3979 594 4032 τῶν
625 3977 1108 4049 Ταϐεννησιωτῶν,
1143 3979 1481 4051 ἐπεζήτησεν
1513 3981 1606 4036 τὸν
1653 3983 1918 4054 ἀρχιμαν-

326 4063 518 4134 δρίτην
535 4062 739 4116 τούτων
758 4061 1074 4131 Παχώμιον,
1089 4062 1315 4134 ὀνόματι
1332 4063 1502 4136 ἄνδρα
1520 4067 1914 4138 δοκιμώτατον,

325 4150 432 4223 μαι
497 4149 747 4218 χάρισμα
813 4145 1007 4216 ἔχοντα
1057 4149 1440 4220 προφητικόν·
1510 4143 1556 4218 ᾧ
1621 4151 1912 4224 ἀπεκρύϐη

330 4233 456 4286 τότε
484 4231 564 4302 τῷ
592 4231 732 4300 ἁγίῳ
770 4230 965 4300 ἐκείνῳ
998 4230 1068 4284 τὰ
1097 4231 1240 4284 κατὰ
1267 4233 1358 4285 τὸν
1399 4233 1575 4302 μέγαν
1605 4237 1914 4309 Μακάριον.

333 4314 651 4386 Περιτυχὼν
677 4313 772 4368 οῦν
801 4311 948 4384 αὐτῷ
975 4315 1004 4368 6
1037 4316 1322 4387 Μακάριος
1360 4313 1536 4371 εἶπεν·
1567 4322 1767 4391 Δέομαί
1801 4338 1916 4390 σου,

333 4400 533 4470 κύριε,
568 4401 714 4466 δέξαι
770 4416 838 4470 με
892 4400 973 4462 είς
1020 4401 1120 4472 τὴν
1173 4404 1343 4475 μονήν
1388 4421 1505 4469 σου,
1539 4406 1624 4460 ἵνα
1672 4408 1919 4480 γένωμαι

2019 3309 2209 3365 παιδία
2236 3326 2364 3380 μου,
2415 3308 2504 3364 ῐνα
2553 3309 2628 3382 μὴ
2656 3309 2802 3379 μέγα
2839 3309 3111 3380 φρονῶσιν
3145 3309 3238 3362 ἐπὶ
3276 3311 3343 3379 τῇ
3391 3307 3606 3364 ἐαυτῶν

2016 3398 2274 3469 ἀσκήσει.
2307 3394 2621 3469 Παρακαλῶ
2656 3411 2737 3460 σε,
2769 3393 2972 3448 ἄπελθε
3007 3395 3089 3458 είς
3135 3394 3228 3450 τὸν
3264 3395 3429 3449 τόπον
3482 3410 3604 3448 σου.

1933 3497 1941 3502 ί
2016 3480 2318 3550 Αὑτάρκως
2349 3480 2459 3550 γάρ
2498 3478 2854 3548 ᾠκοδόμησας
2905 3479 3075 3548 ἡμᾶς,
3111 3478 3207 3531 καὶ
3257 3476 3420 3549 εὔχου
3461 3478 3606 3550 ὑπὲρ

2015 3563 2198 3634 ἡμῶν.
2235 3563 2369 3616 Τότε
2415 3561 2669 3628 ἀξιωθεὶς
2717 3560 2807 3614 ὑπ’
2855 3559 3042 3626 αὑτοῦ,
3084 3560 3389 3631 δεηθέντων
3437 3561 3604 3616 αὐτοῦ

2017 3648 2240 3702 πάντων
2264 3645 2375 3699 τῶν
2409 3644 2678 3715 ἀδελφῶν,
2704 3645 3052 3716 ἀνεχώρησεν
3073 3645 3268 3708 οὕτως.

2094 3731 2318 3786 Ἀλλοτε
2340 3730 2503 3784 πάλιν
2529 3731 2771 3801 διηγεῖτο
2800 3733 2932 3801 ἡμῖν
2961 3724 3117 3794 οὗτος
3141 3732 3169 3785 6
3197 3729 3436 3801 ἀπαθής·
3475 3729 3606 3784 Ὅτι

2020 3818 2204 3871 πᾶσαν
2256 3814 2540 3869 πολιτείαν
2591 3817 2896 3883 ἀσκητικὴν
2924 3813 2993 3884 ἢν
3027 3812 3353 3884 ἐπεθύμησα
3385 3829 3608 3885 κατωρ-

2021 3900 2222 3967 θώσας,
2254 3899 2376 3953 τότε
2405 3901 2483 3964 εἰς
2504 3898 2672 3970 ἀλλην
2702 3894 2867 3969 ἦλθον
2889 3898 3185 3970 ἐπιθυμίαν
3210 3900 3607 3968 πνευματικὴν.

2033 3983 2134 4037 Ἐν
2158 3980 2239 4046 οἷς
2273 3979 2469 4054 ἐκρίνά
2512 3999 2646 4034 ποτε
2677 3983 2756 4044 εἰς
2794 3981 3002 4052 ταύτην
3039 3981 3148 4034 τῶν
3189 3983 3366 4052 ἔργων
3419 3980 3609 4035 ἐπιθυ-

2023 4069 2152 4140 μίαν
2185 4068 2379 4122 ἐλθεῖν.
2415 4067 2524 4122 Kal
2558 4066 2836 4137 ἡθέλησα,
2868 4069 3021 4136 φησὶ,
3049 4067 3210 4120 πέντε
3235 4068 3461 4140 ἡμερῶν
3507 4067 3610 4139 μό-

2020 4171 2109 4208 νον
2174 4154 2266 4206 τὸν
2336 4150 2462 4204 νοῦν
2526 4167 2630 4222 μου
2687 4151 2795 4204 ἀπὸ
2845 4151 2939 4204 τοῦ
2999 4151 3136 4204 Θεοῦ
3188 4153 3610 4222 ἀπερίσπαστον

2022 4237 2270 4306 ποιῆσαι,
2328 4235 2424 4288 καὶ
2484 4235 2651 4306 μηδὲν
2700 4235 2837 4298 ὅλως
2903 4235 3189 4304 ἐννοῆσαι,
3236 4235 3373 4288 άλλά
3414 4235 3610 4308 ἐκείνῳ

2025 4324 2174 4394 μόνῳ
2221 4323 2642 4393 προσανασχεῖν.
2677 4321 2787 4373 Καὶ
2823 4321 2983 4373 τοῦτο
3018 4320 3213 4389 κρίνας
3264 4323 3323 4374 ἐν
3357 4323 3607 4393 ἐμαυτῷ,

2028 4406 2336 4462 ἀπέκλεισά
2379 4423 2480 4476 μου
2507 4406 2605 4474 τὴν
2653 4405 2851 4458 κέλλαν
2879 4405 2972 4459 καὶ
3024 4404 3224 4471 ἔξωθεν
3257 4406 3356 4478 τὴν
3413 4407 3606 4479 αὐλὴν,

331 4485 590 4556 μοναχός.
648 4484 811 4553 Λέγει
857 4484 1009 4555 αύτῷ
1065 4489 1094 4539 ὁ
1147 4487 1320 4556 μέγας
1369 4488 1684 4560 Παχώμιος·
1717 4493 2167 4564 Λοιπὸνυῶςτε
2214 4495 2289 4562 μὴ
2320 4490 2503 4543 δοῦναι
2557 4487 2829 4560 ἀνθρώπῳ
2870 4488 3080 4542 ἐλθόντι
3131 4491 3444 4560 ἀπόκρισιν.
3500 4492 3611 4546 Καὶ

328 4571 418 4652 ,είς
459 4569 638 4637 γῆρας
673 4569 900 4637 ἡλασας,
928 4570 1120 4622 ἀσκεῖν
1165 4571 1229 4622 σὺ
1284 4570 1400 4634 πῶς
1434 4571 1697 4639 δύνασαις
1746 4577 1922 4631 Ἀδελ-

337 4653 430 4722 φοί
452 4654 591 4705 είσιν
617 4653 727 4706 ἀπὸ
755 4652 1005 4720 νεότητος
1055 4653 1418 4724 ἀσκήσαντες,
1451 4659 1547 4710 καὶ
1577 4663 1690 4724 τοῖς
1735 4664 1921 4728 πόνοις

329 4736 742 4822 ,συντραφέντες
769 4735 996 4822 φέρουσι
1019 4738 1111 4790 τὸν
1144 4740 1390 4808 κάματον
1413 4758 1427 4773 ·
1466 4744 1530 4796 σὺ
1567 4745 1624 4797 δὲ
1652 4749 1709 4798 ἐν
1750 4748 1923 4822 ταύτῃ

335 4824 406 4893 τῇ
441 4803 629 4892 ἡλικίᾳ
666 4821 726 4872 οὐ
772 4803 1001 4873 δύνασαι
1035 4803 1278 4889 ἐνεγκεῖν
1306 4825 1434 4888 τοὺς
1490 4826 1591 4896 τῆς
1637 4803 1924 4900 ἀσκήσεως

334 4903 705 4976 ίπειρασμοὺς,
741 4905 836 4958 καὶ
861 4904 1208 4978 σκανδαλίζῃ,
1240 4910 1335 4960 καὶ
1368 4909 1589 4982 ἐξέρχῃ,
1624 4916 1718 4967 καὶ
1754 4933 1924 4970 κακο-

339 4989 520 5054 λογεῖς
556 4990 721 5059 ἡμᾶς.
755 4989 866 5041 Καὶ
898 4989 998 5041 οὑκ
1023 4989 1240 5054 ἐδέξατο
1280 4993 1464 5060 αὐτὸν,
1498 4996 1623 5049 οὔτε
1653 4999 1751 5071 τὴν
1802 5001 1924 5056 δευ-

339 5073 524 5158 τέραν,
553 5074 743 5158 μέχρις
764 5072 986 5158 ἡμερῶν
1024 5074 1185 5130 ἐπτά.
1236 5076 1294 5128 Ὀ
1326 5079 1381 5131 δὲ
1412 5081 1708 5153 ηὑτόνησεν
1741 5103 1926 5158 παρα-

347 5154 533 5246 μ-είνας
555 5157 759 5223 νῆστις.
820 5155 1089 5227 ’Ὕστερον
1143 5159 1199 5211 δέ
1259 5160 1406 5230 λέγει
1457 5169 1604 5238 αὺτῴ
1657 5173 1686 5223 ὀ
1745 5154 1926 5246 γέρων

341 5242 657 5312 Μακάριοςο
692 5242 850 5308 Δέξαι
893 5260 984 5312 με,
1022 5243 1188 5312 ἀϐϐᾶ,
1232 5251 1323 5302 καὶ
1375 5251 1470 5305 ἐάν
1522 5255 1596 5327 μὴ
1644 5242 1926 5330 νηστεῦσω

342 5329 463 5380 κατ’
514 5327 730 5391 αὐτοὺς,
791 5330 886 5380 καὶ
936 5330 1259 5403 ἐργάζωμαι
1296 5335 1335 5389 ἀ
1390 5327 1738 5412 ἐργάζονται,
1804 5351 1928 5403 τότε

345 5410 596 5464 κέλευσόν
626 5429 692 5481 με
722 5415 1016 5486 ἐκριφῆναι
1044 5419 1142 5488 τῆς
1171 5421 1360 5489 μονῆς.
1394 5424 1577 5480 Πείθει
1613 5410 1740 5494 τοὺς
1773 5434 1928 5488 ἀδελ-

345 5494 483 5562 φοὺς
511 5499 538 5550 ὁ
571 5496 744 5566 μέγας
778 5501 1072 5572 Παχώμιος
1102 5505 1445 5570 εἰσδέξασθαι
1477 5512 1658 5569 αὐτόν.
1697 5519 1928 5576 Ἔστιδέ

345 5579 409 5631 τὸ
441 5579 694 5674 σύστημα
725 5582 821 5674 τῆς
854 5587 985 5653 μιᾶς
999 5589 1187 5674 -μονῆς
1234 5592 1452 5663 ἐκείνης
1480 5597 1641 5665 χίλιοι
1663 5607 1928 5674 τετρακό-

347 5678 458 5760 σιονι
512 5663 704 5760 ἄνδρες
747 5667 909 5760 μέχρι
963 5670 1063 5760 τῆς
1110 5675 1368 5746 σήμερον.
1423 5663 1684 5751 Εἰσῆλθεν
1717 5663 1810 5742 οῦν
1851 5693 1930 5754 είς

343 5749 552 5819 ταύτην
575 5751 602 5802 6
622 5749 797 5819 μέγας
819 5753 1124 5824 Μακάριος.
1160 5764 1517 5833 Περελθόντος
1533 5749 1586 5824 δὲ
1619 5773 1810 5845 χρόνου
1829 5749 1929 5831 61E:

667 5847 940 5912 ΡΑἸΒοι..
989 5854 1109 5914 Gn.
1160 5858 1441 5926 XXXIV.

2024 4579 2188 4648 ἔστην
2238 4576 2543 4646 ἀρξάμενος
2592 4575 2701 4628 ἀπὸ
2750 4574 2850 4642 τῆς
2899 4575 3178 4643 δευτέρας,
3233 4576 3610 4644 παραγγείλας

2029 4681 2130 4734 μου
2160 4663 2239 4733 τῷ
2262 4662 2358 4731 νῷ,
2395 4660 2564 4713 εἰπὼν
2597 4658 2768 4730 αὐτῷ,
2800 4661 2972 4712 Βλέπε
3006 4661 3080 4732 μὴ
3113 4659 3380 4734 κατέλθῃς
3410 4664 3474 4715 ἐκ
3503 4661 3612 4715 τῶν

2025 4748 2292 4820 οὐρανῶν.
2318 4745 2502 4816 Ἔχεις
2534 4749 2648 4799 ἐκεῖ
2675 4745 2940 4814 ἀγγέλους
2962 4746 3360 4818 ἀρχαγγέλούς,
3386 4746 3482 4810 τὰς
3499 4747 3612 4802 ἄνω

2031 4835 2212 4894 πάσας
2265 4831 2545 4900 δυνάμεις,
2596 4830 2662 4882 τὰ
2715 4830 3018 4901 Χερουϐὶμ,
3075 4829 3145 4882 τά
3197 4830 3472 4900 Σεραφὶμ,
3520 4832 3612 4886 τὸν

2026 4919 2161 4971 Θεὸν
2185 4917 2292 4969 τῶν
2322 4915 2538 4968 πάντων
2562 4915 2794 4986 ποιητήν
2816 4932 2829 4944 ο
2859 4917 2978 4968 ἐκεῖ
3003 4914 3284 4984 διάτριψον
3314 4932 3326 4944 ·
3359 4916 3434 4987 μὴ
3475 4933 3612 4970 κατ-

2028 5002 2189 5071 έλθῃς
2224 5001 2482 5053 ὑποκάτω
2508 4997 2603 5052 τοῦ
2647 4999 2878 5068 οὐρανοῦ
2913 5016 2928 5032 ο
2968 4999 3044 5070 μὴ
3083 4998 3330 5071 ἐμπέσῃς
3363 5002 3441 5064 είς
3461 5001 3612 5072 λογι-

2032 5088 2201 5156 σμους
2245 5083 2530 5154 ψυχικούς.
2573 5083 2684 5136 Καὶ
2723 5083 3040 5154 διαρκέσας,
3066 5086 3486 5156 φησὶν,ἡμέρας
3518 5087 3611 5140 δύο

2029 5174 2125 5224 καὶ
2162 5171 2257 5224 δύο
2299 5169 2502 5232 νύκτας
2547 5167 2719 5230 οὕτως
2783 5169 3077 5240 παρώξυνα
3115 5171 3205 5224 τὸν
3253 5171 3505 5241 δαίμονα,
3535 5173 3612 5233 da;

2031 5257 2205 5326 φλόγα
2245 5257 2417 5323 πυρὸς
2451 5253 2707 5322 γενέσθαι
2754 5254 2963 5320 τοῦτον,
2989 5256 3082 5308 καί⁵
3115 5256 3458 5310 κατακαῦσαί
3507 5274 3612 5326 μου

2032 5342 2210 5394 πάντα
2238 5340 2305 5392 τά
2347 5341 2402 5390 ἐν
2437 5337 2514 5409 τῷ
2560 5337 2780 5408 κελλίῳ,
2819 5337 2894 5400 ὠς
2934 5341 3030 5392 καὶ
3073 5340 3166 5393 τὸν
3192 5340 3387 5410 ψίαθον
3417 5339 3502 5407 ἐφ’
3555 5339 3614 5393 ὃν

2032 5428 2303 5497 εἱστήκειν
2336 5424 2467 5493 πυρὶ
2491 5424 2922 5493 καταφλεγῆναι.
2957 5426 3068 5478 Καὶ
3091 5426 3266 5490 οὕτως
3295 5425 3516 5493 νομίσαι
3542 5444 3615 5495 με

2033 5513 2114 5565 ὅτι
2174 5508 2285 5576 ἐγὼ
2353 5509 2472 5571 ὅλος
2515 5509 2897 5580 ἐμπίπραμαι.
2969 5510 3154 5574 Τέλος,
3215 5510 3446 5581 πληγεὶς
3503 5509 3616 5578 ἐγὼ

2034 5596 2184 5665 φόϐῳ
2255 5594 2500 5661 ἀπέστην
2567 5593 2665 5663 τῆς
2712 5595 3025 5664 προθέσεως
3081 5595 3282 5664 ταύτης
3335 5599 3399 5666 τῇ
3455 5597 3617 5668 τρίτῃ

2035 5682 2241 5754 ἡμέρᾳ,
2278 5680 2352 5751 μὴ
2381 5679 2629 5750 δυνηθεὶς
2659 5679 2844 5731 λοιπὸν
2878 5681 3285 5750 ἁπερίσπαστόν
3321 5699 3422 5751 μου
3454 5681 3616 5746 ποιῆ-

1978 5819 2001 5854 ἑ.
2034 5793 2126 5832 σαι
2156 5776 2246 5828 τὸν
2269 5773 2414 5839 νοῦν,
2452 5771 2591 5828 ἀλλὰ
2627 5772 2893 5842 κατῆλθον
2924 5777 3003 5838 εἰς
3023 5772 3256 5845 θεωρίαν
3281 5774 3375 5828 τοῦ
3407 5776 3616 5846 κόσμου

3173 5870 3252 5931 35
