4020 6426
475 345 613 413 1559

1954 328 2306 388 PALLADII

3609 323 3752 394 1060

471 457 688 518 τούτου,
718 452 805 505 ῑνα
844 450 918 520 μὴ
934 449 1019 519 είη
1050 464 1140 519 μοι
1183 444 1342 500 τοῦτο
1375 443 1693 513 λογισθῆναι
1727 443 1806 504 είς
1865 438 2054 520 τύφον.
2089 444 2136 497 Α
2162 433 2542 520 παραγγείλας
2574 437 2687 520 τοῖς
2721 434 2887 520 αύτοῦ
2912 435 3030 520 μετ’
3069 433 3237 491 αὐτοῦ
3269 437 3343 510 μὴ
3372 437 3553 520 κρέως
3585 442 3753 495 αὐτὸν

541 514 732 602 Τούτῳ
759 514 1228 600 τῷπνευματικῷ
1261 523 1692 602 λοιπὸνῌμοναχῷ
1729 521 1806 590 τῷ
1831 519 2054 602 μεγάλῳ
2157 514 2429 602 ἅψασθαι,
2462 516 2536 602 μὴ
2567 517 2714 602 οῖνρμ
2767 516 3111 602 ἐπὶὲήμέρας
3155 517 3585 574 τεσσαράκοντα.
3638 521 3755 574 Καὶ

471 597 746 680 Μακαρίῲ
785 597 1098 677 παρέϐαλον
1129 597 1260 674 ἐγὼ,
1299 607 1391 658 καὶ
1421 598 1580 674 εὖρον
1616 604 1720 667 ἔξω
1744 601 1840 670 τῆς
1861 597 2056 680 κέλλης

472 673 1047 758 αὐτοῦ’πρεσϐύτερον
1082 673 1274 756 κώμης
1320 685 1444 738 τινα
1475 673 1896 750 κατακείμενον,
1923 673 1983 758 06
2006 677 2059 745 εὴ

471 767 684 838 κεφαλὴ
711 755 862 819 πᾶσα
891 755 1297 833 ἐϐέϐρωτούπδ
1316 762 1408 815 τοῦ
1423 758 1734 838 πάθουςτοῦ
1765 755 2059 838 λεγομένου

472 834 756 916 καρκίνου,
797 844 872 906 ὡς
903 844 999 896 καὶ
1033 843 1163 894 αὐτὸ
1206 845 1266 894 τὸ
1292 841 1483 893 ὀστοῦν
1515 839 1624 892 ἀπὸ
1653 837 1754 907 τῆς
1812 834 2062 916 κορυφῆς

471 915 758 993 φαίνεσθαι
790 922 954 976 ἅπαν.
987 917 1158 984 Οὗτος
1212 918 1546 990 παρεγένετο
1599 917 1735 987 πρὸς
1782 915 1943 968 αὐτὸν
1983 915 2064 965 ἰα-

471 1005 656 1074 θῆναι,
693 1005 787 1056 καὶ
810 1004 908 1055 οὐκ
932 1002 1144 1070 ἐδέχετο
1176 1000 1365 1054 τοῦτον
1399 1000 1458 1051 ἐν
1485 996 1766 1066 συντυχίᾳ.
1805 996 2065 1063 Παρακα-

471 1083 528 1137 λέ
538 1101 635 1145 σας
671 1083 850 1135 τοίνυν
880 1079 1069 1146 αὐτὸν,
1092 1081 1256 1149 λέγω·
1293 1078 1496 1148 Δέομαί
1545 1093 1662 1141 σου,
1686 1074 2063 1142 κατοίκτειρον

471 1161 663 1216 τοῦτον
688 1161 779 1214 τὸν
821 1159 1027 1227 ἄθλιον,
1055 1160 1148 1214 καὶ
1170 1160 1258 1223 δὸς
1287 1157 1436 1228 αὐτῷ
1462 1157 1568 1211 κᾶν
1617 1155 1930 1226 ἀπόκρισιν.
1955 1151 2065 1204 Καὶ

474 1241 640 1303 αὐτὸς
691 1239 1071 1309 ἀποκρίνεται,
1111 1237 1287 1305 λέγων
1342 1253 1454 1306 μοι,
1509 1235 1590 1287 ὅτι
1653 1232 1898 1298 Ἀνάξιός
1947 1231 2064 1283 ἐστι

471 1321 566 1374 τοῦ
600 1320 838 1389 ἰαθῆναι.
877 1319 1104 1372 Παιδεία
1138 1318 1249 1388 γάρ
1299 1315 1508 1386 Κυρίου
1558 1313 1707 1383 αὐτῷ
1765 1310 1909 1380 αὕτη
1959 1312 2066 1363 ἀπ-

471 1401 696 1469 εστάλη.
719 1401 782 1453 El
804 1399 860 1452 δέ
895 1397 1068 1460 θέλεις
1095 1397 1256 1450 αὑτὸν
1285 1395 1526 1462 ἰαθῆναι,
1552 1394 1740 1446 πεῖσον
1769 1389 1932 1445 αὐτὸν
1953 1389 2066 1469 ἀπὸ

444 1532 445 1535 η
474 1477 570 1532 τοῦ
598 1467 693 1530 νῦν
714 1478 1018 1546 ἀποστῆναι
1053 1477 1150 1546 τῆς
1193 1474 1535 1542 λειτουργίας
1581 1471 1689 1524 τῶν
1723 1467 2063 1541 μυστηρίων.

437 1568 452 1625 Α
487 1557 630 1625 Ἐγὼ
663 1557 719 1610 δέ
753 1556 899 1623 λέγω
938 1555 1111 1626 αὐτῷ·
1140 1556 1238 1607 Διά
1259 1551 1344 1618 τίς
1372 1551 1564 1622 δέομαί
1591 1567 1708 1605 σου.
1742 1550 1906 1616 Λέγει
1950 1563 2059 1626 μοι·

401 1671 403 1674 ι
481 1639 771 1709 Πορνεύων
799 1635 1160 1705 ἐλειτούργει,
1177 1635 1272 1709 καὶ
1291 1630 1381 1685 διά
1415 1633 1572 1684 τοῦτο
1590 1625 2061 1709 παιδεύεταιΑνῦν.

437 1699 456 1745 θ
488 1699 618 1769 Ἐάν
655 1713 750 1768 οὖν
790 1716 1003 1784 ἀποστῇ
1017 1699 1182 1783 ’φόϐῳ
1211 1708 1287 1765 ὧν
1331 1707 1689 1780 καταφρονῶν
1721 1705 2063 1784 κατετόλμης

476 1813 589 1861 σεν,
615 1799 644 1848 ό
674 1794 806 1857 Θεὸς
860 1782 1228 1846 αύτδνίᾶται.
1262 1785 1429 1843 Εἶπον
1465 1784 1558 1840 οὖν
1608 1783 1719 1854 ἐγὼ
1760 1783 1936 1836 ταῦτα
1990 1782 2068 1849 τῷ
2102 1789 2142 1843 Β

473 1890 610 1926 κακι.
635 1873 825 1943 ιμένῳ.
869 1872 926 1923 '0
961 1870 1017 1923 δὲ
1043 1868 1293 1922 συνέθετο
1337 1866 1544 1936 ὀμόσας
1584 1865 1676 1916 ἐπὶ
1702 1862 1836 1943 Θεοῦ
1871 1861 2068 1943 μηκέτι

475 1938 810 2022 ίερατέῦσαὶ,
846 1951 940 2004 καὶ
965 1949 1087 2002 τότε
1118 1947 1305 2000 τοῦτον
1334 1946 1571 2009 ἐδέξατο.
1600 1943 1708 1996 Καὶ
1731 1938 2064 2022 λέγειαὺτῶο

476 2019 763 2093 Πιστεύεις
781 2031 863 2082 ὅτι
891 2030 1036 2080 ἔστιν
1058 2027 1189 2090 Θεὸς
1209 2027 1268 2079 ὃν
1286 2024 1438 2079 οὐδὲν
1463 2022 1714 2075 λανθάνει
1731 2037 1765 2085 ,ς
1803 2019 2065 2088 Ἀποκρί-

475 2128 628 2164 vam:
675 2111 917 2171 ἐκεῖνος·
972 2107 1119 2170 Ναὶ,
1159 2104 1346 2174 δέομαί
1393 2121 1506 2156 σου.
1541 2098 1673 2153 Εἶτα
1723 2099 1870 2164 λέγει
1923 2097 2070 2166 αύτῴ

482 2190 512 2242 6
542 2189 847 2256 Μακάριος·
872 2185 964 2256 Μὴ
984 2185 1257 2256 ἠδυνήθης
1295 2182 1577 2248 διαπαῖξαι
1602 2181 1691 2234 τὸν
1712 2180 1880 2245 Θεόν;
1910 2178 2070 2245 Λέγει

480 2269 708 2329 ἐκεῖνος’
764 2267 878 2318 Οὐκ
924 2265 1216 2335 ἠδυνήθην,
1268 2264 1426 2333 κύριέ
1477 2279 1599 2333 μου.
1658 2261 1823 2327 Λέγει
1865 2257 2014 2328 αὐτῷ
2045 2259 2072 2310 ὁ

484 2347 660 2417 μέγας
683 2345 996 2416 Μακάριος⁸
1037 2345 1100 2397 Ei
1121 2343 1405 2414 γνώρίζεις
1425 2345 1487 2394 σὺ
1524 2345 1620 2410 την
1645 2339 1924 2410 ἁμαρτίαν
1948 2355 2065 2401 σου,

479 2426 573 2478 καὶ
597 2424 695 2495 τὴν
733 2423 830 2477 τοῦ
870 2422 1008 2476 Θεοῦ
1068 2422 1340 2486 παιδείαν,
1375 2421 1441 2473 δι’
1476 2419 1541 2490 ἦν
1598 2417 1752 2471 ταῦθ’
1799 2417 2070 2486 ὑπέστης,

480 2504 774 2574 διόρθωσαι
804 2502 882 2566 είς
904 2502 966 2555 τδ
986 2499 1132 2571 ἑξῆς.
1157 2501 1266 2556 Καὶ
1293 2499 1726 2570 ἐξομολογήσατο
1754 2496 1851 2566 τὴν
1887 2497 2071 2574 ἀμαρ-

482 2573 628 2647 τίαν,
661 2583 755 2635 καὶ
788 2580 956 2635 ἔδωκε
985 2581 1142 2647 λόγον
1173 2581 1266 2633 τοῦ
1304 2579 1500 2650 μηκέτι
1551 2575 1894 2648 ἀμαρτῆσαι,
1933 2573 2072 2644 μήτε

482 2660 870 2732 λειτουργῆσαι
898 2660 975 2730 τῷ
1001 2660 1393 2730 θυσιαστηρίῳ,
1415 2659 1548 2711 ἀλλὰ
1567 2659 1656 2710 τὸν
1673 2657 1864 2710 λαῖκδν
1892 2656 2072 2709 ἀσπά-

489 2746 688 2798 σασθαι
738 2743 962 2816 κλῆρον.
1013 2738 1127 2796 Εἴθ’
1167 2742 1339 2806 οὕτως
1384 2741 1654 2808 ἐπέθηκεν
1705 2740 1856 2810 αὐτῷ
1882 2741 2072 2808 χεῖρας

483 2827 512 2879 6
545 2826 722 2895 ἅγιος.
751 2825 862 2877 Καὶ
889 2826 946 2876 ἐν
963 2823 1172 2892 ὀλίγαις
1191 2824 1426 2895 ἡμέραις
1446 2823 1540 2874 καὶ
1572 2821 1695 2890 ἰάθη
1725 2824 1820 2874 καὶ
1853 2821 2077 2888 ἐτρίχω-

485 2922 598 2968 σεν,
638 2905 734 2958 καὶ
760 2903 1008 2974 ἀπῆλθεν
1038 2903 1197 2973 ὑγιὴς
1226 2904 1305 2965 είς
1329 2902 1420 2955 τὸν
1439 2897 1588 2953 οἷκον
1622 2901 1810 2966 αὐτοῦ,
1832 2899 2072 2964 δοξάζων

485 2981 579 3036 τὸν
610 2981 766 3047 Θεὸν,
788 2981 1130 3052 εὐχαριστῶν
1156 2980 1213 3033 δὲ
1243 2982 1439 3053 καὶτῷ
1471 2979 1713 3051 μεγάλῳ.

558 3055 730 3123 Οὗτος
752 3057 899 3132 εῖχεν
920 3051 1212 3131 διαφόρους
1239 3051 1437 3122 κέλλας
1461 3060 1519 3112 ἐν
1554 3061 1620 3129 τῇ
1650 3059 1863 3129 ἐρήμῳ,
1903 3059 1962 3112 ἐν
1987 3051 2075 3120 αἷς

485 3139 611 3221 τοὺς
653 3138 858 3221 ἄθλους
877 3140 976 3206 τῆς
1031 3137 1234 3221 ἀρετῆς
1291 3137 1638 3221 ἐξειργάζετο
1663 3152 1678 3168 ο
1717 3137 1845 3221 μίαν
1892 3138 1968 3221 ⁸ἐν
1993 3138 2074 3221 Δτῇ
2106 3164 2147 3221 C

485 3220 688 3287 Σκήτει
714 3219 771 3270 ἐν
801 3219 867 3286 τῇ
919 3217 1227 3287 πανερήμῳ
1270 3218 1337 3286 τῇ
1369 3214 1624 3284 ἐνδοτέρςι
1651 3229 1663 3242 ·
1698 3215 1829 3283 μίαν
1861 3213 1940 3276 εἰς
1979 3213 2075 3266 Λι-

488 3297 627 3367 ϐύην
663 3297 744 3359 είς
770 3295 838 3348 τά
865 3295 1134 3364 λεγόμενα
1169 3294 1372 3348 Κελλία
1394 3309 1406 3324 ο
1440 3295 1568 3363 μίαν
1597 3294 1676 3357 είς
1713 3295 1774 3346 τὸ
1808 3292 1933 3362 ὅρος
1979 3291 2078 3361 τῆς

489 3376 742 3446 Νιτρίας.
763 3375 872 3427 Καὶ
893 3374 950 3427 αἱ
980 3374 1078 3444 μέν
1110 3377 1247 3427 είσιν
1282 3373 1624 3444 ἀθυρίδωτοι,
1666 3373 1745 3436 είς
1775 3372 1840 3435 ἃς
1858 3371 2080 3441 ἐλέγετο

488 3460 516 3511 6
547 3456 835 3524 Μακάριος
855 3452 1185 3516 καθέζεσθαι
1220 3456 1278 3507 ἐν
1305 3458 1370 3524 τῇ
1401 3455 1827 3524 Τεσσαρακοστῇ
1858 3455 1916 3505 ἐν
1949 3469 2078 3505 σκο-

487 3536 600 3605 τία*
635 3538 666 3604 ἡ
695 3535 750 3587 δὲ
773 3533 907 3604 άλλη
940 3533 1102 3586 κέλλα
1123 3536 1431 3603 στενωτάτη
1454 3533 1598 3587 πάνυ
1631 3533 1895 3602 ὑπῆρχεν,
1921 3531 2082 3602 είςῆν

489 3615 731 3667 ἐκτεῖναι
751 3613 920 3676 πόδας
948 3614 1045 3665 οὐκ
1064 3608 1151 3681 ῆνσ
1175 3612 1284 3684 ἠδὲ
1307 3614 1464 3684 τρίτη
1478 3611 1643 3664 κέλλα
1658 3606 1726 3682 ἦν
1747 3611 2078 3682 πλατυτέρα,

491 3697 550 3748 ἐν
579 3688 731 3766 ᾖκαὶ
757 3692 1122 3761 συνετύγχανε
1161 3695 1275 3755 τοῖς
1297 3691 1432 3762 πρὸς
1465 3691 1626 3744 αὐτὸν
1659 3690 1934 3760 φοιτῶσιν.

575 3774 633 3824 ὐ
682 3771 926 3839 φιλόθεος
983 3767 1136 3834 οὗτος
1184 3769 1442 3823 τοσοῦτον
1485 3771 1690 3840 πλῆθος
1741 3770 2076 3840 ἐθεράπευσε

491 3849 981 3920 δαιμονιζομένων,
1030 3852 1104 3913 ώς
1167 3849 1243 3921 μὴ
1280 3850 1479 3921 ῥᾳδίως
1527 3848 1748 3921 ἀριθμῷ
1783 3849 2084 3902 ὑποϐάλλε-

496 3930 621 3984 σθαι
653 3929 896 4000 τούτους.
943 3930 1236 3999 Παρόντων
1263 3928 1321 3982 δέ
1372 3929 1532 3999 ἡμῶν
1584 3929 1722 4000 πρὸς
1764 3928 1953 3981 τοῦτον
1991 3929 2082 3982 τὸν

494 4011 638 4062 ὅσιον
654 4009 822 4078 ἀνδρα
839 4007 1103 4079 παρθένοι,
1121 4027 1203 4070 τις
1216 4009 1455 4078 φοράδην
1472 4009 1735 4079 ἐκομίσθη
1755 4008 1862 4060 ἀπὸ
1880 4009 2082 4062 Θεσσα-

495 4088 713 4157 λονίκης
737 4087 948 4156 ἐνορίας
968 4084 1065 4149 τῆς
1105 4087 1348 4156 Ἀχαΐας,
1374 4089 1602 4156 εὐγενὴς
1616 4087 1694 4156 τῷ
1715 4088 1883 4155 γένει,
1916 4087 2084 4139 πλου-

497 4169 587 4221 σία
606 4170 664 4221 ἐν
689 4166 806 4238 βίῳ,
831 4165 1120 4218 πολυετίαν
1137 4167 1334 4237 έχουσα
1361 4169 1418 4219 ἐν
1436 4167 1766 4237 παραλύσει.
1783 4169 1894 4222 Καὶ
1910 4167 2087 4238 τούτῳ

497 4247 924 4318 προσενεχθεῖσα
971 4248 1170 4318 ἐρρίφη
1215 4246 1443 4316 πλησίον
1500 4248 1600 4317 τῆς
1653 4247 1818 4301 αὑτοῦ
1866 4247 2083 4317 κέλλης.

496 4327 593 4389 Είς
641 4329 710 4396 ἢν
743 4325 1165 4395 σπλαγχνισθεὶς
1212 4327 1305 4378 καὶ
1353 4327 1744 4397 ἐπευξάμενος,
1801 4327 1966 4396 ἐλαίῳ
2024 4343 2085 4380 τε

499 4407 641 4474 ἁγίῳ
693 4403 930 4471 ἀλείφων
961 4404 1132 4474 αὐτὴν
1171 4407 1293 4468 ταῖς
1325 4405 1518 4457 ἑαυτοῦ
1565 4407 1789 4475 χερσὶν,
1841 4406 1937 4459 καὶ
1989 4423 2083 4458 συ-

2159 593 2334 656 οὒτως
2371 594 2534 646 αὑτὸν
2566 593 2835 646 ἀπέλυσεν
2870 594 3185 664 ίασάμενος.

2240 701 2517 770 Ὠχλησάν
2556 717 2684 754 ποτε
2722 700 2897 772 τούτῳ
2929 702 3007 772 τῷ
3044 703 3265 773 μεγάλῳ
3294 704 3564 776 Μακαρίῳ
3603 707 3755 775 λογι-

2174 782 2304 851 σμοὶ
2353 781 2680 846 κενοδοξίας,
2739 780 3070 852 πειρώμενοι
3114 781 3304 836 τοῦτον
3361 785 3614 840 ἐκκαλεῖν
3653 791 3757 858 τῆς

2168 859 2389 928 κέλλης.
2423 861 2535 912 Καὶ
2581 861 2966 931 ὑποτιθέμενοι
3018 862 3336 931 οἰκονομίας
3365 864 3527 934 χάριν
3573 863 3757 920 κάτα..

2164 938 2465 1018 λαμϐάνειν
2489 940 2588 1010 τὴν
2624 939 2866 1009 Ῥώμην,
2894 941 2970 1002 ώς
3000 941 3092 992 ἐπὶ
3116 943 3385 1009 προφάσει
3410 943 3570 1014 δῆθεν
3599 947 3758 1016 εύερ-

2165 1018 2357 1087 γεσίας
2389 1017 2497 1070 τῶν
2550 1019 2666 1071 ἐκεῖ
2719 1019 3170 1090 ἀρρωστούντων.
3204 1022 3422 1092 Ἀκρως
3448 1025 3560 1094 γάρ
3612 1027 3760 1079 κατά

2167 1098 2278 1150 τῶν
2300 1097 2626 1165 πνευμάτων
2650 1097 2730 1158 είς
2753 1095 2916 1149 αὑτὸν
2936 1098 3205 1168 ἐνήργειή
3227 1100 3385 1170 χάρις
3412 1102 3503 1154 τοῦ
3522 1105 3762 1173 Κυρίου.

2168 1177 2276 1230 Καὶ
2305 1176 2381 1238 ὡς
2405 1174 2499 1227 ἐπὶ
2526 1175 2662 1228 πολὺ
2690 1173 2978 1244 ὀχλοῦντες
3010 1177 3110 1245 οὐχ
3141 1177 3501 1247 ὑπηκούοντο,
3534 1181 3764 1250 σφοδρο-

2166 1254 2342 1324 τέρως
2371 1253 2429 1305 δὲ
2458 1253 2608 1322 αύτῷ
2635 1253 3150 1322 προσπαλαίσαντες
3171 1295 3185 1319 ,
3218 1256 3406 1310 τοῦτον
3439 1256 3759 1327 ἐξήλαυνον,

2169 1333 2359 1388 Πεσὼν
2395 1330 2488 1384 οὗν
2517 1333 2609 1384 ἐπὶ
2634 1332 2733 1401 τῆς
2764 1331 2923 1398 φλιᾶς
2957 1333 3057 1401 τῆς
3094 1335 3286 1390 ἐαυτοῦ
3316 1337 3512 1406 κέλλης
3543 1342 3573 1391 6
3607 1338 3765 1406 ἅγιος

2169 1415 2297 1476 τοὺς
2325 1411 2494 1474 πόδας
2518 1413 2768 1476 ἐκτείνας
2795 1413 3010 1482 ἀφῆκεν
3041 1417 3133 1467 ἐπὶ
3170 1416 3240 1470 τὰ
3263 1413 3395 1480 ἔξω,
3433 1417 3611 1486 λέγων
3654 1422 3764 1481 τοῖς

2171 1493 2270 1561 τῆς
2301 1492 2610 1556 κενοδοξίας
2655 1491 2932 1561 δαίμοσιν,
2972 1493 3197 1546 Ἕλκετέ
3231 1511 3298 1561 με
3333 1494 3616 1565 σύροντες,
3646 1497 3764 1551 δαί-

2173 1587 2354 1640 μονες,
2379 1569 2472 1622 ἐὰν
2498 1568 2747 1622 δύνασθε.
2787 1568 2930 1637 Ἐγὼ
2953 1572 3062 1641 γὰρ
3088 1574 3202 1634 τοῖς
3231 1575 3382 1642 ἐμοῖς
3411 1575 3571 1628 ποσὶν
3603 1577 3762 1629 ἀλλα-

2169 1647 2268 1720 χοῦ
2297 1648 2396 1700 ούκ
2428 1649 2765 1717 ἀπέρχομαι.
2801 1649 2864 1701 El
2895 1644 2988 1702 οὖν
3015 1649 3244 1703 δύνασθέ
3277 1669 3342 1721 με
3375 1650 3548 1715 οὕτως
3592 1655 3761 1708 ἀπεν-

2171 1729 2377 1796 εγκεῖν,
2405 1727 2538 1779 ὅπου
2564 1727 2751 1792 λέγετε
2771 1727 3164 1799 άπελεύσομαι’
3193 1730 3550 1801 διομνύμενος
3581 1735 3762 1796 αὐτοῖς

2173 1807 2268 1862 καὶ
2293 1805 2488 1874 λέγων,
2521 1806 2602 1858 ὅτι
2635 1804 2824 1868 Οὕτως
2855 1805 3050 1877 ἔσομαι
3084 1809 3333 1878 κείμενος
3358 1811 3464 1874 ἕως
3496 1812 3760 1883 ἑσπέρας,

2174 1887 2270 1940 ἐάν
2301 1885 2376 1955 μὴ
2432 1884 2731 1955 σαλεύσητέ
2763 1902 2852 1952 με,
2888 1888 2949 1938 οὺ
2989 1886 3066 1958 μὴ
3093 1888 3247 1956 ὑμῶν
3276 1890 3603 1945 ὑπακούσω.
3644 1893 3762 1946 Ἐπὶ

2173 1967 2308 2020 πολὺ
2331 1962 2422 2019 οὖν
2445 1965 2649 2030 πεσὼν,
2670 1966 2762 2018 καὶ
2799 1966 2988 2036 μείνας
3011 1967 3327 2034 ἀσάλευτος,
3353 1970 3550 2043 ἀνέστη
3580 1971 3762 2026 λοιπον

2175 2047 2414 2116 ἑσπέρας
2440 2043 2607 2112 οὔσης
2631 2044 2872 2113 βαθείας.
2905 2045 3332 2116 Ἑπιγενομένης
3352 2049 3408 2101 δὲ
3430 2049 3528 2120 τῆς
3546 2051 3761 2112 νυκτὸς,

2175 2125 2339 2178 πάλιν
2376 2124 2548 2193 τούτῳ
2585 2124 2673 2176 διὰ
2725 2125 2896 2195 πυρὸς
2951 2126 3271 2195 ἐνὸχλησαν.
3318 2127 3583 2191 ’Λναστάς
3619 2129 3708 2182 οὖν
3741 2133 3765 2183 ὁ

2174 2202 2330 2271 ἆγιος
2358 2201 2538 2255 λαϐὼν
2576 2202 2814 2271 σπυρίδα
2842 2203 2918 2266 ὡς
2945 2203 3038 2256 δύο
3078 2204 3274 2270 μοδίων
3297 2205 3526 2276 ψάμμου
3557 2209 3762 2278 ταύτην

2175 2282 2518 2352 ἐπλήρωσεν,
2541 2281 2635 2333 καὶ
2656 2279 2920 2345 τεθεικώς
2950 2283 3123 2354 αὐτὴν
3141 2284 3358 2337 ἐπὶτῶν
3385 2287 3582 2339 ἑαυτοῦ
3607 2288 3764 2358 ὤμων

2174 2360 2398 2413 διεκίνει
2433 2361 2539 2414 ἀνά
2589 2360 2688 2431 τὴν
2723 2361 2930 2431 ἔρημον
2958 2361 3152 2424 οὕτως.
3199 2362 3389 2432 Τούτῳ
3431 2368 3760 2436 συνήντησεν

2175 2439 2460 2503 Θεοσέϐιος
2483 2441 2510 2492 6
2537 2442 2857 2512 κοσμήτωρ,
2885 2439 3193 2511 Ἀντιοχεὺς
3213 2439 3291 2512 τῷ
3307 2443 3478 2510 γένει,
3503 2448 3599 2497 καὶ
3621 2446 3758 2512 λέγει

2176 2516 2344 2587 αὐτῷ·
2371 2519 2433 2570 Τί
2455 2519 2958 2587 βαστάζεις,ἀϐϐἄ;
2988 2521 3392 2591 παραχώρησον
3405 2524 3532 2592 ἐμοὶ
3557 2524 3619 2576 τὸ
3642 2539 3762 2594 φορο

2175 2596 2318 2660 τίον,
2373 2596 2469 2649 καὶ
2517 2597 2592 2666 μὴ
2653 2596 2883 2650 σκύλλου
2917 2598 3100 2661 αὐτός.
3145 2598 3202 2651 Ὀ
3240 2599 3296 2652 δέ
3324 2599 3506 2668 λέγει’
3552 2599 3759 2656 Σκύλλω

2177 2673 2267 2728 τὸν
2322 2672 2618 2728 σκύλλοντά
2661 2693 2748 2744 με.
2787 2677 3011 2738 Ἀνετος
3060 2678 3168 2748 γὰρ
3217 2675 3292 2730 ῶν
3331 2679 3646 2751 ἀποδημίας
3677 2699 3760 2752 μοι

2184 2753 2499 2806 ὑποϐάλλει.
2533 2752 2646 2805 Καὶ
2687 2753 2778 2806 ἐπὶ
2809 2754 2944 2807 πολὺ
2977 2754 3298 2826 διακινήσας
3335 2757 3510 2823 οὕτως
3541 2761 3620 2824 εἰς
3660 2763 3750 2831 τὴν

2189 2832 2390 2885 κέλλαν
2439 2832 2688 2900 εἰσῆλθεν
2721 2832 3018 2903 συντρίψας
3038 2834 3101 2886 τὸ
3135 2836 3313 2903 σῶμα.

2250 2936 2503 3005 Διηγεῖτο
2525 2935 2581 2988 δέ
2615 2936 2746 3004 ήμῖν
2765 2937 2859 2990 καὶ
2880 2937 2908 2988 6
2929 2935 3112 2999 δοῦλος
3140 2936 3232 2990 τοῦ
3257 2939 3496 3008 Χριστοῦ
3523 2941 3757 3009 Παφνού-

2179 3032 2316 3078 τιος,
2344 3017 2373 3068 6
2408 3015 2501 3068 τοῦ
2528 3017 2782 3085 γενναίου
2811 3017 3004 3070 τούτου
3050 3017 3144 3070 τοῦ
3198 3017 3432 3088 ἀθλητοῦ
3489 3021 3747 3092 μαθητὴς,

2181 3095 2263 3148 ὅτι
2296 3095 2396 3164 μιᾷ
2434 3093 2550 3145 τῶν
2582 3094 2804 3165 ἡμερῶν
2828 3095 3200 3165 καθεζομένου
3232 3096 3327 3149 τοῦ
3375 3099 3641 3168 μακαρίου
3669 3105 3752 3153 καὶ

2185 3177 2457 3231 ἀθανάτου
2492 3177 2785 3254 Μακαρίου
2815 3180 2875 3232 ἐν
2903 3182 2969 3249 τῇ
2997 3180 3160 3250 αὐλῇ,
3197 3180 3292 3232 καὶ
3329 3179 3405 3249 τῷ
3441 3181 3557 3253 Θεῷ
3593 3200 3748 3254 προσ-

2181 3254 2523 3327 ομιλοῦντος,
2560 3253 2724 3309 ὓαινα
2773 3257 3015 3311 λαϐοῦσα
3068 3256 3239 3327 αὐτῆς
3273 3258 3364 3311 τὸν
3409 3253 3641 3330 σκύμνον
3658 3279 3745 3315 τυ-

2185 3334 2315 3402 φλὺν
2344 3334 2474 3386 ὄντα
2496 3333 2750 3402 ἦνεγκεψ
2788 3336 2882 3388 καὶ
2911 3337 2974 3405 τῇ
3008 3335 3216 3404 κεφαλῇ
3254 3337 3526 3406 κρούσασα
3568 3340 3624 3392 τὸ
3653 3341 3740 3392 θυι

2187 3413 2357 3482 ρίδιον
2377 3413 2476 3482 τῆς
2515 3413 2706 3480 αὐλῆς,
2736 3413 2983 3483 εἰσῆλθεν
3005 3413 3086 3466 ἔτι
3124 3415 3290 3468 αὑτοῦ
3321 3417 3434 3468 ἐκεῖ
3464 3417 3736 3485 καθεζομέυ

2186 3511 2302 3549 νου·
2338 3497 2432 3548 καὶ
2462 3497 2641 3567 ῥίπτει
2674 3496 2835 3548 αὑτὸν
2860 3496 2964 3548 ὑπὸ
2989 3497 3116 3559 τοὺς
3155 3497 3326 3561 πόδας
3354 3498 3513 3551 αὐτοῦ.
3541 3498 3726 3551 Τοῦτον

2189 3573 2280 3626 τὸν
2315 3572 2554 3642 σκύμνον
2579 3571 2761 3624 λαϐὼν
2795 3575 2823 3625 6
2847 3572 3003 3640 ἅγιος
3024 3574 3331 3645 Μακάριος,
3354 3577 3436 3627 καὶ
3454 3575 3721 3632 ἐπιπτύσας

2184 3655 2297 3716 τοῖς
2314 3652 2610 3721 ὀφθαλμοῖς
2634 3651 2800 3704 αὐτοῦ
2833 3653 3126 3721 ἐπηύξατο·
3165 3655 3259 3707 καὶ
3279 3656 3590 3725 παραχρῆμα
3615 3656 3720 3707 ανέ-

2185 3731 2402 3800 ϐλεψεν.
2426 3733 2534 3784 Καὶ
2556 3730 2866 3799 θηλάσαντα
2890 3733 3052 3785 αὐτὸν
3079 3733 3319 3786 λαϐοῦσα
3341 3737 3371 3805 ἡ
3395 3739 3564 3804 μήτηρ
3584 3732 3736 3791 οὕτως

2185 3812 2449 3881 ἀπῆλθεν.
2471 3814 2578 3864 Καὶ
2598 3814 2665 3882 τῇ
2682 3812 3219 3881 ἐξῆς,ἡμέρᾳ“κώδιον
3244 3815 3480 3882 μεγάλου
3499 3813 3744 3883 προϐάτου

2185 3895 2416 3965 ἡνεγκεν
2445 3894 2523 3965 τῷ
2551 3896 2694 3962 ἀγίῳ
2728 3895 3025 3964 Μακαρίῳ,
3063 3896 3156 3948 καὶ
3196 3897 3528 3965 θεασάμενος
3563 3899 3590 3949 ὁ
3611 3896 3751 3964 ᾰγιος

2188 3975 2249 4028 τὸ
2273 3975 2486 4038 κώδιον,
2531 3974 2704 4027 ταῦτα
2735 3973 2920 4042 ἔλεγεν
2947 3977 3014 4046 τῇ
3061 3975 3219 4046 ὑαίνῃ
3243 3991 3258 4006 ·
3287 3978 3458 4030 Πόθεν
3487 3995 3567 4031 σοι
3589 3977 3753 4037 τοῦτο,

2187 4055 2236 4106 εἰ
2274 4053 2348 4124 μὴ
2390 4052 2692 4122 βεϐρώκεις
2731 4053 3006 4123 πρόϐατόν
3029 4072 3215 4120 τινος;
3248 4054 3320 4108 Τὸ
3357 4057 3449 4109 οὖν
3477 4058 3536 4122 ἐξ
3560 4057 3759 4117 ἀδικίας

2187 4131 2269 4197 ὃν,
2299 4133 2410 4200 ἐγὼ
2435 4132 2495 4183 οὑ
2527 4131 2756 4201 δέχομαι
2782 4133 2934 4202 παρὰ
2965 4133 3082 4186 σοῦ.
3146 4136 3211 4186 'ﬂ
3258 4135 3314 4188 δὲ
3347 4135 3506 4189 ὕαινα
3549 4139 3759 4191 κλίνασα

2187 4213 2287 4282 τὴν
2321 4210 2563 4280 κεφαλὴν
2593 4213 2673 4273 εἰς
2706 4210 2766 4262 τὸ
2789 4211 3006 4281 ἔδαφος,
3040 4216 3354 4282 ἐγονυπέτει
3374 4216 3508 4285 πρὸς
3539 4222 3651 4280 τοῖς
3676 4235 3766 4270 που

2192 4293 2276 4343 σίν
2305 4290 2397 4345 τοῦ
2427 4291 2604 4357 ἀγίου,
2625 4293 2720 4343 καὶ
2747 4290 2914 4344 ἐτίθει
2949 4292 3010 4345 τὸ
3042 4286 3255 4348 κώδιον.
3297 4296 3469 4359 Αὐτὸς
3492 4297 3552 4352 δὲ
3591 4301 3766 4368 ἔλεγεν

2193 4370 2354 4439 αὐτῇ·
2389 4369 2604 4452 Είρηκά
2633 4387 2715 4422 σοι
2741 4372 2824 4424 ὅτι
2852 4373 2916 4424 οὑ
2956 4372 3237 4442 λαμϐάνω,
3271 4376 3366 4428 ἐὰν
3399 4379 3473 4448 μή
3525 4398 3619 4449 μοι
3651 4383 3774 4452 ὀμο-

500 4449 639 4473 -ι---ν
695 4449 924 4471 ’ν’-*-τ-ν
962 4449 1126 4459 *σν-ν’
1183 4449 1290 4468 *ν’-ν
1325 4449 1516 4457 ν-’νν-
1585 4449 1626 4475 ,ν
1670 4449 1789 4469 "'I
1843 4449 1937 4459 """
1990 4449 2051 4458 "
2722 4453 2740 4464 ν
3293 4457 3303 4470 ο
3529 4463 3543 4478 ι
3602 4461 3625 4471 -
3685 4449 3694 4452 ⁷
3760 4469 3762 4471 ›

499 4457 670 4553 νεχῶς
697 4483 897 4552 μᾶλλον
920 4449 1256 4554 δὲνουίιεχῶς
1289 4485 1428 4554 ὑπὲρ
1451 4449 2081 4556 αὺτῆςῗτροσευχόμενος
2115 4501 2159 4556 D
2193 4449 3443 4556 iﬁ‘f,£‘3_"é‘.:.":’f%f:“Eéj'ﬁ‘fiféisfmm
3482 4477 3665 4556 οἱυτων
3713 4479 3776 4556 ῖὲ

497 4563 556 4614 ἐν
583 4561 753 4613 εἴκοσι
773 4562 920 4623 ὅλαις
952 4561 1206 4631 ἡμέραις,
1227 4562 1433 4632 ταύτην
1460 4564 1590 4634 ὑγιῆ
1632 4566 1710 4626 είς
1756 4566 1854 4634 τὴν
1880 4564 2081 4635 ἑαυτῆς

501 4639 882 4706 ἐξαπέστειλεν
904 4640 1078 4692 πόλιν.
1110 4639 1270 4705 Ἠτις
1290 4644 1400 4704 τοῖς
1422 4641 1569 4704 ἰδίοις
1592 4641 1749 4696 ποσὶν
1773 4643 2085 4697 ἀπελθοῦσα

503 4719 705 4788 πολλὴν
729 4719 1470 4789 καρποφορίανοάπέστειλεν
1495 4723 1608 4783 τοῖς
1642 4720 1841 4789 ἀγίοις.

584 4798 707 4851 ’Υπ’
737 4798 924 4868 ὄψεσιν
972 4799 1135 4854 πάλιν
1186 4802 1348 4870 ἐμαῖς
1394 4801 1744 4873 προσηνέχθη
1779 4800 1856 4870 τῷ
1909 4818 2078 4854 πνευ-

506 4877 722 4952 ματικῷ
751 4877 970 4932 πάντων
1003 4878 1113 4933 τῶν
1139 4880 1349 4947 ἀλόγων
1405 4878 1594 4931 παθῶν
1636 4878 1805 4948 ἰατρῷ
1833 4879 1909 4949 τῷ
1940 4880 2081 4950 ἁγίῳ

503 4957 778 5028 Μακαρίῳ
814 4959 1172 5030 παιδαρίσκος
1218 4957 1609 5028 ἐνεργούμενος
1644 4959 1747 5011 ὑπὸ
1776 4957 2088 5027 πνεύματος

505 5036 764 5110 χαλεποῦ.
817 5036 1058 5099 Ἐπιθεὶς
1102 5039 1161 5091 δέ
1223 5038 1372 5108 αὐτῷ
1401 5037 1499 5107 τὴν
1529 5037 1710 5104 δεξιὰν
1739 5039 1831 5090 ἐπὶ
1856 5038 1954 5107 τὴν
2006 5056 2089 5091 κει

505 5117 702 5188 φαλὴν,
737 5115 833 5169 καὶ
859 5117 958 5188 τὴν
991 5117 1270 5189 εὐώνυμον
1309 5119 1402 5171 ἐπὶ
1429 5119 1526 5189 τὴν
1556 5119 1807 5188 καρδίαν,
1841 5120 1937 5171 ἐπὶ
1963 5137 2089 5172 τοσ-

505 5199 660 5251 οῦτον
688 5199 717 5249 6
746 5197 900 5266 ἅγιος
922 5196 1094 5269 τούτῳ
1116 5196 1411 5268 ἐπηύξατο,
1438 5198 1542 5261 τέως
1570 5190 1630 5251 οὗ
1682 5199 1846 5251 αὑτὸν
1877 5199 1971 5251 ἐπὶ
1998 5199 2091 5252 ἀέ-

509 5295 600 5349 ρος
635 5275 892 5344 ἐποίησεν
921 5277 1329 5348 κρεμασθῆναι.
1376 5277 1609 5348 Οίδήσας
1637 5273 1732 5330 οὗν
1775 5279 1803 5330 6
1840 5281 1970 5342 παῖς
2018 5280 2094 5343 ὡς

509 5356 680 5419 ἀσκὸς
711 5355 818 5427 ὅλῳ
843 5355 922 5427 τῷ
952 5355 1166 5426 σώματι
1198 5357 1449 5411 τοσοῦτον
1478 5358 1862 5429 ἐφλέγμαινεν,
1903 5359 1978 5423 ὡς
2001 5376 2095 5428 γε-

507 5435 695 5492 νέσθαι
757 5434 1154 5489 πολυτάλαντον
1202 5436 1281 5507 τῷ
1309 5438 1619 5509 σηκώματι.
1673 5439 1784 5492 Καὶ
1833 5440 2096 5508 αἰφνίδιον

511 5514 825 5586 ἀνακράξας
847 5515 934 5569 διὰ
963 5515 1152 5570 πασῶν
1181 5518 1291 5570 τῶν
1321 5518 1627 5590 αἰσθήσεων
1657 5517 1802 5589 ὕδωρ
1839 5520 2095 5590 ἤνεγκεν·

512 5595 606 5647 κιιιλ⁵
633 5595 914 5666 λωφήσας,
942 5597 1166 5670 γέγονεν
1195 5598 1271 5662 είς
1297 5598 1358 5650 τὸ
1397 5599 1592 5668 μέτρον
1623 5598 1650 5651 ὃ
1679 5594 1745 5670 ἦν
1773 5598 1868 5651 ἀπ’
1898 5599 2096 5670 ἀρχῆς.

514 5671 888 5742 Παραδίδωσιν
917 5669 1010 5728 οὖν
1050 5675 1212 5728 αὐτὸν
1243 5675 1321 5747 τῷ
1347 5679 1514 5748 πατρὶ
1540 5669 1708 5731 αὐτοῦ
1743 5676 1969 5746 ἀλείψας
2001 5669 2100 5732 αύ-

516 5749 604 5802 τον
651 5750 817 5821 ἐλαίῳ
861 5751 1022 5824 ἀγίῳ,
1059 5754 1294 5826 ἐπιχέων
1327 5757 1476 5828 αὐτῷ
1518 5757 1664 5828 ὕδωρ
1691 5757 2091 5828 ηὑλογημένον,

2192 4533 2459 4605 πρόϐατα,
2508 4533 2572 4586 Ἡ
2599 4533 2654 4587 δὲ
2701 4533 2794 4586 καὶ
2825 4536 2920 4588 ἐπὶ
2973 4535 3132 4588 τοῦτο
3159 4538 3431 4592 διένευσεν
3467 4546 3532 4611 τῇ
3571 4549 3773 4613 κεφαλῇ

2188 4614 2377 4685 αὐτῆς,
2401 4616 2478 4678 ὡς
2511 4615 2872 4685 συντιθεμένη
2893 4616 2970 4686 τῷ
2998 4618 3139 4688 ἁγίῳ
3161 4621 3457 4692 Μακαρίῳ.
3497 4605 3779 4680 ’ῖότέὲδέξ

2194 4692 2324 4758 ξατο
2368 4695 2429 4746 τὸ
2477 4694 2668 4746 κώδιον
2696 4698 2844 4765 παρά
2885 4697 2981 4765 τῆς
3028 4699 3237 4768 ὑαίνης.
3263 4700 3442 4770 Ὅπερ
3481 4704 3682 4759 κώδιον
3707 4704 3782 4760 οὗ·

2188 4791 2278 4858 τος
2311 4776 2339 4828 ὁ
2378 4776 2472 4826 τοῦ
2530 4777 2767 4846 Χριστοῦ
2807 4777 2993 4841 δοῦλος
3043 4781 3433 4838 καταλέλοιπεν
3501 4787 3583 4856 τῷ
3646 4791 3778 4858 ἁγίῳ

2191 4853 2288 4905 καὶ
2349 4855 2603 4925 μακαρίῳ
2667 4855 2972 4927 Ἀθανασίῳ
3027 4859 3103 4929 τῷ
3167 4864 3410 4932 μεγαλῳ.
3594 4871 3652 4922 δὲ
3691 4847 3784 4923 ¹καὶ

2190 4935 2224 5016 ή
2268 4935 2516 5016 μακαρία
2545 4933 2706 5016 δούλη
2758 4935 2851 4988 τοῦ
2903 4938 3138 5006 Χριστοῦ
3202 4942 3423 5014 Μελάνη
3488 4965 3584 5016 μοι
3615 4947 3782 5004 εἶπενο

2193 5015 2284 5102 δτι.
2317 5012 2476 5102 [ξαρά
2508 5013 2605 5102 τού
2625 5017 2781 5102 ἁγίου
2816 5018 2911 5102 καὶ
2945 5019 3249 5102 θαυμασίου
3275 5012 3465 5093 ἀνδρός
3489 5012 3780 5102 Μακαρίου

2195 5093 2306 5160 ἐγὼ
2340 5092 2531 5145 ἔλαϐον
2559 5095 2620 5145 τὸ
2648 5095 2841 5147 κώδιον
2873 5099 3071 5162 ἐκεῖνο,
3108 5097 3279 5162 ξένιον
3317 5092 3413 5172 τῆς
3449 5107 3648 5181 ὑαίνης
3671 5092 3786 5165 ἔπι.

2195 5176 2512 5245 λεγόμενον.
2535 5175 2642 5229 Καὶ
2660 5177 2713 5229 τί
2735 5175 2893 5229 τοῦτο
2926 5177 3243 5248 θαυμαστὸν
3267 5189 3417 5255 παρὰ
3451 5173 3686 5260 ἀνδράσι
3716 5194 3786 5260 τῷ

2202 5258 2395 5342 κόσμῳ
2444 5259 2883 5329 ἐσταυρωμένοις
2949 5258 3142 5314 ὓαιναν
3198 5248 3679 5341 εὐεργετηθεῖσαν,
3715 5248 3788 5342 εξξ

2198 5336 2356 5400 δόξαν
2385 5338 2479 5390 τοῦ
2511 5339 2647 5392 Θεοῦ
2674 5342 2768 5393 καὶ
2795 5341 2960 5410 τιμὴν
2979 5341 3087 5393 τῶν
3110 5342 3312 5396 δούλων
3337 5336 3504 5402 αὑτοῦ
3528 5336 3788 5411 εὐαισθτεξ

2201 5419 2444 5502 τήσασαν
2473 5417 2624 5482 ξένια
2645 5420 2859 5483 τούτοις
2878 5424 3104 5492 κομίσαι
3128 5443 3143 5492 ;
3180 5425 3238 5480 '0
3274 5429 3382 5502 γὰρ
3411 5434 3538 5494 τοὺς
3572 5401 3788 5502 λέοντάς

2202 5495 2415 5589 ἐπὶΙτοῡ
2442 5500 2720 5589 προφήτου
2780 5502 2979 5589 Λανιήλ
3011 5495 3362 5577 ἡμερώσας,’
3383 5514 3477 5565 καὶ
3517 5516 3697 5589 ταύτῃ

2212 5578 2374 5651 ύαίνῃ
2412 5581 2629 5636 σύνεσιν
2663 5586 2977 5656 ἐχαρίσατο.
3032 5572 3064 5574 Π
3127 5572 3137 5577 ⁷
3319 5572 3326 5573 7
3671 5572 3697 5589 u
3767 5576 3775 5587 ’

2289 5681 2539 5768 ξΕλέγετρ
2571 5685 2626 5739 δὲ
2651 5690 2778 5759 περὶ
2804 5689 2996 5745 τούτου
3024 5692 3116 5746 τοῦ
3159 5695 3315 5763 ἀγίου
3359 5699 3680 5768 Μακαρίου,
3715 5703 3791 5763 ὅτι

2208 5763 2302 5831 ἀφ’
2353 5758 2414 5818 οὗ
2461 5758 2784 5839 ἐϐαπτίσθη,
2815 5771 2914 5824 οὐκ
2953 5758 3432 5848 ἔπτυσεν-χαμαί·
3493 5758 3790 5851 ἑξηκοστὸν
