4020 6420
316 346 442 406 1061

1583 342 1899 398 HISTORIA
1936 343 2290 399 LAUSIACA.

3426 336 3564 401 106⁸3

311 464 449 533 plius
477 454 708 516 mentem
738 472 909 514 meam
932 468 1114 513 tenere
1142 436 1482 519 indivulsam,
1506 457 1601 511 sed
1627 454 1876 510 descendi
1906 459 1951 510 Λ
1976 471 2106 510 cum
2136 457 2379 508 unxissct
2400 453 2520 507 oleo
2543 464 2754 507 sancto.
2795 464 2849 508 et
2878 469 2998 511 cum
3045 470 3233 525 aquam
3270 457 3554 515 infudisset

312 554 377 608 ad
409 553 566 622 hujus
596 550 775 608 mundi
807 550 1305 617 contemplationem
1336 564 1349 610 ;
1380 546 1487 601 Deo
1516 546 1746 600 fortasse
1772 558 1885 613 per-

312 645 584 711 mittente,
616 659 680 697 ne
712 645 814 697 hoc
844 642 972 696 mihi
1003 650 1337 710 reputaretur
1368 639 1417 692 in
1450 637 1774 705 superbiam.

380 732 497 803 Ego
523 734 586 787 ad
615 748 733 789 eum
763 734 962 789 accessi
985 730 1289 799 aliquando,
1307 740 1361 783 et
1388 729 1563 783 inveni
1591 738 1740 782 extra
1770 726 1883 794 ejus

312 802 505 878 cellam
532 821 796 889 jacentem
826 818 1111 889 quemdam
1153 818 1426 886 cujusdam
1465 817 1563 870 vici
1611 814 1885 884 presbyte-

315 924 455 971 rum,
484 909 635 978 cujus
656 902 815 978 caput
836 910 906 962 ita
929 918 1039 962 erat
1067 922 1286 963 exesum
1310 921 1338 960 a
1363 906 1550 960 morbo
1575 904 1663 974 qui
1690 904 1885 959 dicitur

314 1014 520 1064 cancer,
555 1010 613 1055 ut
638 1003 795 1056 etiam
823 1000 997 1070 ipsum
1027 1014 1089 1055 os
1131 1007 1297 1053 totum
1340 1005 1619 1066 appareret
1659 997 1713 1049 in
1768 1007 1888 1047 ver-

318 1094 440 1148 tice.
469 1092 517 1147 ls
540 1094 766 1148 accessit
793 1094 857 1147 ad
889 1093 1062 1160 ipsum
1092 1100 1148 1145 ut
1170 1097 1466 1153 curaretur,
1498 1101 1595 1141 nec
1639 1100 1761 1140 eum
1789 1085 1887 1137 ad-

317 1186 565 1240 mittebat
592 1184 659 1240 ad
688 1184 1033 1253 colloquium.
1068 1181 1268 1253 Rogavi
1297 1191 1473 1235 autem
1494 1192 1639 1243 eum,
1666 1176 1846 1231 dicens
1873 1192 1885 1226 :

316 1275 574 1330 Miserere
602 1275 759 1344 hujus
787 1275 1001 1340 miseri,
1034 1282 1088 1327 et
1118 1273 1307 1326 saltem
1337 1270 1403 1324 da
1450 1269 1500 1323 ei
1550 1281 1886 1333 responsum.

315 1363 364 1417 ls
393 1378 523 1418 vero
559 1364 687 1418 mihi
734 1363 1031 1432 respondit,
1060 1362 1246 1415 dicens
1296 1377 1310 1414 :
1362 1360 1455 1413 Est
1504 1357 1751 1425 indignus
1798 1354 1888 1421 qui

313 1468 556 1525 curetur,
586 1457 747 1512 missa
776 1465 858 1512 est
884 1457 1028 1510 enim
1056 1453 1122 1508 ad
1145 1468 1264 1509 eum
1293 1452 1406 1505 btec
1427 1465 1455 1504 a
1477 1449 1702 1503 Domino
1728 1445 1888 1499 disci-

318 1550 479 1616 plina.
509 1549 661 1616 Quod
688 1550 731 1603 si
753 1547 884 1602 velis
912 1560 1032 1600 eum
1062 1544 1258 1610 curari,
1280 1539 1544 1612 persuade
1572 1539 1619 1593 ei
1651 1545 1707 1590 ut
1739 1535 1888 1589 dein-

316 1655 442 1709 ceps
464 1643 728 1693 absdneat
757 1654 786 1693 a
831 1637 1128 1692 ministerio
1174 1642 1482 1688 sanctorum
1525 1634 1891 1683 sacramento-

316 1745 454 1782 rum.
486 1730 597 1798 Ego
623 1738 802 1784 autem
833 1727 885 1782 ei
931 1727 1052 1781 dico
1100 1741 1114 1779 :
1165 1722 1547 1791 Quamobrem,
1581 1714 1795 1787 quaeso?
1844 1714 1892 1768 ls

1990 552 2241 614 praecepit
2263 562 2328 599 ne
2353 545 2693 615 quadraginta
2725 547 2912 602 diebus
2946 564 3132 604 carnes
3161 560 3432 621 gustaret,
3464 567 3561 610 nec

1991 636 2201 699 vinum;
2238 646 2290 688 et
2321 637 2396 689 sic
2423 650 2541 689 eum
2572 638 2792 690 curavit.

2063 726 2194 780 Eum
2213 727 2499 794 aliquando
2522 729 2796 782 subit-runt
2815 730 3160 796 cogitationes
3185 748 3334 790 vana:
3356 735 3560 805 glorizc,

1990 830 2108 887 quas
2137 832 2256 871 eum
2280 832 2311 873 e
2332 818 2463 872 cella
2486 817 2793 886 ejiciebant,
2818 821 3237 889 etsuggerebant
3259 832 3315 876 ut
3339 824 3565 880 honesto

1990 910 2211 964 consilio
2240 918 2291 964 et
2310 910 2447 978 justa
2471 910 2537 964 de
2564 922 2721 963 causa
2752 908 2970 964 Romam
2999 921 3241 981 pergeret
3260 954 3272 973 ,
3322 929 3419 983 pro
3472 915 3566 968 be-

1991 992 2193 1056 nelicio'
2224 1015 2409 1056 eorum
2450 1003 2536 1070 qui
2579 1002 2937 1071 mgrotaliant;
2981 1004 3131 1057 valde
3172 1006 3311 1079 enim
3353 1006 3566 1073 incum

1991 1093 2308 1161 operabatur
2334 1093 2500 1162 gratia
2530 1096 2784 1148 adversus
2807 1094 3046 1163 spiritus.
3078 1096 3361 1165 Postquam
3389 1107 3564 1154 autent

1994 1181 2151 1251 longo
2182 1190 2420 1251 tempore
2452 1197 2555 1236 non
2585 1183 2805 1245 obediit,
2839 1184 2989 1237 valde
3014 1186 3325 1254 agitabatur.
3360 1187 3566 1245 Cadens

1994 1286 2120 1325 vero
2150 1272 2199 1325 in
2242 1274 2438 1327 limine'
2459 1272 2640 1335 cellas,
2671 1272 2811 1326 foras
2842 1273 3003 1345 pedes
3035 1277 3242 1342 emisit,
3273 1288 3324 1330 et
3372 1278 3502 1332 dicit
3547 1298 3558 1307 ·

1995 1362 2211 1417 Trahite
2240 1374 2289 1417 et
2320 1364 2520 1429 vellite,
2553 1380 2583 1417 ο
2614 1365 2908 1432 daemones,
2940 1366 2983 1419 si
3018 1368 3257 1435 potestis.
3291 1370 3399 1439 Ego
3424 1372 3566 1425 enim

1995 1468 2100 1506 non
2139 1454 2272 1508 abeo
2303 1455 2435 1510 meis
2465 1455 2707 1524 pedibus,
2736 1455 2920 1523 jurans
2956 1455 3073 1513 fore
3100 1467 3155 1512 ut
3183 1459 3358 1527 jaceat
3402 1477 3567 1530 usque

1996 1546 2060 1597 ad
2089 1560 2385 1613 veSperam,
2420 1554 2475 1599 et
2502 1546 2601 1599 nisi
2638 1561 2759 1600 eum
2789 1547 3082 1612 excutiant,
3116 1565 3218 1603 non
3249 1564 3368 1605 esse
3415 1555 3567 1607 audi-

1995 1642 2193 1688 turum.
2226 1635 2357 1688 Cum
2402 1644 2576 1688 autem
2610 1636 2700 1688 diu
2732 1638 3132 1713 procubuisset,
3161 1642 3422 1711 surrexit;
3447 1658 3566 1697 cum

1997 1739 2098 1778 nox
2124 1734 2298 1779 autem
2323 1725 2680 1791 adventasset,
2701 1729 2745 1781 ei
2768 1742 2951 1781 rursus
2974 1730 3573 1805 exhibuerenegotium.

317 1834 448 1873 vero
500 1819 630 1873 dicit
661 1838 673 1873 :
708 1818 1001 1873 Fornicans
1033 1829 1244 1872 sacrum
1277 1811 1484 1883 peregit
1513 1806 1885 1868 ministerium.
1923 1809 1969 1868 B
2000 1816 2062 1870 Et
2092 1832 2210 1871 cum
2243 1818 2468 1872 duorum
2500 1820 2796 1872 modiorum
2833 1831 3069 1887 sportam
3101 1808 3369 1893 implesset
3392 1842 3571 1893 arena,

313 1918 368 1961 et
391 1910 512 1965 ideo
536 1910 846 1979 castigatur.
879 1909 1028 1962 Nunc
1068 1920 1196 1975 ergo
1226 1904 1271 1959 si
1303 1915 1447 1958 metu
1476 1900 1693 1954 desistat
1731 1896 1797 1948 ab
1824 1908 1887 1947 eo

312 2002 453 2069 quod
482 2016 643 2056 ausus
669 2010 751 2056 est
776 2000 953 2056 facere
981 2013 1073 2069 per
1108 2004 1471 2063 contemptum
1492 2030 1507 2055 ,
1540 1990 1680 2045 Deus
1717 1989 1888 2057 ipsum

314 2092 543 2146 curabit.
582 2093 869 2161 Postquam
900 2106 1026 2159 ergo
1058 2089 1168 2143 dixi
1194 2087 1243 2141 ei
1274 2087 1359 2154 qui
1410 2081 1775 2151 afﬂigebatur,
1805 2077 1891 2143 ju-

312 2182 600 2249 rejurando
630 2190 712 2236 est
742 2182 1010 2250 pollicitus
1056 2194 1115 2234 se
1164 2193 1272 2232 non
1319 2175 1547 2241 amplius
1594 2167 1892 2226 sacerdotis

314 2255 824 2341 partes'obiturum.
874 2271 1026 2325 Tunc
1072 2285 1194 2324 eum
1244 2268 1476 2335 accepit,
1506 2274 1561 2321 et
1604 2263 1738 2318 dixit
1782 2262 1829 2315 ei
1876 2278 1889 2312 :

312 2353 572 2418 Credisne
599 2376 720 2416 esse
768 2360 937 2415 Deum
982 2374 1140 2429 quem
1191 2357 1326 2411 nihil
1374 2356 1538 2409 latet?
1588 2351 1894 2417 Respondet

316 2454 404 2508 ille
436 2470 449 2506 :
478 2453 897 2521 Maxime,rogo
945 2461 1015 2505 te.
1067 2449 1271 2503 Deinde
1319 2447 1366 2501 ei
1412 2446 1541 2500 dicit
1586 2443 1844 2497 Macarius
1880 2458 1890 2493 :

316 2545 431 2600 Non
464 2543 682 2615 potuisti
715 2545 823 2601 Deo
850 2544 1108 2599 illudere?
1137 2542 1271 2597 Dicit
1302 2540 1389 2594 ille
1418 2558 1430 2593 :
1460 2538 1575 2593 Non
1605 2537 1774 2606 potui,
1802 2536 1896 2588 do-

315 2636 462 2690 ntine
488 2635 582 2689 mi.
607 2635 743 2690 Dicit
769 2637 818 2691 ei
846 2635 1106 2690 Macarius
1138 2649 1153 2689 :
1187 2632 1244 2688 Si
1276 2631 1522 2700 agnoscis
1542 2639 1689 2684 tuum
1706 2640 1896 2694 pecca-

315 2733 449 2793 tum,
478 2738 530 2781 et
558 2726 651 2781 Dei
682 2726 1016 2795 disciplinam
1047 2732 1264 2795 pr0pter
1295 2737 1449 2793 quam
1496 2722 1609 2774 hrec
1650 2716 1893 2779 subiisti,

318 2818 601 2886 corrigitor
622 2818 673 2871 in
705 2826 996 2885 posterum.
1029 2816 1128 2883 Qui
1167 2814 1446 2870 confessus
1474 2819 1556 2867 est
1598 2817 1895 2877 peccatum,

317 2920 370 2965 et
396 2912 684 2979 spopondit
713 2925 772 2965 se
796 2927 900 2964 non
945 2910 1172 2977 amplius
1201 2914 1571 2976 peccaturum,
1604 2915 1778 2969 neque
1823 2898 1899 2950 al-

317 3001 417 3055 tari
447 3001 892 3066 ministraturum,
924 2999 1019 3054 sed
1050 3010 1250 3052 sortem
1282 2996 1470 3049 laicam
1502 2992 1895 3061 amplexurum.

317 3093 519 3147 Deinde
546 3095 621 3148 sic
650 3102 864 3148 sanctus
899 3093 947 3146 ei
979 3106 1166 3144 manus
1192 3087 1465 3156 imposuit,
1493 3094 1547 3139 et
1576 3082 1759 3153 paucis
1782 3079 1897 3133 die-

1992 1916 2045 1959 et
2063 1907 2675 1974 imposuissetbumeris,
2691 1910 3008 1977 pervadebat
3028 1921 3191 1967 totam
3206 1917 3567 1979 solitudinem.

1998 1994 2131 2048 lluic
2173 1997 2407 2049 occurrit
2453 1995 2784 2052 Theosebius
2814 1996 3113 2069 Cosmetor,
3160 2017 3353 2071 genere
3386 2006 3574 2060 Antio-

1992 2088 2211 2152 chenus,
2244 2098 2295 2143 et
2323 2089 2371 2144 ei
2400 2089 2531 2145 dicit
2574 2107 2586 2143 :
2630 2090 2764 2157 Quid
2808 2102 3009 2160 portas,
3040 2092 3210 2148 abba?
3258 2095 3401 2151 Ccde
3445 2100 3575 2153 mihi

1993 2190 2151 2244 Onus,
2177 2189 2230 2233 et
2260 2195 2326 2233 ne
2357 2181 2588 2235 vexeris.
2620 2181 2714 2235 Ille
2744 2190 2920 2236 autem
2949 2182 3078 2236 dixit
3110 2200 3123 2235 :
3163 2184 3308 2247 Vexo
3338 2201 3455 2241 enm
3488 2193 3576 2258 qui

1996 2285 2081 2327 me
2151 2279 2349 2331 vexat;
2425 2285 2552 2323 nam
2624 2285 2748 2325 cum
2809 2274 2910 2328 sim
2955 2276 3206 2335 remissus
3235 2286 3288 2331 et
3319 2278 3570 2347 ignavus,

1995 2364 2231 2433 suggerit
2271 2364 2399 2417 mihi
2436 2366 2911 2435 peregrinationes.
2946 2364 3075 2421 Cum
3101 2379 3277 2422 autem
3311 2371 3400 2424 diu
3446 2387 3570 2441 pro-

1999 2458 2289 2519 movisset,
2324 2455 2592 2523 ingressus
2622 2471 2705 2511 eSt
2733 2456 2922 2511 cellam
2951 2457 3183 2511 contrito
3213 2472 3461 2529 corpore.

2072 2545 2086 2572 ί
2119 2543 2362 2597 Narravit
2420 2553 2596 2598 autem
2651 2546 2801 2599 nobis
2849 2545 2961 2615 (52)
3007 2546 3099 2602 Dei
3145 2564 3354 2617 quoque
3395 2566 3579 2608 servus

2001 2633 2347 2703 Paphnutius,
2386 2634 2627 2703 praeclari
2668 2633 2825 2704 hujus
2874 2637 3041 2691 sancti
3080 2636 3391 2707 discipulus,
3438 2645 3578 2710 quod

1999 2741 2119 2779 cum
2170 2725 2397 2792 quodam
2444 2723 2529 2778 die
2559 2725 2771 2779 sederet
2798 2724 2848 2777 in
2897 2726 3017 2779 aula
3057 2738 3271 2783 sanctus
3300 2730 3577 2795 Macarius,

2001 2830 2049 2869 ct
2090 2818 2259 2870 Deum
2291 2817 2670 2883 alloqueretur,
2700 2817 2886 2899 hyaena
2934 2828 3211 2888 acceptum
3243 2836 3392 2877 suum
3429 2834 3576 2878 catu-

2003 2911 2131 2971 lum,
2174 2906 2264 2975 qui
2295 2916 2408 2960 erat
2453 2921 2646 2969 cmeus,
2678 2907 2851 2961 attulit
2902 2909 2966 2963 ad
2998 2912 3582 2979 sanctumMaca‘rium;

2000 3008 2200 3053 etcum
2244 2998 2419 3065 capite
2463 2998 2723 3063 pulsasset
2770 2998 2963 3052 ostium
3004 3000 3161 3064 auia),
3207 3001 3442 3072 ingressa
3474 3015 3580 3070 est,

2002 3103 2067 3143 eo
2097 3089 2269 3143 adhuc
2297 3087 2535 3151 sedente,
2566 3095 2619 3142 et
2651 3088 2870 3156 projecit
2899 3089 3130 3144 catulum
3161 3092 3227 3145 ad
3253 3092 3369 3160 ejus
3390 3093 3579 3162 pedes.

323 3185 422 3239 bus
452 3184 550 3238 inii
570 3193 806 3248 curaliis.
839 3182 1123 3252 Capillique
1145 3182 1195 3235 εἰ
1227 3185 1519 3235 creverunt
1545 3184 1596 3230 et
1619 3188 1778 3227 SMWS
1808 3174 1898 3223 ἀο·
1930 3176 1975 3237 C
2005 3183 2132 3237 Cum
2159 3192 2333 3236 autem
2366 3181 2664 3249 accepisset
2710 3181 2945 3235 catulum
2976 3192 3192 3239 sanctus
3216 3184 3497 3255 Macarius,
3530 3195 3582 3237 ct

318 3289 465 3327 mum
516 3272 677 3327 rediit
725 3272 888 3325 Deum
938 3271 1282 3342 glorilicans;
1348 3268 1455 3336 egit
1488 3277 1661 3319 autem
1711 3275 1901 3331 magno

317 3380 528 3437 quoque
575 3366 801 3420 Macario
830 3366 1049 3434 gratias.

390 3458 483 3512 Hic
508 3466 724 3512 sanctus
747 3456 977 3511 habebat
1002 3455 1244 3509 diversas
1271 3450 1472 3512 cellas;
1502 3460 1661 3501 unam
1684 3442 1899 3513 quidem

318 3549 370 3600 in
399 3549 578 3611 Scete,
604 3563 720 3615 quae
746 3556 828 3600 est
857 3546 1080 3599 interior
1112 3546 1163 3598 in
1211 3540 1517 3602 solitudine,
1553 3546 1605 3592 et
1642 3550 1801 3589 unam
1848 3532 1901 3585 in

320 3628 504 3705 Libya,
538 3649 590 3693 et
620 3652 777 3691 unam
808 3638 859 3689 in
889 3634 1093 3698 Celiiis,
1128 3645 1182 3688 et
1210 3646 1368 3685 unam
1401 3631 1451 3682 in
1487 3636 1665 3680 monte
1696 3624 1898 3679 Nitriaa.

322 3728 389 3781 Et
418 3728 534 3780 alia!
578 3726 793 3796 quidem
841 3725 1095 3779 carebant
1130 3723 1294 3785 ostio,
1327 3720 1379 3772 in
1413 3716 1604 3787 quibus
1630 3714 1904 3769 dicebatur

319 3818 507 3870 sedere
537 3816 588 3871 in
618 3814 1023 3885 quadragesima
1054 3813 1106 3867 in
1155 3809 1411 3870 tenebris,
1444 3807 1547 3860 alia
1577 3812 1758 3859 autem
1789 3812 1903 3857 erat

318 3910 618 3975 angustior,
645 3908 697 3961 in
728 3922 828 3973 qua
853 3920 955 3959 non
984 3912 1189 3973 poterat
1222 3901 1409 3969 pedem
1442 3895 1765 3958 extendere;
1800 3894 1901 3946 alia

319 4011 495 4054 autem
526 3998 705 4063 latior,
743 3998 798 4051 in
830 4011 933 4065 qua
976 3993 1329 4049 conveniebat
1377 4004 1471 4043 eos
1516 3986 1604 4055 qui
1635 3984 1699 4037 ad
1730 3986 1902 4053 ipsum

320 4074 671 4143 ventitabant.

394 4183 490 4236 llic
519 4182 728 4237 curavit
761 4190 959 4235 tantam
993 4177 1384 4233 multitudinem
1414 4187 1596 4228 eorum
1627 4168 1714 4239 qui
1746 4181 1903 4220 vexa-

318 4264 513 4329 bantur
538 4289 566 4326 a
594 4272 959 4337 daamonibus,
995 4280 1050 4324 ut
1089 4285 1149 4324 ea
1186 4282 1286 4322 non
1316 4266 1476 4320 cadat
1516 4264 1569 4317 in
1601 4273 1895 4315 numerum.

318 4366 449 4419 Cum
492 4380 588 4420 nos
614 4372 790 4419 autem
822 4359 927 4418 illic
953 4376 1214 4425 essemus,
1251 4358 1398 4426 virgo
1429 4355 1622 4410 nobilis
1654 4360 1708 4407 et
1754 4351 1903 4403 dives

316 4458 543 4513 deducta
567 4468 646 4511 est
672 4455 736 4510 ad
761 4471 881 4509 eum
906 4469 937 4508 e
960 4451 1341 4507 Thessalonica
1366 4449 1417 4502 in
1448 4446 1640 4499 ﬁnibus
1665 4442 1899 4503 Achaiae,

2006 3276 2235 3343 spuisset
2273 3274 2324 3327 in
2365 3272 2481 3342 ejus
2520 3274 2725 3338 oculos,
2766 3276 2957 3341 oravit,
3001 3287 3053 3330 et
3091 3278 3267 3331 statim
3309 3277 3457 3331 vidit.
3519 3277 3589 3331 Et

2004 3383 2122 3421 cum
2176 3377 2344 3420 mater
2388 3382 2507 3420 eum
2556 3365 2807 3419 iactasset
2847 3376 2901 3419 et
2947 3369 3260 3435 accepisset,
3306 3371 3383 3421 ita
3435 3372 3586 3424 exiit.

2009 3459 2099 3510 Die
2136 3464 2311 3510 autem
2354 3454 2596 3523 sequenti
2640 3455 2828 3521 pellem
2870 3469 3074 3524 magna
3126 3458 3244 3511 ovis
3296 3460 3472 3513 attulit
3518 3462 3583 3512 ait

2006 3556 2244 3599 sanctum
2276 3543 2597 3608 Macarium;
2640 3553 2836 3597 etcum
2877 3554 3090 3599 sanctus
3121 3546 3337 3600 vidisset
3369 3547 3584 3614 pellem,

2011 3643 2127 3694 haec
2172 3638 2307 3692 dixit
2338 3638 2540 3707 hyaenae
2574 3657 2585 3689 :
2622 3638 2895 3692 Undenam
2952 3639 3089 3692 hanc
3137 3638 3437 3705 habuisses,
3486 3642 3586 3695 nisi

2007 3749 2160 3788 ovem
2203 3732 2430 3800 alicujus
2478 3730 2828 3784 devorasses?
2879 3728 3030 3795 Quod
3077 3744 3203 3797 ergo
3233 3728 3585 3798 proﬁciscitur

2008 3823 2076 3876 ab
2107 3822 2320 3889 injuria,
2351 3834 2451 3889 ego
2478 3835 2505 3873 a
2534 3828 2587 3875 te
2617 3833 2721 3873 non
2747 3820 2969 3888 accipio.
3015 3820 3209 3889 Hyaena
3235 3828 3411 3875 autem
3441 3822 3586 3875 humi

2010 3913 2264 3968 inclinato
2294 3913 2493 3980 capite,
2539 3926 2676 3981 genu
2727 3911 2969 3966 ﬂectebat
2997 3913 3061 3965 ad
3110 3912 3270 3980 pedes
3316 3914 3504 3979 sancti,
3534 3923 3589 3967 et

2008 4006 2236 4074 ponebat
2266 4005 2472 4070 pellem.
2510 4003 2624 4071 Ipse
2655 4011 2832 4057 autem
2858 4003 2907 4055 ei
2937 4002 3151 4057 dicebat
3178 4020 3192 4059 :
3228 4003 3340 4056 Dixi
3372 4016 3458 4057 me
3482 4015 3588 4056 non

2008 4110 2374 4167 accepturum,
2416 4096 2522 4151 nisi
2557 4096 2822 4165 juraveris
2865 4104 2914 4148 te
2948 4112 3049 4149 non
3090 4095 3319 4164 amplius
3359 4094 3590 4151 oﬂ‘ensu-

2010 4206 2121 4244 ram
2158 4203 2443 4257 pauperes,
2475 4188 2803 4243 comedenda
2844 4203 3026 4242 eorum
3058 4202 3205 4241 oves.
3247 4187 3338 4241 Illa
3367 4203 3495 4242 vero
3520 4185 3589 4240 ad

2013 4281 2111 4333 hoc
2139 4294 2350 4347 quoque
2377 4280 2551 4347 capite
2586 4295 2683 4333 suo
2722 4280 2927 4343 annuit,
2961 4288 3015 4333 ut
3042 4294 3160 4347 qua:
3192 4290 3376 4333 sancto
3404 4293 3589 4332 assem

2010 4374 2196 4427 tiretur
2238 4371 2486 4427 Macario.
2556 4372 2705 4426 Tunc
2753 4372 2958 4440 accepit
3016 4372 3210 4441 pellem
3262 4371 3329 4425 ab
3376 4371 3588 4442 hyaena.

2013 4464 2169 4523 Beata
2219 4472 2396 4517 autem
2429 4462 2623 4516 Christi
2670 4463 2861 4517 ancilla
2904 4463 3127 4517 Melania
3176 4464 3311 4517 dixit
3353 4463 3498 4525 mihi,
3534 4477 3591 4516 se

318 4560 437 4612 quae
462 4546 644 4601 multis
675 4546 829 4599 annis
860 4544 1130 4597 laborarat
1161 4540 1419 4609 paralysi.
1452 4538 1599 4589 llanc
1630 4543 1756 4626 ante
1784 4532 1901 4626 celf
1931 4554 1981 4614 ο
2012 4556 2156 4610 illam
2184 4556 2374 4621 penem
2416 4556 2684 4624 acrepissc
2717 4570 2745 4607 a
2771 4555 2998 4612 Macario
3041 4557 3152 4622 m0,
3185 4555 3327 4626 quod
3358 4557 3592 4624 “meum

318 4636 423 4688 lant
451 4648 599 4688 suam
635 4633 949 4703 projectam,
976 4628 1339 4684 misericordia
1365 4633 1683 4685 commotus,
1708 4622 1893 4690 viginti

318 4724 506 4778 diebus
555 4736 761 4789 ungens
798 4720 918 4775 oleo
965 4727 1148 4773 sancto
1192 4719 1303 4771 Suis
1330 4715 1592 4777 manibus,
1629 4721 1684 4767 et
1711 4727 1891 4775 orans,

317 4830 502 4869 sanam
544 4812 750 4869 remisit
776 4812 828 4865 in
860 4826 1008 4865 suam
1040 4810 1331 4864 civitatem.
1365 4808 1493 4873 Qum,
1523 4822 1642 4860 cum
1679 4806 1899 4873 pedibus

318 4906 427 4957 suis
441 4903 767 4968 recessisset,
787 4902 847 4953 ad
867 4909 1079 4955 sanctos
1097 4900 1364 4969 c0piosam
1385 4898 1527 4952 misit
1546 4898 1895 4951 oblationem.

392 4994 474 5048 Me
499 5003 675 5047 autem
706 5002 971 5062 prmsente
998 4991 1258 5045 adductus
1288 5001 1370 5045 est
1405 4990 1469 5044 ad
1499 5005 1619 5043 eum
1652 5004 1780 5058 puer
1811 4988 1901 5057 qtti

320 5086 606 5141 vexabatur
635 5101 662 5140 a
693 5086 904 5153 spiritu.
941 5084 1001 5137 Ei
1052 5095 1229 5138 autem
1262 5098 1476 5137 manum
1525 5084 1803 5151 imponens
1846 5081 1900 5136 in

318 5178 511 5246 capite,
542 5188 597 5233 et
627 5178 898 5231 sinistram
929 5192 1086 5246 supra
1155 5190 1268 5241 cor,
1299 5176 1478 5228 tandiu
1531 5176 1695 5227 oravit
1730 5174 1898 5228 donec

318 5268 532 5322 Fecisset
563 5268 733 5337 ipsum
763 5267 998 5335 pendere
1029 5266 1081 5320 in
1113 5282 1258 5321 aere.
1306 5265 1585 5334 Tanquam
1628 5274 1746 5318 uter
1776 5277 1902 5332 ergo

320 5373 451 5424 puer
481 5358 720 5424 inﬂatus,
754 5361 888 5413 adeo
914 5358 1185 5425 intumuit,
1212 5367 1269 5412 ut
1291 5367 1431 5412 esset
1455 5359 1669 5411 maximi
1701 5357 1901 5425 ponde-

314 5450 409 5501 ris.
445 5446 510 5501 Et
536 5463 656 5502 eum
687 5459 905 5517 repente
945 5450 1316 5511 exclamasset,
1349 5464 1441 5517 per
1482 5463 1670 5502 omnes
1705 5460 1898 5503 sensus

313 5548 506 5605 aquam
534 5538 747 5601 emisit;
781 5549 833 5594 et
859 5555 979 5595 cum
1003 5556 1189 5594 rursus
1213 5539 1477 5605 desiisset,
1503 5539 1657 5593 rediit
1685 5538 1749 5591 ad
1779 5553 1895 5592 eam

316 5631 499 5699 inqua
532 5631 678 5702 prius
720 5640 837 5687 erat
875 5648 1201 5687 mensuram.
1238 5635 1300 5688 Et
1332 5632 1545 5689 tradidit
1573 5648 1693 5688 eum
1726 5632 1896 5702 patri,

391 5746 407 5777 '
442 5746 745 5803 Heraclides
771 5751 882 5804 haec
904 5750 971 5805 de
994 5749 1183 5808 Marco.

2012 4649 2167 4703 batur
2191 4663 2380 4700 munus
2404 4648 2623 4718 hyaenae.
2651 4648 2784 4714 Quid
2808 4663 2936 4703 vero
2961 4651 3151 4703 mirum
3178 4660 3261 4704 est
3286 4650 3425 4718 apud
3449 4652 3590 4701 viros

2010 4740 2210 4792 mundo
2240 4738 2543 4801 cruciﬁxos,
2575 4738 2619 4790 si
2655 4737 2839 4807 hyaena
2874 4728 3133 4793 beneﬁcio
3162 4739 3373 4800 affecta,
3402 4740 3467 4792 ad
3498 4740 3588 4792 Dei

2011 4826 2253 4896 gloriam,
2295 4836 2349 4880 et
2387 4826 2648 4881 honorem
2687 4842 2963 4882 servorum
3004 4830 3141 4897 ejus,
3173 4828 3223 4881 id
3262 4830 3496 4883 sentiens
3525 4829 3591 4882 ad

2011 4931 2130 4970 eum
2154 4930 2373 4971 munera
2400 4917 2677 4971 attulerit?
2714 4932 2834 4971 nam
2865 4919 2954 4987 qui
3006 4920 3058 4973 in
3092 4920 3307 4974 Dauiele
3334 4922 3591 4988 prepbcta

2010 5004 2362 5059 mansuefecit
2393 5006 2600 5081 leones,
2636 5006 2753 5060 huic
2782 5022 2992 5077 quoque
3024 5009 3225 5078 hymna:
3257 5008 3477 5078 largitus
3511 5019 3591 5062 cst

2010 5098 2430 5167 intelligentiam.

2084 5194 2159 5247 De
2189 5208 2252 5247 eo
2282 5202 2459 5247 autem
2505 5193 2704 5247 dictum
2736 5204 2817 5247 cst
2839 5192 2976 5262 quod
3008 5211 3071 5249 ex
3099 5212 3203 5265 quo
3238 5197 3335 5251 fuit
3358 5196 3591 5266 baptism

2008 5295 2113 5348 tus,
2140 5284 2287 5338 humi
2319 5298 2421 5339 non
2451 5284 2676 5351 spuerit,
2710 5299 2828 5339 cum
2860 5295 3039 5340 essent
3067 5289 3338 5358 sexaginta
3370 5287 3496 5343 anni
3525 5302 3591 5342 ex

2007 5392 2112 5446 quo
2142 5376 2312 5431 fuerat
2339 5376 2661 5447 baptizatus.
2691 5378 2874 5430 Annos
2897 5376 3037 5431 enim
3065 5387 3220 5433 natus
3244 5378 3588 5449 quadraginta

2008 5466 2329 5534 baptismum
2368 5477 2696 5535 susceperat.
3106 5510 3109 5511 ν

2076 5554 2273 5610 Forma
2313 5564 2491 5611 autem
2540 5558 2656 5625 ejus
2683 5567 2797 5611 erat
2834 5558 3135 5628 hujusmodi
3164 5578 3174 5610 :
3207 5568 3419 5628 oportet
3443 5560 3585 5615 enim

2008 5659 2092 5699 me
2123 5660 2328 5715 quoque
2360 5646 2450 5701 tibi
2482 5646 2584 5702 hoc
2623 5647 2945 5716 signiﬁcare.
2976 5649 3173 5706 Christi
3205 5665 3381 5718 serve,
3415 5660 3471 5705 ut
3499 5652 3588 5719 qui
