4020 6428
491 407 625 461 ιίῦὖ

1964 377 2282 445 PALLADII

2792 333 2807 347 ν
2879 340 2885 343 .

2797 355 2899 403 ι’,

3616 366 3753 427 106‘

508 529 608 580 hnc
635 524 796 577 sciam
827 519 1048 587 optime,
1074 531 1194 571 eum
1236 531 1351 570 mea
1382 515 1609 584 parvitas
1646 506 1693 570 ei
1734 514 1891 569 fuerit
1930 523 2064 565 tein-
2095 514 2143 569 Λ
2169 522 2256 570 sto
2340 517 2398 564 et
2471 507 2716 563 vindicta
2761 505 2952 573 cupido
2985 488 3164 559 animo
3200 498 3319 560 erat
3350 506 3402 559 in
3441 514 3729 574 pastorem,

504 628 632 681 pore
657 610 896 677 aequalis.
934 610 1058 660 Erat
1083 616 1257 661 autem
1280 606 1395 674 ejus
1418 602 1588 658 forma
1616 606 1743 659 satis
1772 608 1975 659 minuta
2004 620 2065 658 ac

505 700 685 756 mutila
717 708 769 751 et
812 714 951 761 rara,
981 698 1112 762 pilos
1153 697 1322 749 solum
1365 696 1563 750 habens
1592 696 1645 747 in
1684 696 1851 749 labro.
1900 696 2065 762 Quin-

506 793 665 845 etiam
710 789 759 841 in
801 799 1047 855 suprema
1088 798 1237 854 parte
1275 785 1500 839 habebat
1532 800 1746 854 paucos.
1786 786 1917 840 Nam
1951 800 2070 849 pro-

508 891 628 951 pter
666 879 905 946 ingentes
936 876 1144 929 labores
1191 874 1603 941 exercitationis,
1636 888 1703 928 ne
1732 874 1824 943 pili
1854 874 2070 943 quidem

512 968 675 1023 menti
704 967 884 1020 barba
911 965 959 1018 ei
988 962 1127 1017 enati
1156 969 1298 1016 sunt.

585 1058 663 1114 Ad
692 1061 828 1111 hunc
866 1066 1103 1109 sanctum
1135 1053 1417 1107 Macarium
1457 1065 1576 1107 cum
1615 1052 1841 1121 quodam
1879 1052 1967 1106 die
1989 1066 2077 1104 ve-

510 1152 734 1211 nissem,
766 1160 819 1203 et
845 1163 1016 1202 essem
1041 1147 1217 1200 animo
1238 1145 1391 1200 valde
1410 1146 1620 1212 anxius,
1643 1145 1763 1201 dico
1784 1146 1856 1199 illi
1888 1162 1901 1198 :
1929 1144 2077 1198 Abba

416 1264 421 1269 -
514 1238 736 1303 Macari,
768 1236 888 1303 quid
918 1236 1130 1299 faciam,
1158 1236 1401 1302 quoniam
1432 1249 1516 1288 me
1542 1234 1781 1303 afﬂigunt
1804 1233 2081 1302 cogitatio-

526 1340 641 1387 nes,
685 1325 813 1378 mihi
867 1325 1148 1377 dicentes:
1190 1322 1329 1376 Nihil
1376 1323 1524 1386 facis,
1558 1322 1745 1376 recede
1786 1322 1929 1375 hinc.
1974 1320 2081 1375 Re-

514 1418 737 1487 spondet
766 1415 891 1469 inihi
922 1416 1107 1470 dicens
1136 1423 1349 1467 sanctus
1380 1412 1536 1467 Pater
1565 1412 1824 1466 Macarius
1856 1430 1871 1467 :
1900 1412 1997 1465 Die
2025 1420 2083 1466 tu

514 1511 616 1563 tuis
662 1507 1071 1578 cogitationibus
1103 1523 1116 1558 :
1150 1505 1372 1574 Propter
1399 1502 1667 1557 Christum
1709 1502 1951 1558 custodio
1991 1516 2085 1571 pa-

514 1601 695 1655 rietes.

587 1691 728 1753 llae,
776 1703 807 1740 ο
835 1686 1070 1741 studiose
1104 1693 1159 1740 et
1206 1683 1567 1737 amantissime
1592 1682 1782 1737 Christi
1816 1696 1989 1747 serve,
2021 1696 2088 1737 ex

516 1779 697 1833 multis
749 1789 802 1832 et
840 1777 1045 1843 magnis
1095 1775 1258 1843 signis
1295 1782 1349 1828 et
1384 1774 1764 1829 certaminibus
1813 1770 1995 1842 inclyti
2034 1780 2087 1825 et

519 1867 710 1920 virtute
739 1867 941 1934 praditi
966 1864 1175 1917 Macarii
1206 1862 1521 1930 significavi.

593 1958 691 2010 llic
721 1954 978 2010 Macarius
1007 1954 1162 2007 nobis
1193 1952 1426 2005 narravit
1452 1952 1587 2021 (erat
1616 1951 1755 2006 enim
1787 1950 2084 2022 presbyter)

520 2065 580 2106 se
608 2051 925 2105 observasse
968 2058 1206 2118 tempore
1250 2047 1638 2103 communionis
1669 2044 1863 2099 Christi
1913 2058 2090 2096 sacra-

521 2150 853 2205 mentorum,
882 2156 941 2195 se
970 2142 1148 2195 Marco
1195 2139 1531 2195 exercitatori
1578 2151 1841 2207 nunquam
1871 2135 2091 2190 dedisse

524 2231 871 2296 oblationem,
898 2230 993 2285 sed
1033 2230 1084 2286 ei
1113 2230 1358 2299 angelum
1402 2229 1612 2284 dedisse
1657 2244 1720 2283 ex
1763 2243 1889 2291 ara;
1920 2226 2089 2281 solum

525 2332 702 2379 autem
746 2336 802 2378 se
829 2322 1026 2378 vidisse
1050 2321 1270 2391 digitum
1301 2336 1488 2374 manus
1512 2320 1626 2389 ejus
1655 2318 1745 2389 qui
1769 2317 1945 2373 dabat.

1115 2430 1338 2487 CAPUT
1377 2429 1517 2485 XXI.

954 2545 1006 2603 ν
1010 2546 1081 2601 ita
1118 2546 1312 2600 abbatis
1340 2544 1505 2599 Marci
1530 2543 1664 2615 (5'5).

596 2659 726 2715 Cum
772 2670 913 2714 esset
944 2667 1119 2713 autem
1151 2658 1239 2712 hic
1263 2657 1467 2711 Marcus
1507 2656 1707 2725 junior,
1738 2654 1954 2709 dicebat
1984 2666 2097 2707 me-

527 2750 747 2803 moriter
775 2748 932 2803 Vetus
959 2756 1013 2801 et
1037 2747 1239 2801 Novum
1270 2746 1690 2812 Testamentum,
1721 2755 1937 2811 eratque
1965 2741 2097 2797 insi-

527 2842 701 2907 gniter
726 2838 890 2903 mitis,
921 2847 977 2892 et
1009 2852 1215 2895 summe
1239 2848 1555 2905 temperans.
1588 2838 1824 2905 Quodam
1855 2851 1983 2905 ergo
2012 2835 2100 2888 die

527 2943 648 2983 cum
676 2930 803 2982 satis
825 2929 918 2982 otii
950 2928 1201 2983 haberem
1232 2931 1282 2982 in
1316 2929 1447 2983 cella
1477 2942 1617 2994 mea,
1649 2927 1701 2980 in
1733 2934 1967 2980 extrema
1992 2926 2099 2993 jam

527 3015 646 3088 ejus
691 3026 963 3074 senectute
1005 3018 1072 3072 ad
1121 3034 1241 3073 eum
1287 3019 1468 3085 venio,
1514 3024 1569 3071 et
1614 3017 1751 3070 ostio
1798 3017 1914 3083 ejus
1955 3014 2103 3068 cella

531 3110 763 3166 assideo.
806 3109 973 3175 Quem
1001 3123 1123 3176 ego,
1172 3114 1353 3176 utpote
1399 3106 1490 3175 qui
1520 3121 1692 3161 essem
1735 3105 1907 3159 adhuc
1936 3105 2102 3171 rudis,

531 3197 897 3253 existimabam
927 3211 1046 3251 esse
1075 3210 1232 3263 supra
1258 3196 1547 3261 hominem,
1579 3197 1715 3248 sicut
1756 3205 1900 3259 erat;
1932 3204 1983 3247 et
2009 3210 2102 3247 au-

531 3288 824 3343 scultabam
855 3287 1104 3357 quidnam
1135 3288 1337 3340 diceret
1365 3286 1443 3340 vel
1470 3282 1689 3339 faceret.
1738 3284 1785 3337 ls
1814 3294 1991 3339 autem
2023 3285 2103 3338 in-

533 3387 618 3433 tus
662 3379 826 3445 solus,
874 3393 993 3434 cum
1036 3379 1143 3449 jam
1193 3387 1404 3432 centum
1444 3390 1610 3430 annos
1661 3377 2022 3447 trausegisset,
2054 3386 2108 3433 et

534 3471 723 3526 dentes
770 3471 1055 3539 amisisset,
1088 3486 1267 3527 secum
1311 3471 1576 3541 pugnabat
1625 3478 1680 3525 et
1727 3484 1844 3524 cum
1872 3470 2104 3536 diabolo,

535 3574 588 3617 et
610 3563 822 3616 dicebat
846 3581 857 3615 :
885 3563 1020 3629 Quid
1050 3564 1134 3617 vis
1162 3563 1433 3631 deinceps,
1464 3563 1731 3637 κακόγηρε,
1766 3562 1815 3615 id
1844 3569 1946 3626 est,
1972 3561 2111 3617 male

533 3656 733 3711 senex?
755 3644 888 3709 Ecce
915 3657 1022 3723 jam
1052 3665 1104 3709 et
1133 3656 1317 3709 vinum
1346 3654 1547 3720 bibisti,
1586 3667 1638 3709 et
1669 3655 1840 3709 oleum
1872 3654 2110 3721 tetigisti.

533 3747 669 3812 Quid
695 3746 772 3801 vis
796 3746 1048 3816 deinceps
1073 3748 1360 3822 πσλιόφαογε,
1392 3747 1445 3801 id
1475 3755 1577 3813 est,
1606 3763 1767 3801 vorax
1818 3748 1868 3801 in
1894 3747 2107 3813 canitie,

533 3849 588 3893 et
615 3836 936 3903 κοιλιόδουλι,
970 3840 1019 3891 id
1049 3846 1152 3903 est,
1183 3839 1354 3892 ventri
1389 3839 1643 3906 serviens,
1676 3839 1872 3906 probro
1902 3848 1955 3892 et
1984 3852 2112 3891 con-

535 3930 750 3983 tumelia
776 3940 825 3982 te
852 3931 1022 3998 ipsum
1044 3929 1316 3985 afﬁciens?
1342 3931 1407 3984 Et
1429 3930 1642 3984 diabolo
1663 3932 1875 3984 dicens:
1902 3929 2113 3984 Recede

534 4034 565 4073 a
600 4034 707 4085 me,
734 4020 963 4086 diabole,
986 4021 1311 4075 consenuisti
1343 4035 1551 4074 mecum
1583 4021 1635 4073 in
1664 4020 2110 4087 dissensionibus,

537 4110 769 4181 injecisti
801 4112 928 4165 mihi
959 4112 1373 4167 imbecillltatem
1408 4111 1671 4180 corporis,
1714 4110 1881 4165 fecisti
1915 4125 1999 4164 me
2029 4111 2115 4164 bi-

538 4197 669 4257 bere
697 4204 876 4256 vinum
897 4245 912 4268 ,
944 4211 998 4256 et
1036 4216 1247 4257 sumere
1287 4202 1481 4270 oleum,
1511 4215 1596 4256 me
1623 4200 1851 4256 reddens
1879 4200 2118 4268 volupta-

537 4293 698 4348 rium.
742 4293 1000 4348 Adhuene
1038 4294 1131 4348 tibi
1175 4294 1371 4364 aliquid
1409 4292 1615 4348 debeo?
1663 4291 1815 4360 Apud
1855 4305 1942 4344 me
1987 4290 2118 4345 nihil

540 4384 749 4437 invenis
788 4385 929 4453 quod
960 4384 1093 4439 velis
1131 4384 1379 4454 diripere.
1432 4382 1639 4438 Recede
1668 4397 1695 4434 a
1734 4397 1817 4436 me
1845 4379 2117 4447 deinceps,

542 4476 755 4532 inimice
783 4476 1079 4532 hominum.
1105 4477 1181 4532 Ac
1206 4477 1365 4532 veluti
1395 4490 1454 4530 se
1476 4488 1772 4543 provocans
1800 4480 1855 4527 et
1882 4473 2116 4537 irritans,

2173 603 2263 671 qui
2292 601 2359 654 ad
2385 614 2497 655 rem
2524 598 2753 667 aliquam
2782 596 3090 665 patrandam
3119 595 3264 650 eunti
3292 595 3391 649 sibi
3419 596 3587 652 fuerat
3614 612 3731 652 cum

2168 691 2388 747 canibus
2418 689 2528 743 suis
2559 688 2959 755 impedimento.
3010 685 3178 751 Quem
3222 700 3342 739 cum
3385 686 3542 741 vellet
3589 689 3733 741 occi-

2171 782 2321 844 dere,
2351 780 2531 835 obibat
2573 780 2747 832 locum
2788 777 2840 830 in
2866 790 2971 844 quo
3007 778 3123 842 ejus
3152 790 3281 830 oves
3321 774 3588 829 habebant
3631 785 3736 829 sta-

2172 871 2392 934 tionem,
2435 867 2486 922 ei
2526 873 2701 920 autem
2746 865 3100 936 significatum
3124 871 3208 918 est
3246 865 3416 931 ipsum
3450 878 3571 917 esse
3601 873 3737 919 trans

2174 958 2371 1013 Nilum.
2402 957 2468 1010 Et
2504 970 2631 1011 cum
2652 954 2961 1009 fluvius‘illo
3004 963 3242 1021 tempore
3269 955 3570 1019 inundaret,
3602 961 3657 1009 et
3677 955 3738 1007 ad

2176 1046 2321 1101 mille
2349 1060 2535 1115 passus
2566 1053 2770 1113 pateret
2793 1043 3089 1106 latitudine,
3120 1058 3302 1098 ensem
3334 1055 3519 1099 tenens
3546 1046 3740 1098 mordi-

2177 1154 2295 1207 cus,
2319 1148 2372 1193 et
2401 1140 2632 1195 tunicam
2662 1154 2764 1208 qua
2799 1146 2912 1192 erat
2954 1138 3168 1191 indutus
3212 1136 3489 1204 imponens
3526 1151 3624 1190 suo
3652 1150 3738 1187 ea-

2179 1229 2299 1298 piti,
2333 1228 2562 1283 natando
2622 1229 2699 1283 sic
2752 1229 3043 1282 transmisit
3086 1226 3326 1280 ﬂuvium.
3394 1227 3529 1280 Dum
3572 1237 3742 1280 autem

2181 1326 2560 1382 transnataret,
2577 1318 2746 1385 potuit
2771 1326 2950 1383 pastor
2970 1331 3029 1371 se
3050 1316 3373 1370 abscondere
3389 1316 3586 1371 alicubi
3608 1315 3742 1372 infu-

2181 1408 2352 1461 diens.
2377 1406 2510 1460 Cum
2532 1421 2658 1476 ergo
2684 1406 2851 1475 Moysi
2880 1414 3112 1473 captum
3138 1418 3244 1458 non
3261 1405 3632 1471 successisset,
3661 1421 3747 1462 oc-

2183 1497 2309 1550 cisis
2352 1504 2578 1566 quatuor
2618 1494 2841 1565 egregiis
2890 1496 3162 1559 arietibus,
3209 1506 3263 1550 et
3311 1495 3435 1549 fune
3471 1498 3745 1567 colligatis,

2186 1589 2362 1645 Nilum
2397 1606 2583 1645 rursus
2613 1589 2880 1655 tranavit;
2912 1600 2964 1645 et
3000 1606 3118 1645 cum
3147 1593 3197 1645 in
3227 1606 3439 1661 parvam
3471 1590 3744 1658 quamdam

2188 1680 2368 1735 villam
2392 1682 2646 1744 venisset,
2674 1681 2963 1736 excoriavit
2988 1682 3212 1747 arietes;
3238 1692 3432 1738 etcum
3457 1696 3583 1750 qua
3608 1690 3749 1735 erant

2188 1768 2363 1824 carnis
2392 1770 2589 1838 optima
2632 1770 2976 1836 comedisset,
3010 1780 3065 1825 et
3092 1771 3259 1840 pelles
3298 1785 3393 1839 pro
3429 1772 3556 1824 vino
3583 1771 3748 1824 vendi-

2121 1856 2379 1927 Bdisset,
2427 1875 2549 1914 eum
2598 1861 2789 1915 saltem
2833 1861 3136 1916 ltalicorum
3201 1861 3413 1917 circiter
3464 1861 3747 1915 octodecim

2192 1952 2309 2025 (55)
2359 1952 2632 2018 ebibisset,
2681 1954 2823 2007 illinc
2869 1954 2934 2007 ad
2981 1955 3355 2024 quinquaginta
3386 1952 3635 2008 milliaria
3679 1961 3748 2007 est

2194 2044 2480 2115 profectus,
2509 2043 2596 2097 ubi
2623 2042 2847 2096 habebat
2872 2043 3173 2114 collegium.

2264 2137 2360 2191 llic
2400 2139 2643 2205 princeps
2687 2134 2949 2189 latronum
2996 2150 3115 2195 sero
3168 2136 3378 2190 tandem
3420 2150 3549 2190 casu
3591 2135 3749 2203 aliquo

2192 2228 2280 2295 qui
2318 2226 2367 2281 ei
2396 2224 2663 2279 acciderat
2705 2238 3050 2293 compunctus
3079 2265 3094 2290 ,
3117 2225 3333 2279 tradidit
3376 2226 3613 2294 seipsnm
3640 2238 3742 2278 meo

2194 2319 2454 2384 nasterio;
2487 2327 2537 2372 et
2564 2317 2628 2372 ad
2662 2325 2861 2370 tantam
2893 2318 3154 2385 processit
3183 2318 3569 2386 paenitentiam,
3597 2331 3751 2384 quan-

2198 2419 2303 2465 tam
2333 2424 2418 2463 res
2445 2410 2571 2477 ipsae
2598 2407 2920 2463 indicarunt.
2949 2407 3093 2462 inter
3120 2416 3314 2462 catera
3343 2414 3521 2462 autem
3549 2408 3744 2471 dicitur,

2196 2499 2335 2569 quod
2364 2514 2485 2554 cum
2515 2508 2738 2568 quatuor
2764 2498 2993 2553 latrones
3031 2498 3083 2552 in
3106 2513 3229 2554 eum
3254 2499 3307 2553 in
3335 2499 3465 2553 cella
3496 2498 3748 2553 sedentem

2197 2590 2481 2644 irruissent
2510 2630 2525 2655 ,
2598 2590 2904 2656 ignorantes
2954 2604 3074 2643 eum
3114 2604 3231 2644 esse
3268 2590 3503 2660 Moysem
3531 2629 3549 2654 ,
3587 2590 3749 2643 beatus

2201 2680 2410 2749 Moyses
2433 2694 2526 2733 eos
2548 2688 2796 2747 tanquam
2824 2694 3033 2733 saccum
3056 2680 3224 2750 palea
3243 2680 3513 2747 ligatos,et
3539 2678 3747 2733 humeris

2201 2770 2469 2838 imposuit,
2512 2782 2565 2825 et
2611 2770 2674 2822 ad
2702 2770 2922 2823 fratrum
2950 2771 3178 2838 portavit
3206 2771 3506 2835 ecclesiam,
3538 2769 3732 2823 dicens:

2202 2860 2460 2923 Quoniam
2504 2875 2607 2912 non
2650 2859 2774 2913 licet
2814 2858 2941 2912 mihi
2979 2858 3133 2912 alicui
3170 2859 3345 2913 facere
3388 2859 3647 2926 iniuriam,
3673 2859 3743 2911 iu—

2204 2952 2323 3005 veni
2367 2959 2546 3003 autem
2586 2964 2678 3003 eos
2718 2964 2805 3003 me
2856 2962 3162 3018 aggressos,
3203 2948 3331 3017 quid
3370 2948 3438 3002 de
3476 2949 3540 3002 iis
3578 2948 3746 3016 iubetis

2207 3042 2356 3095 fieri?
2389 3039 2501 3095 Hoc
2527 3039 2687 3093 modo
2712 3048 2888 3094 autem
2912 3039 3282 3109 comprehensi
3311 3054 3339 3095 a
3367 3047 3550 3094 sancto
3571 3040 3745 3107 Moyse,

2209 3134 2322 3187 Deo
2364 3132 2595 3187 confessi
2643 3140 2787 3186 sunt.
2843 3132 3056 3185 Etcum
3105 3132 3479 3201 cognovissent
3510 3147 3620 3187 eum
3645 3144 3745 3184 esse

2133 3228 2178 3289 C
2212 3223 2444 3294 Moysem
2484 3223 2573 3292 qui
2611 3220 2713 3276 fuit
2754 3220 3038 3291 aliquando
3079 3222 3298 3291 insignis
3336 3222 3570 3290 princeps
3605 3221 3744 3273 latro-

2211 3328 2358 3377 num,
2385 3311 2654 3367 Christum
2686 3327 2752 3366 eo
2794 3311 3008 3366 nomine
3044 3311 3433 3381 glorificantes,
3466 3310 3536 3365 illi
3561 3322 3741 3379 quoque

2212 3406 2409 3461 mundo
2448 3402 2823 3456 renuntiarunt
2860 3412 3084 3471 propter
3131 3401 3250 3471 ejus
3296 3400 3647 3470 panitentiam,
3688 3406 3733 3449 et

2212 3502 2499 3550 evaserunt
2541 3495 2789 3549 monachi
2837 3494 3225 3562 probatissimi,
3257 3494 3335 3549 sic
3370 3493 3650 3560 cogitantes:
3675 3487 3726 3541 Si

2214 3587 2301 3641 hic
2330 3588 2417 3655 qui
2468 3596 2668 3640 tantum
2709 3586 2920 3641 valebat
2956 3585 3158 3640 viribus
3204 3584 3465 3641 latrocinia
3499 3580 3623 3652 parvi
3657 3580 3720 3630 ta-

2212 3678 2382 3744 ciens,
2408 3677 2483 3731 sic
2505 3676 2669 3731 Deum
2704 3678 2885 3743 timet;
2923 3678 3044 3747 quid
3074 3691 3173 3733 nos
3216 3677 3389 3732 adhuc
3431 3682 3632 3730 nostram
3651 3685 3722 3725 sa-

2216 3771 2381 3827 lutem
2413 3769 2737 3824 differimus?

2288 3860 2503 3915 Beatum
2535 3871 2711 3914 autem
2744 3859 2977 3930 Moysem
3010 3858 3114 3932 (sic
3144 3857 3284 3913 enim
3312 3863 3519 3927 oportet
3543 3868 3647 3911 eum
3671 3866 3748 3904 ro-

2219 3948 2367 4020 care)
2398 3950 2649 4017 deinceps
2675 3950 2847 4004 adorti
2878 3960 2999 4004 sunt
3028 3949 3318 4014 daemones,
3342 3949 3406 4004 ad
3438 3944 3753 4003 fornicatoria

2217 4040 2646 4109 intemperantia
2677 4039 3010 4108 impellentes
3048 4055 3170 4095 eum
3199 4040 3657 4100 consuetudinem;
3683 4034 3759 4099 qui

2218 4148 2384 4202 usque
2411 4133 2545 4187 adeo
2574 4133 2640 4187 ab
2670 4134 2796 4201 ipsis
2827 4134 2923 4186 fuit
2954 4141 3203 4200 tentatus,
3230 4134 3365 4187 sicut
3391 4133 3505 4201 ipse
3531 4130 3760 4191 narravit,

2217 4233 2276 4279 ut
2301 4239 2485 4292 parum
2512 4222 2740 4277 abfuerit
2773 4224 2896 4293 quin
2928 4238 3047 4277 eum
3078 4223 3145 4277 ab
3176 4224 3416 4277 instituto
3441 4221 3767 4277 dimovereut.

2219 4314 2353 4368 Cum
2386 4321 2564 4367 autem
2616 4314 2925 4369 accessisset
2974 4314 3038 4367 ad
3088 4329 3334 4384 magnum
3385 4314 3658 4375 lsidorum,
3695 4309 3773 4380 qui

2222 4407 2439 4460 sedebat
2473 4406 2525 4459 in
2552 4405 2727 4469 Scele,
2758 4404 2913 4459 tertio
2945 4405 3009 4458 ad
3040 4420 3159 4459 eum
3200 4405 3378 4460 retulit
3418 4404 3486 4460 de
3513 4404 3653 4459 bello
3685 4401 3776 4455 for—

2225 4498 2525 4552 nicatiouis.
2575 4496 2671 4551 Cui
2727 4496 3000 4564 respondit
3043 4508 3298 4552 sanctus:
3330 4497 3404 4552 Ne
3442 4493 3778 4556 conturberis,

543 4582 723 4622 secum
769 4568 1104 4637 loquebamrv
1149 4569 1374 4622 dicendo
1401 4580 1415 4619 ³
1444 4566 1736 4629 Αδθθάωην
1788 4581 1819 4616 ⁰
1867 4571 2115 4655 ¹¹⁰8³ί9Γ’
2143 4584 2197 4643 D
2222 4602 2253 4642 ο
2285 4587 2480 4653 frater;
2523 4597 2646 4641 sunt
2676 4587 2953 4655 principia,
2982 4596 3034 4640 et
3077 4587 3196 4641 ideo
3241 4596 3291 4641 te
3315 4587 3676 4641 vehementius
3702 4583 3775 4637 iu-

544 4659 599 4714 in
639 4659 833 4714 canitie
865 4669 1101 4727 voratur,
1135 4669 1187 4715 et
1228 4659 1403 4715 helluo
1450 4659 1501 4711 in
1532 4664 1823 4711 senectute.
1876 4654 2118 4721 Quandiu

547 4766 640 4806 ero
670 4752 879 4806 tecum?

1118 4817 1341 4875 CAPUT
1384 4818 1547 4873 XXII.

646 4935 764 4989 Vita
794 4935 988 4990 abbatis
1011 4932 1207 5003 Moysi:
1240 4931 1378 5004 (54),
1407 4932 1495 5000 qui
1521 4930 1619 5000 fuit
1648 4945 1710 4982 ea:
1732 4926 2037 4981 latronibus.

622 5046 745 5101 Fuit
774 5046 988 5116 quidam
1019 5044 1228 5113 Moyses
1258 5042 1493 5106 nomine,
1515 5038 1762 5105 Ethiops
1790 5051 2006 5106 genere,
2038 5035 2123 5088 ni-

552 5152 667 5209 ger,
681 5149 865 5191 servus
882 5134 1156 5203 cujusdam
1184 5133 1269 5201 qui
1297 5133 1515 5200 gerebat
1531 5129 1907 5198 rempublicam
1928 5144 1941 5191 ;
1968 5140 2125 5195 quem

556 5237 771 5298 propter
818 5239 1024 5279 morum
1072 5224 1464 5293 improbitatem
1510 5231 1564 5276 et
1612 5219 1878 5274 latrocinii
1924 5220 2125 5271 crimen

560 5318 788 5389 projeeit
814 5317 930 5385 ejus
979 5315 1242 5369 dominus.
1296 5313 1578 5367 Dicebatur
1606 5312 1747 5367 enim
1775 5309 1933 5363 etiam
1966 5321 2131 5374 usque

563 5409 628 5463 ad
677 5408 851 5463 caedes
903 5405 1181 5475 progredi;
1233 5419 1397 5473 cogor
1442 5404 1582 5458 enim
1611 5402 1792 5456 dicere
1834 5398 1969 5452 facta
2016 5398 2131 5465 ejus

564 5501 937 5569 improbitatis,
969 5510 1023 5552 ut
1054 5510 1232 5567 postea
1275 5497 1550 5551 ostendam
1582 5496 1831 5548 virtutem
1869 5493 1981 5561 ejus
2022 5506 2132 5559 pm-

564 5593 819 5648 niteutia.
863 5593 1153 5646 Narraruut
1196 5605 1322 5658 ergo
1368 5588 1528 5657 aliqui
1575 5603 1694 5642 eum
1743 5587 1903 5640 fuisse
1950 5583 2139 5654 prafe-

567 5690 707 5733 ctum
749 5696 956 5748 magna
992 5691 1217 5735 caterva
1256 5681 1539 5732 latronum.
1579 5677 1740 5745 Cujus
1781 5677 1918 5729 inter
1946 5685 2142 5729 catcra

563 5768 906 5825 latrocinandi
936 5786 1095 5855 opera
1141 5773 1241 5825 hoc
1289 5784 1499 5837 quoque
1544 5768 1732 5824 fertur.
1781 5767 1919 5835 quod
1999 5760 2140 5816 infe-

2226 4687 2500 4743 vaserunt,
2535 4677 2759 4744 priorem
2794 4678 3122 4743 requirentes
3165 4676 3627 4731 consuetudinem.
3655 4674 3782 4729 Sient

2230 4771 2372 4825 enim
2396 4770 2543 4823 canis
2570 4784 2688 4822 cum
2712 4771 3013 4822 assueverit
3043 4770 3097 4822 in
3124 4770 3347 4823 macello
3374 4784 3563 4835 pernas
3593 4767 3785 4823 rodere.

2231 4876 2335 4914 non
2380 4859 2584 4913 recedit
2626 4873 2654 4910 a
2696 4858 3111 4924 Consuetudine;
3156 4859 3247 4912 sed
3290 4859 3332 4911 si
3361 4855 3523 4912 fuerit
3569 4861 3789 4912 clausum

2230 4948 2532 5010 macellum,
2582 4955 2635 4999 et
2686 4961 2841 4999 nemo
2886 4946 2932 5000 ei
2975 4945 3198 5010 dederit,
3246 4945 3385 5000 fame
3431 4957 3653 5000 enectus
3697 4960 3789 4996 nou

2235 5038 2461 5108 amplius
2503 5036 2738 5102 accedit;
2788 5038 2865 5091 sic
2911 5046 2963 5089 tu
3006 5054 3234 5106 quoque,
3286 5040 3328 5091 si
3354 5037 3710 5104 permanseris
3750 5038 3791 5087 in

2237 5142 2345 5186 tua
2390 5132 2732 5187 continentia
2778 5132 3176 5195 exercitatione,
3212 5130 3535 5186 mortiﬁeans
3568 5131 3791 5185 membra

2243 5232 2327 5274 tua
2375 5237 2494 5290 qua
2545 5231 2667 5275 sunt
2714 5237 2870 5290 supra
2905 5231 3098 5275 terram
3147 5220 3364 5291 (Coloss.
3394 5224 3497 5290 In),
3541 5233 3597 5277 et
3633 5223 3793 5275 exciu-

2241 5313 2377 5366 dens
2418 5312 2484 5365 ab
2524 5312 2761 5380 ingressu
2806 5312 3088 5380 ingluviem
3128 5328 3242 5379 quae
3284 5312 3413 5377 parit
3456 5312 3795 5377 intemperan-

2243 5406 2391 5466 tiam,
2421 5418 2561 5471 agre
2592 5403 2765 5455 ferens
2798 5404 3029 5467 damon,
3062 5414 3115 5456 ut
3146 5403 3231 5470 qui
3277 5403 3426 5456 cibos
3478 5418 3583 5456 non
3621 5402 3795 5454 habet

2244 5494 2329 5562 qui
2376 5493 2688 5557 accendant,
2733 5509 2758 5545 a
2792 5503 2840 5546 te
2871 5495 3106 5547 recedet.
3155 5492 3283 5545 Cum
3330 5508 3457 5560 ergo
3501 5496 3797 5547 secessisset

2243 5585 2441 5638 Christi
2473 5599 2657 5639 servus
2701 5584 2927 5655 Moyses,
2959 5594 3011 5636 et
3042 5585 3108 5637 ab
3158 5584 3243 5637 illa
3277 5590 3405 5635 liora
3453 5584 3690 5653 seipsum
3730 5581 3798 5633 inv

2247 5674 2497 5731 elusisset
2546 5674 2597 5727 in
2628 5674 2784 5739 cella,
2835 5674 3063 5727 maxima
3112 5674 3163 5727 in
3192 5672 3441 5726 omnibus
3468 5673 3797 5729 exercebatur

2250 5764 2549 5829 tolerantia,
2594 5766 2823 5819 maxime
2866 5776 3040 5821 autem
3090 5766 3144 5819 in
3207 5763 3525 5817 abstinentia
3570 5777 3601 5816 a
3645 5757 3802 5818 cibis)
