4020 6434
317 399 457 468 1065

1547 389 1913 454 HISTORIA
1951 387 2340 450 LAUSIACA.

3449 387 3586 452 1066

315 514 436 578 I10;
462 512 600 584 ἔχων
621 513 714 581 ἀφ’
733 507 796 570 οῦ
824 510 1150 582 ἐϐαπτίσθη.
1177 510 1220 563 Τ
1223 507 1598 578 εσσαράκοντα
1627 503 1737 573 γὰρ
1758 501 1894 556 ἐτῶν
1924 503 1969 559 Δ
1999 497 2255 584 ἀπιόντα,
2292 495 2573 584 μετάλτῶν
2608 495 2707 567 τῆς
2733 496 2972 584 ποίμνης
3005 497 3262 584 κεδνῶν-ὲν
3305 499 3460 584 VP“;
3482 517 3495 530 .
3523 499 3586 584 ῃν

317 598 637 667 ἐτύγχανεν,
693 598 781 650 ὅτε
839 594 1146 664 ἐϐαπτίσθη
1185 595 1213 646 0
1267 593 1491 661 γνήσιος
1523 587 1617 640 τοῦ
1651 585 1889 657 Χριστοῦ

239 739 246 744 _
317 679 526 745 δοῦλος,
561 681 657 734 καὶ
687 681 955 742 ἀθάνατος
992 678 1302 748 Μακάριος.

386 756 497 816 Ἦν
530 763 587 816 δέ
640 763 702 816 τὸ
745 759 884 825 εἶδος
944 762 1213 832 ἀηττήτου
1260 757 1495 830 ἀθλητοῦ
1535 757 1630 812 τοῦ
1659 753 1899 826 Χριστοῦ

318 846 609 917 Μακαρίου
633 846 872 900 τοιοῦτον
901 849 998 916 τῆς
1027 845 1260 916 ἡλικίας.
1293 845 1386 895 Δεῖ
1419 859 1488 913 με
1517 841 1627 912 γὰρ
1657 839 1902 908 καὶπερὶ

317 928 512 982 ⁴τούτου
571 929 815 1000 σημᾶναί
853 947 958 994 σοι,
1010 929 1162 983 δοῦλε
1201 928 1297 982 τοῦ
1358 926 1621 998 Χριστοῦ,
1657 922 1901 994 ἀκριϐῶς

319 1011 455 1082 ἐμοῦ
491 1011 680 1065 τοῦτον
704 1011 1082 1080 γινώσκοντος,
1103 1012 1178 1076 ὡς
1203 1011 1298 1066 ἆτε
1326 1013 1421 1064 καὶ
1456 1010 1572 1080 μετ’
1604 1006 1769 1062 αὑτοῦ
1803 1005 1902 1076 τὴν

319 1096 460 1167 ἐμὴν
487 1095 802 1166 βραχύτητα
833 1095 1287 1167 συγχρονίσασαν.
1306 1089 1416 1148 Ἦν
1435 1093 1528 1147 οὖν
1549 1091 1611 1146 τό
1644 1087 1781 1153 εἶδος
1803 1088 1902 1158 τῆς

319 1177 541 1248 ἡλικίας
569 1178 734 1231 αὐτοῦ
764 1178 1096 1232 ὐποκολοϐὸν
1117 1220 1131 1244 ,
1168 1178 1392 1241 σπανὸν,
1426 1178 1518 1230 ἐπὶ
1550 1174 1645 1229 τοῦ
1692 1172 1904 1244 χείλους

321 1260 486 1330 μόνον
515 1259 639 1330 ἐχον
669 1261 894 1332 τρίχας·
921 1262 1014 1314 καὶ
1050 1262 1131 1324 εἰς
1163 1260 1225 1314 τὸ
1250 1262 1418 1332 ἀκρον
1464 1259 1522 1313 δὲ
1569 1258 1664 1311 τοῦ
1688 1256 1901 1326 γενείου

315 1337 466 1412 εἶχεν
487 1343 696 1410 ὀλίγας.
733 1343 1038 1414 ’Υπερϐολῇ
1072 1343 1180 1413 γὰρ
1232 1343 1413 1396 πόνων
1456 1335 1746 1413 ἀσκήσεως
1782 1338 1904 1392 ούδέ

319 1426 381 1478 αἱ
413 1424 598 1496 τρίχες
627 1427 728 1494 τῆς
756 1426 1033 1494 γενειάδος
1068 1424 1230 1478 αὐτοῦ
1256 1424 1550 1494 ἐξέφυσαν.

391 1509 582 1579 Τούτῳ
604 1507 683 1580 τῷ
709 1509 850 1580 ἁγίῳ
893 1509 1004 1578 ἐγὼ
1033 1503 1340 1581 προσῆλθον
1383 1509 1485 1580 μιᾷ
1515 1507 1624 1562 τῶν
1656 1504 1904 1577 ἡμερῶν,

315 1594 496 1662 λέγων
524 1592 694 1664 αὐτῷ,
727 1595 785 1646 ἐν
812 1593 1011 1666 ἀκηδίᾳ
1038 1611 1139 1664 μου
1165 1594 1374 1665 σφόδρα
1393 1593 1672 1660 διάγοντος
1693 1607 1706 1620 ·
1737 1588 1908 1642 Ἀϐϐᾶ

318 1676 598 1748 Μακάριε,
629 1674 682 1729 τί
713 1678 948 1748 ποιήσω,
970 1678 1053 1732 ὃτι
1083 1677 1328 1731 θλίϐουσί
1354 1693 1421 1745 με
1447 1676 1498 1729 οί
1530 1673 1795 1744 λογισμοὶ.
1817 1672 1908 1724 λέ-

319 1759 512 1830 γοντές
556 1776 665 1829 μοι,
680 1759 763 1812 δτι
787 1759 954 1813 Οὐδὲν
979 1762 1175 1824 ποιεῖς,
1201 1759 1404 1814 ἄπελθε
1432 1757 1683 1813 ἐντεῦθεν
1710 1773 1725 1820 ;
1749 1755 1907 1809 Ἀπο-

1999 579 2321 632 ἀποκτεῖναι
2376 578 2614 649 θελήσας
2639 578 2982 649 περιενόστει
3015 578 3106 631 τὸν
3140 579 3304 632 τόπον
3330 579 3458 634 ἔνθα
3487 581 3586 650 τὴν

2003 664 2189 716 στάσιν
2218 660 2364 734 εἶχεν
2391 662 2490 734 τὴν
2520 663 2626 715 τῶν
2653 661 2964 734 προϐάτων.
3004 662 3284 733 Ἐμηνύθη
3317 658 3409 716 οὖν
3438 664 3596 734 αὐτῷ,

2001 746 2082 798 ὃτι
2110 747 2285 816 πέραν
2330 745 2425 798 τοῦ
2475 744 2675 798 Νείλου
2709 745 2892 798 ἐστίν’
2924 746 3020 799 καὶ
3066 747 3207 796 κατά
3248 745 3340 797 τὸν
3397 747 3598 816 καιρὸν⁴

2003 830 2210 881 ἐκεῖνον
2232 828 2462 898 πλημμυ
2472 827 2691 897 ροῦντος
2715 827 2810 880 τοῦ
2833 826 3105 896 ποταμοῦ,
3141 826 3236 879 καὶ
3261 826 3594 897 κρατοῦντος

2002 911 2094 962 ἐπὶ
2117 909 2174 962 ἒν
2207 914 2430 981 σημεῖον
2463 911 2543 980 τῷ
2574 910 2789 974 πλάτει,
2823 910 3003 963 δακὼν
3043 909 3142 980 τὴν
3180 910 3462 979 μάχαιραν
3492 912 3593 964 a6-

2001 992 2094 1044 106
2126 994 2182 1044 ἐν
2196 992 2274 1062 τῷ
2303 993 2556 1063 στόματι,
2581 994 2677 1046 καὶ
2706 993 2798 1045 τὸν
2820 992 3167 1061 χιτωνίσκον,
3199 992 3259 1045 ὃν
3288 993 3590 1055 ἐνεδέδυτο,

2004 1076 2213 1137 ἐπιθεὶς
2239 1078 2303 1146 τῇ
2331 1075 2524 1128 ἐαυτοῦ
2557 1075 2793 1145 κεφαλῇ,
2820 1075 3150 1144 διεπέρασεν
3186 1073 3363 1136 οὕτως
3396 1075 3595 1144 κολυμ-

2005 1158 2179 1228 ϐήσας
2211 1159 2301 1211 τὸν
2329 1159 2593 1229 ποταμόν.
2643 1159 2731 1209 Ἐν
2763 1157 2839 1227 τῷ
2879 1155 3070 1210 τοῦτον
3101 1155 3195 1209 οῦν
3223 1157 3595 1228 διακολυμϐᾷν

2005 1240 2242 1312 ἠδυνήθη
2273 1241 2456 1295 λαθεῖν
2489 1243 2517 1294 ό
2566 1240 2792 1312 ποιμὴν,
2823 1242 2903 1304 είς
2930 1240 3162 1310 κρύφιον
3194 1241 3389 1294 ἐαυτὸν
3419 1257 3594 1294 κατα-

2005 1323 2212 1395 χώσας.
2279 1322 2594 1393 Ἀποτυχὼν
2624 1323 2796 1386 οὕτως
2850 1323 3094 1391 Μωῦσῆς
3131 1321 3225 1375 τοῦ
3258 1323 3598 1394 ἐγχειρήμα-

2005 1423 2119 1469 τος,
2151 1407 2278 1468 τοὺς
2300 1405 2360 1471 ἐξ
2397 1406 2662 1476 ἐπιλογῆς
2702 1406 2974 1475 τέσσαρας
3003 1405 3192 1474 κριοὺς
3243 1404 3471 1472 σφάξας,
3502 1405 3598 1457 καὶ

2006 1489 2175 1560 δήσας
2202 1487 2480 1559 σειράδην,
2529 1486 2906 1557 ἐκολύμϐησεν
2939 1482 3097 1549 αὖθις
3123 1487 3214 1539 τὸν
3239 1486 3454 1540 Νεῖλον.
3488 1486 3598 1539 Καὶ

2009 1572 2179 1627 ἐλθὼν
2207 1574 2289 1636 εἰς
2313 1573 2508 1642 μικρὸν
2541 1569 2810 1633 ἐναύλιον,
2836 1569 3092 1638 ἀπέδειρε
3109 1570 3235 1631 τοὺς
3252 1568 3466 1639 κριούς.
3487 1570 3599 1621 Καὶ

2010 1653 2202 1724 φαγὼν
2217 1656 2287 1708 τὰ
2303 1654 2565 1708 κάλλιστα
2582 1652 2693 1705 τῶν
2720 1651 2918 1722 κρεῶν,
2945 1652 3037 1704 καὶ
3059 1652 3138 1714 είς
3165 1649 3308 1705 οἶνον
3321 1651 3597 1721 διαπωλή-

2013 1753 2110 1799 σας
2131 1737 2199 1790 τὰ
2229 1735 2416 1801 κώδια,
2459 1737 2650 1804 σαῖτην
2687 1733 2826 1788 πιὼν
2865 1735 2941 1797 ὠς
2981 1733 3261 1804 Ἰταλικῶν
3290 1733 3596 1799 δεκαοκτὼ⁹

321 1801 1905 1915 6352-21:{gfx-£73605ZSQ'ﬁZzEEUSIZxEEB;:0:11.653}
1935 1855 1983 1914 Β
2012 1819 2349 1915 πεχῖήκονξξι
2364 1821 2579 1915 ,σημεῖα
2602 1801 3023 1915 ἆῖτῆλθεννηδτξου
3039 1817 3098 1868 τὸ
3116 1801 3402 1915 ξολίήῖιρν
3424 1815 3594 1886 εῖχενο

319 1929 435 1990 τοίς
466 1926 766 1996 λογισμοῖς,
786 1927 869 1980 ὅτι
886 1926 985 1980 Διά
999 1927 1092 1980 τδν
1111 1925 1347 1996 Χριστὸν
1363 1925 1486 1987 τοὺς
1499 1925 1708 1993 τοίχους
1726 1921 1898 1993 τηρῶ.

391 2009 436 2061 Τ
439 2007 580 2062 αῦ.τά
605 2025 708 2072 σοι,
757 2010 1071 2080 φιλόχριστε
1100 2011 1197 2063 καὶ
1222 2006 1528 2077 φιλομαθὴς
1561 2006 1714 2060 δοῦλε
1741 2003 1902 2068 Θεοῦ,

320 2092 388 2146 ἐκ
415 2091 626 2144 πολλῶν
649 2095 741 2146 καὶ
779 2093 1033 2160 μεγάλων
1061 2091 1304 2162 σημείων
1333 2090 1430 2144 καὶ
1461 2089 1639 2142 ἄθλων
1663 2087 1757 2141 τοῦ
1784 2089 1902 2140 ἀοι-

319 2172 480 2243 δίμου
517 2177 611 2227 καὶ
641 2174 900 2244 ἐναρέτου
929 2174 1119 2244 ἀνδρὸς
1150 2174 1442 2244 Μακαρίου
1465 2173 1738 2242 ἐσήμανα.

354 2258 356 2260 ’
394 2255 569 2309 Τοῦτο
595 2256 658 2308 τὸ
680 2255 981 2325 παράδοξον
1002 2259 1031 2309 0
1063 2255 1366 2326 θαυμάσιος
1415 2251 1568 2321 οὗτος
1622 2257 1763 2326 ἀνὴρ
1787 2257 1907 2310 Μα-

324 2337 521 2407 κάριος
545 2339 674 2407 ἡμῖν
707 2337 1010 2407 διηγήσατο
1055 2333 1144 2408 (ἦν
1183 2340 1293 2409 γὰρ
1345 2341 1410 2408 τῇ
1443 2339 1750 2408 χειροτονία
1795 2338 1905 2392 τῶν

327 2419 643 2474 ἐπισκόπων
659 2419 1072 2490 πρεσϐύτερος),
1092 2420 1268 2488 λέγων
1283 2436 1296 2450 ·
1316 2421 1779 2490 Ἐπεσημηνάμην
1795 2421 1906 2488 ἐγὼ

329 2501 472 2555 κατά
495 2502 588 2555 τὸν
617 2503 811 2572 καιρὸν
834 2503 932 2574 τῆς
958 2501 1247 2565 διαδόσεως
1273 2501 1382 2556 τῶν
1411 2501 1504 2555 τοῦ
1526 2503 1764 2572 Χριστοῦ
1805 2520 1906 2572 μυ-

329 2585 569 2655 στηρίων
599 2586 682 2639 ὅτι
719 2587 994 2658 Μακαρίῳ
1043 2586 1121 2658 τῷ
1174 2587 1388 2657 ἀσκητῇ
1421 2585 1679 2639 οὐδέποτε
1731 2583 1908 2639 ἔδωκα

325 2667 440 2735 ἐγὼ
469 2669 810 2738 προσφορὰν,
841 2671 956 2723 ἀλλ’
978 2669 1211 2738 ἄγγελος
1235 2669 1385 2739 αὐτῷ
1407 2667 1652 2722 ἐπεδίδου
1679 2669 1789 2722 ἀπὸ
1811 2667 1908 2721 τοῦ

327 2748 714 2822 θυσιαστηρίου
733 2752 1044 2822 λαμϐάνων.
1070 2752 1247 2806 Μόνον
1262 2751 1318 2805 δέ
1339 2751 1430 2804 τὸν
1447 2748 1788 2822 ἀστράγαλον
1808 2751 1907 2819 τῆς

326 2833 509 2906 χειρὸς
537 2833 806 2906 ἐθεώρουν
825 2835 918 2889 τοῦ
939 2835 1264 2898 ἐπιδιδόντος
1289 2832 1465 2906 τούτῳ
1483 2834 1580 2905 τὴν
1597 2837 1904 2890 κοινωνίαν.

905 2920 1159 2974 ΚΕΦΑΛ.
1196 2920 1327 2971 ΚΑ’.

889 3003 1033 3072 Περὶ
1072 3004 1339 3072 Μάρκου.

395 3085 626 3160 Μάρκος
654 3085 711 3141 δέ
730 3078 887 3150 οὗτος
915 3089 1178 3158 νεώτερος
1199 3087 1274 3140 ὢν
1301 3086 1544 3140 Παλαιὰν
1573 3086 1671 3140 καὶ
1698 3087 1908 3158 Καινὴν

325 3172 552 3244 Γραφὴν
581 3171 970 3241 ἀπεστήθισεν·
989 3171 1164 3242 πρᾶος
1185 3169 1264 3223 ῶν
1285 3169 1406 3222 καθ’
1440 3169 1770 3241 ὑπερϐολὴν,
1803 3169 1908 3223 σώ-

326 3273 481 3329 φρων
507 3256 556 3309 εί
588 3254 683 3307 καί
736 3271 819 3317 τις
846 3254 1024 3316 ἄλλος.
1057 3255 1174 3324 Μιᾷ
1212 3253 1320 3306 τῶν
1354 3253 1576 3324 ἡμερῶν
1619 3254 1908 3326 εὐκαιρού-

328 3355 490 3411 μενος
516 3337 628 3407 ἐγὼ
656 3339 736 3401 είς
759 3339 821 3392 τὸ
855 3337 1085 3409 ἔσχατον
1119 3339 1286 3392 αὐτοῦ
1314 3339 1492 3409 γῆρας
1529 3339 1714 3394 λοιπὸν
1736 3340 1910 3410 ἀπέρ-

325 3441 493 3497 χομαι
519 3423 657 3495 πρὸς
686 3425 871 3489 αὐτὸν,
899 3421 994 3476 καὶ
1022 3423 1480 3494 παρακαθέζομαι
1528 3425 1596 3494 τῇ
1627 3422 1772 3495 θύρα
1812 3425 1909 3494 τῆς

326 3509 525 3580 κέλλης
551 3507 744 3575 αὑτοῦ,
783 3508 860 3570 ὡς
884 3508 981 3562 ἆτε
1008 3505 1120 3575 ἐγὼ
1172 3508 1202 3560 0
1233 3508 1498 3578 ἀρχάριος
1553 3506 1629 3560 ὢν
1673 3508 1909 3578 νομίζων

325 3593 491 3650 αὑτὸν
513 3594 654 3665 ὑπὲρ
671 3594 978 3663 ἄνθρωπον,
1005 3593 1194 3661 ὥσπερ
1218 3593 1313 3645 καὶ
1337 3588 1423 3661 ἦν.
1453 3591 1563 3645 Καὶ
1585 3593 1907 3664 ἠκροώμην,

326 3679 384 3733 τί
412 3680 522 3750 ἀρα
542 3677 716 3742 λαλεῖ,
745 3677 778 3747 ἢ
809 3677 860 3730 τί
893 3677 1311 3746 διαπράττεται.
1346 3677 1458 3731 Καὶ
1492 3676 1801 3746 μονώτατος
1833 3675 1909 3732 ῶν

327 3763 477 3818 ενδον
507 3764 637 3834 περὶ
658 3761 726 3815 τά
746 3760 941 3813 ἐκατὸν
972 3761 1068 3830 ἐτη
1107 3760 1306 3822 ἐλάσας
1338 3760 1462 3830 ἤδη,
1497 3761 1592 3815 καὶ
1616 3762 1745 3825 τοὺς
1767 3762 1912 3815 ὀδόν..

327 3863 429 3908 τας
460 3845 754 3909 ἀπολέσας,
781 3843 960 3914 ἐαυτῷ
990 3844 1281 3914 διεμάχετο
1312 3846 1406 3897 καὶ
1425 3843 1503 3915 τῷ
1532 3845 1784 3916 διαϐόλῳ,
1817 3846 1911 3899 καὶ

329 3929 548 3998 ἔλεγεν*
579 3930 645 3983 Τί
674 3929 851 3990 θέλεις
883 3928 1070 3983 λοιπὸν
1107 3930 1424 4007 κακόγηρε;
1464 3930 1594 3983 Ἰδοὺ
1643 3930 1737 3983 καὶ
1766 3933 1910 3986 οἴνου

329 4013 544 4081 ἔλαϐες,
600 4014 694 4068 καὶ
747 4013 928 4066 ἐλαίου
969 4012 1113 4083 ἥψω.
1150 4012 1353 4067 Λοιπὸν
1407 4013 1459 4065 τί
1495 4012 1668 4076 θέλεις
1701 4017 1912 4085 ποιήσω

330 4113 452 4162 00:;
479 4096 798 4166 πολιοφάγε,
823 4096 1167 4161 κοιλιόδουλε,
1195 4096 1384 4150 ἑαυτὸν
1403 4097 1739 4168 ἐξυϐρίζων,;
1778 4093 1911 4153 Εἶτα

329 4182 426 4236 καὶ
452 4179 530 4251 τῷ
558 4181 791 4251 διαϐόλῳ
811 4196 824 4212 ·
858 4180 1116 4246 Ἀπελθε,
1151 4179 1350 4249 λέγων,
1383 4179 1570 4233 λοιπὸν
1621 4180 1715 4234 ἀπ’
1752 4182 1908 4252 ἐμοῦ,

328 4264 562 4330 διάϐολε,
596 4263 1023 4336 συγγεγήρακάς
1071 4281 1163 4335 μοι
1200 4267 1258 4319 ἐν
1307 4265 1672 4334 ἀδιαφορίαις.
1719 4266 1910 4319 Ἀσθέ-

329 4347 477 4403 νειάν
509 4365 597 4417 μοι
629 4347 723 4400 τοῦ
769 4347 1020 4418 σώματος
1075 4348 1407 4420 ἐπιγράψας,
1450 4349 1594 4402 οἴνου
1652 4349 1911 4420 ἐποίησας

334 4429 661 4502 μεταλαϐεῖν
685 4431 779 4484 καὶ
801 4431 1006 4496 ἐλαίου,
1032 4431 1313 4502 φιλήδονόν
1339 4450 1405 4502 με
1428 4432 1907 4503 ἀπεργασάμενος.

322 4512 750 4583 Μὴάκμὴνσοί
790 4533 843 4566 τι
866 4515 1162 4584 χρεωστῶ;
1207 4515 1359 4568 οὐδὲν
1389 4517 1666 4584 εὑρίσκεις
1699 4517 1756 4568 ἐν
1787 4517 1910 4586 ἐμοὶ

327 4594 360 4648 ὂ
389 4594 565 4658 θέλεις
601 4596 853 4665 συλῆσαι.
889 4597 1128 4649 Ἀπελθε
1158 4597 1344 4650 λοιπὸν
1391 4598 1487 4650 ἀπ’
1517 4597 1674 4667 ἐμοῦ,
1721 4571 1912 4668 μισάν-
1939 4571 1991 4629 D

331 4679 540 4750 θρωπε.
570 4677 679 4730 Καὶ
717 4678 792 4740 ὡς
830 4680 1122 4750 τερετίζων
1151 4680 1329 4750 ἐαυτῷ
1379 4680 1562 4749 ἔλεγεν
1594 4681 1912 4751 διαλεγόμε-

329 4778 453 4827 νος·
483 4761 656 4832 Δεῦρο
678 4761 884 4826 λοιπὸν,
923 4764 1078 4835 λῇρε,
1115 4763 1432 4834 πολιοφάγε,
1481 4763 1783 4834 φαγόγηρε,
1812 4765 1914 4829 ἓως

333 4846 466 4900 πότε
497 4845 692 4916 ἔσομαι
727 4847 868 4916 μετὰ
898 4848 1029 4911 006;
1371 4875 1376 4880 -

921 4932 1174 4985 ΚΕΦΑΛ.
1209 4931 1335 4984 ΚΒ¹.

654 5015 790 5084 Περὶ
817 5013 1113 5080 Μωϋσέως
1151 5015 1258 5068 τοῦ
1294 5013 1593 5079 Αἰθίοπος.

404 5100 646 5171 Μωῦσῆς
672 5101 815 5154 οὕτω
851 5098 1185 5170 καλούμενός
1233 5115 1338 5161 τις,
1391 5097 1580 5166 Αἰθίοψ
1615 5097 1692 5168 τῷ
1738 5098 1906 5166 γένει,

254 5174 258 5177 ’
335 5185 526 5257 μέλας,
558 5187 774 5256 οἰκέτης
805 5185 1053 5255 ὑπῆρχεν
1090 5183 1512 5252 πολιτευομένου
1536 5181 1702 5244 τινόςο
1730 5181 1790 5236 δν
1825 5182 1914 5235 διά

333 5270 538 5341 πολλὴν
586 5270 918 5339 δυστροπίαν
946 5268 1043 5321 καὶ
1079 5266 1382 5338 λῃστρικὴν
1425 5266 1603 5318 αἰτίαν
1630 5265 1856 5338 ἔρριψεν
1886 5269 1913 5318 0

335 5355 464 5416 ῐδιος
500 5355 790 5423 δεσπότης.
832 5353 1082 5420 Ἐλέγετο
1112 5351 1222 5420 γὰρ
1252 5349 1345 5402 καὶ
1377 5350 1539 5420 μέχρι
1564 5350 1741 5417 φόνων
1776 5349 1909 5418 φοά.

331 5453 445 5490 νειν
475 5438 657 5492 αὐτόν.
704 5437 1111 5506 Ἀναγκάζομαι
1142 5435 1252 5504 γὰρ
1285 5433 1466 5502 λέγειν
1495 5433 1658 5486 αὐτοῦ
1684 5432 1751 5486 τὰ
1777 5432 1914 5500 ἔργα

332 5523 435 5590 τῆς
470 5521 758 5592 πονηρίας,
790 5521 879 5575 ἵνα
903 5519 1060 5584 δείξω
1093 5518 1257 5571 αὐτοῦ
1289 5516 1388 5587 τὴν
1421 5517 1559 5586 μετά
1583 5517 1754 5569 ταῦτα
1785 5517 1916 5587 ἀρε-

332 5603 433 5673 τὴν
459 5603 525 5657 ἐκ
561 5604 869 5676 μετανοίας.
896 5600 1192 5672 Διηγοῦντο
1225 5600 1356 5669 γοῦν
1384 5617 1526 5664 τινες
1568 5601 1651 5654 ὅτι
1681 5600 1776 5654 καὶ
1813 5601 1919 5670 ἀφ-

333 5688 640 5760 ηγούμενος
695 5684 767 5760 ἦν
823 5687 1116 5758 λῃστηρίου
1181 5686 1476 5756 μεγίστου·
1534 5680 1594 5740 οῦ
1629 5684 1918 5739 καὶτοῦτο

335 5775 559 5844 φέρεται
588 5774 646 5826 ἐν
679 5774 791 5836 τοῖς
813 5771 999 5841 ἔργοις
1030 5771 1368 5842 λῃστρικοῖς,
1426 5770 1509 5823 ὅτι
1565 5770 1780 5841 ποιμένι
1810 5771 1918 5823 τινὶ

334 5857 774 5929 ἐμνησικάκησεν
800 5854 1269 5926 παρεμτῖοδίσαντι
1294 5853 1455 5910 αὑτὸν
1493 5855 1572 5918 εἰς
1592 5855 1824 5927 πρᾶγμά
1861 5872 1910 5909 τι

2081 1895 2250 1963 Οὗτος
2279 1900 2378 1970 ὀψέ
2418 1917 2546 1953 ποτε
2576 1899 2672 1952 τοῦ
2705 1899 2901 1970 καιροῦ
2929 1901 2970 1969 ,ό
3004 1899 3245 1963 τοιοῦτος
3292 1899 3599 1970 λῄσταρχος

2011 1983 2371 2054 κατανυχθεὶς
2419 1983 2484 2035 ἐκ
2516 1983 2892 2054 περιστάσεως
2920 1999 3063 2046 τινος
3112 1983 3436 2036 ἐπιδέδωκεν
3470 1984 3600 2034 ἐαυ-

2010 2068 2102 2121 τὸν
2133 2067 2515 2137 μοναστηρίῳο
2541 2067 2635 2120 καὶ
2660 2065 2805 2119 οὕτω
2842 2066 3151 2136 προσῆλθεν
3200 2065 3278 2135 τῷ
3311 2065 3597 2136 πράγματι

2010 2153 2108 2220 τῆς
2136 2151 2450 2221 μετανοίας,
2493 2149 2567 2212 ὡς
2597 2152 2692 2203 καὶ
2714 2149 2878 2203 αὑτὸν
2916 2149 3007 2203 τὸν
3038 2150 3403 2221 συμπράκτην
3430 2146 3600 2204 αὐτοῦ

2013 2237 2105 2288 καὶ
2137 2233 2406 2287 ύποϐολέα
2433 2232 2542 2286 τῶν
2588 2234 2776 2288 κακῶν
2822 2235 2887 2286 ἐκ
2921 2233 3174 2303 νεότητος
3229 2234 3479 2302 δαίμονα,
3505 2234 3598 2285 τὸν

2012 2321 2093 2382 είς
2123 2319 2304 2372 πάντα
2328 2316 2476 2387 αύτῷ
2508 2316 2948 2387 συναμαρτόντα,
2967 2317 3224 2387 ἄντικρυς
3257 2321 3335 2379 εὶς
3360 2305 3600 2386 ἐπίγνω-

2015 2418 2100 2455 σιν
2123 2403 2354 2470 ἀγαγεῖν
2387 2400 2482 2452 τοῦ
2513 2401 2772 2470 Χριστοῦ.
2825 2401 2914 2452 Ἐν
2945 2394 3026 2462 οἷς
3072 2399 3314 2466 λέγεται,
3349 2399 3433 2452 ὅτι
3466 2400 3600 2454 ποτέ

2013 2485 2189 2553 τούτῳ
2212 2483 2517 2554 ἐπέρριψαν
2548 2482 2742 2553 λῃσταὶ
2767 2483 3030 2551 τέσσαρες
3061 2481 3414 2553 καθεζομένῳ
3448 2485 3504 2535 ἐν
3521 2483 3601 2554 τῷ

2015 2567 2234 2637 κελλίῳ,
2266 2567 2634 2635 ἀγνοήσαντες
2657 2567 2740 2618 ὅτι
2768 2566 3007 2634 Μωῦσῆς
3034 2561 3102 2634 ἦν
3131 2560 3306 2628 οὗτος.
3357 2564 3465 2629 Οὒς
3505 2567 3604 2637 δή..

2016 2668 2114 2715 σας
2144 2653 2173 2703 0
2229 2649 2500 2720 μακάριος
2554 2650 2823 2713 ἅπαντας,
2876 2648 3128 2719 καθάπερ
3159 2648 3364 2702 σάκκον
3395 2651 3602 2722 πλήρη

2014 2735 2255 2806 ἀχύρων,
2279 2737 2392 2796 τοῖς
2426 2731 2597 2808 ὤμοις
2623 2733 2819 2785 ἐαυτοῦ
2849 2731 3083 2796 ἐπιθεὶς,
3130 2733 3362 2800 ἤνεγκεν
3390 2737 3470 2796 είς
3499 2734 3602 2805 τὴν

2014 2817 2312 2889 ἐκκλησίαν
2365 2816 2476 2869 τῶν
2528 2814 2795 2883 ἀδελφῶν,
2821 2813 3010 2882 εἰπὼν,
3045 2817 3126 2869 ὃτι
3169 2817 3388 2888 Ἐπειδὴ
3414 2818 3603 2872 ούκέτι

2015 2905 2194 2972 ἐξεστί
2222 2920 2310 2972 μοι
2345 2900 2554 2955 ἀδικεῖν
2586 2900 2795 2965 οὐδένα,
2821 2892 2983 2968 εὗρον
3010 2898 3067 2952 δὲ
3116 2900 3311 2965 αὐτοὺς
3346 2901 3604 2958 ἐπελθόν-

2015 3009 2113 3052 τας
2141 3005 2253 3059 μοι,
2284 2989 2336 3040 τί
2366 2985 2616 3038 κελεύετε
2645 2987 2773 3055 περὶ
2803 2984 3042 3053 τούτων;
3074 2986 3478 3056 Συλληφθέντες
3504 2984 3600 3044 οῦν

2016 3072 2158 3132 οὗτοι
2181 3073 2356 3143 τούτῳ
2374 3071 2453 3143 τῷ
2480 3072 2664 3142 τρόπῳ
2691 3071 2795 3123 ὑπὸ
2818 3070 2911 3123 τοῦ
2933 3071 3092 3139 ἁγίου
3116 3072 3397 3135 Μωῠσέως
3413 3074 3602 3146 ἐξομο-

2015 3163 2316 3232 λογήσαντο
2362 3158 2436 3227 τῷ
2491 3155 2630 3226 Θεῷ.
2692 3157 2804 3209 Καὶ
2864 3156 3230 3225 γνωρίσαντες
3292 3157 3482 3212 τοῦτον
3522 3161 3605 3215 ὅτι

2015 3247 2255 3318 Μωῦσῆς
2281 3247 2426 3297 ἐστιν
2445 3245 2472 3295 0
2495 3241 2624 3295 ποτὲ
2649 3239 2945 3309 ὀνομαστὸς
2977 3244 3070 3294 καὶ
3093 3241 3418 3314 περιϐόητος
3444 3243 3576 3314 λῄστ
3598 3271 3610 3282 -

2017 3349 2214 3404 αρχος,
2247 3328 2570 3396 δοξάσαντες
2614 3325 2701 3378 ἐπ’
2744 3325 2896 3394 αὐτῷ
2922 3325 3016 3380 τὸν
3052 3327 3306 3396 Χριστὸν,
3363 3328 3607 3382 κάκεῖνοι

2017 3415 2360 3479 ἀπετάξαντο
2382 3412 2471 3466 διὰ
2502 3411 2600 3481 τὴν
2641 3409 2832 3461 τούτου
2867 3408 3194 3479 μεταϐολὴν,
3221 3412 3317 3463 καὶ
3346 3412 3606 3480 γεγόνασι

2020 3500 2246 3570 μοναχοὶ
2274 3495 2671 3566 δοκιμώτατοι·
2695 3492 3045 3560 λογισάμενοι
3073 3495 3251 3559 τοῦτο,
3273 3495 3354 3548 ὅτι
3383 3497 3430 3548 εί
3451 3492 3608 3561 οὗτος

2022 3584 2202 3646 ἱκανὸς
2224 3583 2282 3634 ἐν
2293 3580 2538 3650 δυνάμει,
2555 3576 2651 3631 καὶ
2664 3577 2780 3629 κατ’
2796 3573 2972 3644 ἄκραν
2987 3573 3352 3647 πεποιημένος
3369 3581 3445 3651 τῷ
3459 3581 3607 3653 ἔργῳ

2018 3667 2097 3737 τῷ
2126 3660 2855 3736 λῃστρικῷ,οὒτωςκομψῶς
2886 3658 3196 3729 πεφόϐηταί
3239 3661 3329 3714 τὸν
3367 3663 3521 3730 Θεὸν,
3553 3663 3607 3718 τί

2019 3755 2178 3822 ἡμεῖς
2229 3745 2644 3817 ἀναϐαλλόμεθα
2696 3746 2794 3819 τὴν
2850 3743 3126 3816 σωτηρίαν
3181 3744 3290 3800 τῶν
3319 3746 3608 3820 ἡμετέρων

2018 3835 2207 3908 ψυχῶν
2226 3876 2240 3901 ,

2091 3919 2278 3990 Τούτῳ
2308 3916 2388 3989 τῷ
2421 3914 2676 3988 μακαρίῳ
2697 3915 2923 3969 Μωύσεῖ
2954 3913 3056 3984 (δεῖ
3090 3914 3200 3986 γὰρ
3230 3915 3394 3970 αὐτὸν
3421 3915 3608 3971 λοιπὸν

2019 4003 2162 4058 οὕτω
2217 3999 2742 4074 προσαγορεύεσθαι)
2799 3999 3057 4053 ἐπέθεντο
3107 4001 3155 4051 οξ
3208 3999 3307 4071 τῆς
3340 3999 3607 4066 ἀσωτείας

2017 4089 2295 4160 δαίμονες,
2335 4089 2415 4149 είς
2444 4087 2544 4156 τὴν
2585 4083 2820 4156 ἀρχαίαν
2866 4085 3156 4155 συνήθειαν
3185 4085 3283 4154 τῆς
3312 4085 3608 4150 ἀκολασίας

2017 4177 2118 4245 τῆς
2141 4173 2406 4244 πορνικῆς
2430 4169 2592 4224 αὑτὸν
2618 4167 3063 4231 κατελαύνοντες.
3112 4170 3209 4231 Ὃς
3237 4169 3331 4221 ἐπὶ
3354 4169 3609 4225 τοσοῦτον

2020 4259 2112 4312 ὑπ’
2145 4253 2672 4327 αύτῶνέπειράσθη,
2708 4255 2783 4317 ὡς
2823 4252 2984 4316 αὐτὸς
3032 4254 3353 4324 διηγήσατο,
3389 4254 3463 4315 ὡς
3519 4271 3609 4325 μι.

2019 4343 2160 4414 κροῦ.
2184 4343 2295 4396 δεῖν
2328 4341 2426 4412 τῆς
2471 4338 2791 4410 προθέσεως
2823 4338 2985 4391 αὐτὸν
3028 4337 3318 4401 ἐξοκεῖλαι.
3354 4339 3609 4407 Παραγε.

2019 4429 2241 4498 νόμενος
2273 4423 2366 4479 οῦν
2401 4417 2559 4486 οὗτος
2591 4420 2727 4492 πρὸς
2760 4420 2853 4474 τὸν
2886 4421 3061 4492 μέγαν
3096 4420 3362 4491 Ἰσίδωρον
3406 4422 3497 4473 τὸν
3553 4424 3612 4474 ἐν

2018 4513 2084 4580 τῇ
2115 4510 2312 4579 Σκήτει
2340 4507 2679 4576 καθήμενον,
2716 4507 3017 4574 ἀνήνεγκεν
3045 4506 3220 4574 τούτῳ
3253 4504 3320 4556 τὰ
3354 4505 3484 4576 περὶ
3516 4501 3612 4558 τοῦ

2019 4595 2116 4663 τῆς
2149 4591 2407 4665 πορνείας
2442 4591 2705 4661 πολέμου.
2757 4588 2899 4657 Πρὸς
2927 4587 2985 4641 ὃν
3029 4588 3303 4659 ἀπεκρίθη
3358 4589 3386 4640 0
3417 4588 3574 4657 ἅγιος
3595 4604 3612 4621 ·

2019 4677 2206 4748 Μηδὲν
2237 4677 2502 4747 θροηθῇς,
2539 4673 2759 4743 ἀδελφέ’
2796 4673 2963 4744 ἀρχαὶ
2995 4671 3104 4741 γάρ
3129 4674 3289 4724 εἰσιν.
3318 4670 3418 4723 Διά
3451 4670 3611 4724 τοῦτο

2021 4761 2377 4833 σφοδρότερόν
2407 4777 2490 4813 σοι
2521 4757 2800 4825 ἐπέθεντο,
2849 4758 2960 4827 τὴν..
2983 4755 3258 4827 προτέραν
3288 4753 3612 4823 ἐπιζητοῦν-

2017 4863 2109 4908 τες
2148 4845 2460 4916 συνήθειαν.
2517 4842 2731 4912 Ὥσπερ
2778 4841 2888 4909 γὰρ
2921 4841 3048 4892 ὅταν
3081 4838 3227 4892 κύων
3274 4839 3333 4890 ἐν
3358 4838 3612 4910 μακέλλῳ

2018 4927 2174 4999 ἐθίσῃ
2195 4927 2401 4991 κωλέας
2422 4924 2774 4997 περιτρύχειν
2794 4965 2808 4989 ,
2840 4923 2939 4992 τῆς
2964 4921 3253 4992 συνηθείας
3275 4921 3375 4973 οὐκ
3403 4922 3612 4991 ἀναχω-

2022 5014 2137 5081 ρεῖ·
2175 5013 2270 5064 ἐὰν
2328 5011 2385 5064 δέ
2433 5028 2519 5074 τις
2582 5009 2773 5080 κλείσῃ
2820 5008 2881 5061 τὸ
2919 5006 3260 5078 μσκελλεῖον,
3293 5006 3389 5058 καὶ
3421 5007 3612 5076 μηδεὶς

2021 5094 2172 5165 αύτῷ
2205 5095 2371 5164 μηδὲν
2396 5091 2588 5162 ἐπιδῷ,
2620 5091 2652 5163 ἢ
2687 5090 3134 5162 λιμαγχονηθεὶς,
3159 5089 3260 5142 ούκ
3289 5089 3370 5141 ἐτι
3399 5089 3609 5157 ἐγγίζει

2017 5179 2135 5232 ἐκεῖ
2177 5177 2450 5248 μηδεμίαν
2477 5175 2616 5246 ἔχων
2645 5175 2810 5246 βοράν
2844 5190 2856 5204 ·
2908 5175 3050 5227 οὕτω
3077 5174 3172 5225 καὶ
3218 5172 3304 5239 σὺ,
3359 5171 3454 5224 ἐὰν
3489 5173 3610 5224 ἐπι-

2022 5263 2212 5333 μείνῃς
2249 5264 2320 5332 τῇ
2353 5277 2447 5314 σου
2486 5260 2718 5330 ἀσκήσει
2769 5261 2868 5328 τῆς
2925 5257 3274 5327 ἐγκρατείας,
3327 5255 3611 5326 νεκρώσας

2023 5363 2117 5398 σου
2145 5349 2214 5398 τὰ
2239 5344 2379 5414 μέλη
2408 5344 2476 5397 τὰ
2501 5344 2595 5396 ἐπὶ
2621 5343 2720 5411 τῆς
2746 5343 2869 5411 γῆς,
2901 5340 3236 5402 ἀτ;οκλείσας
3269 5338 3367 5409 τὴν
3405 5338 3611 5391 εἴσοδον

2019 5433 2086 5501 τῇ
2114 5429 2531 5500 γαστριμαργίᾳ
2581 5431 2647 5498 τῇ
2679 5426 2938 5496 τικτούσῃ
2969 5424 3067 5494 τὴν
3101 5424 3431 5488 ἀκολασίαν,
3463 5424 3608 5492 ἀκηέ

2019 5514 2209 5576 διάσας
2241 5516 2268 5566 0
2294 5514 2393 5583 τῆς
2421 5513 2678 5582 πορνείας
2707 5511 2936 5579 δαίμων,
2967 5507 3041 5578 μὴ
3073 5507 3211 5577 ἔχων
3243 5505 3312 5558 τὰ
3342 5504 3609 5576 βρώματα

2021 5597 2206 5650 τοῦτον
2241 5597 2563 5662 ἐξάπτοντα,
2599 5594 2772 5657 οὕτως
2805 5609 2898 5646 σου
2935 5593 3329 5670 ἀποστήσεταοι.
3368 5589 3608 5658 Ἀναχω-

2025 5682 2199 5751 ρήσας
2239 5677 2333 5735 οὖν
2380 5681 2409 5733 0
2439 5679 2532 5734 106
2566 5677 2806 5751 Χριστοῦ
2860 5675 3046 5738 δοῦλος
3101 5675 3344 5744 Μωῦσῆς
3371 5674 3480 5726 ἀπὸ
3509 5673 3608 5742 τῆς

2021 5764 2170 5837 ὥρας
2192 5767 2430 5836 ἐκείνης,
2466 5766 2559 5818 καὶ
2599 5761 2958 5837 κατακλείσας
3002 5757 3193 5811 ἑαυτὸν
3221 5759 3278 5810 ἐν
3306 5760 3373 5828 τῇ
3410 5755 3608 5810 ἐαυτοῦ

2030 5834 2212 5924 κέλλῃ,
2248 5834 2492 5923 ὑπομονῇ
2515 5834 2849 5919 σφοδροτάτῃ
2875 5845 3096 5913 ἠσκεῖτο
3117 5842 3174 5898 ἐν
3207 5842 3338 5898 πᾶσι
3367 5841 3605 5906 μάλιστα
