4020 6416
505 404 636 471 106⁸1

1970 391 2322 451 PALLADII

3630 397 3759 462 1068

503 512 612 566 ἀπὸ
645 511 968 582 βρωμάτων,
1005 508 1219 573 οὐδενὸς
1253 509 1414 562 ἀλλου
1463 505 1895 578 μεταλαμϐάνων
1939 502 2078 568 πλὴν
2106 503 2158 560 Λ
2183 501 2370 554 τούτου
2400 503 2494 558 τοῦ
2543 506 2768 576 πάθους,
2803 511 2890 566 διὰ
2941 511 3100 565 τοῦτο
3152 509 3397 582 σφοδρῶς
3447 509 3538 563 ὑπ’
3595 510 3756 564 αὑτοῦ

503 595 669 665 ἄρτου
706 593 872 664 ξηροῦ
902 593 959 646 ὲν
988 592 1237 659 οὑγκίαις
1263 593 1394 645 δέκα
1426 592 1547 644 δύο·
1576 591 1823 642 πλεῖστον
1853 584 2079 656 ἐργαζό-

503 692 664 746 μενος
693 675 872 744 έργον,
907 677 1001 729 καὶ
1025 677 1363 744 πεντήκοντα
1390 673 1623 728 ἐκτελῶν
1647 671 1952 744 προσευχάς
1984 669 2083 740 τὴν

504 758 742 827 ἡμέραν.

576 840 901 909 Κατατήξας
936 836 1040 908 οῦν,
1083 839 1276 894 ἑαυτοῦ
1326 841 1388 892 τὸ
1427 839 1700 908 σωμάτιον
1755 836 1946 906 ἔμενεν
2003 835 2083 888 ἔτι

506 922 866 994 πυρούμενος,
907 921 996 973 καὶ
1035 922 1343 992 ἀδιαφόρως
1385 920 1860 989 ἐνυπνιαζόμενος.
1915 918 2082 972 Πάλιν

504 999 658 1067 οὗτος
688 1002 996 1074 παρέϐαλεν
1026 1005 1168 1075 ἀλλῳ
1204 1004 1307 1057 τινὶ
1344 1003 1562 1074 μοναχῷ
1601 1001 1702 1055 τῶν
1739 1001 1908 1067 ἀγίων
1940 1001 2081 1054 πάνυ

503 1088 738 1158 δοκίμῳ,
787 1090 880 1142 καὶ
926 1089 1075 1156 λέγει
1125 1088 1306 1157 αὑτῷ·
1352 1087 1416 1137 Τί
1470 1087 1710 1157 ποιήσω,
1752 1085 1936 1150 ἀὸϐἆ,
2002 1083 2084 1135 δτι

509 1170 813 1234 σκοτίζουσί
851 1190 952 1242 μου
980 1173 1070 1226 τὸν
1098 1172 1360 1240 λογισμὸν
1402 1172 1470 1224 τὰ
1507 1172 1735 1226 ἐνύπνια
1781 1172 1877 1238 τῆς
1907 1168 2084 1237 ψυχῆς

508 1254 647 1306 κατά
693 1255 791 1325 τὴν
836 1257 1067 1326 ἀρχαίαν
1131 1255 1419 1324 συνήθειαν
1473 1255 1840 1323 συνηδομένης
1868 1253 2081 1316 αὑτοῖς;

506 1338 669 1402 Λέγει
698 1336 846 1406 αὑτῷ
875 1339 1082 1400 ἐκεῖνος
1113 1341 1140 1392 6
1175 1338 1352 1406 ἅγιος,
1411 1339 1496 1390 ὅτι
1543 1336 1763 1406 Ἐπειδὴ
1817 1337 1908 1389 τὸν
1960 1333 2083 1387 νοῦν

507 1437 600 1470 σου
631 1421 729 1472 οὑκ
762 1419 1080 1490 ἀπέστησας
1111 1421 1218 1474 τῶν
1247 1421 1372 1490 περὶ
1395 1420 1569 1473 ταῦτα
1600 1419 1931 1488 φαντασιῶν,
1963 1415 2084 1470 τού-

437 1566 440 1568 _
504 1516 597 1552 του
633 1501 795 1571 χάριν
816 1501 914 1570 τὴν
944 1504 1193 1571 μυσαράν
1217 1502 1420 1571 ταύτην
1444 1503 1738 1570 ὑφίστασαι
1765 1502 2080 1570 ἐπιθυμίαν.

434 1587 439 1648 ξ
504 1585 733 1653 Ποίησον
765 1581 858 1639 οὖν
889 1587 918 1639 δ
951 1604 1034 1638 σοι
1062 1587 1205 1654 λέγω
1227 1603 1238 1618 ·
1271 1587 1356 1649 δὸς
1389 1588 1613 1640 σεαυτὸν
1647 1589 1740 1652 ,εἰς
1777 1586 2083 1655 ἀγρυπνίαν

505 1667 641 1720 κατὰ
679 1668 896 1738 μικρὸν,
933 1669 1028 1722 καὶ
1066 1669 1368 1739 προσεύχου
1392 1669 1692 1738 νηφόντως,
1723 1672 1814 1723 καὶ
1855 1668 2082 1737 ,ἐλευθε-

505 1750 727 1820 ρωθήσῃ
748 1751 856 1804 ἀπὸ
877 1754 1083 1805 τούτων
1114 1753 1342 1821 ταχέως.
1388 1752 1652 1815 ’Δκούσας
1690 1753 1746 1806 δὲ
1780 1756 1808 1806 6
1839 1755 2084 1821 γενναῖος

504 1831 600 1885 καὶ
623 1831 826 1901 ταύτης
851 1835 948 1903 τῆς
979 1833 1260 1903 ὑποθήκης
1287 1834 1362 1896 ῶς
1401 1836 1550 1904 παρά
1587 1835 1830 1902 τεχνίτου
1864 1838 1930 1905 τῇ
1967 1835 2080 1887 πεί-

504 1929 596 1984 ρᾳ,
633 1913 884 1968 ἀπελθὼν
908 1917 968 1967 ἐν
1001 1919 1066 1988 τῇ
1104 1917 1289 1990 κέλλῃ,
1333 1917 1532 1970 ἔδωκεν
1569 1918 1725 1984 λόγον
1777 1918 1854 1989 τῷ
1889 1919 2080 1971 ἑαυτοῦ

506 1997 765 2050 συνειδότι
799 1999 874 2068 μὴ
901 2000 1234 2070 κοιμηθῆναι
1274 2002 1363 2054 διὰ
1391 2002 1570 2072 πάσης
1616 2005 1715 2072 τῆς
1748 2004 1938 2066 νυκτὸς
1961 2042 1976 2066 9
2005 2007 2080 2074 μὴ

505 2082 687 2136 κλῖναι
719 2083 850 2150 γόνυ
900 2083 973 2146 ὡς
1028 2086 1121 2136 ἐπὶ
1160 2086 1434 2155 προφάσει
1487 2087 1820 2157 προσευχῆς,
1866 2088 1958 2139 ἐπὶ
2002 2090 2081 2158 τῷ

506 2167 698 2234 φυγεῖν
732 2166 830 2237 τὴν
850 2168 1146 2236 τυραννίδα
1172 2169 1266 2221 τοῦ
1303 2169 1495 2222 ῦπνου.

575 2249 781 2313 Μείνας
816 2247 910 2304 οὖν
938 2255 1030 2306 ἐπὶ
1058 2253 1134 2322 τῷ
1163 2253 1361 2324 κελλίῳ
1383 2254 1477 2324 ἔτη
1508 2253 1587 2320 ἒξ,
1619 2253 1719 2315 τὰς
1757 2255 1959 2320 νύκτας
1985 2257 2080 2308 πά.

505 2350 604 2394 σας
659 2335 822 2402 μέσον
875 2337 973 2406 τῆς
1007 2337 1202 2408 κέλλης
1237 2338 1543 2406 ἱστάμενος,
1597 2337 1691 2389 καὶ⁵
1720 2337 2081 2403 ἀδιαλείπτως

503 2415 580 2483 τῷ
610 2415 728 2486 Θεῷ
774 2420 1244 2490 προσευχόμενος,
1282 2420 1376 2472 καὶ
1421 2420 1495 2489 μὴ
1547 2419 1916 2488 ἐπικαμμύων
1954 2422 2081 2484 τοὺς

503 2497 857 2568 ὀφθαλμούςο
916 2504 1008 2554 καὶ
1067 2503 1238 2554 ταῦτα
1292 2502 1462 2555 ποιῶν
1511 2501 1605 2554 τοῦ
1638 2502 1961 2571 πράγματος
1981 2504 2080 2568 τῆς

501 2580 802 2634 ἀκολάστου
826 2582 1122 2652 ἐπιθυμίας
1153 2583 1536 2652 περιγενέσθαι
1559 2584 1658 2636 οὑκ
1681 2584 1944 2655 ἠδυνήθη.
1992 2584 2081 2655 Τῷ

501 2663 614 2718 ὄντι
641 2666 749 2736 γὰρ
778 2665 992 2736 ἀληθῶς
1021 2666 1317 2730 ἀκόλαστος
1361 2666 1646 2738 ἐπιθυμία.
1701 2669 1924 2722 Ἑαυτὸν
1970 2669 2079 2742 γὰρ

501 2747 736 2818 ὲκτήξας
763 2752 876 2812 τοῖς
909 2749 1086 2812 πόνοις
1112 2751 1289 2803 ἐκεῖνο
1320 2749 1381 2802 τὸ
1415 2750 1640 2820 αἰσχρὸν
1672 2749 1843 2814 πάθος
1876 2752 2079 2806 ὑποτά-

504 2831 592 2894 ξαι
623 2832 724 2884 οὐκ
761 2832 1001 2902 ἴσχυσεν.
1621 2862 1652 2877 ρ

573 2915 728 2968 Μετά
751 2916 926 2971 ταῦτα
956 2917 1128 2969 πάντα
1158 2918 1334 2986 ἑαυτῷ
1367 2917 1528 2971 πάλιν
1580 2917 1746 2986 ἀλλην
1804 2919 2080 2972 πολιτείαν

502 2997 634 3066 σκλη
647 2998 922 3067 ραγωγίας
947 3000 1194 3052 ὑπέθετο.
1237 3001 1616 3070 Ἐξερχόμενος
1642 2994 1842 3062 οῦτοςό
1871 3003 2079 3072 πύκτης

501 3079 593 3131 τοῦ
623 3081 836 3134 Σατανᾶ
882 3080 1172 3151 (διαφόρως
1209 3082 1318 3151 γάρ
1371 3082 1542 3150 τούτῳ
1580 3083 1935 3152 ἐπύκτευσεν)
1982 3088 2081 3147 τὰς

2188 586 2681 662 κατεδυναστεύθης
2707 595 2845 664 πρὸς
2891 595 2951 647 τό
2991 612 3072 647 σοι
3107 595 3404 665 συμφέρον,
3437 593 3520 646 ἵνα
3558 592 3634 664 μὴ
3664 593 3760 648 ὑπὸ

2187 668 2470 737 ἐπάρσεως
2497 676 2831 748 καταπέσῃς.
2857 676 3041 731 Ταῦτα
3063 676 3304 740 ἀκούσας
3333 676 3575 746 ἀπῆλθεν
3606 677 3759 732 πάλιν

2187 753 2266 813 είς
2299 751 2396 822 τὴν
2441 755 2653 822 κέλλαν,
2711 759 2894 813 λοιπὸν
2942 761 3226 832 προσέχων
3260 760 3377 829 μεθ’
3434 759 3668 830 ἡσυχίας
3697 761 3757 831 τῇ

2186 833 2285 902 τῆς
2317 836 2602 907 ἀσκήσεως
2647 841 2890 914 πολιτείᾳ
2942 845 3001 895 έν
3061 843 3266 913 μέτρῳ.
3299 843 3452 896 Μετὰ
3491 843 3550 894 δὲ
3591 843 3758 912 μῆνας

2188 916 2280 970 δύο
2309 918 2341 987 ἢ
2372 923 2521 987 τρεῖς
2551 923 2849 994 ἐρωτηθεὶς
2885 924 3034 994 παρά
3063 924 3155 978 τοῦ
3184 925 3452 994 μακαρίου
3489 923 3756 993 Ἰσιδὼρου

2185 998 2280 1052 τοῦ
2312 1003 2686 1076 πρεσϐυτέρου
2727 1006 2755 1056 6
2803 1007 3046 1078 ἀσκητὴς
3095 1008 3354 1076 Μωῦσῆς,
3401 1007 3474 1077 μὴ
3505 1007 3588 1059 ἔτι
3619 1007 3756 1077 αὑτῷ

2186 1080 2429 1152 ὥχλησεν
2467 1086 2642 1139 ἐκεῖνο
2671 1088 2730 1140 τὸ
2759 1090 2995 1158 πνεῦμα,
3040 1087 3225 1155 εἶπεν,
3272 1091 3352 1143 ὅτι
3396 1089 3515 1142 Ἀπ’
3548 1091 3758 1160 ἐκείνης

2185 1167 2283 1235 τῆς
2312 1167 2479 1237 ὥρας,
2503 1163 2571 1240 ἧς
2601 1169 2822 1240 ὲπηὺξω
2854 1188 2966 1239 μοι,
2989 1171 3017 1221 ό
3046 1173 3138 1224 τοῦ
3164 1171 3295 1224 Θεοῦ
3327 1171 3534 1235 δοῦλος,
3562 1173 3662 1224 οὑκ
3688 1171 3759 1224 ἔτι

2185 1247 2337 1300 οὐδέν
2365 1266 2455 1318 μοι
2489 1251 2728 1304 τοιοῦτον
2763 1253 3135 1322 συμϐέϐηκεν.
3166 1253 3492 1325 Κατηξιῶθη
3523 1255 3582 1307 δὲ
3615 1248 3760 1316 οὗτος

2185 1332 2212 1382 6
2239 1331 2391 1397 άγιος
2413 1332 2755 1402 χαρίσματος
2788 1336 2929 1388 κατὰ
2955 1335 3223 1405 δαιμόνων
3243 1350 3256 1365 ·
3282 1335 3472 1399 οὕτως,
3507 1336 3586 1399 ὡς
3609 1337 3761 1404 ἡμεῖς

2186 1413 2292 1466 τῶν
2335 1414 2507 1483 μυιῶν
2538 1418 2595 1469 ὲν
2624 1418 2703 1487 τῷ
2739 1419 2972 1487 χειμῶνι
3007 1418 3478 1487 καταφρονοῦμεν,
3512 1418 3758 1471 τοσοῦτον

2188 1497 2279 1548 καὶ
2323 1496 2522 1565 μᾶλλον
2572 1494 2725 1561 οὗτος
2752 1503 2780 1552 6
2826 1500 3000 1570 μέγας
3039 1501 3276 1570 Μωῦσῆς
3324 1501 3632 1570 παλαιστὴς
3656 1502 3754 1554 τῶν

2185 1579 2473 1647 δαιμόνων.
2501 1579 2649 1651 Αὕτη
2682 1583 2715 1652 ή
2751 1582 2932 1646 ἔνθεος
2961 1585 3059 1651 τῆς
3087 1584 3372 1653 ἀσκήσεως
3394 1584 3641 1637 πολιτεία
3667 1584 3752 1637 τοῦ

2184 1661 2632 1729 ἀκαταγωνίστου
2670 1663 2902 1733 ἀθλητοῦ
2940 1666 3219 1729 Μωῦσέως
3247 1666 3342 1718 τοῦ
3367 1666 3446 1738 τῷ
3491 1669 3641 1736 γένει
3672 1670 3755 1720 Λί-

2187 1743 2394 1807 θίοπος,
2421 1745 2520 1814 τὴν
2541 1745 2599 1797 δὲ
2623 1746 2799 1817 ψυχὴν
2833 1747 3108 1810 ἐθίσαντος
3135 1747 3255 1819 θείᾳ
3293 1749 3497 1820 χάριτι.
3541 1751 3638 1813 ὐς
3671 1752 3753 1804 καὶ

2112 1842 2154 1897 Β
2187 1826 2347 1888 αὐτὸς
2378 1824 2444 1898 ἦν
2481 1829 2540 1880 ἐν
2572 1831 2686 1892 τοῖς
2719 1831 2974 1900 μεγάλοις
3025 1832 3133 1886 τῶν
3169 1832 3426 1902 Πατέρων
3480 1832 3753 1902 κατορθώ-

2188 1927 2351 1978 μασιν
2373 1911 2797 1982 ἀριθμούμενος.
2833 1915 3070 1985 Τελευτᾷ
3111 1914 3168 1966 δὲ
3188 1908 3344 1976 οῦτος
3373 1914 3513 1967 ἐτῶν
3541 1915 3754 1986 ἑϐδομή-

2185 2010 2349 2045 κοντα
2377 1993 2536 2046 πέντε
2567 1995 2626 2048 ἐν
2656 1998 2722 2066 τῇ
2753 1997 2971 2065 Σκήτει,
3020 1997 3312 2068 γενόμενος
3367 1999 3750 2068 πρεσϐύτερος,

2186 2075 2503 2128 καταλιπὼν
2537 2079 2788 2149 μαθητὰς
2819 2080 3212 2150 ἐϐδομήκοντα.

2755 2164 3007 2216 ΚΕΦΑΛ.
3065 2165 3194 2217 Kl".

2467 2247 2606 2313 Περὶ
2638 2247 2881 2301 Παύλου
2908 2247 3016 2301 τοῦ
3050 2248 3120 2302 ἐν
3147 2247 3222 2315 τῇ
3262 2248 3475 2318 Φέρμῃ.

2256 2329 2419 2398 ὐρος
2450 2330 2506 2380 ὲν
2527 2330 2592 2398 τῇ
2616 2329 2875 2398 Αἰγύπτῳ
2898 2329 3048 2382 ἐστὶν
3071 2331 3280 2397 ἀπάγον
3303 2331 3396 2384 ἐπὶ
3421 2330 3524 2399 τὴν
3569 2329 3750 2398 Σκῆτιν

2181 2410 2280 2478 τὴν
2309 2409 2536 2480 ἔρημον,
2562 2411 2590 2462 δ
2628 2411 2873 2464 καλεῖται
2923 2412 3137 2481 Φέρμη.
3199 2411 3286 2464 Ἐν
3316 2412 3491 2481 τούτῳ
3540 2410 3618 2482 τῷ
3645 2411 3747 2480 ὄρει

2185 2494 2504 2557 καθέζονται
2534 2494 2608 2556 ὠς
2639 2496 2980 2549 πεντακόσιοι
3032 2496 3222 2566 ἄνδρες
3276 2495 3624 2566 ἀσκούμενοι.
3669 2493 3748 2547 Ἐν

2183 2571 2263 2639 οἷς
2287 2578 2379 2630 καὶ
2398 2578 2605 2640 Παῦλός
2629 2596 2709 2640 τις
2739 2580 2973 2648 μοναχὸς
2996 2579 3138 2632 οὕτω
3161 2579 3489 2648 καλούμενος
3521 2579 3745 2648 ἀριστος,

2182 2661 2240 2723 ὃς
2270 2662 2327 2712 ὲν
2359 2664 2521 2714 παντί¹
2556 2662 2631 2732 τῷ
2662 2662 2837 2733 χρόνῳ
2867 2662 3032 2716 αὑτοῦ
3067 2663 3273 2733 ταύτην
3313 2658 3458 2731 εἶχεν
3485 2662 3590 2731 τὴν
3613 2659 3745 2713 πολι·

2183 2746 2352 2799 τείαν.
2378 2747 2491 2799 Οὑκ
2511 2746 2672 2817 ἔργου
2697 2747 2874 2817 ἣψατό
2907 2763 3060 2812 ποτε,
3091 2747 3152 2800 οὑ
3181 2745 3568 2816 πραγματείας
3594 2743 3742 2807 τινὸς,

2183 2829 2281 2880 οὑκ
2305 2827 2496 2882 έλαὸέν
2531 2845 2587 2881 τι
2639 2829 2790 2898 παρά
2841 2847 2985 2894 τινος
3034 2830 3305 2896 παρεκτὸς
3332 2824 3393 2882 οῦ
3448 2826 3665 2898 ἔμελλεν
3690 2827 3741 2876 ἐν

2183 2912 2320 2980 αὑτῇ
2343 2913 2411 2981 τῇ
2434 2910 2616 2982 ἡμέρα
2638 2911 2858 2966 ἐσθίειν.
2888 2911 3089 2982 Ἔργον
3111 2913 3166 2963 δὲ
3190 2911 3334 2982 αὑτῷ
3349 2911 3449 2980 τῆς
3472 2911 3740 2980 ἀσκήσεως

2183 2992 2424 3060 γέγονεν,
2454 2993 2515 3045 τὸ
2539 2994 2897 3057 ἀδιαλείπτως
2926 2993 3344 3064 προσεύχεσθαι.
3391 2987 3559 3056 Οὗτος
3598 3007 3738 3044 τετυ-

2184 3079 2444 3147 πωμένας
2467 3076 2612 3149 εἶχεν
2650 3081 2752 3143 τὰς
2784 3082 2948 3150 εὑχάς
2980 3080 3320 3152 τριακοσίας,
3357 3079 3617 3140 τοσαύτας
3641 3075 3736 3146 ψή-

502 3163 702 3224 νὺκτας
729 3163 894 3233 ἀπῄει
923 3165 1001 3225 εἰς
1041 3165 1139 3226 τὰς
1171 3164 1364 3227 κέλλας
1391 3164 1498 3217 τῶν
1527 3168 1639 3226 τοῖς
1669 3165 1850 3228 πόνοις
1879 3183 2075 3235 συγγε-
2110 3167 2153 3225 C
2187 3180 2319 3234 φους
2347 3163 2618 3230 συνάγων,
2645 3165 2737 3216 καὶ
2754 3167 2811 3216 ὲν
2839 3165 2917 3234 τῷ
2936 3165 3119 3234 κόλπῳ
3139 3164 3404 3234 κατέχων,
3437 3163 3529 3215 καὶ
3550 3161 3733 3232 ῥίπτων

504 3245 826 3316 γηρακότων
854 3249 918 3318 τῇ
951 3249 1182 3316 ἀσκήσει
1215 3248 1486 3316 μοναχῶν,
1547 3249 1638 3300 καὶ
1671 3247 1855 3301 λοιπὸν
1886 3251 1959 3320 μὴ
1985 3251 2077 3303 δυ-

501 3329 750 3397 ναμένων
773 3329 873 3396 τὴν
903 3328 996 3381 τοῦ
1029 3329 1220 3392 ὕδατος
1254 3331 1442 3399 χρείαν
1473 3330 1541 3382 δι’
1567 3329 1775 3384 ἑαυτῶν
1805 3331 2074 3402 κομίζεινδ

503 3413 595 3464 καὶ
616 3409 906 3481 λαμϐάνων
934 3412 1033 3473 τὰς
1057 3412 1242 3482 ὑδρίας
1265 3412 1466 3478 αὑτῶν,
1489 3413 1828 3482 ἀγνοούντων
1855 3415 2078 3469 ἐκείνων

502 3492 743 3562 ἐπλήρου
776 3492 869 3545 τοῦ
906 3492 1117 3557 ὓδατος.
1184 3495 1315 3547 Ἀπὸ
1353 3497 1562 3565 μήκους
1617 3497 1721 3567 γάρ
1759 3495 1974 3566 ἔχουσιν
2022 3501 2080 3552 ὲν

502 3577 727 3641 ἐκείνοις
762 3581 895 3641 ,τοῖς
924 3579 1108 3642 τόποις
1139 3579 1199 3632 τὸ
1236 3579 1401 3650 ὕδωρ,
1439 3581 1487 3632 οἱ
1523 3582 1619 3650 μὲν
1650 3582 1760 3634 ἀπὸ
1791 3583 1902 3647 δύο,
1939 3583 1986 3636 0’
2022 3585 2080 3637 δὲ

501 3660 609 3716 ἀπὸ
650 3660 808 3713 πέντε
861 3663 1125 3730 σημείων,
1167 3664 1216 3734 ot
1265 3664 1322 3716 δὲ
1369 3663 1475 3717 ἀπὸ
1507 3666 1765 3734 ήμίσεως.
1801 3668 1947 3730 Μιᾶς
1987 3665 2080 3723 οῦν

500 3742 608 3794 τῶν
634 3743 843 3796 νυκτῶν
868 3745 924 3798 ἐν
949 3736 991 3812 ᾧ
1017 3745 1172 3799 τοῦτο
1203 3747 1397 3812 ἐποίει,
1421 3749 1759 3820 ἐπιτηρήσας
1791 3753 1819 3802 6
1847 3750 2078 3819 δαίμων,

504 3825 598 3878 καὶ
636 3827 832 3895 μηκέτι
855 3827 1036 3898 φέρων
1065 3829 1160 3882 τοῦ
1186 3829 1419 3900 ἀθλητοῦ
1447 3833 1545 3901 τὴν
1583 3834 1899 3903 καρτερίαν,
1919 3836 2082 3902 ἐγκύ-

500 3910 662 3978 ψαντι
701 3909 849 3980 αὑτῷ
887 3914 968 3974 είς
997 3913 1056 3963 τὸ
1083 3913 1259 3984 φρέαρ
1291 3917 1382 3966 ἐπὶ
1415 3914 1620 3984 τῷετὴν
1651 3916 1837 3983 ὑδρίαν
1863 3919 2082 3988 πληρῶν

505 3995 594 4045 σαί
652 4010 792 4056 τινος
834 3995 1092 4064 μοναχοῦ,
1152 3995 1382 4050 δέδωκεν
1409 3998 1556 4067 αὑτῷ
1612 4001 1752 4052 κατά
1785 4001 1892 4052 τῶν
1931 4001 2082 4069 ψυῶν

504 4076 723 4148 ῥοπάλῳ
744 4076 871 4138 τινὶ,
908 4079 1002 4130 καὶ
1036 4078 1248 4147 ἀφῆκεν
1286 4080 1448 4133 αὑτὸν
1476 4081 1552 4148 τῷ
1583 4081 1731 4151 τόπῳ
1767 4083 1976 4136 κεῖσθαι
2000 4102 2084 4135 νε-

505 4159 654 4224 κρὸν,
689 4159 810 4227 μηδ’
831 4159 966 4223 ὅλως
992 4161 1381 4231 αἰσθανόμενον
1409 4164 1548 4231 μήτε
1575 4164 1602 4214 ὃ
1631 4166 1919 4231 πέπονθεν,
1946 4170 2082 4237 μήτε

504 4244 656 4308 παρά
701 4244 843 4304 τίνος
901 4244 1059 4296 τοῦτο
1097 4246 1328 4314 ὑπέστη.
1386 4248 1497 4316 Τὴν
1550 4247 1641 4299 οῦν
1678 4244 1844 4319 ἀπλην
1873 4250 2084 4321 ἡμέραν

505 4323 676 4375 ἐλθών
713 4343 796 4387 τις
831 4327 938 4378 τῶν
976 4329 1224 4397 μοναχῶν
1256 4330 1541 4399 ἀντλῆσαι,
1579 4327 1738 4400 εὗρεν
1784 4333 1944 4386 αὑτὸν
1970 4338 2087 4388 ἐκεῖ

504 4404 756 4472 κείμενον
786 4409 881 4459 καὶ
909 4409 1386 4482 ψυχορραγοῦντα.
1427 4414 1534 4464 Καὶ
1564 4413 1734 4466 ἐλθὼν
1763 4415 2084 4485 ἀνήγγειλεν

2181 3245 2305 3300 καθ’
2341 3246 2578 3317 ἑκάστην
2613 3248 2776 3318 εὐχὴν
2805 3250 2868 3301 ἐκ
2889 3247 2983 3300 τοῦ
3007 3248 3210 3301 κόλπου
3239 3247 3416 3317 ψῆφον
3457 3246 3593 3312 μίαν.
3639 3235 3729 3297 Οὖ-

2182 3346 2273 3390 τος
2303 3329 2330 3380 6
2357 3327 2536 3389 ἔνθεος
2565 3328 2660 3382 ἀνθ
2671 3346 2850 3399 ρωπος
2902 3329 3236 3399 παραόαλὼν
3261 3329 3538 3398 συντυχίας
3562 3327 3722 3380 ἕνεκεν

2182 3413 2278 3468 καὶ
2300 3411 2570 3480 ὠφελείας
2602 3413 2977 3482 πνευματικῆς
2997 3413 3074 3483 τῷ
3105 3413 3244 3482 ἁγίῳ
3271 3412 3526 3481 Μακαρίῳ
3543 3407 3609 3475 τῷ
3632 3406 3712 3456 λε·

2181 3497 2397 3566 γομένιρ
2419 3495 2700 3566 πολιτικῷ,
2723 3497 2868 3565 λέγει
2895 3497 3062 3567 αὑτῴσ
3083 3497 3253 3551 Ἀϐϐά
3278 3496 3521 3562 Μακάριε,
3548 3487 3700 3541 θλίϐο-

2186 3599 2281 3652 μαι
2301 3581 2522 3651 σφόδρα.
2561 3582 2899 3648 Ἦνάγκασεν
2921 3578 3010 3634 οῦν
3029 3581 3192 3634 αὑτὸν
3218 3582 3245 3633 6
3266 3579 3361 3632 τοῦ
3384 3572 3584 3646 Χριστοῦ
3601 3569 3700 3624 δοῦ-

2182 3666 2271 3728 λος
2291 3667 2465 3718 είπεῖν
2490 3664 2590 3734 τὴν
2621 3664 2799 3717 αἰτίαν
2821 3663 2889 3715 δι’
2919 3665 2984 3734 ἣν
3015 3664 3286 3716 λυπεῖταν
3307 3665 3334 3716 6
3349 3660 3550 3727 δὲλέγει
3567 3653 3699 3722 αὑτῷο

2761 3748 3009 3800 ΚΕΦΑΛ.
3055 3747 3176 3801 KA'.
3637 3770 3639 3772 ·

2240 3833 2379 3900 Περὶ
2414 3829 2711 3899 παρθένου
2741 3831 3104 3894 ἑπτακοσίας
3128 3828 3314 3897 εὐχὰς
3333 3823 3677 3894 ποιησάσης.

2268 3918 2356 3970 Ἐν
2382 3917 2543 3991 κώμῃ
2573 3916 2684 3967 τινὶ
2712 3914 2978 3985 παρθένος
3015 3931 3100 3976 τις
3154 3913 3398 3966 κατοικεῖ
3442 3904 3731 3991 τριακοστὸν

2187 4001 2304 4064 έτος
2331 4003 2429 4075 ἤδη
2473 3989 2669 4068 ἔχουσα
2705 3999 3047 4068 ἀσκουμένη·
3088 3998 3216 4066 περὶ
3247 3991 3313 4065 ἧς
3343 3993 3524 4048 πολλοί
3561 3989 3734 4075 μοιδι-

2188 4073 2488 4154 ηγήσαντο,
2523 4085 2603 4135 ὅτι
2635 4082 2908 4153 παρεκτὸς
2934 4080 3215 4134 Σαϐϐάτου
3238 4079 3270 4150 ἧ
3302 4078 3580 4148 Κυριακῆς
3606 4073 3740 4126 οὐδέ-

2187 4183 2317 4219 ποτε
2341 4166 2559 4234 γεύεται
2587 4166 2752 4236 ἀλλην
2776 4166 3010 4235 ἡμέραν,
3035 4163 3172 4217 ἀλλὰ
3201 4163 3291 4216 τὸν
3316 4161 3602 4230 σύμπαντα
3631 4155 3744 4227 χρό-

2185 4268 2274 4303 νον
2321 4250 2552 4302 ἕλκουσα
2596 4250 2694 4313 τάς
2744 4249 3066 4318 ἑϐδομάδας,
3123 4248 3218 4300 καὶ
3249 4247 3314 4300 δι’
3344 4244 3565 4318 ἡμερῶν
3600 4243 3745 4294 πέντε

2187 4333 2464 4396 ἐσθίουσα,
2505 4336 2649 4386 ποιεῖ
2677 4334 2840 4402 εὑχάς
2872 4332 3222 4394 ἑπτακοσίας.
3277 4333 3385 4384 Καὶ
3411 4328 3750 4394 ἀπευδόκησα

2187 4419 2297 4485 ἐγὼ
2357 4416 2615 4486 ἐμαυτοῦ,
2671 4418 2830 4469 τοῦτο
2862 4416 3070 4486 μαθὼν,
3117 4418 3212 4470 καὶ
3264 4415 3638 4483 λογισάμενος,
3675 4411 3752 4461 ὅτι

504 4487 579 4575 τῷ
610 4491 838 4575 gadio“?
881 4491 1131 4575 Ἰσίδῴρφ
1172 4494 1251 4564 τῷ
1288 4493 1642 4566 πρεσϐυτέρῳ
1666 4498 1764 4567 τῆς
1805 4500 2076 4569 Σκήτεως.
2116 4502 2156 4556 D
2186 4503 2324 4575 ἀνὴρ
2363 4500 2484 4554 κατ’
2517 4502 2732 4571 εκείνην
2763 4503 2828 4571 τῇ
2866 4501 3026 4574 ῥώμῃ
3070 4500 3162 4554 τοῦ
3218 4499 3464 4568 σώματος
3499 4498 3753 4566 δημιουρ-

518 4569 792 4623 Ἀπελθὼν
822 4573 879 4625 δὲ,
911 4574 1049 4643 μετά
1078 4591 1237 4628 τινων
1267 4577 1447 4630 λαὸὼν
1479 4579 1639 4630 αὑτὸν
1673 4579 1902 4648 ἤνεγκεν
1931 4585 1987 4634 ὲν
2013 4587 2079 4654 τῇ

519 4655 834 4727 Ἐκκλησία,
886 4658 982 4710 καὶ
1027 4659 1118 4711 ἐπὶ
1146 4660 1597 4732 ὲνιαυτὸν,πλήρη
1625 4655 1778 4726 οὗτος
1801 4665 2078 4735 ἐνόσησεν,

504 4741 579 4801 ὡς
612 4740 765 4806 μόλις
812 4741 1064 4806 γενέσθαι
1107 4742 1169 4794 τὸ
1200 4744 1356 4814 σῶμα
1387 4747 1551 4798 αὑτοῦ
1574 4747 1664 4799 καὶ
1686 4748 1786 4816 τὴν
1817 4749 1994 4819 ψυχὴν
2024 4750 2081 4801 ὲν

506 4821 670 4891 ισχύῖ.
707 4823 838 4875 Τότε
872 4825 1018 4892 λέγει
1048 4826 1198 4895 αὑτῴ
1223 4828 1250 4878 6
1274 4827 1445 4895 μέγας
1485 4827 1660 4898 ἱερεὺς
1704 4829 1796 4882 τοῦ
1844 4832 2079 4899 Χριστοῦ

518 4903 784 4975 Ἰσίδωρος
809 4922 823 4937 ο
857 4907 1072 4960 [ἰαῦσαι
1120 4909 1304 4962 λοιπὸν
1327 4915 1438 4973 τοῖς
1468 4911 1685 4981 δαίμοσι
1735 4913 2078 4980 φιλονεικῶν,

503 4987 721 5055 ἀδελφέ,
750 4991 843 5041 καλ⁵
889 4992 962 5059 μὴ
992 4994 1175 5051 αὑτοῖς
1227 4995 1548 5064 ὲπέμὸαινε.
1590 4997 1786 5066 Μέτρα
1825 4999 1933 5067 γάρ
1975 5000 2080 5051 είσι

504 5071 728 5139 καὶτῆς
770 5073 1057 5141 ἀσκήσεως
1115 5076 1214 5146 τῆς
1261 5079 1398 5148 πρὸς
1456 5080 1581 5140 τοὺς
1632 5079 1890 5147 δαίμονας
1922 5083 1978 5134 ὲν
2012 5085 2077 5152 τῇ

505 5157 758 5224 ἀσκήσει.
805 5156 862 5208 ’0
890 5157 944 5209 δὲ
970 5159 1284 5227 ἀδάμαστος
1318 5162 1411 5214 τοῦ
1443 5163 1680 5232 Χριστοῦ
1724 5165 1965 5235 Μωῦσῆς
1993 5166 2079 5218 λέ-

504 5257 590 5292 γει
615 5237 689 5307 τῴ
722 5239 975 5309 μεγάλῳ·
1004 5245 1077 5294 Οὑ
1110 5243 1184 5312 μὴ
1217 5248 1515 5315 παύσωμαι
1543 5246 1637 5299 τοῦ
1665 5249 1932 5317 μάχεσθαι
1962 5251 2078 5318 μετ’

503 5325 704 5387 αυτῶν,
725 5323 827 5387 ἕως
845 5324 1199 5396 ἂνιπαύσηταί
1216 5345 1319 5397 μου
1337 5332 1368 5400 ή
1384 5330 1652 5398 φαντασία
1667 5331 1773 5383 τῶν
1788 5333 2073 5388 ἐνυπνίων.

505 5408 636 5459 Τότε
663 5408 811 5476 λέγει
840 5409 989 5480 αὑτῷ
1023 5412 1051 5462 6
1091 5409 1185 5462 τοῦ
1244 5413 1481 5482 Χριστοῦ
1529 5415 1716 5476 δοῦ)ος
1753 5416 2023 5486 Ἰσίδωρος
2051 5420 2078 5471 ὁ

505 5491 872 5562 πρεσϐύτερος
897 5509 911 5524 ·
962 5494 1051 5545 Ἐν
1089 5494 1168 5564 τῷ
1216 5497 1438 5566 ὀνόματι
1485 5497 1657 5566 Ἰησοῦ
1680 5500 1936 5568 Χριστοῦ,
1971 5502 2080 5555 ἀπὸ

503 5575 597 5624 τοῦ
633 5574 728 5627 νῦν
756 5578 1031 5630 πέπαυται
1064 5595 1158 5631 σου
1186 5581 1253 5632 τά
1305 5582 1529 5652 ἀπρεπῆ
1579 5582 1830 5636 ἐνύπνια.
1877 5586 2078 5640 Λοιπὸν

508 5657 646 5728 μετὰ
669 5658 982 5728 παρρησίας
1034 5665 1142 5725 τοῖς
1187 5665 1509 5734 μυστηρίοις
1565 5668 1909 5737 κοινώνησον.
1962 5668 2077 5724 Ἵνα

507 5739 610 5816 γὰρ
639 5740 711 5809 μὴ
743 5746 1026 5814 καυχήσῃ,
1060 5747 1134 5809 ῶς
1167 5750 1231 5819 τῇ
1273 5751 1337 5818 σῇ
1390 5751 1620 5820 ἀσκήσει
1655 5755 2076 5824 περιγενόμενος

2183 4587 2370 4655 γηθεὶς
2406 4585 2548 4656 ὑπὲρ
2565 4585 2662 4648 τὰς
2689 4585 3006 4655 τριακοσίας
3035 4585 3200 4654 εὐχὰς
3247 4586 3470 4653 ποιῆσαι
3501 4582 3604 4634 οὑκ
3632 4577 3752 4647 ήδυ-

2182 4671 2368 4739 νήθην.
2427 4670 2801 4738 Ἀποκρίνεται
2825 4669 2973 4738 αὑτῷ
3009 4673 3036 4722 6
3066 4669 3221 4736 ἅγιος
3240 4669 3545 4737 Μακάριος,
3565 4665 3752 4731 λέγων’

2195 4752 2335 4821 Ἐγὼ
2369 4751 2656 4822 ἑξηκοστὸν
2687 4752 2804 4815 ἔτος
2836 4753 2944 4822 έχω
2976 4754 3069 4820 ἀφ’
3099 4748 3160 4807 οῦ
3190 4751 3382 4805 ἑκατὸν
3419 4747 3753 4816 τεταγμένας

2185 4837 2349 4904 εὐχάς
2380 4835 2518 4887 ποιῶ
2550 4834 2644 4886 καὶ
2697 4836 2764 4886 τά
2817 4835 2950 4903 πρὸς
2991 4835 3199 4906 τροφὴν
3238 4833 3607 4904 ἐργαζόμενος
3643 4829 3756 4888 ταῖς

2183 4920 2390 4988 χερσὶν,
2425 4919 2519 4970 καὶ
2548 4922 2659 4981 τοῖς
2681 4919 2926 4987 ἀδελφοῖς
2957 4919 3054 4988 τὴν
3085 4919 3300 4988 ὀφειλὴν
3331 4920 3428 4986 τῆς
3473 4912 3758 4982 συντυχίας

2181 5001 2467 5064 ἀποδιδούς
2489 5019 2501 5031 ο
2541 5002 2634 5054 καὶ
2686 5004 2744 5054 οὐ
2778 5003 2951 5071 κρίνει
2984 5021 3051 5072 με
3087 5007 3114 5055 ὁ
3144 5003 3401 5071 λογισμις
3443 5001 3520 5062 ὡς
3552 4998 3758 5068 ἀμελή-

2185 5103 2372 5140 σαντα.
2406 5087 2466 5137 Εἰ
2503 5087 2559 5138 δὲ
2595 5086 2658 5138 σὺ
2692 5088 3010 5157 τριακοσίας
3055 5089 3219 5158 εὑχάς
3253 5086 3420 5138 ποιῶν
3467 5086 3630 5154 κρίνῃ
3658 5080 3757 5134 ὑπὸ

2180 5170 2272 5222 τοῦ
2299 5170 2786 5240 συνειδότοςηδῇλος
2811 5167 2862 5223 εί
2888 5173 3143 5240 καθαρῶς
3166 5173 3330 5235 αὑτὰς
3351 5173 3428 5243 μὴ
3445 5172 3757 5240 εὐχόμενος,

2181 5255 2214 5323 ἢ
2245 5256 2540 5324 δυνάμενος
2567 5256 2818 5319 πλείονας
2854 5255 3109 5326 εὔχεσθαι
3142 5260 3236 5311 καὶ
3275 5257 3349 5326 μὴ
3380 5257 3697 5328 εὐχόμενος.

2758 5341 3007 5394 ΚΕΦΑΛ.
3051 5343 3178 5393 ΚΕ’.

2359 5424 2497 5490 Περὶ
2537 5423 2828 5492 Εὐλογιόυ
2870 5424 3096 5478 καὶτοῦ
3137 5425 3579 5493 λελωϐημένου.

2252 5506 2480 5574 Κρόνιός
2507 5524 2594 5574 μοι
2622 5507 2961 5576 διηγήσατοὸ
2978 5507 3347 5578 πρεσϐύτερος
3371 5511 3470 5578 τῆς
3502 5507 3756 5576 Νιτριας,

2179 5589 2262 5640 ὅτι
2292 5590 2554 5659 νεώτερος
2584 5589 2659 5642 ὢν
2712 5591 2773 5642 τὸ
2823 5590 2945 5643 κατ’
2971 5590 3165 5660 ἀρχάς,
3205 5593 3301 5644 καὶ
3337 5591 3566 5660 ἀκηδίας
3600 5590 3757 5659 χάριν

2181 5671 2369 5742 φυγὼν
2397 5676 2460 5727 ἐκ
2491 5674 2589 5740 τῆς
2626 5675 2789 5743 μονῆς
2822 5673 2913 5726 τοῦ
2941 5675 3369 5745 ἀρχιμανδρίτου
3407 5692 3506 5745 μου
3541 5675 3759 5744 ἀλώμεο

2179 5773 2266 5820 νος
2299 5759 2504 5826 ἔφθασα
2523 5759 2623 5820 ἕως
2646 5759 2740 5811 τοῦ
2771 5758 2928 5828 ὄρους
2959 5759 3048 5812 τοῦ
3070 5761 3222 5826 ἁγίου
3262 5757 3761 5827 ’Δντωνίου.Ἒκαθ-
