4020 6430
331 410 471 468 ὶιο69

1615 397 1931 453 HISTORIA
1972 398 2325 456 LAUSIACA.

3444 401 3580 461 £070

324 529 386 573 ut
421 518 510 587 qui
539 516 675 572 nihil
703 514 843 570 aliud
874 521 1107 568 sumeret
1153 518 1345 580 praeter
1377 507 1526 576 panis
1556 507 1683 562 sicci
1713 507 1899 562 uncias
1928 512 1975 571 Α
2004 524 2070 565 ne
2092 510 2353 565 incideres
2384 511 2434 564 in
2464 510 2627 564 animi
2654 509 2955 565 elationem.
2992 510 3082 565 llis
3109 512 3302 567 auditis
3331 528 3577 570 reversus

323 609 642 675 duodecim,
684 608 967 678 plurimum
1014 618 1265 673 operans,
1296 610 1351 656 et
1380 601 1761 671 quinquaginta
1785 614 1903 655 ora-

327 704 500 756 tiones
529 698 768 770 quotidie
800 711 1082 766 peragens.

402 792 568 846 Porro
597 798 771 843 autem
800 786 1045 858 quamvis
1078 799 1231 838 suum
1260 789 1586 837 macerasset
1612 794 1902 848 corpuscu-

329 883 462 949 lum,
493 880 785 950 permansit
825 886 1000 931 tamen
1052 876 1429 937 inﬂammatus,
1461 881 1518 928 et
1549 873 1813 940 pratcipue
1854 872 1907 925 in

327 973 552 1026 somnis.
589 970 719 1024 Cum
749 977 926 1022 autem
959 968 1298 1029 surrexisset,
1341 964 1589 1018 convenit
1625 962 1908 1032 quemdam

328 1060 491 1114 alium
522 1058 839 1113 monachum
871 1067 1111 1110 sanctum
1132 1053 1582 1122 probatissimum,
1606 1062 1659 1105 et
1679 1054 1725 1105 ei
1749 1051 1905 1105 dicit:

328 1150 468 1217 Quid
500 1149 713 1211 faciant,
743 1145 919 1201 abba?
949 1142 1159 1197 Rationi
1190 1157 1322 1195 mea:
1351 1141 1597 1195 tenebras
1626 1140 1909 1193 offundunt

328 1238 536 1295 somnia
565 1238 747 1302 animi,
789 1246 845 1290 ut
869 1235 959 1304 qui
986 1235 1065 1288 eis
1093 1248 1159 1287 ex
1188 1232 1359 1288 veteri
1404 1231 1789 1286 consuetudine
1817 1229 1911 1285 de-

325 1330 519 1384 lecter.
550 1328 690 1383 Dicit
717 1328 767 1382 ei
796 1327 883 1380 ille
922 1331 1139 1379 sanctus
1169 1340 1183 1377 :
1218 1323 1331 1377 Non
1360 1322 1647 1377 cohibuisti
1678 1331 1910 1375 mentem

325 1431 474 1475 tuam
522 1433 551 1473 a
579 1418 709 1471 visis
738 1430 856 1484 qua:
886 1416 941 1470 in
971 1415 1051 1469 eis
1094 1422 1397 1474 versantur,
1423 1426 1483 1465 ea
1513 1411 1581 1465 de
1611 1425 1767 1464 causa
1797 1409 1911 1464 haec

325 1510 585 1565 sustines.
619 1507 723 1561 Fac
754 1519 881 1575 ergo
907 1504 1046 1573 quod
1089 1503 1229 1558 dico.
1280 1500 1423 1555 Dede
1452 1508 1503 1554 te
1544 1500 1800 1569 paulatim
1834 1498 1913 1550 vi-

323 1600 488 1670 giliae,
518 1608 571 1653 et
597 1613 691 1653 ora
721 1596 960 1659 sobrius;
993 1603 1044 1648 et
1074 1593 1140 1646 ab
1165 1593 1247 1647 his
1276 1594 1382 1645 cito
1411 1589 1744 1645 liberaberis.
1778 1586 1911 1642 Cum

332 1693 437 1748 hoc
463 1701 641 1745 antem
670 1689 931 1743 monitum
957 1683 1304 1742 audiissetvir
1320 1683 1624 1752 praeclarus,
1663 1692 1913 1750 tanquam

329 1784 400 1839 ab
427 1798 491 1838 eo
520 1782 610 1852 qui
640 1787 761 1836 erat
803 1778 992 1833 artifex
1038 1774 1390 1844 experientia,
1422 1773 1476 1826 in
1506 1772 1693 1827 cellam
1728 1784 1914 1824 rever-

2008 609 2091 655 est
2129 601 2180 655 in
2218 601 2430 667 cellam,
2472 600 2650 669 quiete
2689 601 2943 670 deinceps
2987 601 3264 656 attendens
3303 606 3579 659 moderato

2009 691 2252 746 instituto
2302 693 2719 748 exercitationis.
2765 692 2891 746 Post
2936 691 3071 747 duos
3112 703 3290 747 autem
3332 694 3417 749 vel
3470 705 3577 750 tres

2009 798 2220 837 menses
2248 792 2462 853 rogatus
2490 798 2519 838 a
2550 783 2707 839 beato
2736 783 2941 838 lsidoro
2973 784 3287 854 presbytero
3314 787 3577 842 exercita-

2010 883 2094 929 tor
2128 876 2338 946 Moyses
2370 876 2601 943 nunquid
2632 877 2858 943 amplius
2904 876 2952 931 ei
2986 876 3280 931 molestiam
3311 877 3581 931 exhibuis-

2008 977 2092 1022 set
2119 968 2353 1034 Spiritus,
2384 967 2654 1034 respondit
2682 984 2694 1019 :
2739 966 2820 1020 Ab
2866 967 2953 1021 illa
2988 967 3114 1020 hora
3146 982 3248 1036 qua
3298 967 3426 1021 mihi
3460 983 3587 1036 pre-7

2010 1068 2159 1115 catus
2187 1068 2268 1114 est
2294 1058 2488 1113 Christi
2521 1073 2723 1123 servus,
2760 1058 2888 1112 nihil
2920 1059 3046 1113 mihi
3074 1058 3265 1113 accidit
3297 1058 3579 1128 ejusmodi.

2011 1149 2267 1219 Dignatus
2303 1158 2382 1203 est
2416 1157 2592 1204 autem
2628 1148 2711 1201 hic
2748 1159 2965 1203 sanctus
2994 1150 3159 1218 gratia
3192 1150 3444 1203 adversus
3472 1148 3583 1203 dat-

2012 1256 2218 1306 mones,
2260 1240 2394 1295 adeo
2422 1240 2635 1295 utsicut
2676 1252 2771 1293 nos
2802 1253 3010 1293 muscas
3060 1237 3235 1293 hieme
3280 1238 3579 1293 contemni-

2012 1349 2161 1401 mus;
2213 1334 2319 1400 ita,
2352 1342 2509 1403 atque
2554 1333 2686 1387 adeo
2715 1332 2959 1399 amplius,
2993 1330 3079 1384 hic
3108 1345 3328 1399 magnus
3376 1330 3585 1399 Moyses

2014 1430 2381 1478 contemneret
2409 1422 2701 1476 dzemones.
2760 1419 2883 1473 Hmc
2912 1430 2992 1474 est
3025 1418 3271 1485 religiosa
3317 1426 3371 1471 et
3399 1425 3581 1471 sancta

2016 1513 2120 1565 vita
2144 1528 2304 1582 quam
2330 1518 2438 1581 egit
2480 1509 2707 1564 invictus
2733 1508 2929 1563 athleta
2962 1509 3170 1578 Moyses
3198 1506 3468 1574 jEthiops,
3493 1507 3584 1575 qui

2018 1602 2133 1667 ipse
2159 1614 2372 1670 quoque
2417 1599 2797 1654 numerabatur
2843 1599 2982 1651 inter
3012 1610 3247 1666 magnos.
3296 1596 3584 1651 Ohiitante

2019 1691 2109 1763 [F.
2136 1693 2235 1763 leg.
2269 1691 2469 1763 autem]
2500 1692 2828 1760 septuaginta
2870 1690 3101 1758 quinque
3122 1702 3289 1742 annos
3327 1694 3479 1742 natus
3530 1688 3584 1741 in

2018 1785 2195 1849 Scete,
2221 1800 2341 1840 cum
2384 1783 2557 1837 factus
2596 1791 2740 1837 esset
2782 1781 3073 1850 presbyter,
3127 1780 3327 1835 relictis
3374 1788 3585 1847 septua-

331 1889 445 1940 sus,
472 1872 605 1928 dixit
630 1871 677 1925 ei
699 1912 714 1935 ,
744 1869 882 1940 quod
910 1867 1120 1938 quidem
1151 1881 1242 1921 sua
1270 1865 1402 1919 sciat
1428 1862 1778 1926 conscientia,
1806 1869 1911 1915 tota
1944 1871 1991 1931 Β
2017 1877 2392 1947 gintaquinque
2419 1874 2713 1942 discipulis.

331 1974 491 2019 nocte
523 1976 625 2016 non
656 1958 969 2022 dormiisse;
1020 1972 1125 2010 non
1155 1954 1409 2009 orationis
1458 1962 1718 2023 prastequ
1746 1966 1915 2020 genu-

335 2054 574 2121 ﬂexisse,
607 2056 664 2105 ut
693 2051 864 2105 somni
896 2049 1099 2117 fugeret
1130 2044 1487 2119 tyrannidem.

330 2194 337 2199 κ
404 2146 536 2200 Cum
582 2142 735 2197 annis
780 2156 908 2209 ergo
938 2154 1029 2195 sex
1077 2140 1357 2192 mansisset
1386 2137 1437 2191 in
1464 2134 1618 2203 cella,
1652 2142 1789 2188 totas
1817 2148 1915 2187 no-

336 2247 450 2291 ctes
479 2244 628 2289 stans
674 2235 725 2286 in
776 2232 949 2286 medio
980 2232 1148 2291 cellae,
1181 2239 1234 2284 et
1264 2230 1429 2283 Deum
1474 2242 1636 2282 orans
1677 2225 1911 2289 assidue,

336 2339 389 2382 et
426 2342 529 2381 non
561 2324 815 2379 claudens
844 2322 1061 2385 oculos,
1107 2336 1210 2373 non
1263 2320 1429 2387 potuit
1475 2320 1915 2385 intemperantem

338 2420 553 2472 vincere
602 2415 966 2484 cupiditatem.
1014 2413 1218 2465 Revera
1264 2411 1404 2464 enim
1436 2425 1541 2463 non
1582 2417 1759 2476 potest
1788 2422 1917 2464 vere

344 2509 593 2578 castigari
640 2506 921 2575 cupiditas.
970 2506 1100 2558 Cum
1129 2503 1267 2557 enim
1314 2501 1545 2568 scipsum
1578 2498 1918 2553 tabefccisset

340 2600 630 2666 laboribus,
664 2608 871 2669 turpem
904 2597 1047 2652 illam
1077 2594 1408 2649 affectionem
1440 2607 1543 2647 non
1573 2588 1740 2661 pctuit
1772 2590 1915 2644 subi-

338 2708 487 2764 gere.

413 2786 537 2840 Post
585 2787 698 2839 hzec
745 2782 903 2836 aliam
951 2780 1054 2834 sibi
1087 2776 1350 2850 suggessit
1399 2776 1661 2831 rationem
1712 2787 1916 2841 asperae

337 2879 460 2931 vita:
488 2875 724 2947 agendar.
752 2873 1042 2943 Egrediens
1066 2871 1151 2925 hic
1177 2870 1317 2941 pugil
1343 2869 1552 2925 Satanae
1580 2867 1749 2937 (varie
1772 2867 1914 2922 enim

341 2982 460 3023 cum
491 2982 557 3023 eo
598 2965 910 3035 decertavit)
941 2964 1184 3019 noctibus
1212 2963 1392 3017 abibat
1440 2962 1504 3016 ad
1535 2962 1697 3015 cellas
1728 2976 1915 3015 mona-

340 3061 584 3123 chorum,
631 3057 720 3127 qui
771 3070 829 3110 se
855 3054 1154 3111 exercendo
1198 3060 1589 3109 consenuerant
1636 3053 1687 3106 in
1722 3052 1915 3108 labori-

341 3148 461 3216 bus,
490 3158 544 3204 et
573 3164 666 3218 per
697 3162 754 3201 se
783 3161 973 3215 aquam
1006 3160 1109 3199 non
1156 3153 1399 3211 poterant
1443 3142 1668 3211 amplius
1713 3144 1913 3219 impor-

2575 1980 2799 2037 CAPUT
2850 1978 3034 2034 XXIII.

2470 2069 2590 2125 Vita
2616 2070 2808 2124 abbatis
2839 2067 2996 2122 Pauli
3015 2067 3148 2142 (57).

2090 2168 2238 2223 Mons
2265 2175 2349 2220 est
2378 2167 2430 2219 in
2461 2164 2719 2234 Egypto,
2766 2162 3035 2216 abducens
3076 2161 3128 2215 in
3160 2168 3360 2214 vastam
3406 2158 3590 2215 Scetes

2018 2257 2381 2317 solitudinem,
2413 2255 2501 2325 qui
2548 2254 2843 2324 appellatur
2887 2251 3133 2306 Pherme.
3166 2251 3222 2306 In
3267 2253 3367 2305 hoc
3411 2262 3589 2307 monte

2016 2348 2208 2402 sedent
2233 2348 2444 2400 circiter
2465 2343 2737 2414 quingenti
2766 2341 3007 2396 homines
3030 2342 3116 2410 qui
3142 2351 3482 2411 exercentur.
3506 2341 3591 2399 ln-

2019 2447 2100 2492 ter
2128 2451 2263 2506 quos
2291 2434 2387 2489 fuit
2415 2436 2575 2490 etiam
2606 2433 2838 2503 quidam,
2873 2432 3087 2488 nomine
3118 2431 3308 2489 Paulus
3330 2475 3345 2499 ,
3394 2450 3590 2489 mona—

2018 2528 2149 2583 chus
2175 2528 2427 2597 optitnus,
2458 2526 2548 2596 qui
2578 2534 2688 2581 toto
2717 2540 2814 2579 suo
2837 2534 3075 2592 tempore
3104 2525 3241 2579 hanc
3270 2528 3375 2593 egit
3404 2527 3587 2581 vitam.

2017 2617 2293 2687 Nunquam
2320 2632 2452 2686 opus
2478 2617 2679 2686 attigit,
2707 2631 2805 2669 nec
2832 2614 2999 2669 ullum
3024 2619 3256 2683 suscepit
3286 2618 3553 2684 negotium
3577 2658 3590 2681 ,

2018 2710 2091 2765 nil
2135 2725 2365 2777 unquam
2415 2709 2622 2777 accepit
2668 2708 2734 2761 ab
2772 2707 2989 2774 aliquo,
3040 2715 3389 2777 praztcrquam
3448 2708 3591 2777 quod

2019 2807 2199 2868 posset
2244 2800 2295 2851 in
2326 2800 2440 2865 ipso
2484 2796 2571 2851 die
2598 2797 2901 2852 comedere.
2939 2796 3059 2850 Fuit
3106 2806 3280 2850 autem
3311 2811 3427 2865 ejus
3455 2811 3590 2865 opus

2018 2900 2071 2947 et
2099 2890 2430 2954 exercitatio,
2462 2903 2617 2942 orare
2658 2897 2935 2957 perpetuo.
2969 2887 3065 2941 Hic
3114 2886 3342 2941 habebat
3387 2895 3591 2942 trecen-

2020 2994 2101 3041 tas
2143 2998 2331 3053 preces
2360 2996 2641 3051 expressas
2667 2990 2721 3036 et
2750 2983 3091 3049 praestitutas,
3134 2981 3349 3033 totidem
3389 2979 3593 3035 habens

2019 3074 2071 3129 in
2094 3076 2212 3128 sinu
2250 3073 2506 3138 calculos,
2557 3081 2610 3125 et
2648 3073 2699 3126 in
2750 3085 3061 3139 unaquaque
3108 3072 3347 3124 oratione
3391 3072 3592 3138 iaciens

2022 3178 2183 3216 unum
2206 3162 2471 3217 calculum
2507 3162 2639 3231 (.58).
2675 3161 2721 3215 is
2750 3176 2869 3215 cum
2905 3159 3219 3215 arcessisset
3246 3160 3311 3212 ad
3351 3170 3591 3214 sanctum

342 3247 497 3292 tare:
544 3245 598 3290 et
640 3235 906 3303 accipiens
960 3234 1174 3311 hydrias
1219 3235 1295 3287 eis
1345 3234 1706 3288 nescientibus
1734 3274 1749 3297 ,
1801 3233 1915 3287 illas

2021 3253 2307 3307 Macarium
2335 3254 2426 3322 qui
2450 3253 2641 3307 dicitur
2663 3250 2938 3315 Politicus,
2962 3252 3077 3318 ejus
3103 3250 3450 3305 conveniendi
3474 3265 3592 3320 gra-

341 3343 473 3397 uqua
495 3326 768 3396 implebat.
793 3324 998 3379 Habent
1021 3325 1160 3378 enim
1189 3322 1241 3377 in
1266 3322 1370 3378 illis
1392 3322 1521 3377 locis
1545 3338 1737 3392 aquam
1768 3330 1913 3377 certa

342 3418 625 3473 distantem
668 3415 1076 3485 longinquitate,
1105 3413 1193 3467 alii
1238 3412 1450 3480 quidem
1492 3410 1559 3466 ad
1607 3412 1740 3465 duos
1788 3411 1920 3479 lapi-

343 3507 457 3571 des,
491 3507 579 3561 alii
623 3520 748 3561 vero
793 3506 859 3559 ad
903 3507 1158 3574 quinque,
1214 3504 1303 3556 alii
1357 3517 1481 3557 vero
1527 3503 1594 3556 ad
1622 3501 1917 3557 dimidium.

346 3597 459 3651 Una
486 3611 614 3665 ergo
660 3604 817 3651 nocte
865 3610 967 3663 qua
997 3594 1098 3647 hoc
1144 3592 1391 3660 faciebat,
1424 3594 1630 3647 daemon
1678 3596 1767 3663 qui
1798 3609 1917 3648 eum

344 3686 737 3751 observaverat,
771 3699 874 3737 non
903 3683 1128 3750 amplius
1168 3680 1346 3737 ferens
1392 3683 1609 3737 athletae
1656 3683 1921 3738 fortitudi-

346 3794 488 3843 nem,
520 3793 641 3833 cum
672 3779 785 3846 ipse
825 3791 884 3831 se
929 3774 1235 3830 inclinasset
1280 3774 1333 3827 in
1384 3783 1623 3843 puteum,
1666 3784 1720 3829 ut
1764 3777 1915 3829 unius

345 3867 589 3922 tnonachi
629 3866 871 3935 impleret
896 3864 1161 3935 hydriam,
1189 3862 1393 3917 clavam
1427 3863 1712 3932 quamdam
1743 3864 1791 3918 ei
1824 3865 1920 3917 im-

345 3961 487 4029 pegit
514 3960 568 4014 in
599 3959 827 4023 lumbos,
860 3963 913 4012 et
942 3970 1064 4011 eum
1094 3955 1147 4008 in
1177 3968 1242 4009 eo
1269 3954 1388 4009 loco
1415 3954 1630 4021 reliquit
1653 3954 1919 4022 jacentem

344 4058 633 4115 mortuum,
680 4046 809 4101 nihil
855 4046 1072 4101 omnino
1129 4045 1492 4110 sentientem,
1538 4058 1712 4112 neque
1762 4045 1917 4113 quid,

345 4156 516 4211 neque
578 4155 609 4195 a
653 4154 760 4209 quo
822 4138 874 4193 id
922 4150 1112 4207 passus
1166 4136 1255 4191 sit.
1346 4135 1483 4193 Cum
1581 4145 1711 4202 ergo
1808 4132 1915 4189 alio

352 4231 437 4289 die
526 4231 766 4285 venisset
812 4229 1026 4299 quidam
1084 4226 1376 4281 monachus
1431 4224 1498 4281 ad
1553 4240 1741 4294 aquam
1794 4226 1921 4280 hau—

345 4323 603 4389 riendam,
646 4336 770 4377 eum
820 4319 924 4374 illic
973 4318 1174 4373 invenit
1213 4316 1476 4387 iacentem
1528 4316 1690 4384 linqni
1723 4316 1918 4370 animo.

351 4418 397 4471 Is
426 4428 604 4472 autem
653 4401 707 4469 id
750 4412 1075 4470 renuntiavit
1119 4425 1313 4479 magno
1360 4409 1564 4464 lsidoro
1613 4409 1926 4478 presbytero

349 4512 541 4567 Scetis.
569 4508 670 4575 Qui
696 4508 882 4562 abiens
909 4520 1028 4561 cum
1057 4505 1260 4572 aliquot
1283 4502 1422 4568 aliis,
1455 4517 1573 4555 eum
1603 4499 1836 4569 accepit,
1869 4507 1923 4553 et

2021 3344 2110 3405 tia,
2143 3350 2199 3397 et
2224 3352 2438 3409 propter
2484 3341 2778 3408 spiritalem
2828 3340 3129 3405 utilitatem,
3161 3339 3209 3392 ei
3240 3338 3368 3393 dicit
3397 3355 3409 3391 :
3442 3339 3593 3394 Abba

2020 3435 2233 3498 Macari,
2268 3434 2419 3489 valde
2462 3433 2686 3503 affligar.
2721 3431 2908 3500 Coegit
2932 3445 3053 3484 eum
3081 3429 3276 3483 Chrisd
3299 3445 3485 3484 servus
3514 3431 3593 3483 di-

2019 3542 2139 3581 cere
2166 3541 2379 3581 causam
2420 3536 2633 3595 propter
2665 3539 2822 3593 quam
2865 3523 3104 3576 molestia
3153 3521 3502 3576 afﬁciebatur.
3546 3522 3594 3577 ls

2020 3633 2149 3672 vero
2172 3619 2220 3673 ei
2249 3616 2404 3672 dicit:

2583 3685 2807 3741 CAPUT
2853 3682 3040 3738 XXIV.

2120 3777 2197 3832 De
2232 3778 2441 3848 Virgine
2467 3794 2577 3848 quia
2603 3778 2817 3846 faciebat
2843 3777 3185 3845 septingenta:
3215 3774 3487 3827 orationes.

2093 3869 2155 3929 In
2185 3870 2416 3938 quodam
2460 3870 2576 3924 vico
2622 3867 2825 3922 habitat
2861 3865 3101 3934 quaedam
3134 3864 3302 3935 virgo.
3327 3878 3445 3933 qua:
3498 3866 3595 3919 tri-

2021 3969 2278 4040 gesimum
2308 3978 2501 4018 annum
2545 3961 2653 4028 jam
2692 3964 2989 4013 exercetur.
3026 3956 3099 4012 De
3138 3970 3240 4025 qua
3275 3956 3422 4008 multi
3465 3954 3595 4009 mihi

2024 4064 2346 4119 narrarunt,
2399 4050 2538 4120 quod
2590 4057 2779 4117 przeter
2824 4044 3110 4100 Sabbatum
3161 4052 3218 4098 et
3269 4044 3595 4099 Dominicam

2023 4148 2170 4204 nullo
2220 4145 2335 4199 alio.
2373 4143 2458 4197 die
2498 4139 2763 4202 vescitur;
2804 4136 2899 4190 sed
2948 4142 3058 4189 toto
3103 4144 3343 4203 tempore
3382 4134 3597 4189 trahens

2025 4236 2416 4301 hebdomadas,
2451 4240 2507 4288 et
2549 4238 2666 4300 post
2693 4230 2925 4299 quinque
2966 4228 3083 4282 dies
3126 4225 3442 4293 comedens,
3475 4224 3598 4279 facit

2025 4328 2389 4398 septingentas
2418 4323 2706 4377 orationes.
2740 4320 2848 4373 Hoc
2891 4334 3007 4372 cum
3057 4318 3396 4383 didicissem,
3428 4317 3597 4385 meip-

2025 4433 2142 4473 sum
2171 4413 2476 4484 reprobavi,
2495 4412 2635 4481 quod
2668 4411 2749 4463 vir
2777 4417 2987 4463 creatus
3015 4407 3095 4459 his
3118 4406 3316 4460 viribus
3337 4408 3596 4475 corporis,

2027 4524 2135 4563 non
2168 4506 2430 4577 potuerim
2462 4503 2638 4556 facere
2670 4500 2785 4567 plus
2825 4513 2982 4565 quam
3013 4507 3275 4551 trecentas
3306 4495 3597 4549 orationes.

349 4602 466 4652 tulit
493 4600 545 4652 in
574 4596 876 4652 ecclesiam.
928 4594 1023 4649 Ille
1046 4608 1176 4648 vero
1205 4604 1344 4644 anno
1379 4597 1489 4643 toto
1533 4589 1832 4657 aegrotavit,
1864 4596 1917 4640 ut

2026 4600 2088 4655 Ei
2122 4597 2407 4667 respondet
2431 4603 2645 4649 sanctus
2671 4589 2943 4656 Macarius,
2969 4588 3150 4643 dicens
3177 4606 3189 4640 :
3218 4588 3597 4657 Sexagesimus

347 4693 434 4747 vix
466 4702 659 4758 corpus
689 4687 807 4756 ejus
846 4693 900 4740 et
926 4684 1101 4738 anima
1132 4680 1479 4736 convaluerit.
1511 4678 1660 4732 Tunc
1691 4676 1818 4731 dicit
1846 4677 1925 4733 illi

349 4792 572 4848 magnus
609 4774 807 4831 Christi
851 4772 1100 4828 sacerdos
1140 4769 1373 4826 Isidorus
1398 4785 1410 4820 :
1440 4768 1602 4821 Cessa
1652 4766 1925 4834 deinceps,

350 4875 517 4937 frater
544 4871 777 4941 Moyses,
830 4863 1156 4922 contendere
1202 4876 1321 4917 cum
1372 4859 1727 4922 daemonibus,
1771 4868 1824 4913 et
1862 4872 1928 4913 ne

353 4968 429 5023 sic
467 4965 545 5020 eis
584 4956 943 5023 insultaveris,
975 4963 1058 5011 est
1086 4954 1229 5009 enim
1258 4951 1446 5006 modus
1476 4964 1686 5019 quoque
1718 4948 1925 5002 fortitu-

358 5056 499 5110 (linis
527 5056 577 5107 in
607 5047 1010 5107 exercitatione.
1061 5045 1107 5098 Is
1133 5052 1310 5098 autem
1343 5043 1415 5095 illi
1447 5042 1575 5094 dicit
1603 5055 1618 5093 :
1649 5040 1761 5093 Non
1810 5052 1928 5092 ces-

356 5148 488 5202 sabo
520 5158 639 5199 cum
669 5143 747 5197 eis
777 5150 1029 5209 pugnare,
1060 5135 1230 5189 donec
1273 5131 1402 5185 mihi
1444 5131 1737 5185 cessaverit
1763 5128 1927 5196 phan-

358 5239 491 5295 tasia
521 5235 874 5291 somniorum.
906 5228 1057 5282 Tunc
1085 5227 1132 5281 ei
1161 5225 1289 5279 dicit
1319 5222 1514 5275 Christi
1542 5236 1726 5274 servus
1758 5218 1925 5272 lsido-

358 5346 449 5385 rus
480 5329 754 5397 presbyter
780 5341 794 5376 :
829 5323 885 5377 in
914 5318 1126 5374 nomine
1147 5312 1357 5371 Domini
1388 5310 1549 5367 nostri
1581 5310 1704 5365 Jesu
1731 5308 1929 5363 Christi

358 5423 425 5475 ab
456 5421 556 5473 hoc
587 5416 840 5484 temporis
883 5410 1110 5467 articulo
1154 5410 1439 5463 cessabunt
1484 5407 1659 5473 turpia
1708 5414 1795 5457 tua
1838 5416 1926 5455 so-

362 5514 507 5568 mnia
541 5528 554 5563 :
588 5510 727 5563 bono
768 5506 1025 5571 deinceps
1074 5511 1128 5556 et
1158 5499 1339 5553 fidenti
1369 5495 1546 5550 animo
1594 5493 1923 5548 communica

361 5600 708 5658 sacramentis
753 5596 892 5668 (56).
936 5594 1012 5649 Ne
1052 5592 1191 5647 enim
1236 5586 1573 5659 gloriareris,
1621 5584 1790 5651 utqui
1839 5592 1927 5636 tua

358 5693 735 5753 exercitatione
780 5688 1001 5743 vicisses
1047 5683 1404 5744 ali'ectionem,
1444 5678 1561 5732 ideo
1587 5676 1931 5730 vehementer

360 5788 411 5853 in
442 5794 493 5843 to
516 5798 665 5843 Suam
694 5780 935 5838 exercuit
980 5782 1318 5844 potestatem,
1346 5769 1409 5825 ad
1442 5775 1584 5825 tuam
1630 5768 1928 5829 utilitatem,

2030 4705 2201 4745 annus
2230 4688 2422 4756 agitur,
2462 4702 2529 4739 ex
2557 4699 2661 4754 quo
2700 4691 2912 4737 centum
2944 4681 3255 4734 constitutas
3302 4678 3435 4733 facio
3480 4692 3599 4733 ora-

2032 4783 2223 4845 tiones,
2256 4788 2310 4834 et
2336 4778 2581 4832 laborans
2607 4776 2848 4828 manibus
2878 4788 2937 4826 ea
2971 4784 3088 4841 qua:
3131 4778 3251 4824 sunt
3282 4768 3347 4822 ad
3376 4768 3599 4823 alimen-

2032 4884 2141 4929 tum
2174 4868 2499 4934 necessaria,
2537 4876 2591 4921 et
2637 4864 2886 4919 fratribus
2922 4862 3154 4916 debitum
3200 4858 3427 4913 reddens
3473 4873 3601 4912 con-

2032 4962 2357 5034 gressionis,
2404 4973 2501 5012 nec
2547 4969 2663 5011 mea
2702 4970 2785 5009 me
2809 4953 3011 5022 judicat
3056 4950 3191 5005 ratio
3241 4949 3379 5018 quod
3411 4948 3599 5003 fuerim

2031 5054 2321 5124 negligens.
2365 5050 2419 5104 Si
2462 5057 2515 5102 tu
2545 5056 2719 5100 autem
2758 5059 2877 5097 cum
2918 5050 3178 5097 trecentas
3207 5039 3366 5095 facias
3405 5038 3602 5093 oratio-

2032 5161 2155 5209 nes,
2196 5141 2455 5212 judicaris
2484 5154 2512 5190 a
2542 5135 2891 5199 conscientia,
2924 5142 3104 5202 aperte
3146 5132 3383 5183 ostendis
3417 5138 3465 5184 te
3496 5144 3601 5183 non

2033 5252 2161 5304 pure
2188 5248 2364 5295 orare,
2396 5230 2477 5286 vel
2518 5244 2673 5299 posse
2705 5227 2884 5297 plures
2914 5224 3181 5279 orationes
3227 5224 3399 5277 facere
3443 5236 3602 5291 quam

2031 5324 2213 5382 facias.

2588 5385 2811 5441 CAPUT
2857 5382 3023 5437 XXV.

2423 5479 2494 5534 De
2524 5476 2707 5534 Cronio
2742 5474 2853 5545 (Z9)
2885 5472 3195 5544 presbytero.

2101 5576 2331 5630 Cronius
2377 5572 2587 5642 quidam
2637 5569 2767 5624 mihi
2816 5567 3051 5621 narravit
3098 5564 3373 5633 presbyter
3420 5560 3604 5614 Nitrize

2033 5670 2247 5741 (Ilnﬂin.
2276 5710 2287 5732 ,
2322 5665 2359 5719 l.
2405 5680 2464 5731 tt,
2492 5679 2606 5731 cap.
2629 5660 2722 5728 25,
2756 5660 2818 5715 de
2846 5658 3032 5713 Cronio
3062 5654 3267 5709 Antonii
3291 5652 3600 5721 discipulo):

2034 5760 2167 5815 Cum
2198 5773 2389 5823 essem,
2416 5757 2603 5826 inquit,
2625 5753 2801 5823 jnnior
2827 5752 2893 5807 ab
2924 5749 3089 5814 initio,
3126 5756 3179 5803 et
3210 5756 3420 5817 propter
3440 5744 3603 5798 animi
