4020 6436
406 1641 443 1673 ⁸)

394 1686 456 1729 1'3

394 1738 453 1761 ..4⁸1

463 428 596 485 40⁵1

1932 413 2265 477 ΡΑιιιΑῡιι

3602 408 3734 464 1072

479 583 733 641 angorem
780 576 835 623 et
885 567 1148 622 tristitiam
1189 566 1424 635 fugerem
1473 578 1537 617 ex
1578 557 1905 615 monasterio
1952 555 2056 610 mei
2086 559 2137 618 Α
2162 559 2422 622 praetextu
2464 548 2602 603 bene
2647 543 2876 601 faciendi
2908 558 2991 597 me
3036 540 3308 619 acceperis
3350 537 3403 594 in
3426 544 3575 591 tuum
3608 536 3735 590 hos-

479 661 948 724 archimandritze,
995 673 1180 713 errans
1224 656 1439 724 perveni
1488 653 1554 706 ad
1604 662 1838 706 montem
1887 647 2057 702 sancti

481 756 717 811 Antonii.
747 754 977 808 Sedebat
1004 760 1178 804 autem
1212 751 1398 803 beatus
1437 746 1695 799 Antonius
1727 744 1865 795 inter
1889 740 2059 809 Baby-

482 848 659 901 lonem
694 845 806 916 (60)
836 852 891 898 et
940 842 1245 896 Heracleam
1296 840 1346 892 in
1378 846 1521 891 vasta
1571 835 1894 898 solitudine,
1940 846 2059 899 quae

482 936 588 991 fert
615 936 679 989 ad
712 950 856 989 mare
882 934 1141 995 Rubrum,
1171 932 1381 985 circiter
1430 929 1639 995 triginta
1685 924 1998 978 milliaribus
2029 936 2059 975 a

480 1026 666 1082 ﬂuvio.
695 1024 826 1079 Cum
849 1040 975 1092 ergo
996 1024 1263 1076 venissem
1282 1020 1345 1073 ad
1374 1020 1488 1087 ejus
1513 1016 1897 1071 monasterium
1922 1014 2060 1080 quod

486 1127 571 1173 est
616 1131 780 1186 prope
828 1114 1077 1175 fluvium,
1125 1113 1176 1164 in
1224 1123 1330 1179 quo
1359 1109 1616 1162 sedebant
1653 1106 1769 1173 ejus
1819 1102 2061 1169 discipuli

488 1206 745 1261 Macarius
772 1216 825 1259 et
853 1206 1069 1257 Amatas
1096 1202 1147 1254 in
1179 1215 1245 1254 eo
1271 1198 1359 1267 qui
1389 1198 1573 1265 Pisper
1600 1194 1894 1262 appellatur
1926 1195 2061 1257 loco,

484 1297 573 1368 qui
607 1310 726 1351 eum
757 1296 914 1349 etiam
944 1307 1067 1345 cum
1099 1290 1407 1344 dormiisset
1437 1286 1760 1355 sepelierunt
1788 1323 1804 1347 ,
1838 1294 2065 1349 exspec-

486 1389 593 1444 tavi
616 1388 845 1457 quinque
866 1385 1000 1447 dies,
1026 1393 1080 1437 ut
1102 1381 1442 1436 convenirem
1469 1386 1711 1431 sanctum
1750 1373 2063 1427 Antonium.

488 1480 772 1535 Dicebatur
796 1485 975 1531 autem
1008 1473 1265 1528 accedere
1294 1470 1360 1524 ad
1391 1470 1491 1524 hoc
1519 1466 1939 1529 monasterium,
1967 1462 2067 1516 ali-

394 1556 440 1632 i;
487 1569 701 1638 quando
723 1567 937 1637 quidem
966 1573 1082 1633 post
1103 1564 1285 1618 decem
1308 1560 1443 1624 dies,
1479 1556 1761 1627 aliquando
1792 1568 1918 1609 vero
1948 1557 2069 1622 post

483 1660 708 1729 viginti,
728 1656 1016 1727 aliquando
1046 1669 1171 1708 vero
1203 1661 1321 1721 post
1341 1650 1594 1721 quinque,
1625 1655 1784 1718 prout
1810 1642 2069 1713 expedie-

483 1753 576 1807 bat
603 1767 701 1822 pro
732 1749 989 1805 beneficio
1020 1759 1203 1799 eorum
1247 1743 1337 1811 qui
1371 1740 1652 1794 veniebant
1682 1738 1749 1791 ad
1792 1743 2070 1790 monaste-

482 1847 647 1900 rium.
673 1843 1107 1898 COnveneramus
1134 1850 1261 1903 ergo
1282 1832 1480 1887 diversi
1524 1831 1714 1884 fratres
1743 1827 1973 1882 diversis
2002 1824 2071 1879 de

2163 642 2427 712 pitiolum,
2448 651 2502 695 et
2532 648 2747 707 propter
2765 651 2850 691 me
2880 635 2955 689 vis
2981 648 3101 689 esse
3131 633 3329 685 salvus.
3360 627 3615 696 Eulogius
3640 642 3731 679 au-
3778 638 3779 653 π

2160 742 2267 785 tem
2297 745 2388 785 cor
2418 729 2533 797 ejus
2564 727 2814 792 leniebat,
2848 726 3032 778 dicens
3061 739 3077 777 :
3108 721 3205 785 Ne,
3238 719 3481 781 domine,
3505 732 3581 772 ne
3625 717 3733 770 haec

2160 822 2360 875 dixeris
2386 836 2400 884 ;
2432 818 2525 873 sed
2557 818 2703 871 dicas
2730 830 2959 884 quanam
3006 815 3059 867 in
3090 828 3148 866 re
3179 811 3270 865 tibi
3316 808 3503 864 fuerim
3543 806 3737 862 moles-

2162 919 2265 974 tus,
2297 920 2351 966 et
2379 924 2497 964 eam
2542 908 2830 976 corrigam.
2872 904 3087 959 liancus
3117 910 3293 956 autem
3341 898 3557 953 dicebat
3593 911 3737 951 arro-

2160 1012 2346 1071 ganter
2376 1017 2388 1051 :
2423 999 2536 1052 Non
2567 996 2683 1052 fero
2706 997 2802 1051 has
2830 995 3256 1057 assentationes;
3298 989 3445 1043 aufer
3469 1003 3557 1041 me
3587 987 3736 1049 hinc,

2162 1100 2216 1145 et
2246 1090 2446 1158 projice
2477 1089 2527 1141 in
2554 1087 2690 1150 foro,
2722 1098 2911 1140 recuso
2952 1092 3095 1136 tuam
3121 1080 3470 1135 curationem.
3514 1075 3738 1131 Dicebat

2162 1196 2338 1236 autem
2368 1181 2619 1248 Eulogius
2644 1195 2659 1232 :
2693 1179 2841 1247 Rogo
2869 1185 2940 1241 te,
2970 1184 3153 1244 patere
3182 1172 3257 1227 tui
3297 1186 3479 1227 curam
3507 1171 3663 1239 geri,
3690 1178 3740 1223 et

2164 1274 2249 1328 dic
2278 1274 2325 1327 si
2351 1271 2479 1341 quid
2519 1270 2592 1324 sit
2623 1269 2717 1323 tibi
2748 1282 2930 1337 grave,
2958 1266 3175 1320 domine
3205 1264 3297 1316 mi.
3335 1262 3607 1316 Mutilatus
3646 1274 3739 1312 au-

2167 1370 2272 1415 tem
2318 1360 2486 1429 magis
2531 1359 2804 1423 incensus,
2837 1357 2888 1411 ei
2930 1354 3179 1410 dicebat:
3209 1352 3321 1406 Non
3368 1366 3585 1421 possum
3630 1363 3740 1403 am-

2167 1454 2306 1523 plius
2335 1450 2478 1509 ferre
2509 1460 2649 1506 tuam
2671 1448 2953 1505 subdolam
2994 1454 3050 1501 et
3073 1445 3326 1500 ironicam
3359 1442 3739 1498 adulationem.

2166 1544 2282 1600 Non
2313 1544 2489 1613 placet
2518 1541 2647 1595 mihi
2678 1539 2792 1595 haec
2820 1541 2926 1593 vita
2956 1550 3115 1607 parca
3141 1544 3195 1590 et
3219 1532 3456 1597 sordida,
3489 1545 3593 1601 ego
3627 1529 3743 1585 volo

2170 1638 2313 1693 vesci
2359 1635 2633 1693 carnibus.
2677 1632 2893 1687 Patiens
2935 1638 3114 1684 autem
3160 1625 3408 1694 Eulogius
3446 1636 3642 1678 carnes
3679 1621 3741 1675 ad

2167 1746 2293 1787 eum
2316 1729 2517 1785 attulit.
2542 1726 2675 1783 Cum
2704 1740 2798 1782 eas
2824 1734 3001 1780 autem
3032 1722 3249 1777 vidisset
3276 1717 3560 1788 impatiens
3590 1733 3605 1771 :
3634 1714 3743 1769 Non

2168 1823 2299 1875 satis
2326 1830 2409 1875 est
2436 1818 2593 1885 mihi,
2621 1816 2814 1886 inquit,
2844 1823 3019 1871 tecum
3041 1827 3159 1869 esse
3186 1811 3377 1872 solum,
3408 1808 3597 1863 turbas
3628 1808 3739 1861 volo

733 1932 868 1985 inter
893 1942 1029 1997 quos
1056 1927 1152 1979 fuit
1191 1896 1361 1979 etiam‘
1385 1920 1638 1988 Eulogius
1676 1917 2067 1973 Alexandrinus
2100 1909 2146 1968 Β
2170 1926 2413 1967 cernere.
2461 1911 2523 1966 Ei
2572 1919 2752 1965 autem
2799 1906 2932 1963 dicit
2982 1903 3270 1974 Eulogius:
3301 1900 3411 1970 Ego
3438 1898 3509 1953 ad
3554 1907 3608 1953 te
3640 1896 3737 1967 jam

486 2021 805 2084 monachus,
851 2030 906 2074 et
948 2032 1068 2072 cum
1117 2031 1183 2070 eo
1236 2014 1371 2068 alius
1409 2011 1663 2067 membris
1706 2025 1947 2076 mancus,
1978 2006 2068 2079 qui

486 2114 701 2186 quidem
731 2120 945 2183 propter
986 2110 1143 2163 talem
1174 2120 1388 2161 causam
1436 2111 1801 2157 accesserunt.

1048 2219 1274 2277 CAPUT
1304 2215 1511 2285 ,XXVI.

489 2319 570 2377 De
596 2316 821 2391 Eulogio
841 2314 955 2391 (6i)
998 2312 1349 2369 Alexandrino
1390 2317 1441 2364 et
1467 2324 1528 2363 eo
1563 2307 1651 2378 qui
1687 2312 1795 2361 erat
1835 2302 2072 2357 membris

1161 2417 1393 2456 mancus.

620 2519 726 2576 Hic
819 2516 1081 2589 Eulogius
1192 2514 1292 2569 fuit
1335 2510 1737 2581 disciplinarum
1772 2505 2072 2562 liberalium

487 2615 837 2671 scholasticus
883 2608 1111 2684 (Pasch.
1135 2624 1185 2662 ο.
1233 2609 1320 2670 19,
1352 2622 1405 2659 n.
1436 2604 1518 2673 ὅ),
1547 2602 1637 2673 q'ui
1666 2599 1846 2655 divino
1889 2612 2075 2653 arnore

487 2706 786 2769 sauciatus,
820 2712 1035 2772 propter
1064 2699 1389 2754 desiderium
1421 2692 1839 2751 immortalitatis
1868 2706 2071 2745 renun-

488 2798 642 2853 tiavit
689 2793 1040 2855 tumultibus;
1085 2799 1139 2845 et
1183 2804 1303 2843 cum
1333 2800 1524 2840 omnes
1562 2798 1688 2840 suas
1731 2778 2076 2850 dispersisset

489 2888 791 2950 facultates,
837 2884 940 2937 sibi
982 2881 1197 2950 reliquit
1237 2892 1435 2948 paucos
1481 2889 1750 2941 nummos,
1796 2887 1915 2927 cum
1966 2884 2075 2924 non

487 2986 673 3052 posset
698 2974 927 3045 operari.
954 2973 1087 3029 Cum
1116 2988 1243 3042 ergo
1286 2986 1381 3040 per
1409 2985 1467 3024 se
1496 2976 1784 3037 angeretur
1812 2964 1992 3018 animo
2021 2970 2077 3017 et

488 3079 632 3127 esset
663 3069 849 3133 tristis,
883 3076 937 3122 et
979 3081 1147 3136 neque
1188 3063 1350 3118 vellet
1377 3077 1497 3116 cum
1525 3061 1643 3114 aliis
1672 3057 1948 3126 congredi,
1981 3068 2076 3107 ne-

493 3180 598 3233 que
640 3172 698 3217 ut
744 3161 890 3217 solus
926 3168 1067 3214 esset
1107 3159 1239 3212 satis
1283 3157 1383 3211 sibi
1438 3153 1820 3223 persuaderet,
1872 3148 2077 3203 invenit

2169 2003 2429 2059 adducam
2488 2000 2873 2057 monachorum
2932 1994 3373 2052 multitudinem.
3414 1990 3513 2044 Ille
3570 2000 3737 2043 autem

2171 2106 2358 2148 rursus
2387 2104 2531 2159 :egre
2559 2086 2739 2145 ferens
2762 2127 2778 2153 ,
2804 2086 2938 2142 dicit
2969 2102 2982 2138 :
3027 2083 3120 2139 Va
3163 2082 3293 2137 mihi
3318 2081 3519 2136 misero
3547 2094 3564 2135 :
3608 2087 3740 2132 tuum

2170 2190 2443 2250 aspectum
2475 2180 2618 2236 ferre
2645 2193 2750 2234 non
2775 2190 2986 2247 possunt
3011 2191 3026 2241 ;
3058 2181 3115 2229 et
3139 2182 3196 2227 tu
3223 2171 3291 2226 ad
3321 2184 3408 2225 me
3425 2167 3649 2223 adducis
3673 2164 3741 2220 tui

2171 2273 2399 2339 similes,
2439 2272 2527 2341 qui
2557 2285 2679 2326 cum
2707 2268 2821 2322 sint
2842 2265 3024 2329 otiosi,
3057 2261 3365 2319 comedunt.
3397 2256 3467 2314 Ei
3508 2253 3741 2313 insolenti

2173 2379 2304 2419 voce
2332 2363 2570 2432 seipsum
2600 2360 2828 2427 lanians,
2873 2354 3295 2421 vociferabatur,
3320 2351 3509 2407 dicens
3536 2366 3552 2403 :
3584 2346 3736 2413 Nolo,

2175 2456 2338 2520 nolo;
2367 2452 2419 2507 in
2451 2454 2623 2506 forum
2652 2448 2843 2504 deduci
2874 2446 3019 2501 volo.
3047 2444 3092 2500 0
3135 2440 3429 2498 violentia!
3468 2436 3641 2508 abjice
3663 2448 3739 2489 me

2175 2546 2263 2600 ubi
2300 2542 2576 2599 invenisti.
2609 2540 2738 2595 Dico
2766 2537 2908 2608 quod
2938 2536 2983 2591 si
3013 2533 3285 2589 habuisset
3312 2542 3523 2595 manus,
3560 2526 3611 2582 in
3638 2525 3735 2579 ani-

2177 2650 2320 2689 mum
2353 2633 2649 2687 induxisset
2670 2630 2754 2685 vel
2794 2644 2855 2684 se
2882 2625 3167 2692 sullocare,
3197 2622 3282 2679 vel
3326 2620 3428 2676 sibi
3463 2633 3593 2674 ense
3633 2629 3734 2671 ma-

2176 2741 2279 2781 nus
2323 2724 2544 2779 inferre.
2567 2722 2699 2777 Cum
2728 2720 2938 2776 dzemon
2975 2719 3065 2774 sic‘
3091 2730 3213 2772 eum
3249 2712 3545 2778 eﬂerasset,
3575 2718 3732 2778 postea

2178 2832 2238 2873 se
2260 2818 2471 2871 confert
2495 2815 2748 2885 Eulogius
2774 2812 2842 2867 ad
2873 2810 3195 2881 propinquos
3227 2805 3536 2871 monachos,
3558 2811 3609 2857 et
3626 2799 3732 2855 dicit

2178 2910 2257 2964 eis
2296 2927 2311 2964 :
2356 2909 2491 2975 Quid
2539 2906 2771 2960 faciam?
2817 2904 2883 2956 ad
2926 2900 3355 2970 desperationem
3406 2909 3494 2950 me
3538 2890 3729 2948 deduxit

2180 3000 2475 3055 mutilatus.
2504 2999 2694 3052 Dicunt
2722 2996 2770 3049 ei
2802 3009 2820 3049 :
2851 2988 3254 3060 Quamobrem?
3284 2986 3374 3042 llle
3397 2993 3608 3040 autem:
3634 2981 3723 3047 lle,

2179 3093 2389 3162 inquit,
2420 3090 2658 3159 graviter
2687 3086 2851 3141 afﬁcit
2879 3102 2894 3151 ;
2926 3098 3026 3139 nec
3065 3083 3178 3137 scio
3204 3079 3328 3149 quid
3368 3076 3573 3131 faciam.
3602 3071 3730 3141 Abji-

2179 3161 2314 3237 ciam
2345 3179 2560 3251 ipsum?
2591 3177 2686 3233 sed
2730 3176 2839 3231 Deo
2867 3174 2988 3229 dedi
3017 3173 3314 3233 dexteram,
3339 3175 3393 3223 et
3416 3166 3589 3221 timeo.
3624 3161 3728 3217 Non

489 3253 773 3322 quemdam
805 3264 1052 3343 “mw”?
1081 3263 1143 3303 ac
1172 3246 1476 3343 "mtuam."
1506 3246 1559 3299 in
1590 3243 1711 3343 to.”
1739 3241 2034 3343 Ψθδθῗωω
2054 3280 2071 3306 ’
2100 3271 2146 3332 C
2178 3241 2469 3343 abjiciani?
2498 3268 2591 3323 sed
2624 3282 2711 3322 me
2735 3266 2850 3321 dies
2876 3272 3165 3331 noctesque
3198 3261 3333 3316 male
3360 3257 3533 3316 habet.
3556 3253 3719 3309 Nescio

490 3346 581 3414 qui
611 3359 708 3400 nec
743 3358 932 3398 manus
960 3342 1189 3395 habebat
1234 3354 1331 3394 nec
1360 3338 1559 3407 pedes:
1604 3338 1653 3391 ei
1697 3338 1867 3391 solum
1898 3337 2075 3404 lingua

494 3446 827 3495 remanserat
857 3438 1063 3507 integra
1098 3436 1164 3490 ad
1206 3434 1585 3504 alluquendum
1624 3448 1718 3488 eos
1748 3433 1838 3501 qui
1880 3432 2079 3486 incide-

491 3528 640 3587 bant.
672 3527 923 3595 Eulogius
960 3536 1139 3581 autem
1166 3536 1346 3588 stans,
1377 3539 1503 3579 eum
1536 3523 1652 3577 ﬁxis
1683 3523 1919 3576 intuetur
1948 3538 2079 3575 ocuo

492 3619 582 3685 lis,
614 3632 663 3674 et
695 3619 859 3674 Deum
884 3626 1073 3688 rogat,
1100 3627 1155 3672 et
1175 3631 1294 3671 cum
1320 3616 1429 3671 Deo
1454 3614 1556 3669 hoc
1585 3615 1745 3669 modo
1770 3615 2075 3682 paciscitur,

492 3710 677 3766 dicens
708 3728 723 3766 :
758 3709 1006 3774 Domine,
1035 3715 1255 3778 propter
1284 3693 1655 3761 nomen'tuum
1698 3704 1901 3772 accipio
1938 3703 2080 3759 hunc

494 3802 824 3868 mutilatum,
859 3809 915 3856 et
956 3814 1079 3854 eum
1110 3814 1196 3853 me
1235 3806 1603 3853 recreaturum
1649 3808 1712 3850 ac
1753 3794 2077 3849 reiecturum

498 3894 740 3962 spondeo
770 3906 933 3961 usque
963 3891 1033 3945 ad
1062 3891 1245 3944 horam
1278 3889 1464 3944 mortis
1493 3889 1630 3957 ejus,
1654 3896 1714 3941 ut
1742 3902 1842 3956 ego
1872 3900 2082 3955 quoque

495 3999 596 4052 per
624 3998 745 4038 eum
772 3983 949 4038 salvus
983 3982 1127 4036 fiam.
1157 3981 1371 4051 Largire
1396 3994 1522 4049 ergo
1550 3979 1704 4048 mihi,
1726 3978 1959 4048 Christe,
1984 3992 2081 4046 pa-

494 4077 762 4140 tientiam,
786 4084 845 4130 ut
868 4075 1260 4131 eiinserviam.
1294 4074 1361 4128 Et
1387 4074 1452 4127 ad
1483 4087 1603 4130 eum
1634 4072 1926 4136 accedens,
1953 4070 2083 4125 dicit

496 4170 548 4224 ei
575 4186 590 4223 :
626 4169 715 4224 Vis
743 4183 842 4239 ego
871 4179 923 4222 te
949 4168 1108 4222 domo
1134 4167 1390 4235 accipiam
1411 4205 1426 4231 ,
1475 4174 1532 4219 et
1561 4173 1612 4218 te
1642 4177 1877 4218 recreem
1908 4176 1971 4216 ac
1997 4175 2083 4216 re-

496 4260 715 4314 ficiam?
742 4260 833 4314 Ille
862 4260 911 4313 ei
937 4258 1103 4313 dicit:
1136 4257 1347 4313 Utinam
1376 4254 1694 4324 dignareris,
1717 4254 1811 4307 sed
1840 4268 1941 4324 ego
1965 4267 2081 4307 sum

497 4351 768 4421 indignus.
802 4350 952 4405 Vado
981 4366 1130 4419 ergo,
1167 4348 1357 4418 inquit,
1388 4359 1441 4403 et
1472 4346 1730 4399 adducam
1758 4346 2003 4410 asinum,
2031 4354 2085 4399 et

496 4448 555 4496 te
585 4441 708 4494 hinc
747 4440 1004 4495 auferam.
1046 4439 1179 4494 Cum
1222 4453 1413 4507 magno
1436 4447 1612 4492 autem
1657 4435 1852 4504 gaudio
1885 4442 1966 4489 est
1993 4450 2083 4489 as-

499 4541 693 4585 sensus
739 4531 783 4584 is
828 4531 915 4598 qui
961 4540 1078 4583 erat
1122 4530 1415 4585 mutilatus.
1451 4530 1587 4584 Eum
1633 4546 1759 4600 ergo
1787 4528 2001 4583 sustulit
2029 4535 2085 4581 et

2180 3342 2305 3435 quid
2354 3362 2564 3417 faciam.
2618 3360 2677 3415 Ei
2724 3360 2908 3414 dicunt
2946 3355 3019 3410 illi
3068 3353 3353 3409 absolute:
3405 3350 3570 3404 Adhuc
3603 3342 3713 3435 vivit

2181 3432 2401 3523 magnus
2439 3452 2523 3505 ille
2556 3450 2655 3521 (sic
2681 3449 2827 3503 enim
2853 3446 3111 3501 vocabant
3141 3452 3381 3498 sanctum
3404 3432 3700 3511 Antonium),

2182 3545 2414 3600 ascende
2437 3543 2502 3597 ad
2527 3543 2723 3610 ipsum,
2749 3540 3042 3594 mutilatum
3075 3539 3354 3602 imponens
3378 3532 3423 3585 in
3442 3525 3687 3594 navigium;

2181 3649 2233 3692 et
2254 3637 2404 3693 defer
2428 3650 2551 3691 eum
2594 3636 2646 3689 in
2690 3632 3091 3695 monasterium,
3116 3637 3171 3683 et
3190 3632 3437 3696 exspecta
3454 3622 3592 3675 donec
3604 3628 3693 3668 ma-

2185 3746 2320 3801 gnus
2345 3727 2555 3783 venerit
2575 3741 2605 3781 e
2632 3725 2905 3793 spelunca,
2935 3730 2991 3776 et
3007 3721 3072 3775 ad
3096 3734 3218 3775 eum
3249 3716 3387 3771 refer
3406 3710 3642 3785 judicium,
3662 3710 3705 3758 et

2184 3796 2324 3891 quod
2370 3818 2465 3873 tibi
2511 3816 2743 3881 dixerit,
2787 3824 2868 3868 sta
2911 3813 3053 3867 illius
3094 3809 3388 3866 sententiae.
3436 3806 3565 3860 Deus
3603 3796 3718 3855 enim

2189 3888 2283 3968 tibi
2330 3912 2475 3967 dicet
2522 3925 2615 3979 per
2643 3910 2837 3978 ipsum.
2885 3903 3073 3959 Verbis
3123 3916 3308 3958 eorum
3356 3910 3552 3953 morem
3586 3888 3724 3962 gessit

2190 4003 2468 4071 Eulogius,
2498 4009 2553 4055 et
2583 3998 2827 4054 mutilato
2850 3994 3146 4060 blandiens,
3173 4006 3291 4047 cum
3315 4003 3436 4044 eum
3463 3983 3731 4041 immisisset

2186 4093 2240 4147 in
2265 4091 2511 4163 cymbam
2544 4088 2887 4159 pastoralem,
2920 4093 3079 4139 noctu
3107 4093 3352 4154 egressus
3392 4087 3472 4134 est
3500 4091 3563 4131 ex
3587 4072 3731 4133 urbe.

2184 4194 2240 4240 et
2270 4160 2389 4237 tnlit
2414 4196 2535 4237 eum
2559 4181 2613 4234 in
2638 4177 3023 4234 monasterium
3047 4172 3426 4242 discipulorum
3461 4165 3627 4236 magni
3649 4160 3739 4214 An-

2188 4274 2341 4329 tonii.
2372 4271 2580 4327 Accidit
2601 4276 2777 4323 autem
2809 4276 2866 4320 ut
2889 4266 2994 4319 alio
3029 4264 3116 4319 die
3159 4261 3367 4317 veniret
3398 4269 3614 4325 magnus
3640 4262 3743 4304 sero

2188 4379 2435 4435 vespere,
2466 4370 2525 4416 ut
2552 4360 2791 4415 narravit
2816 4357 3076 4421 Cronius,
3102 4354 3327 4408 amictus
3356 4346 3628 4418 chlamyde
3652 4339 3747 4411 pel-

2189 4457 2343 4511 licea.
2380 4457 2659 4524 Ingressus
2689 4458 2773 4511 est
2801 4463 2931 4517 ergo
2958 4449 3011 4500 in
3040 4460 3191 4500 suum
3221 4439 3620 4501 monasterium,
3648 4438 3749 4487 erat

2188 4555 2366 4600 autem
2414 4544 2531 4597 base
2571 4541 2688 4610 ejus
2730 4536 3086 4603 consuetudo,
3121 4543 3177 4587 ut
3213 4532 3573 4599 alloqueretur
3602 4524 3753 4578 Maca-

498 4620 733 4693 portavit
763 4619 814 4673 in
845 4634 997 4673 suum
1031 4619 1398 4688 hospitiolum,
1431 4621 1654 4691 ejusque
1697 4636 1878 4676 curam
1921 4620 2076 4691 gessit

2196 4639 2354 4699 rium,
2377 4643 2431 4689 et
2458 4648 2579 4687 eum
2613 4633 2957 4698 interrogaret
2986 4644 3001 4679 :
3037 4626 3222 4679 Frater
3250 4622 3461 4686 Macari,
3493 4620 3755 4672 venerunt-

498 4711 555 4767 in
583 4711 831 4765 omnibus
851 4710 1040 4779 quibus
1068 4724 1200 4779 Opus
1231 4710 1434 4765 habuit.
1462 4712 1739 4780 Perpetuis
1768 4727 1899 4781 ergo
1927 4711 2080 4781 quin-

500 4802 672 4857 decim
705 4803 881 4865 annis,
931 4801 975 4854 is
1031 4802 1120 4869 qui
1156 4812 1269 4855 erat
1300 4803 1569 4856 mutilatus
1616 4803 1873 4858 benevole
1919 4804 1987 4858 ab
2016 4818 2082 4858 eo

501 4894 792 4947 curabatur
818 4902 1065 4961 tanquam
1099 4901 1277 4959 pater,
1314 4901 1371 4946 ut
1405 4893 1492 4962 qui
1525 4893 1813 4959 lavaretur,
1858 4911 2082 4965 ungere-

501 4990 613 5047 tur,
664 4981 966 5048 foveretur,
1010 4990 1065 5036 et
1106 4989 1406 5050 portaretur
1456 4984 1701 5037 manibus
1743 4981 1987 5052 Eulogii,
2030 4991 2085 5037 et

503 5088 663 5141 supra
693 5088 844 5127 suam
875 5073 1185 5142 dignitatem
1236 5074 1450 5143 quidem
1488 5075 1866 5141 custodiretur,
1898 5074 2085 5127 morbo

505 5173 682 5217 autem
712 5164 1094 5216 convenienter
1124 5163 1449 5217 reficeretur.
1490 5163 1615 5219 Post
1654 5165 1954 5233 quindecim
1994 5180 2089 5217 au-

507 5265 614 5306 tem
661 5267 828 5306 annos
859 5252 1057 5305 invasit
1101 5252 1310 5306 daemon
1356 5267 1476 5307 eum
1508 5255 1595 5321 qui
1622 5262 1739 5306 erat
1789 5254 2083 5318 mutilatus,

428 5385 439 5397 κ
506 5343 693 5396 volens
740 5342 950 5409 privare
998 5340 1274 5409 Eulogium
1317 5342 1566 5395 mandato
1612 5353 1665 5396 et
1706 5342 2009 5410 proposito,
2036 5352 2092 5397 et

508 5435 810 5488 mutilatum
855 5449 885 5487 a
917 5432 1238 5500 refectione,
1268 5442 1323 5488 et
1362 5433 1457 5488 Dei
1508 5435 1793 5504 gratiarum
1844 5435 2085 5503 actione,

510 5525 934 5594 seditionemque
961 5525 1158 5579 excitat
1201 5524 1253 5579 in
1286 5525 1598 5594 Eulogium;
1648 5528 1934 5598 multisque
1962 5542 2085 5583 eum

512 5616 723 5683 probris
747 5617 907 5684 cmpit
937 5618 1164 5685 insequi,
1198 5619 1329 5671 adeo
1358 5628 1411 5670 ut
1438 5634 1558 5673 cum
1606 5620 1766 5676 etiam
1815 5627 2090 5689 appeteret

510 5707 827 5773 maledictis,
858 5706 1042 5762 dicens
1068 5706 1318 5777 deinceps
1351 5723 1364 5760 :
1400 5708 1499 5761 Abi
1542 5709 1689 5776 hinc,
1720 5711 1978 5765 scelerate
2008 5709 2089 5766 fu-

513 5796 680 5863 gitive
707 5798 838 5869 (62).
875 5800 1171 5856 Sutl'uratus
1199 5816 1258 5855 es
1285 5802 1487 5856 alienas
1531 5804 1805 5871 pecunias,
1829 5814 1881 5859 et
1911 5804 2085 5858 (hmi-

520 5902 641 5942 num
690 5885 961 5960 spoliasti;
993 5901 1045 5945 et
1090 5905 1210 5946 meo
1261 5902 1517 5960 prmtextu
1561 5896 1637 5950 vis
1666 5895 1851 5959 latere,
1894 5906 1948 5951 ut
1999 5896 2089 5967 qui

2192 4744 2259 4783 ne
2309 4729 2411 4781 huc
2457 4723 2658 4794 aliqui’
2703 4720 3082 4789 Respondebat
3126 4714 3434 4772 Macarius:
3480 4712 3755 4765 Venerunt.

2194 4822 2419 4877 Dicebat
2446 4827 2623 4872 autem
2657 4828 2880 4884 magnus
2910 4828 2923 4863 :
2948 4811 3152 4865 Suntne
3180 4804 3442 4876 IEgyptii,
3474 4818 3541 4857 an
3564 4800 3759 4856 Jeroso-

2191 4910 2468 4985 lymitani?
2496 4907 2727 4962 Dederat
2749 4914 2922 4957 autem
2956 4913 3176 4971 magnus
3202 4899 3252 4954 ei
3286 4898 3519 4964 signum,
3552 4893 3757 4947 dicens:

2192 4976 2322 5059 (ium
2352 4998 2551 5056 videris
2575 4995 2787 5051 venisse
2812 4994 3021 5061 aliquos
3042 4989 3233 5059 quibus
3250 4995 3333 5043 est
3357 4986 3530 5039 minus
3554 4976 3761 5051 negotii,

2195 5095 2283 5149 dic
2310 5112 2323 5145 :
2356 5090 2568 5148 Adsunt
2592 5083 2850 5156 Egyptii.
2886 5082 3109 5150 Quando
3139 5090 3313 5134 autem
3343 5076 3537 5131 videris
3568 5071 3762 5128 venisse

2196 5188 2402 5256 aliquos
2444 5183 2805 5252 religiosiores
2840 5189 2895 5233 et
2933 5178 3090 5247 paulo
3118 5172 3564 5231 consideratiores
3587 5211 3602 5235 ,
3650 5165 3760 5220 dic:

2200 5278 2336 5334 Sunt
2353 5270 2809 5341 Jernsolymitani.
2830 5269 3211 5336 Rogabatergo
3236 5276 3460 5330 magnus
3486 5276 3581 5330 pro
3610 5272 3762 5317 more,

2204 5370 2392 5424 dicens
2418 5364 2565 5418 fratri
2591 5362 2818 5417 Macario
2845 5379 2857 5414 :
2883 5361 3019 5417 Sunt
3041 5357 3273 5428 [Egyptii
3297 5355 3508 5421 fratres,
3537 5368 3601 5406 an
3630 5351 3766 5405 Jero-

2200 5456 2508 5530 solymitani
2532 5455 2555 5508 ?
2584 5452 2892 5523 Respondet
2922 5449 3204 5515 Macarius,
3233 5447 3416 5501 dicens
3444 5463 3457 5497 :
3503 5444 3600 5498 Est
3643 5442 3766 5495 mir-

2195 5527 2334 5605 tura.
2369 5545 2591 5613 Quando
2616 5558 2745 5613 ergo
2772 5541 2979 5597 dicebat
3002 5537 3262 5594 Macarius
3295 5554 3308 5593 :
3342 5536 3478 5592 Sunt
3506 5527 3763 5602 Egyptii,

2195 5638 2407 5695 dicebat
2440 5635 2489 5689 ei
2523 5648 2748 5703 magnus
2783 5649 2797 5685 :
2831 5632 2966 5686 Para
2996 5630 3075 5685 eis
3099 5629 3321 5693 lentem,
3350 5634 3406 5681 et
3445 5626 3508 5680 da
3538 5625 3617 5679 eis
3641 5614 3762 5691 quod

2193 5728 2496 5784 comedam.
2528 5723 2596 5777 Et
2620 5721 2850 5777 faciebat
2935 5724 3017 5780 eis
3089 5738 3255 5778 unam
3292 5716 3652 5791 (orationem,
3721 5716 3767 5761 et

2194 5819 2489 5877 dimittebat
2511 5829 2626 5870 eos.
2648 5814 2871 5883 Quando
2892 5821 3067 5869 autem
3091 5811 3337 5865 dicebat:
3364 5810 3495 5867 Sunt
3511 5800 3765 5869 Jerosoly-

2198 5915 2406 5974 mitani.
2438 5910 2657 5970 sedebat
2684 5924 2779 5974 per
2812 5918 2973 5967 totam
3022 5916 3261 5973 noctem,
3301 5914 3355 5961 et
3379 5920 3455 5960 eis
3486 5898 3684 5959 dicebat
3712 5904 3763 5945 ea
