4020 6432
288 411 388 479 10⁸7
394 415 428 479 3
1522 419 1889 484 HISTORIA
1923 416 2316 480 LAUSIACA.
3422 401 3559 469 1074

289 524 443 593 ἕζετο
478 526 535 582 δὲ
566 528 595 582 6
636 529 907 602 μακάριος
945 523 1101 597 οὗτος
1151 531 1358 604 μεταξὺ
1406 533 1728 596 Βαϐυλῶνος
1777 531 1872 586 xal
1897 530 1950 592 Α
1977 531 2052 603 μὴ
2080 532 2210 600 λέγε
2240 527 2487 584 τοιαῦτα.
2537 525 2676 582 Ἀλλ’
2707 524 2829 580 είπέ
2852 521 2907 577 τί
2928 541 2983 576 σε
3004 522 3275 593 ἐλύπησα,
3296 519 3391 573 καὶ
3412 519 3561 588 διορ-

302 615 631 685 Ἡρακλείας
671 619 751 681 είς
778 618 881 688 τὴν
902 620 1220 691 πανέρημον
1249 621 1348 689 τὴν
1402 621 1677 691 φέρουσαν
1729 619 1872 673 κατά
1975 619 2197 689 θοῦμαι.
2244 619 2301 671 '0
2330 617 2386 670 δὲ
2419 617 2539 680 ὅλος
2591 613 2967 683 λελωϐημένος
3008 610 3194 677 ἔλεγεν
3243 605 3555 678 ἐμϐριθῶς⁶

292 704 389 773 τὴν
432 703 698 778 Ἐρυθρὰν
732 706 1006 763 θάλασσαν
1052 710 1127 773 ὡς
1156 711 1265 763 ἀπὸ
1310 710 1605 780 τριάκοντα
1631 709 1873 780 σημείων
1976 707 2049 757 Οὐ
2077 704 2215 756 θέλω
2234 720 2326 756 σου
2359 702 2565 766 ταύτας
2598 700 2695 764 τὰς
2722 698 3034 759 κολακείας·
3076 696 3370 761 ἀπένεγκε,
3405 692 3558 763 mm

292 791 386 844 τοῦ
418 793 683 863 ποταμοῦ.
719 795 994 859 Ἐλθόντος
1013 793 1106 850 οὖν
1132 797 1297 851 αὐτοῦ
1316 800 1397 861 εἰς
1420 798 1481 850 τὸ
1509 798 1875 867 μοναστήριον
1980 809 2047 862 με
2079 793 2136 844 ὲν
2166 794 2230 862 τῇ
2264 792 2439 862 ἀγορᾷ
2470 788 2623 860 παρά
2652 786 2750 857 τὴν
2784 785 2924 856 ἐμὴν
2969 782 3195 854 πρώτην
3229 781 3556 835 ἀνάπαυσιν.

294 879 359 930 τὸ
393 879 541 949 παρά
567 881 657 933 τὸν
676 882 941 951 ποταμὸν,
976 883 1107 937 ἔνθα
1135 885 1182 936 οἱ
1217 884 1407 937 τούτου
1436 884 1675 955 μαθηταὶ
1708 883 1875 935 ἐκαθ-
1990 877 2048 933 '0
2063 877 2409 946 δέΕύλόγιος·
2427 873 2737 947 Παρακαλῶ
2754 869 3239 941 σε,θεραπεύθητι,
3257 867 3558 937 είτιλυπῇ,

300 965 480 1030 έζοντο
507 969 586 1029 εἰς
613 967 981 1038 τὸλεγόμενον
1011 970 1236 1040 Πίσπιρ,
1262 971 1542 1039 Μακάριος
1570 970 1664 1022 καὶ
1701 968 1873 1038 ’Λμά-
1978 966 2106 1037 κῦρι
2130 970 2157 1019 6
2191 965 2386 1035 μέγας.
2439 964 2497 1015 '0
2524 963 2579 1015 δὲ
2637 960 3013 1029 λελωϐημένος
3064 956 3364 1025 ἀγριαίνων
3406 955 3562 1027 θυμῷ

297 1070 418 1118 τας,
450 1056 497 1107 οἳ
527 1057 621 1107 καὶ
659 1056 866 1125 ἐθαψαν
911 1056 1004 1109 τὸν
1060 1058 1327 1127 μακάριον
1371 1057 1655 1110 ’Λντώνιον
1676 1073 1877 1126 κοιμη-
1978 1053 2115 1122 πρὸς
2144 1051 2307 1104 αὑτὸν
2337 1050 2539 1118 ἐλεγεψ
2567 1047 2765 1100 Οὐκέτι
2793 1046 3056 1116 ἀνέχομαι
3079 1043 3182 1112 τῆς
3204 1040 3439 1095 ὑπούλου
3467 1057 3561 1093 σου

1980 1141 2073 1193 καὶ
2119 1138 2407 1210 είρωνικῆς
2465 1135 2779 1198 κολακείας.
2836 1134 2952 1187 Οὐκ
3010 1131 3414 1202 ἀρέσκομαιτῇ
3448 1126 3561 1198 ζωῇ

1979 1224 2153 1298 ταύτῃ
2194 1226 2259 1295 τῇ
2307 1222 2737 1294 τεταριχευμένῃ
2779 1221 2873 1275 καὶ
2929 1219 3195 1289 φειδωλῷ.
3253 1216 3394 1285 Ἐγὼ
3426 1217 3564 1286 κρέα

1982 1315 2121 1372 θέλω
2143 1314 2365 1370 ἐσθίειν.
2400 1312 2459 1366 '0
2506 1310 2564 1364 δὲ
2616 1310 2972 1383 μακρόθυμος
3027 1308 3286 1376 Εὐλόγιος
3333 1308 3567 1377 ἤνεγκεν

1980 1402 2132 1474 αὑτῷ
2154 1401 2313 1473 κρέα.
2351 1398 2498 1454 Ἰδὼν
2516 1397 2573 1451 δὲ
2601 1397 2741 1452 αὑτὰ
2770 1396 2957 1463 πάλιν,
2979 1395 3276 1465 ἀνακράζει
3305 1397 3333 1448 6
3356 1395 3565 1447 δυσπα-

1982 1492 2101 1563 θής*
2132 1491 2206 1544 υύ
2224 1478 2840 1559 πληροφοροῦμαιεῐναι
2873 1483 3013 1555 μετὰ
3041 1482 3138 1536 σοῦ
3175 1481 3567 1554 μόνου,δχλους

1984 1578 2124 1633 θέλω
2177 1574 2417 1647 βλέπειν.
2486 1574 2654 1642 Λέγει
2688 1572 2837 1644 αὑτῷ
2869 1575 2899 1626 6
2936 1572 3194 1641 Εὑλόγιος
3219 1588 3234 1604 ο
3283 1569 3426 1640 Ἐγὼ
3484 1586 3566 1622 σοι

1984 1665 2139 1737 φέρω
2171 1665 2297 1735 ἀρτι
2327 1661 2532 1732 πλῆθος
2563 1660 2828 1731 ἀδελφῶν.
2871 1660 2930 1713 '0
2956 1659 3014 1713 δέ
3060 1658 3222 1713 πάλιν
3258 1656 3568 1712 ἀποδυσπεο

1983 1753 2092 1808 τῶν
2115 1752 2298 1821 λέγει’
2330 1751 2466 1805 Οὐαί
2499 1766 2589 1820 μοι
2616 1748 2693 1820 τῷ
2712 1746 3068 1818 ταλαιπώρῳ,
3098 1746 3198 1816 τὴν
3228 1744 3326 1816 σὴν
3351 1745 3474 1811 ὄψιν
3505 1742 3566 1797 οὑ

1917 1870 1962 1926 Β
1986 1838 2127 1893 θέλω
2161 1838 2313 1905 ἰδεῖν,
2354 1837 2448 1889 καὶ
2473 1836 2626 1904 ἀγεις
2656 1851 2746 1905 μοι
2776 1834 2904 1897 τοὺς
2937 1832 3159 1926 ὁμοίους
3197 1848 3300 1926 σου
3322 1830 3570 1926 ἀργοφά-

1988 1942 2149 1994 γους;
2188 1926 2297 1979 Kal
2322 1923 2609 1995 σπαράξας
2639 1922 2855 1988 ἐαυτὸν,
2907 1919 3131 1989 ἀτάκτῳ
3156 1921 3305 1989 φωνῇ
3337 1918 3571 1989 ἀνέκραο

470 2016 615 2087 Περὶ
652 2019 977 2090 Εὐλογίου,
1009 2018 1108 2073 καί
1134 2019 1242 2073 τοῦ
1268 2016 1715 2089 λελωϐημένου.
1989 2016 2101 2084 ξεν,
2133 2014 2329 2083 λέγων’
2360 2015 2436 2068 Ού
2469 2012 2629 2079 θέλω,
2661 2011 2722 2064 οὑ
2748 2010 2910 2075 θέλω,
2936 2010 3017 2073 είς
3052 2010 3152 2079 τὴν
3180 2007 3384 2078 ἀγοράν
3410 2006 3569 2062 θέλω.

370 2097 542 2169 οὗτος
576 2108 605 2159 6
636 2106 899 2175 Εύλόγιος
950 2107 1307 2178 σχολαστικὸς
1366 2108 1613 2178 ὑπῆρχεν
1659 2109 1723 2161 ἐκ
1774 2107 1893 2200 ’τῶνΙ
1975 2105 2054 2200 ,Ὢ
2084 2103 2207 2175 βίαι
2238 2102 2395 2172 ρίψον
2450 2119 2517 2173 με
2551 2102 2687 2154 ὃπου
2821 2092 3004 2200 εὗρες.
3036 2099 3195 2200 Λέγω
3226 2097 3309 2200 δτι
3333 2099 3392 2200 εί
3426 2092 3571 2200 ¹εἶχεν

298 2192 607 2261 ἐγκυκλίων
636 2194 1043 2264 παιδευμάτων,
1072 2194 1131 2257 ὃς
1156 2195 1320 2265 ἐρωτι
1348 2194 1480 2265 θείῳ
1514 2194 1740 2266 πληγεὶς
1761 2178 1892 2277 tau:
1970 2178 2200 2311 ἕχεῖρας,
2225 2191 2288 2243 οὑ
2324 2191 2620 2263 παρῃτεῖτο
2652 2190 2744 2241 καὶ
2771 2188 2979 2259 ἀγχόνῃ
3008 2186 3338 2258 χρήσασθαι,
3364 2185 3399 2256 ἢ
3427 2182 3571 2253 ξίφει

299 2280 469 2311 ιι....ι..
496 2279 795 2311 λιιι-..-ριηρ
824 2280 1133 2311 πυρήια-..λ
1153 2281 1526 2311 -.τ...ιι,.,..ια,-...
1575 2281 1678 2311 ιιηι
1706 2281 1881 2311 ηιμ-..
1991 2280 2181 2311 ειη-...λυ
2241 2276 2583 2311 νειιιτηηηηηο
2674 2274 2861 2311 m'mm-
2923 2274 3085 2311 ηίιφλυ
3158 2270 3253 2311 τοῦ
3320 2270 3571 2311 ﬂaturum:

299 2280 472 2351 θυμία
495 2279 795 2342 ἀθανασίας
823 2280 1133 2343 ἀπετάξατο
1153 2281 1262 2333 τῶν
1282 2281 1549 2350 θορύϐων.
1575 2281 1683 2334 Kal
1706 2270 1887 2333 πάντα
1970 2270 2181 2337 ξέαυτὺν
2241 2276 2610 2349 χειρίσασθαι.
2674 2274 2861 2337 Οὕτως
2923 2274 3085 2327 αὑτὸν
3158 2270 3253 2325 τοῦ
3320 2270 3574 2340 δαίμονος

298 2365 697 2436 διασκορπίσας
721 2366 792 2419 τὰ
812 2367 1125 2436 ὑπάρχοντα
1166 2368 1458 2419 κατέλιπεν
1481 2368 1656 2436 ἐαυτῷ
1679 2367 1888 2437 βραχέα
1971 2366 2427 2438 ίέξαγριώσαντος
2454 2405 2469 2429 ,
2508 2366 2645 2435 μετά
2685 2364 2859 2417 ταῦτα
2913 2363 3214 2433 ἀπέρχεται
3242 2363 3270 2414 6
3314 2360 3573 2438 Εύλόγιος

299 2451 639 2524 νομίσματα,
669 2452 999 2525 ἐργάζεσθαι
1031 2454 1105 2524 μὴ
1139 2453 1456 2524 δυνάμενος.
1502 2454 1764 2523 ’Λκηδιῶν
1793 2451 1887 2507 οὖν
1971 2437 2278 2527 ,πρὸςτοὺς
2303 2457 2369 2507 ἐκ
2394 2454 2652 2522 γειτόνων
2686 2450 2851 2506 αὑτοῦ
2891 2450 3158 2520 ἀσκητάς,
3186 2448 3280 2501 καὶ
3308 2446 3458 2515 λέγει
3474 2437 3575 2500 0:6-

300 2500 658 2606 κσίθίξυτδᾷ,
690 2500 785 2593 υἷοῖι
811 2500 950 2612 μήτε
985 2500 1069 2603 είς
1093 2500 1339 2593 συνοδίάν
1366 2500 1686 2610 βάυλόμενος
1711 2540 1887 2593 είσελ-
1971 2500 2139 2655 ἷτύῖς”
2194 2500 2276 2594 Τί
2295 2500 2527 2611 ποιήσω,
2559 2541 2643 2592 ὅτι
2694 2541 2774 2602 είς
2825 2500 3168 2606 ἀπελπίσμδν
3209 2500 3415 2607 ἤγαγέν
3452 2551 3517 2605 με
3546 2535 3576 2587 6

301 2628 417 2655 αρτ..
476 2629 610 2655 με.--
650 2628 705 2655 xx
759 2629 920 2655 ηιμ.--
963 2626 1476 2655 ..ει-...ηηηητηηηη
1560 2622 1717 2655 -1.-x..
1765 2644 1884 2655 -.....
1991 2628 2369 2655 ~.-\..£-..1....-
2407 2623 2594 2655 λῖν.-.
2643 2626 2899 2655 Alam.-.“
2933 2624 3109 2655 ...ιι-,γη
3142 2626 3233 2655 Aul.
3270 2622 3352 2655 οἵ.
3394 2623 3453 2655 'n
3492 2624 3573 2655 κιο

301 2628 439 2693 θεῖν,
473 2629 615 2697 μήτε
649 2628 707 2680 δὲ
756 2629 920 2690 μόνος
962 2626 1499 2699 πληροφορούμενος,
1559 2622 1717 2697 εὑρέν
1765 2644 1889 2679 τινα
1972 2622 2369 2699 ξλελωϐημένος
2406 2623 2597 2692 οὑτος;
2633 2626 2899 2695 Λέγουσιν
2930 2624 3109 2694 αὐτῷ’
3136 2626 3236 2677 Διά
3270 2622 3355 2688 τί;
3394 2623 3453 2676 '0
3491 2624 3573 2677 δέ’

298 2715 407 2768 ἀνά
434 2714 535 2785 τὴν
568 2715 1163 2787 ἀγοράντέρῤιμμένω
1210 2714 1609 2784 λελωϐημένον,
1661 2714 1719 2778 ὃς
1764 2714 1888 2767 οὒτε
1977 2707 2153 2792 ’,Δεινά
2184 2733 2274 2786 μοι
2307 2716 2627 2779 διατίθεται,
2664 2716 2758 2767 καὶ
2790 2713 2844 2765 τί
2872 2715 3087 2785 ποιήσω
3108 2712 3207 2765 οὑκ
3233 2709 3369 2765 οἶδα.
3408 2711 3579 2781 Ῥίψω

300 1140 480 1206 θέντα,
532 1141 859 1214 ἐξεδεξάμην
912 1144 1125 1215 ἡμέρας
1155 1145 1341 1210 πέντε,
1369 1144 1455 1197 ἵνα
1506 1143 1753 1213 συντύχω
1798 1142 1879 1213 τῷ

298 1227 441 1299 ἁγίῳ
473 1231 760 1300 Ἀντωνίῳ.
815 1230 1061 1297 Ἐλέγετο
1096 1231 1153 1284 δέ
1205 1232 1576 1302 παραϐάλλειν
1602 1232 1765 1284 αὑτὸν
1799 1230 1879 1301 τῷ

301 1318 653 1389 μοναστηρίῳ
693 1317 873 1388 τούτῳ
895 1360 912 1385 ,
962 1320 1093 1373 ποτὲ
1126 1319 1223 1390 μὲν
1257 1320 1346 1373 διὰ
1373 1319 1526 1385 δέκα,
1554 1320 1684 1373 ποτέ
1710 1318 1767 1371 δέ
1790 1319 1881 1372 διὰ

297 1406 494 1470 είκοσι,
524 1405 656 1458 ποτέ
701 1406 759 1459 δὲ
811 1406 900 1459 διὰ
929 1406 1093 1459 πέντε
1140 1407 1384 1477 ήμερῶν,
1418 1405 1603 1469 καθὼς
1656 1406 1819 1460 αὑτὸν
1851 1405 1881 1458 6

295 1490 434 1554 Θεὸς
453 1485 587 1561 ἦγεν
608 1490 703 1544 ἐπὶ
728 1490 1016 1565 εὐεργεσίᾳ
1038 1492 1146 1546 τῶν
1171 1493 1697 1564 παρατυγχανόντων
1723 1492 1782 1547 ὲν
1803 1491 1882 1564 τῷ

300 1578 673 1649 μοναστηρίῳ.
711 1579 970 1651 Διάφοροι
1008 1575 1101 1634 οὖν
1133 1580 1480 1651 συνήχθημεν
1521 1580 1742 1650 ἀδελφοὶ
1770 1580 1885 1634 δια-

299 1664 499 1735 φόρους
518 1666 734 1734 έχοντες
765 1666 978 1737 χρείας,
1013 1668 1072 1721 ἐν
1098 1662 1179 1731 οἷς
1203 1668 1300 1721 καὶ
1327 1667 1586 1735 Εύλόγιός
1616 1683 1701 1730 τις
1725 1666 1882 1720 Ἀλε-

302 1750 561 1822 ξανδρεὺς
596 1752 870 1822 μονάζων,
896 1754 991 1807 καὶ
1023 1756 1139 1824 μετ’
1184 1754 1351 1808 αὑτοῦ
1380 1756 1539 1817 ἄλλος
1564 1753 1882 1825 λελωϐημέ-

300 1855 391 1904 νος
410 1854 425 1871 ·
455 1840 653 1905 οἵτινες
682 1842 1048 1914 παρεγένοντο
1079 1843 1149 1896 δι’
1188 1842 1370 1896 αἰτίαν
1396 1844 1630 1898 τοιάνδε.

842 1931 1098 1985 ΚΕΦΛΛ.
1133 1933 1278 1999 Kq'.

300 2805 492 2872 χεῖρας
524 2795 693 2872 εἶχεν,
740 2800 866 2855 οὑτε
919 2802 1106 2865 πόδας.
1146 2801 1333 2874 Τούτῳ
1384 2805 1520 2873 μόνη
1581 2805 1615 2872 ή
1673 2803 1891 2871 γλῶττα

302 2889 551 2960 ὑπῆρχεν
572 2890 980 2961 ἀκατάτριπτος
1007 2892 1143 2962 πρὸς
1162 2893 1449 2962 συμφορὰν
1474 2890 1582 2943 τῶν
1608 2884 1897 2961 παρατυγέ

299 2977 598 3048 χανόντων.
633 2976 692 3032 '0
720 2978 779 3030 δέ
810 2978 1068 3048 Εύλόγιος
1098 2980 1228 3041 στὰς
1256 2978 1554 3042 ὲνατενίζει
1591 2978 1764 3048 αὑτῷ,
1801 2983 1904 3032 καὶ·

304 3064 670 3135 προσεύχεται
696 3064 775 3135 τῷ
804 3065 945 3135 Θεῷ,
982 3068 1077 3119 καὶ
1102 3065 1310 3119 τίθεται
1336 3066 1603 3136 διαθήκην
1638 3067 1778 3136 μετά
1801 3066 1891 3118 τού

1985 2808 2176 2873 αὑτὸν,
2198 2806 2335 2860 ἀλλά
2363 2805 2440 2875 τῷ
2469 2803 2587 2875 Θεῷ
2614 2803 2793 2867 δεξιάς
2821 2802 3016 2868 ἔδωκα,
3042 2802 3138 2855 καὶ
3159 2800 3453 2871 φοϐοῦμαι.
3484 2800 3579 2869 Μὴ

1997 2896 2138 2966 ῥίψω
2176 2893 2336 2946 αὐτόν
2358 2908 2371 2923 ⁸
2397 2892 2535 2945 ἀλλά
2559 2892 2737 2954 κακὰς
2769 2892 2986 2962 ήμέρας
3019 2907 3111 2961 μοι
3145 2891 3239 2943 καὶ
3271 2888 3472 2952 νύκτας
3500 2888 3580 2940 δί-

1994 2984 2177 3037 δωσιν.
2204 2983 2317 3036 Οὐκ
2346 2979 2467 3035 οἶδα
2499 2981 2553 3034 τί
2600 2980 2751 3051 αύτῷ
2810 2981 3047 3051 ποιήσω.
3103 2979 3371 3047 Λέγουσιν
3429 2977 3580 3047 αὑτῷ

1997 3073 2216 3137 ἐκεῖνοι,
2267 3070 2341 3133 ὼς
2383 3070 2464 3122 ἔτι
2518 3070 2583 3140 ζῇ
2610 3072 2638 3124 ό
2690 3070 2865 3140 μέγας
2898 3068 3062 3139 (οὑτω
3094 3069 3201 3136 γὰρ
3231 3066 3461 3143 ἐκάλουν
3489 3068 3581 3119 τὸν

304 3149 467 3219 Θεοῦ,
500 3151 691 3217 εἰπὼν,
715 3151 798 3205 ὅτι
844 3152 1036 3223 Κύριε,
1063 3155 1155 3206 ἐπὶ
1176 3152 1254 3223 τῷ
1282 3154 1359 3223 σῷ
1384 3154 1608 3224 ὀνόματι
1633 3153 1895 3224 λαμϐάνω
1923 3204 1962 3229 η
1998 3161 2152 3229 ἅγιον
2198 3157 2501 3229 Ἄντώνιον)
2524 3198 2539 3224 ,
2563 3157 2751 3212 ἄνελθε
2785 3156 2923 3228 πρὸς
2950 3155 3134 3220 αὑτὸν,
3168 3154 3346 3225 βαλὼν
3371 3156 3460 3208 τὸν
3490 3154 3582 3207 λε-

304 3240 499 3293 τούτον
527 3241 618 3293 τὸν
646 3239 1047 3311 λελωϐημένον,
1090 3241 1187 3296 καὶ⁵
1213 3242 1530 3295 διαναπαύω
1582 3244 1746 3296 αὑτὸν
1788 3242 1894 3305 ἓως

307 3327 525 3401 ἡμέρας
577 3327 811 3382 θανάτου
844 3327 1031 3394 αὑτοῦ,
1068 3329 1153 3382 ἴνα
1181 3328 1337 3398 κάγὼ
1360 3329 1448 3383 διὰ
1476 3330 1667 3382 τούτου
1715 3329 1894 3383 σωθῶ.

310 3415 548 3486 Χάρισαί
576 3432 668 3486 μοι
698 3411 812 3481 οὑν,
837 3417 1060 3486 Χριστέ,
1090 3416 1188 3487 τὴν
1210 3416 1487 3487 ὑπομονὴν
1510 3420 1608 3487 τῆς
1633 3420 1713 3480 είς
1734 3416 1898 3471 αὑτὸν

312 3503 641 3575 ὑπηρεσίας.
696 3506 803 3557 Kal
848 3503 1165 3574 προσελθὼν
1218 3504 1295 3573 τῷ
1326 3504 1711 3575 λελωϐημένῳ,
1746 3505 1899 3572 λέγει

312 3594 497 3664 αύτῷ·
527 3593 737 3657 Θέλεις,
766 3596 797 3648 6
843 3595 1039 3665 μέγας,
1072 3594 1334 3662 λαμϐάνω
1378 3610 1437 3646 σε
1472 3596 1553 3657 είς
1579 3594 1676 3664 τὴν
1720 3596 1901 3647 οἰκίαν

314 3680 409 3732 καὶ
440 3678 748 3745 ἀναπαύω;
790 3681 953 3747 Λέγει
979 3679 1128 3749 αὑτῷ
1166 3682 1409 3742 ἐκεῖνος’
1444 3681 1569 3733 Εἴθε
1598 3682 1899 3751 κατηξίοις,

314 3769 429 3821 ἀλλ’
456 3770 566 3838 ἐγὼ
605 3769 824 3835 ἀνάξιός
872 3771 1010 3840 εἰμι.
1059 3769 1224 3836 Λέγει
1278 3771 1307 3821 6
1355 3770 1633 3837 Εὑλόγιος·
1690 3770 1901 3823 Οὐκοῦν

317 3857 654 3927 ἀπέρχομαι,
685 3857 837 3928 φέρω
864 3857 1003 3922 ὄνον,
1038 3859 1131 3909 καὶ
1160 3857 1424 3926 λαμϐάνω
1461 3874 1519 3909 σε
1551 3857 1724 3911 ἐνθεν.
1754 3860 1903 3929 ,Συν-

318 3944 923 4014 έθετοόλελωϐημένος
964 3947 1104 4014 μετὰ
1149 3943 1351 4015 πολλῆς
1400 3946 1597 4014 χαρᾶς.
1636 3946 1905 4015 Ἐνεγκὼν

317 4032 411 4087 οὖν
441 4035 562 4089 ὕνον
585 4036 814 4098 ἐκεῖνος,
840 4035 1044 4105 ἐπῆρεν
1077 4035 1261 4103 αύτὶν,
1287 4037 1379 4088 καὶ
1403 4038 1713 4106 ἀπήνεγκεν
1743 4039 1822 4101 είς
1844 4038 1907 4091 τὸ

320 4122 449 4176 ῐδιον
475 4122 718 4187 ξενίδιον.
750 4123 856 4175 Kal
882 4118 948 4193 ἦν
971 4122 1139 4177 αὑτοῦ
1171 4123 1600 4194 ἐπιμελούμενος
1633 4126 1777 4178 κατά
1808 4127 1910 4179 πᾶ-

321 4227 422 4266 σαν
447 4212 613 4265 αὑτοῦ
653 4214 864 4283 χρείαν.
899 4214 1205 4284 Διᾳρκέσας
1224 4210 1317 4267 οὑν
1352 4216 1380 4267 ό
1408 4213 1786 4286 λελωϐημένος
1814 4217 1909 4269 ἐπὶ

320 4300 415 4372 ἐτη
443 4301 762 4367 δεκαπέντε,
788 4303 1169 4373 ὲνοσοκομεῖτο
1212 4306 1342 4374 παρ’
1382 4304 1547 4357 αὐτοῦ
1592 4305 1667 4368 ὡς
1700 4305 1907 4377 πατὴρ,

320 4390 681 4461 φιλοφρόνως,
731 4390 1042 4461 λουόμενος,
1080 4392 1460 4460 ἀλειφόμενος,
1493 4394 1551 4445 ἐν
1580 4394 1713 4445 πᾶσι
1743 4394 1907 4463 θερα-

320 4479 639 4547 πευόμενος,
676 4478 768 4530 καὶ
789 4477 1287 4549 διαϐασταζόμενος
1322 4482 1442 4542 ταῖς
1489 4482 1647 4550 χερσὶ
1674 4480 1767 4533 τοῦ
1800 4483 1905 4533 Εὑ-

1997 3248 2311 3319 λωϐημένον
2333 3248 2413 3311 είς
2440 3248 2641 3310 πλοῖον,
2674 3247 2765 3300 καὶ
2788 3245 3048 3312 ἀνένεγκε
3089 3242 3250 3297 αὑτὸν
3279 3245 3357 3305 είς
3390 3241 3449 3294 τὸ
3480 3258 3580 3311 μο-

1998 3337 2311 3407 ναστήριον,
2337 3336 2431 3388 καὶ
2464 3332 2677 3398 έκδεξαι
2705 3333 2809 3395 ἕως
2840 3327 2900 3387 οὑ
2925 3330 3117 3402 ἐξέλθῃ
3146 3332 3174 3382 6
3210 3330 3380 3401 μέγας
3404 3332 3470 3381 ἐκ
3487 3327 3582 3380 τοῦ

2002 3425 2292 3495 σπηλαίου,
2324 3424 2424 3477 καὶ
2468 3422 2727 3490 ἀνένεγκε
2784 3419 2934 3489 αὐτῷ
2984 3422 3047 3471 τὸ
3083 3420 3291 3488 κρῖμα’
3322 3417 3463 3470 καὶὸ
3488 3416 3585 3469 ἐάν

2002 3532 2085 3567 σοι
2116 3516 2246 3585 εἴπῃ
2276 3513 2457 3579 αὐτὸς,
2512 3513 2799 3582 στοίχησον
2832 3509 2995 3563 αὑτοῦ
3053 3510 3119 3578 τῇ
3168 3508 3465 3574 ἐπικρίσει.
3525 3509 3585 3559 ὐ

2002 3604 2110 3672 γὰρ
2144 3602 2277 3663 Θεός
2313 3616 2395 3653 σοι
2423 3600 2567 3667 λέγει
2604 3598 2671 3651 δι’
2706 3594 2894 3651 αὑτοῦ.
2946 3595 3004 3648 '0
3046 3595 3103 3647 δέ
3132 3595 3389 3663 εὐπειθὴς
3422 3592 3587 3646 Εὐλό-

2002 3707 2119 3759 γιος
2153 3689 2413 3760 ἠνέσχετο
2433 3686 2634 3750 αὑτῶν,
2668 3686 2761 3738 καὶ
2789 3682 3126 3745 κολακεύσας
3146 3683 3237 3734 τὸν
3265 3680 3585 3751 λελωϐημέ-

2004 3795 2094 3831 νον
2123 3775 2376 3845 ἐμϐαλὼν
2400 3774 2563 3828 αὑτὸν
2620 3775 2700 3835 είς
2729 3774 2936 3840 σκάφος
2986 3770 3321 3842 βουκολικὸν,
3364 3769 3587 3839 ἐξῆλθεν

2005 3865 2105 3933 τῆς
2123 3865 2326 3926 πόλεως
2352 3865 2409 3915 ἐν
2422 3863 2709 3927 νυκτὶ,,κα“ι
2734 3860 3033 3930 ἀνήνεγκεν
3056 3858 3216 3909 αύτόν
3233 3856 3313 3918 είς
3330 3854 3390 3908 τὸ
3412 3870 3586 3925 μονα-

2009 3956 2231 4023 στήριον
2286 3951 2381 4004 τοῦ
2446 3950 2680 4021 μεγάλου
2727 3946 3039 4003 ’Λντωνίου,
3096 3945 3303 4016 Συνέϐη
3365 3945 3422 3997 δέ
3487 3946 3589 4015 τὴν

2006 4041 2171 4110 ἄλλην
2201 4040 2417 4110 ἡμέραν
2448 4037 2621 4090 ἐλθεῖν
2649 4036 2739 4090 τὸν
2767 4035 2939 4105 μέγαν
2970 4034 3209 4106 ἐσπέρας
3244 4033 3486 4104 βαθείας,
3512 4033 3591 4096 ὡς

2008 4130 2236 4197 Κρόνιος
2263 4126 2578 4195 διηγήσατο,
2611 4122 3102 4193 ἐμπεφιϐλωμένον
3120 4121 3368 4193 χλαμύδα
3389 4122 3594 4191 δερμα-

2007 4216 2182 4284 τίνην.
2228 4215 2551 4285 Ἐρχόμενος
2598 4209 2693 4267 οὑν
2746 4213 2825 4274 εἰς
2864 4211 2924 4263 τὸ
2986 4212 3345 4281 μοναστήριον
3398 4208 3590 4264 ἑαυτοῦ

2011 4306 2319 4375 εἰσήρχετο.
2347 4303 2457 4358 Kal
2491 4300 2694 4371 ταύτην
2724 4295 2837 4369 εἶχε
2859 4300 2956 4369 τὴν
2980 4299 3266 4368 συνήθειαν
3294 4288 3478 4351 καλεῖν
3500 4299 3592 4352 τὸν

2011 4395 2321 4462 Μακάριον,
2371 4393 2466 4444 καὶ
2518 4391 2727 4461 ἐρωτᾷν
2767 4392 2968 4442 αὐτόν’
3040 4388 3261 4457 Ἂδελφέ
3314 4388 3588 4458 Μακάριε,

2010 4479 2175 4552 ἦλθόν
2226 4496 2371 4543 τινες
2429 4478 2650 4546 ἀδελφοὶ
2679 4477 2907 4543 ἐνθάδε;
2951 4476 3309 4547 ’Λπεκρίνατο
3348 4479 3377 4529 ὁ
3404 4478 3595 4530 Μακά-

320 4543 528 4633 λογίου,
552 4565 647 4617 καὶ
674 4565 817 4634 ύπέρ
849 4566 1006 4631 ἀξίαν
1038 4543 1138 4635 μὲν
1162 4567 1371 4618 ἐκείνου
1418 4543 1903 4637 δορυφορούμενος,
1940 4543 1983 4596 D
2017 4543 2147 4641 ριος’
2189 4565 2416 4621 Ἦλθον.
2446 4568 2556 4620 Kal
2571 4543 2612 4621 *ό
2647 4568 2838 4636 μέγας·
2874 4543 3161 4633 Αἰγύπτιοί
3192 4568 3329 4617 εἰσιν
3360 4565 3393 4636 ἢ
3431 4567 3593 4636 Ἱερο-

319 4650 676 4722 καταλλήλως
731 4652 787 4704 δὲ
829 4653 927 4721 τῆς
961 4653 1117 4705 νόσου
1171 4654 1603 4721 ἀναπαυόμενος,
1665 4656 1820 4707 Μετά
1852 4657 1908 4707 δὲ

319 4739 717 4794 πεντεκαίδεκα
743 4740 836 4810 ἐτη
873 4744 900 4793 6
926 4741 1136 4811 δαίμων
1162 4742 1464 4811 ἐνέσκηψεν
1489 4743 1564 4812 τῷ
1596 4742 1910 4813 λελωϐημέο

320 4847 416 4902 νῳ,
444 4829 613 4883 θέλων
638 4828 777 4899 τάχα
800 4831 896 4882 καὶ
920 4832 1008 4883 τὸν
1042 4829 1299 4898 Εὑλόγιον
1323 4832 1421 4899 τῆς
1454 4832 1671 4900 ἐντολῆς
1694 4833 1787 4883 καὶ
1808 4833 1910 4902 τῆς

319 4921 634 4990 προθέσεως
673 4917 962 4989 στερῆσαι,
993 4920 1087 4971 καὶ
1120 4919 1207 4971 τὸν
1238 4919 1615 4989 λελωϐημένον
1638 4920 1745 4988 «τῆς
1775 4921 1911 4974 ἀνα-

248 5074 249 5077 η
323 5010 577 5072 πλύσεως
608 5010 702 5061 καὶ
732 5009 828 5076 τῆς
851 5010 1205 5079 εὐχαριστίας
1241 5010 1467 5076 Κυρίου.
1526 5010 1639 5063 Καὶ
1672 5012 1911 5064 ἀποσται-

324 5096 499 5160 σιάζει
530 5094 679 5160 οὗτος
709 5100 845 5168 πρὸς
888 5100 978 5150 τὸν
1018 5099 1297 5167 Εὑλόγιον,
1343 5102 1438 5153 καὶ
1483 5100 1687 5170 ἤρξατο
1732 5101 1911 5169 λέγειν

322 5186 442 5236 κατ’
474 5187 643 5239 αὑτοῦ
673 5186 957 5257 δύσφημα,
987 5186 1063 5251 ὡς
1107 5188 1201 5240 καὶ
1231 5186 1522 5257 λοιδορίαις
1572 5190 1756 5241 λοιπὸν
1785 5188 1913 5241 πλύ-

321 5290 432 5325 νε.ν
461 5274 552 5327 τὸν
599 5275 786 5346 ἄνδρα,
843 5276 1111 5343 ἐπιλέγων
1167 5275 1336 5346 αὐτῷ’
1378 5276 1581 5345 Σχάτα,
1617 5278 1909 5345 γλούττων,

322 5363 639 5433 φυγοκύρι,
681 5363 941 5434 ἀλλότρια
992 5366 1251 5436 χρήματα
1306 5365 1563 5433 ἔκλεψας,
1613 5366 1724 5419 Καὶ
1773 5367 1914 5435 τάχα

320 5450 504 5514 δοῦλος
532 5450 795 5521 ὑπάρχων
851 5453 942 5507 τὸν
977 5455 1109 5506 ἴδιον
1165 5454 1434 5524 δεσπότην
1462 5454 1733 5523 ἐσύλησας
1756 5472 1769 5485 ·
1819 5454 1915 5509 καὶ

236 5541 247 5549 ’
320 5542 386 5607 τῇ
417 5540 524 5610 ἐμῇ
584 5542 855 5610 προφάσει
895 5541 1077 5612 βούλει
1128 5542 1332 5609 λαθεῖν,
1369 5544 1442 5606 ὡς
1496 5546 1588 5596 ἐπί
1643 5547 1914 5616 προφάσει

321 5626 481 5693 ὂὶγθεν
502 5628 748 5691 εὐποιίας
777 5632 856 5692 είς
890 5631 949 5682 τὸ
983 5632 1207 5696 ξενίδιόν
1241 5648 1334 5684 σου
1372 5634 1552 5687 λαϐών
1586 5650 1676 5703 με,
1713 5639 1807 5687 καὶ
1844 5632 1914 5687 δι’

321 5715 457 5785 ἐμοῦ
482 5715 662 5787 βούλει
688 5717 946 5787 σωθῆναι.
965 5719 1023 5772 '0
1042 5720 1098 5773 δὲ
1123 5720 1376 5789 Εύλόγιος
1402 5722 1702 5794 παρεκάλει
1726 5722 1913 5790 αὑτὸν,

322 5804 651 5878 θεραπεύων
704 5806 871 5861 αὑτοῦ
906 5808 1003 5880 τὴν
1052 5810 1303 5881 καρδίαν,
1333 5810 1506 5881 λέγων
1535 5826 1549 5840 '
1587 5810 1700 5882 Μὴ,
1734 5809 1913 5881 κύριε,

2014 4660 2322 4729 σολυμῖται.
2362 4655 2645 4709 Ἐδεδώκει
2677 4655 2734 4708 δὲ
2760 4654 2908 4722 αὑτῴ
2953 4657 3177 4724 σημεῖον
3199 4654 3227 4705 6
3261 4654 3456 4723 μέγας,
3504 4654 3596 4705 λέ-

2010 4762 2142 4815 γων·
2186 4746 2355 4799 ’Ὅταν
2391 4742 2946 4814 ἀπραγμονεστέρους
2977 4744 3128 4805 τινάς
3156 4743 3271 4813 ἴδῃς
3319 4741 3593 4806 ἐλθόντας,

2010 4836 2135 4904 λέγε
2165 4835 2245 4887 ὅτι
2278 4832 2567 4901 Αἰγύπτιοί
2599 4834 2737 4883 εἰσιν
2759 4847 2773 4862 ·
2802 4833 2933 4884 ὅταν
2980 4830 3037 4884 δέ
3082 4848 3233 4894 τινας
3277 4830 3598 4883 εὐλαϐεστέ-

2011 4942 2141 4996 ρους
2175 4928 2269 4977 καὶ
2298 4925 2676 4992 λογιωτέρους,
2701 4920 2827 4989 λέγε
2850 4922 2933 4973 ὅτι
2979 4920 3403 4991 Ἰεροσολυμίταί
3434 4922 3597 4975 εἰσιν.

2024 5014 2242 5084 Ἦρώεα
2275 5009 2368 5065 οὖν
2394 5015 2533 5066 κατά
2558 5012 2619 5063 τὺ
2644 5011 2833 5075 είωθὸς
2865 5013 2894 5065 ό
2920 5010 3113 5081 μέγας,
3149 5010 3324 5078 λέγων
3372 5009 3451 5080 τῷ
3491 5027 3596 5080 μα-

2013 5102 2151 5173 θητῇ
2184 5101 2491 5171 Μακαρίῳο
2518 5101 2811 5168 Αἰγύπτιοί
2845 5100 2984 5152 εἰσιν
3008 5100 3057 5152 οί
3095 5098 3391 5167 ἁδελφοὶ,ἢ
3438 5097 3601 5166 Ἱερο-

2015 5190 2305 5260 σολυμῖταί
2355 5191 2496 5253 εἰσι;
2568 5188 2926 5258 Ἀπεκρίνατο
2974 5189 3003 5240 6
3063 5187 3373 5255 Μακάριος,
3425 5184 3599 5252 λέγων

2014 5276 2185 5347 αὐτῷ,
2227 5276 2308 5328 ὅτι
2329 5276 2524 5344 Μίγμα
2554 5275 2713 5329 εἰσίν.
2742 5276 2912 5328 Ὅταν
2939 5272 3033 5326 οὑν
3057 5270 3209 5326 εἷπεν
3237 5276 3265 5327 6
3289 5273 3597 5343 Μακάριος,

2015 5365 2100 5417 ὅτι
2134 5363 2424 5432 Αἰγύπτιοί
2466 5364 2625 5427 είσιν,
2654 5363 2851 5429 ἐλεγεν
2899 5360 3048 5431 αὑτῷ
3077 5363 3105 5414 6
3136 5360 3332 5430 μέγας·
3367 5361 3601 5429 Ποίησον

2014 5454 2195 5514 αὐτοῖς
2228 5453 2420 5519 φακὸν,
2448 5451 2543 5503 καὶ
2565 5450 2653 5515 δὸς
2702 5450 2886 5511 αὐτοῖς
2930 5452 3126 5518 φαγεῖν
3145 5463 3158 5479 ·
3188 5448 3284 5501 καὶ
3306 5447 3479 5500 ἐποίει
3503 5447 3604 5501 αύ-

2016 5544 2128 5605 τοῖς
2168 5542 2333 5613 εὐχὴν
2368 5544 2520 5611 μίαν,
2546 5542 2643 5594 καὶ
2666 5541 2903 5594 ἀπέλυεν
2932 5540 3152 5603 αὑτούς.
3203 5539 3373 5592 Ὅταν
3398 5538 3456 5591 δὲ
3492 5537 3605 5590 ἐλε-

2015 5646 2133 5699 γεν,
2156 5632 2239 5683 ὅτι
2279 5631 2728 5701 Ἱεροσολυμῖται,
2753 5627 3042 5693 ἐκαθέζετο
3065 5627 3152 5681 διὰ
3172 5625 3353 5698 πάσης
3386 5625 3603 5692 νυκτὸς,

2017 5724 2112 5776 καὶ
2128 5721 2310 5775 ἐλάλει
2338 5721 2521 5784 αὐτοῖς
2552 5721 2621 5773 τά
2637 5721 2985 5792 προσήκοντα
3010 5718 3149 5789 πρὸς
3171 5717 3465 5788 σωτηρίαν.
3514 5716 3606 5771 Ἐν

2019 5811 2206 5882 ἐκείνῃ
2238 5807 2331 5863 οῦν
2355 5811 2421 5882 τῇ
2454 5808 2664 5881 ἑσπέρᾳ
2686 5808 2999 5874 καθεσθεὶς,
3022 5807 3182 5878 φησὶ,
3214 5805 3608 5879 προσκαλεῖται
