4020 6428
324 411 457 467 1077

1580 408 1895 466 HISTORIA
1934 404 2290 461 LAUSIACA.

3403 409 3534 472 l[078

319 540 434 595 quae
480 524 746 593 pertinent
790 523 853 577 ad
884 523 1127 577 salutent.
1158 521 1361 578 Sedens
1391 534 1516 591 ergo
1547 520 1634 573 illo
1662 530 1882 586 vespere
1912 517 1957 573 A
1988 528 2195 582 quoque
2218 514 2271 568 in
2300 527 2487 567 manus
2517 514 2610 568 Dei
2649 527 2801 568 suum
2843 516 3233 571 commendavit
3274 519 3538 586 spiritum.

314 631 499 669 omnes
542 615 1049 687 accersit-magnus.
1097 613 1332 681 Cumque
1362 613 1531 665 nullus
1578 612 1625 665 ei
1656 609 1880 663 dixisset

315 704 455 772 quod
482 717 671 756 nomen
704 703 922 755 haberet
968 701 1339 766 scholasticus,
1395 715 1512 753 cum
1544 713 1694 753 serus
1738 704 1881 753 esset

317 809 525 861 vesper,
553 802 701 846 vocat
724 808 841 845 eum
870 792 1051 845 dicens
1076 809 1087 842 :
1120 791 1322 858 Eulogi,
1358 789 1562 857 Eulogi,
1591 788 1798 856 Eulogi;
1826 795 1881 842 et

314 899 432 939 cum
470 893 550 936 ter
579 883 982 950 proclamasset,
1012 892 1068 935 et
1094 880 1440 933 scholasticus
1485 878 1732 947 Eulogius
1773 891 1878 931 non

314 972 694 1041 respondisset,
728 981 916 1039 putans
941 972 1169 1037 aliquem
1215 969 1373 1021 alium
1411 968 1590 1021 vocari
1642 970 1740 1020 hoc
1784 980 1879 1019 n0-

317 1062 478 1126 mine,
509 1062 635 1114 dicit
658 1062 704 1114 ei
731 1073 990 1128 magnus:
1024 1057 1140 1113 Tibi
1164 1058 1302 1123 dico,
1329 1057 1533 1126 Eulogi,
1565 1056 1655 1123 qui
1685 1056 1875 1109 venisti

314 1151 381 1203 ab
407 1150 747 1204 Alexandria.
781 1149 928 1201 Tunc
957 1146 1007 1202 ei
1047 1148 1174 1201 dicit
1205 1147 1455 1214 Eulogius
1485 1162 1498 1199 :
1526 1145 1661 1211 Quid
1687 1145 1875 1211 jubes,

312 1254 490 1308 quaeso
510 1244 532 1289 ’ξ
563 1239 695 1291 Dicit
715 1240 761 1292 ei
791 1251 1045 1305 magnus:
1075 1235 1211 1301 Quid
1243 1235 1345 1288 huc
1371 1234 1600 1289 venisti?
1642 1232 1879 1301 Respon-

312 1328 467 1381 tlitei
500 1327 779 1395 Eulogius,
834 1325 1053 1379 dicens:
1096 1324 1196 1387 Qui
1245 1324 1336 1377 tibi
1384 1322 1636 1377 revelavit
1685 1336 1878 1376 nomen

314 1432 515 1484 meum,
563 1432 675 1469 rem
726 1429 934 1483 quoque
964 1424 1179 1483 propter
1223 1430 1378 1483 quam
1426 1414 1545 1468 veni
1599 1411 1874 1468 revelavit.

314 1506 451 1558 Dicit
477 1504 524 1557 ei
563 1513 775 1556 sanctus
806 1504 1101 1557 Antonius:
1138 1503 1303 1557 Didici
1327 1518 1488 1572 quare
1531 1500 1755 1565 venisti;
1785 1499 1877 1554 sed

314 1595 399 1648 die
448 1609 627 1649 coram
660 1592 941 1657 fratribus,
993 1601 1050 1647 ut
1094 1592 1189 1660 ipsi
1231 1607 1439 1661 quoque
1485 1592 1717 1644 audiant.
1750 1589 1879 1643 Jus-

313 1703 404 1740 sus
458 1694 634 1740 autem
687 1700 716 1739 a
773 1698 964 1753 magno
1013 1683 1293 1753 Eulogius,
1348 1682 1483 1736 dixit
1528 1696 1707 1735 coram
1759 1694 1877 1734 om-

315 1778 466 1831 nibus
495 1789 511 1829 :

383 1912 533 1966 Hunc
579 1910 879 1964 mutilatum
922 1909 1097 1964 inveni
1128 1923 1225 1977 ego
1254 1908 1307 1963 in
1350 1909 1466 1963 loro
1495 1907 1790 1978 projectum
1824 1917 1881 1959 et

314 2002 574 2071 neglectui
604 2000 860 2054 habitum.
897 1998 1025 2069 Ejus
1052 2006 1227 2053 autem
1255 1998 1531 2061 misertus,
1565 1997 1729 2049 Deum
1760 2010 1877 2049 sum

312 2100 560 2160 precatus
601 2098 659 2144 ut
688 2091 841 2143 daret
867 2090 995 2143 mihi
1026 2091 1249 2155 gratiam
1280 2090 1331 2141 in
1363 2089 1536 2156 ipsum
1565 2086 1877 2150 tolerantiae,

309 2192 365 2236 rt
393 2182 545 2237 illum
575 2181 859 2248 assumpsi.
888 2180 1168 2234 Dexteram
1200 2194 1410 2247 quoque
1430 2177 1552 2232 dedi
1588 2179 1714 2238 Deo,
1739 2176 1881 2244 quod

311 2275 363 2327 in
413 2271 602 2326 morbo
646 2270 763 2337 ejus
804 2283 985 2321 curam
1032 2283 1243 2336 gerant,
1281 2278 1335 2320 ut
1364 2277 1419 2321 et
1444 2280 1543 2335 ego
1573 2282 1664 2335 per
1710 2268 1880 2334 ipsum

315 2362 495 2416 salvus
514 2358 658 2421 llam,
681 2368 732 2410 et
757 2360 871 2426 ipse
893 2371 921 2409 a
942 2371 1025 2410 me
1047 2364 1337 2411 recreetur.
1365 2358 1498 2411 Sunt
1530 2366 1706 2411 autem
1730 2355 1885 2425 quin-

313 2452 485 2505 decim
517 2453 641 2503 anni
671 2464 735 2501 ex
768 2463 874 2513 quo
902 2448 1059 2501 simul
1110 2463 1403 2510 versamur,
1432 2448 1565 2500 sicut
1589 2448 1750 2502 etiam
1784 2457 1885 2501 tute

314 2541 583 2595 sanctitati
627 2541 854 2593 revelata
895 2549 1019 2593 sunt
1055 2540 1254 2592 omnia.
1293 2538 1396 2593 Sed
1426 2538 1605 2593 nescio
1629 2538 1883 2607 quidnam

315 2630 440 2684 mali
468 2644 499 2683 a
529 2645 611 2683 me
641 2644 827 2696 passus
853 2671 866 2695 ,
899 2637 1019 2698 post
1047 2637 1124 2684 tot
1152 2644 1320 2682 annos
1349 2643 1435 2682 me
1461 2642 1673 2683 summe
1704 2635 1882 2691 vexat,

313 2734 367 2779 et
397 2726 447 2777 in
478 2723 658 2777 animo
684 2722 842 2776 habui
874 2722 1044 2791 ipsum
1076 2722 1289 2790 ejicere,
1320 2721 1436 2787 ipso
1463 2734 1547 2773 me
1576 2720 1640 2772 ad
1669 2720 1770 2773 hoc
1795 2732 1885 2773 co-

312 2824 491 2885 gente.
514 2814 588 2868 Ea
621 2814 688 2868 de
709 2829 868 2867 causa
896 2815 1015 2868 veni
1041 2816 1106 2867 ad
1130 2822 1273 2869 tuam
1295 2813 1653 2874 sanctitatem,
1675 2819 1732 2864 ut
1759 2809 1884 2864 mihi

314 2908 561 2960 consulas
602 2905 853 2974 quidnam
898 2903 1122 2959 debeam
1153 2901 1360 2969 facere,
1396 2911 1450 2957 et
1477 2916 1600 2957 ores
1630 2916 1729 2971 pro
1758 2914 1843 2954 me
1871 2915 1885 2965 ;

316 3011 402 3053 me
428 2998 569 3053 enim
598 3005 761 3050 vexat
788 2996 1043 3065 graviter.

392 3132 523 3185 Dicit
537 3131 583 3183 ei
601 3145 821 3199 magnus
837 3120 1095 3183 Antonius
1110 3127 1254 3197 gravi
1274 3136 1545 3181 etaustcra
1563 3140 1693 3182 voco
1716 3143 1726 3179 :
1748 3126 1891 3194 Abjl-

2020 634 2023 637 -
2052 602 2180 657 Cum
2211 617 2337 669 ergo
2382 602 2650 667 aliquanto
2692 613 2930 671 tempore
2956 613 3197 657 versatus
3232 614 3376 659 esset
3401 603 3538 659 Cro-

1980 692 2100 746 nius
2128 693 2268 747 circa
2295 692 2409 745 loca
2439 691 2745 755 Thebaidis,
2766 692 3039 746 descendit
3066 692 3118 745 in
3150 693 3532 747 monasterium

1980 782 2315 836 Alexandria:
2335 822 2350 847 ,
2381 789 2433 834 et
2460 781 2649 834 accidit
2677 791 2735 835 ut
2763 781 2901 835 beati
2934 781 3147 849 quidem
3180 782 3385 850 Eulogii
3426 782 3540 835 obi-

1981 887 2063 931 tus
2092 894 2120 930 a
2153 878 2479 930 fraternitate
2518 877 2883 931 celebraretur
2930 878 3369 947 quadragesimus
3398 879 3532 943 dies,

1980 968 2152 1020 manci
2181 975 2356 1019 autem
2400 966 2604 1019 tertius.
2655 967 2788 1019 Cum
2822 966 2922 1020 hoc
2948 981 3073 1037 ergo
3100 966 3376 1021 didicisset
3402 969 3538 1022 Cro-

1980 1060 2118 1121 nius,
2147 1057 2443 1125 obsmpuit;
2474 1066 2527 1110 et
2566 1066 2842 1124 acceptum
2894 1059 3266 1127 Evangelium,
3300 1066 3355 1112 ut
3385 1058 3539 1113 fidem

1980 1145 2235 1199 haberent
2275 1145 2569 1209 audientes,
2597 1145 2773 1213 posuit
2813 1148 2864 1199 in
2898 1146 3071 1201 medio
3104 1147 3357 1213 fratrum;
3383 1157 3436 1200 et
3464 1150 3542 1203 eis

1972 1233 2191 1304 juravit,
2218 1250 2439 1289 narrans
2469 1237 2642 1305 magni
2676 1236 2890 1291 Antonii
2918 1236 2987 1292 de
3017 1237 3095 1291 his
3129 1238 3559 1307 praescientiam,’

1979 1337 2031 1378 et
2075 1325 2141 1380 de
2190 1324 2437 1380 omnibus
2479 1340 2597 1393 qum
2638 1326 2963 1391 acciderunt,
2992 1335 3045 1380 et
3091 1326 3311 1380 dicens:
3341 1327 3542 1382 Horum

1979 1425 2107 1479 ergo
2154 1413 2437 1466 verborum
2468 1413 2538 1467 fui
2569 1414 2859 1482 interpres,
2892 1429 3011 1469 cum
3057 1416 3243 1469 beatus
3281 1418 3542 1470 Antonius

1982 1501 2165 1558 GI‘IBCB
2187 1505 2447 1593 nesciret;
2468 1519 2566 1573 ego
2589 1519 2716 1569 vero
2737 1505 2969 1559 sciebam
2993 1515 3269 1574 utramque
3288 1506 3540 1574 linguam,

1981 1601 2034 1647 et
2061 1595 2139 1647 eis
2171 1592 2285 1647 sum
2312 1592 2709 1661 interpretatus,
2738 1593 2906 1647 beatis
2935 1594 3150 1663 quidem
3175 1594 3425 1664 deinceps
3451 1610 3543 1663 per

1978 1682 2176 1737 Christi
2196 1683 2416 1751 gratiam
2445 1700 2457 1733 :
2486 1681 2708 1751 Eulogio
2733 1689 2787 1736 et
2815 1697 3041 1750 corpore
3065 1683 3305 1737 mutilato
3334 1684 3539 1749 Graece,

1980 1788 2099 1841 quae
2124 1788 2148 1823 a
2179 1787 2372 1841 magno
2394 1772 2534 1826 dicta
2564 1781 2716 1836 sunt;
2761 1773 2859 1839 ipsi
2886 1780 3066 1826 autem
3095 1782 3280 1827 saneto
3309 1782 3362 1829 et
3386 1774 3543 1829 beato

1912 1862 1956 1919 Β
1984 1881 2277 1937 magnoque
2321 1867 2548 1922 Antonio
2589 1865 2919 1935 Egyptiace,
2946 1879 3064 1935 quae
3109 1865 3249 1920 dicta
3295 1874 3418 1921 sunt
3466 1866 3533 1920 ab

1984 1969 2229 2029 utroque'
2390 2017 2401 2025 '
2525 2025 2748 2083 CAPUT
2788 2022 3002 2077 xxvu.

2054 2120 2131 2173 De
2176 2118 2594 2187 contemplatione
2637 2134 2788 2187 quam
2837 2117 2961 2169 vidit
3005 2115 3157 2169 abbas
3206 2115 3478 2169 Antonius.

2056 2211 2166 2267 lloc
2213 2225 2422 2279 quoque
2451 2209 2685 2263 narravit
2729 2206 2954 2261 Cronius
2998 2206 3081 2259 illa
3109 2214 3263 2259 nocte
3303 2218 3549 2274 magnum

1984 2306 2060 2360 eis
2106 2319 2352 2359 narrasse
2398 2302 2684 2357 Antonium
2712 2318 2723 2353 ε
2751 2302 2880 2369 Ego,
2909 2296 3104 2364 aiebat,
3151 2314 3291 2353 anno
3338 2300 3551 2367 integro

1985 2411 2259 2449 oraveram
2292 2403 2347 2448 ttt
2368 2393 2698 2447 revelaretur
2727 2391 2853 2444 mihi
2889 2390 3033 2443 locus
3062 2390 3324 2455 justorum
3348 2398 3399 2442 et
3426 2405 3553 2457 pec-

1985 2494 2222 2539 catorum
2250 2484 2446 2553 (Supra
2465 2482 2499 2535 ι.
2532 2483 2641 2545 t,in
2670 2479 2787 2532 Vita
2810 2478 2868 2534 S.
2893 2479 3116 2541 Antonii,
3139 2496 3182 2531 c.
3209 2478 3305 2541 58;
3334 2478 3553 2543 Pasch.,

1986 2592 2028 2628 c.
2060 2572 2145 2641 l9,
2168 2591 2221 2626 η.
2247 2575 2325 2641 4).
2356 2571 2466 2625 Vidi
2491 2580 2665 2626 autem
2688 2572 2953 2639 gigantem
2978 2571 3183 2639 nigrum
3214 2570 3552 2636 altissimum,

1987 2665 2076 2733 qui
2107 2665 2171 2717 ad
2198 2663 2364 2717 nubes
2396 2678 2561 2732 usque
2592 2660 2947 2731 pertingebat,
2983 2658 3210 2712 habebat
3240 2671 3413 2712 autem
3443 2673 3557 2711 ma-

1990 2770 2087 2809 nus
2134 2755 2199 2809 ad
2244 2755 2435 2808 caelum
2487 2767 2654 2820 usque
2702 2760 2986 2816 extensas;
3040 2748 3174 2802 infra
3222 2758 3396 2803 autem
3442 2758 3557 2803 erat

1990 2847 2137 2901 lacus
2167 2846 2256 2915 qui
2306 2860 2454 2898 mare
2495 2844 2739 2912 aequabat
2768 2841 3150 2911 magnitudine.
3190 2840 3307 2895 Vidi
3346 2856 3559 2909 quoque

1991 2938 2196 2991 animas
2245 2944 2491 3005 tanquam
2523 2949 2649 2987 aves
2679 2948 2890 2988 sursum
2925 2933 3194 2995 volantes;
3226 2941 3278 2985 et
3308 2945 3560 2999 quaecun-

1993 3046 2093 3098 que
2123 3030 2334 3099 quidem
2365 3028 2479 3097 ejus
2509 3040 2695 3079 manus
2720 3034 2773 3080 et
2803 3033 2961 3093 caput
2987 3024 3419 3093 supervolabant,
3444 3036 3561 3075 scr-

1992 3124 2253 3177 Vabantur
2303 3123 2369 3177 ab
2413 3120 2640 3189 angi-lis;
2689 3135 2807 3189 quin
2848 3127 3026 3172 autem
3070 3132 3099 3171 a
3149 3115 3391 3171 manibus
3437 3114 3553 3184 ejus

319 3224 429 3277 cias
457 3232 509 3277 tu
533 3238 676 3288 eum,
696 3219 917 3289 Eulogi?
942 3220 1101 3289 atqui
1126 3234 1247 3273 eum
1270 3220 1469 3272 creavit
1496 3234 1598 3271 non
1622 3217 1891 3286 abjicit.Si
1922 3219 1967 3280 C
1999 3214 2412 3269 verberabantur
2435 3252 2449 3277 ,
2482 3211 2779 3266 incidebant
2810 3211 2865 3264 in
2897 3209 3090 3262 lacum.
3131 3207 3209 3260 Ad
3250 3222 3335 3261 me
3377 3207 3555 3274 itaque

321 3326 375 3370 tu
395 3332 514 3370 eum
545 3315 748 3382 abjicis,
767 3314 905 3368 Deus
923 3313 969 3367 ei
992 3312 1244 3367 excitabit
1269 3320 1318 3366 te
1348 3312 1619 3365 meliorem
1650 3310 1737 3377 qui
1766 3325 1886 3364 eum

320 3413 551 3479 colligat.
584 3409 850 3465 Centicuit
897 3407 1151 3475 Eulogius
1179 3446 1193 3471 ,
1224 3415 1279 3461 et
1323 3403 1569 3459 extimuit
1610 3418 1727 3457 cum
1778 3402 1891 3455 hch

319 3504 592 3556 audiisset.
629 3500 833 3554 Relicto
876 3508 1052 3551 autem
1104 3496 1348 3564 Eulogin,
1380 3509 1598 3562 magnas
1630 3493 1891 3547 Antonius

323 3591 511 3659 incipit
537 3590 711 3656 lingua
740 3586 1009 3655 ﬂagellare
1038 3584 1362 3645 mutilatum,
1388 3594 1441 3637 et
1472 3582 1536 3634 ad
1566 3596 1685 3633 eum
1717 3581 1893 3633 excla-

323 3694 471 3733 mare
499 3696 512 3730 :
541 3673 1083 3735 Mutilate,maculate
1115 3671 1252 3740 (65),
1271 3679 1409 3723 terra
1430 3680 1483 3724 et
1503 3670 1635 3723 caelo
1658 3670 1891 3737 indigne,

327 3784 432 3822 non
456 3780 635 3821 cessas
660 3780 778 3817 cum
817 3761 926 3816 Deo
971 3776 1203 3831 pugnare
1227 3801 1241 3825 ,
1272 3769 1324 3813 et
1354 3768 1502 3812 tuum
1534 3759 1747 3813 fratrem
1776 3759 1895 3811 irri-

326 3860 472 3913 tare?
504 3857 685 3912 Nescis
711 3871 828 3909 esse
871 3852 1145 3908 Christum
1175 3854 1263 3920 qui
1298 3852 1390 3904 tibi
1416 3851 1724 3905 ministrat?
1754 3851 1897 3916 Quo-

329 3949 486 4003 modo
513 3948 677 4001 audes
704 3946 816 4001 hzec
846 3945 986 4013 loqui
1013 3943 1265 3996 adversus
1294 3940 1601 3996 Christum?
1634 3940 1747 3996 Non
1778 3958 1898 4010 pro-

327 4050 442 4107 pter
472 4039 743 4093 Christum
773 4052 831 4090 se
859 4044 948 4089 tuo
978 4034 1301 4100 mancipavit
1328 4034 1578 4087 servtio?
1611 4035 1739 4087 Cum
1771 4050 1898 4104 ergo

328 4145 448 4184 cum
496 4143 707 4198 quoque
754 4125 931 4181 verbis
980 4125 1306 4179 coercuisset
1355 4125 1775 4191 increpantibus,
1805 4139 1898 4178 eos

327 4221 578 4285 dimittit;
622 4230 675 4273 et
726 4234 844 4272 cum
889 4216 1228 4271 disseruisset
1266 4230 1385 4270 cum
1437 4213 1687 4268 fratribus
1730 4214 1797 4267 de
1836 4213 1900 4267 iis

328 4328 445 4381 quae
488 4320 640 4365 erant
688 4310 969 4378 unicuique
1016 4307 1312 4361 necessaria
1336 4347 1349 4367 ,
1381 4321 1566 4358 rursus
1596 4305 1801 4359 accedit
1831 4306 1897 4358 ad

329 4402 603 4473 Eulogium
636 4410 691 4456 et
719 4401 1039 4464 mutilatum,
1069 4408 1124 4454 et
1153 4398 1278 4451 dicit
1304 4398 1382 4451 eis
1410 4417 1422 4453 :
1450 4397 1523 4450 Ne
1555 4412 1775 4466 usquam
1802 4395 1903 4449 int-

332 4495 634 4557 ntoremini,
663 4508 696 4547 o
724 4494 934 4557 fratres,
954 4492 1047 4545 sed
1073 4490 1212 4543 abite
1237 4491 1289 4543 in
1314 4503 1466 4557 pace,
1492 4497 1545 4543 et
1574 4504 1638 4541 ne
1668 4486 1900 4540 invicem

1993 3322 2091 3361 vox
2142 3307 2402 3375 pervenit,
2432 3320 2548 3373 qua:
2595 3302 3009 3367 dicebat:Quas
3059 3299 3208 3353 vides
3236 3298 3440 3352 animas
3466 3311 3561 3350 su-

1992 3398 2296 3466 pervolasse
2348 3404 2508 3464 caput
2550 3395 2771 3464 gigantis
2814 3403 2868 3447 et
2914 3394 3031 3460 ejus
3081 3404 3290 3454 manus,
3317 3404 3394 3442 etc
3438 3397 3566 3444 sunt

1991 3490 2181 3542 anima:
2208 3488 2498 3557 justorum,
2528 3500 2645 3553 quae
2676 3482 2888 3553 quidem
2919 3482 2984 3535 ab
3034 3480 3237 3550 angelis
3283 3487 3565 3533 servantur

1993 3580 2045 3633 in
2078 3580 2356 3647 paradiso:
2386 3591 2502 3644 quae
2530 3585 2705 3627 autem
2737 3590 2767 3625 a
2792 3573 3037 3627 manibus
3089 3571 3223 3639 nigri
3256 3570 3562 3637 percutiun-

1996 3680 2103 3733 tur,
2133 3685 2211 3724 ere
2241 3670 2292 3721 in
2322 3667 2527 3720 inferno
2559 3664 2961 3730 demerguntur.
2994 3663 3121 3728 Quae
3162 3661 3374 3729 quidem
3403 3669 3568 3712 attra-

1994 3772 2093 3816 cta:
2117 3761 2327 3814 fuerunt
2347 3773 2375 3811 a
2405 3757 2670 3812 voluntate
2698 3755 2894 3821 carnis,
2920 3763 2975 3808 et
2996 3753 3175 3806 odium
3200 3762 3397 3806 secutae
3419 3757 3565 3816 sunt,

1996 3861 2050 3906 et
2079 3850 2373 3907 referendae
2396 3848 2603 3918 injuriae
2629 3847 2993 3915 cupiditatem.
3164 3836 3173 3841 ’

2531 3958 2758 4013 CAPUT
2799 3956 3039 4012 XXVIII.

2293 4052 2407 4106 Vita
2437 4052 2630 4104 abbatis
2667 4049 2821 4102 Pauli
2852 4047 3117 4113 Simplicis
3148 4043 3285 4114 (65).

2071 4142 2313 4196 Narravit
2350 4151 2526 4194 autem
2571 4150 2788 4193 sanctus
2825 4137 3021 4191 Christi
3061 4150 3248 4190 servus
3279 4133 3491 4195 llierax,
3520 4140 3574 4187 et

1999 4238 2249 4301 Cronius,
2276 4244 2331 4289 et
2353 4236 2532 4302 plures
2557 4233 2646 4286 alii
2671 4248 2736 4285 ex
2760 4231 3010 4283 fratribus
3033 4245 3094 4281 ca
3120 4244 3238 4295 quae
3259 4241 3374 4281 sum
3404 4226 3575 4278 dictu-

2003 4342 2092 4381 rus
2121 4324 2316 4393 (Ru/f.,
2343 4324 2380 4377 ι.
2408 4339 2469 4389 ιι,
2498 4338 2546 4375 c.
2579 4320 2669 4389 51)
2693 4360 2708 4385 ,
2805 4318 2950 4391 quod
3042 4318 3261 4385 quidam
3375 4313 3573 4368 Paulus

2002 4417 2230 4483 agrestis
2258 4414 2511 4483 agricola,
2537 4412 2815 4482 insigniter
2838 4411 3090 4462 innocens
3113 4414 3166 4460 et
3189 4404 3425 4458 moribus
3446 4403 3575 4457 sim-

2006 4512 2124 4577 plex
2157 4547 2171 4573 ,
2221 4522 2439 4561 uxorem
2489 4505 2714 4559 duxerat
2761 4500 3037 4554 mulierem
3085 4496 3520 4551 formosissimam
3549 4533 3567 4558 ,

331 4583 928 4655 separemini,dcposila
959 4580 1101 4634 omni
1132 4580 1372 4634 molestia
1404 4593 1560 4646 quam
1594 4578 1743 4630 vobis
1770 4578 1901 4643 inje-
1934 4569 1982 4629 Β
2008 4569 2099 4655 ξεί.
2150 4569 2387 4652 έηοτίιηιε
2440 4594 2757 4661 improbam,
2806 4604 2924 4658 quae
2969 4586 3278 4657 jongjssimo
3327 4592 3572 4651 ιεηιροτθ

334 4681 407 4733 cit
452 4677 691 4738 dtemon;
733 4682 786 4726 et
832 4688 951 4727 cum
1008 4672 1143 4724 bona
1175 4669 1459 4723 dilectione
1490 4667 1815 4721 revertimini
1848 4666 1900 4718 in

333 4768 521 4824 cellam
553 4767 605 4819 in
637 4780 735 4832 qua
764 4765 921 4832 longo
954 4772 1194 4828 tempore
1223 4760 1415 4812 versati
1446 4760 1604 4821 estis;
1629 4756 1735 4824 jam
1762 4756 1901 4807 enim

338 4864 478 4919 Deus
512 4859 683 4914 mittet
714 4856 780 4909 ad
812 4870 925 4910 vos.
976 4855 1099 4908 llaec
1125 4854 1266 4907 cnim
1298 4853 1518 4905 tentatio
1547 4851 1600 4903 in
1628 4865 1720 4901 vos
1750 4848 1904 4900 exci—

341 4962 447 5007 tata
476 4960 557 5005 est
587 4965 613 5001 a
648 4949 876 5011 Satana,
906 4946 1155 5014 quoniam
1207 4945 1307 4998 scit
1359 4957 1449 4995 vos
1476 4942 1585 5010 jatn
1634 4940 1697 4991 ad
1746 4938 1902 4991 linem

343 5043 663 5111 pervenisse,
694 5051 747 5095 et
776 5041 1008 5094 futurum
1039 5052 1160 5091 esse
1190 5045 1245 5089 ut
1270 5049 1497 5089 coronas
1528 5050 1553 5084 a
1576 5032 1788 5085 Christo
1814 5044 1903 5083 ac-

339 5133 568 5201 cipiatis,
593 5135 762 5201 ipsum
785 5147 877 5199 per
902 5140 975 5196 te,
1004 5136 1059 5181 et
1088 5137 1138 5181 te
1162 5142 1256 5196 per
1278 5140 1421 5178 eum.
1449 5123 1587 5177 Nihil
1616 5136 1742 5189 ergo
1768 5118 1908 5173 aliud

340 5223 721 5291 cingitaveritis.
753 5221 902 5289 Quod
935 5220 979 5275 si
1009 5219 1229 5273 veniens
1263 5216 1482 5284 angelus
1515 5230 1617 5267 non
1650 5207 1914 5265 invenerit

345 5334 437 5372 vos
466 5320 517 5371 in
540 5321 726 5372 eodem
756 5318 894 5380 loco,
922 5316 1155 5369 futurum
1180 5323 1261 5366 est
1287 5322 1343 5365 ut
1369 5312 1579 5364 coronis
1601 5305 1908 5378 privemini.

342 5411 459 5463 Cito
494 5425 625 5478 ergo
673 5408 986 5462 festinantes
1035 5403 1259 5472 ingressi
1307 5410 1459 5467 sunt,
1487 5411 1539 5455 et
1568 5406 1830 5455 venerunt
1858 5396 1909 5449 in

343 5512 492 5553 suam
540 5500 728 5553 cellam
777 5497 1034 5551 charitate
1065 5494 1178 5564 (δι)
1216 5493 1468 5562 perfecta.
1521 5491 1585 5543 Et
1616 5489 1756 5542 intra
1784 5500 1911 5555 qna-

344 5592 588 5660 draginta
631 5590 780 5654 dies,
810 5590 917 5642 nbit
949 5590 1134 5643 beatus
1166 5584 1414 5653 Eulogius
1444 5582 1678 5651 migrans
1708 5580 1771 5633 ad
1806 5581 1909 5632 Do-

347 5682 568 5744 minum,
593 5690 649 5735 et
680 5681 819 5734 intra
845 5690 953 5733 tres
1001 5677 1133 5731 alios
1172 5676 1283 5732 obit
1318 5676 1363 5729 is
1394 5673 1486 5743 qui
1528 5682 1644 5727 erat
1686 5683 1913 5738 corpore

345 5775 638 5843 mutilatos,
674 5771 766 5828 sed
814 5771 987 5843 anima
1036 5772 1221 5839 firmus
1272 5782 1333 5822 ac
1378 5767 1651 5834 robustus,
1680 5762 1766 5831 qui
1798 5762 1911 5832 ipsc

2012 4705 2236 4760 peccans
2267 4703 2386 4741 eum
2421 4684 2592 4739 latuit.
2624 4680 2919 4755 Aliquando
2949 4687 3124 4732 autem
3173 4678 3240 4730 de
3287 4674 3574 4742 improviso

2012 4795 2286 4851 regressus
2317 4793 2381 4832 ex
2412 4792 2560 4845 agro,
2598 4783 2653 4827 et
2683 4775 2951 4841 ingressus
2991 4772 3203 4822 domum
3236 4781 3406 4832 suam,
3438 4764 3585 4817 inve-

2012 4874 2090 4926 nit
2120 4886 2213 4928 eos
2245 4872 2414 4940 turpia
2448 4876 2815 4938 perpetrantes
2837 4908 2850 4928 ,
2884 4864 3181 4918 deducente
3210 4860 3429 4914 Paulum
3462 4872 3585 4925 pro-

2013 4965 2245 5018 videntia
2277 4963 2340 5015 ad
2372 4962 2421 5015 id
2448 4959 2590 5029 quod
2635 4965 2751 5013 erat
2788 4950 2896 5010 sibi
2947 4952 3303 5008 conducibile.
3352 4949 3589 5016 Eamque

2012 5072 2131 5110 cum
2163 5054 2421 5115 vidisset,
2452 5066 2572 5105 cum
2602 5064 2667 5105 eo
2698 5063 2817 5101 cum
2848 5060 2955 5116 quo
2988 5044 3217 5098 habebat
3258 5040 3425 5108 stupri
3455 5053 3587 5093 con-

2013 5144 2372 5203 suetudinem,
2404 5144 2626 5195 honcste
2650 5153 2711 5192 ac
2740 5138 2935 5191 decore
2965 5133 3101 5197 risit,
3132 5140 3185 5185 et
3212 5133 3289 5186 eis
3319 5128 3592 5183 exclama-

2016 5238 2108 5301 vit,
2146 5237 2362 5289 dicens:
2390 5233 2533 5286 Bene
2561 5239 2664 5293 est,
2692 5229 2828 5285 bene
2852 5236 2956 5292 est,
2981 5238 3168 5280 revera
3209 5236 3316 5275 non
3347 5229 3430 5275 est
3459 5218 3590 5273 milti

2013 5342 2174 5383 cura}.
2212 5326 2311 5379 Per
2338 5323 2522 5379 Jesum
2549 5362 2564 5387 ,
2596 5334 2696 5390 ego
2736 5332 2853 5373 eam
2896 5332 3001 5371 non
3044 5314 3300 5382 accipiam
3344 5309 3593 5378 amplius,

2016 5420 2122 5483 abi,
2154 5434 2272 5472 eam
2303 5418 2397 5469 tibi
2432 5415 2568 5468 habe
2598 5423 2651 5467 et
2680 5411 2794 5480 ejus
2838 5409 3011 5471 ﬁlios;
3042 5421 3139 5474 ego
3184 5404 3328 5479 enim
3381 5400 3595 5483 recedo,

2015 5515 2067 5560 et
2095 5482 2296 5558 efficior
2325 5498 2642 5555 monachus.
2689 5495 2823 5549 Cum
2859 5493 2987 5547 nulli
3037 5498 3216 5543 autem
3247 5484 3471 5541 dixisset
3500 5482 3597 5535 alio

2015 5594 2165 5664 quid,
2195 5590 2484 5662 pertransit
2512 5597 2635 5643 octo
2662 5585 2966 5640 mansiones
2983 5580 3123 5651 (66),
3153 5588 3206 5633 et
3236 5577 3349 5631 abit
3376 5573 3439 5629 ad
3472 5586 3598 5626 san-

2017 5696 2158 5739 ctum
2201 5683 2487 5736 Antonium
2510 5721 2523 5742 ,
2553 5690 2607 5733 et
2645 5676 2819 5746 pulsat
2863 5672 3077 5728 ostium.
3132 5669 3387 5737 Egressus
3416 5671 3594 5717 autem

2017 5785 2228 5832 sanctus
2266 5774 2547 5837 Antonius,
2582 5786 2700 5827 cum
2720 5770 3012 5836 interrogat
3045 5778 3060 5817 :
3100 5757 3232 5827 Quid
3260 5756 3360 5825 vis?
3381 5754 3445 5810 Et
3465 5750 3596 5807 dicit
