4020 6440
472 409 616 466 1079

1948 408 2276 464 PALLADII‘

3605 400 3746 458 i680

504 545 881 602 PauluszV'ulo
911 547 1022 602 fleri
1051 547 1356 601 monachus.
1377 546 1680 614 RCSjlondel
1699 547 1748 601 ei
1775 547 2062 600 Antonius:
2097 550 2144 607 Α
2171 559 2333 600 unum
2380 542 2678 606 madefecit,
2708 550 2858 598 erant
2885 541 3030 596 enim
3069 541 3230 606 sicci;
3265 542 3340 596 illi
3370 549 3541 597 autem
3587 547 3717 596 tres.

499 636 674 691 Senex
703 636 1076 704 sexagenarius
1125 651 1225 688 non
1273 642 1446 703 potest
1471 635 1553 687 hic
1586 634 1696 687 fieri
1726 636 2058 699 monachus;

498 725 592 779 sed
625 725 797 793 potius
828 727 908 778 abi
943 725 996 777 in
1026 725 1197 776 vicum
1224 765 1237 788 ,
1271 735 1321 777 el
1369 739 1611 790 eperare,
1639 734 1693 777 et
1738 726 1896 776 vitam
1928 724 2062 792 dege

498 816 816 883 operariam,
846 815 954 867 Deo
977 828 1137 881 agens
1167 813 1381 881 gratias.
1415 813 1524 865 Non
1556 823 1704 882 potes
1729 815 1868 866 enim
1901 815 2064 865 susti-

500 920 628 959 nere
655 905 970 958 afﬂictiones
995 905 1314 956 solitudinis.
1351 905 1656 971 Respondet
1686 919 1869 966 senex,
1901 915 1952 956 et
1981 904 2062 955 di-

500 995 572 1050 cit
603 1011 617 1046 :
650 996 703 1048 Si
736 996 859 1062 quid
893 1009 974 1046 me
1004 994 1266 1058 docueris,
1303 993 1427 1047 illud
1475 994 1684 1046 faciam.
1722 995 1850 1046 Dicit
1881 995 1928 1048 ei
1957 995 2065 1045 An-

503 1081 856 1135 toniuszDixi
898 1083 989 1133 tibi
1023 1092 1070 1133 te
1100 1097 1218 1135 esse
1261 1097 1472 1144 senem,
1509 1090 1561 1134 et
1609 1097 1710 1133 non
1753 1097 1904 1147 posse
1946 1097 2065 1136 esse

504 1173 850 1233 monachum;
889 1172 994 1223 abi.
1026 1171 1078 1223 Si
1110 1170 1253 1224 enim
1287 1171 1365 1221 vis
1406 1185 1523 1222 esse
1554 1171 1864 1229 monachus,
1895 1170 2065 1238 ingre-

501 1262 627 1314 dere
653 1261 950 1314 cmnobium
980 1262 1064 1312 ubi
1097 1269 1219 1312 sunt
1254 1261 1556 1326 complures
1601 1261 1790 1311 fratres
1821 1263 1906 1328 qui
1937 1275 2063 1328 pos-

503 1358 624 1402 sunt
651 1358 791 1402 tuam
832 1349 972 1402 ferre
1001 1348 1434 1402 imbecillitatem.
1486 1349 1599 1416 Ego
1639 1351 1779 1401 enim
1811 1351 1954 1403 solus
1982 1351 2067 1403 hic

506 1441 692 1504 sedeo,
737 1441 966 1508 Quinque
998 1441 1199 1492 dierum
1228 1437 1400 1505 spatio
1449 1437 1726 1506 interjecto
1754 1439 2065 1506 comedens,

505 1532 663 1600 idque
711 1532 974 1586 esuriens.
1027 1530 1119 1584 His
1167 1544 1296 1607 ergo
1343 1528 1518 1582 verbis
1556 1529 1773 1582 Paulum
1803 1529 2066 1597 abigebat.

504 1623 790 1692 Postquam
823 1633 997 1676 autem
1027 1635 1147 1676 eum
1179 1635 1281 1674 non
1314 1619 1547 1682 admisit,
1578 1621 1757 1674 clauso
1784 1620 1921 1673 ostio
1957 1622 2068 1673 An-

507 1717 682 1769 tonius
708 1715 874 1768 tribus
906 1714 1095 1767 diebus
1123 1712 1263 1765 foras
1305 1725 1411 1764 non
1439 1720 1520 1765 est
1560 1725 1825 1778 egressus,
1857 1719 2071 1779 propter

505 1806 699 1873 ipsum,
727 1819 790 1857 ne
820 1802 1033 1871 quidem
1059 1801 1123 1855 ad
1153 1801 1497 1854 necessitates
1528 1812 1672 1853 snas.
1696 1799 1869 1854 Senex
1891 1808 2068 1853 autem

2165 637 2431 690 Psalmum
2478 635 2656 703 psallit
2703 634 2963 687 Antonius
3011 648 3166 702 quem
3217 643 3465 697 noverat;
3504 643 3560 688 et
3600 650 3715 690 cum

2162 739 2282 780 emn
2314 725 2598 778 duoderies
2623 725 2925 784 cecinisset,
2956 722 3241 776 duodecies
3265 724 3429 775 oravit
3457 733 3512 776 ut
3541 726 3594 777 in
3623 723 3719 778 hoc

2164 829 2370 881 quoque
2405 815 2618 866 Paulum
2646 813 2911 880 probaret.
2942 813 3113 866 Senex
3145 821 3320 866 autem
3349 814 3505 867 simul
3537 829 3719 880 preca-

2165 914 2250 956 tus
2278 914 2358 956 est
2385 905 2498 970 ipso
2539 918 2727 970 magno
2773 903 3005 955 Antonio
3051 906 3343 970 promptius
3374 913 3426 955 et
3470 901 3720 958 alacrius.

2165 992 2391 1045 Malebat
2432 993 2595 1058 enim,
2629 1002 2683 1043 ut
2731 992 2980 1054 arbitror,
3014 1006 3230 1055 pascere
3275 991 3531 1057 scorpios,
3563 1006 3720 1060 quam
3773 1049 3780 1055 _

2167 1099 2269 1134 una
2299 1084 2474 1135 vivere
2505 1097 2623 1135 cum
2651 1082 2909 1135 adultera.
2938 1082 3063 1134 Post
3091 1081 3375 1134 duodecim
3404 1093 3580 1135 autem
3609 1098 3722 1135 ora:

2169 1173 2360 1234 tiones,
2389 1173 2550 1225 Paulo
2590 1171 2718 1224 dicit
2763 1186 2982 1237 magnus
3012 1173 3272 1224 Antonius
3304 1190 3314 1222 :
3342 1172 3498 1234 Sede,
3531 1173 3721 1240 inquit,

2167 1274 2218 1317 et
2247 1278 2311 1316 ne
2335 1263 2582 1315 comedas
2607 1279 2768 1329 usque
2793 1263 2858 1314 ad
2883 1277 3188 1330 vesperam;
3215 1264 3303 1316 sed
3325 1265 3495 1316 solum
3514 1265 3725 1318 attende

2168 1354 2474 1407 esculentis.
2521 1351 2652 1406 Cum
2699 1366 2878 1405 autem
2926 1353 3113 1406 fuisset
3161 1368 3402 1421 vespera,
3433 1365 3488 1407 et
3537 1354 3725 1410 Paulus

2170 1458 2276 1496 non
2328 1442 2669 1506 comedisset,
2711 1443 2846 1495 dixit
2889 1441 2937 1496 ei
2977 1442 3237 1495 Antonius
3263 1459 3275 1493 :
3301 1442 3501 1510 Surge,
3533 1459 3650 1510 ora,
3675 1455 3726 1500 et

2169 1531 2363 1585 dormi.
2397 1531 2492 1586 ille
2518 1543 2693 1586 autem
2736 1547 2920 1586 mensa
2951 1531 3132 1586 relicta
3161 1534 3239 1586 sic
3269 1533 3411 1587 fecit.
3443 1533 3615 1587 Media
3641 1550 3726 1588 au-

2173 1629 2277 1675 tem
2307 1631 2461 1676 nocte
2488 1621 2739 1675 excitavit
2778 1637 2898 1676 eum
2937 1622 3003 1675 ad
3033 1622 3349 1690 orationem,
3379 1634 3428 1676 et
3472 1639 3641 1691 usque
3664 1625 3725 1679 ad

2173 1713 2358 1765 horam
2390 1726 2582 1764 nonani
2611 1710 2857 1778 produxit
2877 1714 3166 1765 orationes.
3202 1712 3380 1766 Mensa
3407 1722 3587 1766 autem
3619 1729 3726 1768 rur—

2173 1816 2264 1854 sus
2303 1801 2543 1869 apposita
2586 1815 2704 1854 cum
2749 1811 2800 1854 et
2847 1816 3028 1854 rursus
3078 1801 3361 1855 cecinisset
3405 1810 3460 1854 et
3503 1813 3722 1866 orasset,

505 1895 790 1962 permansit
821 1909 925 1947 non
956 1891 1230 1945 recedens.
1280 1890 1475 1956 Quarto
1506 1904 1632 1944 vero
1671 1889 1758 1942 die
1785 1904 1906 1942 cum
1936 1903 2061 1943 eum
2104 1894 2147 1952 Β
2173 1905 2291 1944 sero
2329 1905 2554 1958 vespere
2596 1890 2850 1945 sederunt
2887 1891 2954 1943 ad
2996 1889 3405 1944 comedendum.
3435 1889 3568 1944 Cum
3609 1906 3727 1958 ergo

505 1993 775 2054 premeret
822 1983 1137 2045 necessitas,
1157 1991 1341 2049 aperto
1379 1980 1516 2032 ostio
1559 1993 1805 2046 egressus
1856 1987 1958 2032 est.
2005 1978 2074 2032 Et

507 2087 629 2126 cum
663 2087 849 2125 rursus
880 2070 1100 2124 vidisset
1141 2069 1360 2122 Paulum
1385 2109 1400 2130 ,
1429 2068 1478 2121 ei
1506 2067 1634 2120 dicit
1657 2083 1679 2120 ι
1698 2068 1794 2120 Abi
1823 2068 1966 2132 hinc,
1992 2081 2078 2122 se-

507 2174 632 2214 nex.
665 2159 801 2224 Quid
833 2159 961 2212 mihi
991 2173 1050 2211 es
1080 2156 1368 2212 molestus?
1396 2172 1498 2210 non
1533 2164 1687 2226 potes
1720 2157 1806 2210 hic
1836 2171 2076 2212 manere.

509 2250 642 2304 Dicit
667 2250 715 2302 ei
747 2247 944 2301 Paulus
970 2265 982 2300 :
1009 2245 1153 2301 Fieri
1200 2262 1303 2299 non
1345 2255 1518 2314 potest
1545 2257 1599 2299 ut
1631 2261 1728 2314 ego
1758 2247 1881 2300 alibi
1921 2262 2077 2315 quam

508 2339 594 2394 hic
639 2338 858 2392 moriar.
892 2337 1024 2392 Cum
1055 2337 1350 2406 aspexisset
1396 2345 1574 2390 autem
1604 2337 1887 2403 Antonius,
1915 2348 1969 2392 et
2001 2338 2079 2392 vi-

508 2429 674 2484 disset
697 2442 816 2483 eum
844 2443 950 2481 non
972 2428 1111 2481 ferre
1135 2441 1197 2482 ea
1222 2441 1340 2494 qua:
1363 2437 1487 2480 sunt
1514 2427 1580 2480 ad
1608 2428 1803 2480 victum
1827 2443 2079 2482 necessa-

507 2520 610 2584 ria,
641 2533 746 2572 non
791 2533 1004 2588 panem,
1035 2533 1141 2571 non
1183 2531 1399 2586 aquam,
1431 2531 1534 2571 non
1582 2518 1782 2586 aliquid
1828 2519 1995 2585 aliud,
2025 2528 2081 2575 et

508 2609 616 2680 jam
648 2618 894 2678 quartum
925 2609 1066 2663 diem
1118 2622 1491 2677 perseverasse
1534 2607 1798 2678 jejunum,
1829 2611 2081 2678 cogitavit

516 2701 656 2768 apud
674 2714 731 2754 se
754 2717 766 2752 :
786 2699 861 2753 Ne
883 2702 1019 2753 forte
1039 2699 1316 2763 moriatur,
1337 2700 1499 2766 utqui
1523 2714 1627 2752 non
1649 2701 1717 2752 sit
1737 2713 1979 2754 assuetus
2002 2702 2083 2770 je-

509 2789 722 2858 jnnare,
749 2797 805 2842 et
829 2803 999 2843 meam
1017 2789 1243 2843 maculet
1260 2789 1514 2843 animam.
1533 2789 1666 2843 Eum
1683 2805 1812 2860 ergo
1828 2790 2078 2846 admittit.

482 2875 487 2880 ’
517 2880 559 2934 Τ
565 2894 666 2933 unc
709 2881 756 2934 ei
786 2880 909 2935 dicit
943 2882 1207 2933 Antonius
1235 2879 1430 2934 :Potes
1467 2893 1589 2936 esse
1614 2881 1788 2936 salvus
1813 2884 1858 2935 si
1889 2883 2084 2938 habeas

510 2970 898 3037 obedientiam,
924 2981 980 3024 et
1000 2969 1138 3038 quod
1165 2984 1196 3023 a
1223 2985 1307 3024 me
1333 2971 1566 3025 audieris
1591 2971 1690 3024 hoc
1718 2971 1925 3027 feceris.
1951 2973 2086 3025 Pau-

511 3065 597 3123 lus
639 3073 816 3118 autem
866 3063 1236 3131 respondens,
1285 3062 1464 3117 dixit:
1495 3062 1706 3116 Faciam
1754 3077 2085 3133 quascunque

513 3152 760 3225 iusseris.
795 3152 1086 3218 Talemque
1116 3153 1235 3204 vitae
1264 3164 1469 3218 aspera:
1497 3152 1715 3218 agenda:
1744 3150 2001 3206 rationem
2032 3161 2087 3207 et

2172 1980 2492 2034 comedisset
2508 1995 2728 2051 magnus
2749 1981 3010 2034 Antonius
3032 1995 3192 2032 unum
3220 1991 3575 2048 paxamatem,
3589 1983 3726 2037 aliud

2174 2085 2289 2124 non.
2327 2071 2517 2139 tetigit.
2549 2072 2724 2126 Senex
2766 2079 2940 2123 autem
2988 2071 3275 2124 comedens
3319 2071 3544 2137 tardius,
3567 2071 3727 2126 adhuc

2176 2162 2392 2216 tenebat
2419 2161 2772 2229 paxamidium
2804 2162 2942 2229 quod
2972 2169 3204 2229 ceperat.
3232 2160 3589 2229 Exspectabat
3614 2177 3728 2233 ergo

2175 2250 2438 2305 Antonius
2458 2251 2627 2304 donec
2659 2251 2984 2317 perfecisset,
3013 2259 3065 2304 et
3093 2251 3220 2304 dicit
3249 2251 3296 2304 ei
3321 2267 3336 2304 :
3359 2249 3611 2316 Comede,
3643 2266 3730 2319 pa~

2178 2342 2401 2406 tercule,
2432 2341 2590 2395 etiam
2614 2356 2773 2394 unum
2799 2342 2942 2395 aliud
2966 2343 3342 2410 paxamidium.
3369 2343 3508 2398 Dicit
3531 2345 3579 2398 ei
3608 2344 3728 2398 Pau-

2178 2431 2262 2485 lus
2313 2445 2330 2484 :
2369 2430 2424 2484 Si
2482 2439 2538 2484 tu
2585 2430 2865 2498 comedas,
2917 2446 3014 2501 ego
3063 2447 3274 2502 quoque
3320 2434 3638 2500 comedam;
3683 2445 3727 2488 te

2178 2533 2354 2580 autem
2385 2539 2487 2579 non
2527 2525 2858 2590 comedente,
2882 2539 2978 2580 nec
3016 2539 3116 2596 ego
3159 2526 3452 2580 comedam.
3504 2527 3633 2580 Dil'il
3683 2529 3724 2582 ei

2180 2614 2497 2672 Antonius":
2561 2615 2692 2672 Mihi
2764 2617 3008 2684 sufficit,
3096 2634 3213 2672 sum
3245 2620 3383 2671 enim
3425 2621 3723 2672 monachus.

2183 2707 2254 2760 Et
2279 2706 2402 2760 ille:
2427 2705 2493 2760 Et
2530 2705 2657 2760 mihi
2695 2706 2928 2769 sufficit;
2961 2721 3080 2760 nam
3119 2721 3218 2775 ego
3246 2721 3450 2775 quoque
3477 2709 3596 2761 volo
3626 2708 3722 2761 fieri

2181 2796 2495 2851 monachus.
2539 2794 2721 2864 Surgit
2748 2813 2952 2859 rursus,
2983 2806 3037 2852 et
3082 2796 3205 2850 facit
3233 2797 3506 2852 duodecim
3547 2798 3721 2850 oratio-

2184 2901 2301 2950 nes,
2332 2894 2384 2938 et
2415 2886 2593 2954 psallit
2621 2886 2898 2940 duodecim
2935 2887 3188 2955 psalmos.
3244 2887 3310 2940 Et
3337 2897 3453 2955 post
3477 2890 3723 2942 orationes
3815 2879 3819 2883 ’

2186 2977 2344 3045 primi
2363 2978 2535 3030 somni
2561 2991 2744 3046 parum
2769 2977 3062 3042 dormiunt;
3089 2987 3146 3032 et
3167 2993 3349 3032 rursus
3369 2980 3722 3048 expergiscan-

2189 3075 2272 3120 tur
2298 3067 2362 3119 ad
2395 3067 2719 3134 psallendum
2750 3082 2780 3119 a
2810 3067 2977 3120 media
3006 3077 3158 3121 nocte
3195 3067 3260 3120 ad
3286 3066 3424 3122 diem
3454 3081 3626 3137 usque.

2261 3156 2461 3210 Deinde
2491 3155 2632 3209 misit
2656 3171 2773 3208 eum
2818 3155 2883 3209 ad
2911 3156 3206 3210 obeundam
3253 3156 3600 3218 solitudinem,
3646 3155 3716 3207 di-

514 3245 625 3298 illis
665 3241 852 3296 diebus
892 3244 1127 3307 suscepit
1167 3235 1460 3306 Antonius,
1493 3241 1702 3310 qualem
1733 3242 1944 3310 quando
1971 3254 2083 3297 erat
2109 3248 2155 3309 C
2187 3263 2314 3305 cens
2343 3251 2429 3304 ei:
2464 3248 2592 3302 Veni
2643 3250 2743 3302 huc
2775 3256 2891 3315 post
2929 3257 3037 3303 tres
3085 3248 3217 3302 dies.
3264 3249 3393 3302 Cum
3443 3249 3539 3302 hoc
3564 3256 3712 3300 autem

518 3333 572 3387 in
606 3330 863 3399 principio
887 3327 1204 3398 juventutis.
1251 3328 1381 3397 Ejus
1419 3343 1546 3398 ergo
1587 3341 1818 3384 mentem
1861 3331 2090 3398 probans

515 3424 800 3486 Antonius,
834 3423 882 3475 ei
911 3421 1226 3486 dixit:Sta,
1253 3429 1308 3475 et
1351 3436 1447 3474 ora
1491 3424 1544 3475 in
1595 3422 1694 3476 hoc
1739 3421 1875 3488 loco,
1919 3424 2090 3478 donec

516 3512 805 3582 ingrediar,
829 3520 885 3566 et
928 3510 1146 3566 afferam
1197 3513 1288 3565 tibi
1336 3512 1477 3579 quod
1522 3514 1781 3581 opereris.
1815 3514 2089 3582 Ingressus

517 3616 694 3660 autem
729 3606 1063 3674 speluncam,
1099 3620 1193 3672 per
1235 3605 1522 3659 fenestram
1567 3605 1941 3659 animadvertit
1967 3619 2090 3659 eum

519 3696 576 3752 in
605 3711 670 3750 eo
715 3698 830 3749 loco
860 3703 1025 3748 totam
1058 3695 1443 3749 hebdomadam
1477 3710 1693 3750 manere
1737 3695 2087 3761 immobilem,

519 3801 640 3842 cum
663 3792 728 3839 ab
759 3794 892 3838 aestu
917 3795 1229 3838 torreretur.
1260 3785 1516 3852 Egressus
1542 3794 1715 3837 autem
1746 3792 1864 3852 post
1891 3782 2090 3836 hebdo-

523 3877 756 3944 niadam,
782 3891 902 3929 cum
933 3892 998 3928 ex
1032 3876 1218 3944 palmis
1249 3890 1425 3928 ramos
1456 3874 2086 3940 madefecisset,eidicit:

521 3970 737 4037 Accipe,
765 3978 816 4020 et
842 3978 1063 4020 contexe
1108 3965 1287 4020 funem
1331 3975 1387 4019 ut
1415 3983 1500 4019 me
1529 3966 1696 4020 vides.
1736 3967 1892 4020 Texit
1921 3981 2087 4020 senex

522 4059 590 4113 ad
619 4061 803 4112 horam
832 4071 999 4125 usque
1046 4071 1238 4110 nonam
1277 4058 1576 4127 quindecim
1615 4060 1765 4113 ulnas
1799 4073 1990 4127 magno
2017 4061 2092 4112 ta-

523 4155 676 4210 bore.
728 4157 856 4209 Cum
907 4165 1080 4206 autem
1129 4153 1348 4207 vidisset
1377 4155 1636 4208 Antonius
1683 4155 1734 4208 id
1779 4159 1917 4222 quod
1963 4168 2093 4208 con-

525 4255 786 4310 texuerat,
819 4246 870 4299 id
902 4246 1121 4298 minime
1164 4246 1213 4299 ei
1259 4245 1471 4312 placuit,
1503 4255 1557 4299 et
1607 4246 1707 4313 ipsi
1752 4245 1882 4298 dicit
1911 4262 1925 4297 :
1957 4245 2094 4299 Male

527 4340 887 4403 contexuisti,
921 4347 1139 4401 retexe,
1185 4345 1238 4390 et
1287 4337 1460 4390 denuo
1510 4346 1766 4399 contexe;
1817 4350 1936 4388 cum
1985 4335 2093 4403 jam

526 4430 754 4498 septimo
779 4429 865 4482 die
883 4427 1100 4495 jejunus
1127 4434 1310 4492 ageret
1329 4463 1345 4486 ,
1375 4425 1530 4493 idque
1561 4440 1680 4478 cum
1709 4434 1848 4478 esset
1877 4425 2094 4492 grandis

526 4527 704 4575 astate.
753 4519 978 4572 Tantum
1021 4524 1199 4570 autem
1245 4531 1364 4570 eum
1395 4515 1493 4569 hac
1520 4516 1589 4570 de
1618 4530 1774 4568 causa
1800 4515 2007 4582 aftlixit,
2039 4523 2096 4568 ut

2189 3339 2384 3395 factum
2413 3349 2572 3405 esset,
2625 3349 2678 3394 et
2704 3340 2914 3407 quidam
2967 3337 3156 3394 fratres
3201 3339 3264 3393 ad
3314 3355 3429 3395 eum
3458 3340 3706 3399 venissent,

2190 3433 2507 3488 observabat
2538 3431 2727 3486 Paulus
2760 3430 3040 3484 Antonium
3068 3430 3318 3499 quidnam
3345 3431 3492 3484 vellet
3510 3442 3610 3478 eum
3635 3421 3698 3473 fa-

2190 3539 2332 3580 cere.
2366 3525 2414 3578 ls
2455 3532 2630 3576 autem
2671 3521 2806 3574 dixit
2844 3521 2935 3575 ei:
2965 3520 3171 3574 Tacens
3200 3521 3422 3574 ministra
3450 3515 3687 3574 fratribus;

2192 3630 2365 3684 neque
2385 3613 2579 3682 aliquid
2607 3611 2902 3681 gustaveris
2930 3611 3094 3664 donec
3121 3610 3312 3664 fratres
3341 3609 3508 3662 fuerint
3526 3607 3606 3656 iter
3624 3603 3688 3654 in-

2191 3705 2378 3774 gressi.
2411 3703 2693 3771 Postquam
2716 3712 2889 3755 autem
2914 3701 3063 3754 tertia
3088 3701 3190 3766 jam
3216 3699 3428 3766 impleta
3453 3704 3573 3750 esset
3596 3690 3695 3743 heb-

2191 3797 2417 3850 domada
2446 3810 2509 3850 ex
2539 3809 2644 3863 quo
2683 3808 2788 3846 non
2813 3791 3115 3846 comederat
3147 3791 3357 3854 Paulus,
3391 3788 3570 3840 fratres
3609 3796 3716 3837 eum-

2193 3885 2449 3954 rogabant
2473 3902 2485 3936 :
2515 3884 2625 3950 Qua
2649 3881 2716 3936 de
2743 3896 2898 3935 causa
2929 3889 3070 3933 taces
3089 3880 3111 3931 ἲ
3132 3879 3367 3945 Cumque
3390 3877 3476 3929 ille
3503 3890 3595 3927 non
3620 3885 3712 3924 res-

2195 3977 2474 4046 ponderet,
2508 3973 2635 4026 dicit
2661 3974 2708 4026 ei
2737 3972 2997 4025 Antonius
3031 3987 3042 4022 :
3075 3970 3208 4036 Quid
3240 3968 3422 4022 taces?
3451 3965 3721 4028 colloquere

2194 4080 2315 4120 cum
2367 4063 2636 4118 fratribus.
2697 4062 2786 4116 ille
2828 4075 2957 4115 vero
3003 4071 3084 4114 est
3128 4059 3434 4113 collocutus.
3481 4057 3604 4109 Cum
3648 4050 3729 4102 ali-

2196 4156 2405 4227 quando
2447 4156 2496 4209 ei
2526 4153 2710 4208 fuisset
2751 4151 2907 4206 allata
2941 4165 3068 4204 urna
3099 4149 3288 4213 mellis,
3318 4147 3448 4201 dixit
3489 4151 3534 4198 ei
3585 4146 3732 4197 Anto-

2198 4247 2315 4299 nius
2351 4263 2363 4297 :
2399 4243 2603 4313 Frange
2633 4256 2748 4306 vas,
2780 4249 2832 4295 et
2863 4241 2964 4294 mel
2995 4239 3311 4294 effundatur.
3345 4237 3432 4292 Sic
3473 4245 3640 4287 autem
3666 4228 3736 4282 fe-

2196 4338 2286 4390 cit.
2324 4335 2388 4388 Et
2425 4335 2473 4388 ei
2513 4346 2697 4387 rursus
2745 4333 2870 4385 dicit
2904 4347 2916 4383 :
2951 4331 3152 4398 Collige
3200 4341 3378 4381 rursus
3408 4327 3506 4379 mel
3537 4322 3736 4381 concha,

2200 4442 2265 4480 ne
2319 4427 2503 4479 sordes
2571 4425 2771 4490 aliquas
2822 4422 3038 4475 inferas.
3096 4421 3160 4473 Et
3205 4433 3385 4471 rursus
3431 4418 3586 4482 jussit
3635 4427 3740 4466 eum

2205 4532 2393 4585 aquam
2433 4515 2647 4568 haurire
2675 4522 2783 4567 toto
2809 4513 2914 4567 die.
2956 4511 3023 4565 Et
3061 4524 3239 4562 rursus
3264 4523 3381 4561 cum
3410 4517 3608 4560 vestem
3646 4503 3744 4569 ejus

527 4625 673 4682 a‘gre
695 4605 870 4665 ferens
892 4624 1058 4663 senex
1089 4608 1292 4678 fugeret
1320 4609 1626 4672 Antonium,
1651 4617 1704 4663 et
1728 4609 1889 4661 vitam
1918 4623 2092 4660 mona~
2129 4617 2176 4675 ι)
2204 4605 2555 4669 dissolvisset,
2583 4603 2740 4672 jussit
2761 4617 3036 4657 censuere.
3065 4601 3283 4654 Tantam
3309 4599 3536 4666 denique
3569 4597 3648 4648 hic
3679 4595 3746 4644 vir

528 4705 772 4758 chorum.
803 4701 850 4754 Is
879 4709 1052 4754 autem
1083 4700 1299 4755 eosdem
1329 4715 1503 4753 ramos
1530 4710 1583 4753 et
1627 4701 1884 4769 retexuit,
1916 4709 1967 4753 et
1997 4700 2099 4753 ite-

531 4810 648 4851 rum
671 4791 944 4848 contexuit
967 4808 1085 4846 cum
1110 4807 1300 4861 magno
1327 4792 1530 4856 labore,
1545 4790 1685 4860 quod
1702 4806 1766 4844 ex
1789 4800 2099 4846 contextura

531 4889 705 4958 prima
737 4887 960 4940 fuissent
986 4887 1272 4955 corrugati.
1321 4885 1452 4939 Cum
1482 4899 1609 4951 ergo
1637 4885 1852 4938 vidisset
1882 4897 2101 4951 magnus

532 4977 797 5031 Antonius
823 4993 942 5029 eum
975 4991 1072 5029 nec
1095 4991 1471 5040 murmurasse,
1499 4991 1666 5046 neque
1691 4976 1924 5029 animum
1955 4974 2102 5042 abje-

532 5069 694 5135 cisse,
722 5083 891 5136 neque
915 5068 1117 5121 vultum
1137 5083 1287 5121 suum
1317 5069 1534 5120 omnino
1561 5069 1838 5132 avertisse,
1862 5075 1915 5120 et
1931 5079 2101 5135 neque

533 5161 622 5214 vel
653 5160 915 5214 tantillum
937 5163 1323 5226 succensuisse,
1357 5167 1568 5227 propter
1595 5174 1715 5212 eum
1745 5168 1826 5212 est
1849 5172 2104 5226 compun-

533 5260 671 5304 ctus.
700 5249 765 5302 Et
792 5249 903 5302 sole
932 5250 1203 5303 occidente
1231 5250 1279 5302 ei
1307 5248 1438 5302 dicit
1461 5247 1794 5313 :Patercule,
1819 5247 1898 5299 vis
1921 5259 2103 5300 come-

537 5346 726 5398 damus
773 5341 1128 5409 fragmentum
1176 5340 1360 5407 panis?
1412 5339 1548 5393 Dicit
1572 5339 1621 5393 ei
1656 5337 1981 5392 Paulus:Ut
2010 5336 2105 5391 tibi

538 5434 768 5498 videtur,
802 5433 958 5487 abba.
985 5430 1096 5484 Hoc
1119 5445 1327 5499 quoque
1349 5445 1530 5483 rursus
1562 5429 1766 5483 inflexit
1793 5429 2102 5495 Antonium,

536 5524 681 5597 quod
718 5539 822 5578 non
864 5524 930 5576 ad
971 5524 1072 5577 cibi
1112 5523 1351 5576 nuntium
1393 5521 1631 5590 protinus
1673 5521 1984 5584 accurrerit,
2009 5520 2102 5573 sed

540 5617 592 5671 ei
620 5627 936 5685 potestatem
959 5614 1280 5683 permiserit.
1309 5613 1438 5665 Para
1464 5612 2099 5680 ergo,inquit,mensam;

542 5715 599 5758 et
626 5705 846 5760 obediit.
898 5706 1020 5758 Fert
1062 5718 1224 5772 panes
1254 5701 1534 5768 Antonius,
1561 5709 1617 5755 et
1659 5701 1883 5769 imponit
1907 5713 2106 5752 mensae

552 5804 772 5859 quatuor
819 5805 1121 5862 paxamates
1145 5837 1158 5861 ,
1196 5809 1286 5849 sex
1337 5792 1640 5858 unciarum;
1673 5801 1723 5847 et
1753 5791 1852 5847 sibi
1895 5789 2104 5858 quidem

2207 4697 2437 4768 possedit
2478 4695 2856 4757 obedientiam,
2891 4702 2946 4747 ut
2975 4693 3020 4747 ei
3047 4693 3204 4746 etiam
3232 4691 3348 4742 data
3377 4688 3446 4740 sit
3469 4687 3640 4755 gratia
3677 4684 3749 4735 di-

2207 4788 2428 4851 vinitus,
2462 4800 2654 4854 nempe
2685 4796 2739 4837 ut
2765 4785 2978 4852 ejiceret
3007 4783 3294 4836 daemones.
3326 4779 3611 4847 Postquam
3636 4788 3751 4844 ergo

2207 4879 2337 4932 vidit
2377 4892 2558 4932 senem
2592 4889 2814 4943 magnus
2843 4875 3122 4938 Antonius,
3149 4880 3389 4940 prompte
3416 4883 3536 4922 eum
3561 4882 3677 4922 esse
3695 4864 3754 4918 ad

2209 4970 2385 5022 omnia
2428 4977 2663 5021 secutum
2700 4967 2752 5019 in
2781 4967 2901 5018 vita:
2931 4963 3240 5019 exercendas
3263 4963 3488 5025 ratione,
3518 4964 3565 5015 ei
3598 4960 3755 5014 dicit;

2212 5060 2365 5126 Vide,
2392 5058 2575 5124 frater,
2605 5057 2648 5111 si
2679 5059 2756 5110 sic
2795 5058 2845 5109 in
2874 5055 2987 5111 dies
3009 5064 3178 5124 potes,
3207 5068 3359 5108 mane
3383 5066 3608 5106 mecum.
3638 5049 3759 5103 Dicit

2210 5153 2256 5205 ci
2289 5151 2483 5205 Paulus
2514 5167 2528 5202 :
2557 5152 2638 5204 An
2685 5149 2809 5218 quid
2839 5149 2966 5201 mihi
3007 5147 3178 5215 possis
3210 5144 3435 5212 amplius
3464 5141 3758 5201 ostendere,

2211 5240 2415 5294 nescio.
2446 5239 2578 5294 Nam
2602 5254 2662 5293 ea
2692 5254 2810 5307 quas
2835 5238 2941 5291 vidi
2981 5252 3009 5289 a
3042 5245 3092 5290 te
3121 5236 3252 5300 fieri,
3281 5249 3379 5302 ego
3407 5247 3616 5302 quoque
3641 5229 3760 5283 facio

2211 5333 2364 5386 facile
2389 5341 2443 5386 et
2462 5333 2594 5386 citra
2627 5331 2885 5394 laborem,
2912 5329 3022 5383 Deo
3050 5329 3177 5381 mihi
3199 5341 3350 5393 opem
3381 5325 3602 5378 ferente.
3627 5321 3762 5374 Tunc

2211 5425 2257 5478 ei
2289 5423 2416 5478 dicit
2453 5423 2714 5478 Antonius
2737 5422 2838 5476 alio
2863 5421 2986 5475 die:
3020 5419 3072 5471 In
3104 5417 3315 5472 nomine
3345 5417 3492 5478 Jesu,
3518 5427 3644 5467 ecce
3667 5410 3762 5464 fac-

2215 5524 2299 5567 tus
2327 5528 2386 5568 es
2414 5515 2725 5567 monachus.
2746 5513 2877 5566 Cum
2901 5519 3074 5564 autem
3096 5508 3224 5561 satis
3251 5518 3510 5574 superque
3530 5513 3761 5567 comper-

2215 5615 2323 5658 tum
2357 5604 2576 5659 haberet
2602 5606 2658 5658 in
2686 5603 2930 5657 omnibus
2955 5614 3173 5669 magnus
3200 5608 3251 5652 et
3276 5597 3463 5651 beatus
3490 5590 3759 5648 Antonius.

2214 5714 2332 5754 esse
2360 5698 2639 5752 admodum
2669 5695 2952 5764 perfectam
2979 5697 3204 5747 animam
3232 5687 3430 5744 Christi
3459 5697 3688 5742 servum,
3715 5684 3763 5730 ut

2217 5789 2305 5858 qui
2347 5799 2487 5846 esset
2526 5788 2807 5844 admodum
2857 5785 3111 5852 simplex;
3167 5791 3281 5849 post
3329 5787 3500 5849 centes
3543 5781 3759 5828 menses.
