4020 6474
475 323 613 395 1083

1937 338 2289 401 PALLADII

3608 335 3746 401 1034

472 441 593 529 λίριν
626 440 829 506 ἁπλοῦς
884 444 978 507 ὣν,
1007 446 1145 515 μετὰ
1183 448 1357 517 μῆνας
1391 451 1587 519 ρητοὺς
1643 450 1743 519 τῆς
1794 450 1887 505 τοῦ
1921 448 2056 503 Θεοῦ
2088 455 2130 510 Α
2162 452 2257 504 καὶ
2282 451 2382 503 ποῦ
2408 451 2629 505 ἀπέλθω
2651 452 2751 506 οὑκ
2787 450 2925 509 οῖδα.
2979 452 3091 509 Kal
3132 449 3472 529 παραχρῆμα
3512 446 3741 517 ἐξῆλθεν

472 528 698 597 χάριτος
754 532 1123 601 συνεργούσης
1162 534 1432 605 Ἀντωνίῳ
1477 538 1553 605 τῷ
1603 537 1859 607 μακαρίῳ
1916 539 2060 589 ποιεῖ

471 616 627 685 αὑτῷ
657 616 851 670 κέλλαν
878 618 1063 671 λοιπὸν
1094 619 1169 683 ὡς
1191 621 1299 674 ἀπὸ
1332 624 1575 692 σημείων
1595 624 1761 693 τριῶν
1798 625 1830 693 ἢ
1866 623 2061 677 τεσσά-

478 721 590 776 ρων
614 705 711 775 τῆς
736 705 931 759 ἑαυτοῦ
982 706 1198 777 κέλλης.
1226 710 1336 761 Kal
1385 709 1531 775 λέγει
1563 710 1731 780 αὐτῷ’
1779 711 1932 773 Ἰδοὺ,
1960 712 2059 781 τῆς

476 792 759 861 δυνάμεως
789 794 885 845 τοῦ
913 795 1151 863 Χριστοῦ
1177 795 1547 866 συνεργούσης
1577 814 1657 850 σοι
1692 799 1921 866 γέγονας
1964 815 2060 867 μο-

478 879 658 948 ναχός.
688 880 833 932 Μένε
865 880 986 933 κατ’
1019 881 1155 934 ίδίαν
1178 882 1387 944 λοιπὸν,
1424 883 1511 935 ἵνα
1546 886 1640 936 καὶ
1668 886 1861 954 πεῖραν
1890 884 2059 954 λάϐῃς

478 964 772 1034 δαιμόνων.
796 967 1036 1037 Οίκήσας
1061 963 1153 1020 οῦν
1178 968 1297 1021 καθ’
1332 969 1526 1023 ἑαυτὸν
1555 970 1768 1033 Παῦλος
1792 971 1821 1022 6
1856 970 2061 1032 ἁπλοῦς

480 1049 599 1113 ἔτος
634 1051 713 1114 ἓν,
735 1054 1070 1123 χαρίσματος
1104 1054 1305 1124 ήξιώθη
1330 1056 1471 1108 κατά
1492 1056 1759 1127 δαιμόνων
1782 1060 1875 1111 καὶ
1903 1073 2062 1126 νοση-

484 1136 670 1205 μάτων
694 1139 1067 1206 παντοδαπῶν,
1102 1142 1454 1210 κατορθώσας
1484 1146 1563 1207 εἰς
1613 1143 1781 1212 ἀκρον
1816 1144 1914 1213 τὴν
1962 1144 2061 1212 τῆς

483 1228 768 1297 ἀσκήσεως
790 1230 1010 1298 ἀρετήν.

555 1316 671 1384 Μιᾷ
690 1315 870 1368 τοίνυν
895 1317 1004 1368 τῶν
1038 1316 1262 1388 ἡμερῶν
1298 1318 1421 1371 καθ’
1466 1318 1774 1391 ὑπερϐολὴν
1820 1319 2061 1372 δεινοτά-

484 1420 593 1465 τως
617 1404 906 1472 δαιμονιῶν
940 1405 1082 1475 ήχθη
1124 1408 1408 1469 νεανίσκος
1445 1408 1713 1479 Ἀντωνίῳ
1760 1408 1838 1478 τῷ
1881 1424 2062 1478 μακα-

490 1494 588 1564 ρίῳ
616 1495 842 1564 ἀρχικὸν
869 1494 1008 1564 ἔχων
1053 1495 1435 1565 χαλεπώτατον
1458 1498 1708 1567 δαίμονα,
1734 1498 1791 1561 ὃς
1819 1501 1910 1551 καὶ
1962 1498 2061 1549 αὐ-

484 1579 576 1631 τὸν
627 1580 716 1632 τὸν
775 1581 1002 1650 οὐρανὸν
1053 1582 1374 1652 ἐδυσφήμει.
1438 1583 1836 1653 Προσεσχηκὼς
1897 1582 1990 1636 οῦν
2036 1584 2064 1635 6

487 1670 660 1738 μέγας
713 1669 995 1735 Ἀντώνιος
1049 1670 1126 1740 τῷ
1170 1672 1459 1740 νεανίσκῳ,
1498 1671 1644 1739 λέγει
1696 1676 1808 1737 τοῖς
1839 1674 2064 1738 ἄγουσιν

485 1756 669 1808 αὐτόν·
703 1757 817 1809 Ούκ
866 1757 981 1809 ἐστι
1040 1758 1195 1809 τοῦτο
1241 1759 1370 1826 ἐμὸν
1417 1759 1477 1810 τὸ
1538 1759 1718 1829 ἔργον.
1751 1762 1907 1814 Κατὰ
1955 1763 2065 1833 γάρ
2100 1782 2141 1837 Β

487 1842 679 1896 τούτου
726 1843 819 1896 τοῦ
860 1846 1137 1912 τάγματος
1195 1845 1302 1897 τῶν
1366 1846 1641 1915 δαιμόνων
1698 1846 1792 1899 τοῦ
1839 1848 2067 1918 ἀρχικοῦ

490 1929 643 1984 οὔπω
666 1933 903 2001 ἠξιώθην
950 1932 1308 2002 χαρίσματος,
1345 1935 1480 1987 ἀλλά
1513 1936 1672 1988 τοῦτό
1725 1938 1839 1989 ἐστι
1876 1938 1935 1989 16
1970 1938 2070 2006 χά-

494 2036 666 2089 ρισμα
699 2019 912 2072 Παύλου
942 2020 1034 2072 τοῦ
1056 2020 1251 2074 ἀπλοῦ.
1319 2022 1593 2074 Ἀπελθὼν
1629 2024 1721 2075 οῦν
1747 2026 1775 2075 6
1805 2024 2073 2094 μακάριος

506 2105 789 2169 Ἀντώνιος
839 2107 973 2178 πρὸς
1016 2108 1106 2161 16v
1139 2108 1361 2176 δόκιμον
1395 2109 1606 2161 Παῦλον
1638 2111 1928 2180 ἀπήγαγεν
1978 2112 2072 2163 καὶ

492 2192 713 2257 αὑτοὺς,
750 2194 843 2245 καὶ
872 2194 1018 2261 λέγει
1061 2193 1230 2263 αὐτῷ·
1281 2194 1455 2248 ’Λϐϐἄ
1484 2194 1687 2259 Παῦλε,
1742 2196 1940 2248 ἔκϐαλε
1981 2196 2072 2249 τὸν

492 2280 722 2349 δαίμονα
773 2280 961 2333 τοῦτον
1016 2282 1125 2333 ἀπὸ
1156 2282 1249 2333 τοῦ
1293 2281 1604 2351 ἀνθρώπου,
1662 2284 1746 2335 ἵνα
1815 2285 2072 2351 ὑγιαίνων

494 2367 705 2438 ἀπέλθῃ
731 2368 808 2429 είς
854 2368 920 2419 τά
957 2368 1085 2430 ἴδια,
1132 2370 1226 2420 καὶ
1279 2369 1472 2440 δοξάζῃ
1524 2372 1615 2423 16v
1655 2371 1878 2441 Κύριον.
1910 2372 2071 2439 Λέγει

495 2454 644 2524 αὑτῷ
672 2457 699 2506 ό
723 2454 949 2516 Παῦλος·
982 2456 1054 2506 Σὺ
1086 2459 1191 2526 γάρ
1215 2457 1265 2507 τί
1288 2474 1301 2520 ;
1325 2458 1485 2521 Λέγει
1514 2458 1661 2527 αύτῴ
1691 2461 1718 2511 ὀ
1752 2459 2034 2521 ’Λντώνιος
2056 2474 2068 2488 ο

495 2541 572 2595 Οὑ
614 2541 859 2611 σχολάζω
888 2542 1019 2609 ἐγὼ,
1047 2543 1175 2596 ἀλλο
1203 2544 1310 2612 ἔχω
1360 2545 1537 2614 ἔργον.
1574 2545 1683 2597 Kal
1738 2545 2071 2609 καταλείψας

495 2632 615 2684 ἐκεῖ
641 2630 731 2683 τὸν
752 2630 917 2683 παῖδα
946 2632 973 2681 6
997 2632 1169 2700 μέγας
1211 2631 1512 2696 Ἀντώνιος,
1551 2633 1891 2703 ὑπέστρεψεν
1909 2633 2072 2686 πάλιν

494 2721 576 2782 εις
606 2718 702 2789 τὴν
729 2718 861 2771 ίδίαν
896 2718 1112 2771 κέλλαν.
1161 2720 1425 2781 Ἀναστάς
1451 2719 1544 2772 οὖν
1574 2723 1602 2772 6
1623 2721 1829 2783 ἄκακος
1860 2722 2062 2788 γέρων,

497 2806 594 2859 καὶ
644 2805 1084 2875 προσευξάμενος
1129 2806 1324 2876 ἐνεργῆ
1377 2808 1705 2876 προσευχὴν,
1763 2808 2074 2875 προσκαλεο

498 2897 733 2964 σάμενος
783 2894 872 2945 τὸν
906 2893 1290 2962 δαιμονιῶντα,
1327 2894 1496 2961 λέγει⁸
1528 2896 1760 2963 Εἴρηκεν
1818 2897 1846 2947 6
1901 2894 2075 2955 άϐϐᾶς

511 2982 816 3046 Ἀντώνιος,
833 2980 915 3032 ὅτι
941 2980 1163 3043 Ἔξελθε
1184 2982 1292 3033 ἀπὸ
1319 2980 1411 3034 τοῦ
1432 2981 1744 3051 ἀνθρώπου,
1769 2981 1857 3034 ἵνα
1875 2980 2074 3051 δοξάςῃ

496 3066 591 3119 τὸν
644 3064 847 3136 Κύριον
904 3066 1085 3136 ὑγιής.
1123 3066 1181 3118 '0
1229 3066 1285 3118 δέ
1329 3065 1539 3134 δαίμων
1590 3066 1727 3133 μετά
1765 3066 2077 3135 δυσφημίας

504 3153 807 3223 ἀνέκραξεν
825 3168 841 3183 ⁸
874 3153 988 3206 Οὐκ
1015 3154 1331 3223 ἐξέρχομαι,
1364 3153 1674 3222 φαγόγηρε,
1702 3151 1855 3222 λῆρε.
1881 3151 2079 3205 Λαϐὼν

498 3242 595 3296 οῦν
623 3241 720 3310 τὴν
764 3240 1016 3311 μηλωτήν
1058 3240 1219 3293 αὑτοῦ
1247 3240 1386 3293 κατά
1414 3238 1504 3291 τοῦ
1550 3238 1721 3291 νώτου
1764 3240 1924 3291 αὑτὸν
1958 3240 2081 3291 ἐτυ-

502 3346 657 3392 πτεν,
684 3327 881 3395 λέγων·
908 3326 1154 3393 Ἔξελθε,
1177 3328 1397 3397 εἴρηκεν
1423 3328 1451 3378 6
1478 3326 1651 3388 ἀϐϐᾶς
1684 3326 1986 3401 Ἀντώνιοςξ
2022 3328 2081 3381 '0

499 3416 557 3469 δὲ
586 3414 797 3484 δαίμων
826 3414 1087 3486 ἐλοιδόρει
1115 3414 1208 3467 καὶ
1241 3412 1522 3466 ’Λντώνιον
1558 3413 1914 3484 σφοδρότερον
1947 3414 2084 3481 μετά

500 3502 596 3556 τοῦ
618 3501 855 3566 Παύλου,
886 3501 1082 3569 λέγων’
1110 3503 1171 3553 Οί
1195 3499 1514 3569 πολιοφάγοι
1541 3496 1708 3567 οὗτοι,
1747 3503 1794 3553 οἱ
1821 3500 2017 3570 λεληθα
2029 3519 2084 3571 ρ-

502 3592 755 3663 γημένοι,
794 3591 844 3643 of.
865 3589 1149 3661 ἄπληστοι,
1174 3590 1221 3641 οί
1252 3590 1522 3660 μηδέποτε
1552 3592 1666 3652 τοῖς
1700 3589 1854 3652 ίδίοις
1884 3590 2085 3657 ἀρκού-

506 3698 681 3753 μενοι,
712 3679 767 3732 τί
796 3680 974 3733 κοινὸν
1019 3678 1171 3749 ἔχετε
1207 3677 1327 3747 μεθ’
1374 3676 1573 3747 ήμῶν;
1606 3677 1658 3729 τί
1687 3679 1837 3747 ἡμᾶς
1886 3696 2086 3748 τυραν-

504 3766 867 3836 νεϊτε;Τέλο;
917 3765 1065 3835 λέγει
1117 3764 1264 3835 αὐτῷ
1302 3765 1331 3816 6
1383 3763 1615 3827 Παῦλος⁶
1688 3764 2081 3835 Ἐκϐαίνεις,ἢ

505 3858 733 3923 ὑπάγων
761 3854 905 3922 λέγω
939 3852 1015 3923 τῷ
1052 3851 1271 3923 Χριστῷ
1298 3868 1313 3917 ;
1345 3850 1419 3920 μά
1447 3852 1537 3903 τὸν
1582 3851 1810 3920 Ἰησοῦν,
1843 3852 1939 3904 ἐὰν
1987 3853 2086 3904 οὐκ

507 3942 789 4012 ἐκϐαίνῃς,
807 3938 917 4009 ἐγὼ
944 3940 1069 4011 ἄρτι
1091 3938 1307 4006 ὑπάγω,
1326 3937 1468 4006 λέγω
1496 3938 1573 4008 τῷ
1590 3934 1829 4009 Χριστῷ,
1853 3940 1947 3991 καὶ
1969 3940 2088 3991 οὐαί

509 4047 595 4084 σοι
623 4029 736 4100 ἔχει
768 4030 1012 4098 ποιῆσαι.
1047 4027 1589 4097 Προσεδυσφήμησεν
1617 4026 1712 4078 καὶ
1744 4026 1834 4077 τὸν
1881 4026 2089 4095 Ἰησοῦν

506 4122 539 4174 6
553 4121 827 4190 ἀνήμερος
848 4116 1077 4185 δαίμων,
1097 4116 1335 4185 κράζων,
1353 4117 1467 4170 Οὐκ
1489 4116 1807 4186 ἐξέρχομαι.
1826 4115 1949 4168 Ἐπὶ
1964 4118 2086 4169 τού-

507 4225 587 4278 τῳ
608 4208 889 4277 χολώσαςό
913 4205 1067 4273 ἅγιος
1084 4204 1296 4265 Παῦλος
1313 4205 1454 4256 κατά
1482 4203 1573 4256 τοῦ
1603 4204 1874 4273 δαίμονος,
1897 4204 2087 4274 ἐξῆλθε

508 4295 607 4363 τῆς
627 4293 822 4346 ἑαυτοῦ
862 4290 1039 4357 ξενίας
1069 4291 1187 4343 κατ’
1214 4290 1382 4359 αὐτὴν
1409 4293 1506 4359 τήν
1554 4289 1823 4359 σταθερὰν
1874 4307 2088 4360 μεσημη

510 4380 692 4450 δρίαν.
712 4379 834 4432 Τῶν
854 4380 912 4432 δὲ
927 4378 1242 4446 Αἰγυπτίων
1262 4379 1321 4429 16
1347 4377 1538 4447 καῦμα
1558 4377 1795 4447 μάλιστα
1816 4379 1874 4430 τὸ
1898 4380 1956 4430 ἐν
1977 4381 2090 4441 τοῖς

2160 538 2224 590 16
2266 539 2484 607 πνεῦμα
2528 540 2620 593 τοῦ
2674 541 2953 611 δαίμονος,
3006 542 3101 594 καὶ
3144 537 3447 611 μετεϐλήθη
3476 537 3553 598 εἰς
3613 536 3744 605 δρά-

2162 641 2327 678 κοντα
2357 627 2611 695 μέγιστον
2634 628 2765 681 ὡσεὶ
2806 628 2996 697 πηχῶν
3019 627 3407 697 ἐϐδομήκοντα,
3435 624 3543 678 Kal
3571 624 3743 693 ἀπῄει

2166 713 2460 781 συρόμενος
2525 718 2603 777 εἰς
2655 715 2754 784 τὴν
2814 716 3089 768 θάλασσαν
3146 715 3243 783 τὴν
3286 710 3593 781 Ἐρυθρὰν·
3658 711 3744 761 ἵνα

2165 799 2428 869 πληρωθῆ
2458 800 2516 851 τὸ
2548 800 2712 870 ῥηθὲν
2743 800 2846 853 ὑπὸ
2873 800 2966 853 τοῦ
3018 800 3174 867 ἁγίου
3208 798 3547 867 Πνεύματος·
3592 796 3745 848 Ἐπιο

2162 884 2525 955 δεικνυμένην
2557 887 2739 939 πίστιν
2765 886 3059 954 ἀναγγελεῖ
3088 886 3314 947 δίκαιος.
3352 884 3460 938 Καὶ
3487 882 3656 935 πάλιν
3689 882 3745 934 ἐν

2169 971 2342 1042 ἑτέρῳ
2366 989 2380 1003 ·
2440 973 2562 1025 Ἐπὶ
2622 973 2744 1026 τίνα
2788 973 3088 1042 ἐπιϐλέψω,
3116 974 3279 1042 φησὶν
3314 971 3342 1022 6
3375 968 3615 1040 Κύριος,
3655 969 3747 1022 ἐπὶ

2166 1058 2257 1110 τὸν
2289 1059 2563 1123 ταπεινὸν,
2606 1060 2701 1111 καὶ
2754 1060 3000 1129 ἡσύχιον,
3038 1061 3131 1111 καὶ
3163 1058 3434 1128 τρέμοντά
3466 1074 3570 1127 μου
3620 1057 3745 1118 τοὺς

2163 1144 2379 1213 λόγους.
2429 1145 2601 1199 Είωθε
2637 1146 2746 1214 γάρ
2792 1146 2858 1197 τὰ
2915 1146 3269 1214 ταπεινότερα
3310 1145 3419 1197 τῶν
3472 1144 3745 1211 δαιμόνων

2168 1230 2274 1283 ὑπὸ
2306 1232 2417 1286 τῶν
2446 1232 2691 1302 ἀρχικῶν
2735 1231 3040 1302 ἀνθρώπων
3066 1234 3123 1285 ἐν
3156 1234 3222 1302 τῇ
3258 1232 3438 1283 πίστει
3476 1230 3744 1283 ἐκϐάλλε-

2166 1319 2311 1372 σθαι’
2333 1322 2457 1383 τοὺς
2475 1320 2531 1372 δὲ
2556 1322 2816 1390 ἀρχικοὺς
2836 1321 2997 1372 πάλιν
3020 1320 3277 1389 δαίμονας
3298 1317 3521 1371 ὑπὸτῶν
3556 1333 3745 1369 ταπει-

2164 1407 2269 1458 νῶν
2286 1406 2697 1474 φυγαδεύεσθαι.
2722 1406 3037 1460 Ταῦτάὲστι
3064 1406 3313 1474 θαύματα
3329 1404 3420 1456 τοῦ
3440 1401 3635 1467 ἀπλοῦί
3660 1403 3745 1453 καὶ.

2168 1492 2429 1559 ταπεινόφ
2440 1509 2609 1561 ρονος,
2636 1494 2729 1544 καὶ
2748 1493 2881 1546 ἀλλα
2906 1492 3127 1545 πλείονα
3153 1492 3247 1544 καὶ
3272 1489 3491 1559 μείζονα
3518 1487 3742 1542 τούτων.

2170 1581 2266 1643 ’ος
2298 1579 2583 1651 ἀπεκλήθη
2617 1579 2845 1640 Ἀπλοῦς
2867 1580 3017 1651 παρά
3044 1581 3222 1650 πάσης
3245 1579 3341 1646 τῆς
3362 1575 3739 1646 ἀδελφότητος.

2745 1667 2994 1720 ΚΕΦΑΛ.
3037 1665 3167 1718 KB'.

2747 1754 2885 1822 Περὶ
2926 1752 3157 1821 Παχών.

2245 1840 2440 1911 Παχών
2488 1858 2570 1904 τις
2599 1841 2824 1909 ὀνόματι
2859 1842 2985 1911 περὶ
3016 1841 3084 1894 τά
3126 1839 3495 1909 ἐϐδομήκοντα
3553 1836 3744 1895 ἐλάσας

2174 1932 2266 2001 ἐτη
2321 1932 2616 1993 ἐκαθέζετο
2654 1932 2711 1982 ἐν
2747 1932 2813 2001 τῇ
2851 1931 3071 1999 Σκήτει.
3114 1928 3318 1996 Συνέϐη
3356 1924 3399 1977 δ’
3432 1924 3537 1994 ἐμὲ
3596 1923 3742 1993 ὀχλη-

2174 2019 2335 2071 θέντα
2366 2019 2471 2071 ὑτὼ
2521 2018 2613 2071 τοῦ
2650 2017 2901 2087 δαίμονος
2937 2016 3291 2086 συνεχόμενον
3350 2012 3623 2081 ἐπιθυμίᾳ
3650 2028 3739 2077 γυ-

2173 2106 2389 2176 ναικείᾳ
2414 2106 2700 2173 δυσφορεῖν
2728 2105 2820 2156 καὶ
2846 2104 2982 2173 πρὸς
3013 2105 3137 2161 τοὺς
3168 2102 3461 2169 λογισμοὺς
3494 2101 3596 2152 καὶ
3619 2097 3740 2166 πρὸς

2172 2193 2270 2256 τὰς
2306 2193 2606 2261 φαντασίας
2628 2192 2727 2253 τὰς
2756 2191 3095 2260 νυκτερινὰς.
3128 2190 3240 2243 Kal
3272 2189 3437 2256 ἐγγὺς
3460 2187 3740 2255 γενόμενος

2176 2282 2279 2334 ὑπὸ
2328 2280 2517 2332 τούτου
2571 2278 2664 2332 τοῦ
2700 2279 3007 2349 πειρασμοῦ
3056 2277 3292 2342 ἐξελθεῖν
3350 2275 3449 2344 τῆς
3509 2275 3735 2343 ἐρήμου,

2177 2369 2491 2431 ὲλαύνοντός
2518 2384 2585 2439 με
2613 2366 2988 2437 σφοδροτάτως
3011 2365 3103 2417 τοῦ
3131 2365 3331 2427 πάθους
3360 2365 3491 2432 (τοῖς
3524 2362 3625 2431 μὲν
3645 2359 3739 2428 γὰρ

2178 2456 2386 2524 γείτοσι
2414 2458 2523 2509 τῶν
2551 2454 2811 2523 Πατέρων
2840 2454 2939 2505 οὑκ
2971 2452 3240 2522 ἀνεθέμην
3261 2452 3322 2503 τὸ
3355 2451 3613 2519 πρᾶγμα,
3636 2445 3737 2499 ἀλλ’

2177 2543 2299 2597 οὔτε
2330 2544 2408 2613 τῷ
2461 2542 2766 2611 διδασκάλῳ
2823 2558 2923 2610 μου
2975 2538 3289 2607 Εὑαγρίῳ)·
3342 2537 3643 2607 λεληθότως
3689 2533 3737 2585 δὲ

2179 2629 2515 2700 παραϐαλὼν
2563 2632 2642 2693 είς
2676 2629 2776 2696 τὴν
2834 2627 3174 2695 πανέρημον,
3210 2623 3609 2691 συνετύγχανον
3657 2621 3734 2672 ἐπὶ

2178 2720 2391 2789 ἡμέρας
2424 2718 2723 2771 δεκαπέντε
2755 2718 2867 2778 τοῖς
2900 2715 3043 2769 κατὰ
3084 2714 3182 2783 τὴν
3226 2712 3428 2781 Σκῆτιν
3472 2708 3732 2779 Πατράσιν

2179 2807 2485 2876 γηράσασιν
2509 2808 2567 2856 ἐν
2598 2808 2663 2875 τῇ
2694 2805 2909 2873 ἐρήμῳ.
2955 2803 3041 2854 Ἐν
3070 2796 3151 2863 οἷς
3179 2800 3242 2870 δὴ
3283 2798 3608 2869 περιέτυχον
3652 2796 3733 2848 καὶ

2178 2896 2259 2965 τῷ
2321 2894 2539 2963 Παχών.
2603 2892 2792 2961 Εύρὼν
2844 2891 2936 2945 οῦν
3002 2890 3162 2943 αὑτὸν
3222 2887 3605 2957 ἀκεραιότερον
3653 2888 3729 2936 καὶ

2181 2981 2640 3051 ἀσκητικώτερον,
2674 2979 2953 3049 ἐθάρσησα
3007 2976 3157 3046 αύτῷ
3196 2973 3493 3028 ἀναθέσθαι
3542 2991 3636 3042 μου
3673 2972 3728 3023 τά

2183 3070 2280 3140 τῆς
2313 3067 2573 3129 διανοίας.
2605 3066 2716 3119 Καὶ
2753 3066 2903 3131 λέγει
2933 3082 3022 3132 μοι
3052 3066 3080 3116 6
3111 3064 3262 3130 ἅγιος
3296 3056 3484 3125 οὗτος·
3536 3062 3621 3131 Μὴ
3658 3060 3727 3123 ξεο

2184 3158 2304 3227 νίσῃ
2349 3173 2407 3207 σε
2436 3155 2496 3207 16
2539 3156 2793 3225 πρᾶγμα.
2829 3154 2902 3205 Οὐ
2937 3153 3044 3222 γὰρ
3086 3152 3219 3204 αὐτὸ
3254 3151 3481 3220 πάσχεις
3517 3149 3616 3202 ἀπὸ
3642 3150 3727 3217 ῥᾳδ

2185 3243 2403 3313 θυμίας.
2436 3244 2722 3311 Μαρτυρεῖ
2741 3240 2849 3311 γάρ
2884 3254 2967 3293 σοι
3004 3240 3099 3291 καὶ
3124 3238 3153 3289 6
3179 3239 3339 3301 τόπος
3373 3240 3466 3291 καὶ
3494 3239 3524 3305 ἡ
3554 3236 3722 3294 πάνυ

2183 3332 2293 3386 τῶν
2328 3329 2549 3401 χρειῶν,
2611 3328 2798 3381 καὶτὸ
2851 3327 2926 3397 μὴ
2979 3322 3121 3380 εἶναι
3184 3325 3471 3394 συντυχίας
3523 3320 3717 3390 θηλειῶν

2186 3421 2395 3473 ἐνθάδε.
2439 3417 2599 3470 Ἀλλά
2626 3417 2825 3488 μᾶλλον
2862 3414 2971 3469 ἀπὸ
3004 3414 3241 3481 σπουδῆς
3280 3414 3377 3483 τῆς
3403 3411 3511 3465 κατ’
3534 3408 3707 3479 ἀρετὴν

2189 3506 2479 3574 συμϐαίνει
2533 3521 2614 3557 σοι
2661 3502 2820 3557 τοῦτο
2849 3503 3001 3573 παρά
3034 3501 3129 3554 τοῦ
3182 3501 3427 3552 ἐναντίου.
3465 3494 3697 3565 Τριπλοῦ;

2186 3595 2295 3665 γάρ
2350 3595 2497 3646 ἐστιν
2522 3594 2549 3643 6
2600 3592 2836 3662 πόλεμος
2865 3592 2893 3643 6
2929 3589 3208 3659 πορνικός.
3262 3587 3394 3640 Ποτέ
3441 3585 3522 3654 μὲν
3545 3582 3687 3649 γάρὴ

2190 3682 2328 3751 σὰρξ
2361 3682 2491 3751 ἡμῖν
2522 3679 2823 3732 ἐπιτίθεται
2868 3676 2929 3730 εῦ
2956 3676 3235 3729 παθοῦσα·
3269 3674 3394 3727 ποτὲ
3416 3673 3466 3725 δέ
3502 3670 3561 3723 τὰ
3578 3666 3696 3733 τάθη

2188 3771 2319 3840 ήμῖν
2353 3768 2739 3820 ἐπανίστανται
2791 3765 2878 3817 διὰ
2906 3764 3013 3816 τῶν
3052 3763 3361 3831 λογισμῶνο
3398 3758 3524 3811 ποτε
3563 3755 3609 3807 δὲ
3632 3754 3706 3805 κο).

2189 3845 2351 3923 αὑτὸς
2378 3862 2405 3910 ό
2441 3858 2651 3927 δαίμων
2704 3856 3018 3924 τυραννεῖηή
3032 3854 3139 3922 μᾶς
3172 3854 3259 3906 διὰ
3309 3850 3405 3919 τῆς
3436 3844 3713 3918 βασκανίας.

2203 3947 2342 4018 Ἐγὼ
2358 3947 2466 4017 γάρ
2496 3944 2664 3997 πολλὰ
2697 3942 3099 4013 παρατηρήσας
3141 3937 3358 4009 εὕρηκα
3382 3936 3551 3988 τοῦτο.
3589 3932 3719 3989 ‘1506,

2189 4038 2263 4100 ὡς
2287 4036 2418 4106 ὁρᾷς
2439 4051 2528 4105 με,
2552 4034 2784 4102 γέροντα
2817 4028 3103 4095 ἄνθρωπον
3130 4043 3141 4056 ·
3176 4021 3598 4094 τεσσαρακοστὸν
3624 4020 3723 4079 ἔτος

2190 4126 2299 4196 ἔχω
2319 4127 2377 4178 ἐν
2391 4126 2457 4195 τῇ
2483 4123 2649 4193 κέλλῃ
2668 4122 2843 4193 ταύτῃ
2869 4119 3173 4189 φροντίζων
3196 4119 3291 4187 τῆς
3321 4111 3557 4184 ἐμαυτοῦ
3584 4124 3731 4174 σωτη-

2197 4214 2339 4283 ρίας·
2367 4212 2459 4264 xal
2488 4210 2693 4282 ταύτην
2724 4210 2871 4277 ἀγων
2894 4207 2991 4273 τὴν
3014 4204 3229 4275 ἡλικίαν
3265 4203 3457 4272 μέχρις
3493 4202 3612 4270 ἄρτι
3630 4212 3733 4249 πει-

2199 4299 2458 4370 ράζομαι.
2492 4298 2602 4350 Kal
2634 4297 2850 4365 ὢμνυτο
2882 4294 3079 4361 λέγων,
3110 4292 3190 4343 ὅτι
3223 4289 3439 4342 Δώδεκα
3470 4288 3586 4354 ἐτη,
3621 4284 3739 4355 μετὰ

2194 4391 2253 4442 16
2279 4386 2645 4457 πεντηκοστόν
2675 4402 2743 4455 με
2775 4382 2891 4446 ἔτος
2924 4382 3098 4448 ἄγειν,
3122 4381 3182 4432 οὑ
3207 4378 3377 4430 νύκτα
3399 4394 3491 4447 μοι
3524 4371 3743 4441 συνεχώο

510 4444 696 4533 τόποις
730 4468 959 4533 ἐκείνοις
991 4444 1253 4536 συγγενές
1293 4468 1410 4519 ἐστι
1436 4444 1577 4537 τάχα
1604 4468 1704 4538 τῆς
1740 4467 2085 4532 Βαϐυλωνίας
2116 4444 2169 4503 D
2196 4494 2380 4548 ρησεν,
2428 4444 2526 4544 Lex
2580 4444 2795 4545 ἡμέραν
2842 4444 3215 4539 ἐπιτιθέμενός
3273 4444 3744 4535 μοιίΎπονοήσας

510 4558 926 4625 καμίνου..Στάς
938 4552 1031 4609 οὖν
1059 4557 1133 4618 ὡς
1148 4556 1339 4619 στύλος
1367 4559 1395 4609 6
1415 4555 1505 4609 τοῦ
1522 4557 1752 4626 ούρανοῦ
1782 4558 1974 4621 στύλος
1992 4559 2087 4611 ἐπὶ

512 4648 613 4718 τῆς
644 4646 852 4715 πέτρας
883 4641 943 4699 ἓν
973 4646 1053 4716 τῷ
1081 4645 1196 4717 ὄρει
1256 4647 1644 4717 προσεύχεται,
1665 4647 1840 4715 λέγων
1868 4647 2041 4711 οὑτως
2070 4664 2083 4678 ·

514 4737 587 4788 Σὺ
616 4734 855 4805 βλέπεις,
896 4732 1069 4804 Ἰησοῦ
1095 4733 1321 4803 Χριστέ,
1343 4735 1717 4804 όσταυρωθεὶς
1744 4736 1835 4787 ἐπὶ
1863 4736 2087 4789 Ποντίου

515 4824 772 4890 Πιλάτου,
799 4822 880 4875 ὅτι
902 4823 964 4874 οὑ
994 4821 1217 4874 καταϐῶ
1245 4822 1352 4874 ἀπὸ
1398 4822 1495 4891 τῆς
1537 4822 1767 4892 πέτρας,
1794 4822 1856 4875 οὑ
1908 4824 2087 4891 φάγω,

512 4914 574 4965 ού
604 4911 734 4975 πίω,
764 4911 869 4974 ἓως
893 4902 954 4963 οὑ
981 4910 1238 4963 ἀποθάνω
1264 4925 1279 4942 ο
1308 4910 1406 4963 ἐὰν
1449 4909 1523 4980 μὴ
1560 4909 1685 4979 ἀρτι
1718 4910 1956 4980 ἀκούσῃς
1997 4912 2092 4964 καὶ

516 5001 752 5070 ἐκϐάλῃς
780 5000 970 5052 τοῦτον
1018 4998 1109 5051 τὸν
1131 4998 1362 5066 δαίμονα
1392 4996 1501 5049 ἀπὸ
1541 4995 1634 5049 τοῦ
1665 4996 1977 5064 ἀνθρώπου,
1997 4999 2092 5051 καὶ

515 5088 799 5158 ἐλεύθερον
824 5088 985 5140 αὐτὸν
1013 5087 1248 5157 ποιήσῃς
1274 5085 1382 5140 ἀπὸ
1406 5085 1597 5137 τούτου
1646 5085 1741 5137 τοῦ
1784 5085 2092 5155 πνεύματος

514 5178 610 5231 τοῦ
644 5176 976 5247 ἀκαθάρτου.
1015 5177 1137 5228 Ἔτι
1167 5175 1455 5236 λαλοῦντος
1496 5172 1587 5225 τοῦ
1619 5172 1795 5226 ἁπλοῦ
1844 5176 1940 5229 καὶ
1995 5192 2094 5227 τα-

515 5265 868 5334 πεινόφρονος
892 5263 1105 5316 Παύλου
1138 5262 1215 5331 τῷ
1274 5260 1471 5333 Ἰησοῦ,
1500 5261 1606 5332 πρὸ
1637 5261 1733 5315 τοῦ
1777 5262 2093 5334 τελεσθῆναι

515 5356 645 5415 τοὺς
698 5352 889 5418 λόγους
946 5349 1039 5402 τοῦ
1109 5350 1377 5418 στόματος
1454 5348 1619 5401 αὑτοῦ
1683 5350 1775 5402 τοῦ
1828 5350 2092 5420 καθαροῦ,

519 5440 818 5510 ἀνέκραξεν
875 5439 1026 5491 κάτω
1109 5437 1244 5506 πρὸς
1326 5435 1424 5506 τὴν
1504 5436 1698 5489 κέλλαν
1757 5438 1784 5489 ό
1859 5438 2089 5508 δαίμων·

524 5513 780 5595 Ὑπάγω,
809 5527 1025 5594 ὑπάγω,
1052 5527 1366 5596 ἐξέρχομαι,
1400 5525 1489 5596 βίᾳ
1516 5528 1609 5578 καὶ
1637 5528 1911 5597 τυραννίδι
1933 5528 2093 5582 ἐλαύ-

521 5631 700 5685 νομαι,
742 5616 1009 5687 ἀναχωρῶ
1048 5617 1142 5669 τοῦ
1172 5615 1483 5687 ἀνθρώπου,
1514 5618 1695 5669 οὐκέτι
1736 5619 1959 5685 ἐγγίζω.
2022 5619 2097 5671 T6

524 5703 775 5758 ταπεινὴν
816 5706 908 5757 καὶ
942 5703 1153 5757 ἁπλοῦν.
1170 5703 1381 5758 Παύλου
1424 5704 1635 5760 ἐλαύνει
1670 5722 1735 5775 με
1765 5707 2089 5775 φυγαδεῦον,

2193 4562 2288 4618 οὖν
2315 4566 2396 4617 ὅτι
2413 4563 2627 4631 ἀπέστη
2656 4577 2758 4630 μου
2778 4562 2804 4611 ὀ
2831 4559 2985 4622 Θεὸς,
3011 4558 3092 4610 διὸ
3109 4559 3204 4609 καὶ
3228 4552 3749 4618 καταδυναστεύομαι

2192 4654 2365 4716 οὕτως
2394 4668 2406 4680 ·
2436 4650 2730 4722 ᾑρησάμην
2759 4647 3055 4700 ἀποθανεῖν
3080 4644 3275 4716 μᾶλλον
3294 4644 3526 4711 ἀλόγως,
3549 4641 3583 4710 ἢ
3608 4637 3749 4692 πάθει

2195 4744 2446 4813 σώματος
2491 4736 2876 4811 ἀσχημονῆσαι
2933 4736 3191 4804 αἰσχρῶς.
3246 4734 3357 4787 Kal
3386 4732 3617 4798 ἐξελθών
3658 4742 3751 4813 μου

2194 4812 2293 4901 τῆς
2312 4830 2530 4899 κέλλης,
2560 4828 2655 4880 κα)⁸
2671 4824 2901 4896 περιιὼν
2932 4824 3031 4894 τὴν
3056 4826 3282 4893 ἔρημον,
3314 4822 3583 4891 σπήλαιον
3613 4812 3753 4886 εὗρον

2193 4921 2416 4989 ὑαίνηςο
2446 4918 2528 4980 είς
2580 4915 2609 4967 ὃ
2640 4914 2903 4986 σπήλαιον
2961 4913 3135 4983 ἔθηκα
3185 4912 3423 4981 ἐμαυτὸν
3468 4911 3530 4962 ἐν
3586 4907 3755 4989 ήμέρᾳ

2192 4988 2431 5078 γυμνόν·
2469 5006 2559 5057 ἵνα
2592 5003 2873 5067 ἐξελθόντα
2916 5019 2983 5072 με
3014 5002 3164 5072 φάγῃ
3209 5002 3277 5052 τά
3311 4999 3498 5070 θηρία.
3546 4997 3634 5060 Ὠς
3676 4988 3756 5047 οὖν

2196 5098 2414 5163 ἐγένετο
2469 5093 2701 5163 ἑσπέρα,
2734 5092 2873 5144 κατά
2935 5092 2993 5142 16
3042 5089 3453 5159 γεγραμμένον,
3503 5087 3566 5140 Ὁ
3619 5086 3758 5155 ἥλιος

2194 5183 2336 5251 ἔγνω
2360 5184 2457 5252 τὴν
2498 5182 2649 5234 δύσιν
2694 5180 2881 5232 αὑτοῦ.
2943 5178 3106 5231 ΙἙϐου
3162 5178 3373 5242 σκότος,
3422 5174 3520 5227 καὶ
3554 5173 3757 5242 ἐγένετο

2195 5270 2311 5335 νύξ.
2360 5270 2449 5321 Ἐν
2509 5269 2643 5338 αὐτῇ
2701 5266 3064 5320 διελεύσονται
3123 5267 3300 5320 πάντα
3354 5263 3425 5316 τά
3474 5261 3642 5333 θηρία
3676 5255 3756 5311 τοῦ

2195 5356 2425 5427 δρυμοῦ.
2470 5356 2533 5408 Οἱ
2596 5356 2824 5423 σκύμνοι
2876 5354 3181 5425 ὠρυόμενοι
3232 5351 3327 5403 τοῦ
3377 5352 3628 5420 ἁρπάσαι
3677 5347 3757 5399 καὶ

2196 5446 2429 5517 ζητῆσαι
2466 5443 2617 5513 παρά
2649 5441 2725 5511 τῷ
2755 5442 2876 5511 Θεῷ
2935 5442 3138 5511 βρῶσιν
3169 5441 3372 5501 αὐτοῖς.
3432 5436 3759 5502 Ἐξελθόντες

2195 5535 2289 5587 οῦν
2319 5535 2368 5586 οἱ
2415 5533 2579 5601 θῆρες
2627 5529 2893 5599 ὲνέκείνῃ
2944 5531 3008 5597 τῇ
3043 5528 3162 5598 ὥρᾳ
3199 5529 3225 5580 ὃ
3275 5543 3331 5579 τε
3382 5529 3559 5596 ἄρσην
3614 5523 3755 5588 xalt‘,

2198 5622 2386 5691 θήλεια
2416 5619 2819 5689 ὼσφράνθησάν
2883 5634 2971 5687 με,
3007 5618 3116 5668 άπὸ
3150 5615 3324 5668 ποδῶν
3372 5616 3473 5678 ἕως
3533 5610 3757 5679 κεφαλῆς

2201 5728 2265 5762 πε
2278 5709 2603 5780 ριλείξαντές
2633 5723 2722 5774 με.
2749 5704 2859 5758 Kal
2884 5705 2956 5768 ὡς
2988 5702 3209 5757 ἐδόκουν
3237 5702 3531 5773 βρωθῆναι,
3571 5698 3758 5765 ἀνεκτ-
