4020 6420
287 315 312 369 i
323 308 426 369 085

285 431 379 489 Dei
408 431 579 501 gratia
608 441 763 495 opem
792 423 998 480 ferente
1018 420 1175 475 beato
1204 413 1452 479 Antonio,
1478 406 1599 465 facit
1629 408 1677 463 ei
1706 406 1854 501 dein-

284 499 627 587 ceps—cellam
655 518 719 572 ad
759 527 866 570 tres
887 514 975 565 vel
1017 518 1244 579 quatuor
1271 505 1474 573 lapides
1520 517 1547 553 a
1577 514 1672 554 sua
1701 499 1854 551 cella.

292 615 357 668 Et
384 611 517 666 dicit
545 610 595 663 ei
624 626 639 662 :
673 608 808 662 Ecce
829 602 1023 659 Christi
1052 601 1245 654 virtute
1279 610 1432 662 opem
1472 592 1672 645 ferente
1701 597 1752 641 tu
1785 588 1858 639 fa-

300 716 418 756 ctus
443 716 501 755 es
530 698 840 759 monachus,
867 706 1021 747 mane
1042 690 1293 754 deinceps
1321 698 1582 745 seorsum,
1613 687 1671 733 ut
1698 679 1859 733 etiam

296 791 456 846 facias
509 787 800 857 periculum
849 784 1169 837 daemonum.
1220 774 1353 829 Cum
1397 786 1524 841 ergo
1577 785 1717 824 anno
1753 780 1861 820 uno

285 884 423 953 apud
454 897 513 937 se
537 880 831 937 habitasset
874 874 1070 929 Paulus
1112 864 1571 937 Simplicissimus,
1611 869 1665 915 ct
1693 859 1860 929 gratia

286 976 531 1044 dignatus
574 980 657 1026 est
709 969 963 1023 adversus
1014 964 1285 1018 daemones
1314 968 1369 1013 et
1419 957 1674 1011 adversus
1703 966 1863 1005 omne

285 1078 457 1136 genus
483 1062 718 1128 morbos,
750 1075 809 1115 se
830 1057 1065 1128 perfecte
1085 1064 1277 1125 geretis
1298 1052 1350 1106 in
1382 1050 1577 1103 virtute
1598 1045 1862 1101 exercita-

284 1154 469 1211 tionis.

360 1241 597 1309 Quodam
626 1253 752 1307 ergo
776 1238 863 1292 die
884 1231 1320 1291 adolescentulus
1350 1229 1439 1297 qui
1461 1242 1616 1297 supra
1648 1224 1863 1279 modum

283 1332 519 1402 graviter
547 1332 834 1384 vexabatur
861 1342 890 1380 a
917 1325 1180 1387 demone,
1212 1322 1405 1375 allatus
1436 1328 1518 1372 est
1546 1318 1611 1371 ad
1642 1318 1856 1370 beatum

283 1423 595 1486 Antonium,
649 1420 851 1473 habens
899 1415 1245 1483 principalem
1278 1410 1628 1465 saevissimum
1660 1406 1866 1460 daemo-

285 1530 410 1571 nem
439 1512 579 1584 (6'1),
604 1512 690 1581 qui
720 1508 879 1565 etiam
906 1510 1074 1577 ipsum
1103 1505 1295 1559 caelum
1328 1501 1626 1556 maledictis
1653 1508 1706 1553 et
1736 1512 1864 1565 pro-

287 1607 402 1662 bris
438 1603 834 1674 insequebatur.
884 1600 1017 1655 Cum
1049 1599 1205 1667 igitur
1233 1596 1626 1649 adolescentem
1678 1590 1865 1644 obser-

288 1704 475 1753 vasset
499 1709 721 1763 magnus
751 1692 1035 1757 Antonius,
1063 1690 1190 1744 dicit
1216 1690 1279 1741 iis
1310 1687 1396 1756 qui
1421 1701 1539 1741 eum
1565 1682 1863 1737 ducebant:

1554 287 1879 349 HISTORIA
1916 282 2278 342 LAUSIACA.

1885 401 1929 459 Α
1954 396 2127 465 justus
2148 388 2478 448 annuntiabit
2506 386 2685 456 (Prov.
2721 398 2842 451 xii).
2871 382 2937 437 Et
2964 396 3148 436 rursus
3169 380 3296 437 allbi
3324 398 3338 435 :
3364 382 3534 451 Super

3398 267 3533 328 l086

1962 500 2119 554 quem
2143 482 2444 550 respiciam,
2475 477 2642 546 inquit
2674 472 2947 536 Dominus,
2974 469 3075 525 nisi
3101 486 3259 541 super
3289 484 3536 524 mansues

1963 583 2076 629 tum
2099 582 2155 628 ct
2181 572 2429 625 humilem
2460 578 2514 622 et
2536 576 2848 621 trementem
2877 565 3034 617 verba
3060 578 3175 616 mea
3201 560 3335 633 (Ira.
3369 566 3537 616 urit?

1964 665 2150 720 Solent
2190 664 2333 718 enim
2376 660 2688 715 humiliores
2716 657 2985 710 dmmones
3009 654 3129 723 ejici
3150 656 3215 708 ab
3243 653 3545 707 hominibus

1966 757 2072 813 fide
2167 754 2561 825 principalibus
2585 792 2602 818 ,
2710 751 3032 821 principales
3059 765 3243 805 rursus
3272 749 3543 803 daemones

1966 848 2133 916 fugari
2160 847 2226 901 ab
2254 845 2563 899 humilibus.
2611 841 2734 895 llaec
2762 850 2885 895 sunt
2914 840 3165 895 miracula
3196 842 3364 895 sancti
3394 839 3544 894 Pauli

1965 936 2239 1006 Simplicis
2267 944 2320 991 et
2348 935 2585 1000 humilis,
2618 934 2825 1000 aliaque
2849 932 2993 1000 plura
3017 941 3072 985 et
3094 931 3174 987 his
3206 932 3423 1001 n'iajora.
3451 932 3547 987 llic

1966 1040 2187 1085 vocatus
2217 1038 2297 1083 est
2319 1026 2556 1097 Simplex
2586 1040 2617 1079 a
2641 1034 2748 1078 tota
2779 1023 3132 1078 fraternitate.

2529 1196 2755 1252 CAPUT
2787 1196 2973 1251 XXIX.

2364 1349 2483 1406 Vita
2529 1350 2725 1405 abbatis
2769 1351 2977 1405 Pachon
3006 1352 3142 1423 (70).

2038 1502 2261 1570 Quidam
2294 1504 2507 1558 Pachon
2554 1504 2788 1569 nomine,
2821 1518 2943 1558 cum
2994 1506 3323 1573 pervenisset
3354 1508 3419 1561 ad
3449 1522 3548 1562 au~

1969 1610 2096 1651 num
2127 1596 2603 1665 septuagesimum,
2630 1595 2847 1650 sedebat
2886 1596 2938 1649 in
2980 1596 3154 1652 Scete.
3201 1598 3411 1653 Accidit
3456 1616 3551 1653 au-

1972 1694 2076 1739 tem
2101 1697 2158 1738 ut
2183 1701 2282 1753 ego
2304 1696 2521 1740 vexatus
2548 1687 2617 1740 ab
2645 1686 2921 1740 affectione
2949 1686 3189 1743 feminea
3227 1690 3551 1757 cupiditatis,

292 1790 410 1844 Non
442 1798 521 1842 est
555 1787 655 1840 hoc
682 1800 858 1839 mem“
888 1798 1060 1851 opus;
1092 1796 1213 1835 nam
1239 1786 1422 1834 contra
1455 1777 1596 1831 hunc
1625 1775 1865 1829 ordinem
1899 1754 1947 1812 Β
1981 1779 2495 1847 cogitationibusque
2534 1788 2587 1833 et
2609 1779 2739 1832 visis
2768 1778 3061 1840 nocturnis,
3097 1754 3551 1835 ferrem'difﬁcili-

248 1930 255 1941 ,
298 1880 620 1941 dmmonum,
664 1889 853 1945 nempe
894 1872 1262 1944 principalem,
1292 1870 1526 1923 nondum
1571 1881 1687 1921 sunt
1708 1864 1870 1918 dona-

246 1966 253 2041 ᾗ
292 1979 380 2026 tus
407 1971 598 2041 gratia,
626 1968 720 2023 sed
750 1967 862 2021 haec
888 1974 972 2020 est
1002 1964 1145 2019 Pauli
1170 1962 1336 2031 gratia
1360 1958 1646 2028 Simplicis.
1673 1957 1871 2011 Abiens

293 2080 421 2134 ergo
473 2076 693 2132 magnus
724 2061 987 2117 Antonius
1034 2058 1098 2112 ad
1146 2056 1576 2125 probatissimum
1632 2053 1873 2115 Paulum,

294 2156 438 2224 ipsos
467 2170 679 2225 quoque
708 2153 946 2214 deduxit,
980 2160 1035 2205 et
1063 2151 1192 2205 dicit
1220 2150 1267 2204 ei
1299 2168 1312 2202 :
1342 2148 1493 2203 Abba
1528 2146 1708 2212 Paule,
1739 2146 1872 2215 ejice

298 2249 438 2301 hunc
468 2248 765 2299 daemonem
794 2244 863 2297 ab
890 2242 993 2295 hoc
1023 2240 1257 2301 homine,
1290 2249 1344 2292 ut
1379 2253 1544 2292 sanus
1569 2237 1636 2289 ad
1662 2248 1755 2290 sua
1784 2253 1872 2290 re-

299 2335 445 2402 deat,
470 2343 523 2388 et
546 2333 824 2387 Dominum
849 2328 1128 2400 glorificet.
1158 2327 1295 2381 Dicit
1318 2327 1364 2379 ei
1392 2325 1584 2379 Paulus
1608 2340 1621 2378 :
1646 2325 1724 2378 Tu
1749 2340 1877 2378 vvro

301 2424 467 2492 quid?
517 2422 651 2475 Dicit
700 2422 748 2474 ei
784 2417 1044 2473 Antonius
1088 2431 1103 2467 :
1155 2414 1265 2468 Non
1308 2422 1391 2468 est
1418 2413 1546 2467 mihi
1576 2411 1763 2481 otium,
1796 2424 1877 2466 est

303 2512 441 2567 aliud
469 2510 610 2579 quod
644 2525 819 2579 agam.
853 2509 916 2562 Et
946 2508 1129 2561 relicto
1160 2505 1267 2558 illic
1298 2518 1480 2572 puero,
1523 2516 1769 2557 reversus
1798 2513 1880 2557 est

302 2618 526 2673 magnus
571 2601 833 2657 Antonius
880 2600 930 2653 in
960 2612 1108 2652 suam
1139 2597 1347 2651 cellam.
1380 2596 1510 2648 Cum
1538 2609 1664 2663 ergo
1694 2610 1875 2648 surre-

306 2698 472 2751 xisset
509 2696 767 2751 innocens
796 2706 985 2757 senex,
1020 2700 1073 2745 et
1112 2689 1381 2743 efficacem
1426 2683 1651 2739 fudisset
1679 2684 1876 2737 oratio-

306 2804 453 2857 nem,
485 2788 616 2842 dicit
646 2799 937 2855 provocans
962 2781 1350 2837 daemoniacum
1380 2796 1392 2832 :
1425 2776 1746 2832 Dixitabbas
1772 2777 1881 2830 Au-

304 2878 497 2942 tonius,
526 2878 795 2947 Egredere
813 2875 880 2930 ab
904 2874 1138 2929 homine.
1166 2872 1381 2926 Dzemon
1406 2879 1582 2923 autem
1610 2882 1731 2922 cum
1757 2883 1880 2935 pro-

305 2968 413 3026 bris
433 2983 497 3023 ac
518 2966 813 3023 maledictis
835 2963 1185 3026 exclamabat,
1216 2962 1397 3016 dicens
1431 2978 1444 3012 :
1474 2958 1590 3013 Non
1613 2956 1874 3027 egrediar,

306 3059 506 3127 helluo,
540 3074 701 3113 senex
735 3055 847 3126 (68)
876 3064 1114 3124 nugator.
1144 3054 1370 3118 Accepta
1406 3050 1580 3117 itaque
1608 3048 1744 3116 pelle
1774 3062 1869 3100 sua

1980 1874 2083 1920 ter.
2114 1868 2355 1935 Cumque
2387 1883 2573 1934 parum
2612 1867 2823 1921 abesset
2852 1868 2976 1935 quin
3008 1876 3224 1936 propter
3255 1868 3391 1923 hanc
3429 1880 3549 1923 ten-

1979 1955 2237 2007 tationem
2288 1954 2488 2009 exirem
2517 1971 2546 2008 e
2589 1954 2894 2017 solitudine,
2930 1955 3068 2023 quod
3120 1971 3205 2009 me
3252 1956 3367 2011 haec
3393 1959 3556 2011 animi

1980 2046 2312 2114 perturbatio
2355 2057 2539 2115 ageret
2582 2046 3069 2111 vehementissime,
3123 2047 3311 2101 vicinis
3338 2048 3551 2117 quidem

1980 2137 2114 2190 meis
2140 2150 2252 2190 rem
2279 2151 2384 2191 non
2410 2138 2660 2205 exposui;
2686 2137 2778 2191 sed
2807 2151 2978 2207 neque
3001 2152 3119 2191 meo
3145 2137 3396 2207 magistro
3424 2138 3557 2190 Eva-

1978 2226 2095 2296 grio
2124 2225 2258 2298 [Al.,
2294 2225 2536 2297 Eulogio]
2570 2244 2582 2281 :
2615 2225 2709 2281 sed
2740 2227 2966 2282 latenter
2994 2228 3211 2282 veniens
3234 2229 3285 2281 in
3311 2228 3554 2283 solitudi-

1981 2330 2102 2370 nem
2133 2316 2435 2384 quindecim
2487 2316 2677 2370 diebus
2715 2328 2958 2369 versatus
2988 2332 3104 2369 sum
3150 2331 3271 2370 cum
3316 2316 3555 2384 patribus

1983 2406 2387 2461 senescentibus
2418 2407 2469 2460 in
2493 2406 2800 2471 solitudine,
2830 2408 2916 2475 qui
2941 2415 3096 2459 erant
3126 2406 3178 2459 in
3204 2406 3380 2460 Scete.
3412 2406 3557 2461 Inter

1983 2511 2115 2566 quos
2146 2495 2305 2550 incidi
2332 2494 2490 2549 etiam
2514 2496 2566 2549 in
2597 2504 2837 2549 sanctum
2869 2494 3037 2548 virum
3070 2494 3389 2548 Pachonem.
3421 2494 3554 2549 Cum

1990 2600 2117 2654 ergo
2146 2585 2467 2639 invenissent
2497 2599 2618 2638 eum
2646 2585 2994 2639 sinceriorem
3022 2596 3073 2637 et
3098 2585 3265 2653 magis
3296 2597 3563 2643 versatum

1985 2677 2039 2730 in
2062 2677 2461 2741 exercitatione,
2484 2691 2643 2731 ausus
2663 2691 2779 2731 sunt
2801 2676 2850 2731 ei
2872 2691 3048 2730 meum
3074 2676 3306 2730 animum
3331 2677 3559 2745 aperire.

1985 2765 2130 2820 Dixit
2160 2775 2336 2821 autem
2381 2768 2508 2820 mihi
2556 2767 2649 2821 ille
2679 2778 2895 2821 sanctus
2928 2783 2942 2818 :
2976 2766 3051 2819 Ne
3083 2765 3173 2819 tibi
3205 2766 3443 2821 videatur
3473 2782 3561 2821 res

1983 2850 2113 2903 mira
2137 2851 2380 2905 etaliena
2407 2867 2422 2915 ;
2457 2851 2557 2904 hoc
2584 2851 2723 2905 enim
2757 2866 2861 2905 non
2886 2850 2979 2904 tibi
3004 2851 3199 2905 accidit
3227 2854 3294 2908 ob
3320 2852 3561 2915 delicias,

1986 2940 2258 3008 otiumque
2282 2950 2337 2994 et
2365 2940 2761 3009 negligentiam.
2796 2940 2926 2993 Nam
2958 2948 3013 2994 et
3051 2956 3229 2994 mores
3270 2941 3363 2994 tibi
3386 2942 3564 2995 ferunt

1989 3031 2376 3095 testimonium,
2408 3040 2459 3084 et
2487 3032 2701 3098 penuria
2733 3046 2917 3083 eorum
2941 3044 3057 3100 qute
3086 3040 3210 3084 sunt
3238 3031 3560 3093 necessaria,

306 3152 484 3216 ovilla,
518 3149 833 3205 verberabat
865 3162 986 3203 eum
1018 3146 1072 3200 in
1105 3155 1270 3214 tergo,
1303 3145 1486 3198 dicens
1523 3160 1535 3194 :
1588 3142 1879 3212 Egredere,
1916 3109 1961 3173 Ο
1993 3130 2047 3175 ει
2070 3120 2221 3216 ξωοά-
2260 3120 2401 3216 nu!”
2433 3121 2613 3216 είξ-Ῡξίθ
2783 3120 3115 3216 (τοξιδυέιυάο
3157 3116 3566 3187 ευηιτθῐηῖηίεε

308 3240 438 3297 dixit
463 3241 628 3295 abbas
651 3240 932 3294 Antonius.
968 3238 1183 3291 Daemon
1212 3245 1384 3289 autem
1418 3232 1715 3287 maledictis
1744 3231 1887 3285 inse-

308 3334 571 3403 quebatur
610 3330 831 3385 Paulum
872 3338 925 3385 et
950 3328 1259 3383 Antonium.
1284 3325 1573 3380 I'lelluones
1608 3324 1692 3377 isti
1722 3323 1770 3376 in
1802 3340 1887 3376 se-

309 3432 523 3478 nectute
570 3420 710 3494 (69),
761 3418 1048 3483 veternosi,
1106 3416 1461 3479 insatiabiles,
1518 3417 1603 3483 qui
1664 3413 1889 3481 propriis

310 3526 575 3583 nunquam
607 3519 732 3567 sunt
759 3509 1016 3575 contenti,
1050 3507 1174 3577 quid
1202 3515 1281 3560 est
1310 3507 1764 3558 vobs-commune
1796 3520 1889 3556 no-

310 3603 514 3659 biscum
539 3602 561 3655 7
587 3602 712 3671 quid
744 3601 794 3652 in
827 3614 923 3653 nos
959 3596 1219 3651 exercetis
1250 3594 1582 3664 tyrannidem
1608 3594 1628 3645 ?
1654 3592 1889 3645 Tandem

311 3695 443 3749 dicit
488 3694 536 3746 ei
588 3692 780 3745 Paulus
814 3708 827 3742 :
861 3692 963 3742 Aut
994 3688 1182 3751 exibis,
1214 3696 1301 3739 aut
1348 3688 1483 3739 abeo
1530 3695 1585 3737 ut
1639 3686 1687 3737 id
1719 3687 1889 3737 dicam

312 3784 547 3847 Christo,
574 3783 723 3850 isque
763 3780 917 3833 faciet
938 3788 994 3832 ut
1037 3778 1103 3830 sit
1135 3776 1226 3830 tibi
1256 3792 1353 3829 var.
1390 3776 1452 3828 At
1482 3773 1660 3828 Iesum
1688 3789 1895 3842 quoque

319 3871 530 3942 probris
579 3879 633 3926 et
661 3868 958 3923 maledictis
1004 3865 1362 3920 insectabatur
1408 3864 1625 3917 immitis
1668 3864 1755 3917 ille
1784 3863 1893 3917 da:—

313 3970 459 4026 nton,
501 3963 737 4015 clamans
770 3976 785 4013 ;
813 3958 927 4012 Non
970 3957 1147 4011 exibo.
1204 3956 1276 4009 Ea
1304 3955 1371 4009 de
1398 3969 1553 4008 causa
1589 3954 1894 4024 indignatus

314 4051 509 4105 Paulus
540 4050 793 4103 adversus
822 4048 1141 4107 daemonem,
1192 4058 1439 4113 egressus
1469 4054 1549 4097 est
1578 4060 1607 4097 e
1635 4059 1732 4097 suo
1764 4045 1890 4096 hos-

315 4141 443 4209 pitio
477 4142 527 4193 in
560 4141 674 4207 ipso
699 4147 891 4206 puncto
921 4134 1158 4191 meridiei
1182 4151 1195 4200 ;
1221 4134 1371 4189 aestui
1405 4142 1581 4186 autem
1616 4133 1896 4203 Egyptia-

315 4245 430 4283 rum
485 4227 764 4283 intercedit
823 4227 1070 4296 cognatio
1126 4239 1243 4278 cum
1299 4226 1514 4277 fornace
1586 4223 1895 4293 Babylonia.

318 4320 479 4373 Stans
531 4334 659 4387 ergo
705 4330 920 4372 sanetus
970 4331 1131 4370 senex
1168 4326 1412 4383 tanquam
1446 4314 1694 4367 columna
1739 4329 1901 4380 super

318 4420 520 4479 petram
545 4448 559 4473 ,
601 4410 679 4463 sic
704 4416 821 4461 orat
858 4405 1148 4473 Christum,
1182 4404 1367 4458 dicens
1401 4422 1411 4455 ε
1447 4403 1525 4457 Tu
1567 4403 1735 4467 vides,
1770 4404 1897 4459 Jesu

1990 3209 2084 3265 sed
2116 3210 2289 3279 potius
2336 3209 2436 3264 hoc
2469 3209 2557 3263 tibi
2590 3211 2782 3265 accidit
2810 3210 2876 3263 ab
2900 3212 3207 3265 adversario
3237 3212 3304 3266 ob
3330 3212 3565 3266 studium

1994 3300 2230 3353 virtutis.
2265 3299 2359 3353 ESt
2387 3300 2528 3353 enim
2561 3300 2752 3368 triplex
2781 3299 2951 3354 bosds
2974 3301 3062 3369 qui
3107 3300 3331 3367 impellit
3357 3301 3421 3354 ad
3448 3299 3570 3354 'for-

1996 3394 2334 3447 nicationem.
2367 3392 2663 3462 Aliquando
2703 3393 2845 3443 enim
2891 3403 2987 3442 nos
3025 3404 3153 3442 caro
3188 3389 3393 3443 invadit
3418 3389 3567 3445 luxu-

1993 3487 2158 3552 rians,
2192 3495 2240 3539 et
2267 3501 2385 3554 quae
2416 3484 2573 3539 nimis
2604 3484 2741 3537 laute
2772 3493 2821 3536 ct
2852 3482 3074 3535 delicate
3103 3490 3185 3535 est
3214 3491 3397 3536 curata
3423 3499 3435 3546 ;
3472 3484 3569 3534 ali~

1994 3568 2204 3643 quando
2227 3584 2404 3628 autem
2435 3574 2484 3625 in
2518 3588 2616 3627 nos
2651 3572 2926 3640 insurgunt
2957 3579 3132 3624 motus
3163 3571 3324 3624 animi
3359 3584 3572 3638 propter

1994 3668 2381 3735 cogitationes;
2429 3665 2711 3734 aliquando
2756 3675 2932 3717 autem
2980 3663 3091 3729 ipse
3121 3677 3334 3731 quoque
3363 3661 3572 3716 dictum:

1997 3758 2048 3812 in
2091 3774 2189 3813 nos
2229 3762 2442 3813 exercet
2492 3754 2824 3827 tyrannidem
2874 3761 3091 3822 propter
3133 3753 3421 3817 invidiam;
3453 3767 3576 3807 nam

1997 3863 2096 3917 ego
2125 3862 2341 3918 quoque
2383 3846 2546 3900 multa
2579 3845 2896 3909 observans,
2942 3845 3041 3896 hoc
3070 3843 3266 3896 inveni.
3298 3842 3438 3897 Ecce
3469 3858 3572 3906 me,

2000 3949 2055 3993 ut
2079 3941 2249 4005 vides,
2280 3939 2547 3994 hominem
2576 3953 2796 4002 senem;
2830 3952 2949 3991 cum
2975 3936 3083 4013 jam
3116 3936 3578 4005 quadragesimum

2000 4046 2195 4085 annum
2222 4032 2409 4099 degam
2443 4032 2495 4085 in
2524 4030 2622 4086 hac
2648 4030 2797 4094 cella,
2831 4044 3013 4084 curam
3053 4043 3243 4097 gerens
3272 4044 3405 4083 mea:
3434 4030 3575 4082 salu-

2002 4123 2089 4187 tis,
2119 4133 2174 4178 et
2203 4124 2269 4178 ad
2312 4123 2447 4177 hanc
2484 4132 2694 4177 aetatem
2726 4123 3079 4191 pervenerim,
3111 4130 3286 4174 tentor
3327 4135 3493 4189 usque
3524 4123 3576 4174 iu

2002 4214 2317 4269 hodiernum
2347 4216 2510 4269 diem.
2542 4215 2609 4269 Et
2653 4214 2849 4281 juravit
2891 4214 3073 4267 dicens
3104 4228 3119 4267 :
3151 4212 3267 4266 Jam
3297 4212 3578 4268 duodecim

2001 4306 2157 4359 annis
2204 4318 2480 4374 postquam
2535 4304 2763 4372 transegi
2806 4319 3000 4356 annum
3059 4302 3577 4370 quinquagesimum,

2004 4401 2201 4453 nullam
2226 4400 2366 4453 diem
2398 4414 2497 4453 nec
2522 4408 2731 4453 noctem
2754 4396 3038 4451 intermisit
3060 4410 3159 4464 qna
3190 4410 3273 4447 me
3301 4411 3403 4447 non
3436 4395 3581 4447 inra-

317 4500 549 4564 Christe,
582 4498 669 4566 qui
716 4499 856 4551 fuisti
888 4498 1172 4552 crucifixus
1220 4497 1317 4549 sub
1362 4495 1554 4549 Pontio
1586 4494 1778 4559 Pilato,
1813 4510 1899 4550 me
1928 4468 1981 4527 D
2008 4492 2160 4544 serit.
2199 4489 2329 4544 Cutn
2362 4490 2536 4557 itaque
2583 4489 2882 4557 suspicatus
2912 4500 3081 4540 essem
3125 4485 3289 4537 Deum
3323 4500 3351 4537 a
3384 4500 3467 4537 me
3498 4500 3581 4538 τε·

320 4606 424 4645 n0n
456 4591 837 4644 descensurmn
884 4604 945 4642 ex
981 4589 1079 4642 hac
1128 4596 1302 4656 petra,
1359 4602 1531 4655 neque
1558 4602 1771 4640 esurum
1803 4602 1903 4641 nec

323 4682 613 4736 bibiturum
640 4680 812 4733 donec
859 4680 1073 4746 moriar,
1122 4679 1341 4733 nisime
1387 4694 1527 4732 nunc
1554 4678 1805 4744 audieris,
1848 4687 1904 4733 et

324 4771 466 4825 hunc
496 4771 795 4824 dmmoncm
824 4769 891 4823 ab
922 4768 1137 4822 homine
1168 4768 1411 4836 ejeceris,
1443 4776 1492 4823 ct
1524 4784 1553 4822 a
1582 4769 1769 4836 spiritu
1802 4768 1904 4821 im-

324 4862 526 4917 mundo
574 4861 744 4929 ipsum
779 4859 1103 4913 liberareris.
1136 4859 1322 4913 Adhuc
1352 4874 1473 4913 cum
1499 4858 1624 4913 Jesu
1656 4858 1905 4927 loquente

320 4954 545 5023 simplici
561 4964 613 5006 et
628 4952 809 5005 humili
830 4951 1326 5019 Paulo,priusquam
1343 4951 1453 5019 ipse
1470 4965 1651 5017 preces
1667 4950 1906 5017 perfecis-

322 5052 425 5109 set,
438 5043 987 5106 exclamavitdzemon,
1004 5043 1216 5096 dicens:
1235 5041 1907 5109 Recedo,recedo,viegre—

325 5136 462 5200 dior,
488 5146 539 5190 et
564 5151 656 5203 per
681 5134 1014 5208 tyrannidem
1041 5149 1105 5187 ex
1118 5133 1317 5202 pellor;
1340 5134 1556 5186 discedo
1576 5133 1642 5187 ab
1668 5132 1903 5199 homine,

325 5243 429 5283 non
460 5232 681 5296 amplius
710 5230 774 5285 ad
798 5244 919 5284 eum
960 5229 1175 5282 accedo.
1210 5224 1355 5279 Pauli
1389 5226 1697 5295 simplicitas
1726 5234 1780 5278 et
1808 5223 1908 5277 hu-

326 5318 521 5372 militas
545 5333 630 5373 me
655 5318 893 5387 expellit,
924 5331 1096 5386 neque
1121 5317 1235 5371 seio
1261 5331 1367 5385 quo
1395 5317 1600 5369 abeam.
1629 5313 1907 5369 Protinus-

326 5423 430 5477 que
456 5408 587 5462 exiit
614 5407 845 5475 dmmon,
881 5418 934 5463 et
963 5415 1198 5462 mutatus
1248 5418 1330 5461 est
1359 5407 1413 5460 in
1462 5407 1750 5461 maximum
1781 5404 1908 5458 dra-

326 5511 513 5553 conem
540 5499 750 5553 circiter
770 5501 1109 5569 septuaginta
1136 5498 1460 5564 cubitorum,
1494 5499 1801 5565 receditque
1823 5511 1910 5549 re-

328 5596 484 5657 ptans
514 5590 566 5643 in
596 5604 743 5643 mare
788 5589 1024 5645 Rubrum
1082 5601 1138 5645 ut
1167 5590 1477 5656 impleretur
1520 5590 1658 5654 quod
1708 5588 1906 5663 dictum

328 5690 414 5738 est
443 5697 536 5753 per
556 5691 797 5739 sanctum
828 5680 1079 5750 Spiritum
1111 5702 1123 5741 :
1158 5682 1340 5738 Fidem
1362 5697 1479 5753 quae
1508 5662 1908 5736 demonsuatur

2009 4583 2254 4647 cessisse,
2286 4578 2710 4650 quandoquidem
2744 4589 2886 4631 tanta
2910 4578 2960 4630 in
2991 4593 3075 4630 me
3104 4577 3312 4629 daemon
3343 4585 3582 4630 uteretur

2010 4682 2292 4743 potestate,
2346 4673 2520 4741 potius
2549 4671 2720 4739 delegi
2755 4670 2886 4723 mori
2926 4668 3126 4737 absque
3158 4669 3379 4730 ratione,
3423 4682 3580 4734 quam

1988 4764 2139 4816 vitio
2185 4763 2574 4829 aflectioneqne
2623 4759 2900 4828 corporis.
2950 4773 3035 4812 me
3091 4758 3315 4824 turpiter
3368 4771 3577 4824 gerere.

2012 4856 2374 4924 Egressusque
2415 4869 2443 4907 a
2474 4855 2609 4908 cella
2639 4866 2777 4916 mea,
2806 4860 2858 4906 et
2885 4850 3071 4904 obiens
3102 4850 3462 4913 solitudinem,
3498 4850 3581 4902 in—

2013 4947 2129 5000 veni
2162 4945 2468 5014 speluncam
2502 4944 2724 5014 hyacnte.
2770 4941 2824 4995 in
2854 4956 3010 5010 quam
3043 4942 3349 5007 speluncam
3381 4954 3467 4993 me
3491 4956 3586 4991 nu-

2012 5038 2137 5091 dum
2164 5036 2359 5090 iminisi
2391 5042 2501 5089 toto
2526 5034 2632 5097 die,
2661 5040 2718 5086 ut
2736 5032 2861 5084 ferae
2886 5044 3114 5098 egressa:
3143 5046 3225 5083 me
3248 5030 3583 5082 deverarent.

2015 5129 2298 5197 Postquam
2342 5138 2516 5181 autem
2556 5126 2654 5179 fuit
2695 5139 2950 5192 vespera,
2997 5134 3152 5189 prout
3180 5122 3435 5189 scriptum
3482 5132 3587 5186 est,

2013 5218 2105 5271 Sol
2127 5216 2379 5286 cognovit
2400 5228 2667 5269 occasum.
2702 5211 2930 5267 Posuisti
2962 5210 3230 5275 tenebras,
3264 5221 3317 5264 et
3349 5211 3483 5265 facta
3509 5218 3592 5263 est

2017 5324 2143 5362 nox.
2177 5307 2230 5360 In
2262 5307 2376 5375 ipsa
2407 5306 2704 5359 transibunt
2751 5318 2935 5358 omnes
2985 5302 3167 5356 bestia:
3217 5302 3385 5355 silvas.
3419 5300 3590 5353 Calu‘l

2012 5399 2224 5453 leonum
2252 5398 2523 5466 rugientes
2550 5404 2605 5448 ut
2634 5396 2843 5463 rapiant
2870 5403 2921 5447 et
2953 5400 3193 5462 quaarant
3222 5407 3249 5444 a
3275 5391 3382 5446 Deo
3406 5406 3583 5443 escam

2012 5491 2113 5545 sibi
2145 5488 2313 5559 (Psal.
2346 5490 2484 5558 cui).
2535 5487 2782 5558 Egi-esset:
2826 5501 2952 5554 ergo
2983 5485 3106 5539 ferae
3150 5484 3201 5537 in
3232 5482 3317 5537 illa
3349 5482 3502 5545 hora,
3534 5491 3591 5535 et

2015 5583 2284 5637 masculus
2325 5589 2377 5636 et
2423 5579 2638 5645 femina,
2688 5594 2773 5634 me
2802 5592 2832 5631 a
2862 5576 3083 5644 pedibus
3111 5575 3177 5629 ad
3219 5584 3374 5642 caput
3421 5586 3590 5641 usque

2016 5676 2222 5732 odorati
2253 5682 2394 5739 sunt,
2428 5671 2911 5742 circumlingentes.
2956 5668 3197 5738 Cumque
3220 5674 3593 5736 exspectarem
