4020 6432
526 299 664 363 108⁸7

1995 304 2314 364 PALLADII

3652 316 3779 375 1088

530 442 646 495 fore
684 446 744 493 ut
768 435 1075 499 devorarer,
1108 448 1135 484 a
1162 445 1250 486 me
1286 437 1645 486 recesserunt.
1675 427 1809 483 Cum
1840 442 1969 495 ergo
1998 427 2103 481 illic
2131 432 2181 491 Α
2207 426 2663 493 rescinderentur,
2692 442 2797 481 non
2825 441 2979 483 secus
3006 440 3069 483 ac
3094 428 3139 482 si
3168 435 3348 483 essent
3380 428 3466 496 pili
3484 426 3777 496 insensites,

533 540 643 587 tota
669 537 823 583 nocte
845 526 1154 596 jacuissem,
1189 539 1296 577 non
1337 520 1413 577 fui
1439 521 1747 576 devoratus.
1779 520 2109 573 Existimans

532 640 658 693 ergo
684 623 849 677 Deum
878 618 1095 674 omnino
1118 615 1247 670 mihi
1268 614 1596 684 pepercisse,
1628 613 1857 668 surrexi.
1905 611 2110 665 Rursus

536 728 664 769 vero
694 712 745 766 in
787 709 976 765 cellam
1017 706 1173 761 redii.
1224 706 1355 759 Cum
1404 713 1581 758 autem
1625 718 1684 758 se
1713 703 1893 772 paucis
1924 701 2110 755 diebus

534 801 880 859 continuisset
925 799 1154 863 daemon,
1200 804 1285 850 me
1334 804 1414 850 est
1465 794 1684 848 adortus
1736 792 2110 847 vehementius

537 910 695 963 quam
725 901 904 958 antea,
936 899 997 945 ut
1017 904 1203 958 parum
1232 886 1461 942 abfuerit
1499 886 1624 955 quin
1655 886 2107 949 blaSphemarem.

535 986 964 1042 Transformatus
989 982 1132 1036 enim
1162 994 1283 1033 cum
1306 986 1449 1033 esset
1473 978 1525 1032 in
1542 977 1785 1046 ~puellam
1817 975 2113 1042 Ethiopia-

537 1091 672 1141 sam,
705 1089 862 1142 quam
894 1074 945 1125 in
975 1086 1091 1125 mea
1118 1070 1395 1139 juventute
1425 1067 1658 1122 videram
1700 1075 1888 1122 aestate
1937 1065 2114 1131 spicas

536 1166 825 1234 legentem,
856 1177 916 1217 ea
959 1160 1088 1215 mihi
1140 1161 1249 1212 visa
1292 1169 1376 1214 eSt
1404 1159 1538 1213 meis
1568 1157 1800 1212 insidere
1846 1156 2112 1225 genibus;

538 1270 728 1322 meque
750 1268 917 1322 usque
945 1252 1080 1307 adeo
1110 1251 1399 1305 commovit
1427 1259 1484 1304 ut
1506 1260 1746 1318 putarem
1789 1263 1877 1303 me
1902 1263 2022 1300 cum
2044 1262 2111 1329 ea

535 1345 786 1401 coivisse.
816 1345 1017 1399 Furore
1045 1356 1172 1412 ergo
1212 1342 1448 1411 percitus
1500 1341 1689 1408 impegi
1719 1339 1767 1393 ei
1795 1338 2111 1404 colaphum;

536 1450 705 1504 eaque
733 1436 811 1489 sic
857 1434 1091 1488 evanuit.
1128 1424 1250 1486 Hoc
1291 1440 1468 1486 autem
1512 1431 1641 1485 mihi
1669 1430 1829 1484 crede
1876 1429 2112 1483 dicenti:

537 1528 753 1583 biennio
780 1542 882 1581 non
913 1535 1151 1595 poteram
1186 1524 1325 1579 ferre
1348 1538 1535 1578 manus
1558 1538 1691 1578 mete
1710 1520 1956 1577 fetorem.
1986 1521 2114 1574 Cum

537 1633 665 1686 ergo
695 1617 796 1671 hac
822 1617 888 1671 de
916 1631 1075 1670 causa
1109 1615 1283 1683 pusilli
1304 1623 1358 1667 et
1385 1612 1575 1679 abiecti
1606 1612 1766 1666 animi
1796 1615 2114 1677 evasissem,

534 1718 587 1762 et
618 1708 685 1762 de
707 1721 793 1762 me
818 1721 1031 1761 omnem
1050 1719 1198 1772 spem
1226 1703 1560 1771 ahjecissem,
1589 1717 1838 1772 egressus
1859 1716 1976 1756 sum
1997 1716 2118 1770 per—

2210 519 2284 573 ita
2323 518 2519 572 mansit
2558 519 2940 585 immutabilis,
2981 530 3087 574 tam
3122 520 3397 590 insigniter
3424 530 3481 575 et
3504 523 3781 576 admirabi-

2210 607 2331 662 liter
2350 617 2468 662 erat
2493 624 2523 661 a
2556 609 2667 663 Deo
2710 608 3023 663 instructus.
3068 610 3201 664 Cum
3243 624 3340 665 nos
3367 618 3572 677 autem,
3598 612 3775 680 inquit,

2210 700 2402 768 partim
2458 714 2808 770 angeremur,
2841 703 3033 769 partim
3078 717 3204 757 vero
3255 711 3606 768 terreremnr,
3651 705 3778 773 quod

2211 790 2343 844 tanti
2374 790 2473 844 viri
2507 791 2633 846 talis
2668 792 2775 845 vita
2804 792 2856 845 in
2889 800 3094 846 tantum
3126 793 3367 848 morbum
3410 795 3709 861 incidisset,
3735 804 3784 850 et

2212 880 2347 934 tales
2374 881 2701 935 medicorum
2731 883 3087 952 exsectioues,
3118 891 3330 939 nostras
3373 894 3556 941 autem
3587 887 3781 957 cogita-

2214 970 2389 1026 tiones
2412 971 2666 1026 sensisset
2696 972 2884 1027 beatus
2911 974 3212 1041 Stephanus
3250 975 3458 1031 dicebat
3481 979 3643 1033 nobis
3675 996 3687 1031 :
3718 979 3785 1033 Ne

2213 1073 2280 1114 ex
2308 1059 2408 1115 hac
2435 1075 2496 1114 re
2515 1060 2881 1122 oﬁ'endamini.
2910 1077 2943 1117 o
2964 1062 3057 1117 filii
3088 1078 3106 1130 ;
3153 1063 3282 1118 nihil
3310 1067 3451 1120 enim
3480 1067 3627 1136 quod
3658 1067 3785 1121 Deus

2215 1147 2365 1217 facit,
2397 1149 2464 1204 ad
2493 1150 2689 1204 malum
2723 1166 2954 1221 unquam
2990 1152 3132 1218 facit,
3168 1154 3262 1209 sed
3290 1155 3356 1209 ad
3387 1157 3587 1211 bonum
3620 1158 3782 1213 ﬁnem.

2218 1241 2471 1298 Fortasse
2513 1244 2659 1298 enim
2702 1245 2940 1298 membra
2985 1246 3327 1301 merebantur
3368 1250 3713 1317 supplicium,
3742 1263 3786 1304 et

2215 1336 2407 1392 melius
2429 1344 2511 1391 est
2538 1351 2602 1392 ea
2638 1337 2723 1391 hic
2751 1336 2881 1393 dare
2920 1353 3125 1407 poenas,
3156 1355 3311 1409 quam
3363 1351 3481 1410 post
3509 1356 3783 1397 excessum

2217 1444 2281 1483 ex
2312 1427 2413 1483 hoc
2439 1428 2631 1482 stadio.
2658 1428 2791 1483 Cum
2815 1444 2911 1483 nos
2936 1445 3063 1499 ergo
3087 1430 3165 1485 sic
3192 1438 3274 1486 est
3300 1431 3545 1486 hortatus
3564 1473 3581 1499 ,
3604 1444 3656 1488 et
3682 1449 3787 1487 ver-

2218 1519 2301 1575 bis
2329 1518 2667 1573 confirmavit
2694 1518 2759 1572 ad
2795 1519 3153 1585 tolerantiam,
3195 1522 3477 1576 aediﬁcavit
3497 1524 3569 1575 ad
3601 1523 3783 1576 fortiter

2220 1608 2467 1664 ferendas
2492 1607 2828 1664 afﬁictiones.
2857 1610 2980 1665 fitec
3006 1618 3183 1665 autem
3207 1613 3439 1675 narravi,
3467 1628 3539 1669 ne
3562 1614 3781 1669 videatur

2219 1698 2379 1754 nobis
2408 1699 2661 1765 alienum,
2686 1700 2898 1768 quando
2927 1701 3215 1759 viderimus
3245 1703 3450 1774 aliquos
3469 1715 3689 1762 sanctos
3714 1706 3782 1759 in-

536 1813 725 1853 errans
771 1807 971 1852 vastam
1014 1795 1379 1861 solitudinem,
1420 1804 1475 1849 et
1504 1795 1681 1849 inveni
1731 1808 1947 1861 parvam
1974 1794 2117 1861 aSpi-
2151 1790 2194 1847 Β
2222 1790 2418 1848 cidisse
2443 1792 2495 1846 in
2518 1790 2653 1846 tales
2681 1792 3035 1877 calamitates.

533 1890 679 1946 dem.
710 1890 879 1955 Quam
900 1902 1019 1942 cum
1054 1888 1402 1955 accepissem,
1430 1901 1546 1939 eam
1571 1884 1835 1939 admoveo
1861 1884 1996 1937 meis
2022 1898 2113 1951 ge-

533 1983 805 2045 nitalibus,
837 1990 895 2034 ut
914 1979 995 2033 vel
1024 1980 1099 2032 sic
1129 1993 1335 2032 morsus
1363 1992 1637 2041 morerer;
1673 1985 1870 2029 etcum
1911 1974 1989 2029 eis
2018 1989 2110 2027 ca-

538 2085 637 2144 put
658 2072 897 2126 virilibus
914 2070 1286 2138 applicasscm,
1318 2077 1372 2121 ut
1400 2083 1518 2138 quae
1545 2067 1672 2120 mihi
1701 2066 1923 2119 fuissent
1953 2079 2112 2118 causa

535 2160 861 2224 tentationis,
913 2175 982 2213 ne
1018 2159 1094 2213 sic
1133 2157 1348 2227 quidem
1402 2172 1610 2211 morsus
1640 2171 1755 2210 sum
1785 2156 1965 2225 gratia:
1994 2168 2115 2223 pro-

534 2249 787 2308 videntia.
838 2250 964 2305 Post
1008 2250 1121 2303 haec
1166 2257 1340 2303 autem
1387 2249 1572 2303 audivi
1611 2262 1796 2302 vocem
1843 2246 2109 2300 dicentem

539 2345 667 2399 mihi
712 2343 766 2398 in
813 2356 928 2397 mea
981 2342 1349 2411 cogitatione:
1392 2341 1513 2406 Abi,
1579 2339 1813 2407 Pacbon,
1862 2338 2111 2397 decerta;

534 2436 659 2491 ideo
687 2433 828 2489 enim
870 2432 1086 2502 permisi
1114 2434 1165 2486 ln
1194 2440 1246 2485 te
1275 2439 1471 2485 tantam
1508 2430 1743 2484 exerceri
1774 2437 2110 2496 potestatem,

536 2544 604 2584 nc
634 2528 727 2582 tibi
762 2533 900 2581 esset
930 2525 1121 2579 elatior
1150 2530 1205 2578 et
1233 2522 1570 2593 arrogantior
1598 2521 1837 2591 spiritus,
1892 2519 2116 2589 perinde

535 2633 601 2672 ac
628 2619 739 2685 ipse
768 2628 951 2681 posses
997 2615 1134 2667 hanc
1161 2626 1414 2681 superare
1436 2611 1770 2666 alectiOnem
1806 2629 1819 2665 :
1846 2611 1937 2665 sed
1971 2620 2113 2663 tuam

533 2720 850 2777 agnosceres
880 2703 1319 2768 imbecillitatem,
1361 2711 1417 2757 et
1462 2704 1514 2755 in
1566 2711 1669 2755 tua:
1703 2703 1825 2755 vitae
1870 2701 2113 2755 instituto

537 2811 805 2865 nunquam
839 2794 1063 2849 haberes
1112 2793 1391 2856 fiduciam,
1442 2791 1536 2846 sed
1585 2805 1894 2845 recurreres
1922 2790 1987 2844 ad
2022 2788 2141 2857 Dei;

532 2889 805 2945 auxilium.
839 2886 931 2942 Sic
972 2894 1148 2941 autem
1202 2885 1509 2938 admonitus
1539 2894 1594 2937 et
1637 2883 2006 2947 conﬁrmatus,
2047 2882 2113 2935 ad

534 2980 725 3038 cellam
749 2994 867 3033 sum
893 2992 1160 3041 reversus,
1186 2984 1241 3030 et
1268 2975 1519 3044 deinceps
1543 2974 1738 3030 sedens
1760 2989 1879 3028 cum
1901 2973 2111 3039 fiducia,

531 3085 587 3131 et
636 3072 834 3127 nullam
882 3070 1007 3125 belli
1057 3082 1239 3124 curam
1270 3081 1482 3133 gerens,
1525 3068 1757 3133 reliquos
1794 3067 1906 3121 dies
1937 3066 2021 3136 egi
2055 3065 2111 3120 in

466 3174 469 3175 '
537 3180 689 3237 pace.
738 3164 957 3218 Daemon
1004 3168 1181 3216 autem
1228 3173 1348 3213 cum
1393 3159 1734 3228 cognovisset
1776 3173 1948 3213 meam
1997 3157 2115 3228 ejus
2144 3149 2190 3214 C

537 3255 968 3324 despicientlam,
1017 3252 1219 3321 pudore
1249 3251 1502 3318 deinceps
1530 3250 1769 3314 affectus,
1800 3251 1865 3304 ad
1895 3264 1981 3305 me
2010 3264 2114 3303 non

539 3345 767 3401 accessit
786 3342 1036 3411 amplius.
1062 3340 1162 3395 llis
1184 3339 1360 3394 verbis
1387 3353 1508 3393 cum
1540 3340 1605 3393 ad
1638 3340 1832 3393 luctam
1860 3340 2119 3394 adversus

539 3435 795 3494 Satanam
826 3450 914 3488 me
941 3433 1329 3497 conﬁrmasset,
1356 3438 1411 3485 ct
1430 3430 1497 3485 ad
1528 3430 1724 3485 bellum
1753 3429 2112 3495 instruxisset,

538 3542 595 3590 et
621 3533 902 3589 adversum
942 3531 1239 3585 daemonem
1272 3525 1641 3582 fornicationis
1674 3540 1760 3581 me
1788 3533 2026 3595 parasset
2060 3540 2120 3579 ne

540 3626 829 3690 docuisset,
860 3621 1081 3687 dimisit,
1099 3619 1293 3690 jubens
1334 3625 1391 3673 ut
1418 3618 1539 3673 forti
1561 3619 1741 3674 animo
1762 3632 1848 3674 me
1876 3633 2117 3689 gererem

539 3713 592 3766 in
616 3713 882 3767 omnibus.

1122 3798 1348 3856 CAPUT
1371 3799 1543 3854 XXX.

933 3887 1055 3943 Vita
1084 3888 1292 3943 Abbatis
1320 3889 1574 3957 Stephani
1596 3889 1679 3961 (7|
1695 3890 1735 3960 ).

607 3982 908 4053 Stephanus
955 3982 1169 4052 quidam
1221 3984 1345 4039 Libs
1394 4000 1611 4054 genere,
1661 3987 1799 4041 sedit
1840 3988 2115 4057 sexaginta

536 4088 704 4137 annos
734 4088 800 4128 ex
841 4073 1007 4128 latere
1032 4072 1146 4142 (72)
1174 4074 1499 4130 Marmaricae
1525 4085 1578 4130 et
1608 4077 1878 4132 Mareore.
1917 4078 1968 4133 Is
1993 4094 2114 4134 eum

546 4163 735 4218 fuisset
762 4177 973 4218 summe
992 4174 1232 4219 versatus
1257 4165 1309 4217 in
1331 4167 1729 4233 exercitatione,
1758 4177 1812 4222 et
1834 4177 1979 4224 esset
2000 4169 2117 4224 dis-

533 4252 787 4309 cernendi
812 4260 1075 4322 potestate
1101 4251 1392 4329 pmditus,
1468 4250 1611 4307 hanc
1697 4254 1929 4325 gratiam
2012 4265 2101 4312 est

532 4354 872 4410 consecutus,
893 4354 950 4399 ut
973 4346 1274 4415 quicunque
1293 4360 1416 4399 eum
1443 4348 1769 4414 conveniret,
1813 4365 1841 4403 a
1880 4366 2120 4419 quacun-

533 4451 638 4504 que
664 4434 996 4491 cruciaretur
1033 4436 1298 4502 molestia,
1332 4435 1379 4490 is
1411 4437 1653 4491 molestia
1687 4455 1884 4497 vacuus
1932 4442 2000 4497 ab
2045 4459 2111 4499 eo

2782 1903 3008 1961 CAPUT
3034 1904 3229 1963 XX-Xl.

2579 1992 2657 2049 De
2697 1994 2906 2049 Valente
2936 1996 3069 2065 (75)
3101 1999 3187 2068 qui
3227 1999 3439 2056 excidit.

2290 2084 2416 2141 Fuit
2454 2084 2670 2156 quidam
2702 2086 2900 2141 Valens
2920 2125 2938 2155 ,
2967 2102 3163 2158 genere
3190 2091 3405 2158 quidem
3436 2092 3769 2162 Palatinus,

2218 2188 2399 2235 mente
2448 2189 2628 2235 autem
2687 2180 3034 2248 Corinthius;
3084 2182 3377 2239 Corinthiis
3416 2186 3565 2240 enim
3618 2187 3775 2241 vitium

2218 2273 2507 2326 inflationis
2536 2272 2723 2327 tribuit
2744 2284 2958 2328 sanctus
2982 2273 3197 2340 Paulus,
3225 2273 3409 2329 dicens
3440 2292 3457 2331 :
3488 2276 3559 2331 Et
3590 2292 3683 2332 vos
3708 2279 3773 2330 iu-

2217 2365 2324 2421 ﬁati
2356 2367 2485 2421 estis
2508 2366 2555 2437 (I
2585 2366 2706 2421 Cor.
2726 2369 2807 2437 v).
2838 2366 3083 2434 Quicum
3107 2371 3338 2425 venisset
3358 2371 3411 2425 in
3435 2372 3770 2435 solitudinem,

2219 2460 2331 2527 ipse
2345 2474 2554 2528 quoque
2568 2460 2748 2527 plures
2759 2475 2928 2515 annos
2941 2459 3515 2524 habitavittnobiscum.
3530 2465 3608 2519 Eo
3621 2474 3769 2518 autem

2229 2550 2486 2617 processit
2498 2549 2783 2619 superbiat,
2808 2551 3129 2623 utdeceptus
3146 2552 3257 2607 sita
3272 2554 3628 2612 dazmonibus.
3646 2556 3769 2610 Exeo

2217 2642 2359 2693 enim
2406 2641 2547 2710 quod
2580 2640 2695 2710 ipse
2728 2642 2976 2709 paulatim
3007 2643 3375 2713 deciperetur,
3425 2644 3558 2700 fecit
3603 2656 3655 2700 ut
3678 2646 3769 2715 ipse

2217 2731 2285 2784 de
2314 2744 2372 2785 se
2402 2731 2682 2801 magniﬁce
2709 2747 2773 2788 ac
2802 2733 3056 2801 praeclare
3083 2736 3327 2802 sentiret,
3380 2745 3627 2806 tanquam
3668 2752 3766 2791 cura

2216 2835 2283 2874 eo
2329 2832 2671 2877 versarentur
2699 2825 2900 2894 angeli,
2931 2826 3085 2894 eique
3116 2828 3168 2880 in
3216 2827 3439 2897 singulis
3491 2829 3765 2884 ministeria

2218 2914 2558 2969 inservirent.
2585 2916 2828 2982 Quodam
2851 2928 2997 2973 certe
3024 2920 3141 2985 die,
3192 2928 3247 2973 ut
3292 2920 3600 2988 narrabant,
3648 2936 3751 2975 cum

2218 3015 2532 3072 operaretur
2560 3007 2612 3060 in
2644 3008 2881 3063 tenebris
2900 3050 2915 3075 ,
2948 3024 3100 3064 acum
3126 3009 3333 3067 dimisit
3374 3027 3480 3081 qua
3507 3012 3762 3067 consuebst

2220 3103 2485 3162 sportam.
2518 3096 2687 3165 Quam
2731 3114 2852 3154 eum
2894 3102 3008 3168 ipse
3039 3116 3142 3155 non
3175 3101 3483 3171 invenisset,
3513 3104 3698 3157 daemon
3720 3102 3761 3157 ei

2222 3185 2345 3239 fecit
2371 3187 2697 3256 lampadem,
2726 3198 2781 3243 et
2804 3191 3006 3245 invenit
3032 3206 3207 3247 acum.
3234 3192 3345 3247 Hoc
3368 3192 3577 3249 nomine
3598 3206 3757 3248 rursus

2219 3276 2458 3344 inflatus,
2493 3280 2830 3347 magniﬁcam
2861 3281 2930 3336 de
2958 3295 3016 3335 se
3049 3282 3221 3336 induit
3247 3284 3545 3353 opinionem
3566 3327 3579 3351 ,
3608 3292 3654 3338 et
3679 3296 3753 3339 us-

2218 3380 2322 3433 que
2366 3366 2501 3421 adeo
2547 3367 2718 3423 elatus
2747 3378 2849 3437 est,
2902 3378 2959 3425 ut
3004 3374 3163 3427 etiam
3211 3384 3557 3429 contemneret
3594 3373 3742 3440 ipsam

2218 3454 2687 3511 Sacramentorum
2715 3461 3168 3517 communionem.
3195 3462 3328 3517 Cum
3350 3475 3499 3519 autem
3522 3462 3733 3515 Christus

2224 3549 2482 3605 Dominus
2513 3551 2629 3620 ejus
2659 3560 2806 3608 esset
2852 3556 3122 3622 misertus,
3173 3558 3253 3611 sic
3298 3556 3505 3627 previdit
3543 3563 3591 3606 ut
3626 3550 3723 3619 ejus

2220 3638 2603 3694 detrimentum
2634 3641 2741 3695 cito
2788 3640 2941 3697 ﬁeret
2987 3645 3329 3698 manifestum
3379 3644 3607 3699 universe
3639 3638 3724 3693 ira-

2221 3732 2480 3785 ternitati.
2530 3731 2739 3786 Accidit
2779 3742 2835 3787 ut
2872 3732 3088 3802 quidam
3141 3735 3412 3790 venientes
3454 3733 3654 3801 hospites
3675 3727 3737 3782 aio

2223 3820 2428 3876 ferrent
2448 3820 2513 3874 ad
2546 3819 2933 3875 fraternitatem
2963 3822 3187 3877 bellaria
3216 3826 3268 3876 in
3296 3824 3586 3878 ecclesiam.
3611 3820 3749 3875 Porro

2220 3924 2397 3967 autem
2428 3929 2549 3968 cum
2588 3927 2681 3967 eas
2710 3914 3009 3983 accepisset
3035 3924 3258 3970 sanctus
3283 3912 3545 3971 Macarius
3569 3911 3755 3983 presby-

2221 4013 2303 4058 ter
2338 4014 2542 4068 noster,
2576 4004 2722 4059 misit
2748 4004 2813 4058 ad
2840 4020 3267 4076 unumquemque
3293 4007 3344 4062 in
3367 4008 3550 4063 cellam
3577 4004 3759 4060 circiter

2222 4095 2501 4165 pugillum,
2534 4096 2671 4149 inter
2697 4109 2832 4165 quos
2853 4095 3014 4149 etiam
3040 4097 3107 4150 ad
3135 4097 3430 4153 Valentem.
3458 4098 3585 4152 Cum
3612 4105 3769 4151 autem.

2222 4181 2522 4256 accepisset
2551 4184 2770 4251 Valens,
2804 4200 2927 4241 eum
2958 4187 3048 4256 qui
3075 4187 3326 4244 attulerat
3356 4188 3667 4243 contumelia
3701 4182 3773 4238 af-

2223 4274 2367 4342 fecit,
2400 4286 2453 4330 et
2483 4276 2808 4344 verberavit,
2828 4288 2882 4331 et
2902 4277 2951 4332 ei
2972 4277 3103 4331 dicit
3132 4295 3147 4332 :
3175 4279 3295 4344 Abi,
3324 4289 3378 4333 et
3425 4280 3512 4333 die
3532 4278 3771 4333 Macario:

2223 4369 2339 4423 Non
2366 4384 2486 4424 sum
2519 4377 2572 4423 te
2599 4368 2856 4434 deterior,
2890 4378 2948 4424 ut
2977 4382 3032 4425 tu
3061 4370 3126 4425 ad
3155 4386 3244 4427 me
3267 4372 3445 4426 mittas
3473 4371 3775 4428 benedictio-

2224 4473 2341 4512 ncs.
2374 4459 2505 4513 Cum
2554 4462 2900 4529 cognovisset
2943 4475 3071 4530 ergo
3116 4472 3331 4517 sanctus
3372 4461 3632 4518 Macarius
3672 4475 3776 4516 eum

540 4524 841 4619 ΐέθείξετθι·
883 4524 1009 4619 Fu“
1041 4534 1217 4619 ευιθίιξ
1248 4525 1291 4581 is
1324 4541 1540 4619 (ιυρίμιθ
1567 4536 1724 4584 ηοιυε
1766 4532 1923 4587 beato
1952 4534 2116 4588 Αηῑο-
2144 4528 2195 4587 Ῑ)
2220 4564 2343 4604 esse
2372 4524 2673 4616 seductum,
2726 4550 2952 4604 accessit
2983 4524 3088 4605 u—no
3131 4551 3218 4605 die
3248 4562 3429 4619 postea
3459 4553 3528 4607 ad
3558 4568 3673 4608 eum
3699 4566 3777 4605 ει·

533 4618 645 4672 nio.
672 4616 922 4671 Pervenit
949 4626 1125 4671 autem
1148 4616 1310 4671 etiam
1343 4617 1409 4671 ad
1441 4627 1624 4674 nostra
1646 4636 1812 4690 usque
1838 4633 2110 4693 tempora;

530 4717 688 4777 atque
713 4720 812 4776 ego
843 4706 1059 4774 quidem
1096 4722 1215 4759 cum
1260 4722 1323 4762 eo
1351 4724 1455 4762 non
1482 4724 1601 4764 sum
1627 4722 1868 4766 versatus
1892 4723 2112 4784 propter

529 4798 632 4853 via:
656 4796 1042 4867 longitudinem
1075 4813 1089 4850 :
1118 4809 1335 4853 sanctus
1361 4811 1536 4855 autem
1565 4802 1880 4860 Ammonius
1902 4817 1957 4861 et
1978 4807 2116 4862 Eva-

528 4888 699 4958 grius,
730 4889 821 4957 qui
850 4896 970 4943 eum
1003 4899 1387 4958 convenerunt,
1418 4905 1767 4950 narraverunt
1789 4911 1848 4951 se
1875 4913 1996 4952 eum
2028 4898 2114 4952 in-

528 4980 741 5033 venisse
768 4979 820 5032 in
851 4979 1011 5032 talem
1040 4979 1346 5047 prolapsum
1375 4983 1739 5050 aegritudinem
1773 4987 1825 5040 in
1876 4988 2006 5054 ipsis
2035 4990 2114 5044 lo-

527 5070 606 5125 cis
634 5069 1021 5134 testiculorum,
1071 5077 1126 5124 et
1177 5072 1327 5139 penis
1374 5087 1642 5130 summum
1672 5077 1943 5133 ulcerasse
1980 5095 2111 5135 can-

527 5177 700 5229 crum,
753 5164 843 5230 qui
890 5161 1161 5237 φαγέδαινα
1214 5164 1426 5219 dicitur.
1482 5168 1637 5233 Eum,
1684 5170 1915 5240 aiebant,
1965 5175 2112 5231 inve-

527 5254 704 5312 nimus
734 5254 859 5307 dum
885 5269 913 5307 a
944 5254 1173 5323 quodam
1204 5255 1412 5311 medico
1436 5272 1730 5316 curaretur.
1772 5264 1834 5318 Et
1864 5267 2109 5321 manibus

525 5346 741 5415 quidem
772 5344 1131 5412 operabatur;
1156 5352 1209 5397 et
1236 5346 1424 5413 palma:
1466 5364 1647 5405 ramos
1679 5356 2024 5422 contexebat,
2053 5367 2108 5413 et

526 5436 804 5490 nobiscum
850 5437 1010 5489 etiam
1044 5436 1357 5503 loquebatur
1390 5441 1637 5512 :reliquo
1668 5454 1847 5502 autem
1893 5452 2107 5519 corpori

526 5540 743 5580 manum
776 5524 1061 5580 adhibebat
1091 5524 1391 5595 chirurgus.
1423 5529 1552 5585 Erat
1578 5542 1753 5589 autem
1790 5535 1881 5591 Dei
1913 5540 2107 5608 gratia,

525 5629 589 5670 ea
635 5617 890 5685 praditus
916 5616 1188 5686 patientia,
1222 5624 1280 5672 ut
1309 5620 1531 5687 perinde
1562 5624 1781 5681 affectus
1811 5628 2105 5697 videretur,

527 5720 589 5759 ac
609 5709 654 5761 si
685 5721 878 5779 corpus
902 5707 1122 5763 alterius
1152 5718 1461 5776 secaretur;
1497 5722 1695 5771 etcum
1720 5717 1835 5787 ejus
1866 5721 2103 5777 membra

2222 4644 2566 4697 hortandum.
2600 4642 2668 4697 Et
2691 4643 2740 4697 ei
2770 4643 2939 4697 dicit:
2976 4642 3197 4709 Valens,
3230 4644 3418 4699 illusus
3446 4660 3540 4712 es,
3575 4646 3775 4707 desine,

2222 4734 2496 4802 Deumque
2538 4734 2848 4802 deprecare.
2887 4733 3172 4802 Postquam
3216 4746 3395 4789 autem
3447 4752 3555 4791 non
3588 4736 3780 4791 audivit

2218 4826 2335 4897 ejus
2380 4827 2793 4893 admonitiones,
2847 4829 3072 4882 recessit
3116 4828 3403 4884 admodum
3456 4831 3688 4885 afflictus
3732 4840 3778 4885 et

2222 4932 2456 4972 nia-rens
2499 4919 2569 4972 ob
2623 4918 2859 4973 Valentis
2890 4922 3119 4975 ruinam.
3153 4920 3281 4975 Cum
3332 4938 3459 4992 ergo
3508 4932 3658 4978 certo
3699 4923 3783 4977 sibi

2221 5010 2575 5078 persuasisset
2613 5010 2855 5076 daemon,
2888 5026 3011 5066 eum
3058 5012 3173 5080 ejus
3217 5014 3517 5082 deccptioni
3574 5016 3785 5071 maxime

2222 5102 2377 5157 fidem
2410 5100 2682 5167 habuisse,
2712 5104 2851 5169 abit,
2885 5112 2938 5157 et
2982 5105 3205 5175 ﬁguram
3255 5108 3557 5163 Servatoris
3590 5111 3779 5173 induit,

2217 5204 2271 5248 et
2299 5203 2459 5247 noctu
2508 5195 2712 5248 accedit
2740 5197 2791 5250 in
2842 5197 3231 5265 phantasmate,
3266 5201 3407 5255 mille
3437 5205 3643 5271 angelis
3670 5206 3784 5257 lam-

2218 5285 2380 5354 padas
2414 5290 2740 5354 tenentibus,
2766 5296 2821 5342 et
2848 5298 3018 5344 rotam
3052 5292 3283 5360 igneam,
3319 5294 3368 5346 in
3400 5310 3501 5362 qua
3534 5297 3680 5349 visus
3716 5303 3785 5349 est

2214 5378 2434 5448 ﬁguram
2461 5382 2762 5448 exprimere
2782 5381 3102 5437 Servatoris.
3128 5383 3381 5454 Unusqne
3400 5402 3517 5440 eum
3540 5386 3785 5455 pnecedit

2210 5476 2265 5522 et
2291 5470 2422 5523 dicit
2450 5488 2462 5523 :
2510 5470 2754 5525 Christus
2783 5471 2971 5526 dilexit
2998 5484 3144 5529 tuum
3173 5476 3494 5542 institutum,
3548 5489 3786 5546 tuamque

2208 5560 2422 5613 vivendi
2446 5560 2748 5615 libertatem
2772 5572 2825 5616 et
2855 5564 3254 5634 conﬁdentiam,
3285 5579 3338 5622 et
3367 5570 3509 5622 Venit
3537 5580 3595 5623 ut
3636 5578 3689 5624 te
3717 5570 3783 5622 vi-

2207 5651 2360 5717 dent;
2387 5652 2644 5722 egredere
2670 5669 2793 5723 ergo
2812 5668 2844 5710 e
2868 5658 3024 5724 cella,
3049 5667 3104 5713 ct
3126 5660 3254 5714 nihil
3282 5661 3424 5717 aliud
3447 5664 3665 5728 feceris,
3694 5660 3781 5716 nisi

2207 5757 2326 5798 cum
2362 5743 2544 5809 procul
2576 5759 2696 5799 eum
2733 5746 2957 5813 videris,
2990 5753 3348 5815 procumbens
3376 5769 3495 5811 eum
3522 5755 3712 5817 adora.
3738 5761 3780 5808 et
