4020 6428
510 398 651 461 41091

1992 397 2343 457 ΡΛΙᾸΛΒΙΙ

3636 376 3780 460 ’10ῦὲ

517 510 839 579 ἐκκλησῖαν,
878 508 971 561 κα¹ι
995 508 1342 579 συνηγμένης
1375 506 1556 575 πάσης
1590 505 1687 574 τῆς
1717 503 2108 571 ἁδελφότητος,
2140 510 2185 565 Α
2221 504 2451 575 μαργῶν
2491 504 2583 557 καὶ
2616 506 2953 574 οἰνοφλυγῶν
2977 506 3233 560 ἐνέπεσεν
3263 507 3357 561 καὶ
3380 509 3458 569 εἰς
3486 506 3575 559 τὸν
3601 508 3781 578 βόρϐοσ

519 595 727 645 εἰπεῖν’
781 590 922 659 Ἐγὼ
971 590 1257 652 κοινωνίας
1292 590 1482 658 χρείαν
1529 588 1629 640 οὐκ
1659 588 1787 657 ἔχω.
1838 588 1941 638 Τὸν
1975 587 2107 655 Χρι-

524 678 647 729 στὸν
678 676 902 746 ἑώρακα
936 677 1199 744 σήμερον.
1234 674 1370 726 Τότε
1402 673 1664 743 δήσαντες
1692 670 1856 724 αὐτὸν
1879 670 1929 721 οί
1965 671 2111 735 ἆγιοι

525 760 767 828 Πατέρες
791 760 1030 830 σιδήροις
1057 758 1150 810 ἐπὶ
1177 756 1295 819 ἔτος
1326 755 1385 808 ἓν
1416 754 1893 824 ἁπεθεράπευσαν,
1926 752 2111 819 εὐχαῖς

526 843 623 896 καὶ
682 844 903 914 ποικίλῃ
958 842 1317 912 ἁδιαφορήσει
1370 840 1465 891 καὶ
1506 837 1874 908 ἁπραγοτέρῳ
1918 836 2017 905 βίῳ
2051 833 2114 884 τὸ

524 928 695 996 οἴημα
727 927 893 980 αὑτοῦ
929 925 1272 989 καθελόντες,
1310 922 1492 985 καθὼς
1529 920 1771 988 λέγεται,
1802 922 1872 972 τὰ
1897 914 2113 971 ἐναντία

525 1013 638 1073 τοῖς
669 1011 935 1073 ἐναντίοις
969 1010 1201 1079 ἰάματα.

610 1094 935 1163 Ἀναγκαῖον
969 1095 1013 1147 δ’
1068 1094 1218 1146 ἐστὶν
1264 1090 1358 1144 καὶ
1404 1090 1530 1153 τοὺς
1587 1089 1696 1141 τῶν
1743 1083 2115 1156 ἠπατημένων

531 1176 680 1245 βίους
711 1177 949 1231 ἐνθεῖναι
979 1176 1056 1247 τῷ
1089 1173 1412 1245 βιϐλιδαρίῳ
1440 1173 1618 1242 τούτῳ
1650 1170 1787 1241 πρὸς
1812 1170 2116 1237 ἀσφάλειαν

528 1261 638 1314 τῶν
673 1262 1136 1331 ἐντυγχανόντων,
1182 1258 1439 1329 καθάπερ
1489 1258 1584 1310 καὶ
1633 1257 1748 1316 τοῖς
1799 1254 1977 1321 ἁγίοις
2021 1250 2115 1304 τοῦ

530 1344 865 1416 παραδείσου
908 1346 1098 1413 φυτοῖς
1132 1342 1381 1411 συμφυές
1412 1343 1528 1392 ἐστι
1551 1338 1613 1392 τὸ
1644 1336 1801 1401 ξύλον
1829 1335 1925 1388 τοῦ
1952 1334 2119 1402 γινώ-

534 1446 686 1482 σκειν
714 1416 878 1482 καλὸν
911 1429 1006 1481 καὶ
1054 1426 1321 1495 πονηρόν
1358 1423 1423 1477 ἵν’
1450 1423 1504 1475 εί
1526 1422 1656 1474 ποτέ
1715 1438 1823 1473 τινι
1874 1418 2116 1489 συμϐαίη

531 1510 871 1581 κατόρθωμά
913 1527 988 1575 τι,
1027 1510 1104 1580 μὴ
1166 1508 1308 1578 μέγα
1363 1506 1611 1577 φρονήσῃ
1671 1504 1763 1555 ἐπὶ
1796 1504 1864 1573 τῇ
1923 1504 2117 1573 ἀρετῇ.

530 1597 804 1659 Πολλάκις
827 1595 936 1665 γὰρ
968 1598 1061 1648 καὶ
1090 1595 1146 1647 αἰ
1165 1594 1359 1662 ἀρεταὶ
1386 1589 1675 1649 ὑποθέσεις
1706 1587 1945 1655 γίνονται
1970 1585 2119 1637 πτώ-

535 1699 695 1745 σεως,
732 1682 864 1734 ὅταν
897 1680 974 1749 μὴ
1010 1679 1150 1748 μετὰ
1180 1674 1560 1745 πνευματίκῆς
1595 1671 1786 1739 σοφίας
1813 1669 2017 1732 ταύτας
2042 1685 2125 1731 τις

533 1763 794 1834 κατορθοῖ
822 1762 902 1833 τῷ
927 1762 1027 1830 τῆς
1059 1758 1345 1821 εὐσεϐείας
1380 1754 1591 1825 σκοπῷ,
1616 1753 1759 1807 κατὰ
1788 1752 1848 1805 τὸ
1877 1768 2127 1823 γεγραμ-

2216 604 2308 657 ρον
2357 590 2457 658 τῆς
2490 589 2808 655 γυναικείας
2838 590 3153 658 ἐπιθυμίας.
3212 591 3321 642 Καὶ
3368 590 3443 652 ὡς
3494 591 3783 643 ἐσκέπτετο

2214 674 2554 741 ἁμαρτῆσαι,
2596 674 2789 742 μιμάδι
2836 676 2942 726 τινὶ
2991 673 3340 744 προσομιλῶν
3391 672 3657 742 συνεχῶς,
3719 678 3781 725 τὰ

2216 754 2351 822 πρὸς
2381 755 2442 807 τὸ
2468 755 2622 817 ἕλκος
2656 756 2852 808 ἑαυτοῦ
2896 756 3188 824 διελέγετο.
3234 755 3452 808 Τούτων
3490 755 3671 818 οὑτως
3700 756 3783 807 ὑπ’

2216 837 2385 890 αὑτοῦ
2443 838 2929 911 διαπραττομένων
2978 841 3203 909 γέγονεν
3260 840 3410 911 αὑτῷ
3466 840 3611 893 κατά
3672 858 3784 893 τινα

2217 921 2530 992 οἰκονομίαν
2559 922 2765 994 ἄνθραξ
2786 925 2927 977 κατὰ
2947 926 3045 993 τῆς
3074 924 3328 995 βαλάνου.
3354 924 3463 976 Καὶ⁵
3485 926 3582 977 ἐπὶ
3609 926 3787 978 τοσοῦ-

2216 1020 2307 1055 τον
2358 1005 2615 1073 ἐνόσησεν
2659 1007 3016 1078 ἑξαμηνιαῖον
3045 1006 3255 1077 χρόνον,
3286 1006 3361 1070 ὡς
3410 1009 3786 1077 κατασαπῆναί

2218 1084 2385 1138 αὐτοῦ
2415 1086 2482 1139 τά
2511 1088 2696 1159 μόρια,
2724 1090 2819 1142 καὶ
2845 1090 3166 1160 αὐτομάτως
3190 1092 3508 1143 ἀποπεσεῖν.
3532 1091 3788 1161 ’Υστεῳν

2220 1169 2276 1221 δὲ
2318 1170 2548 1236 ὑγιάνας
2588 1173 2683 1225 καὶ
2711 1171 3022 1226 ἐπανελθὼν
3063 1173 3191 1226 ἄνευ
3219 1172 3423 1225 τούτων
3451 1173 3564 1225 τῶν
3598 1174 3784 1243 μελῶν,

2222 1252 2316 1306 καὶ
2347 1256 2427 1317 εἰς
2472 1255 2728 1325 φρόνημα
2768 1256 2952 1308 Θεῐκὸν
2980 1256 3170 1322 ἐλθὼν,
3196 1258 3291 1310 καὶ
3337 1260 3416 1320 είς
3448 1258 3673 1328 μνήμην
3701 1259 3789 1327 τῆς

2221 1338 2474 1407 οὐρανίου
2512 1338 2805 1404 πολιτείας,
2836 1342 2931 1393 καὶ
2961 1340 3499 1410 ἐξομολογησάμενος
3530 1341 3709 1393 πάντα
3734 1342 3791 1393 τά

2227 1421 2618 1491 συμϐεϐηκότα
2651 1422 2802 1491 αὑτῷ
2831 1426 2944 1486 τοῖς
2975 1424 3153 1492 ἁγίοις
3174 1426 3480 1494 Πατράσιν,
3511 1425 3792 1494 ἐνεργῆσαι

2228 1505 2304 1575 μὴ
2341 1504 2552 1573 φθάσας
2586 1506 2857 1576 ἐκοιμήθη
2898 1509 3014 1577 μετ’
3044 1508 3233 1575 ὀλίγας
3261 1506 3504 1578 ἡμέρας.

2786 1594 3053 1663 ,ΚΕΦΑλΜ
3100 1599 3222 1651 Al".

2731 1679 2870 1746 Περὶ
2897 1682 3292 1750 Πτολεμαίου.
3528 1746 3533 1753 κ

2304 1761 2496 1825 Ἀλλος
2528 1779 2613 1826 τις
2656 1763 2817 1816 πάλιν
2850 1765 3186 1834 Πτολεμαῖος
3216 1766 3477 1837 ὀνόματι,
3515 1768 3789 1839 δυσδιήγη·

537 1848 698 1919 μένον
726 1863 739 1878 ο
768 1848 909 1901 Ἴδον
940 1847 1151 1899 δίκαιον
1178 1840 1554 1913 ἀπολλύμενον
1588 1840 1647 1891 ἐν
1686 1837 1883 1907 δικαίῳ
1913 1834 2080 1889 αὐτοῦ
2103 1851 2115 1864 ·
2152 1858 2195 1913 Β
2222 1863 2313 1899 τον
2334 1887 2348 1911 ,
2385 1846 2589 1915 μᾶλλον
2637 1846 2695 1898 δὲ
2740 1847 3133 1915 ἁνεκδιήγητον
3185 1834 3387 1920 ἀρετῆς
3441 1850 3562 1921 βίον
3611 1834 3789 1921 ζήσας,

536 1932 631 1987 καί
653 1950 717 2003 γε
735 1931 895 1986 τοῦτο
928 1930 1253 2002 ματαιότης.

1125 2011 1383 2069 ΚΕΦΑΛ.
1418 2006 1543 2062 AB’.

1097 2095 1239 2164 Περὶ
1270 2098 1556 2162 Ἦρωνος.

615 2187 806 2257 Ἥρων
858 2183 1084 2253 γέγονεν
1134 2179 1389 2249 γειτνιῶν
1446 2195 1556 2247 μοι,
1615 2172 2003 2244 Ἀλεξανδρεὺς
2049 2173 2129 2245 τῷ

541 2274 714 2342 γένει,
747 2272 985 2333 ἀστεῖος,
1021 2266 1310 2336 νεώτερος,
1359 2262 1567 2332 εὐφυὴς
1597 2260 1696 2329 τὴν
1729 2260 1993 2322 διάνοιαν,
2030 2276 2129 2311 κα-

543 2357 705 2425 θαρὸς
737 2354 830 2407 τὸν
862 2354 997 2423 βίον,
1025 2352 1083 2414 ὂς
1113 2351 1208 2403 καὶ
1237 2347 1400 2409 αὑτὸς
1433 2344 1569 2414 μετὰ
1601 2345 1797 2406 πόνους
1831 2343 2127 2414 μεγάλους,

552 2441 639 2492 (αἱ
669 2438 903 2505 ἱδρῶτας
936 2434 1244 2503 γενναίους,
1280 2430 1375 2484 καὶ
1407 2428 1521 2498 βίον
1545 2429 1625 2489 εἰς
1650 2426 1820 2498 ἄκρον
1850 2427 2129 2497 ἐνάρετον,

539 2523 622 2594 τῷ
656 2523 811 2592 τύφῳ
862 2523 961 2589 τῆς
989 2516 1249 2577 ἀπονοίας
1304 2512 1494 2582 ἀρθεὶς
1542 2511 1622 2574 εἰς
1672 2510 1807 2581 ὑψος
1854 2510 2130 2594 μετέωρον

541 2591 803 2659 κὰκεῖθεν
837 2601 1073 2655 ἐλεεινὸν
1099 2602 1234 2653 πᾶσι
1266 2597 1467 2665 πτῶμα
1493 2595 1867 2665 κατενεχθεὶς,
1904 2591 2132 2662 ἐξετρα-

544 2687 799 2760 χηλίσθη.
841 2688 948 2738 Καὶ
992 2684 1134 2737 κατὰ
1177 2681 1287 2734 τῶν
1322 2679 1493 2747 ἁγίων
1526 2678 1789 2747 Πατέρων
1814 2677 1993 2746 οἰήσει
2028 2690 2134 2760 μοι-

546 2757 677 2843 ταίᾳ
708 2771 1027 2840 κινούμενος
1057 2767 1360 2838 ἐφρόνησεν
1391 2763 1554 2833 μέγα,
1582 2763 1707 2824 τοὺς
1741 2761 1952 2843 πάντας
1975 2757 2134 2843 ὑϐρί-

546 2841 669 2921 σας,
704 2856 799 2907 καὶ
824 2853 941 2924 μετ’
972 2851 1151 2905 αὐτῶν
1179 2849 1272 2902 τὸν
1312 2846 1582 2917 μακάριον
1608 2845 1899 2915 Εὑάγριον,
1937 2841 2131 2908 λέγων,

542 2940 628 2991 ὅτι
664 2940 725 2991 Οἱ
753 2935 1069 3007 πειθόμενοί
1108 2950 1201 2985 σου
1243 2935 1309 3003 τῇ
1344 2929 1665 2999 διδασκαλίᾳ
1696 2925 2034 2980 ἀπατῶνται.
2060 2924 2133 2976 Οὑ

545 3023 657 3092 γὰρ
690 3022 818 3091 χρὴ,
859 3021 1045 3090 φησὶν,
1089 3015 1433 3078 διδασκάλοις
1462 3014 1670 3083 ἐτέροις
1701 3010 1961 3083 χρῆσθαι,
1992 3025 2137 3092 παρ-

549 3091 709 3167 εκτδς
741 3105 836 3157 τοῦ
879 3102 1122 3173 Χριστοῦ
1154 3100 1340 3171 μόνου.
1390 3097 1774 3167 Ἀπεχρήσατο
1812 3094 1869 3145 δὲ
1915 3093 2010 3145 καὶ
2038 3091 2137 3161 τὴν

2227 1930 2572 1999 τοκαταρχὰς
2627 1931 2849 2000 οῖκησεν
2921 1931 3178 1983 ἐπέκεινα
3237 1933 3337 2001 τῆς
3393 1935 3656 2004 Σκήτεως
3707 1935 3790 2002 τήν

2229 2013 2573 2081 καλουμένην
2619 2013 2901 2083 Κλίμακα.
2939 2014 3115 2077 Τόπος
3147 2015 3205 2068 δέ
3236 2018 3383 2068 ἐστιν
3428 2017 3580 2069 οὕτω
3611 2016 3790 2070 καλού-

2234 2113 2416 2168 μενος,
2445 2098 2526 2158 εἰς
2551 2096 2610 2148 ὃν
2638 2096 2811 2159 οὐδεὶς
2833 2097 3071 2168 ἠδυνήθη
3103 2099 3320 2168 οἰκῆσαί
3346 2116 3478 2152 ποτε
3510 2100 3625 2152 τῶν
3653 2114 3791 2169 μονα-

2232 2180 2364 2250 χῶν,
2392 2180 2486 2232 τοῦ
2520 2179 2627 2231 ἀπὸ
2658 2180 2936 2233 δεκαοκτὼ
2976 2183 3219 2251 σημείων
3256 2177 3395 2235 εἰναι
3422 2183 3479 2235 τὸ
3512 2185 3692 2253 φρέαρ
3716 2181 3787 2233 τοῦ

2234 2264 2447 2324 ὓδατος.
2506 2262 2791 2327 Βαστάσας
2839 2261 2931 2318 οὖν
2980 2267 3187 2327 ἐκεῖνος
3247 2266 3491 2337 κεράμια
3537 2268 3787 2319 Κιλικίσιι

2234 2347 2453 2400 πλείονα
2501 2350 2679 2400 ἐκεῖσε
2714 2349 3051 2417 ἀπήνεγκεν.
3088 2350 3197 2401 Καὶ
3232 2349 3308 2420 τῷ
3352 2351 3677 2420 Δεκεμϐρίῳ
3720 2352 3789 2402 καὶ

2247 2430 2563 2501 Ἰανουαρίῳ
2605 2433 2736 2501 μηνὶ
2783 2431 3105 2499 συναγαγὼν
3135 2433 3233 2503 τὴν
3263 2434 3450 2505 δρόσον
3484 2436 3554 2486 ἐκ
3582 2436 3688 2485 τῶν
3716 2450 3788 2483 πε-

2233 2515 2379 2584 τρῶν
2432 2516 2715 2585 (δροσίςει
2764 2516 2872 2584 γάρ
2917 2518 2976 2567 ἐν
3027 2514 3255 2579 ἐκείνοις
3298 2520 3409 2579 τοῖς
3453 2517 3650 2588 μέρεσι
3693 2518 3786 2568 τότε

2237 2597 2446 2667 πολλὰ)
2482 2600 2575 2650 καὶ
2607 2599 2673 2650 τὰ
2705 2598 2946 2668 κεράμια
2989 2598 3287 2669 πληρώσας
3314 2601 3411 2669 τῆς
3440 2601 3634 2669 δρόσου
3667 2601 3787 2670 διήρ-

2236 2699 2399 2735 κεσεν
2429 2681 2609 2751 ἐαυτῴ
2638 2682 2727 2733 ἐπὶ
2757 2681 3054 2736 δεκαπέντε
3084 2683 3177 2753 ἔτη
3204 2685 3429 2753 οἰκήσας
3457 2688 3611 2751 ἐκεῖ,
3641 2685 3787 2749 πλείο-

2238 2785 2303 2821 να
2347 2768 2538 2837 χρόνον
2598 2766 2787 2837 μηδενὶ
2829 2766 3233 2837 συντυγχάνων.
3296 2770 3391 2833 Ὃς
3452 2768 3787 2835 ἀποξενωθεζ

2237 2852 2589 2914 διδασκαλίας
2650 2851 3058 2921 πνευματικῆς,
3120 2853 3217 2904 καὶ
3262 2853 3555 2923 συντυχίας
3608 2851 3787 2919 ἀνδρῶν

2239 2938 2421 3003 ὁσίων,
2458 2936 2551 2988 καὶ
2591 2935 2861 3004 ὠφελείας
2901 2936 3073 3004 ἁγίων
3108 2936 3390 3008 Πατέρων,
3425 2937 3519 2989 καὶ
3561 2933 3785 3004 συνεχοῦς

2241 3022 2525 3083 κοινωνίας
2546 3022 2655 3073 τῶν
2693 3021 3012 3091 μυστηρίων
3041 3020 3135 3072 τοῦ
3162 3021 3420 3088 Χριστοῦ,
3450 3021 3543 3073 ἐπὶ
3566 3019 3784 3072 τοσοῦτον

2242 3107 2444 3177 ἐμάνη,
2479 3106 2775 3175 ἐκτραπεῖς
2804 3104 2900 3173 τῆς
2925 3104 3142 3168 εὐθείας
3175 3104 3317 3170 ὁδοῦ,
3349 3105 3423 3168 ὡς
3446 3105 3508 3156 τὸ
3533 3102 3670 3174 παρά
3693 3117 3784 3153 τισι

553 3189 866 3260 μαρτυρίαν
910 3187 1047 3254 πρὸς
1098 3185 1190 3237 τδν
1251 3182 1743 3251 κατεστραμμένον
1798 3179 1999 3231 σκοπὸν
2042 3178 2138 3245 τῆς
2164 3195 2210 3257 C
2242 3189 2349 3242 τῶν
2379 3188 2591 3242 ἀσεϐῶν
2620 3188 2934 3258 λεγόμενον,
2965 3188 3377 3258 αὑτοματισμὺν
3399 3189 3491 3240 καὶ
3517 3187 3687 3240 τοῦτον
3708 3184 3784 3236 τὸν

550 3270 751 3324 ἑαυτοῦ
782 3269 1015 3341 μωρίας,
1037 3268 1135 3320 καὶ
1158 3266 1363 3334 ἔλεγεν,
1389 3266 1473 3317 ὅτι
1489 3263 1663 3325 Αὐτὸς
1689 3265 1717 3315 ὁ
1745 3262 1937 3331 Σωτὴρ
1964 3260 2134 3328 λέγει·

553 3353 646 3423 Μὴ
673 3352 945 3422 καλέσητε
972 3348 1297 3403 διδάσκαλον
1340 3348 1434 3400 ἐπὶ
1466 3348 1567 3417 τῆς
1610 3348 1735 3415 γῆς.
1776 3348 1871 3409 Ὃς
1903 3346 1999 3397 ἐπὶ
2052 3359 2140 3395 το-

554 3438 746 3491 σοῦτον
796 3436 894 3489 καὶ
928 3434 1090 3497 αὑτὸς
1121 3430 1401 3502 ἐσκοτώθη
1445 3429 1537 3482 τὸν
1578 3430 1842 3499 λογισμὸν
1890 3431 1958 3498 τῇ
2008 3428 2139 3497 κενῇ

552 3522 683 3595 δόξῃ
718 3522 820 3590 τῆς
841 3520 1074 3589 οἰήσεως
1097 3516 1304 3571 ἁνωθεν
1346 3516 1498 3569 κάτω
1529 3513 1722 3579 ἐλθὼν,
1756 3514 1834 3576 ὡς
1861 3515 1953 3565 καὶ
1979 3511 2141 3564 αὑτὸν

557 3612 787 3680 ὕστερον
839 3606 1230 3677 σιδηρωθῆναι,
1276 3603 1354 3675 μὴ
1415 3602 1641 3656 θέλοντα
1668 3604 1733 3671 τῇ
1775 3601 1955 3670 οἰήσει
2006 3598 2143 3669 μηδέ

553 3696 669 3756 τοῖς
724 3694 1048 3763 μυστηρίοις
1115 3692 1302 3753 αὐτοῖς
1369 3687 1792 3759 προσέρχεσθαι.
1833 3685 1969 3753 Φίλη
2023 3682 2140 3751 δέἡ

561 3778 813 3849 ἀλήθεια.
852 3776 990 3830 Καθ’
1020 3774 1333 3845 ὑπερϐολὴν
1358 3772 1555 3834 λεπτὸς
1582 3767 1652 3841 ἦν
1674 3772 1740 3840 τῇ
1769 3768 2037 3838 πολιτείᾳ,
2068 3767 2145 3828 ὡς

561 3864 792 3926 πολλοὺς
845 3859 1152 3930 διηγεῖσθαι
1192 3857 1320 3919 τοὺς
1386 3857 1445 3908 ἐν
1500 3852 1762 3922 συνηθείᾳ
1812 3852 1989 3921 τούτῳ
2049 3850 2145 3919 τὴν

560 3950 735 4019 ἄκραν
796 3944 961 3999 αὑτοῦ
1022 3944 1121 4013 τῆς
1172 3942 1459 4011 ἀσκήσεως
1513 3938 1826 3999 πολιτείαν,
1880 3935 2147 4003 λεγόντων

557 4033 745 4099 τινῶν,
775 4032 859 4085 ὅτι
902 4029 1165 4091 πολλάκις
1196 4026 1288 4079 διὰ
1314 4026 1483 4096 τριῶν
1519 4022 1704 4094 μηνῶν
1742 4021 1921 4092 ήσθιε,
1949 4020 2147 4090 ἀρκού-

565 4133 725 4188 μενος
756 4116 894 4187 μόνῃ
917 4114 985 4183 τῇ
1021 4111 1276 4180 κοινωνίᾳ
1302 4110 1409 4160 τῶν
1448 4106 1765 4177 μυστηρίων
1787 4144 1803 4171 ,
1836 4104 1929 4155 καὶ
1962 4104 2015 4154 εί
2046 4119 2148 4154 που

560 4185 629 4255 ἂν
662 4185 1011 4269 παραφανείη
1073 4196 1239 4265 ἄγρια
1297 4193 1529 4261 λάχανα.
1588 4191 1791 4256 Πεῖραν
1851 4186 1907 4238 δὲ
1954 4185 2149 4269 τούτου

566 4268 763 4353 εἴληφα
799 4279 953 4348 κὰγὼ
1007 4280 1146 4348 μετὰ
1193 4275 1287 4328 τοῦ
1333 4272 1606 4345 μακαρίου
1659 4269 1925 4322 Ἀλϐινίου
1973 4268 2151 4322 ἀπιὼν

567 4370 664 4422 ἐπὶ
690 4368 791 4437 τὴν
823 4367 1044 4435 Σκῆτιν.
1090 4364 1343 4432 Ἀπεῖχεν
1364 4361 1421 4412 δὲ
1456 4358 1615 4429 ἡμῶν
1646 4358 1679 4427 ἡ
1723 4356 1920 4426 Σκῆτις
1950 4372 2151 4408 τεσσα-

571 4453 810 4523 ράκοντα
862 4449 1132 4519 σημείοις.
1198 4446 1392 4515 Ἡμεῖς
1450 4442 1703 4513 δεύτερον
1768 4440 2151 4511 βεϐρώκαμεν,

2240 3272 2424 3326 ἄθλιον
2471 3271 2753 3340 ὁμολογεῖν
2778 3309 2793 3334 ,
2826 3269 2920 3323 τοῦ
2959 3271 3061 3339 τῆς
3112 3272 3323 3340 πλάνης
3364 3271 3606 3340 δαίμονος
3643 3267 3783 3319 αὑτὸν

2243 3355 2679 3427 στρατηγοῦντος
2727 3354 2935 3407 λοιπόν.
2986 3350 3158 3418 Οὗτος
3208 3357 3319 3426 γὰρ
3366 3356 3393 3407 ὁ
3444 3353 3687 3421 δυσμενής
3724 3349 3777 3400 τὸ

2242 3441 2428 3494 καινὸν
2462 3439 2620 3493 τοῦτο
2653 3439 2884 3492 ὑπέθετο
2916 3438 3118 3505 λέγειν,
3158 3441 3422 3509 μηδεμίαν
3446 3438 3610 3489 οὐσίαν
3638 3435 3771 3502 ἔχειν

2244 3527 2311 3578 τὰ
2360 3522 2688 3594 πράγματα,
2740 3522 2853 3574 ἀλλ’
2892 3522 3081 3584 ἁπλῶς
3132 3520 3272 3576 εἶναι
3306 3523 3370 3575 τὰ
3406 3521 3557 3573 πάντα
3591 3519 3648 3569 ἐκ
3675 3513 3760 3564 τοῦ

2244 3609 2336 3663 τὸν
2391 3608 2596 3676 κόσμον
2644 3605 2971 3673 αὐτομάτως
3028 3606 3310 3676 φέρεσθαι.
3373 3601 3626 3658 ’Υπέϐσλεν
3676 3596 3754 3648 οὑν

2245 3688 2396 3759 αὑτῷ
2428 3690 2687 3759 πολέμιος
2718 3689 2818 3757 τῆς
2843 3689 3061 3741 πάντων
3092 3689 3259 3758 ζωῆς,
3291 3687 3550 3757 ἐνσκήψας
3577 3684 3675 3743 ὅλος
3698 3679 3759 3739 εἰς

2246 3777 2346 3845 τὴν
2374 3773 2566 3826 τούτου
2595 3772 2792 3843 ψυχὴν,
2830 3773 3028 3841 λέγων’
3053 3772 3271 3825 Τούτων
3311 3772 3480 3834 οὑτως
3517 3768 3714 3839 ἐχόντων
3731 3760 3776 3811 τί

2253 3860 2430 3931 μάτην
2457 3856 2632 3921 οὕτως
2673 3855 2870 3910 σαυτὸν
2903 3856 3340 3927 καταδαμάζειςς
3376 3857 3465 3911 ἵνα
3505 3856 3575 3916 εἰς
3604 3848 3692 3903 ποῦ
3719 3862 3787 3899 σοι

2249 3945 2439 4014 ὀνήσῃ,
2478 3942 2803 4011 Πτολεμαῖε,
2843 3941 2918 4012 μὴ
2951 3939 3119 4010 οὑσης
3159 3941 3535 4010 ἁντιμισθίας;
3574 3938 3704 3996 ποῖος

2253 4012 2341 4079 σοι.
2367 4012 2558 4093 μισθὸς
2584 4025 2649 4077 ἂν
2686 4025 2986 4095 ἐξήρκεσεν
3024 4024 3228 4077 τούτων
3256 4025 3365 4077 τῶν
3414 4024 3608 4082 πόνων,
3649 4018 3691 4069 εἰ
3716 4012 3798 4068 καί

2253 4128 2332 4175 τις
2363 4108 2433 4181 ἦν
2473 4113 2501 4163 ό
2530 4109 2817 4171 ἀποδιδούς
2850 4125 2932 4160 σοι
2958 4125 2973 4170 ;
3006 4108 3137 4161 ποία
3161 4108 3216 4160 δὲ
3244 4109 3339 4160 καὶ
3368 4108 3549 4178 κρίσις
3590 4103 3721 4157 ἐστὶν
3746 4101 3801 4168 ἢν

2252 4195 2572 4249 ἀπειλοῦσιν
2590 4195 2642 4245 αἱ
2668 4191 2882 4262 Γραφαῖ
2904 4192 3256 4261 ἁπρονοήτων
3280 4190 3635 4261 ὑπαρχόντων
3657 4184 3805 4239 ἁπάν-

2252 4295 2396 4344 των;
2430 4277 2656 4339 Τούτοις
2680 4279 2793 4339 τοῖς
2820 4278 3131 4338 σατανικοῖς
3173 4273 3355 4342 λόγοις
3380 4269 3764 4329 κατακλασθεῖς
3787 4266 3808 4314 ὁ

2255 4361 2550 4424 πανάθλιος
2590 4358 2927 4429 Πτολεμαῖος
2984 4358 3203 4425 λέγεται
3248 4357 3515 4427 φέρεσθαι
3569 4354 3811 4425 μετέωρος

2255 4443 2567 4515 ἐξεστηκὼς
2597 4443 2706 4495 τῶν
2737 4445 2879 4495 κατὰ
2919 4442 3081 4511 φύσιν
3111 4441 3324 4511 φρενῶν
3356 4440 3522 4511 μέχρι
3558 4440 3657 4508 τῆς
3682 4437 3812 4502 δευρο

572 4517 669 4590 καὶ
721 4517 1184 4604 τρίτονηέπίομεν
1240 4530 1408 4601 ὕδωρ.
1450 4529 1692 4591 Ἐκεῖνος
1740 4527 1798 4579 δὲ
1857 4527 1979 4597 μηδ’
2016 4527 2150 4589 ὅλως
2185 4536 2231 4593 ι)
2261 4528 2537 4597 ἀλώμενος
2594 4528 2652 4578 ἐν
2707 4527 3006 4595 Αἰγύπτῳ,
3064 4525 3277 4578 ἔκδοτον
3333 4525 3531 4577 ἐαυτὸν
3594 4517 3813 4577 δεδωκὼς

572 4618 912 4689 γευσάμενος
963 4616 1130 4679 πεζὸς
1189 4614 1426 4685 βαδίζων
1482 4611 1849 4693 άπεστήθιςεν
1906 4610 2154 4681 ψαλμοὺς
2198 4678 2215 4693 λ

571 4705 893 4767 δεκαπέντε,
910 4701 1005 4754 ἐπε
1015 4718 1102 4752 ιτα
1129 4699 1219 4752 τὸν
1239 4699 1433 4767 μέγαν,
1452 4692 1571 4747 εἶτα
1591 4694 1686 4765 τὴν
1708 4696 1845 4764 πρὸς
1874 4695 2157 4767 Ἐϐραίους

574 4787 922 4854 Ἐπιστολὴν,
961 4779 1081 4836 εἶτα
1125 4782 1353 4835 Ἡσαΐαν
1389 4780 1484 4833 καὶ
1516 4779 1681 4850 μέρος
1724 4763 1989 4849 Ἰερεμίου
2048 4779 2159 4830 τῶν
2205 4763 2220 4788 ³

575 4873 892 4945 προφητῶν,
940 4864 1060 4922 εἶτα
1105 4867 1320 4921 Λουκᾶν
1352 4863 1445 4917 τὸν
1489 4863 1906 4935 εὑαγγελιστὴν,
1966 4864 2159 4915 ἔπειτα

570 4958 671 5019 τὰς
704 4955 1034 5026 Παροιμίας.
1071 4954 1182 5005 Καὶ
1229 4948 1437 5002 τούτων
1466 4947 1641 5009 οὑτως
1676 4949 1933 5016 ἐχόντων,
1984 4962 2157 4997 κατα·
2208 4940 2213 4948 ’

571 5024 1076 5110 λαμϐάνεινίαὺτὸν
1124 5039 1225 5089 οὑκ
1261 5033 1579 5103 ἠδυνάμεθα
1628 5030 1936 5101 βαδίζοντα.
1987 5024 2157 5092 Οὗτος

572 5126 885 5182 τελευταῖον
917 5126 985 5193 τῇ
1030 5120 1124 5173 τοῦ
1167 5118 1409 5189 πονηροῦ
1464 5116 1715 5185 δαίμονος
1754 5114 2010 5184 ἐνεργείᾳ
2063 5114 2158 5183 λη-

574 5212 757 5283 φθεὶς,
785 5210 861 5272 ὡς
895 5208 1001 5261 ὑπὸ
1046 5206 1411 5276 σφοδροτάτου
1462 5202 1632 5270 πυρὸς
1683 5200 2065 5269 ἐλαυνόμενος,
2100 5201 2159 5252 ἐν

575 5302 642 5369 τῇ
705 5295 869 5369 κέλλῃ
931 5294 1029 5363 μὲν
1090 5291 1254 5345 αὑτοῦ
1332 5287 1667 5356 καθεσθῆναι
1734 5286 1834 5338 οὑκ
1891 5285 2155 5356 ἠδυνήθη.

586 5368 865 5435 Ἀπελθὼν
893 5381 949 5432 δὲ
980 5380 1061 5439 είς
1094 5377 1201 5447 τὴν
1243 5373 1671 5444 Ἀλεξάνδρειαν,
1702 5372 1844 5441 τάχα
1876 5370 1973 5424 καὶ
2002 5370 2160 5423 τοῦτο

580 5470 725 5524 κατὰ
772 5467 923 5520 θείαν
974 5462 1310 5532 οἰκονομίαν,
1339 5462 1401 5513 τὸ
1446 5460 1511 5531 δὴ
1540 5458 1853 5529 λεγόμενον,
1901 5459 2017 5529 ἥλῳ
2069 5457 2158 5509 τὸν

575 5551 706 5626 ἧλον
739 5555 1082 5625 ἐξέκρουσεν.
1114 5551 1453 5620 Περιὲπεσεν
1483 5550 1590 5620 γὰρ
1620 5549 1882 5610 ἐκουσίως
1913 5549 1977 5616 τῇ
2006 5547 2157 5600 ἁδια-

579 5642 765 5712 φορίᾳ,
818 5641 898 5703 είς
948 5637 1175 5706 ὕστερον
1215 5635 1469 5688 ἀκούσιον
1503 5632 1803 5703 εὑράμενος
1860 5632 2156 5701 σωτηρίαν.

582 5723 903 5791 Παρέϐαλεν
939 5722 1045 5792 γὰρ
1069 5720 1163 5774 καὶ
1195 5718 1467 5789 θεάτροις,
1501 5720 1594 5769 καὶ
1624 5714 2032 5784 ίπποδρομίαις,
2065 5715 2160 5766 καὶ

581 5808 680 5869 si;
708 5806 989 5875 διατριϐάς
1010 5802 1154 5874 εἶχεν
1185 5804 1242 5857 ἐν
1268 5799 1603 5871 καπηλείοις.
1635 5798 1818 5862 Οὑτως
1845 5798 1900 5850 δέ
1933 5815 2157 5869 γαστρι-

2260 4611 2695 4683 γαστριμαργίᾳ,
2727 4610 2820 4661 καὶ
2842 4607 3181 4679 οἰνοφλυγὶᾳ,
3208 4607 3396 4678 μηδεν).
3429 4608 3602 4677 μηδὲν
3621 4602 3815 4675 ὁμιλῶν,

2258 4695 2395 4750 ἀλλὰ
2427 4697 2572 4755 ἐνεδς
2596 4692 2973 4759 ἀνακάμπτων
3002 4695 3101 4761 τὴν
3134 4691 3361 4761 ἀγορὰν,
3394 4691 3633 4742 ἐλεεινὸν
3667 4690 3817 4755 θέαμα

2260 4780 2354 4833 καὶ
2376 4778 2580 4847 πλῆρες
2605 4775 2857 4845 δακρύων
2881 4775 3239 4844 προκείμενος
3264 4774 3613 4843 Χριστιανῶν
3643 4770 3819 4841 ὀφθαλ-

2263 4867 2399 4935 μοῖς,
2432 4861 2683 4930 παίγνιον
2710 4860 2766 4911 δέ
2788 4861 2881 4911 καὶ
2912 4859 3077 4929 χλεύη
3100 4860 3211 4919 τοῖς
3234 4858 3494 4927 ἁγνοοῦσι
3519 4860 3617 4911 τὸν
3650 4856 3821 4926 ἡμέτε-

2260 4965 2354 5020 ρον
2396 4946 2528 5016 βίον.
2568 4943 2677 4995 Καὶ
2706 4940 2846 5013 αὕτη
2877 4942 2935 4994 δὲ
2980 4944 3209 5005 ἀνίατος.
3234 4945 3494 5011 συμφορὰ
3524 4940 3822 5008 κατειλήφει

2258 5034 2347 5086 τὸν
2378 5029 2609 5084 ἐλεεινὸν
2639 5027 2974 5096 Πτολεμαῖον
3002 5028 3070 5079 ἐκ
3102 5027 3202 5097 τῆς
3233 5027 3429 5094 ἀλόγου
3465 5027 3702 5096 οἰήσεως
3722 5066 3735 5088 ,
3766 5020 3824 5087 τῷ

2258 5117 2500 5188 νομίζειν
2545 5115 2708 5168 αὑτὸν
2747 5112 3152 5183 ἐμπαιζόμενον
3204 5113 3310 5165 ὑπὸ
3360 5111 3454 5165 τοῦ
3504 5112 3714 5165 πλάνου
3761 5109 3825 5159 ὄτι

2259 5204 2460 5273 γνῶσιν
2495 5201 2609 5269 ἔχει
2642 5198 2784 5268 ὑπὲρ
2816 5198 3025 5259 πάντας
3057 5200 3184 5260 τοὺς
3213 5196 3407 5264 ἁγίους
3454 5197 3742 5267 Πατέρα-ς·
3775 5191 3826 5242 δι’

2258 5288 2325 5361 ἦς
2350 5287 2645 5358 φυσιωθεὶς
2681 5288 2708 5337 ὁ
2731 5283 2925 5336 ἐαυτοῦ
2959 5282 3215 5352 πολέμιος
3237 5284 3317 5344 είς
3342 5282 3432 5334 τὸν
3468 5280 3639 5350 βυθὸν
3663 5278 3828 5331 τοῦτον

2261 5368 2655 5437 κατεποντίσθη
2705 5369 2805 5437 τῆς
2843 5367 3141 5433 ἀπωλείας,
3182 5365 3452 5434 μηδέποτε
3491 5362 3691 5434 μηδενὶ
3726 5375 3829 5412 συν·

2259 5462 2438 5533 τυχὼν
2467 5460 2575 5513 τῶν
2616 5456 2787 5525 ἁγίων
2832 5457 3090 5525 ΙΙατέρων
3118 5455 3227 5507 τῶν
3259 5452 3439 5521 σοφῶς
3472 5446 3828 5522 κυϐερνησάν·

2259 5530 2391 5610 των,
2424 5547 2521 5598 καὶ
2549 5546 2616 5613 τῇ
2645 5540 2850 5594 τούτων
2873 5540 3219 5608 πνευματικῇ
3250 5534 3576 5603 διδασκαλίᾳ
3609 5530 3830 5605 τημελη·

2262 5640 2396 5702 θεῖς,
2429 5636 2542 5690 ἀλλ’
2570 5632 2942 5701 ἀκυϐέρνητος
2986 5626 3256 5697 εὑρεθεὶς,
3294 5626 3388 5679 καὶ
3432 5622 3538 5677 ὑπὸ
3581 5621 3686 5691 τῆς
3729 5634 3830 5672 σκε-

2262 5728 2445 5795 τεινῆς
2479 5724 2742 5783 λαίλαπος
2799 5716 3158 5790 χειμασθεὶς,
3207 5716 3286 5776 εἰς
3329 5711 3556 5781 ἔσχατον
3619 5709 3831 5763 θανάτον

2268 5811 2517 5880 πυθμένα
2559 5802 2868 5871 ἐξώκειλεν.
2903 5802 2973 5854 "ll
3008 5798 3194 5869 ὥσπερ
3225 5795 3438 5866 δένδρον
3477 5794 3730 5863 γενναῖον
3758 5785 3836 5840 καὶ
