4020 6428
295 409 318 461 1
330 404 431 461 095

1549 410 1866 469 HISTORIA
1909 408 2271 468 LAUSIACA.

3406 406 3541 463 10M

289 524 574 593 ingredere
597 525 652 579 in
683 530 827 578 tuam
856 522 1066 577 cellam.
1104 522 1365 592 Egressus
1395 537 1523 593 ergo
1549 538 1669 579 cum
1696 524 1862 579 vidis-
1890 532 1943 591 Α
1972 525 2215 580 Accessit
2240 525 2381 579 enim
2413 523 2478 577 ad
2514 522 2717 577 theatra
2750 532 2804 577 et
2844 524 3116 593 equestria
3143 526 3456 595 certamina,
3501 534 3563 584 et

281 625 367 671 set
394 627 710 685 apparatum
765 617 1090 685 lampadum,
1137 618 1354 671 circiter
1395 632 1425 670 a
1457 617 1629 672 stadio
1678 618 1867 687 procul

280 706 673 759 Antichristum
731 706 990 759 adoravit.
1041 706 1160 759 Alio
1214 707 1393 774 itaque
1438 708 1527 761 die
1575 708 1711 762 adeo
1769 708 1869 762 fuit

284 806 479 849 emota:
510 798 726 861 mentis,
760 806 815 848 ut
844 796 1215 864 iugrederetdr
1246 799 1562 867 ecclesiam,
1596 810 1649 852 et
1681 799 1868 853 frater-

284 886 451 938 nitate
500 896 822 955 congregata
883 887 1130 942 diceret:
1166 888 1278 957 Ego
1334 905 1440 943 non
1500 892 1677 946 habeo
1735 907 1869 961 opus

280 978 684 1043 communione;
707 978 979 1032 Christum
1000 980 1139 1033 enim
1162 981 1269 1033 vidi
1296 981 1472 1036 hodie.
1499 984 1649 1037 'I‘uuc
1670 984 1859 1039 Patres

282 1082 403 1119 eum
452 1083 593 1121 anno
643 1083 747 1121 uno
794 1068 1095 1133 vinxerunt,
1142 1079 1199 1124 et
1241 1071 1295 1125 in
1338 1072 1542 1127 ferreos
1570 1075 1868 1141 compedes

281 1169 646 1227 conjecerunt,
671 1171 725 1213 et
747 1171 1036 1226 curarunt;
1070 1163 1343 1229 precibus,
1368 1164 1589 1235 ejusque
1617 1178 1867 1223 contem-

284 1254 498 1320 ptione,
523 1253 739 1319 vitaque
784 1256 1079 1306 austeriore
1107 1254 1453 1310 detrahentes
1485 1260 1599 1326 ejus
1643 1274 1864 1327 persua-

282 1346 529 1407 sionem;
562 1359 686 1397 nam
709 1383 723 1408 ,
757 1354 811 1397 ut
857 1346 1072 1411 dicitur,
1120 1349 1388 1402 contraria
1422 1352 1704 1406 contrariis
1752 1367 1867 1407 me-

282 1434 602 1489 dicamentis
630 1445 900 1491 curantur.

356 1527 587 1581 Necesse
618 1537 703 1581 est
749 1538 925 1583 autem
958 1545 1142 1585 eorum
1193 1548 1405 1603 quoque
1449 1537 1537 1601 qui
1570 1547 1692 1593 sunt
1736 1541 1869 1595 tales

283 1619 445 1672 vitam
478 1620 527 1671 in
562 1619 662 1673 hoc
696 1620 833 1675 libro
886 1622 1155 1687 inserere,
1189 1626 1254 1678 ad
1285 1629 1629 1682 securitatem
1674 1646 1860 1685 eorum

283 1712 369 1779 qui
396 1712 573 1779 legunt
602 1728 617 1765 :
644 1714 777 1766 sicut
800 1714 960 1767 etiam
981 1718 1182 1769 sanctis
1204 1718 1393 1786 plantis
1416 1722 1641 1774 aet-essit
1665 1722 1866 1792 lignum

286 1804 540 1872 paradisi,
567 1820 759 1873 nempe
788 1806 1017 1875 cognitio
1041 1808 1163 1861 boni
1193 1819 1247 1863 et
1276 1812 1400 1864 mali
1436 1810 1586 1881 (Gen.
1619 1818 1709 1880 tt);
1741 1824 1796 1866 ut
1823 1814 1868 1868 si

1976 616 2288 670 versabatur
2309 615 2360 668 in
2406 615 2691 683 cauponis;
2742 616 2788 669 is
2831 626 3013 669 autem
3056 630 3179 670 cum
3226 619 3366 686 gula:
3405 631 3554 673 esset

1973 708 2189 760 deditus
2220 716 2271 759 et
2294 705 2565 771 ebrietati,
2598 706 2784 760 incidit
2808 708 2859 759 in
2892 722 3103 762 omnum
3138 707 3381 764 feminea:
3403 710 3555 779 cupi-

1973 800 2188 864 ditatis;
2219 809 2271 853 et
2300 815 2419 852 eum
2453 814 2673 867 peccare
2703 800 3071 852 constituisset
3092 839 3106 861 ,
3160 814 3281 853 cum
3317 802 3549 869 quadam

1975 892 2137 943 mima
2171 891 2382 944 assidue
2430 891 2747 956 collocutus,
2790 892 2941 944 ulcus
2972 906 3123 943 suum
3155 892 3384 958 aperuit.
3416 891 3548 946 Cum

1975 982 2089 1034 haec
2116 980 2194 1034 sic
2222 981 2405 1035 ﬁerent
2426 1025 2440 1049 ,
2476 982 2662 1034 divino
2715 981 2945 1048 quodatn
2978 981 3199 1034 consilio
3249 990 3440 1036 enatus
3471 990 3556 1036 est

1974 1071 2023 1123 ei
2052 1071 2279 1123 anthrax
2330 1073 2381 1125 in
2425 1071 2644 1140 glande;
2696 1081 2747 1125 et
2798 1080 3038 1140 tempore
3086 1074 3332 1126 semestri
3385 1087 3554 1142 usque

1974 1162 2110 1215 adeo
2165 1162 2474 1231 :egrotavit,
2532 1172 2590 1215 ut
2638 1163 2754 1228 ejus
2806 1162 2976 1215 virilia
3042 1161 3279 1215 membra
3339 1176 3558 1231 compu-

1976 1249 2241 1315 truerint,
2298 1258 2350 1304 et
2399 1264 2492 1303 sua
2560 1263 2751 1318 sponte
2806 1250 3117 1305 ceciderint.
3178 1250 3309 1304 Cum
3373 1261 3556 1319 postea

1974 1351 2153 1395 autem
2187 1342 2568 1402 convaluisset,
2604 1356 2850 1396 reversus
2896 1351 2981 1398 est
3005 1344 3070 1398 ad
3123 1345 3224 1399 hoe
3252 1355 3310 1398 ut
3339 1359 3401 1400 ea
3433 1361 3555 1400 sen-

1978 1434 2100 1488 tiret
2130 1450 2248 1503 qutn
2280 1435 2373 1489 Det
2427 1445 2582 1501 sunt,
2640 1443 2695 1489 et
2746 1436 2888 1489 venit
2918 1435 2971 1488 in
3023 1436 3390 1503 solitudinem,
3441 1437 3556 1493 haec

1973 1527 2151 1577 omnia
2192 1526 2462 1580 conﬁtens
2492 1526 2761 1594 patribus;
2816 1535 2873 1579 et
2916 1541 3036 1580 cum
3068 1542 3173 1580 non
3216 1526 3555 1597 pervenisset

1976 1614 2042 1668 ad
2066 1614 2457 1683 operationem,
2495 1614 2676 1683 paucis
2709 1624 2827 1683 post
2858 1615 3047 1671 diebus
3072 1616 3380 1672 obdormilt.

2521 1724 2751 1779 CAPUT
2790 1722 3009 1778 XXXIII

2403 1816 2478 1871 De
2512 1816 2790 1871 Ptolemwo
2815 1819 2901 1884 qui
2927 1818 3133 1872 excidit.

286 1890 496 1958 quando
526 1895 811 1962 contigerit
840 1909 932 1948 eos
960 1895 1013 1948 in
1071 1898 1244 1966 aliqua
1293 1914 1350 1952 re
1380 1916 1437 1953 se
1468 1910 1613 1954 recte
1641 1918 1863 1971 gerere,
1900 1907 1947 1965 B
2044 1905 2192 1958 Alius
2223 1904 2435 1973 quidam
2488 1920 2709 1970 rursus,
2764 1906 2981 1960 nomine
3026 1906 3376 1971 Ptolenmus,
3426 1920 3550 1961 cum

285 1997 395 2036 nou
426 1998 483 2036 se
527 1983 751 2037 efferant
780 1992 835 2039 et
862 1999 921 2040 se
954 1984 1158 2055 jactent
1185 1988 1253 2042 de
1293 1989 1509 2044 virtute.
1551 1992 1680 2045 Nam
1730 2008 1873 2062 saepe

285 2091 495 2146 quoque
529 2079 695 2132 virtus
724 2080 955 2134 efﬁcitur
980 2084 1193 2137 occasio
1225 2086 1612 2153 prolapsionis,
1662 2090 1874 2156 quando

282 2181 390 2220 non
438 2175 586 2221 recto
630 2182 794 2237 scopo
844 2169 980 2226 facta
1026 2172 1205 2227 fuerit.
1256 2174 1523 2244 Scriptum
1556 2190 1639 2232 est
1687 2182 1870 2235 enim:

288 2255 408 2309 Vidi
458 2256 661 2323 justum
704 2269 1017 2325 pereuntem
1049 2264 1099 2319 in
1132 2278 1225 2317 sua
1253 2264 1456 2333 justilia
1502 2268 1715 2337 (Eccle.
1747 2271 1869 2339 vit).

288 2346 345 2400 Id
372 2362 585 2415 quoque
612 2360 695 2402 est
718 2349 942 2404 vanitas.

840 2440 1066 2497 CAPUT
1106 2443 1320 2500 XXXII.

861 2530 937 2584 De
964 2532 1135 2586 Erant:
1163 2536 1298 2605 (74).

363 2619 481 2672 Fuit
509 2621 759 2689 quidam,
793 2622 901 2678 Ero
929 2632 1166 2692 nomine,
1199 2630 1326 2682 mihi
1375 2631 1604 2697 vicinus,
1638 2631 1869 2686 Alexan-

286 2713 474 2767 drinus
504 2732 735 2783 genere,
775 2718 1010 2774 urbanus
1059 2721 1408 2787 adolescens,
1444 2726 1586 2778 bono
1616 2724 1831 2793 ingenio
1852 2767 1867 2793 ,

286 2806 395 2859 vita
450 2806 700 2861 mundus.
784 2808 888 2875 Qui
979 2812 1095 2882 ipse
1177 2828 1398 2884 quoque
1474 2823 1595 2884 post
1647 2830 1869 2883 magnos

286 2894 497 2949 labores
528 2907 579 2949 et
607 2898 891 2965 prteclaros
917 2902 1159 2967 sudores,
1193 2904 1260 2956 ab
1289 2906 1590 2975 arrogantia
1621 2918 1871 2974 arreptus

283 2993 338 3038 et
363 2986 629 3050 elatione,
683 3003 920 3056 prmceps
950 2992 1083 3054 ruit,
1136 3001 1189 3045 et
1238 2994 1496 3047 adversus
1546 3004 1729 3061 patres
1760 3012 1857 3051 su-

285 3076 479 3139 perbus
508 3077 678 3129 evasit
706 3089 758 3130 et
791 3080 1045 3143 insolens,
1074 3089 1129 3135 et
1156 3097 1276 3135 cum
1308 3082 1413 3137 illis
1440 3085 1655 3139 beatum
1696 3089 1858 3142 etiam

284 3164 569 3234 Evagrium
621 3168 742 3241 [ΑΙ.
777 3171 1067 3225 Macarium
1101 3189 1315 3243 quoque
1354 3176 1760 3250 presbyterum]
1789 3180 1867 3236 af.

1978 2005 2191 2047 narratu
2218 1994 2507 2058 difﬁcilem,
2556 1996 2637 2049 vel
2685 1995 2858 2064 potius
2881 2012 2996 2067 quae
3027 2001 3231 2055 narrari
3253 2016 3358 2055 non
3379 2011 3555 2070 potest

1976 2086 2135 2137 vitam
2171 2084 2536 2153 transegisset,
2598 2084 2852 2139 habitavit
2889 2087 3041 2141 initio
3072 2088 3209 2142 ultra
3239 2088 3452 2145 Scetem
3496 2090 3553 2144 in

1975 2189 2035 2228 ea
2064 2190 2180 2243 quae
2202 2173 2394 2227 dicitur
2420 2175 2623 2244 κλίμαξ,
2652 2174 2705 2228 id
2734 2182 2819 2229 est
2859 2177 3024 2231 scala.
3070 2178 3166 2231 Est
3202 2188 3376 2234 autem
3406 2180 3555 2235 Iocus

1977 2266 2067 2333 qui
2101 2265 2178 2317 sic
2204 2265 2404 2319 dicitur
2437 2266 2486 2317 in
2519 2279 2624 2334 quo
2653 2280 2810 2321 nemo
2841 2275 3015 2335 potest
3042 2270 3303 2336 habitare,
3337 2284 3555 2340 prepte-

1975 2370 2066 2408 rea
2106 2354 2245 2423 quod
2280 2365 2469 2423 puteus
2497 2370 2751 2424 aquarum
2783 2356 2941 2411 distet
2964 2359 3150 2414 decem
3181 2368 3237 2414 et
3272 2372 3392 2415 octo
3424 2363 3548 2415 mil-

1974 2447 2211 2501 Iiaribtts.
2243 2448 2375 2501 Cum
2419 2446 2462 2500 is
2491 2462 2618 2516 ergo
2666 2449 2831 2501 multa
2871 2464 2993 2503 vasa
3044 2452 3224 2506 ﬁctilia
3258 2462 3548 2524 portasset,

1973 2548 2027 2593 et
2071 2540 2348 2593 Decembri
2398 2548 2451 2593 et
2494 2539 2750 2594 Januario
2800 2556 2985 2597 mense
3030 2559 3205 2597 rorem
3250 2544 3552 2614 εοιιρείεευι

1972 2630 2075 2698 (eSt
2111 2631 2252 2684 enim
2286 2633 2604 2700 permultum
2639 2636 2776 2689 roris
2804 2636 2853 2689 in
2888 2636 2992 2690 illis
3021 2634 3281 2711 partibus)
3310 2648 3365 2693 et
3393 2653 3553 2707 Spon-

1972 2723 2056 2789 gia
2086 2738 2149 2775 ex
2180 2723 2446 2790 lapidibus
2501 2729 2879 2793 expressisset,
2912 2728 3144 2796 perstitit
3171 2730 3281 2784 illic
3306 2732 3551 2786 habitans

1972 2828 2138 2867 annos
2207 2815 2530 2882 quindecim.
2609 2817 2708 2884 Qui
2766 2820 3094 2875 abalienatus
3138 2837 3166 2875 a
3207 2822 3447 2877 doctrina
3502 2833 3551 2878 ei

1971 2905 2355 2972 congressione
2423 2906 2662 2960 virorum
2721 2921 3023 2963 sanctorum
3096 2920 3147 2965 et
3205 2912 3431 2968 utilitate
3499 2924 3552 2969 et

1970 2996 2221 3049 continua
2274 3010 2729 3053 sacramentorum
2814 3004 3190 3057 communione
3225 3042 3242 3071 ,
3302 3019 3333 3058 a
3409 3013 3554 3059 recta

1974 3090 2057 3140 via
2114 3102 2280 3157 usque
2324 3088 2456 3141 adeo
2499 3090 2743 3157 receSsit,
2797 3100 2852 3144 ut
2899 3090 3038 3160 quod
3091 3093 3331 3147 nonnulli
3375 3094 3553 3151 dicunt

1970 3179 2117 3246 impii
2143 3220 2157 3244 ,
2207 3193 2331 3232 casu
2362 3180 2535 3233 omnia
2596 3180 2736 3246 ﬁeri,
2792 3182 2836 3234 is
2886 3197 3093 3252 quoque
3123 3183 3299 3237 infelix
3327 3182 3377 3238 id
3412 3184 3551 3240 fate-

284 3260 413 3313 l'ecit
439 3263 764 3315 contumeiia
786 3302 798 3326 ,
832 3264 1017 3318 dicens
1043 3282 1057 3317 :
1080 3266 1179 3331 Qui
1211 3276 1310 3321 tua:
1354 3269 1612 3324 doctrina:
1645 3281 1862 3339 parent,
1894 3264 1941 3327 C
1972 3280 2138 3333 retur,
2189 3270 2433 3326 daemone
2488 3272 2687 3326 erroris
2736 3273 2987 3341 deinceps
3032 3274 3082 3327 in
3109 3290 3230 3329 eum
3272 3276 3552 3331 obtinente

284 3350 652 3421 decipiuntur;
691 3369 795 3407 non
818 3365 1026 3424 oportet
1059 3358 1199 3411 enim
1225 3359 1358 3413 alios
1380 3363 1665 3429 magistros
1685 3374 1864 3418 atten-

284 3441 410 3497 dere
441 3455 632 3511 przeter
660 3445 957 3500 Christum.
990 3448 1202 3503 Abusus
1229 3458 1310 3504 est
1340 3460 1517 3505 autem
1547 3454 1852 3509 testimonio

282 3548 493 3603 quoque
518 3534 587 3588 ad
613 3552 919 3602 perversum
949 3552 1169 3607 scopum
1202 3556 1314 3594 suae
1335 3543 1569 3595 stultitia:
1590 3585 1605 3609 ,
1639 3544 1826 3600 dicens
1851 3564 1863 3600 :

284 3623 362 3678 Ne
390 3625 707 3679 vocaveritis
734 3628 1045 3696 magistrum
1071 3645 1235 3698 super
1253 3640 1446 3685 terram
1480 3632 1693 3700 (Matth.
1722 3638 1867 3706 xxv).

289 3715 385 3781 Qui
418 3717 531 3784 ipse
560 3732 771 3785 quoque
820 3730 1053 3772 mentem
1085 3720 1219 3774 adeo
1250 3721 1431 3776 habuit
1461 3724 1867 3781 obtenebratam

292 3820 426 3858 vana
458 3808 799 3872 persuasione
829 3824 938 3862 suae
970 3811 1235 3879 Opinionis
1255 3852 1270 3876 ,
1304 3821 1362 3865 ut
1388 3812 1549 3867 fuerit
1580 3817 1739 3869 etiam
1767 3818 1869 3870 ter-

290 3913 351 3951 ro
404 3901 612 3952 vinctus
659 3916 778 3954 eum
831 3902 995 3956 nollet
1051 3907 1341 3959 convenire
1389 3909 1455 3959 ad
1501 3916 1865 3962 sacramenta.

293 3994 476 4045 Amica
505 4002 679 4045 autem
711 3996 925 4048 veritas.
960 3994 1079 4047 Fuit
1097 3995 1141 4048 is
1163 3996 1284 4049 vita:
1310 3998 1546 4051 instituto
1570 3999 1859 4053 admodum

291 4082 466 4136 subtili
499 4092 551 4137 et
581 4093 854 4147 accurato,
886 4085 1019 4139 adeo
1043 4096 1100 4139 ut
1120 4087 1275 4141 multi
1301 4089 1499 4153 dicant,
1523 4090 1717 4157 quibus
1746 4104 1869 4144 cum

289 4188 353 4226 eo
383 4174 687 4227 interccs-it
723 4176 1096 4242 consuetudo,
1143 4179 1281 4245 quod
1312 4195 1452 4248 saepe
1485 4196 1588 4234 non
1620 4182 1717 4234 nisi
1752 4194 1870 4251 post

293 4274 400 4319 tres
430 4281 641 4320 menses
691 4268 1027 4334 comedebat,
1058 4278 1337 4323 contentus
1368 4273 1745 4327 communione
1787 4288 1870 4325 sa-

290 4368 703 4422 cramentorum,
734 4369 787 4413 et
812 4360 978 4413 sicubi
1021 4361 1067 4414 ei
1098 4363 1434 4430 apparuisset
1470 4366 1588 4417 olus
1635 4374 1866 4432 agreste.

292 4449 487 4517 Accepi
538 4460 714 4503 autem
766 4466 863 4518 ego
912 4467 1124 4519 quoque
1172 4454 1287 4518 ejus
1333 4454 1717 4520 experientiam
1750 4470 1869 4507 cum

300 4541 455 4593 heato
484 4542 701 4604 Albino,
747 4556 867 4594 cum
916 4543 1045 4595 irem
1097 4543 1150 4595 in
1182 4542 1643 4598 Seetemzahetat
1692 4553 1867 4597 autem

1972 3362 2277 3428 imperium.
2335 3364 2430 3417 llic
2488 3363 2630 3418 enim
2678 3364 2926 3419 inimicus
2981 3380 3118 3420 vano
3168 3366 3289 3421 huic
3346 3368 3547 3423 homini

1971 3455 2266 3521 suggessit,
2300 3462 2357 3506 ut
2385 3453 2586 3508 diceret
2613 3469 2699 3508 res
2729 3455 2928 3508 nullam
2971 3454 3169 3510 haltere
3216 3458 3547 3523 essentiam;

1973 3548 2063 3597 sed
2110 3546 2326 3598 omnino
2381 3559 2501 3597 esse
2530 3545 2708 3598 omnia
2747 3560 2813 3599 ex
2845 3559 2911 3600 eo
2964 3546 3103 3614 quod
3160 3548 3390 3601 mundus
3440 3546 3551 3601 fer-

1972 3645 2123 3689 retur
2169 3650 2262 3687 sua
2296 3643 2505 3703 sponte.
2538 3634 2593 3687 Itt
2623 3633 2780 3703 hujus
2831 3650 2960 3704 ergo
3008 3637 3238 3691 animam
3291 3637 3407 3691 haec
3452 3639 3550 3691 im-

1973 3727 2120 3780 misit
2170 3728 2406 3780 omnium
2454 3728 2579 3780 vita:
2628 3726 2829 3789 hostis,
2872 3728 3298 3784 dicendozCum
3353 3746 3438 3785 res
3477 3732 3547 3783 ita

1973 3832 2032 3871 se
2084 3818 2344 3882 habeant,
2404 3818 2529 3887 qttid
2583 3816 2781 3871 frustra
2839 3822 3063 3887 teipsum
3123 3821 3251 3877 foris
3322 3821 3544 3876 domas?

1973 3907 2233 3973 Quidnam
2276 3918 2327 3961 te
2382 3908 2615 3975 juvabit,
2659 3907 2981 3976 Ptolemtee,
3011 3909 3055 3963 si
3109 3924 3215 3964 non
3254 3910 3324 3965 sit
3370 3926 3549 3967 remu-

1976 3998 2214 4052 neratio?
2244 3998 2498 4064 Quaenam
2549 4006 2724 4053 autem
2759 3999 2850 4052 tibi
2903 4000 3176 4056 sufﬁceret
3223 4016 3427 4056 merces
3476 4012 3552 4057 tot

1974 4098 2030 4143 et
2081 4096 2345 4141 tantorum
2378 4088 2649 4151 laborum,
2683 4089 2891 4141 etiamsi
2938 4098 3083 4143 esset
3128 4090 3215 4160 qui
3267 4090 3553 4146 redderet?

1977 4180 2257 4247 Quodnam
2308 4190 2482 4234 autem
2532 4189 2617 4233 est
2639 4181 2896 4251 judicium
2928 4181 3067 4250 quod
3109 4184 3376 4237 minantur
3406 4184 3553 4238 Scri-

1977 4283 2165 4340 ptttrtc,
2200 4272 2243 4326 si
2274 4272 2418 4324 nulla
2445 4272 2513 4324 sit
2541 4271 2912 4339 providentia?
2935 4271 3028 4326 IIis
3050 4273 3301 4327 satanicis
3325 4273 3553 4327 circurn-

1975 4373 2155 4429 septus
2183 4362 2591 4429 cogitationibus
2623 4361 2954 4415 miserrimus
2988 4363 3327 4427 Ptolemaeus,
3353 4363 3553 4420 dicitur

1974 4468 2093 4507 esse
2119 4462 2309 4505 emot-e
2341 4452 2533 4505 mentis
2554 4492 2568 4517 ,
2600 4460 2653 4506 et
2684 4451 2955 4521 hucusque
2983 4468 3163 4508 errare
3207 4454 3259 4508 in
3288 4454 3551 4525 IEgypto,

1975 4556 2028 4599 et
2059 4547 2292 4614 seipsum
2323 4544 2590 4599 dedidisse
2618 4546 2756 4613 gulae
2786 4554 2841 4600 et
2881 4546 3157 4611 ebrietati,
3187 4561 3306 4600 cum
3341 4550 3554 4602 nemine

292 4630 452 4685 Scete
484 4646 510 4683 a
545 4633 697 4685 nobis
718 4634 1064 4701 quadraginta
1100 4635 1433 4688 milliirihus.
1464 4634 1520 4687 In
1547 4636 1625 4687 his
1650 4637 1870 4703 quadra-
1902 4634 1952 4693 D
1978 4636 2624 4699 conversans,sedmutus
2649 4635 2818 4689 forum
2844 4637 3050 4701 obiens,
3079 4638 3379 4692 miserabile
3406 4650 3457 4691 et
3486 4638 3553 4691 la-

288 4730 431 4796 ginta
465 4722 786 4777 milliaribus
808 4738 916 4781 nos
955 4723 1039 4775 bis
1070 4724 1420 4786 comedimus,
1470 4736 1522 4778 et
1570 4733 1649 4777 ter
1675 4724 1864 4792 aquam

292 4818 557 4878 bibimus;
592 4813 682 4867 ille
712 4828 836 4866 vero
866 4827 986 4866 cum
1036 4814 1162 4865 nihil
1207 4823 1467 4879 gustasset
1500 4816 1659 4881 pedes
1694 4818 1868 4881 ingre-

293 4909 476 4974 diens,
520 4905 889 4975 pronttntiavit
919 4905 1231 4957 memoriter
1270 4904 1569 4972 quindecim
1604 4905 1864 4973 psalmus,

291 4999 487 5051 deinde
531 5012 780 5067 magnum
817 4998 1101 5064 psalmum,
1131 4994 1324 5069 deinde
1354 4996 1631 5060 epi5tolam
1668 4995 1732 5048 ad
1768 4996 1870 5049 IIe-

286 5090 480 5154 brteos,
508 5090 700 5143 deinde
742 5089 1015 5155 Isaiam,et
1037 5098 1235 5157 partem
1260 5089 1692 5156 propheticorum
1714 5088 1867 5142 .Iere-

285 5184 425 5243 mite,
448 5180 641 5235 deinde
667 5182 860 5234 Lucam
892 5180 1308 5248 Evangelisram,
1338 5179 1530 5233 deinde
1554 5178 1862 5233 Proverbia.

286 5272 421 5324 Eum
440 5279 618 5323 autem
650 5272 1009 5323 ambulantem
1044 5284 1146 5321 non
1178 5280 1482 5334 poteramus
1507 5270 1781 5337 consequi.
1819 5269 1864 5323 Is

286 5372 561 5431 postremo
589 5372 835 5429 arreptus
864 5378 892 5413 a
920 5362 1041 5412 mali
1074 5360 1335 5413 (ίιῑιηιοηίε
1355 5361 1685 5427 operatiooe,
1704 5360 1867 5427 utqui

286 5465 537 5524 ageretur
560 5452 625 5506 ab
653 5452 1277 5519 ignevehementissimo,
1299 5452 1347 5503 in
1378 5466 1469 5503 sua
1496 5453 1708 5520 quidem
1732 5452 1867 5504 cella

286 5545 475 5598 sedere
520 5558 625 5596 non
680 5554 886 5611 poterat
924 5563 936 5597 :
973 5543 1240 5612 profeetus
1265 5552 1439 5596 autem
1466 5544 1866 5606 Alexandriam,

287 5635 468 5689 divino
531 5634 760 5702 quodam
832 5635 1056 5688 consilio
1119 5637 1324 5689 clavum
1396 5635 1541 5687 clavo
1618 5636 1866 5689 extrusit.

288 5726 394 5781 Sua
425 5734 614 5793 sponte
643 5726 785 5778 enim
813 5723 995 5779 incidit
1023 5728 1073 5779 in
1097 5728 1456 5794 promiscuum
1486 5734 1538 5779 et
1562 5727 1870 5780 iudiﬁ'cren—

288 5829 393 5874 tem
425 5832 605 5873 rerum
636 5831 810 5880 usum,
841 5815 1056 5871 inventa
1078 5826 1261 5887 postea
1292 5818 1463 5873 salute
1485 5817 1865 5873 involuntaria.

1972 4724 2263 4793 crymabile
2310 4724 2670 4791 spectaculum
2699 4724 3121 4778 Christianorum
3163 4726 3371 4790 oculis,
3405 4725 3546 4779 ludi-

1971 4815 2144 4869 brium
2192 4824 2365 4870 autem
2401 4816 2463 4869 iis
2493 4816 2580 4885 qui
2625 4815 2787 4870 vitam
2821 4828 3057 4870 nostram
3106 4818 3375 4871 nesciunt.
3424 4818 3551 4873 IIaze

1972 4906 2453 4960 autemcalamitas
2479 4905 2885 4960 immedicabilis
2917 4908 3166 4960 miserum
3199 4908 3390 4962 invasit
3418 4908 3545 4962 Pto-

1974 4996 2241 5058 lemaeum,
2289 5010 2355 5049 ex
2406 4996 2631 5049 rationis
2680 5005 2899 5063 experte
2948 4999 3176 5063 quadam
3227 5000 3552 5068 arrogantia,

1975 5086 2115 5154 quod
2163 5100 2193 5139 a
2236 5085 2516 5140 seductore
2564 5086 2808 5140 daemone
2856 5086 3069 5147 illusus,
3113 5088 3447 5143 existimaret
3495 5105 3556 5144 se

1977 5178 2202 5232 scientia
2255 5178 2457 5246 pollere
2503 5192 2663 5245 super
2710 5193 2897 5231 omnes
2937 5187 3148 5232 sanctos
3200 5178 3427 5234 Patres:
3462 5196 3557 5246 per

1973 5284 2132 5337 quant
2176 5268 2419 5330 inﬂatus,
2468 5269 2550 5321 sui
2584 5270 2749 5336 ipsius
2778 5269 2966 5331 hostis,
3002 5284 3242 5339 praeceps
3282 5271 3439 5325 datus
3469 5282 3556 5326 est

1975 5363 2027 5416 in
2054 5360 2374 5430 profundum
2400 5361 2667 5425 interitus,
2702 5377 2820 5415 cum
2853 5362 3051 5415 nullum
3081 5378 3312 5431 unquam
3344 5378 3544 5416 conve-

1976 5450 2143 5503 nisset
2169 5464 2234 5503 ex
2270 5450 2468 5503 sanctis
2500 5451 2748 5503 Patribus
2774 5450 2861 5519 qui
2905 5452 3173 5520 sapienter
3215 5453 3553 5521 gubernave-

1976 5549 2117 5607 rant,
2155 5553 2254 5592 nec
2284 5553 2469 5592 eorum
2521 5538 2680 5593 fuerit
2711 5540 2961 5593 fundatus
3010 5541 3231 5608 spiritali
3275 5540 3549 5605 doctrina;

1974 5634 2068 5688 sed
2099 5634 2347 5687 iuventus
2373 5636 2574 5700 absque
2596 5634 2975 5701 gubernatore,
3008 5635 3060 5688 in
3083 5643 3379 5688 extremum
3408 5649 3555 5689 mor-

1977 5724 2045 5777 tis
2072 5724 2389 5791 prol‘undum
2423 5723 2647 5791 cecidit,
2680 5733 2733 5778 et
2760 5725 2894 5778 sicut
2924 5724 3084 5779 arbor
3127 5724 3385 5779 viridibus
3412 5724 3553 5779 foliis

1974 5826 2207 5882 comata,
2242 5824 2297 5871 et
2327 5816 2590 5871 fructibus
2617 5822 2829 5880 ornata,
2858 5830 2979 5883 qua:
3007 5830 3118 5873 uno
3145 5815 3401 5887 temporis
3428 5829 3552 5871 mo-
