2010 3212
288 195 357 225 i095

1023 198 1182 227 PALLADII

1851 201 1909 231 1M6

291 265 383 288 mento
395 261 521 289 omnibus
532 261 611 289 simul
628 266 668 290 est
684 264 796 296 nudata,
820 263 922 292 reddita
937 268 981 292 est
993 264 1079 292 arida.
1094 266 1118 295 A
1132 264 1173 292 fer
1195 262 1375 295 aﬂectionem,
1391 266 1420 289 ut
1434 269 1525 289 earum
1541 269 1631 289 curam
1647 269 1737 297 geram
1757 265 1789 290 ut
1808 265 1910 298 postulat

290 306 357 334 Mm
372 311 400 334 ut
414 308 542 342 Scriptum
554 312 596 336 est
609 317 615 335 :
628 309 731 343 Quibus
744 317 796 337 non
812 311 1042 345 estgubernatio,
1061 310 1078 338 ii

290 353 389 381 cadunt
404 359 432 381 ul
446 354 508 381 folia
522 353 611 390 (Ριοη.
622 355 671 390 xt).
1057 356 1060 357 ⁷

563 411 676 439 CAPUT
695 412 714 438 Χ
723 412 804 440 XXV.

564 456 602 483 De
617 457 712 492 uirgine
724 459 807 493 lapsa.

327 498 391 524 Novi
406 506 500 526 rursus
514 500 654 533 quamdam
669 502 797 536 virginem
813 501 1002 537 Jerosolymis,
1019 509 1078 536 quae

290 550 397 570 saccum
415 544 528 577 gestavit
550 545 681 572 sexennio
701 567 711 581 ,
759 548 786 572 et
834 543 884 571 fuit
943 545 1046 573 inclusa
1070 555 1077 579 ς

288 597 337 616 nec
346 589 444 623 aliquid
456 590 558 624 accepit
570 598 601 617 ex
614 590 647 617 iis
658 598 715 624 qua:
727 590 842 617 tendunt
855 589 889 617 ad
902 589 1075 623 voluptatem,

289 634 335 660 sed
352 643 482 661 summam
505 636 698 663 continentiam
721 636 845 662 exercuit
860 636 930 662 inter
953 635 1076 662 feminas.

288 679 381 707 I‘ostea
398 686 485 707 autent
503 689 515 706 a
534 681 625 707 divino
638 681 743 708 deserta
767 681 866 707 auxilio
881 685 989 714 propter
1003 688 1077 707 sum-

288 735 356 753 mam
378 728 529 762 superbiam
546 735 604 761 quae
624 728 754 754 malorum
780 727 899 753 omniutn
914 731 956 753 est
971 726 1075 758 nutrix,

285 772 356 805 lapsa
373 779 411 799 est
422 794 428 804 ,
444 778 469 799 ct
484 778 576 806 aperta
594 773 709 799 fenestra
735 772 842 799 admisit
858 779 918 798 eutn
934 772 977 805 qtti
993 771 1017 798 ei
1035 771 1076 798 iu-

285 819 427 850 scii-iebat,
444 824 469 845 et
490 826 551 846 cum
577 826 609 846 eo
624 819 674 845 fuit
689 820 851 851 commixto;
868 827 900 846 eo
926 818 996 853 quod
1024 826 1076 845 non

284 865 374 891 divino
391 866 526 900 propesito
540 871 567 893 et
582 873 615 893 ex
630 866 762 893 charitate
786 874 815 892 se
836 870 994 893 exercuerat
1006 888 1012 899 ,
1028 865 1076 892 sed

284 917 308 937 nt
324 910 446 938 linunt-na:
461 920 547 938 scenm
563 913 686 944 servire',
711 913 781 946 quod
805 912 913 947 quidem
937 917 978 939 est
1000 919 1075 938 vanu:

1132 309 1211 336 ratio.
1223 308 1289 336 Cum
1303 308 1393 336 fuisset
1407 315 1471 343 ergo
1485 315 1605 341 vespera,
1616 315 1678 335 eum
1688 315 1800 335 somnus
1810 316 1908 345 oppres-

1131 354 1166 381 sit
1182 354 1208 380 iu
1221 353 1372 381 solitudine.
1391 353 1533 381 Venientes
1556 359 1645 380 autem
1669 354 1703 380 ad
1718 361 1780 381 eum
1796 359 1848 382 tres
1864 362 1908 381 an-

1130 399 1194 434 geli,
1209 404 1237 426 ut
1260 399 1318 433 ipse
1342 399 1406 425 mihi
1431 391 1558 430 narravit,
1573 406 1634 426 eum
1649 399 1809 432 retinentes,
1834 399 1859 427 ei
1876 400 1908 427 di-

1130 449 1195 472 cunt
1210 452 1218 471 :
1233 444 1288 472 Cur
1302 444 1390 472 exusti
1419 452 1451 470 ex
1476 444 1638 471 monasterio
1661 443 1840 471 feminarum?
1855 445 1910 472 Rem

1131 489 1221 524 itaque
1241 489 1279 516 eis
1293 488 1420 520 narravit,
1436 488 1528 515 dicens
1545 496 1552 514 :
1568 488 1656 515 Timui
1671 495 1705 515 ne
1717 493 1744 515 et
1762 488 1822 515 illas
1843 489 1910 516 laede-

1130 543 1187 563 retn
1202 540 1229 563 et
1248 535 1390 569 meipsum.
1413 535 1508 562 Dicunt
1521 535 1546 561 ei
1569 535 1674 569 angeli:
1696 534 1725 562 Si
1741 540 1767 562 te
1781 542 1845 569 ergo
1857 535 1911 561 libe-

1130 582 1278 609 raverimus
1293 581 1327 608 ab
1342 581 1393 608 hac
1407 581 1559 614 affectione,
1581 581 1691 613 redibis,
1712 585 1739 607 et
1758 588 1850 608 earum
1871 588 1910 607 cu-

1131 634 1187 653 ram
1203 627 1297 661 geres?
1313 627 1359 653 llis
1374 634 1499 653 assensus
1514 630 1565 653 e.»t.
1587 626 1628 653 Ab
1638 633 1670 653 eo
1685 630 1774 653 autem
1787 626 1911 661 jusjuran-

1130 672 1192 698 dum
1208 674 1337 706 exigunt:
1366 673 1492 698 narrabat
1517 676 1606 698 autem
1632 671 1833 706 jusjurandum.
1854 671 1910 699 Jun

1131 718 1207 744 nobis
1219 717 1464 752 lalejusjurandum
1482 726 1489 744 :
1506 717 1556 744 Per
1570 725 1630 744 eum
1644 718 1688 752 qui
1703 717 1755 744 mei
1772 725 1863 745 curam
1871 725 1911 752 ge-

1131 764 1174 794 rit,
1189 770 1279 790 earum
1294 770 1384 789 curam
1404 770 1506 797 geram.
1522 762 1578 790 lloc
1591 762 1632 789 eis
1649 762 1759 796 juravit.
1785 761 1859 794 Tunc
1869 769 1910 789 an-

1129 809 1181 843 geli
1196 816 1256 835 eum
1283 812 1427 835 tenuerunt
1443 817 1449 834 :
1480 815 1547 835 unus
1573 815 1677 839 manus,
1697 811 1725 834 et
1741 807 1811 834 alter
1830 806 1909 842 pedes.

1130 856 1224 881 tertius
1244 859 1331 881 autem
1353 859 1462 888 accepta
1478 853 1606 881 novacula
1620 852 1719 880 excidit
1739 851 1801 887 ejus
1818 851 1910 879 testim-

1128 901 1168 927 los
1181 906 1304 934 tauquam
1317 901 1342 927 in
1354 900 1465 933 exstisi,
1478 907 1530 926 non
1544 906 1616 931 vere,
1626 898 1674 925 sed
1684 898 1800 932 quadam
1811 897 1908 926 visione.

284 957 374 990 gloria:
390 962 417 984 et
432 959 505 992 pravi
527 958 650 985 instituti.
667 959 731 985 Nunt
755 966 816 985 cum
832 959 890 993 ejus
907 959 956 992 pia:
971 959 1073 992 cogita-

1130 947 1209 973 Visus
1224 950 1265 972 est
1278 953 1342 979 ergo
1357 945 1383 972 in
1408 946 1453 972 illa
1467 945 1566 972 exstasi
1583 945 1665 972 veluti
1680 944 1788 972 excisus
1804 943 1879 970 fuisse
1887 946 1909 969 et

285 1003 370 1029 tiones
385 1008 521 1036 occupata:
535 1009 626 1039 essent
642 1004 666 1030 iu
681 1004 838 1031 damnandis
854 1005 912 1031 aliis
923 1024 930 1036 ,
948 1004 1074 1031 incitare-

287 1054 331 1075 tnr
352 1054 440 1076 autem
458 1049 548 1077 furore
564 1058 577 1077 a
594 1051 716 1078 darmone
731 1051 873 1085 superbiae,
891 1059 976 1085 eoque
1000 1051 1075 1077 valde

285 1095 473 1128 delectaretur,
489 1096 522 1122 ab
537 1103 568 1122 ea
592 1097 704 1123 recessit
721 1102 829 1124 sanctus
852 1097 961 1131 angelus
985 1102 1075 1123 custos

284 1141 475 1173 tetnperantite.

321 1187 382 1213 ldco
393 1193 481 1214 autem
496 1196 539 1215 sur
551 1188 661 1222 psimus,
681 1195 696 1214 ο
718 1189 833 1215 virorum
858 1189 1025 1221 ﬁdelissime,
1047 1193 1077 1216 et

283 1231 361 1258 vitam
375 1240 466 1259 eorum
483 1234 526 1268 qui
542 1242 571 1260 se
588 1239 659 1261 recte
674 1238 699 1260 et
715 1242 746 1261 ex
759 1235 856 1261 virtute
876 1239 1028 1269 gesserunt,
1050 1239 1077 1261 et

283 1286 372 1305 eorum
389 1279 433 1313 qui
458 1283 517 1312 post
539 1279 638 1306 multos
653 1279 757 1305 labores
778 1287 825 1313 per
844 1280 927 1306 otium
944 1285 971 1307 et
986 1287 1077 1307 socor-

283 1325 352 1350 diam
366 1332 380 1350 a
395 1332 500 1351 summo
513 1329 540 1351 et
554 1325 749 1358 perfectissimo
761 1326 821 1351 vitze
834 1326 955 1353 instituto
967 1326 1077 1353 excide-

284 1375 356 1404 runt,
374 1371 444 1405 capti
459 1379 473 1397 a
495 1371 602 1397 diabolo
617 1378 697 1398 omne
712 1379 794 1406 genus
818 1371 929 1406 laqueis,
953 1376 982 1399 ut
996 1380 1077 1399 unus-

282 1417 393 1450 quisque
408 1424 441 1442 ex
458 1424 514 1442 sua:
529 1416 590 1443 vitm
612 1417 733 1444 instituto
749 1418 899 1452 intelligens
913 1418 1018 1445 occulta
1035 1426 1077 1444 re-

282 1461 316 1487 tia
333 1462 416 1488 hostis
439 1462 581 1494 bonorum,
608 1462 690 1496 fugiat
715 1463 772 1496 ejtts
786 1464 905 1498 laqueos.
934 1463 1001 1491 Cum
1025 1465 1079 1491 sitit

279 1514 343 1541 ergo
356 1507 442 1540 multi,
456 1507 526 1541 iique
538 1509 625 1541 magni
640 1508 688 1534 viri
699 1513 725 1534 et
740 1508 875 1541 mulieres,
892 1509 935 1543 qui
951 1509 984 1536 ab
1000 1508 1077 1536 initio

279 1560 310 1582 se
325 1558 397 1579 recte
409 1557 550 1587 gesserunt
565 1553 590 1579 in
603 1553 717 1580 honesto
729 1553 849 1580 instituto
864 1555 1077 1588 exercitationis,

283 1598 389 1625 tandem
403 1604 491 1625 autem
512 1599 619 1625 fuerunt
644 1599 731 1626 eversi
751 1599 879 1627 radicitus
907 1600 941 1627 ab
956 1602 1075 1628 omnium

282 1643 418 1670 hominum
432 1643 601 1675 adversario;
616 1651 648 1671 ex
665 1644 756 1671 multis
778 1646 845 1672 facta
859 1647 994 1673 mentione
1010 1655 1075 1681 pau-

280 1697 383 1723 corum,
400 1690 528 1724 plurimos
544 1691 687 1725 prmteribo
701 1691 818 1724 silentio,
832 1696 860 1719 ut
878 1692 922 1726 qui
939 1700 1023 1727 neque
1038 1693 1074 1728 ip-

280 1742 327 1763 sos
342 1736 453 1770 erigant,
472 1744 557 1771 neque
573 1737 637 1763 mihi
660 1738 770 1771 prosim,
793 1738 854 1765 dum
873 1739 898 1765 in
915 1738 947 1765 iis
963 1739 1075 1766 multum

284 1782 422 1814 immoror,
438 1786 465 1809 et
485 1783 598 1810 eximios
613 1783 713 1810 Christi
738 1783 852 1810 athletas
879 1783 996 1819 negligo,
1023 1792 1075 1811 non

283 1834 395 1855 narrans
405 1828 518 1856 virtutes
533 1829 632 1856 divinae
643 1837 735 1856 eorum
751 1830 961 1857 exercitationis.

555 1873 669 1902 CAPUT
690 1874 799 1903 XXXV.

540 1919 598 1946 Vita
623 1920 722 1947 abbatis
748 1920 824 1948 Elite.

317 1963 390 1992 Elias
409 1965 516 1999 quidam
542 1966 659 2000 optimus
675 1967 847 2000 exercitator,
873 1966 922 1994 fuit
944 1966 1074 2002 virginum

282 2011 491 2044 amantissimus,
501 2018 593 2039 curam
604 2019 699 2046 gerens
712 2013 993 2047 partisimbecillioris.
1006 2013 1075 2040 Sunt

282 2055 356 2082 enim
379 2057 446 2083 tales
470 2057 577 2092 animze,
598 2058 694 2092 quibus
718 2058 781 2085 fert.
793 2058 854 2086 ﬁnis
880 2058 1074 2091 testinwnium,

282 2101 350 2136 quod
367 2102 393 2129 id
408 2102 506 2130 faciant
517 2110 550 2131 ex
562 2103 671 2130 virtute.
687 2103 712 2130 ls
725 2111 786 2131 cum
809 2104 933 2131 misertus
949 2109 1019 2131 esset
1032 2111 1075 2130 or-

282 2147 350 2174 dinis
361 2147 517 2175 fetninarum
529 2156 588 2182 quae
604 2155 633 2175 se
645 2153 785 2183 exercent,
800 2149 909 2176 haberet
923 2152 1012 2176 autem
1029 2148 1068 2176 fa-

282 2193 394 2220 cultates
409 2193 436 2220 in
452 2194 563 2221 Athribe
578 2193 645 2229 [Al.,
658 2193 784 2230 Athlebe]
797 2194 916 2226 civitate,
932 2194 1075 2222 aedificavit

282 2246 408 2274 magnum
427 2240 630 2275 monasterium,
656 2243 683 2267 et
709 2239 763 2267 illic
786 2240 957 2274 congregavit
982 2248 1075 2268 omnes

282 2291 341 2318 qua:
356 2284 483 2312 errabant
497 2285 624 2320 virgines,
644 2289 840 2320 consequenter
867 2292 960 2312 earum
975 2285 1002 2312 in
1018 2293 1075 2313 om-

1126 996 1245 1018 curatus.
1261 991 1325 1018 Post
1340 991 1390 1017 hoc
1409 990 1574 1024 interrogant
1596 990 1681 1024 ipsum
1705 989 1809 1024 angeli,
1827 988 1907 1016 diocl-

1127 1041 1189 1064 tes:
1216 1036 1330 1064 Sensisti
1359 1036 1501 1062 utilitatem
1526 1034 1661 1069 aliquam?
1687 1034 1736 1062 Eis
1764 1034 1833 1061 dicit
1853 1033 1905 1060 ille:

1127 1081 1211 1108 V'alde
1227 1088 1348 1115 magnam
1360 1080 1450 1114 accepi
1466 1080 1622 1112 utilitatem;
1637 1079 1715 1107 valde
1734 1079 1809 1106 enim
1820 1078 1906 1106 levatis

1128 1134 1199 1158 sum,
1215 1130 1242 1152 et
1258 1132 1413 1160 persuasum
1427 1125 1512 1151 habeo
1527 1131 1570 1151 me
1583 1131 1643 1152 esse
1657 1124 1799 1151 liberatum
1809 1123 1905 1151 alam

1127 1175 1153 1198 et
1166 1170 1315 1197 affectione.
1340 1170 1414 1196 'l‘unc
1438 1169 1524 1204 angeli
1539 1170 1562 1196 ei
1583 1169 1695 1196 dicunt:
1719 1168 1771 1196 Abi
1799 1175 1860 1204 ergo
1880 1167 1904 1194 ad

1127 1221 1200 1243 tuutn
1216 1216 1416 1242 monasterium.
1432 1215 1564 1242 Reversus
1574 1219 1615 1241 est
1627 1218 1715 1241 autem
1728 1218 1792 1248 post
1803 1214 1904 1248 quinque

1128 1262 1196 1294 dies,
1212 1269 1271 1289 eum
1285 1262 1390 1295 lugente
1402 1265 1458 1288 toto
1473 1261 1646 1292 monasterio,
1657 1263 1686 1287 et
1697 1260 1770 1287 intus
1786 1260 1903 1295 ingressu

1130 1313 1170 1335 est
1179 1316 1185 1340 ;
1196 1312 1275 1341 atque
1286 1315 1319 1334 ex
1328 1314 1361 1334 eo
1376 1311 1495 1340 tempere
1504 1306 1602 1333 mansit
1612 1305 1638 1332 in
1649 1305 1714 1332 cella
1723 1305 1756 1332 ad
1766 1305 1849 1332 lactus
1857 1302 1905 1337 (sit)

1129 1352 1296 1384 monasterii,
1307 1351 1521 1386 quandoquidem
1530 1358 1589 1378 cum
1604 1356 1678 1378 esset
1685 1357 1779 1385 prope,
1788 1357 1832 1378 eas
1839 1347 1904 1376 corri-

1128 1398 1330 1433 gebatassidue,
1339 1401 1465 1432 quantum
1474 1396 1553 1423 inillo
1566 1401 1634 1423 erat.
1647 1395 1715 1423 Cum
1726 1401 1815 1423 autem
1827 1398 1902 1429 postea

1130 1446 1242 1472 vixisset
1255 1446 1321 1479 alias
1332 1445 1504 1480 quadraginta
1517 1450 1611 1476 annos,
1623 1441 1776 1470 afﬁrmabat
1788 1441 1902 1471 Parim

1131 1491 1202 1525 quod
1218 1490 1250 1517 ab
1265 1498 1298 1517 eo
1317 1494 1438 1524 tempore
1454 1496 1505 1516 non
1527 1487 1687 1515 ascenderat
1707 1487 1734 1514 in
1749 1493 1798 1514 cor
1809 1484 1861 1520 ejus
1871 1483 1902 1511 sf-

1131 1537 1212 1565 fectio
1226 1537 1379 1572 cupiditatis
1393 1536 1522 1564 fetniniau.
1534 1536 1596 1563 Haec
1610 1539 1652 1563 est
1671 1534 1756 1570 gratia
1774 1531 1902 1561 sanetivitt'

1134 1583 1209 1616 Eliae,
1224 1588 1250 1610 et
1263 1583 1320 1610 haec
1336 1583 1506 1614 exercitatio,
1530 1587 1556 1609 et
1581 1580 1802 1616 quemadmodum
1820 1584 1901 1607 curati

1090 1633 1112 1664 ο
1129 1630 1213 1665 gessit
1223 1628 1377 1656 monasterii
1389 1628 1532 1662 virginum.

1402 1683 1515 1712 CAPUT
1537 1683 1655 1711 XXXVI.

1363 1730 1422 1757 Vita
1440 1730 1540 1757 abbatis
1557 1727 1688 1759 Dorotlm’.

1163 1778 1210 1805 Cui
1224 1778 1354 1804 successit
1366 1776 1516 1803 Dorotheus
1537 1775 1576 1802 vir
1590 1771 1786 1815 probatissimi

1132 1824 1201 1850 bona
1216 1825 1278 1856 vita,
1296 1827 1324 1850 et
1334 1831 1393 1858 qum
1406 1823 1431 1849 I‘t
1447 1817 1550 1857 agendo
1563 1812 1693 1852 versatur,
1707 1812 1885 1848 mutant

1128 1877 1188 1896 cum
1206 1878 1257 1895 non
1272 1874 1363 1902 DOsSBI.
1375 1868 1480 1902 quidem
1494 1868 1533 1895 sic
1546 1874 1637 1894 curam
1650 1871 1744 1901 gerere
1758 1860 1891 1892 monasterii

1129 1920 1157 1942 ut
1173 1916 1215 1942 hic
1236 1916 1342 1947 beatus,
1355 1921 1441 1949 neque
1455 1914 1597 1941 mansisset
1615 1913 1642 1941 in
1657 1910 1703 1939 illa
1722 1909 1834 1944 eella,in
1847 1908 1899 1942 ipso

1129 1962 1291 1988 monasterio
1307 1961 1333 1988 in
1349 1959 1481 1993 superiori
1504 1958 1644 1987 caenaculo
1665 1958 1784 1993 seipsum
1797 1954 1902 1986 inclusit.

1127 2011 1154 2034 et
1169 2006 1231 2033 fecit
1247 2006 1390 2034 fenestram
1406 2014 1464 2040 qua:
1481 2006 1619 2040 spectabat
1630 2003 1662 2031 ad
1673 2002 1856 2032 monasterium
1869 1999 1904 2026 fc-

1128 2051 1272 2084 minarum,
1298 2060 1378 2086 quam
1402 2052 1544 2079 claudebat
1568 2056 1595 2079 et
1623 2049 1769 2085 aperiebat.
1790 2049 1907 2083 Ρεηκωο

1128 2105 1193 2132 ergo
1207 2098 1343 2125 assidebat
1361 2098 1494 2131 fenestrm,
1521 2104 1666 2132 procurans
1680 2101 1708 2123 ut
1730 2096 1800 2123 inter
1812 2101 1855 2123 eu
1865 2101 1907 2128 pu-

1127 2150 1187 2177 gna:
1202 2148 1348 2170 cessarent.
1363 2142 1460 2178 Sicque
1479 2143 1506 2170 in
1522 2142 1653 2176 superiori
1665 2141 1806 2169 cenando
1825 2145 1910 2168 conse-

1128 2189 1196 2221 nuit,
1214 2196 1274 2215 cum
1298 2196 1346 2216 nec
1361 2189 1430 2215 ullus
1446 2195 1568 2215 seorsum
1582 2187 1738 2220 ascendere,
1767 2192 1853 2222 neque
1873 2184 1910 2211 lie

1129 2240 1218 2269 posset
1232 2234 1403 2267 descendere,
1420 2241 1472 2261 non
1487 2234 1557 2261 enim
1573 2233 1680 2261 stabant
1696 2232 1790 2261 scale.
1806 2231 1867 2259 liae
1877 2235 1911 2258 est

1128 2281 1200 2309 beati
1228 2281 1353 2308 Dorothei
1381 2281 1504 2316 religiosa
1530 2284 1558 2307 et
1571 2279 1713 2307 virtutibus
1739 2283 1837 2306 ornata
1857 2278 1911 2304 vita.

282 2329 360 2357 nibus
374 2338 464 2358 curam
480 2338 586 2366 gerens,
605 2330 779 2366 suppeditans
795 2331 835 2358 cis
856 2331 946 2358 omnia
968 2339 1027 2366 quze
1042 2331 1075 2358 ad
1094 2320 1118 2349 Ῐ)
1131 2329 1180 2356 llic
1194 2328 1315 2363 ejusdem
1330 2328 1390 2355 vitae
1411 2327 1481 2354 finis.

282 2383 358 2403 usum
382 2377 517 2411 pertinent
542 2377 723 2404 necessarium
740 2385 747 2403 :
769 2376 873 2410 hortos,
891 2382 919 2404 et
931 2376 965 2403 ad
981 2383 1074 2404 eorum

283 2423 414 2451 culturam
432 2424 607 2451 instrumenta
631 2422 701 2457 (75),
725 2426 805 2457 atque
829 2426 858 2449 ut
871 2422 954 2450 semel
978 2423 1075 2456 dicam,

283 2469 372 2497 omnia
387 2476 446 2503 quae
457 2468 573 2503 postulat
584 2467 637 2495 vita
652 2467 860 2495 exercitationis.
879 2467 924 2495 Eae
939 2473 1028 2495 autem
1042 2476 1075 2496 ex

284 2515 396 2543 diversis
409 2515 471 2542 vitae
485 2515 612 2543 institutis
625 2519 653 2543 et
675 2515 778 2549 privata
792 2515 915 2543 deducta:
934 2521 1078 2544 consuetu-

282 2562 357 2595 dine,
369 2562 439 2589 inter
448 2569 477 2589 se
490 2562 679 2597 depugnabant
700 2561 818 2589 assidue.
835 2561 902 2589 Cum
913 2569 977 2597 ergo
997 2570 1077 2597 opor-

282 2612 352 2634 teret
366 2607 438 2635 hunc
448 2613 570 2635 sanctum
593 2612 622 2635 et
635 2615 682 2635 eas
696 2608 799 2641 audire,
815 2613 843 2635 et
856 2607 965 2635 efticere
980 2613 1009 2635 ut
1029 2615 1076 2642 pa—

282 2660 342 2681 cem
355 2653 425 2680 inter
438 2660 468 2679 se
483 2658 631 2687 servarent.
644 2654 790 2690 collegerat
803 2655 874 2682 enim
886 2654 919 2681 ad
933 2659 1076 2688 trecentas,

283 2703 312 2727 et
324 2706 434 2727 necesse
448 2699 474 2727 ei
489 2698 575 2726 fuerat
589 2707 649 2727 esse
669 2707 760 2727 carum
776 2699 938 2727 intercessor
955 2699 1074 2732 biennio,

283 2745 349 2773 licet
371 2750 451 2773 tetate
463 2745 572 2780 juveni;
597 2751 655 2773 erat
681 2745 751 2774 enim
771 2745 879 2773 circiter
902 2745 1009 2780 triginta
1034 2749 1079 2772 aut

284 2791 458 2827 quadraginta
470 2799 555 2819 annos
570 2796 660 2825 natus,
676 2792 699 2819 is
713 2796 829 2819 tentatus
844 2791 893 2818 fuit
903 2798 919 2818 a
931 2791 1077 2826 voluptate.

284 2837 484 2866 Amonustorio
505 2843 594 2866 autem
617 2838 746 2866 recedens
765 2837 884 2873 jejunus,
908 2837 1016 2866 errabat
1031 2845 1078 2871 per

286 2884 456 2912 solitudinem
470 2886 538 2913 duos
552 2886 621 2918 dies,
637 2886 688 2914 hoc
708 2893 817 2924 rogans,
842 2890 872 2914 et
887 2886 979 2914 dicens
993 2895 999 2912 :
1024 2887 1077 2913 Aut

287 2928 382 2956 occide
391 2936 446 2965 me,
460 2937 495 2959 ne
509 2932 580 2964 ipsas
596 2931 699 2959 videam
722 2931 853 2963 afﬂictus;
869 2936 914 2960 aut
927 2939 1013 2960 meam
1028 2939 1075 2959 au-

1388 2384 1428 2410 C.-\
1436 2383 1502 2411 PU'I‘
1521 2381 1655 2411 XXXVII.

1391 2428 1429 2455 De
1442 2430 1533 2455 Anima
1544 2427 1664 2454 Piamun.

1185 2475 1247 2504 Fuit
1291 2475 1414 2511 quaedam
1470 2473 1546 2508 virgo
1558 2472 1684 2506 Piamun,
1694 2479 1755 2507 quze
1767 2479 1857 2499 annos
1867 2471 1915 2498 vita

1130 2526 1185 2547 sua:
1200 2519 1265 2546 vixit
1280 2526 1339 2546 cum
1361 2512 1447 2546 matre
1461 2519 1581 2554 propria,
1596 2518 1656 2546 sola
1668 2525 1728 2546 cum
1744 2519 1805 2545 sola
1817 2524 1916 2553 vespere

1130 2565 1285 2597 comedens,
1299 2569 1325 2592 et
1337 2565 1420 2591 linum
1433 2571 1509 2591 nens.
1522 2564 1584 2592 Haec
1593 2564 1698 2599 dignata
1711 2563 1850 2599 estgratia
1861 2569 1917 2598 pra-

1129 2611 1251 2638 dictionis
1266 2610 1415 2637 futurorum
1429 2610 1499 2637 inter
1514 2609 1647 2637 homines.
1660 2608 1766 2636 Accidit
1781 2608 1918 2643 aliquando

1129 2657 1156 2685 in
1169 2657 1296 2691 Egypto,
1311 2664 1371 2683 cum
1386 2656 1460 2683 Nilus
1472 2656 1641 2688 ascenderet,
1654 2658 1683 2681 ut
1693 2655 1768 2681 vicus
1779 2654 1872 2682 vicum
1883 2654 1916 2679 in-

1131 2704 1260 2736 vaderet;
1278 2706 1397 2738 pugnant
1411 2703 1483 2730 enim
1496 2709 1544 2737 pro
1558 2709 1690 2736 aquarum
1700 2700 1850 2734 divisione,
1863 2700 1920 2727 adeo

1131 2754 1159 2776 ut
1181 2754 1328 2783 sequatur
1349 2748 1436 2776 czedes
1449 2753 1478 2776 et
1498 2747 1689 2776 sauciationes.
1710 2747 1856 2775 Potentior
1865 2753 1920 2780 ergo

1128 2796 1202 2822 viens
1213 2795 1270 2828 ejus
1285 2795 1372 2822 vicum
1388 2793 1494 2824 invasit.
1509 2793 1622 2822 etvenit
1635 2793 1754 2821 virorum
1780 2791 1920 2821 multitudo

1130 2847 1191 2867 cum
1207 2839 1308 2867 lanceis
1328 2844 1356 2867 et
1377 2839 1471 2873 clavis,
1494 2843 1524 2867 ut
1545 2839 1606 2873 ejus
1630 2838 1720 2866 vicum
1741 2836 1912 2866 exscindere!

1128 2884 1219 2912 Astitit
1233 2889 1322 2912 autem
1337 2885 1399 2912 huic
1413 2885 1498 2913 beatae
1511 2883 1623 2920 angelus
1635 2881 1760 2912 rcvelans
1775 2883 1876 2911 eoi-um
1885 2881 1922 2909 in-

1128 2929 1284 2961 vasiunem;
1305 2935 1332 2958 et
1355 2930 1493 2958 accersitis
1514 2929 1565 2958 vici
1578 2927 1752 2961 presbyteris,
1779 2928 1824 2957 eis
1839 2927 1921 2957 dicit:
