4020 6470
305 396 451 466 1097

1541 399 1909 462 HISTORIA
1945 400 2344 462 LAUSIACA.

3438 400 3580 466 1098

299 511 532 577 εὐθαλὲς
561 512 750 586 κομῶν
777 514 886 579 τοῖς
921 514 1142 586 φύλλοις
1168 515 1264 572 καὶ
1295 515 1408 580 τοῖς
1441 518 1676 586 καρποῖς
1700 517 1759 570 ἐν
1789 515 1890 586 μιᾷ
1917 522 1966 577 Α
1993 514 2341 587 θλιϐομένοις,
2376 515 2410 584 ἢ
2442 514 2504 569 τὺ
2536 513 2709 580 πάθος
2743 530 2846 585 μου
2875 513 3030 579 λάϐε,
3066 513 3155 569 ἵνα
3201 513 3382 568 αὐτῶν
3413 531 3580 586 φροι-

295 595 495 668 καιροῦ
528 597 668 668 ῥοπῇ
709 599 929 653 πάντων
961 599 1160 669 ἁθρόον
1190 599 1479 671 γυμνωθὲν
1507 599 1722 670 ἐδείχθη
1773 600 1882 667 ξη-

297 679 413 749 ρὸν,
440 679 582 733 κατά
607 680 668 734 τό
696 682 1102 752 γεγραμμένον,
1127 683 1302 753 τούτῳ
1323 682 1379 736 δὲ
1411 683 1724 753 ἐφαρμόζον
1742 701 1756 714 ·
1786 682 1883 748 Οἷς

298 762 377 835 μὴ
389 762 622 836 ὗπάρχει
641 764 992 836 κυϐέρνησις,
1008 759 1154 820 οὗτοι
1169 768 1460 823 πίπτουσιν
1481 767 1632 821 ῶσπε
1639 783 1670 839 ρ
1683 768 1878 837 φύλλα.

881 849 1133 903 ΚΕΦΑΛ.
1168 851 1291 906 AA’.

468 929 614 998 Περί
644 929 756 1000 τῆς
783 931 854 985 ἐν
897 931 1344 1004 Ἰεροσολύμοις
1375 935 1701 1004 παρθένου.

365 1021 644 1092 Παρθένον
687 1018 808 1078 οἶδα
836 1023 948 1092 ἐγὼ
987 1025 1150 1079 πάλιν
1187 1030 1246 1081 ἐν
1302 1029 1698 1100 Ἱεροσολύμοις
1745 1047 1882 1084 σακ-

288 1103 632 1172 κοφοροῦσαν
657 1106 752 1159 ἐπὶ
776 1107 1044 1174 ἑξαετίαν,
1075 1110 1170 1162 καὶ
1196 1110 1360 1182 κέλλῃ
1390 1112 1878 1184 ἐγκεκλεισμένην,

291 1186 524 1256 μηδενός
545 1206 676 1242 ποτε
703 1191 813 1244 τῶν
841 1191 921 1255 είς
952 1193 1146 1263 ἡδονὴν
1175 1197 1560 1250 συντεινόντων
1583 1197 1875 1264 λαϐοῦσαν,

285 1269 406 1350 ἀλλ’
431 1271 609 1342 άκραν
632 1273 914 1328 πολιτείαν
945 1277 1274 1347 ἐγκρατείας
1302 1280 1576 1332 ἀσκοῦσαν
1606 1282 1664 1334 ἐν
1693 1299 1882 1350 γυναι-

288 1349 411 1416 ξίν·
465 1354 588 1424 ἥτις
627 1357 708 1420 είς
757 1355 985 1428 ὕστερον
1025 1361 1451 1430 καταλειφθεῖσα
1496 1363 1600 1416 ὑπὸ
1638 1349 1737 1434 τῆς
1784 1364 1878 1418 τοῦ

285 1435 424 1489 Θεοῦ
461 1437 718 1510 βοηθείας
761 1441 828 1494 δι’
877 1443 1192 1515 ὑπερϐολὴν
1222 1446 1322 1516 τῆς
1367 1448 1750 1517 ὑπερηφανίας
1781 1452 1879 1520 τῆς

285 1521 511 1592 τιθηνοῦ
544 1523 654 1576 τῶν
695 1523 915 1578 πάντων
946 1528 1133 1582 κακῶν
1165 1529 1388 1600 ἐξαισίῳ
1424 1531 1678 1600 πτώματι
1721 1550 1879 1602 περι-

285 1604 504 1658 έπεσεν.
537 1606 820 1672 ’Λινοίξασα
842 1609 952 1679 γάρ
984 1611 1082 1682 τὴν
1104 1611 1294 1682 θυρίδα
1320 1613 1416 1684 τῆς
1453 1614 1648 1683 κέλλης
1673 1615 1876 1668 εἰσεδέ-

285 1687 417 1752 ξατο
439 1689 530 1741 τὸν
554 1689 999 1762 ύπηρετούμενον
1028 1696 1193 1766 αὐτῇ,
1252 1697 1348 1750 καὶ
1377 1695 1553 1767 τούτῳ
1577 1698 1873 1768 συνεφύρη.

287 1770 460 1823 Τοῦτο
492 1771 551 1824 δὲ
587 1773 760 1845 ταύτῃ
809 1776 1010 1847 συνέϐη
1033 1817 1048 1840 ,
1080 1777 1160 1846 τῷ
1197 1779 1272 1849 μὴ
1312 1779 1456 1832 κατά
1495 1781 1876 1850 πνευματικὴν

1989 597 2124 662 τίζω
2151 598 2290 652 κατά
2321 598 2500 667 λόγον.
2545 597 2817 669 Ἐσπέρας
2846 598 3026 651 τοίνυν
3059 597 3362 667 γενομένης
3398 598 3580 658 ὕπνω-

1993 698 2083 734 σεν
2113 684 2171 735 ἐν
2218 684 2283 752 τῇ
2316 682 2530 752 ἐρήμῳ.
2575 680 2853 742 Ἐλθόντες
2889 681 2948 733 δὲ
2977 681 3114 751 πρὸς
3157 681 3320 739 αὑτὸν
3356 681 3579 750 ἄγγελοι

1988 765 2158 833 τρεῖς,
2191 764 2265 826 ὡς
2295 765 2455 827 αὐτὸς
2478 763 2736 835 διηγεῖτο,
2766 763 2950 816 λοιπὸν
2978 764 3242 833 κατέσχον
3271 764 3454 831 αὐτὸν,
3485 765 3581 818 καί¹

1988 844 2208 913 λέγουσι
2229 845 2423 917 τούτῳο
2454 845 2519 897 Τί
2552 846 2775 914 ἐξῆλθες
2805 844 2915 898 ἀπὸ
2943 845 3038 899 τοῦ
3073 846 3436 918 μοναστηρίου
3469 846 3579 899 τῶν

1988 930 2301 996 γυναικῶν;
2332 931 2643 1001 Διηγήσατο
2672 930 2727 982 δὲ
2759 930 2973 993 τούτοις
3011 930 3073 982 τὸ
3111 931 3343 1001 πρᾶγμα
3382 930 3574 983 εἰπών⁹

1989 1012 2112 1067 Ὀτι
2145 1014 2423 1084 ἐφοϐήθην
2453 1014 2663 1083 μήποτε
2693 1015 2955 1075 κάκείνας
2981 1012 3168 1085 βλάψω
3193 1015 3285 1066 καὶ
3313 1015 3575 1084 ἐμαυτόν.

1987 1095 2256 1164 Λέγουσιν
2287 1096 2436 1166 αὐτῷ
2472 1102 2518 1150 οἱ
2550 1096 2771 1165 ἄγγελοι
2792 1111 2806 1126 ·
2859 1097 2985 1150 Ἐὰν
3015 1097 3198 1151 τοίνυν
3230 1113 3289 1150 σε
3338 1097 3432 1151 τοῦ
3469 1099 3577 1152 πά-

1988 1175 2114 1239 θους
2148 1177 2338 1232 τούτου
2393 1179 2823 1248 ἀπαλλάξωμεν,
2863 1178 3082 1251 ἀπέρχῃ
3137 1179 3233 1232 καὶ
3267 1179 3577 1250 φροντίζεις

1986 1259 2197 1327 αύτῶν;
2241 1262 2363 1315 Ἐπὶ
2397 1261 2609 1325 τούτοις
2642 1262 2916 1317 συνέθετο.
2942 1262 3376 1332 Είσπράττονται
3413 1263 3576 1316 αὐτὸν

1984 1343 2169 1412 ὅρκον.
2199 1343 2241 1395 Τ
2245 1343 2302 1398 ὸν
2327 1344 2383 1398 δέ
2412 1344 2574 1415 ὅρκον
2597 1343 2836 1415 διηγεῖτο
2865 1339 3007 1397 εἶναι
3040 1343 3302 1400 τοιοῦτον·
3335 1345 3575 1416 Ὀμοσον

1983 1426 2148 1494 ἡμῖν,
2176 1427 2369 1497 φησὶν,
2397 1429 2480 1480 ὅτι
2510 1428 2603 1481 Μὰ
2631 1429 2723 1480 τὸν
2755 1427 3110 1498 φροντίζοντά
3143 1445 3267 1497 μου,
3303 1430 3586 1500 φροντίζω.

1984 1509 2184 1564 αὐτῶν.
2231 1510 2353 1563 Ἐπὶ
2395 1510 2568 1582 τούτῳ
2600 1508 2814 1582 ὤμοσεν
2854 1512 3059 1574 αὐτοῖς.
3093 1512 3227 1566 Τότε
3263 1513 3311 1565 οἱ
3341 1513 3567 1581 ἄγγελοι

1983 1593 2250 1664 κατέσχον
2282 1595 2445 1647 αὐτὸν
2475 1597 2502 1647 6
2537 1589 2617 1657 εἷς
2651 1595 2776 1657 τοὺς
2810 1595 2998 1658 πόδας,
3049 1595 3146 1648 καὶ
3182 1598 3211 1648 6
3253 1596 3439 1666 ἕτερος
3470 1597 3574 1660 τὰς

1985 1678 2189 1746 χεῖρας,
2225 1679 2252 1731 6
2279 1677 2334 1729 δὲ
2357 1677 2539 1748 τρίτος
2568 1677 2750 1731 λαϐὼν
2779 1678 2938 1748 ξυρὸν
2963 1679 3216 1750 ἐξέτεμεν
3247 1679 3415 1732 αὖτοῦ
3443 1680 3572 1744 τοὺς

1982 1758 2234 1829 διδύμους
2258 1803 2271 1824 ,
2304 1761 2380 1823 ώς
2416 1763 2473 1811 ἐν
2516 1762 2804 1826 ἐκστάσει,
2841 1762 2954 1814 ἀλλ’
2987 1765 3046 1815 οὺ
3097 1765 3237 1817 κατά
3271 1764 3529 1834 ἀλήθειαν
3550 1802 3569 1827 ,

286 1852 547 1920 πρόθεσιν
586 1855 681 1908 καὶ
720 1842 943 1928 ἀγάπην
973 1842 1440 1930 Θεοῦ-ἐσχηκέναι
1470 1862 1570 1933 τὴν
1603 1842 1876 1933 ἄσκησιν,
1910 1863 1954 1918 Β
1985 1843 2123 1933 κατᾲ
2159 1845 2215 1895 δὲ
2239 1842 2553 1933 ,φαξτασίαν
2587 1843 2730 1896 τινάο
2767 1843 2988 1933 ’βδοξῖν
3012 1842 3191 1933 05??"
3217 1849 3283 1917 τῇ
3317 1849 3570 1933 Fuﬁa?“

283 1933 423 1988 ἀλλὰ
456 1937 595 1990 κατά
629 1940 840 2011 σκηνὴν
867 1941 1240 2014 ἀνθρωπίνην,
1270 1945 1518 1998 τουτέστι
1550 1945 1876 2014 κενοδοξίαν,

285 2015 496 2088 σαθρᾶς
523 2022 899 2092 προαιρέσεως
939 2023 1172 2096 εὕρεμα.
1207 2025 1329 2078 Τῶν
1358 2027 1467 2098 γάρ
1510 2028 1752 2082 εὐσεϐῶν
1793 2031 1881 2082 λο-

282 2102 499 2170 γισμῶν
530 2103 702 2173 αὐτῆς
722 2107 1221 2179 άπασχοληθέντων
1250 2110 1356 2164 ὑπὸ
1376 2112 1470 2165 τοῦ
1497 2111 1754 2180 δαίμονος
1778 2114 1878 2183 τῆς

281 2185 590 2250 κενοδοξίας
615 2227 630 2252 ,
659 2189 967 2260 ἐνήσκησεν
1004 2193 1208 2264 ταύτην
1237 2195 1320 2258 εἰς
1348 2195 1410 2248 τὺ
1440 2198 1878 2266 καταγινώσκειν

280 2267 394 2348 τῶν
452 2268 650 2322 ἀλλων.
712 2270 1229 2344 Ἐκϐακχευομένης
1279 2275 1336 2330 δέ
1379 2277 1586 2348 ταύτης
1634 2280 1740 2334 ὑπὸ
1780 2280 1878 2334 τοῦ

280 2347 538 2417 δαίμονος
583 2349 683 2419 τῆς
719 2349 1125 2422 ὑπερηφανίας,
1168 2358 1262 2409 καὶ
1301 2359 1477 2429 τούτῳ
1513 2347 1716 2428 μᾶλλον
1745 2361 1880 2416 ταύ-

280 2446 384 2500 της
415 2432 806 2504 συνηδομένης,
835 2435 1049 2507 ἀπέστη
1075 2438 1170 2492 ἀπ’
1199 2440 1370 2510 αὐτῆς
1393 2443 1420 2496 6
1444 2443 1600 2512 ἀγιος
1621 2445 1874 2514 ἄγγελος,

280 2515 312 2566 6
345 2514 519 2582 φύλαξ
543 2517 642 2587 τῆς
671 2518 1047 2590 σωφροσύνης.

353 2599 453 2651 Διά
482 2599 540 2652 δέ
567 2600 730 2653 τοῦτο
765 2602 1146 2674 γεγράφαμεν,
1178 2605 1470 2661 πιστότατε
1505 2607 1615 2662 τῶν
1641 2610 1874 2682 ἀνδρῶν,

280 2683 378 2734 καὶ
408 2682 517 2734 τῶν
547 2683 607 2747 ἐξ
630 2686 832 2754 ἀρετῆς
867 2687 1314 2760 κατωρθωκότων
1339 2690 1430 2744 τὸν
1469 2691 1604 2762 βίον,
1651 2695 1745 2749 καὶ
1767 2695 1874 2749 τῶν

276 2763 393 2818 ἀπὸ
424 2765 696 2838 ῥᾳθυμίας
730 2769 788 2835 ἐξ
815 2770 994 2840 ἄκρας
1021 2772 1297 2836 πολιτείας
1327 2776 1466 2844 μετά
1507 2776 1706 2842 πόνους
1740 2778 1874 2832 πολ-ο

280 2847 408 2912 λοὺς
443 2849 820 2920 χειρωθέντων
865 2854 973 2907 ὑπὸ
1013 2855 1108 2908 τοῦ
1138 2856 1387 2910 διαϐόλου
1423 2861 1545 2923 ταῖς
1590 2861 1874 2927 παντοίαις

279 2933 476 2986 τούτου
504 2937 791 3005 σαγήναις,
817 2937 885 2991 ἵν’
905 2937 1138 3003 ἕκαστος
1167 2942 1233 2994 ἐκ
1256 2944 1354 3012 τῆς
1378 2943 1574 2996 ἐαυτοῦ
1599 2945 1873 3010 πολιτείας

280 3017 376 3070 τοῦ
404 3020 704 3087 μισοκάλου
728 3023 1168 3092 καταμανθάνων
1189 3025 1259 3078 τὰ
1280 3028 1645 3098 κεκρυμμένα
1657 3029 1868 3096 δίκτυα,

281 3100 462 3173 φεύγῃ
490 3102 588 3165 τὰς
615 3102 806 3156 τούτου
838 3107 1095 3174 παγίδας.
1126 3109 1344 3163 Πολλῶν
1369 3110 1548 3164 τοίνυν
1575 3112 1746 3165 ὄντων
1776 3114 1872 3166 καὶ

284 3185 540 3255 μεγάλων
590 3187 803 3256 ἀνδρῶν
845 3205 903 3241 τε
950 3190 1046 3242 καὶ
1084 3192 1362 3258 γυναικῶν
1392 3193 1502 3246 τῶν
1531 3196 1651 3247 κατ’
1697 3196 1873 3265 ἀρχὰς
1900 3207 1942 3266 c

281 3267 381 3338 τὴν
407 3267 662 3337 ἐνάρετον
698 3270 799 3338 τῆς
837 3270 1126 3341 ἀσκήσεως
1162 3275 1440 3330 πολιτείαν
1482 3277 1871 3349 κατορθωσάν-

280 3366 412 3415 των,
439 3350 748 3404 τελευταῖον
767 3351 823 3404 δὲ
852 3353 956 3406 ὑπὸ
976 3353 1068 3408 τοῦ
1096 3356 1394 3419 ἀντιπάλου
1420 3360 1641 3414 πάντων
1663 3361 1874 3433 ἀνθρώ-

282 3452 402 3488 πων
427 3435 873 3506 ἐκριζωθέντων,
922 3439 1030 3492 ἀπο
1085 3440 1194 3494 τῶν
1236 3442 1446 3496 πολλῶν
1487 3445 1871 3515 μνημονεύσας

281 3519 514 3588 ὀλίγων,
552 3521 930 3590 ἀποσιωπήσω
963 3525 1089 3587 τοὺς
1128 3525 1448 3594 πλείστους,
1496 3531 1634 3599 μήτε
1674 3529 1874 3592 αὐτοὺς

280 3604 559 3668 ἁνιστῶν,
599 3607 737 3673 μήτε
789 3607 1026 3672 ἐμαυτὸν
1075 3607 1301 3676 ὠφελῶν
1344 3613 1438 3664 ἐπὶ
1492 3614 1628 3667 πολὺ
1661 3614 1874 3677 τούτοις

281 3686 744 3755 προσδιατρίϐων,
771 3688 864 3738 καὶ
888 3687 997 3740 τῶν
1026 3687 1226 3759 ὲξόχων
1250 3692 1343 3746 τοῦ
1381 3695 1622 3764 Χριστοῦ
1653 3697 1872 3767 ἀμελῶν

261 3768 554 3838 ἀθλητῶν,
584 3767 679 3820 τοῦ
725 3767 802 3838 μὴ
842 3769 1148 3838 διηγεῖσθαί
1189 3791 1257 3844 με
1295 3777 1498 3845 μᾶλλον
1534 3782 1635 3843 τάς
1665 3781 1872 3836 τούτων

283 3851 486 3922 ἀρετὰς
511 3851 607 3921 τῆς
633 3851 818 3904 ἐνθέου
841 3855 1019 3907 αὐτῶν
1046 3858 1356 3928 ἀσκήσεως.

850 3947 1104 4001 ΚΕΦΑΛ.
1177 3950 1302 4003 ΛΕ’.

879 4030 1021 4096 Περὶ
1074 4031 1269 4086 Ἠλία.

363 4124 552 4188 Ἠλίας
579 4141 662 4186 τις
708 4124 784 4195 τῷ
815 4123 1040 4190 ὀνόματι
1084 4124 1306 4195 ἀριστος
1341 4128 1592 4202 ἀσκητὴς
1615 4171 1630 4196 ,
1667 4135 1873 4206 σφόδρα

278 4209 503 4276 γέγονεν
567 4207 1002 4278 φιλοπάρθενος,
1061 4209 1155 4262 τοῦ
1218 4209 1614 4284 ἀσθενεστέρου
1677 4219 1872 4287 μέλους

278 4293 604 4360 ποιεύμενος
634 4292 912 4362 πρόνοιαν.
950 4293 1073 4346 Είσὶ
1103 4291 1211 4363 γὰρ
1255 4295 1505 4349 τοιαῦται
1546 4297 1746 4369 ψυχαὶ,
1783 4296 1873 4364 αίς

281 4377 551 4445 μαρτυρεῖ
592 4377 652 4428 τὸ
681 4376 833 4439 τέλος
879 4377 961 4430 ὅτι
1004 4377 1124 4430 κατ’
1159 4379 1365 4450 ἀρετὴν
1409 4379 1566 4435 τοῦτο
1601 4384 1867 4440 ποιοῦσιν.

278 4456 449 4521 υῦτος
475 4461 932 4531 κατοικτειρήσας
963 4461 1023 4513 τὸ
1053 4464 1287 4533 πρᾶγμα
1311 4464 1418 4518 τῶν
1443 4467 1781 4540 ἀσκητριῶν,
1811 4471 1868 4524 ἐν

291 4544 517 4614 Ἀθρίϐῃ
541 4545 607 4612 τῇ
643 4544 797 4596 πόλει
827 4545 967 4614 έχων
994 4546 1351 4617 ἀναλώματα,
1381 4549 1735 4623 ᾠκοδόμησεν
1764 4572 1862 4623 με-
1901 4552 1942 4606 Ι.)

277 4629 450 4695 γάλην
495 4626 695 4697 μονὴν,
731 4629 825 4680 καὶ
878 4631 1186 4698 συνήγαγεν
1221 4634 1401 4696 πάσας
1432 4635 1532 4693 τὰς
1578 4637 1866 4708 ἀλωμένας

277 4713 334 4764 ἐν
366 4710 440 4780 τῷ
483 4709 863 4780 μοναστηρίῳ,
895 4711 1207 4776 ἀκολούθως
1242 4717 1420 4770 αὐτῶν
1451 4719 1752 4788 φροντίζων
1785 4724 1866 4785 είς

278 4798 488 4859 πάντα,
543 4795 776 4864 ποιήσας
817 4795 1008 4858 αὐταῖς
1058 4799 1238 4850 πᾶσαν
1288 4801 1596 4856 ἀνάπαυσιν
1637 4804 1746 4856 τῶν
1785 4808 1864 4868 εἰς

276 4879 372 4949 τὴν
407 4877 594 4950 χρείαν
620 4919 632 4942 ,
664 4879 874 4947 κήπους
894 4919 908 4943 ,
947 4879 1040 4933 καὶ
1071 4881 1140 4932 τά
1170 4881 1378 4935 τούτων
1413 4888 1741 4956 χρηστήρια·
1771 4889 1864 4940 καὶ

277 4959 612 5025 ἁπαξαπλῶς
652 4960 873 5014 ἅπαντα
927 4963 1029 5014 ὅσα
1085 4963 1307 5016 ἀπαιτεῖ
1352 4968 1379 5018 ὁ
1431 4971 1528 5037 τῆς
1579 4970 1864 5040 ἀσκήσεως

280 5046 410 5115 βίος.
443 5037 613 5098 Λῦται
644 5045 700 5098 δέ
724 5047 788 5098 ἐκ
817 5047 1094 5116 διαφόρων
1123 5047 1255 5117 βίων
1287 5054 1380 5104 καὶ
1405 5037 1862 5122 συνηθείας-ἰδίας

275 5129 511 5198 ἠγμέναι
580 5132 824 5199 συνεχεῖς
892 5133 1072 5201 μάχας
1128 5133 1344 5186 ἐποίουν
1412 5137 1530 5203 μετ’
1594 5137 1858 5209 ἀλλήλων.

288 5212 486 5281 Ἐχρῆν
513 5213 569 5266 δέ
591 5214 780 5266 τοῦτον
810 5215 904 5269 τὸν
927 5215 1080 5281 ἆγιον
1111 5219 1203 5270 καὶ
1233 5219 1506 5273 διακούειν
1535 5223 1740 5278 τούτων
1769 5227 1862 5278 καὶ

276 5297 574 5367 εἰρηνεύειν
622 5299 813 5361 αὐτάς.
872 5300 1188 5370 Συνήγαγεν
1241 5305 1350 5374 γάρ
1397 5305 1471 5365 ώς
1518 5309 1859 5376 τριακοσίας,

277 5384 369 5432 καὶ
421 5380 667 5452 ἀνάγκην
713 5382 870 5452 ἔσχεν
921 5386 1226 5453 μεσιτεύειν
1276 5389 1464 5452 αὑταῖς
1515 5392 1606 5444 ἐπὶ
1637 5393 1730 5444 δύο
1767 5393 1858 5465 έτη

277 5465 401 5517 νέαν
435 5465 584 5531 ἄγων
612 5465 710 5534 τὴν
734 5468 971 5538 ἡλικίαν.
1000 5467 1110 5524 Ἦν
1141 5471 1248 5542 γὰρ
1279 5474 1352 5534 ὼς
1382 5476 1679 5544 τριάκοντα
1701 5478 1857 5546 ἐτῶν,

276 5546 308 5617 ἢ
341 5549 771 5620 τεσσαράκοντα.
807 5548 974 5618 Οὗτος
1009 5556 1312 5627 ἐπειράσθη
1348 5560 1469 5611 καθ’
1501 5560 1715 5630 ἡδονήν.
1754 5565 1861 5616 Καὶ

276 5631 307 5682 ἁ
343 5633 636 5701 αχωρήσας
662 5632 757 5687 τοῦ
791 5639 1154 5710 μοναστηρίου
1177 5681 1191 5705 ,
1227 5641 1414 5711 νῆστις
1450 5643 1721 5698 ἐπλανᾶτο
1755 5645 1860 5699 ἀνά

275 5711 370 5782 τὴν
400 5712 607 5785 ἔρημον
637 5717 728 5770 ἐπὶ
771 5719 982 5790 ἡμέρας
1011 5723 1124 5787 δύο,
1151 5725 1308 5778 τοῦτο
1338 5726 1615 5796 δεόμενος,
1649 5730 1742 5782 καὶ
1768 5729 1859 5781 λέ-

276 5807 406 5864 γων,
442 5797 526 5854 ὅτι
578 5799 776 5872 Κύριε,
811 5805 1133 5861 ἀπόκτεινόν
1171 5827 1258 5880 με,
1308 5811 1395 5864 ἵνα
1446 5811 1520 5881 μὴ
1564 5813 1657 5867 ἴδω
1689 5816 1859 5880 αὑτὰς

1983 1925 2190 1998 ἐκείνῃ,
2223 1925 2298 1989 ώς
2323 1927 2387 1979 ἂν
2410 1929 2552 1978 εἴποι
2584 1943 2690 1990 τις,
2721 1927 2815 1979 καὶ
2844 1929 3226 1999 ἀποτμηθῆναι
3246 1930 3338 1981 καὶ
3370 1930 3570 1982 ἀποθε-

1983 2004 2340 2080 ραπεύεσθαι.
2376 2010 2530 2062 Μετὰ
2560 2009 2718 2063 τοῦτο
2746 2013 3096 2080 ἐπερωτῶσιν
3126 2012 3286 2064 αὐτὴν
3321 2013 3371 2065 οί
3397 2012 3568 2081 ἄγγε-

1981 2091 2062 2145 λοι
2084 2092 2355 2158 λέγοντες·
2394 2093 2670 2164 ᾙσθήθης
2694 2095 2962 2162 ὠφελείας
2989 2097 3167 2159 τινός;
3192 2095 3359 2163 Λέγει
3387 2097 3570 2158 αὐτοῖς

1980 2174 2206 2238 ἐκεῖνος·
2241 2175 2453 2245 Σφόδρα
2497 2174 2807 2246 ὠφέλημαι.
2859 2178 3222 2248 Ἑκουφίσθην
3257 2179 3362 2249 γὰρ
3403 2177 3567 2242 πάνυ,

1980 2258 2074 2310 καὶ
2123 2258 2429 2328 πέπεισμαι
2464 2260 2811 2331 ἀπηλλάχθαι
2858 2261 2955 2314 καὶ
3001 2262 3096 2314 τοῦ
3147 2263 3310 2316 πόνου
3347 2262 3442 2314 καὶ
3472 2261 3568 2313 τοῦ

1980 2341 2208 2405 πάθους.
2235 2343 2368 2394 Τότε
2395 2343 2444 2394 οἱ
2476 2343 2699 2413 ἄγγελοι
2731 2343 2983 2413 λέγουσιν
3009 2345 3177 2414 αὐτῷ⁹
3211 2345 3447 2399 Ἀπελθε
3473 2342 3569 2400 οὖν

1981 2425 2060 2484 είς
2099 2425 2161 2477 τὸ
2197 2426 2534 2497 ἀσκητήριὸν
2581 2443 2696 2481 σου.
2745 2427 3117 2498 ’Υπέστρεψεν
3149 2428 3206 2481 δὲ
3241 2420 3395 2492 οὗτος
3429 2429 3576 2498 μετά,

1980 2509 2141 2562 πέντε
2168 2509 2403 2579 ἡμέρας.
2433 2510 2765 2574 Πενθοῦντος
2787 2509 2878 2564 οὖν
2902 2514 3029 2583 περὶ
3056 2511 3218 2564 αὑτοῦ
3245 2513 3446 2576 παντὸς
3472 2513 3564 2565 τοῦ

1982 2594 2345 2664 μοναστηρίου
2379 2594 2687 2666 εἰσέρχεται
2720 2594 2890 2659 ἔνδον,
2925 2597 3019 2648 καὶ
3047 2595 3232 2648 ἔκτοτε
3265 2595 3476 2666 έμεινεν
3509 2599 3565 2649 ἐν

1978 2681 2174 2753 κελλίῳ
2202 2684 2266 2734 ἐκ
2288 2680 2532 2749 πλαγίων
2558 2681 2649 2734 τοῦ
2678 2684 3065 2754 μοναστηρίουο
3092 2685 3151 2749 ἐξ
3176 2678 3234 2738 οῦ
3261 2682 3563 2755 ἐγγύτερος

1976 2763 2052 2820 ῶν
2082 2765 2322 2836 συνεχῶς
2351 2765 2520 2829 αὑτὰς
2553 2765 2883 2836 διωρθοῦτο,
2917 2768 3040 2819 ὅσον
3071 2768 3157 2819 ἐπ’
3181 2768 3406 2837 ἐκείνῳο
3441 2769 3562 2820 ἐπι-

1978 2847 2154 2919 ζήσας
2182 2850 2372 2911 αὑταῖς
2401 2849 2537 2904 ἄλλα
2565 2850 2977 2918 τεσσαράκοντα
3003 2849 3120 2920 ἐτη,
3141 2850 3562 2920 διαϐεϐαιούμε-

1976 2951 2067 2997 νος
2097 2937 2208 2997 τοῖς
2236 2935 2533 3002 Πατράσιν,
2565 2936 2646 2987 ὅτι
2673 2937 2872 2989 Οὐκέτι
2899 2935 3069 3004 ἀνέϐη
3106 2939 3185 2998 εἰς
3220 2935 3314 3005 τὴν
3339 2936 3564 3006 καρδίαν

1980 3035 2083 3087 μου
2120 3017 2289 3080 πάθος
2334 3017 2592 3085 γυναικὸς
2634 3018 2955 3087 ἐπιθυμίας.
3004 3018 3174 3070 Τοῦτο
3217 3019 3277 3070 τὸ
3317 3019 3572 3088 χάρισμα.

1975 3101 2068 3154 τοῦ
2103 3101 2260 3170 ἀγίου
2304 3102 2496 3173 ἀνδρὸς
2549 3102 2722 3168 Ἠλία,
2765 3103 2860 3155 καὶ
2901 3100 3108 3172 αὖτηὴ
3162 3102 3426 3171 ἄσκησις·
3468 3102 3562 3155 καὶ

1975 3184 2146 3248 οὓτως
2172 3185 2491 3256 ἐφρόντισεν
2515 3187 2610 3240 τοῦ
2636 3185 2999 3257 μοναστηρίου
3028 3186 3056 3237 6
3082 3185 3349 3256 μακάριος
3381 3177 3559 3249 οὗτος.

2557 3269 2808 3323 ΚΕΦΑΛ.
2850 3266 2991 3336 Aq'.

2504 3354 2645 3421 Περὶ
2695 3351 3023 3420 Δωροθέου.

2051 3437 2147 3490 ⁸ον
2190 3435 2465 3503 διεδέξατο
2503 3436 2780 3507 Δωρόθεός
2810 3453 2915 3501 τις,
2955 3435 3097 3506 ἀνὴρ
3142 3435 3558 3506 δοκιμώτατος,

1974 3520 2224 3589 γηράσας
2248 3522 2304 3572 ἐν
2334 3522 2434 3590 βίῳ
2462 3519 2686 3590 χρηστῷ
2719 3519 2814 3572 καὶ
2841 3519 3166 3589 ἐμπράκτῳ·
3205 3519 3281 3588 μὴ
3309 3519 3559 3589 δυνηθεὶς

1978 3605 2075 3674 μὲν
2104 3603 2247 3656 οὕτω
2285 3607 2569 3673 φροντίσαι
2603 3603 2678 3665 ώς
2707 3605 2735 3656 6
2769 3604 3036 3673 μακάριος
3071 3599 3225 3664 οὗτος
3275 3602 3370 3654 τοῦ
3427 3619 3560 3672 μον-

1972 3689 2259 3758 ἀστηρίου,
2300 3691 2439 3757 μήτε
2475 3690 2652 3757 μεῖναι
2686 3690 2742 3740 ἐν
2776 3689 2839 3757 τῇ
2885 3686 3049 3759 κέλλῃ
3083 3687 3286 3757 ἐκείνῃ.
3317 3687 3407 3739 Ἐν
3427 3688 3560 3740 ἀνα-

1972 3771 2114 3842 γαίῳ
2146 3771 2201 3824 δέ
2235 3772 2428 3840 κελλίῳ
2460 3770 2887 3840 ἀποκλειόμενος
2931 3767 3123 3839 θυρίδα
3151 3770 3410 3841 ἐποίησεν
3451 3771 3560 3837 ἁφ-

1972 3855 2290 3926 ορῶσανέπὶ
2313 3858 2372 3908 τὸ
2387 3856 2493 3907 τῶν
2509 3854 2785 3923 γυναικῶν
2809 3854 3196 3922 μοναστήριον.
3224 3854 3333 3906 Καὶ
3356 3853 3560 3924 ταύτην

1974 3939 2182 3992 ἕκλειεν
2209 3940 2304 3991 καὶ
2331 3939 2568 4009 ἧνοιγεν.
2615 3937 3002 3999 ’ἀδιαλείπτως
3028 3937 3081 3989 δέ
3105 3935 3560 4008 παρακαθεζόμε-

1973 4038 2065 4084 νος
2094 4024 2158 4092 τῇ
2185 4021 2380 4091 θυρίδι,
2409 4022 2506 4091 τὴν
2526 4021 2769 4090 ἀμαχίαν
2786 4018 3013 4081 ταύταις
3037 4019 3556 4089 ἐπραγματεύσατο.

1975 4105 2160 4168 Οὕτως
2203 4104 2569 4175 ἀπροσκόπως
2600 4104 2946 4173 ἐπιγηράσας
2980 4107 3036 4155 ἐν
3078 4104 3276 4172 ἐκείνῳ
3306 4103 3385 4171 τῷ
3425 4105 3560 4156 ἀνα-

1974 4193 2116 4261 γαίῳ
2139 4233 2154 4256 ,
2187 4191 2311 4260 μηδ’
2343 4190 2478 4251 ὅλως
2510 4191 2640 4242 ποτέ
2667 4205 2812 4251 τινος
2838 4187 3157 4250 ἀνελθόντος
3185 4189 3319 4248 ἐκεί,
3350 4187 3475 4241 οὔτε
3502 4188 3563 4240 δέ

1973 4276 2184 4328 ἐκείνου
2212 4275 2361 4326 κάτω
2393 4274 2524 4326 ποτέ
2551 4272 2837 4326 κατελθεῖν
2866 4273 3192 4343 δυναμένου,
3227 4271 3316 4324 διὰ
3347 4273 3409 4324 τὸ
3439 4271 3556 4324 κλί-

1975 4377 2126 4430 μακα
2163 4359 2238 4430 μὴ
2272 4360 2515 4410 ἐστᾶναι.
2547 4357 2694 4427 Αῦτη
2727 4359 2760 4429 ὴ
2800 4358 2968 4429 ἀρετὴ
3002 4357 3102 4426 τῆς
3146 4359 3432 4429 ἀσκήσεως
3463 4355 3555 4409 τοῦ

1975 4446 2244 4516 μακαρίου
2275 4443 2574 4513 Δωροθέου,
2608 4444 2702 4496 καὶ
2727 4446 2781 4495 ἐν
2806 4443 2980 4514 ταύτῃ
3008 4445 3068 4497 τὸ
3100 4445 3270 4509 τέλος.

2543 4537 2794 4590 ΚΕΦΛΛ.
2858 4534 2979 4592 ΛΖ’.

2356 4622 2495 4690 Περὶ
2538 4619 2811 4689 Πιαμοῦν
2844 4620 3168 4690 παρθένου.

2041 4717 2290 4787 Πιαμοῦν
2321 4713 2380 4771 τὸ
2410 4719 2579 4789 ὄνομα
2610 4719 2833 4786 γέγονεν
2867 4720 3136 4792 παρθένος
3157 4761 3171 4784 ,
3224 4722 3345 4792 ἥτις
3376 4719 3556 4773 πάντα

1967 4802 2033 4855 τὰ
2062 4801 2156 4872 έτη
2188 4804 2284 4872 τῆς
2317 4803 2461 4871 ζωῆς
2496 4803 2667 4868 αὐτῆς
2691 4803 2885 4875 ἔζησεν
2911 4805 3045 4874 μετά
3069 4805 3167 4874 τῆς
3203 4804 3402 4874 μητρὸς
3428 4805 3556 4856 ἐαυ-

1966 4887 2064 4955 τῆς
2117 4889 2216 4958 μία
2261 4889 2414 4958 παρά
2471 4890 2600 4958 μίαν
2637 4890 2894 4943 ἐσθίουσα
2937 4891 3024 4941 ἀεὶ
3063 4892 3120 4942 ἐν
3168 4891 3408 4960 ἑσπέρᾳ,
3461 4891 3556 4942 καὶ

1966 4974 2204 5043 νήθουσα
2227 4973 2392 5026 λίνον.
2423 4974 2571 5042 Αὕτη
2595 4975 2908 5044 κατηξιώθη
2936 4975 3274 5046 χαρίσματος
3307 4976 3554 5046 προρρή-

1967 5073 2124 5119 σεως.
2171 5057 2259 5108 Ἐν
2289 5051 2369 5119 οἷς
2418 5057 2614 5127 συνέϐη
2652 5060 2710 5110 ἐν
2743 5057 3002 5127 Αἰγύπτῳ
3045 5058 3175 5110 ποτὲ
3214 5058 3312 5126 τῆς
3343 5058 3554 5111 ἀναϐά⁹

1968 5159 2104 5205 σεως
2128 5140 2294 5212 οὔσης
2324 5142 2417 5194 τοῦ
2446 5142 2641 5195 Νείλου
2676 5141 2870 5213 κώμην
2901 5143 3063 5214 κώμῃ
3100 5143 3406 5197 ἐπιθέσθαι.
3438 5143 3554 5196 Μά-

1964 5243 2150 5295 χονται
2208 5227 2317 5296 γὰρ
2375 5227 2456 5288 είς
2505 5226 2604 5289 τὰς
2663 5226 3023 5298 ύδρημερίας,
3073 5227 3148 5292 ὡς
3211 5228 3304 5280 καὶ⁹
3361 5228 3554 5295 φόνους

1967 5311 2398 5382 παρακολουθεῖν
2416 5309 2696 5375 πολλάκις,
2719 5312 2813 5362 καὶ
2835 5313 3174 5374 κατακοπάς.
3198 5312 3554 5381 Δυνατωτέρα

1963 5390 2057 5447 οὖν
2089 5395 2250 5464 κώμη
2291 5393 2517 5446 ἐπέθετο
2546 5396 2610 5463 τῇ
2641 5394 2814 5462 αὐτῆς
2842 5393 3025 5464 κώμῃ.
3061 5396 3168 5447 Καὶ
3195 5395 3425 5465 ἤρχοντο
3465 5397 3551 5447 ἐπ’
3605 5433 3618 5456 κ

1965 5478 2134 5547 αὐτὴν
2165 5478 2356 5546 ἄνδρες
2387 5478 2444 5529 ἐν
2477 5476 2672 5548 πλήθει
2707 5476 2844 5546 μετὰ
2876 5477 3117 5547 δοράτων
3145 5480 3238 5530 καὶ
3273 5477 3548 5548 ῥοπάλων,

1963 5559 2105 5614 ὥστε
2132 5559 2400 5629 συγκόψαι
2430 5559 2530 5631 τὴν
2554 5559 2748 5630 κώμην
2777 5561 2970 5629 αὐτῆς.
3007 5561 3260 5631 Παρέστη
3293 5561 3348 5613 δὲ
3375 5561 3550 5633 ταύτῃ

1963 5647 2027 5715 τῇ
2065 5645 2312 5715 μακαρίᾳ
2341 5645 2571 5712 ἅγγελος
2621 5644 2714 5696 τοῦ
2765 5643 2900 5697 Θεοῦ
2953 5643 3357 5696 ἀποκαλύπτων
3404 5645 3544 5713 αὐτῇ

1962 5733 2062 5801 τὴν
2096 5731 2341 5784 ἐπίθεσιν
2370 5729 2595 5782 τούτων.
2634 5728 3119 5798 Μεταστειλαμένη
3157 5727 3214 5779 δὲ
3249 5726 3389 5798 αὕτη
3421 5730 3549 5787 τοὺς

1964 5819 2368 5892 πρεσϐυτέρους
2397 5816 2492 5887 τῆς
2523 5815 2714 5886 κώμης
2741 5817 2930 5887 αὐτῆς,
2955 5815 3102 5881 λέγει
3135 5815 3337 5880 αὐτοῖς,
3375 5811 3549 5877 Ἐξέλ-
