  <div class='ocr_page' id='page_1' title='image "/cluster/home/n/w/nwhite01/storage/ocr_20150623/34/coo.31924054869312/562.png"; bbox 0 0 4020 6490; ppageno 0'>
   <div class='ocr_carea' id='block_1_1' title="bbox 360 402 484 460">
    <p class='ocr_par' dir='ltr' id='par_1_1' title="bbox 360 402 484 460">
     <span class='ocr_line' id='line_1_1' title="bbox 360 402 484 460; baseline -0.024 0"><span class='ocrx_word' id='word_1_1' title='bbox 360 402 484 460; x_wconf 77' lang='lat' dir='ltr'><strong>Mill</strong></span> 
     </span>
    </p>
   </div>
   <div class='ocr_carea' id='block_1_2' title="bbox 1607 398 2321 456">
    <p class='ocr_par' dir='ltr' id='par_1_2' title="bbox 1607 398 2321 456">
     <span class='ocr_line' id='line_1_2' title="bbox 1607 398 2321 456; baseline -0.003 0"><span class='ocrx_word' id='word_1_2' title='bbox 1607 398 1920 456; x_wconf 71' lang='lat' dir='ltr'><strong>HISTORIA</strong></span> <span class='ocrx_word' id='word_1_3' title='bbox 1966 399 2321 455; x_wconf 69' lang='grc' dir='ltr'><strong>ιΑυδιΑω.</strong></span> 
     </span>
    </p>
   </div>
   <div class='ocr_carea' id='block_1_3' title="bbox 3442 403 3593 462">
    <p class='ocr_par' dir='ltr' id='par_1_3' title="bbox 3442 403 3593 462">
     <span class='ocr_line' id='line_1_3' title="bbox 3442 403 3593 462; baseline 0 -2"><span class='ocrx_word' id='word_1_4' title='bbox 3442 403 3593 462; x_wconf 71' lang='lat' dir='ltr'><strong>H02.</strong></span> 
     </span>
    </p>
   </div>
   <div class='ocr_carea' id='block_1_4' title="bbox 349 512 3583 588">
    <p class='ocr_par' dir='ltr' id='par_1_4' title="bbox 349 512 3583 588">
     <span class='ocr_line' id='line_1_4' title="bbox 349 512 3583 588; baseline 0.001 -17"><span class='ocrx_word' id='word_1_5' title='bbox 349 518 520 583; x_wconf 77' lang='lat' dir='ltr'><strong>Exite,</strong></span> <span class='ocrx_word' id='word_1_6' title='bbox 544 525 597 570; x_wconf 92' lang='lat' dir='ltr'><strong>et</strong></span> <span class='ocrx_word' id='word_1_7' title='bbox 622 529 685 570; x_wconf 74' lang='lat' dir='ltr'><strong>ex</strong></span> <span class='ocrx_word' id='word_1_8' title='bbox 709 514 809 571; x_wconf 90' lang='lat' dir='ltr'><strong>hoc</strong></span> <span class='ocrx_word' id='word_1_9' title='bbox 837 514 953 570; x_wconf 86' lang='lat' dir='ltr'><strong>vico</strong></span> <span class='ocrx_word' id='word_1_10' title='bbox 984 515 1244 571; x_wconf 88' lang='lat' dir='ltr'><strong>occurrite</strong></span> <span class='ocrx_word' id='word_1_11' title='bbox 1264 516 1339 571; x_wconf 89' lang='lat' dir='ltr'><strong>eis</strong></span> <span class='ocrx_word' id='word_1_12' title='bbox 1362 516 1451 584; x_wconf 87' lang='lat' dir='ltr'><strong>qui</strong></span> <span class='ocrx_word' id='word_1_13' title='bbox 1481 516 1695 569; x_wconf 90' lang='lat' dir='ltr'><strong>veniunt</strong></span> <span class='ocrx_word' id='word_1_14' title='bbox 1721 526 1905 570; x_wconf 85' lang='lat' dir='ltr'><strong>contra</strong></span> <span class='ocrx_word' id='word_1_15' title='bbox 1937 522 1979 572; x_wconf 76' lang='grc' dir='ltr'>Α</span> <span class='ocrx_word' id='word_1_16' title='bbox 2017 523 2136 567; x_wconf 91' lang='lat' dir='ltr'><strong>tuor</strong></span> <span class='ocrx_word' id='word_1_17' title='bbox 2171 514 2385 568; x_wconf 86' lang='lat' dir='ltr'><strong>ordines</strong></span> <span class='ocrx_word' id='word_1_18' title='bbox 2429 512 2671 578; x_wconf 75' lang='lat' dir='ltr'><strong>fratrum,</strong></span> <span class='ocrx_word' id='word_1_19' title='bbox 2704 528 2766 568; x_wconf 80' lang='lat' dir='ltr'><strong>ex</strong></span> <span class='ocrx_word' id='word_1_20' title='bbox 2802 528 3019 569; x_wconf 90' lang='lat' dir='ltr'><strong>numero</strong></span> <span class='ocrx_word' id='word_1_21' title='bbox 3040 516 3226 585; x_wconf 75' lang='lat' dir='ltr'><strong>viginti</strong></span> <span class='ocrx_word' id='word_1_22' title='bbox 3248 527 3471 588; x_wconf 78' lang='lat' dir='ltr'><strong>quatuor</strong></span> <span class='ocrx_word' id='word_1_23' title='bbox 3497 521 3583 574; x_wconf 83' lang='lat' dir='ltr'><strong>Iit-</strong></span> 
     </span>
    </p>
   </div>
   <div class='ocr_carea' id='block_1_5' title="bbox 345 609 1908 678">
    <p class='ocr_par' dir='ltr' id='par_1_5' title="bbox 345 609 1908 678">
     <span class='ocr_line' id='line_1_5' title="bbox 345 609 1908 678; baseline -0.001 -14"><span class='ocrx_word' id='word_1_24' title='bbox 345 624 464 672; x_wconf 87' lang='lat' dir='ltr'><strong>vos,</strong></span> <span class='ocrx_word' id='word_1_25' title='bbox 493 622 561 662; x_wconf 91' lang='lat' dir='ltr'><strong>ne</strong></span> <span class='ocrx_word' id='word_1_26' title='bbox 592 622 684 662; x_wconf 91' lang='lat' dir='ltr'><strong>vos</strong></span> <span class='ocrx_word' id='word_1_27' title='bbox 711 623 919 677; x_wconf 80' lang='lat' dir='ltr'><strong>quoque</strong></span> <span class='ocrx_word' id='word_1_28' title='bbox 955 622 1056 662; x_wconf 89' lang='lat' dir='ltr'><strong>una</strong></span> <span class='ocrx_word' id='word_1_29' title='bbox 1077 624 1196 662; x_wconf 89' lang='lat' dir='ltr'><strong>cum</strong></span> <span class='ocrx_word' id='word_1_30' title='bbox 1226 610 1343 662; x_wconf 83' lang='lat' dir='ltr'><strong>vico</strong></span> <span class='ocrx_word' id='word_1_31' title='bbox 1367 609 1615 676; x_wconf 90' lang='lat' dir='ltr'><strong>pereatis,</strong></span> <span class='ocrx_word' id='word_1_32' title='bbox 1643 616 1699 662; x_wconf 90' lang='lat' dir='ltr'><strong>et</strong></span> <span class='ocrx_word' id='word_1_33' title='bbox 1727 618 1908 678; x_wconf 89' lang='lat' dir='ltr'><strong>rogate</strong></span> 
     </span>
    </p>
   </div>
   <div class='ocr_carea' id='block_1_6' title="bbox 346 700 1910 769">
    <p class='ocr_par' dir='ltr' id='par_1_6' title="bbox 346 700 1910 769">
     <span class='ocr_line' id='line_1_6' title="bbox 346 700 1910 769; baseline 0 -14"><span class='ocrx_word' id='word_1_34' title='bbox 346 716 440 755; x_wconf 89' lang='lat' dir='ltr'><strong>eos</strong></span> <span class='ocrx_word' id='word_1_35' title='bbox 463 710 519 753; x_wconf 88' lang='lat' dir='ltr'><strong>ut</strong></span> <span class='ocrx_word' id='word_1_36' title='bbox 543 701 799 754; x_wconf 86' lang='lat' dir='ltr'><strong>desistant</strong></span> <span class='ocrx_word' id='word_1_37' title='bbox 825 700 891 754; x_wconf 92' lang='lat' dir='ltr'><strong>ab</strong></span> <span class='ocrx_word' id='word_1_38' title='bbox 918 700 1121 755; x_wconf 86' lang='lat' dir='ltr'><strong>insidiis</strong></span> <span class='ocrx_word' id='word_1_39' title='bbox 1137 700 1391 757; x_wconf 82' lang='lat' dir='ltr'><strong>adversus</strong></span> <span class='ocrx_word' id='word_1_40' title='bbox 1420 715 1513 754; x_wconf 92' lang='lat' dir='ltr'><strong>vos</strong></span> <span class='ocrx_word' id='word_1_41' title='bbox 1536 702 1752 769; x_wconf 92' lang='lat' dir='ltr'><strong>paratis.</strong></span> <span class='ocrx_word' id='word_1_42' title='bbox 1780 701 1910 755; x_wconf 88' lang='lat' dir='ltr'><strong>Ter-</strong></span> 
     </span>
    </p>
   </div>
   <div class='ocr_carea' id='block_1_7' title="bbox 346 790 1910 859">
    <p class='ocr_par' dir='ltr' id='par_1_7' title="bbox 346 790 1910 859">
     <span class='ocr_line' id='line_1_7' title="bbox 346 790 1910 859; baseline 0.001 -16"><span class='ocrx_word' id='word_1_43' title='bbox 346 792 431 845; x_wconf 90' lang='lat' dir='ltr'><strong>riti</strong></span> <span class='ocrx_word' id='word_1_44' title='bbox 460 799 634 844; x_wconf 86' lang='lat' dir='ltr'><strong>autem</strong></span> <span class='ocrx_word' id='word_1_45' title='bbox 669 791 960 859; x_wconf 83' lang='lat' dir='ltr'><strong>presbyteri</strong></span> <span class='ocrx_word' id='word_1_46' title='bbox 1004 791 1052 844; x_wconf 91' lang='lat' dir='ltr'><strong>ei</strong></span> <span class='ocrx_word' id='word_1_47' title='bbox 1103 790 1168 843; x_wconf 88' lang='lat' dir='ltr'><strong>ad</strong></span> <span class='ocrx_word' id='word_1_48' title='bbox 1196 790 1357 858; x_wconf 86' lang='lat' dir='ltr'><strong>pedes</strong></span> <span class='ocrx_word' id='word_1_49' title='bbox 1389 790 1760 857; x_wconf 84' lang='lat' dir='ltr'><strong>procumbunt.</strong></span> <span class='ocrx_word' id='word_1_50' title='bbox 1791 806 1910 845; x_wconf 91' lang='lat' dir='ltr'><strong>eam</strong></span> 
     </span>
    </p>
   </div>
   <div class='ocr_carea' id='block_1_8' title="bbox 347 880 1912 947">
    <p class='ocr_par' dir='ltr' id='par_1_8' title="bbox 347 880 1912 947">
     <span class='ocr_line' id='line_1_8' title="bbox 347 880 1912 947; baseline 0.002 -16"><span class='ocrx_word' id='word_1_51' title='bbox 347 888 597 947; x_wconf 77' lang='lat' dir='ltr'><strong>rogantes</strong></span> <span class='ocrx_word' id='word_1_52' title='bbox 637 890 689 934; x_wconf 90' lang='lat' dir='ltr'><strong>et</strong></span> <span class='ocrx_word' id='word_1_53' title='bbox 713 880 988 936; x_wconf 85' lang='lat' dir='ltr'><strong>dicentes:</strong></span> <span class='ocrx_word' id='word_1_54' title='bbox 1023 882 1126 934; x_wconf 78' lang='lat' dir='ltr'><strong>Nos</strong></span> <span class='ocrx_word' id='word_1_55' title='bbox 1172 895 1273 933; x_wconf 94' lang='lat' dir='ltr'><strong>non</strong></span> <span class='ocrx_word' id='word_1_56' title='bbox 1305 880 1560 934; x_wconf 88' lang='lat' dir='ltr'><strong>audemus</strong></span> <span class='ocrx_word' id='word_1_57' title='bbox 1577 880 1656 934; x_wconf 88' lang='lat' dir='ltr'><strong>eis</strong></span> <span class='ocrx_word' id='word_1_58' title='bbox 1686 881 1764 933; x_wconf 87' lang='lat' dir='ltr'><strong>ire</strong></span> <span class='ocrx_word' id='word_1_59' title='bbox 1809 880 1912 934; x_wconf 87' lang='lat' dir='ltr'><strong>ob-</strong></span> 
     </span>
    </p>
   </div>
   <div class='ocr_carea' id='block_1_9' title="bbox 349 969 1910 1038">
    <p class='ocr_par' dir='ltr' id='par_1_9' title="bbox 349 969 1910 1038">
     <span class='ocr_line' id='line_1_9' title="bbox 349 969 1910 1038; baseline 0.003 -18"><span class='ocrx_word' id='word_1_60' title='bbox 349 969 510 1032; x_wconf 91' lang='lat' dir='ltr'><strong>viam;</strong></span> <span class='ocrx_word' id='word_1_61' title='bbox 541 969 738 1024; x_wconf 85' lang='lat' dir='ltr'><strong>scimus</strong></span> <span class='ocrx_word' id='word_1_62' title='bbox 784 972 923 1025; x_wconf 91' lang='lat' dir='ltr'><strong>enim</strong></span> <span class='ocrx_word' id='word_1_63' title='bbox 954 986 1135 1027; x_wconf 92' lang='lat' dir='ltr'><strong>eorum</strong></span> <span class='ocrx_word' id='word_1_64' title='bbox 1182 970 1540 1024; x_wconf 91' lang='lat' dir='ltr'><strong>temulentiam</strong></span> <span class='ocrx_word' id='word_1_65' title='bbox 1570 980 1624 1025; x_wconf 89' lang='lat' dir='ltr'><strong>et</strong></span> <span class='ocrx_word' id='word_1_66' title='bbox 1672 973 1910 1038; x_wconf 78' lang='lat' dir='ltr'><strong>petulan—</strong></span> 
     </span>
    </p>
   </div>
   <div class='ocr_carea' id='block_1_10' title="bbox 349 1058 1909 1123">
    <p class='ocr_par' dir='ltr' id='par_1_10' title="bbox 349 1058 1909 1123">
     <span class='ocr_line' id='line_1_10' title="bbox 349 1058 1909 1123; baseline 0.003 -14"><span class='ocrx_word' id='word_1_67' title='bbox 349 1060 501 1123; x_wconf 86' lang='lat' dir='ltr'><strong>tiam;</strong></span> <span class='ocrx_word' id='word_1_68' title='bbox 534 1058 625 1113; x_wconf 88' lang='lat' dir='ltr'><strong>sed</strong></span> <span class='ocrx_word' id='word_1_69' title='bbox 652 1058 696 1112; x_wconf 89' lang='lat' dir='ltr'><strong>si</strong></span> <span class='ocrx_word' id='word_1_70' title='bbox 723 1058 855 1113; x_wconf 87' lang='lat' dir='ltr'><strong>facis</strong></span> <span class='ocrx_word' id='word_1_71' title='bbox 896 1060 1307 1115; x_wconf 89' lang='lat' dir='ltr'><strong>misericordiam</strong></span> <span class='ocrx_word' id='word_1_72' title='bbox 1354 1060 1410 1112; x_wconf 90' lang='lat' dir='ltr'><strong>in</strong></span> <span class='ocrx_word' id='word_1_73' title='bbox 1455 1075 1553 1113; x_wconf 89' lang='lat' dir='ltr'><strong>nos</strong></span> <span class='ocrx_word' id='word_1_74' title='bbox 1583 1069 1636 1113; x_wconf 91' lang='lat' dir='ltr'><strong>et</strong></span> <span class='ocrx_word' id='word_1_75' title='bbox 1663 1061 1714 1113; x_wconf 92' lang='lat' dir='ltr'><strong>in</strong></span> <span class='ocrx_word' id='word_1_76' title='bbox 1746 1068 1909 1113; x_wconf 87' lang='lat' dir='ltr'><strong>totum</strong></span> 
     </span>
    </p>
   </div>
   <div class='ocr_carea' id='block_1_11' title="bbox 348 1149 1910 1219">
    <p class='ocr_par' dir='ltr' id='par_1_11' title="bbox 348 1149 1910 1219">
     <span class='ocr_line' id='line_1_11' title="bbox 348 1149 1910 1219; baseline 0.001 -19"><span class='ocrx_word' id='word_1_77' title='bbox 348 1150 541 1212; x_wconf 85' lang='lat' dir='ltr'><strong>vicum,</strong></span> <span class='ocrx_word' id='word_1_78' title='bbox 572 1155 627 1200; x_wconf 88' lang='lat' dir='ltr'><strong>et</strong></span> <span class='ocrx_word' id='word_1_79' title='bbox 654 1149 707 1202; x_wconf 92' lang='lat' dir='ltr'><strong>in</strong></span> <span class='ocrx_word' id='word_1_80' title='bbox 728 1149 942 1203; x_wconf 86' lang='lat' dir='ltr'><strong>domum</strong></span> <span class='ocrx_word' id='word_1_81' title='bbox 973 1158 1133 1213; x_wconf 88' lang='lat' dir='ltr'><strong>tuam,</strong></span> <span class='ocrx_word' id='word_1_82' title='bbox 1163 1151 1275 1218; x_wconf 90' lang='lat' dir='ltr'><strong>ipsa</strong></span> <span class='ocrx_word' id='word_1_83' title='bbox 1299 1151 1373 1203; x_wconf 86' lang='lat' dir='ltr'><strong>eis</strong></span> <span class='ocrx_word' id='word_1_84' title='bbox 1394 1151 1648 1219; x_wconf 84' lang='lat' dir='ltr'><strong>egredere</strong></span> <span class='ocrx_word' id='word_1_85' title='bbox 1676 1151 1910 1217; x_wconf 83' lang='lat' dir='ltr'><strong>obviam,</strong></span> 
     </span>
    </p>
   </div>
   <div class='ocr_carea' id='block_1_12' title="bbox 348 1238 1911 1308">
    <p class='ocr_par' dir='ltr' id='par_1_12' title="bbox 348 1238 1911 1308">
     <span class='ocr_line' id='line_1_12' title="bbox 348 1238 1911 1308; baseline 0.003 -17"><span class='ocrx_word' id='word_1_86' title='bbox 348 1238 569 1308; x_wconf 85' lang='lat' dir='ltr'><strong>illosque</strong></span> <span class='ocrx_word' id='word_1_87' title='bbox 599 1249 812 1308; x_wconf 80' lang='lat' dir='ltr'><strong>pacatos</strong></span> <span class='ocrx_word' id='word_1_88' title='bbox 836 1250 1035 1296; x_wconf 78' lang='lat' dir='ltr'><strong>averte.</strong></span> <span class='ocrx_word' id='word_1_89' title='bbox 1067 1241 1155 1295; x_wconf 90' lang='lat' dir='ltr'><strong>Illa</strong></span> <span class='ocrx_word' id='word_1_90' title='bbox 1194 1251 1371 1295; x_wconf 84' lang='lat' dir='ltr'><strong>autem</strong></span> <span class='ocrx_word' id='word_1_91' title='bbox 1395 1256 1514 1295; x_wconf 92' lang='lat' dir='ltr'><strong>eum</strong></span> <span class='ocrx_word' id='word_1_92' title='bbox 1547 1257 1648 1294; x_wconf 89' lang='lat' dir='ltr'><strong>non</strong></span> <span class='ocrx_word' id='word_1_93' title='bbox 1693 1255 1911 1296; x_wconf 88' lang='lat' dir='ltr'><strong>assensa</strong></span> 
     </span>
    </p>
   </div>
   <div class='ocr_carea' id='block_1_13' title="bbox 348 1329 1914 1394">
    <p class='ocr_par' dir='ltr' id='par_1_13' title="bbox 348 1329 1914 1394">
     <span class='ocr_line' id='line_1_13' title="bbox 348 1329 1914 1394; baseline 0.003 -14"><span class='ocrx_word' id='word_1_94' title='bbox 348 1338 509 1394; x_wconf 88' lang='lat' dir='ltr'><strong>esset,</strong></span> <span class='ocrx_word' id='word_1_95' title='bbox 539 1329 758 1384; x_wconf 89' lang='lat' dir='ltr'><strong>veniens</strong></span> <span class='ocrx_word' id='word_1_96' title='bbox 799 1331 850 1383; x_wconf 90' lang='lat' dir='ltr'><strong>in</strong></span> <span class='ocrx_word' id='word_1_97' title='bbox 895 1346 1043 1385; x_wconf 86' lang='lat' dir='ltr'><strong>suam</strong></span> <span class='ocrx_word' id='word_1_98' title='bbox 1080 1330 1475 1392; x_wconf 85' lang='lat' dir='ltr'><strong>domunculam,</strong></span> <span class='ocrx_word' id='word_1_99' title='bbox 1506 1330 1653 1384; x_wconf 84' lang='lat' dir='ltr'><strong>stetit</strong></span> <span class='ocrx_word' id='word_1_100' title='bbox 1682 1340 1787 1385; x_wconf 89' lang='lat' dir='ltr'><strong>tota</strong></span> <span class='ocrx_word' id='word_1_101' title='bbox 1816 1346 1914 1384; x_wconf 89' lang='lat' dir='ltr'><strong>no—</strong></span> 
     </span>
    </p>
   </div>
   <div class='ocr_carea' id='block_1_14' title="bbox 345 1421 1912 1491">
    <p class='ocr_par' dir='ltr' id='par_1_14' title="bbox 345 1421 1912 1491">
     <span class='ocr_line' id='line_1_14' title="bbox 345 1421 1912 1491; baseline 0.002 -18"><span class='ocrx_word' id='word_1_102' title='bbox 345 1430 431 1473; x_wconf 91' lang='lat' dir='ltr'><strong>cte</strong></span> <span class='ocrx_word' id='word_1_103' title='bbox 465 1435 624 1473; x_wconf 87' lang='lat' dir='ltr'><strong>orans</strong></span> <span class='ocrx_word' id='word_1_104' title='bbox 645 1430 696 1473; x_wconf 90' lang='lat' dir='ltr'><strong>et</strong></span> <span class='ocrx_word' id='word_1_105' title='bbox 743 1436 879 1489; x_wconf 88' lang='lat' dir='ltr'><strong>genu</strong></span> <span class='ocrx_word' id='word_1_106' title='bbox 927 1421 1143 1475; x_wconf 89' lang='lat' dir='ltr'><strong>minime</strong></span> <span class='ocrx_word' id='word_1_107' title='bbox 1171 1421 1413 1489; x_wconf 83' lang='lat' dir='ltr'><strong>ﬂectens,</strong></span> <span class='ocrx_word' id='word_1_108' title='bbox 1445 1423 1539 1478; x_wconf 89' lang='lat' dir='ltr'><strong>sed</strong></span> <span class='ocrx_word' id='word_1_109' title='bbox 1584 1437 1793 1491; x_wconf 90' lang='lat' dir='ltr'><strong>rogans,</strong></span> <span class='ocrx_word' id='word_1_110' title='bbox 1828 1423 1912 1477; x_wconf 90' lang='lat' dir='ltr'><strong>di-</strong></span> 
     </span>
    </p>
   </div>
   <div class='ocr_carea' id='block_1_15' title="bbox 346 1513 1914 1584">
    <p class='ocr_par' dir='ltr' id='par_1_15' title="bbox 346 1513 1914 1584">
     <span class='ocr_line' id='line_1_15' title="bbox 346 1513 1914 1584; baseline 0.004 -20"><span class='ocrx_word' id='word_1_111' title='bbox 346 1514 517 1566; x_wconf 84' lang='lat' dir='ltr'><strong>cendo</strong></span> <span class='ocrx_word' id='word_1_112' title='bbox 550 1531 561 1565; x_wconf 89' lang='lat'>:</span> <span class='ocrx_word' id='word_1_113' title='bbox 596 1513 818 1568; x_wconf 87' lang='lat' dir='ltr'><strong>Domine</strong></span> <span class='ocrx_word' id='word_1_114' title='bbox 864 1513 956 1582; x_wconf 90' lang='lat' dir='ltr'><strong>qui</strong></span> <span class='ocrx_word' id='word_1_115' title='bbox 983 1514 1189 1582; x_wconf 83' lang='lat' dir='ltr'><strong>judicas</strong></span> <span class='ocrx_word' id='word_1_116' title='bbox 1219 1524 1437 1580; x_wconf 89' lang='lat' dir='ltr'><strong>terram,</strong></span> <span class='ocrx_word' id='word_1_117' title='bbox 1471 1514 1555 1569; x_wconf 90' lang='lat' dir='ltr'><strong>cui</strong></span> <span class='ocrx_word' id='word_1_118' title='bbox 1587 1514 1717 1569; x_wconf 92' lang='lat' dir='ltr'><strong>nihil</strong></span> <span class='ocrx_word' id='word_1_119' title='bbox 1743 1516 1914 1584; x_wconf 84' lang='lat' dir='ltr'><strong>placet</strong></span> 
     </span>
    </p>
   </div>
   <div class='ocr_carea' id='block_1_16' title="bbox 345 1602 1912 1671">
    <p class='ocr_par' dir='ltr' id='par_1_16' title="bbox 345 1602 1912 1671">
     <span class='ocr_line' id='line_1_16' title="bbox 345 1602 1912 1671; baseline 0.004 -18"><span class='ocrx_word' id='word_1_120' title='bbox 345 1602 482 1671; x_wconf 86' lang='lat' dir='ltr'><strong>quod</strong></span> <span class='ocrx_word' id='word_1_121' title='bbox 506 1614 585 1657; x_wconf 89' lang='lat' dir='ltr'><strong>est</strong></span> <span class='ocrx_word' id='word_1_122' title='bbox 612 1602 883 1671; x_wconf 69' lang='lat' dir='ltr'><strong>injustam,</strong></span> <span class='ocrx_word' id='word_1_123' title='bbox 907 1619 1023 1657; x_wconf 91' lang='lat' dir='ltr'><strong>cum</strong></span> <span class='ocrx_word' id='word_1_124' title='bbox 1049 1603 1161 1657; x_wconf 68' lang='lat' dir='ltr'><strong>haec</strong></span> <span class='ocrx_word' id='word_1_125' title='bbox 1189 1604 1252 1658; x_wconf 90' lang='lat' dir='ltr'><strong>ad</strong></span> <span class='ocrx_word' id='word_1_126' title='bbox 1284 1612 1335 1658; x_wconf 92' lang='lat' dir='ltr'><strong>te</strong></span> <span class='ocrx_word' id='word_1_127' title='bbox 1361 1606 1564 1659; x_wconf 83' lang='lat' dir='ltr'><strong>venerit</strong></span> <span class='ocrx_word' id='word_1_128' title='bbox 1585 1604 1773 1670; x_wconf 87' lang='lat' dir='ltr'><strong>oratio,</strong></span> <span class='ocrx_word' id='word_1_129' title='bbox 1806 1605 1912 1659; x_wconf 89' lang='lat' dir='ltr'><strong>vir-</strong></span> 
     </span>
    </p>
   </div>
   <div class='ocr_carea' id='block_1_17' title="bbox 347 1693 1909 1761">
    <p class='ocr_par' dir='ltr' id='par_1_17' title="bbox 347 1693 1909 1761">
     <span class='ocr_line' id='line_1_17' title="bbox 347 1693 1909 1761; baseline 0.003 -19"><span class='ocrx_word' id='word_1_130' title='bbox 347 1700 430 1746; x_wconf 90' lang='lat' dir='ltr'><strong>tus</strong></span> <span class='ocrx_word' id='word_1_131' title='bbox 458 1702 545 1745; x_wconf 89' lang='lat' dir='ltr'><strong>tua</strong></span> <span class='ocrx_word' id='word_1_132' title='bbox 600 1706 692 1746; x_wconf 90' lang='lat' dir='ltr'><strong>eos</strong></span> <span class='ocrx_word' id='word_1_133' title='bbox 730 1694 883 1746; x_wconf 86' lang='lat' dir='ltr'><strong>sistat</strong></span> <span class='ocrx_word' id='word_1_134' title='bbox 934 1693 1231 1746; x_wconf 81' lang='lat' dir='ltr'><strong>immobiles</strong></span> <span class='ocrx_word' id='word_1_135' title='bbox 1289 1702 1537 1761; x_wconf 89' lang='lat' dir='ltr'><strong>tanquam</strong></span> <span class='ocrx_word' id='word_1_136' title='bbox 1590 1694 1909 1761; x_wconf 90' lang='lat' dir='ltr'><strong>columnam,</strong></span> 
     </span>
    </p>
   </div>
   <div class='ocr_carea' id='block_1_18' title="bbox 347 1782 1911 1855">
    <p class='ocr_par' dir='ltr' id='par_1_18' title="bbox 347 1782 1911 1855">
     <span class='ocr_line' id='line_1_18' title="bbox 347 1782 1911 1855; baseline 0.003 -19"><span class='ocrx_word' id='word_1_137' title='bbox 347 1782 643 1852; x_wconf 89' lang='lat' dir='ltr'><strong>ubicunque</strong></span> <span class='ocrx_word' id='word_1_138' title='bbox 670 1798 762 1837; x_wconf 90' lang='lat' dir='ltr'><strong>eos</strong></span> <span class='ocrx_word' id='word_1_139' title='bbox 794 1782 1220 1851; x_wconf 84' lang='lat' dir='ltr'><strong>deprehenderit.</strong></span> <span class='ocrx_word' id='word_1_140' title='bbox 1252 1786 1381 1838; x_wconf 83' lang='lat' dir='ltr'><strong>Cum</strong></span> <span class='ocrx_word' id='word_1_141' title='bbox 1416 1785 1528 1839; x_wconf 65' lang='lat' dir='ltr'><strong>haec</strong></span> <span class='ocrx_word' id='word_1_142' title='bbox 1555 1795 1734 1839; x_wconf 90' lang='lat' dir='ltr'><strong>sancta</strong></span> <span class='ocrx_word' id='word_1_143' title='bbox 1764 1786 1911 1855; x_wconf 86' lang='lat' dir='ltr'><strong>virgo</strong></span> 
     </span>
    </p>
   </div>
   <div class='ocr_carea' id='block_1_19' title="bbox 347 1874 1912 1944">
    <p class='ocr_par' dir='ltr' id='par_1_19' title="bbox 347 1874 1912 1944">
     <span class='ocr_line' id='line_1_19' title="bbox 347 1874 1912 1944; baseline 0.001 -16"><span class='ocrx_word' id='word_1_144' title='bbox 347 1876 423 1928; x_wconf 92' lang='lat' dir='ltr'><strong>sic</strong></span> <span class='ocrx_word' id='word_1_145' title='bbox 472 1883 694 1939; x_wconf 86' lang='lat' dir='ltr'><strong>orasset,</strong></span> <span class='ocrx_word' id='word_1_146' title='bbox 726 1875 831 1929; x_wconf 90' lang='lat' dir='ltr'><strong>tale</strong></span> <span class='ocrx_word' id='word_1_147' title='bbox 877 1875 1000 1944; x_wconf 92' lang='lat' dir='ltr'><strong>quid</strong></span> <span class='ocrx_word' id='word_1_148' title='bbox 1029 1874 1241 1929; x_wconf 90' lang='lat' dir='ltr'><strong>accidit.</strong></span> <span class='ocrx_word' id='word_1_149' title='bbox 1293 1875 1484 1930; x_wconf 87' lang='lat' dir='ltr'><strong>llostes</strong></span> <span class='ocrx_word' id='word_1_150' title='bbox 1538 1877 1678 1931; x_wconf 89' lang='lat' dir='ltr'><strong>eirea</strong></span> <span class='ocrx_word' id='word_1_151' title='bbox 1728 1875 1912 1929; x_wconf 89' lang='lat' dir='ltr'><strong>horam</strong></span> 
     </span>
    </p>
   </div>
   <div class='ocr_carea' id='block_1_20' title="bbox 347 1966 1912 2036">
    <p class='ocr_par' dir='ltr' id='par_1_20' title="bbox 347 1966 1912 2036">
     <span class='ocr_line' id='line_1_20' title="bbox 347 1966 1912 2036; baseline 0.002 -18"><span class='ocrx_word' id='word_1_152' title='bbox 347 1969 592 2033; x_wconf 80' lang='lat' dir='ltr'><strong>primam,</strong></span> <span class='ocrx_word' id='word_1_153' title='bbox 632 1981 662 2018; x_wconf 92' lang='lat' dir='ltr'><strong>a</strong></span> <span class='ocrx_word' id='word_1_154' title='bbox 693 1967 857 2020; x_wconf 88' lang='lat' dir='ltr'><strong>tribus</strong></span> <span class='ocrx_word' id='word_1_155' title='bbox 887 1967 1220 2029; x_wconf 91' lang='lat' dir='ltr'><strong>milliaribus,</strong></span> <span class='ocrx_word' id='word_1_156' title='bbox 1262 1966 1315 2020; x_wconf 91' lang='lat' dir='ltr'><strong>in</strong></span> <span class='ocrx_word' id='word_1_157' title='bbox 1368 1968 1484 2020; x_wconf 89' lang='lat' dir='ltr'><strong>loco</strong></span> <span class='ocrx_word' id='word_1_158' title='bbox 1524 1967 1613 2020; x_wconf 82' lang='lat' dir='ltr'><strong>fixi</strong></span> <span class='ocrx_word' id='word_1_159' title='bbox 1664 1975 1912 2036; x_wconf 90' lang='lat' dir='ltr'><strong>tanquam</strong></span> 
     </span>
    </p>
   </div>
   <div class='ocr_carea' id='block_1_21' title="bbox 343 2054 1914 2125">
    <p class='ocr_par' dir='ltr' id='par_1_21' title="bbox 343 2054 1914 2125">
     <span class='ocr_line' id='line_1_21' title="bbox 343 2054 1914 2125; baseline 0.001 -18"><span class='ocrx_word' id='word_1_160' title='bbox 343 2055 608 2117; x_wconf 87' lang='lat' dir='ltr'><strong>columna,</strong></span> <span class='ocrx_word' id='word_1_161' title='bbox 640 2054 941 2109; x_wconf 81' lang='lat' dir='ltr'><strong>labefactari</strong></span> <span class='ocrx_word' id='word_1_162' title='bbox 967 2072 1068 2109; x_wconf 94' lang='lat' dir='ltr'><strong>non</strong></span> <span class='ocrx_word' id='word_1_163' title='bbox 1103 2065 1363 2124; x_wconf 86' lang='lat' dir='ltr'><strong>poterant.</strong></span> <span class='ocrx_word' id='word_1_164' title='bbox 1397 2054 1506 2109; x_wconf 94' lang='lat' dir='ltr'><strong>Illis</strong></span> <span class='ocrx_word' id='word_1_165' title='bbox 1528 2071 1740 2125; x_wconf 87' lang='lat' dir='ltr'><strong>quoque</strong></span> <span class='ocrx_word' id='word_1_166' title='bbox 1764 2070 1914 2110; x_wconf 86' lang='lat' dir='ltr'><strong>reve-</strong></span> 
     </span>
    </p>
   </div>
   <div class='ocr_carea' id='block_1_22' title="bbox 344 2143 1912 2212">
    <p class='ocr_par' dir='ltr' id='par_1_22' title="bbox 344 2143 1912 2212">
     <span class='ocr_line' id='line_1_22' title="bbox 344 2143 1912 2212; baseline 0.001 -15"><span class='ocrx_word' id='word_1_167' title='bbox 344 2143 509 2197; x_wconf 83' lang='lat' dir='ltr'><strong>latum</strong></span> <span class='ocrx_word' id='word_1_168' title='bbox 552 2153 634 2198; x_wconf 88' lang='lat' dir='ltr'><strong>est</strong></span> <span class='ocrx_word' id='word_1_169' title='bbox 657 2146 794 2212; x_wconf 91' lang='lat' dir='ltr'><strong>quod</strong></span> <span class='ocrx_word' id='word_1_170' title='bbox 838 2159 1006 2199; x_wconf 68' lang='lat' dir='ltr'><strong>servae</strong></span> <span class='ocrx_word' id='word_1_171' title='bbox 1035 2146 1228 2199; x_wconf 80' lang='lat' dir='ltr'><strong>Christi</strong></span> <span class='ocrx_word' id='word_1_172' title='bbox 1261 2146 1479 2200; x_wconf 86' lang='lat' dir='ltr'><strong>Piamun</strong></span> <span class='ocrx_word' id='word_1_173' title='bbox 1508 2146 1912 2200; x_wconf 88' lang='lat' dir='ltr'><strong>intercessioni-</strong></span> 
     </span>
    </p>
   </div>
   <div class='ocr_carea' id='block_1_23' title="bbox 343 2234 1910 2303">
    <p class='ocr_par' dir='ltr' id='par_1_23' title="bbox 343 2234 1910 2303">
     <span class='ocr_line' id='line_1_23' title="bbox 343 2234 1910 2303; baseline 0.003 -16"><span class='ocrx_word' id='word_1_174' title='bbox 343 2234 444 2287; x_wconf 92' lang='lat' dir='ltr'><strong>bus</strong></span> <span class='ocrx_word' id='word_1_175' title='bbox 474 2234 668 2287; x_wconf 88' lang='lat' dir='ltr'><strong>factum</strong></span> <span class='ocrx_word' id='word_1_176' title='bbox 696 2243 777 2287; x_wconf 90' lang='lat' dir='ltr'><strong>est</strong></span> <span class='ocrx_word' id='word_1_177' title='bbox 821 2236 899 2288; x_wconf 90' lang='lat' dir='ltr'><strong>eis</strong></span> <span class='ocrx_word' id='word_1_178' title='bbox 946 2235 1412 2302; x_wconf 88' lang='lat' dir='ltr'><strong>impedimentum;</strong></span> <span class='ocrx_word' id='word_1_179' title='bbox 1463 2235 1603 2303; x_wconf 89' lang='lat' dir='ltr'><strong>iique</strong></span> <span class='ocrx_word' id='word_1_180' title='bbox 1645 2237 1709 2289; x_wconf 91' lang='lat' dir='ltr'><strong>ad</strong></span> <span class='ocrx_word' id='word_1_181' title='bbox 1737 2238 1910 2291; x_wconf 90' lang='lat' dir='ltr'><strong>vicum</strong></span> 
     </span>
    </p>
   </div>
   <div class='ocr_carea' id='block_1_24' title="bbox 346 2322 1907 2395">
    <p class='ocr_par' dir='ltr' id='par_1_24' title="bbox 346 2322 1907 2395">
     <span class='ocr_line' id='line_1_24' title="bbox 346 2322 1907 2395; baseline 0.003 -21"><span class='ocrx_word' id='word_1_182' title='bbox 346 2323 611 2375; x_wconf 75' lang='lat' dir='ltr'><strong>mittentes</strong></span> <span class='ocrx_word' id='word_1_183' title='bbox 642 2337 821 2389; x_wconf 91' lang='lat' dir='ltr'><strong>pacem</strong></span> <span class='ocrx_word' id='word_1_184' title='bbox 854 2322 1135 2391; x_wconf 91' lang='lat' dir='ltr'><strong>petierunt,</strong></span> <span class='ocrx_word' id='word_1_185' title='bbox 1162 2324 1396 2377; x_wconf 91' lang='lat' dir='ltr'><strong>dicentes</strong></span> <span class='ocrx_word' id='word_1_186' title='bbox 1423 2340 1438 2376; x_wconf 86' lang='lat'><strong>:</strong></span> <span class='ocrx_word' id='word_1_187' title='bbox 1471 2325 1621 2392; x_wconf 84' lang='lat' dir='ltr'><strong>Agite</strong></span> <span class='ocrx_word' id='word_1_188' title='bbox 1649 2325 1754 2378; x_wconf 86' lang='lat' dir='ltr'><strong>Deo</strong></span> <span class='ocrx_word' id='word_1_189' title='bbox 1780 2341 1907 2395; x_wconf 87' lang='lat' dir='ltr'><strong>gra-</strong></span> 
     </span>
    </p>
   </div>
   <div class='ocr_carea' id='block_1_25' title="bbox 347 2410 1913 2482">
    <p class='ocr_par' dir='ltr' id='par_1_25' title="bbox 347 2410 1913 2482">
     <span class='ocr_line' id='line_1_25' title="bbox 347 2410 1913 2482; baseline 0.003 -18"><span class='ocrx_word' id='word_1_190' title='bbox 347 2412 447 2464; x_wconf 88' lang='lat' dir='ltr'><strong>tias</strong></span> <span class='ocrx_word' id='word_1_191' title='bbox 494 2420 547 2465; x_wconf 92' lang='lat' dir='ltr'><strong>et</strong></span> <span class='ocrx_word' id='word_1_192' title='bbox 599 2411 844 2478; x_wconf 90' lang='lat' dir='ltr'><strong>precibus</strong></span> <span class='ocrx_word' id='word_1_193' title='bbox 900 2410 1119 2464; x_wconf 88' lang='lat' dir='ltr'><strong>Piamun</strong></span> <span class='ocrx_word' id='word_1_194' title='bbox 1148 2427 1265 2482; x_wconf 79' lang='lat' dir='ltr'><strong>qua:</strong></span> <span class='ocrx_word' id='word_1_195' title='bbox 1295 2426 1391 2466; x_wconf 91' lang='lat' dir='ltr'><strong>nos</strong></span> <span class='ocrx_word' id='word_1_196' title='bbox 1441 2413 1814 2481; x_wconf 82' lang='lat' dir='ltr'><strong>impedierunt,</strong></span> <span class='ocrx_word' id='word_1_197' title='bbox 1846 2429 1913 2469; x_wconf 93' lang='lat' dir='ltr'><strong>ne</strong></span> 
     </span>
    </p>
   </div>
   <div class='ocr_carea' id='block_1_26' title="bbox 346 2502 1356 2572">
    <p class='ocr_par' dir='ltr' id='par_1_26' title="bbox 346 2502 1356 2572">
     <span class='ocr_line' id='line_1_26' title="bbox 346 2502 1356 2572; baseline 0 -16"><span class='ocrx_word' id='word_1_198' title='bbox 346 2518 591 2572; x_wconf 83' lang='lat' dir='ltr'><strong>magnum</strong></span> <span class='ocrx_word' id='word_1_199' title='bbox 622 2502 771 2557; x_wconf 83' lang='lat' dir='ltr'><strong>vobis</strong></span> <span class='ocrx_word' id='word_1_200' title='bbox 796 2502 990 2555; x_wconf 90' lang='lat' dir='ltr'><strong>malum</strong></span> <span class='ocrx_word' id='word_1_201' title='bbox 1023 2502 1356 2556; x_wconf 79' lang='lat' dir='ltr'><strong>inferremus.</strong></span> 
     </span>
    </p>
   </div>
   <div class='ocr_carea' id='block_1_27' title="bbox 855 2590 1396 2646">
    <p class='ocr_par' dir='ltr' id='par_1_27' title="bbox 855 2590 1396 2646">
     <span class='ocr_line' id='line_1_27' title="bbox 855 2590 1396 2646; baseline -0.004 0"><span class='ocrx_word' id='word_1_202' title='bbox 855 2590 1076 2646; x_wconf 84' lang='lat' dir='ltr'><strong>CAPUT</strong></span> <span class='ocrx_word' id='word_1_203' title='bbox 1117 2590 1396 2645; x_wconf 70' lang='lat' dir='ltr'><strong>XXXVIII.</strong></span> 
     </span>
    </p>
   </div>
   <div class='ocr_carea' id='block_1_28' title="bbox 360 2678 1913 2753">
    <p class='ocr_par' dir='ltr' id='par_1_28' title="bbox 360 2678 1913 2753">
     <span class='ocr_line' id='line_1_28' title="bbox 360 2678 1913 2753; baseline 0.003 -21"><span class='ocrx_word' id='word_1_204' title='bbox 360 2678 470 2733; x_wconf 82' lang='lat' dir='ltr'><strong>Vita</strong></span> <span class='ocrx_word' id='word_1_205' title='bbox 514 2680 709 2736; x_wconf 75' lang='lat' dir='ltr'><strong>abbatis</strong></span> <span class='ocrx_word' id='word_1_206' title='bbox 756 2678 1022 2735; x_wconf 82' lang='lat' dir='ltr'><strong>Pachomii</strong></span> <span class='ocrx_word' id='word_1_207' title='bbox 1069 2680 1205 2753; x_wconf 81' lang='lat' dir='ltr'><strong>(7C),</strong></span> <span class='ocrx_word' id='word_1_208' title='bbox 1238 2690 1285 2734; x_wconf 83' lang='lat' dir='ltr'><strong>et</strong></span> <span class='ocrx_word' id='word_1_209' title='bbox 1325 2695 1496 2734; x_wconf 83' lang='lat' dir='ltr'><strong>eorum</strong></span> <span class='ocrx_word' id='word_1_210' title='bbox 1539 2679 1624 2749; x_wconf 82' lang='lat' dir='ltr'><strong>qui</strong></span> <span class='ocrx_word' id='word_1_211' title='bbox 1660 2695 1774 2734; x_wconf 86' lang='lat' dir='ltr'><strong>cum</strong></span> <span class='ocrx_word' id='word_1_212' title='bbox 1802 2681 1913 2750; x_wconf 84' lang='lat' dir='ltr'><strong>ipso</strong></span> 
     </span>
    </p>
   </div>
   <div class='ocr_carea' id='block_1_29' title="bbox 1045 2787 1207 2828">
    <p class='ocr_par' dir='ltr' id='par_1_29' title="bbox 1045 2787 1207 2828">
     <span class='ocr_line' id='line_1_29' title="bbox 1045 2787 1207 2828; baseline 0 0"><span class='ocrx_word' id='word_1_213' title='bbox 1045 2787 1207 2828; x_wconf 81' lang='lat' dir='ltr'><strong>erant.</strong></span> 
     </span>
    </p>
   </div>
   <div class='ocr_carea' id='block_1_30' title="bbox 413 2863 1912 2937">
    <p class='ocr_par' dir='ltr' id='par_1_30' title="bbox 413 2863 1912 2937">
     <span class='ocr_line' id='line_1_30' title="bbox 413 2863 1912 2937; baseline 0.001 -19"><span class='ocrx_word' id='word_1_214' title='bbox 413 2863 738 2920; x_wconf 85' lang='lat' dir='ltr'><strong>Tabennesis</strong></span> <span class='ocrx_word' id='word_1_215' title='bbox 770 2865 882 2937; x_wconf 85' lang='lat'><strong>(77)</strong></span> <span class='ocrx_word' id='word_1_216' title='bbox 917 2875 999 2921; x_wconf 89' lang='lat' dir='ltr'><strong>est</strong></span> <span class='ocrx_word' id='word_1_217' title='bbox 1047 2867 1191 2920; x_wconf 88' lang='lat' dir='ltr'><strong>locus</strong></span> <span class='ocrx_word' id='word_1_218' title='bbox 1218 2867 1295 2921; x_wconf 88' lang='lat' dir='ltr'><strong>sic</strong></span> <span class='ocrx_word' id='word_1_219' title='bbox 1337 2864 1626 2934; x_wconf 88' lang='lat' dir='ltr'><strong>appellatus</strong></span> <span class='ocrx_word' id='word_1_220' title='bbox 1678 2866 1729 2919; x_wconf 93' lang='lat' dir='ltr'><strong>in</strong></span> <span class='ocrx_word' id='word_1_221' title='bbox 1773 2865 1912 2921; x_wconf 86' lang='lat' dir='ltr'><strong>Tlte-</strong></span> 
     </span>
    </p>
   </div>
   <div class='ocr_carea' id='block_1_31' title="bbox 346 2952 1912 3024">
    <p class='ocr_par' dir='ltr' id='par_1_31' title="bbox 346 2952 1912 3024">
     <span class='ocr_line' id='line_1_31' title="bbox 346 2952 1912 3024; baseline 0.003 -18"><span class='ocrx_word' id='word_1_222' title='bbox 346 2952 520 3019; x_wconf 87' lang='lat' dir='ltr'><strong>baide,</strong></span> <span class='ocrx_word' id='word_1_223' title='bbox 572 2956 623 3008; x_wconf 92' lang='lat' dir='ltr'><strong>in</strong></span> <span class='ocrx_word' id='word_1_224' title='bbox 667 2972 772 3024; x_wconf 90' lang='lat' dir='ltr'><strong>quo</strong></span> <span class='ocrx_word' id='word_1_225' title='bbox 817 2954 1254 3009; x_wconf 87' lang='lat' dir='ltr'><strong>fuitPachomius</strong></span> <span class='ocrx_word' id='word_1_226' title='bbox 1299 2956 1608 3020; x_wconf 88' lang='lat' dir='ltr'><strong>monachus,</strong></span> <span class='ocrx_word' id='word_1_227' title='bbox 1640 2957 1720 3009; x_wconf 92' lang='lat' dir='ltr'><strong>vir</strong></span> <span class='ocrx_word' id='word_1_228' title='bbox 1749 2954 1912 3010; x_wconf 79' lang='lat' dir='ltr'><strong>exiis</strong></span> 
     </span>
    </p>
   </div>
   <div class='ocr_carea' id='block_1_32' title="bbox 345 3044 1909 3115">
    <p class='ocr_par' dir='ltr' id='par_1_32' title="bbox 345 3044 1909 3115">
     <span class='ocr_line' id='line_1_32' title="bbox 345 3044 1909 3115; baseline 0.003 -19"><span class='ocrx_word' id='word_1_229' title='bbox 345 3045 431 3110; x_wconf 85' lang='lat' dir='ltr'><strong>qui</strong></span> <span class='ocrx_word' id='word_1_230' title='bbox 462 3044 708 3098; x_wconf 79' lang='lat' dir='ltr'><strong>vixerunt</strong></span> <span class='ocrx_word' id='word_1_231' title='bbox 754 3046 806 3097; x_wconf 91' lang='lat' dir='ltr'><strong>in</strong></span> <span class='ocrx_word' id='word_1_232' title='bbox 858 3060 1067 3098; x_wconf 86' lang='lat' dir='ltr'><strong>summo</strong></span> <span class='ocrx_word' id='word_1_233' title='bbox 1107 3054 1162 3097; x_wconf 86' lang='lat' dir='ltr'><strong>et</strong></span> <span class='ocrx_word' id='word_1_234' title='bbox 1212 3046 1447 3115; x_wconf 84' lang='lat' dir='ltr'><strong>perfecto</strong></span> <span class='ocrx_word' id='word_1_235' title='bbox 1494 3047 1613 3100; x_wconf 72' lang='lat' dir='ltr'><strong>vita:</strong></span> <span class='ocrx_word' id='word_1_236' title='bbox 1670 3044 1909 3100; x_wconf 88' lang='lat' dir='ltr'><strong>instituto</strong></span> 
     </span>
    </p>
   </div>
   <div class='ocr_carea' id='block_1_33' title="bbox 348 3134 1911 3204">
    <p class='ocr_par' dir='ltr' id='par_1_33' title="bbox 348 3134 1911 3204">
     <span class='ocr_line' id='line_1_33' title="bbox 348 3134 1911 3204; baseline 0.001 -18"><span class='ocrx_word' id='word_1_237' title='bbox 348 3134 493 3203; x_wconf 84' lang='lat' dir='ltr'><strong>(Vita</strong></span> <span class='ocrx_word' id='word_1_238' title='bbox 522 3136 631 3204; x_wconf 86' lang='lat' dir='ltr'><strong>ejus</strong></span> <span class='ocrx_word' id='word_1_239' title='bbox 658 3152 831 3203; x_wconf 87' lang='lat' dir='ltr'><strong>supra,</strong></span> <span class='ocrx_word' id='word_1_240' title='bbox 865 3135 902 3190; x_wconf 89' lang='grc' dir='ltr'><strong>ι.</strong></span> <span class='ocrx_word' id='word_1_241' title='bbox 936 3135 996 3203; x_wconf 89' lang='lat' dir='ltr'><strong>i),</strong></span> <span class='ocrx_word' id='word_1_242' title='bbox 1024 3137 1155 3190; x_wconf 85' lang='lat' dir='ltr'><strong>adeo</strong></span> <span class='ocrx_word' id='word_1_243' title='bbox 1184 3145 1239 3188; x_wconf 91' lang='lat' dir='ltr'><strong>ut</strong></span> <span class='ocrx_word' id='word_1_244' title='bbox 1281 3135 1323 3188; x_wconf 91' lang='lat' dir='ltr'><strong>is</strong></span> <span class='ocrx_word' id='word_1_245' title='bbox 1360 3134 1518 3189; x_wconf 87' lang='lat' dir='ltr'><strong>fuerit</strong></span> <span class='ocrx_word' id='word_1_246' title='bbox 1559 3134 1802 3203; x_wconf 88' lang='lat' dir='ltr'><strong>dignatus</strong></span> <span class='ocrx_word' id='word_1_247' title='bbox 1856 3144 1911 3190; x_wconf 91' lang='lat' dir='ltr'><strong>et</strong></span> 
     </span>
    </p>
   </div>
   <div class='ocr_carea' id='block_1_34' title="bbox 2015 605 3586 677">
    <p class='ocr_par' dir='ltr' id='par_1_34' title="bbox 2015 605 3586 677">
     <span class='ocr_line' id='line_1_34' title="bbox 2015 605 3586 677; baseline 0.005 -20"><span class='ocrx_word' id='word_1_248' title='bbox 2015 614 2277 668; x_wconf 78' lang='lat' dir='ltr'><strong>terarum;</strong></span> <span class='ocrx_word' id='word_1_249' title='bbox 2308 606 2659 673; x_wconf 64' lang='lat' dir='ltr'><strong>percepitque</strong></span> <span class='ocrx_word' id='word_1_250' title='bbox 2682 605 2963 675; x_wconf 86' lang='lat' dir='ltr'><strong>unicuique</strong></span> <span class='ocrx_word' id='word_1_251' title='bbox 2989 608 3159 661; x_wconf 84' lang='lat' dir='ltr'><strong>ordini</strong></span> <span class='ocrx_word' id='word_1_252' title='bbox 3186 608 3459 677; x_wconf 81' lang='lat' dir='ltr'><strong>imponere</strong></span> <span class='ocrx_word' id='word_1_253' title='bbox 3491 628 3586 665; x_wconf 50' lang='lat' dir='ltr'><strong>no.</strong></span> 
     </span>
    </p>
   </div>
   <div class='ocr_carea' id='block_1_35' title="bbox 2013 695 3584 768">
    <p class='ocr_par' dir='ltr' id='par_1_35' title="bbox 2013 695 3584 768">
     <span class='ocr_line' id='line_1_35' title="bbox 2013 695 3584 768; baseline 0.004 -20"><span class='ocrx_word' id='word_1_254' title='bbox 2013 711 2132 749; x_wconf 90' lang='lat' dir='ltr'><strong>men</strong></span> <span class='ocrx_word' id='word_1_255' title='bbox 2164 697 2486 750; x_wconf 87' lang='lat' dir='ltr'><strong>elementum</strong></span> <span class='ocrx_word' id='word_1_256' title='bbox 2517 695 2780 761; x_wconf 67' lang='lat' dir='ltr'><strong>Gnaeum,</strong></span> <span class='ocrx_word' id='word_1_257' title='bbox 2829 696 2895 749; x_wconf 92' lang='lat' dir='ltr'><strong>ab</strong></span> <span class='ocrx_word' id='word_1_258' title='bbox 2925 721 2977 761; x_wconf 81' lang='grc' dir='ltr'><em>α,</em></span> <span class='ocrx_word' id='word_1_259' title='bbox 3012 699 3066 768; x_wconf 79' lang='grc' dir='ltr'><strong>β,</strong></span> <span class='ocrx_word' id='word_1_260' title='bbox 3097 706 3150 751; x_wconf 89' lang='lat' dir='ltr'><strong>et</strong></span> <span class='ocrx_word' id='word_1_261' title='bbox 3188 714 3306 767; x_wconf 74' lang='lat' dir='ltr'><strong>quae</strong></span> <span class='ocrx_word' id='word_1_262' title='bbox 3334 699 3584 768; x_wconf 82' lang='lat' dir='ltr'><strong>deinceps</strong></span> 
     </span>
    </p>
   </div>
   <div class='ocr_carea' id='block_1_36' title="bbox 2010 786 3585 854">
    <p class='ocr_par' dir='ltr' id='par_1_36' title="bbox 2010 786 3585 854">
     <span class='ocr_line' id='line_1_36' title="bbox 2010 786 3585 854; baseline 0.006 -18"><span class='ocrx_word' id='word_1_263' title='bbox 2010 796 2321 851; x_wconf 89' lang='lat' dir='ltr'><strong>sequuntur,</strong></span> <span class='ocrx_word' id='word_1_264' title='bbox 2354 801 2520 853; x_wconf 86' lang='lat' dir='ltr'><strong>usque</strong></span> <span class='ocrx_word' id='word_1_265' title='bbox 2552 786 2617 839; x_wconf 91' lang='lat' dir='ltr'><strong>ad</strong></span> <span class='ocrx_word' id='word_1_266' title='bbox 2641 811 2699 853; x_wconf 89' lang='grc' dir='ltr'><strong>ω,</strong></span> <span class='ocrx_word' id='word_1_267' title='bbox 2726 798 2783 839; x_wconf 92' lang='lat' dir='ltr'><strong>ut</strong></span> <span class='ocrx_word' id='word_1_268' title='bbox 2808 788 2933 839; x_wconf 93' lang='lat' dir='ltr'><strong>dum</strong></span> <span class='ocrx_word' id='word_1_269' title='bbox 2964 787 3251 854; x_wconf 87' lang='lat' dir='ltr'><strong>interrogat</strong></span> <span class='ocrx_word' id='word_1_270' title='bbox 3279 789 3585 845; x_wconf 87' lang='lat' dir='ltr'><strong>archiman-</strong></span> 
     </span>
    </p>
   </div>
   <div class='ocr_carea' id='block_1_37' title="bbox 2010 877 3580 944">
    <p class='ocr_par' dir='ltr' id='par_1_37' title="bbox 2010 877 3580 944">
     <span class='ocr_line' id='line_1_37' title="bbox 2010 877 3580 944; baseline 0.003 -15"><span class='ocrx_word' id='word_1_271' title='bbox 2010 877 2146 929; x_wconf 88' lang='lat' dir='ltr'><strong>drita</strong></span> <span class='ocrx_word' id='word_1_272' title='bbox 2176 877 2241 931; x_wconf 92' lang='lat' dir='ltr'><strong>de</strong></span> <span class='ocrx_word' id='word_1_273' title='bbox 2272 877 2446 944; x_wconf 86' lang='lat' dir='ltr'><strong>aliquo</strong></span> <span class='ocrx_word' id='word_1_274' title='bbox 2478 879 2527 931; x_wconf 92' lang='lat' dir='ltr'><strong>in</strong></span> <span class='ocrx_word' id='word_1_275' title='bbox 2562 887 2702 931; x_wconf 91' lang='lat' dir='ltr'><strong>tanta</strong></span> <span class='ocrx_word' id='word_1_276' title='bbox 2733 879 3089 943; x_wconf 88' lang='lat' dir='ltr'><strong>multitudine,</strong></span> <span class='ocrx_word' id='word_1_277' title='bbox 3122 880 3420 934; x_wconf 88' lang='lat' dir='ltr'><strong>sciscitetur</strong></span> <span class='ocrx_word' id='word_1_278' title='bbox 3460 897 3580 934; x_wconf 88' lang='lat' dir='ltr'><strong>eum</strong></span> 
     </span>
    </p>
   </div>
   <div class='ocr_carea' id='block_1_38' title="bbox 2011 966 3583 1035">
    <p class='ocr_par' dir='ltr' id='par_1_38' title="bbox 2011 966 3583 1035">
     <span class='ocr_line' id='line_1_38' title="bbox 2011 966 3583 1035; baseline 0.003 -16"><span class='ocrx_word' id='word_1_279' title='bbox 2011 966 2099 1035; x_wconf 91' lang='lat' dir='ltr'><strong>qui</strong></span> <span class='ocrx_word' id='word_1_280' title='bbox 2131 977 2209 1021; x_wconf 89' lang='lat' dir='ltr'><strong>est</strong></span> <span class='ocrx_word' id='word_1_281' title='bbox 2238 968 2303 1020; x_wconf 85' lang='lat' dir='ltr'><strong>ab</strong></span> <span class='ocrx_word' id='word_1_282' title='bbox 2350 982 2414 1020; x_wconf 92' lang='lat' dir='ltr'><strong>eo</strong></span> <span class='ocrx_word' id='word_1_283' title='bbox 2452 968 2738 1032; x_wconf 89' lang='lat' dir='ltr'><strong>secundus,</strong></span> <span class='ocrx_word' id='word_1_284' title='bbox 2781 968 3048 1035; x_wconf 92' lang='lat' dir='ltr'><strong>quomodo</strong></span> <span class='ocrx_word' id='word_1_285' title='bbox 3077 982 3134 1022; x_wconf 90' lang='lat' dir='ltr'><strong>se</strong></span> <span class='ocrx_word' id='word_1_286' title='bbox 3167 968 3325 1022; x_wconf 83' lang='lat' dir='ltr'><strong>habet</strong></span> <span class='ocrx_word' id='word_1_287' title='bbox 3367 971 3499 1023; x_wconf 92' lang='lat' dir='ltr'><strong>ordo</strong></span> <span class='ocrx_word' id='word_1_288' title='bbox 3527 992 3583 1032; x_wconf 72' lang='lat' dir='ltr'><strong>at,</strong></span> 
     </span>
    </p>
   </div>
   <div class='ocr_carea' id='block_1_39' title="bbox 2012 1058 3583 1139">
    <p class='ocr_par' dir='ltr' id='par_1_39' title="bbox 2012 1058 3583 1139">
     <span class='ocr_line' id='line_1_39' title="bbox 2012 1058 3583 1139; baseline 0.002 -28"><span class='ocrx_word' id='word_1_289' title='bbox 2012 1066 2100 1111; x_wconf 85' lang='lat' dir='ltr'><strong>aut</strong></span> <span class='ocrx_word' id='word_1_290' title='bbox 2126 1059 2391 1126; x_wconf 68' lang='lat' dir='ltr'><strong>quomodo</strong></span> <span class='ocrx_word' id='word_1_291' title='bbox 2435 1072 2495 1111; x_wconf 92' lang='lat' dir='ltr'><strong>se</strong></span> <span class='ocrx_word' id='word_1_292' title='bbox 2544 1058 2703 1111; x_wconf 81' lang='lat' dir='ltr'><strong>habet</strong></span> <span class='ocrx_word' id='word_1_293' title='bbox 2730 1058 2861 1112; x_wconf 92' lang='lat' dir='ltr'><strong>ordo</strong></span> <span class='ocrx_word' id='word_1_294' title='bbox 2891 1060 2944 1129; x_wconf 82' lang='grc' dir='ltr'><strong>β.</strong></span> <span class='ocrx_word' id='word_1_295' title='bbox 2976 1058 3175 1113; x_wconf 80' lang='lat' dir='ltr'><strong>Rursus</strong></span> <span class='ocrx_word' id='word_1_296' title='bbox 3204 1060 3369 1113; x_wconf 90' lang='lat' dir='ltr'><strong>saluta</strong></span> <span class='ocrx_word' id='word_1_297' title='bbox 3413 1084 3463 1139; x_wconf 84' lang='grc' dir='ltr'><strong>ρ,</strong></span> <span class='ocrx_word' id='word_1_298' title='bbox 3496 1075 3583 1114; x_wconf 89' lang='lat' dir='ltr'><strong>se-</strong></span> 
     </span>
    </p>
   </div>
   <div class='ocr_carea' id='block_1_40' title="bbox 2012 1146 3608 1215">
    <p class='ocr_par' dir='ltr' id='par_1_40' title="bbox 2012 1146 3608 1215">
     <span class='ocr_line' id='line_1_40' title="bbox 2012 1146 3608 1215; baseline 0.004 -16"><span class='ocrx_word' id='word_1_299' title='bbox 2012 1146 2222 1213; x_wconf 76' lang='lat' dir='ltr'><strong>quendo</strong></span> <span class='ocrx_word' id='word_1_300' title='bbox 2273 1147 2533 1212; x_wconf 90' lang='lat' dir='ltr'><strong>quoddam</strong></span> <span class='ocrx_word' id='word_1_301' title='bbox 2581 1149 2849 1215; x_wconf 82' lang='lat' dir='ltr'><strong>prOprium</strong></span> <span class='ocrx_word' id='word_1_302' title='bbox 2902 1163 3094 1203; x_wconf 74' lang='lat' dir='ltr'><strong>nowen</strong></span> <span class='ocrx_word' id='word_1_303' title='bbox 3144 1149 3486 1205; x_wconf 90' lang='lat' dir='ltr'><strong>litterarum:</strong></span> <span class='ocrx_word' id='word_1_304' title='bbox 3532 1160 3608 1205; x_wconf 80' lang='lat' dir='ltr'><strong>et&#39;</strong></span> 
     </span>
    </p>
   </div>
   <div class='ocr_carea' id='block_1_41' title="bbox 2012 1233 3579 1308">
    <p class='ocr_par' dir='ltr' id='par_1_41' title="bbox 2012 1233 3579 1308">
     <span class='ocr_line' id='line_1_41' title="bbox 2012 1233 3579 1308; baseline 0.004 -20"><span class='ocrx_word' id='word_1_305' title='bbox 2012 1233 2423 1300; x_wconf 84' lang='lat' dir='ltr'><strong>simplicioribus</strong></span> <span class='ocrx_word' id='word_1_306' title='bbox 2449 1237 2660 1304; x_wconf 89' lang='lat' dir='ltr'><strong>quidem</strong></span> <span class='ocrx_word' id='word_1_307' title='bbox 2687 1247 2739 1290; x_wconf 91' lang='lat' dir='ltr'><strong>et</strong></span> <span class='ocrx_word' id='word_1_308' title='bbox 2780 1237 3159 1293; x_wconf 89' lang='lat' dir='ltr'><strong>sincerioribus</strong></span> <span class='ocrx_word' id='word_1_309' title='bbox 3213 1242 3455 1308; x_wconf 89' lang='lat' dir='ltr'><strong>impones</strong></span> <span class='ocrx_word' id='word_1_310' title='bbox 3484 1257 3579 1295; x_wconf 82' lang='lat' dir='ltr'><strong>no-</strong></span> 
     </span>
    </p>
   </div>
   <div class='ocr_carea' id='block_1_42' title="bbox 2014 1324 3582 1391">
    <p class='ocr_par' dir='ltr' id='par_1_42' title="bbox 2014 1324 3582 1391">
     <span class='ocr_line' id='line_1_42' title="bbox 2014 1324 3582 1391; baseline 0.006 -14"><span class='ocrx_word' id='word_1_311' title='bbox 2014 1338 2134 1377; x_wconf 88' lang='lat' dir='ltr'><strong>men</strong></span> <span class='ocrx_word' id='word_1_312' title='bbox 2164 1339 2199 1388; x_wconf 77' lang='grc' dir='ltr'><strong>ις</strong></span> <span class='ocrx_word' id='word_1_313' title='bbox 2228 1324 2610 1379; x_wconf 69' lang='lat' dir='ltr'><strong>difﬁcilioribus</strong></span> <span class='ocrx_word' id='word_1_314' title='bbox 2631 1337 2804 1379; x_wconf 88' lang='lat' dir='ltr'><strong>autem</strong></span> <span class='ocrx_word' id='word_1_315' title='bbox 2835 1330 2861 1391; x_wconf 89' lang='grc' dir='ltr'>ξ</span> <span class='ocrx_word' id='word_1_316' title='bbox 2891 1345 2903 1378; x_wconf 90' lang='lat'>:</span> <span class='ocrx_word' id='word_1_317' title='bbox 2928 1338 2979 1383; x_wconf 89' lang='lat' dir='ltr'><strong>et</strong></span> <span class='ocrx_word' id='word_1_318' title='bbox 3006 1329 3083 1381; x_wconf 90' lang='lat' dir='ltr'><strong>sic</strong></span> <span class='ocrx_word' id='word_1_319' title='bbox 3105 1331 3481 1385; x_wconf 87' lang='lat' dir='ltr'><strong>convenienter</strong></span> <span class='ocrx_word' id='word_1_320' title='bbox 3503 1333 3582 1386; x_wconf 87' lang='lat' dir='ltr'><strong>in-</strong></span> 
     </span>
    </p>
   </div>
   <div class='ocr_carea' id='block_1_43' title="bbox 2014 1414 3579 1488">
    <p class='ocr_par' dir='ltr' id='par_1_43' title="bbox 2014 1414 3579 1488">
     <span class='ocr_line' id='line_1_43' title="bbox 2014 1414 3579 1488; baseline 0.008 -23"><span class='ocrx_word' id='word_1_321' title='bbox 2014 1414 2215 1467; x_wconf 90' lang='lat' dir='ltr'><strong>stitutis</strong></span> <span class='ocrx_word' id='word_1_322' title='bbox 2260 1428 2441 1468; x_wconf 93' lang='lat' dir='ltr'><strong>eorum</strong></span> <span class='ocrx_word' id='word_1_323' title='bbox 2475 1424 2529 1469; x_wconf 87' lang='lat' dir='ltr'><strong>et</strong></span> <span class='ocrx_word' id='word_1_324' title='bbox 2558 1414 2679 1469; x_wconf 89' lang='lat' dir='ltr'><strong>vitae</strong></span> <span class='ocrx_word' id='word_1_325' title='bbox 2711 1425 2768 1470; x_wconf 92' lang='lat' dir='ltr'><strong>et</strong></span> <span class='ocrx_word' id='word_1_326' title='bbox 2804 1418 3061 1481; x_wconf 89' lang='lat' dir='ltr'><strong>moribus,</strong></span> <span class='ocrx_word' id='word_1_327' title='bbox 3095 1420 3374 1488; x_wconf 84' lang='lat' dir='ltr'><strong>unicuique</strong></span> <span class='ocrx_word' id='word_1_328' title='bbox 3404 1423 3579 1477; x_wconf 90' lang='lat' dir='ltr'><strong>ordini</strong></span> 
     </span>
    </p>
   </div>
   <div class='ocr_carea' id='block_1_44' title="bbox 2013 1502 3583 1579">
    <p class='ocr_par' dir='ltr' id='par_1_44' title="bbox 2013 1502 3583 1579">
     <span class='ocr_line' id='line_1_44' title="bbox 2013 1502 3583 1579; baseline 0.006 -23"><span class='ocrx_word' id='word_1_329' title='bbox 2013 1502 2332 1557; x_wconf 84' lang='lat' dir='ltr'><strong>elementum</strong></span> <span class='ocrx_word' id='word_1_330' title='bbox 2388 1505 2573 1559; x_wconf 74' lang='lat' dir='ltr'><strong>litterae</strong></span> <span class='ocrx_word' id='word_1_331' title='bbox 2604 1507 3064 1573; x_wconf 89' lang='lat' dir='ltr'><strong>accommodabis;</strong></span> <span class='ocrx_word' id='word_1_332' title='bbox 3101 1510 3229 1564; x_wconf 83' lang='lat' dir='ltr'><strong>solis</strong></span> <span class='ocrx_word' id='word_1_333' title='bbox 3258 1511 3583 1579; x_wconf 89' lang='lat' dir='ltr'><strong>spiritalibus</strong></span> 
     </span>
    </p>
   </div>
   <div class='ocr_carea' id='block_1_45' title="bbox 2014 1593 3599 1669">
    <p class='ocr_par' dir='ltr' id='par_1_45' title="bbox 2014 1593 3599 1669">
     <span class='ocr_line' id='line_1_45' title="bbox 2014 1593 3599 1669; baseline 0.008 -24"><span class='ocrx_word' id='word_1_334' title='bbox 2014 1593 2426 1661; x_wconf 87' lang='lat' dir='ltr'><strong>intelligentibus</strong></span> <span class='ocrx_word' id='word_1_335' title='bbox 2450 1609 2510 1649; x_wconf 91' lang='lat' dir='ltr'><strong>ea</strong></span> <span class='ocrx_word' id='word_1_336' title='bbox 2541 1610 2657 1664; x_wconf 66' lang='lat' dir='ltr'><strong>quae</strong></span> <span class='ocrx_word' id='word_1_337' title='bbox 2684 1597 3067 1665; x_wconf 81' lang='lat' dir='ltr'><strong>significantur.</strong></span> <span class='ocrx_word' id='word_1_338' title='bbox 3113 1598 3378 1669; x_wconf 75' lang='lat' dir='ltr'><strong>Scriptum</strong></span> <span class='ocrx_word' id='word_1_339' title='bbox 3406 1613 3599 1657; x_wconf 88' lang='lat' dir='ltr'><strong>autem</strong></span> 
     </span>
    </p>
   </div>
   <div class='ocr_carea' id='block_1_46' title="bbox 2012 1685 3584 1756">
    <p class='ocr_par' dir='ltr' id='par_1_46' title="bbox 2012 1685 3584 1756">
     <span class='ocr_line' id='line_1_46' title="bbox 2012 1685 3584 1756; baseline 0.007 -19"><span class='ocrx_word' id='word_1_340' title='bbox 2012 1692 2128 1737; x_wconf 89' lang='lat' dir='ltr'><strong>erat</strong></span> <span class='ocrx_word' id='word_1_341' title='bbox 2157 1685 2208 1736; x_wconf 89' lang='lat' dir='ltr'><strong>in</strong></span> <span class='ocrx_word' id='word_1_342' title='bbox 2238 1685 2411 1738; x_wconf 88' lang='lat' dir='ltr'><strong>tabula</strong></span> <span class='ocrx_word' id='word_1_343' title='bbox 2439 1703 2453 1739; x_wconf 92' lang='lat'>:</span> <span class='ocrx_word' id='word_1_344' title='bbox 2504 1686 2559 1741; x_wconf 92' lang='lat' dir='ltr'><strong>Si</strong></span> <span class='ocrx_word' id='word_1_345' title='bbox 2596 1688 2801 1742; x_wconf 82' lang='lat' dir='ltr'><strong>venerit</strong></span> <span class='ocrx_word' id='word_1_346' title='bbox 2844 1692 3035 1756; x_wconf 83' lang='lat' dir='ltr'><strong>hospes</strong></span> <span class='ocrx_word' id='word_1_347' title='bbox 3071 1691 3288 1747; x_wconf 88' lang='lat' dir='ltr'><strong>alterius</strong></span> <span class='ocrx_word' id='word_1_348' title='bbox 3319 1704 3584 1748; x_wconf 66' lang='lat' dir='ltr'><strong>monaste«</strong></span> 
     </span>
    </p>
   </div>
   <div class='ocr_carea' id='block_1_47' title="bbox 2014 1773 3597 1843">
    <p class='ocr_par' dir='ltr' id='par_1_47' title="bbox 2014 1773 3597 1843">
     <span class='ocr_line' id='line_1_47' title="bbox 2014 1773 3597 1843; baseline 0.008 -18"><span class='ocrx_word' id='word_1_349' title='bbox 2014 1773 2099 1837; x_wconf 90' lang='lat' dir='ltr'><strong>rii,</strong></span> <span class='ocrx_word' id='word_1_350' title='bbox 2128 1776 2265 1842; x_wconf 89' lang='lat' dir='ltr'><strong>quod</strong></span> <span class='ocrx_word' id='word_1_351' title='bbox 2300 1777 2457 1831; x_wconf 89' lang='lat' dir='ltr'><strong>habet</strong></span> <span class='ocrx_word' id='word_1_352' title='bbox 2493 1778 2647 1831; x_wconf 86' lang='lat' dir='ltr'><strong>aliam</strong></span> <span class='ocrx_word' id='word_1_353' title='bbox 2679 1778 2924 1843; x_wconf 69' lang='lat' dir='ltr'><strong>formam,</strong></span> <span class='ocrx_word' id='word_1_354' title='bbox 2956 1796 3074 1835; x_wconf 91' lang='lat' dir='ltr'><strong>cum</strong></span> <span class='ocrx_word' id='word_1_355' title='bbox 3106 1785 3183 1836; x_wconf 91' lang='lat' dir='ltr'><strong>eis</strong></span> <span class='ocrx_word' id='word_1_356' title='bbox 3218 1800 3314 1837; x_wconf 89' lang='lat' dir='ltr'><strong>nec</strong></span> <span class='ocrx_word' id='word_1_357' title='bbox 3338 1786 3597 1839; x_wconf 59' lang='lat' dir='ltr'><strong>comedat</strong></span> 
     </span>
    </p>
   </div>
   <div class='ocr_carea' id='block_1_48' title="bbox 1945 1858 3584 1936">
    <p class='ocr_par' dir='ltr' id='par_1_48' title="bbox 1945 1858 3584 1936">
     <span class='ocr_line' id='line_1_48' title="bbox 1945 1858 3584 1936; baseline 0.009 -20"><span class='ocrx_word' id='word_1_358' title='bbox 1945 1858 1992 1916; x_wconf 88' lang='lat' dir='ltr'><strong>B</strong></span> <span class='ocrx_word' id='word_1_359' title='bbox 2021 1879 2117 1918; x_wconf 89' lang='lat' dir='ltr'><strong>nec</strong></span> <span class='ocrx_word' id='word_1_360' title='bbox 2150 1865 2314 1928; x_wconf 86' lang='lat' dir='ltr'><strong>bibat,</strong></span> <span class='ocrx_word' id='word_1_361' title='bbox 2356 1876 2411 1921; x_wconf 90' lang='lat' dir='ltr'><strong>et</strong></span> <span class='ocrx_word' id='word_1_362' title='bbox 2455 1883 2552 1921; x_wconf 90' lang='lat' dir='ltr'><strong>nec</strong></span> <span class='ocrx_word' id='word_1_363' title='bbox 2582 1869 2909 1936; x_wconf 81' lang='lat' dir='ltr'><strong>ingrediatur</strong></span> <span class='ocrx_word' id='word_1_364' title='bbox 2954 1873 3004 1923; x_wconf 93' lang='lat' dir='ltr'><strong>in</strong></span> <span class='ocrx_word' id='word_1_365' title='bbox 3052 1875 3450 1936; x_wconf 88' lang='lat' dir='ltr'><strong>monasterium,</strong></span> <span class='ocrx_word' id='word_1_366' title='bbox 3485 1876 3584 1930; x_wconf 80' lang='lat' dir='ltr'><strong>nisi</strong></span> 
     </span>
    </p>
   </div>
   <div class='ocr_carea' id='block_1_49' title="bbox 2016 1952 3584 2031">
    <p class='ocr_par' dir='ltr' id='par_1_49' title="bbox 2016 1952 3584 2031">
     <span class='ocr_line' id='line_1_49' title="bbox 2016 1952 3584 2031; baseline 0.009 -27"><span class='ocrx_word' id='word_1_367' title='bbox 2016 1952 2175 2007; x_wconf 89' lang='lat' dir='ltr'><strong>fuerit</strong></span> <span class='ocrx_word' id='word_1_368' title='bbox 2203 1954 2448 2009; x_wconf 89' lang='lat' dir='ltr'><strong>inventus</strong></span> <span class='ocrx_word' id='word_1_369' title='bbox 2473 1956 2523 2009; x_wconf 92' lang='lat' dir='ltr'><strong>in</strong></span> <span class='ocrx_word' id='word_1_370' title='bbox 2554 1956 2658 2010; x_wconf 89' lang='lat' dir='ltr'><strong>via.</strong></span> <span class='ocrx_word' id='word_1_371' title='bbox 2690 1957 2851 2011; x_wconf 88' lang='lat' dir='ltr'><strong>Porro</strong></span> <span class='ocrx_word' id='word_1_372' title='bbox 2883 1974 3004 2013; x_wconf 84' lang='lat' dir='ltr'><strong>eum</strong></span> <span class='ocrx_word' id='word_1_373' title='bbox 3036 1962 3123 2028; x_wconf 91' lang='lat' dir='ltr'><strong>qui</strong></span> <span class='ocrx_word' id='word_1_374' title='bbox 3166 1963 3328 2016; x_wconf 89' lang='lat' dir='ltr'><strong>semel</strong></span> <span class='ocrx_word' id='word_1_375' title='bbox 3358 1964 3584 2031; x_wconf 84' lang='lat' dir='ltr'><strong>ingredi-</strong></span> 
     </span>
    </p>
   </div>
   <div class='ocr_carea' id='block_1_50' title="bbox 2018 2049 3584 2113">
    <p class='ocr_par' dir='ltr' id='par_1_50' title="bbox 2018 2049 3584 2113">
     <span class='ocr_line' id='line_1_50' title="bbox 2018 2049 3584 2113; baseline 0.007 -18"><span class='ocrx_word' id='word_1_376' title='bbox 2018 2050 2123 2102; x_wconf 88' lang='lat' dir='ltr'><strong>tur.</strong></span> <span class='ocrx_word' id='word_1_377' title='bbox 2150 2060 2248 2098; x_wconf 89' lang='lat' dir='ltr'><strong>nec</strong></span> <span class='ocrx_word' id='word_1_378' title='bbox 2292 2055 2465 2113; x_wconf 89' lang='lat' dir='ltr'><strong>potest</strong></span> <span class='ocrx_word' id='word_1_379' title='bbox 2492 2060 2608 2099; x_wconf 89' lang='lat' dir='ltr'><strong>cum</strong></span> <span class='ocrx_word' id='word_1_380' title='bbox 2641 2049 2719 2102; x_wconf 92' lang='lat' dir='ltr'><strong>eis</strong></span> <span class='ocrx_word' id='word_1_381' title='bbox 2748 2050 2813 2102; x_wconf 92' lang='lat' dir='ltr'><strong>ad</strong></span> <span class='ocrx_word' id='word_1_382' title='bbox 2846 2050 3130 2104; x_wconf 88' lang='lat' dir='ltr'><strong>triennium</strong></span> <span class='ocrx_word' id='word_1_383' title='bbox 3177 2053 3440 2105; x_wconf 87' lang='lat' dir='ltr'><strong>sustinere</strong></span> <span class='ocrx_word' id='word_1_384' title='bbox 3470 2068 3584 2106; x_wconf 88' lang='lat' dir='ltr'><strong>cer-</strong></span> 
     </span>
    </p>
   </div>
   <div class='ocr_carea' id='block_1_51' title="bbox 2019 2135 3583 2205">
    <p class='ocr_par' dir='ltr' id='par_1_51' title="bbox 2019 2135 3583 2205">
     <span class='ocr_line' id='line_1_51' title="bbox 2019 2135 3583 2205; baseline 0.006 -19"><span class='ocrx_word' id='word_1_385' title='bbox 2019 2141 2215 2198; x_wconf 88' lang='lat' dir='ltr'><strong>tamen,</strong></span> <span class='ocrx_word' id='word_1_386' title='bbox 2249 2148 2351 2187; x_wconf 89' lang='lat' dir='ltr'><strong>non</strong></span> <span class='ocrx_word' id='word_1_387' title='bbox 2376 2135 2652 2199; x_wconf 81' lang='lat' dir='ltr'><strong>admittes;</strong></span> <span class='ocrx_word' id='word_1_388' title='bbox 2680 2138 2774 2191; x_wconf 88' lang='lat' dir='ltr'><strong>sed</strong></span> <span class='ocrx_word' id='word_1_389' title='bbox 2816 2154 2935 2191; x_wconf 82' lang='lat' dir='ltr'><strong>cum</strong></span> <span class='ocrx_word' id='word_1_390' title='bbox 2986 2154 3145 2205; x_wconf 80' lang='lat' dir='ltr'><strong>opera</strong></span> <span class='ocrx_word' id='word_1_391' title='bbox 3194 2140 3583 2195; x_wconf 83' lang='lat' dir='ltr'><strong>feceritdiffici-</strong></span> 
     </span>
    </p>
   </div>
   <div class='ocr_carea' id='block_1_52' title="bbox 2017 2223 3584 2298">
    <p class='ocr_par' dir='ltr' id='par_1_52' title="bbox 2017 2223 3584 2298">
     <span class='ocr_line' id='line_1_52' title="bbox 2017 2223 3584 2298; baseline 0.006 -21"><span class='ocrx_word' id='word_1_392' title='bbox 2017 2223 2167 2289; x_wconf 79' lang='lat' dir='ltr'><strong>liora,</strong></span> <span class='ocrx_word' id='word_1_393' title='bbox 2203 2226 2281 2279; x_wconf 91' lang='lat' dir='ltr'><strong>sic</strong></span> <span class='ocrx_word' id='word_1_394' title='bbox 2314 2226 2531 2294; x_wconf 86' lang='lat' dir='ltr'><strong>prodeat</strong></span> <span class='ocrx_word' id='word_1_395' title='bbox 2579 2229 2628 2280; x_wconf 91' lang='lat' dir='ltr'><strong>in</strong></span> <span class='ocrx_word' id='word_1_396' title='bbox 2657 2229 2881 2281; x_wconf 89' lang='lat' dir='ltr'><strong>stadium</strong></span> <span class='ocrx_word' id='word_1_397' title='bbox 2918 2239 3035 2298; x_wconf 86' lang='lat' dir='ltr'><strong>post</strong></span> <span class='ocrx_word' id='word_1_398' title='bbox 3064 2230 3363 2285; x_wconf 86' lang='lat' dir='ltr'><strong>triennium.</strong></span> <span class='ocrx_word' id='word_1_399' title='bbox 3397 2232 3584 2287; x_wconf 83' lang='lat' dir='ltr'><strong>Come-</strong></span> 
     </span>
    </p>
   </div>
   <div class='ocr_carea' id='block_1_53' title="bbox 2016 2314 3595 2384">
    <p class='ocr_par' dir='ltr' id='par_1_53' title="bbox 2016 2314 3595 2384">
     <span class='ocr_line' id='line_1_53' title="bbox 2016 2314 3595 2384; baseline 0.005 -15"><span class='ocrx_word' id='word_1_400' title='bbox 2016 2314 2203 2369; x_wconf 89' lang='lat' dir='ltr'><strong>dentes</strong></span> <span class='ocrx_word' id='word_1_401' title='bbox 2230 2326 2403 2370; x_wconf 90' lang='lat' dir='ltr'><strong>autem</strong></span> <span class='ocrx_word' id='word_1_402' title='bbox 2434 2319 2612 2371; x_wconf 70' lang='lat' dir='ltr'><strong>vtelent</strong></span> <span class='ocrx_word' id='word_1_403' title='bbox 2657 2321 2825 2381; x_wconf 85' lang='lat' dir='ltr'><strong>capita</strong></span> <span class='ocrx_word' id='word_1_404' title='bbox 2871 2322 3109 2384; x_wconf 73' lang='lat' dir='ltr'><strong>cucullis,</strong></span> <span class='ocrx_word' id='word_1_405' title='bbox 3159 2339 3223 2375; x_wconf 85' lang='lat' dir='ltr'><strong>ne</strong></span> <span class='ocrx_word' id='word_1_406' title='bbox 3279 2322 3443 2377; x_wconf 57' lang='lat' dir='ltr'><strong>frater</strong></span> <span class='ocrx_word' id='word_1_407' title='bbox 3483 2324 3595 2377; x_wconf 62' lang='grc' dir='ltr'><strong>[τοι</strong></span> 
     </span>
    </p>
   </div>
   <div class='ocr_carea' id='block_1_54' title="bbox 2016 2405 3579 2482">
    <p class='ocr_par' dir='ltr' id='par_1_54' title="bbox 2016 2405 3579 2482">
     <span class='ocr_line' id='line_1_54' title="bbox 2016 2405 3579 2482; baseline 0.006 -24"><span class='ocrx_word' id='word_1_408' title='bbox 2016 2416 2147 2458; x_wconf 90' lang='lat' dir='ltr'><strong>trem</strong></span> <span class='ocrx_word' id='word_1_409' title='bbox 2186 2405 2360 2458; x_wconf 88' lang='lat' dir='ltr'><strong>videat</strong></span> <span class='ocrx_word' id='word_1_410' title='bbox 2391 2408 2749 2462; x_wconf 74' lang='lat' dir='ltr'><strong>mandentem.</strong></span> <span class='ocrx_word' id='word_1_411' title='bbox 2780 2410 3087 2463; x_wconf 83' lang='lat' dir='ltr'><strong>Comedenti</strong></span> <span class='ocrx_word' id='word_1_412' title='bbox 3132 2428 3235 2464; x_wconf 70' lang='lat' dir='ltr'><strong>non</strong></span> <span class='ocrx_word' id='word_1_413' title='bbox 3268 2412 3386 2466; x_wconf 85' lang='lat' dir='ltr'><strong>licet</strong></span> <span class='ocrx_word' id='word_1_414' title='bbox 3417 2413 3579 2482; x_wconf 87' lang='lat' dir='ltr'><strong>loqui,</strong></span> 
     </span>
    </p>
   </div>
   <div class='ocr_carea' id='block_1_55' title="bbox 2015 2499 3581 2571">
    <p class='ocr_par' dir='ltr' id='par_1_55' title="bbox 2015 2499 3581 2571">
     <span class='ocr_line' id='line_1_55' title="bbox 2015 2499 3581 2571; baseline 0.007 -22"><span class='ocrx_word' id='word_1_415' title='bbox 2015 2510 2112 2550; x_wconf 89' lang='lat' dir='ltr'><strong>nec</strong></span> <span class='ocrx_word' id='word_1_416' title='bbox 2132 2507 2277 2549; x_wconf 77' lang='lat' dir='ltr'><strong>extra</strong></span> <span class='ocrx_word' id='word_1_417' title='bbox 2308 2499 2562 2564; x_wconf 91' lang='lat' dir='ltr'><strong>quadram</strong></span> <span class='ocrx_word' id='word_1_418' title='bbox 2594 2508 2647 2552; x_wconf 91' lang='lat' dir='ltr'><strong>et</strong></span> <span class='ocrx_word' id='word_1_419' title='bbox 2693 2515 2929 2555; x_wconf 90' lang='lat' dir='ltr'><strong>mensam</strong></span> <span class='ocrx_word' id='word_1_420' title='bbox 2978 2518 3197 2571; x_wconf 89' lang='lat' dir='ltr'><strong>usquam</strong></span> <span class='ocrx_word' id='word_1_421' title='bbox 3248 2506 3351 2558; x_wconf 93' lang='lat' dir='ltr'><strong>alio</strong></span> <span class='ocrx_word' id='word_1_422' title='bbox 3400 2507 3581 2560; x_wconf 80' lang='lat' dir='ltr'><strong>oculos</strong></span> 
     </span>
    </p>
   </div>
   <div class='ocr_carea' id='block_1_56' title="bbox 2012 2585 3581 2659">
    <p class='ocr_par' dir='ltr' id='par_1_56' title="bbox 2012 2585 3581 2659">
     <span class='ocr_line' id='line_1_56' title="bbox 2012 2585 3581 2659; baseline 0.009 -21"><span class='ocrx_word' id='word_1_423' title='bbox 2012 2596 2342 2639; x_wconf 87' lang='lat' dir='ltr'><strong>convertere.</strong></span> <span class='ocrx_word' id='word_1_424' title='bbox 2375 2585 2655 2641; x_wconf 82' lang='lat' dir='ltr'><strong>Constituit</strong></span> <span class='ocrx_word' id='word_1_425' title='bbox 2683 2598 2857 2643; x_wconf 91' lang='lat' dir='ltr'><strong>autem</strong></span> <span class='ocrx_word' id='word_1_426' title='bbox 2882 2600 2937 2643; x_wconf 89' lang='lat' dir='ltr'><strong>ut</strong></span> <span class='ocrx_word' id='word_1_427' title='bbox 2969 2607 3062 2659; x_wconf 88' lang='lat' dir='ltr'><strong>per</strong></span> <span class='ocrx_word' id='word_1_428' title='bbox 3085 2602 3247 2647; x_wconf 89' lang='lat' dir='ltr'><strong>totum</strong></span> <span class='ocrx_word' id='word_1_429' title='bbox 3270 2594 3409 2649; x_wconf 89' lang='lat' dir='ltr'><strong>diem</strong></span> <span class='ocrx_word' id='word_1_430' title='bbox 3442 2596 3581 2652; x_wconf 53' lang='lat' dir='ltr'><strong>face.</strong></span> 
     </span>
    </p>
   </div>
   <div class='ocr_carea' id='block_1_57' title="bbox 2014 2675 3557 2752">
    <p class='ocr_par' dir='ltr' id='par_1_57' title="bbox 2014 2675 3557 2752">
     <span class='ocr_line' id='line_1_57' title="bbox 2014 2675 3557 2752; baseline 0.009 -23"><span class='ocrx_word' id='word_1_431' title='bbox 2014 2683 2134 2729; x_wconf 89' lang='lat' dir='ltr'><strong>rent</strong></span> <span class='ocrx_word' id='word_1_432' title='bbox 2163 2675 2444 2728; x_wconf 89' lang='lat' dir='ltr'><strong>duodecint</strong></span> <span class='ocrx_word' id='word_1_433' title='bbox 2485 2677 2771 2744; x_wconf 87' lang='lat' dir='ltr'><strong>orationes,</strong></span> <span class='ocrx_word' id='word_1_434' title='bbox 2805 2690 2857 2734; x_wconf 91' lang='lat' dir='ltr'><strong>et</strong></span> <span class='ocrx_word' id='word_1_435' title='bbox 2883 2695 3000 2735; x_wconf 91' lang='lat' dir='ltr'><strong>cum</strong></span> <span class='ocrx_word' id='word_1_436' title='bbox 3033 2682 3097 2735; x_wconf 91' lang='lat' dir='ltr'><strong>ad</strong></span> <span class='ocrx_word' id='word_1_437' title='bbox 3126 2688 3481 2752; x_wconf 80' lang='lat' dir='ltr'><strong>vespertinum</strong></span> <span class='ocrx_word' id='word_1_438' title='bbox 3508 2691 3557 2743; x_wconf 85' lang='lat' dir='ltr'><strong>lu</strong></span> 
     </span>
    </p>
   </div>
   <div class='ocr_carea' id='block_1_58' title="bbox 2012 2763 3578 2845">
    <p class='ocr_par' dir='ltr' id='par_1_58' title="bbox 2012 2763 3578 2845">
     <span class='ocr_line' id='line_1_58' title="bbox 2012 2763 3578 2845; baseline 0.009 -27"><span class='ocrx_word' id='word_1_439' title='bbox 2012 2778 2134 2819; x_wconf 89' lang='lat' dir='ltr'><strong>men</strong></span> <span class='ocrx_word' id='word_1_440' title='bbox 2160 2763 2275 2833; x_wconf 82' lang='lat'><strong>(79)</strong></span> <span class='ocrx_word' id='word_1_441' title='bbox 2300 2764 2561 2830; x_wconf 86' lang='lat' dir='ltr'><strong>venirent,</strong></span> <span class='ocrx_word' id='word_1_442' title='bbox 2596 2778 2644 2821; x_wconf 90' lang='lat' dir='ltr'><strong>et</strong></span> <span class='ocrx_word' id='word_1_443' title='bbox 2675 2769 2725 2822; x_wconf 92' lang='lat' dir='ltr'><strong>in</strong></span> <span class='ocrx_word' id='word_1_444' title='bbox 2768 2770 3040 2823; x_wconf 90' lang='lat' dir='ltr'><strong>nocturnis</strong></span> <span class='ocrx_word' id='word_1_445' title='bbox 3071 2774 3256 2841; x_wconf 86' lang='lat' dir='ltr'><strong>vigiliis</strong></span> <span class='ocrx_word' id='word_1_446' title='bbox 3279 2776 3578 2845; x_wconf 74' lang='lat' dir='ltr'><strong>duodecim,</strong></span> 
     </span>
    </p>
   </div>
   <div class='ocr_carea' id='block_1_59' title="bbox 2013 2857 3578 2928">
    <p class='ocr_par' dir='ltr' id='par_1_59' title="bbox 2013 2857 3578 2928">
     <span class='ocr_line' id='line_1_59' title="bbox 2013 2857 3578 2928; baseline 0.01 -21"><span class='ocrx_word' id='word_1_447' title='bbox 2013 2863 2068 2907; x_wconf 91' lang='lat' dir='ltr'><strong>et</strong></span> <span class='ocrx_word' id='word_1_448' title='bbox 2160 2857 2296 2912; x_wconf 90' lang='lat' dir='ltr'><strong>hora</strong></span> <span class='ocrx_word' id='word_1_449' title='bbox 2382 2870 2527 2913; x_wconf 90' lang='lat' dir='ltr'><strong>nona</strong></span> <span class='ocrx_word' id='word_1_450' title='bbox 2616 2865 2745 2914; x_wconf 87' lang='lat' dir='ltr'><strong>tres.</strong></span> <span class='ocrx_word' id='word_1_451' title='bbox 2832 2861 3053 2928; x_wconf 82' lang='lat' dir='ltr'><strong>Quando</strong></span> <span class='ocrx_word' id='word_1_452' title='bbox 3103 2873 3276 2918; x_wconf 74' lang='lat' dir='ltr'><strong>autem</strong></span> <span class='ocrx_word' id='word_1_453' title='bbox 3313 2867 3578 2923; x_wconf 87' lang='lat' dir='ltr'><strong>videretur</strong></span> 
     </span>
    </p>
   </div>
   <div class='ocr_carea' id='block_1_60' title="bbox 2012 2942 3583 3017">
    <p class='ocr_par' dir='ltr' id='par_1_60' title="bbox 2012 2942 3583 3017">
     <span class='ocr_line' id='line_1_60' title="bbox 2012 2942 3583 3017; baseline 0.01 -20"><span class='ocrx_word' id='word_1_454' title='bbox 2012 2942 2394 2999; x_wconf 90' lang='lat' dir='ltr'><strong>comedendum</strong></span> <span class='ocrx_word' id='word_1_455' title='bbox 2424 2960 2542 3001; x_wconf 89' lang='lat' dir='ltr'><strong>esse</strong></span> <span class='ocrx_word' id='word_1_456' title='bbox 2590 2948 2934 3017; x_wconf 91' lang='lat' dir='ltr'><strong>multitudini,</strong></span> <span class='ocrx_word' id='word_1_457' title='bbox 2990 2955 3265 3007; x_wconf 91' lang='lat' dir='ltr'><strong>constituit</strong></span> <span class='ocrx_word' id='word_1_458' title='bbox 3315 2964 3368 3011; x_wconf 85' lang='lat' dir='ltr'><strong>ut</strong></span> <span class='ocrx_word' id='word_1_459' title='bbox 3420 2973 3583 3012; x_wconf 90' lang='lat' dir='ltr'><strong>unus-</strong></span> 
     </span>
    </p>
   </div>
   <div class='ocr_carea' id='block_1_61' title="bbox 2012 3032 3577 3115">
    <p class='ocr_par' dir='ltr' id='par_1_61' title="bbox 2012 3032 3577 3115">
     <span class='ocr_line' id='line_1_61' title="bbox 2012 3032 3577 3115; baseline 0.013 -32"><span class='ocrx_word' id='word_1_460' title='bbox 2012 3032 2236 3101; x_wconf 91' lang='lat' dir='ltr'><strong>quisque</strong></span> <span class='ocrx_word' id='word_1_461' title='bbox 2266 3035 2396 3087; x_wconf 90' lang='lat' dir='ltr'><strong>ordo</strong></span> <span class='ocrx_word' id='word_1_462' title='bbox 2426 3037 2478 3089; x_wconf 93' lang='lat' dir='ltr'><strong>in</strong></span> <span class='ocrx_word' id='word_1_463' title='bbox 2509 3052 2822 3106; x_wconf 87' lang='lat' dir='ltr'><strong>unaquaque</strong></span> <span class='ocrx_word' id='word_1_464' title='bbox 2859 3042 3097 3097; x_wconf 89' lang='lat' dir='ltr'><strong>oratione</strong></span> <span class='ocrx_word' id='word_1_465' title='bbox 3142 3046 3399 3112; x_wconf 81' lang='lat' dir='ltr'><strong>psalmum</strong></span> <span class='ocrx_word' id='word_1_466' title='bbox 3430 3050 3577 3115; x_wconf 89' lang='lat' dir='ltr'><strong>prius</strong></span> 
     </span>
    </p>
   </div>
   <div class='ocr_carea' id='block_1_62' title="bbox 2011 3122 3581 3197">
    <p class='ocr_par' dir='ltr' id='par_1_62' title="bbox 2011 3122 3581 3197">
     <span class='ocr_line' id='line_1_62' title="bbox 2011 3122 3581 3197; baseline 0.01 -21"><span class='ocrx_word' id='word_1_467' title='bbox 2011 3132 2248 3177; x_wconf 89' lang='lat' dir='ltr'><strong>caneret.</strong></span> <span class='ocrx_word' id='word_1_468' title='bbox 2278 3122 2408 3177; x_wconf 90' lang='lat' dir='ltr'><strong>Cum</strong></span> <span class='ocrx_word' id='word_1_469' title='bbox 2448 3134 2624 3180; x_wconf 90' lang='lat' dir='ltr'><strong>autem</strong></span> <span class='ocrx_word' id='word_1_470' title='bbox 2657 3143 2876 3197; x_wconf 87' lang='lat' dir='ltr'><strong>magnus</strong></span> <span class='ocrx_word' id='word_1_471' title='bbox 2923 3131 3234 3188; x_wconf 84' lang='lat' dir='ltr'><strong>Pachomius</strong></span> <span class='ocrx_word' id='word_1_472' title='bbox 3262 3148 3444 3191; x_wconf 88' lang='lat' dir='ltr'><strong>contra</strong></span> <span class='ocrx_word' id='word_1_473' title='bbox 3486 3155 3581 3192; x_wconf 77' lang='lat' dir='ltr'><strong>an~</strong></span> 
     </span>
    </p>
   </div>
   <div class='ocr_carea' id='block_1_63' title="bbox 346 3209 3581 3301">
    <p class='ocr_par' dir='ltr' id='par_1_63' title="bbox 346 3209 3581 3301">
     <span class='ocr_line' id='line_1_63' title="bbox 346 3209 3581 3301; baseline 0.003 -25"><span class='ocrx_word' id='word_1_474' title='bbox 346 3224 636 3277; x_wconf 86' lang='lat' dir='ltr'><strong>futurorum</strong></span> <span class='ocrx_word' id='word_1_475' title='bbox 678 3223 1105 3293; x_wconf 68' lang='lat' dir='ltr'><strong>praedictionibus</strong></span> <span class='ocrx_word' id='word_1_476' title='bbox 1141 3234 1195 3279; x_wconf 88' lang='lat' dir='ltr'><strong>et</strong></span> <span class='ocrx_word' id='word_1_477' title='bbox 1224 3226 1473 3294; x_wconf 83' lang='lat' dir='ltr'><strong>angelicis</strong></span> <span class='ocrx_word' id='word_1_478' title='bbox 1504 3226 1810 3279; x_wconf 76' lang='lat' dir='ltr'><strong>visionibus.</strong></span> <span class='ocrx_word' id='word_1_479' title='bbox 1861 3226 1909 3280; x_wconf 87' lang='lat' dir='ltr'><strong>Is</strong></span> <span class='ocrx_word' id='word_1_480' title='bbox 1936 3209 1979 3272; x_wconf 69' lang='grc' dir='ltr'>Ο</span> <span class='ocrx_word' id='word_1_481' title='bbox 2010 3213 2182 3280; x_wconf 63' lang='lat' dir='ltr'><strong>Schll&quot;</strong></span> <span class='ocrx_word' id='word_1_482' title='bbox 2213 3214 2411 3268; x_wconf 69' lang='grc' dir='ltr'><strong>(Ῐίεετιει</strong></span> <span class='ocrx_word' id='word_1_483' title='bbox 2449 3231 2567 3271; x_wconf 65' lang='lat' dir='ltr'><strong>esse</strong></span> <span class='ocrx_word' id='word_1_484' title='bbox 2607 3232 2798 3286; x_wconf 66' lang='lat' dir='ltr'><strong>Paucas</strong></span> <span class='ocrx_word' id='word_1_485' title='bbox 2820 3224 3116 3299; x_wconf 68' lang='lat' dir='ltr'><strong>orationes,</strong></span> <span class='ocrx_word' id='word_1_486' title='bbox 3149 3227 3197 3280; x_wconf 77' lang='lat' dir='ltr'><strong>ei</strong></span> <span class='ocrx_word' id='word_1_487' title='bbox 3250 3227 3372 3281; x_wconf 68' lang='lat' dir='ltr'><strong>diei!</strong></span> <span class='ocrx_word' id='word_1_488' title='bbox 3415 3244 3581 3301; x_wconf 84' lang='lat' dir='ltr'><strong>ange-</strong></span> 
     </span>
    </p>
   </div>
   <div class='ocr_carea' id='block_1_64' title="bbox 349 3316 1909 3386">
    <p class='ocr_par' dir='ltr' id='par_1_64' title="bbox 349 3316 1909 3386">
     <span class='ocr_line' id='line_1_64' title="bbox 349 3316 1909 3386; baseline 0.002 -19"><span class='ocrx_word' id='word_1_489' title='bbox 349 3316 446 3368; x_wconf 87' lang='lat' dir='ltr'><strong>Iuit</strong></span> <span class='ocrx_word' id='word_1_490' title='bbox 472 3316 621 3369; x_wconf 87' lang='lat' dir='ltr'><strong>valde</strong></span> <span class='ocrx_word' id='word_1_491' title='bbox 658 3331 843 3369; x_wconf 88' lang='lat' dir='ltr'><strong>amans</strong></span> <span class='ocrx_word' id='word_1_492' title='bbox 893 3330 1201 3384; x_wconf 89' lang='lat' dir='ltr'><strong>pauperum,</strong></span> <span class='ocrx_word' id='word_1_493' title='bbox 1234 3327 1285 3371; x_wconf 90' lang='lat' dir='ltr'><strong>et</strong></span> <span class='ocrx_word' id='word_1_494' title='bbox 1335 3333 1522 3386; x_wconf 90' lang='lat' dir='ltr'><strong>magna</strong></span> <span class='ocrx_word' id='word_1_495' title='bbox 1555 3317 1810 3371; x_wconf 90' lang='lat' dir='ltr'><strong>charitate</strong></span> <span class='ocrx_word' id='word_1_496' title='bbox 1858 3318 1909 3370; x_wconf 92' lang='lat' dir='ltr'><strong>in</strong></span> 
     </span>
    </p>
   </div>
   <div class='ocr_carea' id='block_1_65' title="bbox 345 3399 1910 3475">
    <p class='ocr_par' dir='ltr' id='par_1_65' title="bbox 345 3399 1910 3475">
     <span class='ocr_line' id='line_1_65' title="bbox 345 3399 1910 3475; baseline 0.003 -18"><span class='ocrx_word' id='word_1_497' title='bbox 345 3399 609 3459; x_wconf 87' lang='lat' dir='ltr'><strong>homines.</strong></span> <span class='ocrx_word' id='word_1_498' title='bbox 635 3405 712 3459; x_wconf 84' lang='lat' dir='ltr'><strong>Eo</strong></span> <span class='ocrx_word' id='word_1_499' title='bbox 735 3420 861 3475; x_wconf 86' lang='lat' dir='ltr'><strong>ergo</strong></span> <span class='ocrx_word' id='word_1_500' title='bbox 883 3407 1100 3461; x_wconf 86' lang='lat' dir='ltr'><strong>sedente</strong></span> <span class='ocrx_word' id='word_1_501' title='bbox 1118 3410 1166 3460; x_wconf 88' lang='lat' dir='ltr'><strong>in</strong></span> <span class='ocrx_word' id='word_1_502' title='bbox 1191 3409 1288 3463; x_wconf 87' lang='lat' dir='ltr'><strong>hae</strong></span> <span class='ocrx_word' id='word_1_503' title='bbox 1310 3410 1576 3475; x_wconf 87' lang='lat' dir='ltr'><strong>spelunca,</strong></span> <span class='ocrx_word' id='word_1_504' title='bbox 1608 3410 1748 3462; x_wconf 75' lang='lat' dir='ltr'><strong>vi~us</strong></span> <span class='ocrx_word' id='word_1_505' title='bbox 1762 3417 1843 3462; x_wconf 87' lang='lat' dir='ltr'><strong>est</strong></span> <span class='ocrx_word' id='word_1_506' title='bbox 1863 3410 1910 3462; x_wconf 90' lang='lat' dir='ltr'><strong>ei</strong></span> 
     </span>
    </p>
   </div>
   <div class='ocr_carea' id='block_1_66' title="bbox 346 3495 1910 3567">
    <p class='ocr_par' dir='ltr' id='par_1_66' title="bbox 346 3495 1910 3567">
     <span class='ocr_line' id='line_1_66' title="bbox 346 3495 1910 3567; baseline 0.004 -21"><span class='ocrx_word' id='word_1_507' title='bbox 346 3495 565 3563; x_wconf 82' lang='lat' dir='ltr'><strong>angelus</strong></span> <span class='ocrx_word' id='word_1_508' title='bbox 608 3496 833 3560; x_wconf 87' lang='lat' dir='ltr'><strong>Domini,</strong></span> <span class='ocrx_word' id='word_1_509' title='bbox 880 3496 967 3564; x_wconf 89' lang='lat' dir='ltr'><strong>qui</strong></span> <span class='ocrx_word' id='word_1_510' title='bbox 998 3497 1045 3551; x_wconf 90' lang='lat' dir='ltr'><strong>ei</strong></span> <span class='ocrx_word' id='word_1_511' title='bbox 1076 3497 1204 3551; x_wconf 86' lang='lat' dir='ltr'><strong>dicit</strong></span> <span class='ocrx_word' id='word_1_512' title='bbox 1246 3515 1258 3551; x_wconf 91' lang='lat'>:</span> <span class='ocrx_word' id='word_1_513' title='bbox 1293 3498 1562 3563; x_wconf 89' lang='lat' dir='ltr'><strong>Pachomi,</strong></span> <span class='ocrx_word' id='word_1_514' title='bbox 1593 3514 1651 3551; x_wconf 89' lang='lat' dir='ltr'><strong>ea</strong></span> <span class='ocrx_word' id='word_1_515' title='bbox 1699 3500 1910 3567; x_wconf 88' lang='lat' dir='ltr'><strong>quidem</strong></span> 
     </span>
    </p>
   </div>
   <div class='ocr_carea' id='block_1_67' title="bbox 345 3586 1913 3658">
    <p class='ocr_par' dir='ltr' id='par_1_67' title="bbox 345 3586 1913 3658">
     <span class='ocr_line' id='line_1_67' title="bbox 345 3586 1913 3658; baseline 0.003 -20"><span class='ocrx_word' id='word_1_516' title='bbox 345 3601 463 3655; x_wconf 69' lang='lat' dir='ltr'><strong>qua:</strong></span> <span class='ocrx_word' id='word_1_517' title='bbox 493 3586 557 3639; x_wconf 89' lang='lat' dir='ltr'><strong>ad</strong></span> <span class='ocrx_word' id='word_1_518' title='bbox 588 3592 638 3639; x_wconf 81' lang='lat' dir='ltr'><strong>te</strong></span> <span class='ocrx_word' id='word_1_519' title='bbox 666 3587 947 3653; x_wconf 81' lang='lat' dir='ltr'><strong>pertinent,</strong></span> <span class='ocrx_word' id='word_1_520' title='bbox 981 3597 1123 3641; x_wconf 88' lang='lat' dir='ltr'><strong>reete</strong></span> <span class='ocrx_word' id='word_1_521' title='bbox 1150 3597 1201 3641; x_wconf 90' lang='lat' dir='ltr'><strong>et</strong></span> <span class='ocrx_word' id='word_1_522' title='bbox 1243 3603 1306 3642; x_wconf 80' lang='lat' dir='ltr'><strong>ex</strong></span> <span class='ocrx_word' id='word_1_523' title='bbox 1332 3588 1523 3643; x_wconf 86' lang='lat' dir='ltr'><strong>virtute</strong></span> <span class='ocrx_word' id='word_1_524' title='bbox 1548 3591 1790 3658; x_wconf 88' lang='lat' dir='ltr'><strong>gessisti;</strong></span> <span class='ocrx_word' id='word_1_525' title='bbox 1823 3606 1913 3644; x_wconf 84' lang='lat' dir='ltr'><strong>su-</strong></span> 
     </span>
    </p>
   </div>
   <div class='ocr_carea' id='block_1_68' title="bbox 346 3674 1909 3750">
    <p class='ocr_par' dir='ltr' id='par_1_68' title="bbox 346 3674 1909 3750">
     <span class='ocr_line' id='line_1_68' title="bbox 346 3674 1909 3750; baseline 0.005 -22"><span class='ocrx_word' id='word_1_526' title='bbox 346 3688 669 3742; x_wconf 88' lang='lat' dir='ltr'><strong>pervacanee</strong></span> <span class='ocrx_word' id='word_1_527' title='bbox 697 3690 825 3744; x_wconf 87' lang='lat' dir='ltr'><strong>ergo</strong></span> <span class='ocrx_word' id='word_1_528' title='bbox 845 3676 999 3728; x_wconf 88' lang='lat' dir='ltr'><strong>sedes</strong></span> <span class='ocrx_word' id='word_1_529' title='bbox 1029 3674 1082 3728; x_wconf 92' lang='lat' dir='ltr'><strong>in</strong></span> <span class='ocrx_word' id='word_1_530' title='bbox 1122 3678 1224 3729; x_wconf 88' lang='lat' dir='ltr'><strong>hoc</strong></span> <span class='ocrx_word' id='word_1_531' title='bbox 1265 3676 1411 3743; x_wconf 83' lang='lat' dir='ltr'><strong>loco;</strong></span> <span class='ocrx_word' id='word_1_532' title='bbox 1445 3694 1540 3746; x_wconf 87' lang='lat' dir='ltr'><strong>age</strong></span> <span class='ocrx_word' id='word_1_533' title='bbox 1580 3695 1725 3749; x_wconf 81' lang='lat' dir='ltr'><strong>ergo,</strong></span> <span class='ocrx_word' id='word_1_534' title='bbox 1755 3696 1909 3750; x_wconf 86' lang='lat' dir='ltr'><strong>egre-</strong></span> 
     </span>
    </p>
   </div>
   <div class='ocr_carea' id='block_1_69' title="bbox 344 3765 1911 3837">
    <p class='ocr_par' dir='ltr' id='par_1_69' title="bbox 344 3765 1911 3837">
     <span class='ocr_line' id='line_1_69' title="bbox 344 3765 1911 3837; baseline 0.006 -21"><span class='ocrx_word' id='word_1_535' title='bbox 344 3765 492 3828; x_wconf 89' lang='lat' dir='ltr'><strong>dere,</strong></span> <span class='ocrx_word' id='word_1_536' title='bbox 517 3774 569 3817; x_wconf 90' lang='lat' dir='ltr'><strong>et</strong></span> <span class='ocrx_word' id='word_1_537' title='bbox 601 3778 861 3832; x_wconf 85' lang='lat' dir='ltr'><strong>congrega</strong></span> <span class='ocrx_word' id='word_1_538' title='bbox 909 3780 1093 3819; x_wconf 88' lang='lat' dir='ltr'><strong>omnes</strong></span> <span class='ocrx_word' id='word_1_539' title='bbox 1118 3768 1354 3834; x_wconf 86' lang='lat' dir='ltr'><strong>juniores</strong></span> <span class='ocrx_word' id='word_1_540' title='bbox 1393 3771 1700 3837; x_wconf 85' lang='lat' dir='ltr'><strong>monachus,</strong></span> <span class='ocrx_word' id='word_1_541' title='bbox 1733 3784 1785 3824; x_wconf 90' lang='lat' dir='ltr'><strong>et</strong></span> <span class='ocrx_word' id='word_1_542' title='bbox 1817 3773 1911 3826; x_wconf 90' lang='lat' dir='ltr'><strong>ba-</strong></span> 
     </span>
    </p>
   </div>
   <div class='ocr_carea' id='block_1_70' title="bbox 343 3852 1907 3927">
    <p class='ocr_par' dir='ltr' id='par_1_70' title="bbox 343 3852 1907 3927">
     <span class='ocr_line' id='line_1_70' title="bbox 343 3852 1907 3927; baseline 0.008 -20"><span class='ocrx_word' id='word_1_543' title='bbox 343 3852 451 3907; x_wconf 86' lang='lat' dir='ltr'><strong>bita</strong></span> <span class='ocrx_word' id='word_1_544' title='bbox 480 3868 597 3906; x_wconf 93' lang='lat' dir='ltr'><strong>cum</strong></span> <span class='ocrx_word' id='word_1_545' title='bbox 625 3854 723 3918; x_wconf 84' lang='lat' dir='ltr'><strong>eis,</strong></span> <span class='ocrx_word' id='word_1_546' title='bbox 749 3862 805 3908; x_wconf 88' lang='lat' dir='ltr'><strong>et</strong></span> <span class='ocrx_word' id='word_1_547' title='bbox 829 3871 1058 3923; x_wconf 89' lang='lat' dir='ltr'><strong>sequens</strong></span> <span class='ocrx_word' id='word_1_548' title='bbox 1088 3856 1308 3911; x_wconf 78' lang='lat' dir='ltr'><strong>fortnam</strong></span> <span class='ocrx_word' id='word_1_549' title='bbox 1338 3874 1493 3927; x_wconf 89' lang='lat' dir='ltr'><strong>quam</strong></span> <span class='ocrx_word' id='word_1_550' title='bbox 1517 3860 1654 3915; x_wconf 90' lang='lat' dir='ltr'><strong>dabo</strong></span> <span class='ocrx_word' id='word_1_551' title='bbox 1693 3864 1804 3924; x_wconf 86' lang='lat' dir='ltr'><strong>tibi,</strong></span> <span class='ocrx_word' id='word_1_552' title='bbox 1831 3866 1907 3919; x_wconf 87' lang='lat' dir='ltr'><strong>eis</strong></span> 
     </span>
    </p>
   </div>
   <div class='ocr_carea' id='block_1_71' title="bbox 344 3945 1906 4028">
    <p class='ocr_par' dir='ltr' id='par_1_71' title="bbox 344 3945 1906 4028">
     <span class='ocr_line' id='line_1_71' title="bbox 344 3945 1906 4028; baseline 0.01 -31"><span class='ocrx_word' id='word_1_553' title='bbox 344 3945 485 4013; x_wconf 88' lang='lat' dir='ltr'><strong>leges</strong></span> <span class='ocrx_word' id='word_1_554' title='bbox 514 3947 794 4000; x_wconf 88' lang='lat' dir='ltr'><strong>constitue.</strong></span> <span class='ocrx_word' id='word_1_555' title='bbox 836 3948 998 4015; x_wconf 71' lang='lat' dir='ltr'><strong>Eique</strong></span> <span class='ocrx_word' id='word_1_556' title='bbox 1020 3950 1164 4003; x_wconf 88' lang='lat' dir='ltr'><strong>dedit</strong></span> <span class='ocrx_word' id='word_1_557' title='bbox 1203 3951 1429 4005; x_wconf 88' lang='lat' dir='ltr'><strong>tabulam</strong></span> <span class='ocrx_word' id='word_1_558' title='bbox 1462 3969 1683 4019; x_wconf 62' lang='lat' dir='ltr'><strong>sericam,</strong></span> <span class='ocrx_word' id='word_1_559' title='bbox 1712 3958 1765 4012; x_wconf 91' lang='lat' dir='ltr'><strong>in</strong></span> <span class='ocrx_word' id='word_1_560' title='bbox 1806 3975 1906 4028; x_wconf 89' lang='lat' dir='ltr'><strong>qua</strong></span> 
     </span>
    </p>
   </div>
   <div class='ocr_carea' id='block_1_72' title="bbox 344 4034 1912 4114">
    <p class='ocr_par' dir='ltr' id='par_1_72' title="bbox 344 4034 1912 4114">
     <span class='ocr_line' id='line_1_72' title="bbox 344 4034 1912 4114; baseline 0.012 -27"><span class='ocrx_word' id='word_1_561' title='bbox 344 4034 459 4089; x_wconf 71' lang='lat' dir='ltr'><strong>haec</strong></span> <span class='ocrx_word' id='word_1_562' title='bbox 488 4037 683 4105; x_wconf 90' lang='lat' dir='ltr'><strong>scripta</strong></span> <span class='ocrx_word' id='word_1_563' title='bbox 709 4036 915 4092; x_wconf 88' lang='lat' dir='ltr'><strong>fuerant</strong></span> <span class='ocrx_word' id='word_1_564' title='bbox 945 4056 957 4091; x_wconf 93' lang='lat'>:</span> <span class='ocrx_word' id='word_1_565' title='bbox 1000 4040 1245 4094; x_wconf 87' lang='lat' dir='ltr'><strong>Concede</strong></span> <span class='ocrx_word' id='word_1_566' title='bbox 1282 4043 1562 4114; x_wconf 89' lang='lat' dir='ltr'><strong>unicuique</strong></span> <span class='ocrx_word' id='word_1_567' title='bbox 1585 4056 1640 4101; x_wconf 94' lang='lat' dir='ltr'><strong>ut</strong></span> <span class='ocrx_word' id='word_1_568' title='bbox 1667 4051 1912 4106; x_wconf 90' lang='lat' dir='ltr'><strong>comedat</strong></span> 
     </span>
    </p>
   </div>
   <div class='ocr_carea' id='block_1_73' title="bbox 343 4127 1908 4209">
    <p class='ocr_par' dir='ltr' id='par_1_73' title="bbox 343 4127 1908 4209">
     <span class='ocr_line' id='line_1_73' title="bbox 343 4127 1908 4209; baseline 0.01 -28"><span class='ocrx_word' id='word_1_569' title='bbox 343 4133 397 4181; x_wconf 89' lang='lat' dir='ltr'><strong>et</strong></span> <span class='ocrx_word' id='word_1_570' title='bbox 424 4127 566 4181; x_wconf 88' lang='lat' dir='ltr'><strong>bibat</strong></span> <span class='ocrx_word' id='word_1_571' title='bbox 594 4144 686 4195; x_wconf 89' lang='lat' dir='ltr'><strong>pro</strong></span> <span class='ocrx_word' id='word_1_572' title='bbox 717 4130 915 4184; x_wconf 88' lang='lat' dir='ltr'><strong>viribus</strong></span> <span class='ocrx_word' id='word_1_573' title='bbox 938 4132 1328 4187; x_wconf 89' lang='lat' dir='ltr'><strong>comedentium</strong></span> <span class='ocrx_word' id='word_1_574' title='bbox 1350 4152 1363 4199; x_wconf 90' lang='lat'><strong>;</strong></span> <span class='ocrx_word' id='word_1_575' title='bbox 1383 4137 1459 4191; x_wconf 84' lang='lat' dir='ltr'><strong>eis</strong></span> <span class='ocrx_word' id='word_1_576' title='bbox 1489 4153 1694 4209; x_wconf 89' lang='lat' dir='ltr'><strong>quoque</strong></span> <span class='ocrx_word' id='word_1_577' title='bbox 1717 4142 1908 4197; x_wconf 91' lang='lat' dir='ltr'><strong>manda</strong></span> 
     </span>
    </p>
   </div>
   <div class='ocr_carea' id='block_1_74' title="bbox 341 4223 1906 4302">
    <p class='ocr_par' dir='ltr' id='par_1_74' title="bbox 341 4223 1906 4302">
     <span class='ocr_line' id='line_1_74' title="bbox 341 4223 1906 4302; baseline 0.012 -31"><span class='ocrx_word' id='word_1_578' title='bbox 341 4232 501 4285; x_wconf 88' lang='lat' dir='ltr'><strong>opera</strong></span> <span class='ocrx_word' id='word_1_579' title='bbox 531 4234 649 4288; x_wconf 64' lang='lat' dir='ltr'><strong>quae</strong></span> <span class='ocrx_word' id='word_1_580' title='bbox 686 4223 1025 4289; x_wconf 85' lang='lat' dir='ltr'><strong>proportione</strong></span> <span class='ocrx_word' id='word_1_581' title='bbox 1055 4226 1371 4281; x_wconf 79' lang='lat' dir='ltr'><strong>conveniant</strong></span> <span class='ocrx_word' id='word_1_582' title='bbox 1415 4244 1478 4283; x_wconf 93' lang='lat' dir='ltr'><strong>ae</strong></span> <span class='ocrx_word' id='word_1_583' title='bbox 1527 4233 1906 4302; x_wconf 89' lang='lat' dir='ltr'><strong>respondeant,</strong></span> 
     </span>
    </p>
   </div>
   <div class='ocr_carea' id='block_1_75' title="bbox 341 4311 1907 4395">
    <p class='ocr_par' dir='ltr' id='par_1_75' title="bbox 341 4311 1907 4395">
     <span class='ocr_line' id='line_1_75' title="bbox 341 4311 1907 4395; baseline 0.013 -32"><span class='ocrx_word' id='word_1_584' title='bbox 341 4316 396 4363; x_wconf 86' lang='lat' dir='ltr'><strong>et</strong></span> <span class='ocrx_word' id='word_1_585' title='bbox 420 4326 590 4380; x_wconf 83' lang='lat' dir='ltr'><strong>neque</strong></span> <span class='ocrx_word' id='word_1_586' title='bbox 608 4311 850 4381; x_wconf 88' lang='lat' dir='ltr'><strong>jejunare</strong></span> <span class='ocrx_word' id='word_1_587' title='bbox 882 4316 1098 4383; x_wconf 90' lang='lat' dir='ltr'><strong>prohibe</strong></span> <span class='ocrx_word' id='word_1_588' title='bbox 1128 4332 1225 4372; x_wconf 89' lang='lat' dir='ltr'><strong>nec</strong></span> <span class='ocrx_word' id='word_1_589' title='bbox 1255 4321 1555 4376; x_wconf 90' lang='lat' dir='ltr'><strong>comedere.</strong></span> <span class='ocrx_word' id='word_1_590' title='bbox 1580 4324 1669 4379; x_wconf 94' lang='lat' dir='ltr'><strong>Sie</strong></span> <span class='ocrx_word' id='word_1_591' title='bbox 1696 4327 1907 4395; x_wconf 90' lang='lat' dir='ltr'><strong>quidem</strong></span> 
     </span>
    </p>
   </div>
   <div class='ocr_carea' id='block_1_76' title="bbox 341 4398 1908 4474">
    <p class='ocr_par' dir='ltr' id='par_1_76' title="bbox 341 4398 1908 4474">
     <span class='ocr_line' id='line_1_76' title="bbox 341 4398 1908 4474; baseline 0.014 -23"><span class='ocrx_word' id='word_1_592' title='bbox 341 4398 565 4453; x_wconf 90' lang='lat' dir='ltr'><strong>fortibus</strong></span> <span class='ocrx_word' id='word_1_593' title='bbox 596 4402 744 4455; x_wconf 91' lang='lat' dir='ltr'><strong>lortia</strong></span> <span class='ocrx_word' id='word_1_594' title='bbox 773 4406 963 4459; x_wconf 86' lang='lat' dir='ltr'><strong>manda</strong></span> <span class='ocrx_word' id='word_1_595' title='bbox 991 4422 1174 4474; x_wconf 90' lang='lat' dir='ltr'><strong>opera,</strong></span> <span class='ocrx_word' id='word_1_596' title='bbox 1209 4408 1469 4466; x_wconf 88' lang='lat' dir='ltr'><strong>imbecilla</strong></span> <span class='ocrx_word' id='word_1_597' title='bbox 1499 4424 1672 4469; x_wconf 89' lang='lat' dir='ltr'><strong>autem</strong></span> <span class='ocrx_word' id='word_1_598' title='bbox 1696 4427 1749 4471; x_wconf 91' lang='lat' dir='ltr'><strong>et</strong></span> <span class='ocrx_word' id='word_1_599' title='bbox 1777 4418 1908 4473; x_wconf 84' lang='lat' dir='ltr'><strong>levia</strong></span> 
     </span>
    </p>
   </div>
   <div class='ocr_carea' id='block_1_77' title="bbox 341 4489 1907 4563">
    <p class='ocr_par' dir='ltr' id='par_1_77' title="bbox 341 4489 1907 4563">
     <span class='ocr_line' id='line_1_77' title="bbox 341 4489 1907 4563; baseline 0.014 -23"><span class='ocrx_word' id='word_1_600' title='bbox 341 4489 405 4541; x_wconf 87' lang='lat' dir='ltr'><strong>iis</strong></span> <span class='ocrx_word' id='word_1_601' title='bbox 434 4490 518 4556; x_wconf 87' lang='lat' dir='ltr'><strong>qui</strong></span> <span class='ocrx_word' id='word_1_602' title='bbox 548 4504 607 4544; x_wconf 89' lang='lat' dir='ltr'><strong>se</strong></span> <span class='ocrx_word' id='word_1_603' title='bbox 636 4493 804 4560; x_wconf 83' lang='lat' dir='ltr'><strong>magis</strong></span> <span class='ocrx_word' id='word_1_604' title='bbox 826 4507 1096 4561; x_wconf 72' lang='lat' dir='ltr'><strong>exere-:nt,</strong></span> <span class='ocrx_word' id='word_1_605' title='bbox 1139 4508 1194 4552; x_wconf 88' lang='lat' dir='ltr'><strong>et</strong></span> <span class='ocrx_word' id='word_1_606' title='bbox 1223 4509 1345 4553; x_wconf 90' lang='lat' dir='ltr'><strong>sunt</strong></span> <span class='ocrx_word' id='word_1_607' title='bbox 1375 4502 1769 4560; x_wconf 88' lang='lat' dir='ltr'><strong>imbecilliores.</strong></span> <span class='ocrx_word' id='word_1_608' title='bbox 1804 4508 1907 4563; x_wconf 87' lang='lat' dir='ltr'><strong>Fac</strong></span> 
     </span>
    </p>
   </div>
   <div class='ocr_carea' id='block_1_78' title="bbox 2012 3302 3585 3387">
    <p class='ocr_par' dir='ltr' id='par_1_78' title="bbox 2012 3302 3585 3387">
     <span class='ocr_line' id='line_1_78' title="bbox 2012 3302 3585 3387; baseline 0.013 -31"><span class='ocrx_word' id='word_1_609' title='bbox 2012 3303 2129 3356; x_wconf 89' lang='lat' dir='ltr'><strong>Ius:</strong></span> <span class='ocrx_word' id='word_1_610' title='bbox 2167 3302 2269 3356; x_wconf 83' lang='lat' dir='ltr'><strong>llas</strong></span> <span class='ocrx_word' id='word_1_611' title='bbox 2300 3307 2573 3373; x_wconf 81' lang='lat' dir='ltr'><strong>cons:itui,</strong></span> <span class='ocrx_word' id='word_1_612' title='bbox 2607 3317 2663 3361; x_wconf 92' lang='lat' dir='ltr'><strong>ut</strong></span> <span class='ocrx_word' id='word_1_613' title='bbox 2695 3312 2839 3376; x_wconf 89' lang='lat' dir='ltr'><strong>parvi</strong></span> <span class='ocrx_word' id='word_1_614' title='bbox 2887 3329 3099 3384; x_wconf 86' lang='lat' dir='ltr'><strong>quoque</strong></span> <span class='ocrx_word' id='word_1_615' title='bbox 3144 3318 3343 3386; x_wconf 87' lang='lat' dir='ltr'><strong>possint</strong></span> <span class='ocrx_word' id='word_1_616' title='bbox 3397 3335 3585 3387; x_wconf 80' lang='lat' dir='ltr'><strong>proce-</strong></span> 
     </span>
    </p>
   </div>
   <div class='ocr_carea' id='block_1_79' title="bbox 2012 3392 3576 3478">
    <p class='ocr_par' dir='ltr' id='par_1_79' title="bbox 2012 3392 3576 3478">
     <span class='ocr_line' id='line_1_79' title="bbox 2012 3392 3576 3478; baseline 0.012 -31"><span class='ocrx_word' id='word_1_617' title='bbox 2012 3392 2138 3447; x_wconf 88' lang='lat' dir='ltr'><strong>dere</strong></span> <span class='ocrx_word' id='word_1_618' title='bbox 2159 3394 2224 3445; x_wconf 91' lang='lat' dir='ltr'><strong>ad</strong></span> <span class='ocrx_word' id='word_1_619' title='bbox 2255 3397 2626 3461; x_wconf 83' lang='lat' dir='ltr'><strong>perficiendam</strong></span> <span class='ocrx_word' id='word_1_620' title='bbox 2659 3402 2912 3469; x_wconf 86' lang='lat' dir='ltr'><strong>regulam,</strong></span> <span class='ocrx_word' id='word_1_621' title='bbox 2944 3420 3038 3459; x_wconf 89' lang='lat' dir='ltr'><strong>nec</strong></span> <span class='ocrx_word' id='word_1_622' title='bbox 3068 3409 3144 3460; x_wconf 89' lang='lat' dir='ltr'><strong>eis</strong></span> <span class='ocrx_word' id='word_1_623' title='bbox 3166 3409 3235 3461; x_wconf 91' lang='lat' dir='ltr'><strong>sit</strong></span> <span class='ocrx_word' id='word_1_624' title='bbox 3256 3411 3536 3465; x_wconf 86' lang='lat' dir='ltr'><strong>molestum</strong></span> <span class='ocrx_word' id='word_1_625' title='bbox 3561 3430 3576 3478; x_wconf 85' lang='lat'><strong>;</strong></span> 
     </span>
    </p>
   </div>
   <div class='ocr_carea' id='block_1_80' title="bbox 2010 3486 3580 3571">
    <p class='ocr_par' dir='ltr' id='par_1_80' title="bbox 2010 3486 3580 3571">
     <span class='ocr_line' id='line_1_80' title="bbox 2010 3486 3580 3571; baseline 0.014 -34"><span class='ocrx_word' id='word_1_626' title='bbox 2010 3486 2097 3554; x_wconf 86' lang='lat' dir='ltr'><strong>qui</strong></span> <span class='ocrx_word' id='word_1_627' title='bbox 2129 3498 2306 3540; x_wconf 89' lang='lat' dir='ltr'><strong>autem</strong></span> <span class='ocrx_word' id='word_1_628' title='bbox 2337 3498 2458 3540; x_wconf 88' lang='lat' dir='ltr'><strong>sunt</strong></span> <span class='ocrx_word' id='word_1_629' title='bbox 2489 3489 2729 3557; x_wconf 84' lang='lat' dir='ltr'><strong>perfecti,</strong></span> <span class='ocrx_word' id='word_1_630' title='bbox 2781 3509 2883 3547; x_wconf 76' lang='grc' dir='ltr'><strong>ιιι-ιη</strong></span> <span class='ocrx_word' id='word_1_631' title='bbox 2915 3508 3046 3563; x_wconf 77' lang='lat' dir='ltr'><strong>Opus</strong></span> <span class='ocrx_word' id='word_1_632' title='bbox 3096 3499 3288 3553; x_wconf 87' lang='lat' dir='ltr'><strong>habent</strong></span> <span class='ocrx_word' id='word_1_633' title='bbox 3332 3512 3386 3555; x_wconf 89' lang='lat' dir='ltr'><strong>ut</strong></span> <span class='ocrx_word' id='word_1_634' title='bbox 3437 3503 3580 3571; x_wconf 81' lang='lat' dir='ltr'><strong>leges</strong></span> 
     </span>
    </p>
   </div>
   <div class='ocr_carea' id='block_1_81' title="bbox 2011 3578 3580 3657">
    <p class='ocr_par' dir='ltr' id='par_1_81' title="bbox 2011 3578 3580 3657">
     <span class='ocr_line' id='line_1_81' title="bbox 2011 3578 3580 3657; baseline 0.01 -23"><span class='ocrx_word' id='word_1_635' title='bbox 2011 3579 2089 3634; x_wconf 88' lang='lat' dir='ltr'><strong>eis</strong></span> <span class='ocrx_word' id='word_1_636' title='bbox 2119 3578 2389 3645; x_wconf 87' lang='lat' dir='ltr'><strong>ferantur;</strong></span> <span class='ocrx_word' id='word_1_637' title='bbox 2438 3597 2558 3634; x_wconf 92' lang='lat' dir='ltr'><strong>nam</strong></span> <span class='ocrx_word' id='word_1_638' title='bbox 2600 3597 2720 3636; x_wconf 92' lang='lat' dir='ltr'><strong>cum</strong></span> <span class='ocrx_word' id='word_1_639' title='bbox 2765 3601 2857 3652; x_wconf 89' lang='lat' dir='ltr'><strong>per</strong></span> <span class='ocrx_word' id='word_1_640' title='bbox 2886 3600 2944 3640; x_wconf 92' lang='lat' dir='ltr'><strong>se</strong></span> <span class='ocrx_word' id='word_1_641' title='bbox 2986 3599 3107 3641; x_wconf 89' lang='lat' dir='ltr'><strong>sunt</strong></span> <span class='ocrx_word' id='word_1_642' title='bbox 3140 3591 3189 3643; x_wconf 93' lang='lat' dir='ltr'><strong>in</strong></span> <span class='ocrx_word' id='word_1_643' title='bbox 3221 3593 3390 3657; x_wconf 84' lang='lat' dir='ltr'><strong>cellis,</strong></span> <span class='ocrx_word' id='word_1_644' title='bbox 3420 3604 3580 3650; x_wconf 87' lang='lat' dir='ltr'><strong>totam</strong></span> 
     </span>
    </p>
   </div>
   <div class='ocr_carea' id='block_1_82' title="bbox 2014 3670 3581 3741">
    <p class='ocr_par' dir='ltr' id='par_1_82' title="bbox 2014 3670 3581 3741">
     <span class='ocr_line' id='line_1_82' title="bbox 2014 3670 3581 3741; baseline 0.013 -22"><span class='ocrx_word' id='word_1_645' title='bbox 2014 3681 2162 3721; x_wconf 91' lang='lat' dir='ltr'><strong>suam</strong></span> <span class='ocrx_word' id='word_1_646' title='bbox 2198 3670 2355 3722; x_wconf 89' lang='lat' dir='ltr'><strong>vitam</strong></span> <span class='ocrx_word' id='word_1_647' title='bbox 2387 3671 3153 3741; x_wconf 81' lang='lat' dir='ltr'><strong>attribuuntcontemplationi.</strong></span> <span class='ocrx_word' id='word_1_648' title='bbox 3189 3679 3280 3734; x_wconf 90' lang='lat' dir='ltr'><strong>llis</strong></span> <span class='ocrx_word' id='word_1_649' title='bbox 3307 3693 3479 3737; x_wconf 89' lang='lat' dir='ltr'><strong>autem</strong></span> <span class='ocrx_word' id='word_1_650' title='bbox 3504 3685 3581 3739; x_wconf 88' lang='lat' dir='ltr'><strong>Ie-</strong></span> 
     </span>
    </p>
   </div>
   <div class='ocr_carea' id='block_1_83' title="bbox 2011 3762 3606 3847">
    <p class='ocr_par' dir='ltr' id='par_1_83' title="bbox 2011 3762 3606 3847">
     <span class='ocr_line' id='line_1_83' title="bbox 2011 3762 3606 3847; baseline 0.011 -35"><span class='ocrx_word' id='word_1_651' title='bbox 2011 3774 2129 3829; x_wconf 86' lang='lat' dir='ltr'><strong>gem</strong></span> <span class='ocrx_word' id='word_1_652' title='bbox 2162 3762 2276 3825; x_wconf 92' lang='lat' dir='ltr'><strong>tuli,</strong></span> <span class='ocrx_word' id='word_1_653' title='bbox 2305 3762 2394 3829; x_wconf 89' lang='lat' dir='ltr'><strong>qui</strong></span> <span class='ocrx_word' id='word_1_654' title='bbox 2425 3772 2655 3817; x_wconf 89' lang='lat' dir='ltr'><strong>mentem</strong></span> <span class='ocrx_word' id='word_1_655' title='bbox 2685 3766 2903 3820; x_wconf 88' lang='lat' dir='ltr'><strong>minime</strong></span> <span class='ocrx_word' id='word_1_656' title='bbox 2941 3767 3135 3821; x_wconf 84' lang='lat' dir='ltr'><strong>habent</strong></span> <span class='ocrx_word' id='word_1_657' title='bbox 3175 3771 3606 3847; x_wconf 63' lang='lat' dir='ltr'><strong>intelligentem.,</strong></span> 
     </span>
    </p>
   </div>
   <div class='ocr_carea' id='block_1_84' title="bbox 2014 3853 3584 3921">
    <p class='ocr_par' dir='ltr' id='par_1_84' title="bbox 2014 3853 3584 3921">
     <span class='ocr_line' id='line_1_84' title="bbox 2014 3853 3584 3921; baseline 0.009 -15"><span class='ocrx_word' id='word_1_658' title='bbox 2014 3863 2069 3906; x_wconf 92' lang='lat' dir='ltr'><strong>ut</strong></span> <span class='ocrx_word' id='word_1_659' title='bbox 2093 3853 2228 3906; x_wconf 89' lang='lat' dir='ltr'><strong>sicut</strong></span> <span class='ocrx_word' id='word_1_660' title='bbox 2263 3854 2401 3907; x_wconf 78' lang='lat' dir='ltr'><strong>servi</strong></span> <span class='ocrx_word' id='word_1_661' title='bbox 2432 3864 2790 3921; x_wconf 87' lang='lat' dir='ltr'><strong>contumaces,</strong></span> <span class='ocrx_word' id='word_1_662' title='bbox 2821 3870 2961 3912; x_wconf 90' lang='lat' dir='ltr'><strong>metu</strong></span> <span class='ocrx_word' id='word_1_663' title='bbox 3010 3859 3209 3914; x_wconf 88' lang='lat' dir='ltr'><strong>domini</strong></span> <span class='ocrx_word' id='word_1_664' title='bbox 3258 3874 3426 3918; x_wconf 90' lang='lat' dir='ltr'><strong>totum</strong></span> <span class='ocrx_word' id='word_1_665' title='bbox 3465 3865 3584 3921; x_wconf 76' lang='lat' dir='ltr'><strong>vitae</strong></span> 
     </span>
    </p>
   </div>
   <div class='ocr_carea' id='block_1_85' title="bbox 2014 3945 3574 4023">
    <p class='ocr_par' dir='ltr' id='par_1_85' title="bbox 2014 3945 3574 4023">
     <span class='ocr_line' id='line_1_85' title="bbox 2014 3945 3574 4023; baseline 0.01 -26"><span class='ocrx_word' id='word_1_666' title='bbox 2014 3945 2310 3999; x_wconf 82' lang='lat' dir='ltr'><strong>institutum</strong></span> <span class='ocrx_word' id='word_1_667' title='bbox 2348 3945 2652 4015; x_wconf 89' lang='lat' dir='ltr'><strong>implentes,</strong></span> <span class='ocrx_word' id='word_1_668' title='bbox 2683 3964 2871 4004; x_wconf 88' lang='lat' dir='ltr'><strong>secure</strong></span> <span class='ocrx_word' id='word_1_669' title='bbox 2910 3960 2965 4005; x_wconf 93' lang='lat' dir='ltr'><strong>et</strong></span> <span class='ocrx_word' id='word_1_670' title='bbox 3001 3952 3163 4007; x_wconf 88' lang='lat' dir='ltr'><strong>libere</strong></span> <span class='ocrx_word' id='word_1_671' title='bbox 3193 3955 3406 4023; x_wconf 89' lang='lat' dir='ltr'><strong>degant.</strong></span> <span class='ocrx_word' id='word_1_672' title='bbox 3440 3959 3574 4013; x_wconf 89' lang='lat' dir='ltr'><strong>Cum</strong></span> 
     </span>
    </p>
   </div>
   <div class='ocr_carea' id='block_1_86' title="bbox 2012 4034 3579 4115">
    <p class='ocr_par' dir='ltr' id='par_1_86' title="bbox 2012 4034 3579 4115">
     <span class='ocr_line' id='line_1_86' title="bbox 2012 4034 3579 4115; baseline 0.009 -26"><span class='ocrx_word' id='word_1_673' title='bbox 2012 4034 2129 4090; x_wconf 77' lang='lat' dir='ltr'><strong>haec</strong></span> <span class='ocrx_word' id='word_1_674' title='bbox 2156 4037 2456 4091; x_wconf 84' lang='lat' dir='ltr'><strong>ordinasset</strong></span> <span class='ocrx_word' id='word_1_675' title='bbox 2502 4040 2744 4109; x_wconf 90' lang='lat' dir='ltr'><strong>angelus,</strong></span> <span class='ocrx_word' id='word_1_676' title='bbox 2789 4050 2843 4095; x_wconf 89' lang='lat' dir='ltr'><strong>et</strong></span> <span class='ocrx_word' id='word_1_677' title='bbox 2888 4042 3161 4113; x_wconf 73' lang='lat' dir='ltr'><strong>imples~et</strong></span> <span class='ocrx_word' id='word_1_678' title='bbox 3201 4048 3579 4115; x_wconf 75' lang='lat' dir='ltr'><strong>ministerium,</strong></span> 
     </span>
    </p>
   </div>
   <div class='ocr_carea' id='block_1_87' title="bbox 2011 4129 3583 4198">
    <p class='ocr_par' dir='ltr' id='par_1_87' title="bbox 2011 4129 3583 4198">
     <span class='ocr_line' id='line_1_87' title="bbox 2011 4129 3583 4198; baseline 0.01 -17"><span class='ocrx_word' id='word_1_679' title='bbox 2011 4129 2230 4183; x_wconf 86' lang='lat' dir='ltr'><strong>recessit</strong></span> <span class='ocrx_word' id='word_1_680' title='bbox 2258 4144 2285 4181; x_wconf 95' lang='lat' dir='ltr'><strong>a</strong></span> <span class='ocrx_word' id='word_1_681' title='bbox 2314 4146 2503 4198; x_wconf 84' lang='lat' dir='ltr'><strong>magno</strong></span> <span class='ocrx_word' id='word_1_682' title='bbox 2544 4132 2846 4188; x_wconf 86' lang='lat' dir='ltr'><strong>Pachomio.</strong></span> <span class='ocrx_word' id='word_1_683' title='bbox 2889 4133 3025 4189; x_wconf 89' lang='lat' dir='ltr'><strong>Sunt</strong></span> <span class='ocrx_word' id='word_1_684' title='bbox 3049 4147 3222 4191; x_wconf 90' lang='lat' dir='ltr'><strong>autem</strong></span> <span class='ocrx_word' id='word_1_685' title='bbox 3258 4143 3371 4194; x_wconf 69' lang='lat' dir='ltr'><strong>haee</strong></span> <span class='ocrx_word' id='word_1_686' title='bbox 3400 4157 3583 4196; x_wconf 72' lang='lat' dir='ltr'><strong>mona~</strong></span> 
     </span>
    </p>
   </div>
   <div class='ocr_carea' id='block_1_88' title="bbox 2011 4218 3583 4290">
    <p class='ocr_par' dir='ltr' id='par_1_88' title="bbox 2011 4218 3583 4290">
     <span class='ocr_line' id='line_1_88' title="bbox 2011 4218 3583 4290; baseline 0.008 -16"><span class='ocrx_word' id='word_1_687' title='bbox 2011 4218 2173 4274; x_wconf 89' lang='lat' dir='ltr'><strong>steria</strong></span> <span class='ocrx_word' id='word_1_688' title='bbox 2206 4235 2322 4287; x_wconf 59' lang='lat' dir='ltr'><strong>quae</strong></span> <span class='ocrx_word' id='word_1_689' title='bbox 2354 4220 2574 4274; x_wconf 87' lang='lat' dir='ltr'><strong>formam</strong></span> <span class='ocrx_word' id='word_1_690' title='bbox 2605 4222 2739 4276; x_wconf 91' lang='lat' dir='ltr'><strong>hanc</strong></span> <span class='ocrx_word' id='word_1_691' title='bbox 2767 4224 3131 4290; x_wconf 88' lang='lat' dir='ltr'><strong>obtinuerunt,</strong></span> <span class='ocrx_word' id='word_1_692' title='bbox 3163 4230 3407 4285; x_wconf 89' lang='lat' dir='ltr'><strong>habentia</strong></span> <span class='ocrx_word' id='word_1_693' title='bbox 3440 4236 3583 4287; x_wconf 88' lang='lat' dir='ltr'><strong>viro-</strong></span> 
     </span>
    </p>
   </div>
   <div class='ocr_carea' id='block_1_89' title="bbox 2013 4306 3583 4387">
    <p class='ocr_par' dir='ltr' id='par_1_89' title="bbox 2013 4306 3583 4387">
     <span class='ocr_line' id='line_1_89' title="bbox 2013 4306 3583 4387; baseline 0.009 -26"><span class='ocrx_word' id='word_1_694' title='bbox 2013 4322 2129 4361; x_wconf 90' lang='lat' dir='ltr'><strong>rum</strong></span> <span class='ocrx_word' id='word_1_695' title='bbox 2162 4306 2373 4361; x_wconf 83' lang='lat' dir='ltr'><strong>circiter</strong></span> <span class='ocrx_word' id='word_1_696' title='bbox 2403 4318 2606 4377; x_wconf 91' lang='lat' dir='ltr'><strong>septem</strong></span> <span class='ocrx_word' id='word_1_697' title='bbox 2656 4312 2842 4365; x_wconf 88' lang='lat' dir='ltr'><strong>millia.</strong></span> <span class='ocrx_word' id='word_1_698' title='bbox 2897 4312 2990 4369; x_wconf 88' lang='lat' dir='ltr'><strong>Est</strong></span> <span class='ocrx_word' id='word_1_699' title='bbox 3034 4328 3208 4372; x_wconf 90' lang='lat' dir='ltr'><strong>autem</strong></span> <span class='ocrx_word' id='word_1_700' title='bbox 3255 4318 3480 4387; x_wconf 89' lang='lat' dir='ltr'><strong>primutn</strong></span> <span class='ocrx_word' id='word_1_701' title='bbox 3529 4332 3583 4376; x_wconf 89' lang='lat' dir='ltr'><strong>et</strong></span> 
     </span>
    </p>
   </div>
   <div class='ocr_carea' id='block_1_90' title="bbox 2013 4400 3582 4475">
    <p class='ocr_par' dir='ltr' id='par_1_90' title="bbox 2013 4400 3582 4475">
     <span class='ocr_line' id='line_1_90' title="bbox 2013 4400 3582 4475; baseline 0.011 -25"><span class='ocrx_word' id='word_1_702' title='bbox 2013 4412 2258 4466; x_wconf 88' lang='lat' dir='ltr'><strong>tnagnum</strong></span> <span class='ocrx_word' id='word_1_703' title='bbox 2296 4400 2698 4466; x_wconf 80' lang='lat' dir='ltr'><strong>monasterium,</strong></span> <span class='ocrx_word' id='word_1_704' title='bbox 2753 4402 2940 4472; x_wconf 90' lang='lat' dir='ltr'><strong>inquo</strong></span> <span class='ocrx_word' id='word_1_705' title='bbox 2990 4406 3105 4475; x_wconf 89' lang='lat' dir='ltr'><strong>ipse</strong></span> <span class='ocrx_word' id='word_1_706' title='bbox 3146 4409 3349 4464; x_wconf 86' lang='lat' dir='ltr'><strong>habitat</strong></span> <span class='ocrx_word' id='word_1_707' title='bbox 3396 4412 3582 4473; x_wconf 74' lang='lat' dir='ltr'><strong>beatus</strong></span> 
     </span>
    </p>
   </div>
   <div class='ocr_carea' id='block_1_91' title="bbox 2013 4486 3581 4562">
    <p class='ocr_par' dir='ltr' id='par_1_91' title="bbox 2013 4486 3581 4562">
     <span class='ocr_line' id='line_1_91' title="bbox 2013 4486 3581 4562; baseline 0.013 -24"><span class='ocrx_word' id='word_1_708' title='bbox 2013 4486 2347 4553; x_wconf 82' lang='lat' dir='ltr'><strong>Pachomius,</strong></span> <span class='ocrx_word' id='word_1_709' title='bbox 2382 4488 2522 4557; x_wconf 88' lang='lat' dir='ltr'><strong>quod</strong></span> <span class='ocrx_word' id='word_1_710' title='bbox 2549 4490 2651 4543; x_wconf 86' lang='lat' dir='ltr'><strong>alia</strong></span> <span class='ocrx_word' id='word_1_711' title='bbox 2693 4494 2892 4560; x_wconf 89' lang='lat' dir='ltr'><strong>peperit</strong></span> <span class='ocrx_word' id='word_1_712' title='bbox 2924 4500 3264 4562; x_wconf 83' lang='lat' dir='ltr'><strong>monasteria,</strong></span> <span class='ocrx_word' id='word_1_713' title='bbox 3298 4502 3581 4560; x_wconf 87' lang='lat' dir='ltr'><strong>continens</strong></span> 
     </span>
    </p>
   </div>
   <div class='ocr_carea' id='block_1_92' title="bbox 341 4579 3565 4657">
    <p class='ocr_par' dir='ltr' id='par_1_92' title="bbox 341 4579 3565 4657">
     <span class='ocr_line' id='line_1_92' title="bbox 341 4579 3565 4657; baseline 0.01 -40"><span class='ocrx_word' id='word_1_714' title='bbox 341 4589 517 4633; x_wconf 69' lang='lat' dir='ltr'><strong>amem</strong></span> <span class='ocrx_word' id='word_1_715' title='bbox 541 4579 776 4634; x_wconf 50' lang='lat' dir='ltr'><strong>diversas</strong></span> <span class='ocrx_word' id='word_1_716' title='bbox 805 4584 968 4637; x_wconf 66' lang='lat' dir='ltr'><strong>cenas</strong></span> <span class='ocrx_word' id='word_1_717' title='bbox 1000 4586 1051 4639; x_wconf 70' lang='lat' dir='ltr'><strong>in</strong></span> <span class='ocrx_word' id='word_1_718' title='bbox 1082 4589 1267 4641; x_wconf 67' lang='lat' dir='ltr'><strong>eadem</strong></span> <span class='ocrx_word' id='word_1_719' title='bbox 1303 4590 1446 4657; x_wconf 55' lang='lat' dir='ltr'><strong>aula,</strong></span> <span class='ocrx_word' id='word_1_720' title='bbox 1481 4601 1535 4645; x_wconf 68' lang='grc' dir='ltr'><strong>ει</strong></span> <span class='ocrx_word' id='word_1_721' title='bbox 1557 4603 1663 4647; x_wconf 60' lang='grc' dir='ltr'><strong>ηερ,</strong></span> <span class='ocrx_word' id='word_1_722' title='bbox 1690 4597 1744 4649; x_wconf 72' lang='lat' dir='ltr'><strong>in</strong></span> <span class='ocrx_word' id='word_1_723' title='bbox 1774 4598 1908 4653; x_wconf 66' lang='lat' dir='ltr'><strong>cena</strong></span> <span class='ocrx_word' id='word_1_724' title='bbox 1939 4583 1990 4643; x_wconf 81' lang='grc' dir='ltr'><strong>Ι)</strong></span> <span class='ocrx_word' id='word_1_725' title='bbox 2015 4591 2294 4631; x_wconf 83' lang='lat' dir='ltr'><strong>numerum</strong></span> <span class='ocrx_word' id='word_1_726' title='bbox 2336 4579 2550 4634; x_wconf 90' lang='lat' dir='ltr'><strong>circiter</strong></span> <span class='ocrx_word' id='word_1_727' title='bbox 2596 4582 2741 4635; x_wconf 88' lang='lat' dir='ltr'><strong>mille</strong></span> <span class='ocrx_word' id='word_1_728' title='bbox 2779 4585 3281 4654; x_wconf 87' lang='lat' dir='ltr'><strong>quadringentorum</strong></span> <span class='ocrx_word' id='word_1_729' title='bbox 3315 4592 3565 4649; x_wconf 90' lang='lat' dir='ltr'><strong>virorum.</strong></span> 
     </span>
    </p>
   </div>
   <div class='ocr_carea' id='block_1_93' title="bbox 340 4674 1907 4755">
    <p class='ocr_par' dir='ltr' id='par_1_93' title="bbox 340 4674 1907 4755">
     <span class='ocr_line' id='line_1_93' title="bbox 340 4674 1907 4755; baseline 0.011 -30"><span class='ocrx_word' id='word_1_730' title='bbox 340 4681 607 4726; x_wconf 86' lang='lat' dir='ltr'><strong>maneant.</strong></span> <span class='ocrx_word' id='word_1_731' title='bbox 639 4674 895 4729; x_wconf 88' lang='lat' dir='ltr'><strong>Omnibus</strong></span> <span class='ocrx_word' id='word_1_732' title='bbox 910 4685 1086 4731; x_wconf 86' lang='lat' dir='ltr'><strong>autem</strong></span> <span class='ocrx_word' id='word_1_733' title='bbox 1109 4679 1261 4732; x_wconf 90' lang='lat' dir='ltr'><strong>cibus</strong></span> <span class='ocrx_word' id='word_1_734' title='bbox 1288 4682 1340 4734; x_wconf 91' lang='lat' dir='ltr'><strong>in</strong></span> <span class='ocrx_word' id='word_1_735' title='bbox 1366 4698 1467 4735; x_wconf 87' lang='lat' dir='ltr'><strong>una</strong></span> <span class='ocrx_word' id='word_1_736' title='bbox 1493 4684 1647 4742; x_wconf 91' lang='lat' dir='ltr'><strong>domo</strong></span> <span class='ocrx_word' id='word_1_737' title='bbox 1670 4700 1907 4755; x_wconf 89' lang='lat' dir='ltr'><strong>paretur.</strong></span> 
     </span>
    </p>
   </div>
   <div class='ocr_carea' id='block_1_94' title="bbox 341 4762 1908 4841">
    <p class='ocr_par' dir='ltr' id='par_1_94' title="bbox 341 4762 1908 4841">
     <span class='ocr_line' id='line_1_94' title="bbox 341 4762 1908 4841; baseline 0.013 -26"><span class='ocrx_word' id='word_1_738' title='bbox 341 4762 613 4816; x_wconf 85' lang='lat' dir='ltr'><strong>Dormiant</strong></span> <span class='ocrx_word' id='word_1_739' title='bbox 665 4774 838 4819; x_wconf 88' lang='lat' dir='ltr'><strong>autem</strong></span> <span class='ocrx_word' id='word_1_740' title='bbox 897 4782 1000 4820; x_wconf 93' lang='lat' dir='ltr'><strong>non</strong></span> <span class='ocrx_word' id='word_1_741' title='bbox 1049 4772 1437 4841; x_wconf 89' lang='lat' dir='ltr'><strong>recumbentes,</strong></span> <span class='ocrx_word' id='word_1_742' title='bbox 1483 4777 1576 4830; x_wconf 91' lang='lat' dir='ltr'><strong>sed</strong></span> <span class='ocrx_word' id='word_1_743' title='bbox 1626 4783 1908 4836; x_wconf 80' lang='lat' dir='ltr'><strong>exstructis</strong></span> 
     </span>
    </p>
   </div>
   <div class='ocr_carea' id='block_1_95' title="bbox 338 4852 1904 4937">
    <p class='ocr_par' dir='ltr' id='par_1_95' title="bbox 338 4852 1904 4937">
     <span class='ocr_line' id='line_1_95' title="bbox 338 4852 1904 4937; baseline 0.011 -30"><span class='ocrx_word' id='word_1_744' title='bbox 338 4854 436 4907; x_wconf 81' lang='lat' dir='ltr'><strong>sibi</strong></span> <span class='ocrx_word' id='word_1_745' title='bbox 465 4852 678 4907; x_wconf 84' lang='lat' dir='ltr'><strong>sedibus</strong></span> <span class='ocrx_word' id='word_1_746' title='bbox 711 4856 868 4922; x_wconf 90' lang='lat' dir='ltr'><strong>paulo</strong></span> <span class='ocrx_word' id='word_1_747' title='bbox 896 4858 1272 4924; x_wconf 88' lang='lat' dir='ltr'><strong>supinioribus,</strong></span> <span class='ocrx_word' id='word_1_748' title='bbox 1298 4872 1351 4915; x_wconf 90' lang='lat' dir='ltr'><strong>et</strong></span> <span class='ocrx_word' id='word_1_749' title='bbox 1374 4863 1485 4918; x_wconf 90' lang='lat' dir='ltr'><strong>illic</strong></span> <span class='ocrx_word' id='word_1_750' title='bbox 1512 4867 1620 4920; x_wconf 91' lang='lat' dir='ltr'><strong>suis</strong></span> <span class='ocrx_word' id='word_1_751' title='bbox 1648 4868 1904 4937; x_wconf 86' lang='lat' dir='ltr'><strong>impositis</strong></span> 
     </span>
    </p>
   </div>
   <div class='ocr_carea' id='block_1_96' title="bbox 338 4946 1904 5026">
    <p class='ocr_par' dir='ltr' id='par_1_96' title="bbox 338 4946 1904 5026">
     <span class='ocr_line' id='line_1_96' title="bbox 338 4946 1904 5026; baseline 0.011 -28"><span class='ocrx_word' id='word_1_752' title='bbox 338 4946 584 5014; x_wconf 78' lang='lat' dir='ltr'><strong>stragulis</strong></span> <span class='ocrx_word' id='word_1_753' title='bbox 612 4946 876 5000; x_wconf 88' lang='lat' dir='ltr'><strong>dormiant</strong></span> <span class='ocrx_word' id='word_1_754' title='bbox 900 4951 1167 5005; x_wconf 87' lang='lat' dir='ltr'><strong>sedentes.</strong></span> <span class='ocrx_word' id='word_1_755' title='bbox 1200 4954 1364 5007; x_wconf 85' lang='lat' dir='ltr'><strong>Noctu</strong></span> <span class='ocrx_word' id='word_1_756' title='bbox 1389 4967 1565 5011; x_wconf 89' lang='lat' dir='ltr'><strong>autem</strong></span> <span class='ocrx_word' id='word_1_757' title='bbox 1595 4969 1801 5026; x_wconf 89' lang='lat' dir='ltr'><strong>gestent</strong></span> <span class='ocrx_word' id='word_1_758' title='bbox 1829 4962 1904 5016; x_wconf 88' lang='lat' dir='ltr'><strong>le-</strong></span> 
     </span>
    </p>
   </div>
   <div class='ocr_carea' id='block_1_97' title="bbox 338 5035 1904 5118">
    <p class='ocr_par' dir='ltr' id='par_1_97' title="bbox 338 5035 1904 5118">
     <span class='ocr_line' id='line_1_97' title="bbox 338 5035 1904 5118; baseline 0.014 -32"><span class='ocrx_word' id='word_1_759' title='bbox 338 5035 543 5089; x_wconf 88' lang='lat' dir='ltr'><strong>bitones</strong></span> <span class='ocrx_word' id='word_1_760' title='bbox 575 5037 765 5101; x_wconf 88' lang='lat' dir='ltr'><strong>Iineos,</strong></span> <span class='ocrx_word' id='word_1_761' title='bbox 796 5041 1070 5094; x_wconf 91' lang='lat' dir='ltr'><strong>succincti.</strong></span> <span class='ocrx_word' id='word_1_762' title='bbox 1106 5042 1306 5097; x_wconf 85' lang='lat' dir='ltr'><strong>llabeat</strong></span> <span class='ocrx_word' id='word_1_763' title='bbox 1336 5050 1697 5118; x_wconf 86' lang='lat' dir='ltr'><strong>unusquisque</strong></span> <span class='ocrx_word' id='word_1_764' title='bbox 1728 5067 1793 5105; x_wconf 82' lang='lat' dir='ltr'><strong>ex</strong></span> <span class='ocrx_word' id='word_1_765' title='bbox 1825 5054 1904 5108; x_wconf 90' lang='lat' dir='ltr'><strong>his</strong></span> 
     </span>
    </p>
   </div>
   <div class='ocr_carea' id='block_1_98' title="bbox 339 5124 1905 5210">
    <p class='ocr_par' dir='ltr' id='par_1_98' title="bbox 339 5124 1905 5210">
     <span class='ocr_line' id='line_1_98' title="bbox 339 5124 1905 5210; baseline 0.015 -36"><span class='ocrx_word' id='word_1_766' title='bbox 339 5124 527 5191; x_wconf 91' lang='lat' dir='ltr'><strong>pellem</strong></span> <span class='ocrx_word' id='word_1_767' title='bbox 552 5126 760 5180; x_wconf 90' lang='lat' dir='ltr'><strong>ovillam</strong></span> <span class='ocrx_word' id='word_1_768' title='bbox 783 5129 955 5182; x_wconf 77' lang='lat' dir='ltr'><strong>albani</strong></span> <span class='ocrx_word' id='word_1_769' title='bbox 981 5131 1291 5197; x_wconf 84' lang='lat' dir='ltr'><strong>laboratam,</strong></span> <span class='ocrx_word' id='word_1_770' title='bbox 1315 5135 1513 5204; x_wconf 88' lang='lat' dir='ltr'><strong>absque</strong></span> <span class='ocrx_word' id='word_1_771' title='bbox 1536 5154 1597 5192; x_wconf 86' lang='lat' dir='ltr'><strong>ea</strong></span> <span class='ocrx_word' id='word_1_772' title='bbox 1622 5155 1791 5210; x_wconf 89' lang='lat' dir='ltr'><strong>neque</strong></span> <span class='ocrx_word' id='word_1_773' title='bbox 1815 5158 1905 5197; x_wconf 89' lang='lat' dir='ltr'><strong>co-</strong></span> 
     </span>
    </p>
   </div>
   <div class='ocr_carea' id='block_1_99' title="bbox 334 5212 1903 5291">
    <p class='ocr_par' dir='ltr' id='par_1_99' title="bbox 334 5212 1903 5291">
     <span class='ocr_line' id='line_1_99' title="bbox 334 5212 1903 5291; baseline 0.014 -25"><span class='ocrx_word' id='word_1_774' title='bbox 334 5212 572 5279; x_wconf 88' lang='lat' dir='ltr'><strong>medant,</strong></span> <span class='ocrx_word' id='word_1_775' title='bbox 596 5231 766 5286; x_wconf 90' lang='lat' dir='ltr'><strong>neque</strong></span> <span class='ocrx_word' id='word_1_776' title='bbox 787 5218 1067 5274; x_wconf 88' lang='lat' dir='ltr'><strong>dormiant.</strong></span> <span class='ocrx_word' id='word_1_777' title='bbox 1085 5223 1441 5291; x_wconf 83' lang='lat' dir='ltr'><strong>Ingredicntes</strong></span> <span class='ocrx_word' id='word_1_778' title='bbox 1464 5238 1636 5283; x_wconf 89' lang='lat' dir='ltr'><strong>autem</strong></span> <span class='ocrx_word' id='word_1_779' title='bbox 1660 5235 1725 5285; x_wconf 89' lang='lat' dir='ltr'><strong>ad</strong></span> <span class='ocrx_word' id='word_1_780' title='bbox 1750 5234 1903 5288; x_wconf 55' lang='lat' dir='ltr'><strong>Cltriv</strong></span> 
     </span>
    </p>
   </div>
   <div class='ocr_carea' id='block_1_100' title="bbox 334 5305 1904 5386">
    <p class='ocr_par' dir='ltr' id='par_1_100' title="bbox 334 5305 1904 5386">
     <span class='ocr_line' id='line_1_100' title="bbox 334 5305 1904 5386; baseline 0.014 -27"><span class='ocrx_word' id='word_1_781' title='bbox 334 5305 404 5360; x_wconf 79' lang='grc' dir='ltr'><strong>ειί</strong></span> <span class='ocrx_word' id='word_1_782' title='bbox 430 5311 856 5365; x_wconf 85' lang='lat' dir='ltr'><strong>communionem</strong></span> <span class='ocrx_word' id='word_1_783' title='bbox 896 5313 1129 5368; x_wconf 88' lang='lat' dir='ltr'><strong>Sabbato</strong></span> <span class='ocrx_word' id='word_1_784' title='bbox 1173 5325 1226 5369; x_wconf 94' lang='lat' dir='ltr'><strong>et</strong></span> <span class='ocrx_word' id='word_1_785' title='bbox 1276 5318 1566 5386; x_wconf 81' lang='lat' dir='ltr'><strong>Dominica,</strong></span> <span class='ocrx_word' id='word_1_786' title='bbox 1600 5338 1759 5378; x_wconf 88' lang='lat' dir='ltr'><strong>zonas</strong></span> <span class='ocrx_word' id='word_1_787' title='bbox 1798 5326 1904 5380; x_wconf 90' lang='lat' dir='ltr'><strong>sol-</strong></span> 
     </span>
    </p>
   </div>
   <div class='ocr_carea' id='block_1_101' title="bbox 334 5401 1903 5472">
    <p class='ocr_par' dir='ltr' id='par_1_101' title="bbox 334 5401 1903 5472">
     <span class='ocr_line' id='line_1_101' title="bbox 334 5401 1903 5472; baseline 0.015 -24"><span class='ocrx_word' id='word_1_788' title='bbox 334 5404 479 5461; x_wconf 91' lang='lat' dir='ltr'><strong>vant,</strong></span> <span class='ocrx_word' id='word_1_789' title='bbox 503 5406 555 5451; x_wconf 90' lang='lat' dir='ltr'><strong>et</strong></span> <span class='ocrx_word' id='word_1_790' title='bbox 576 5401 766 5467; x_wconf 90' lang='lat' dir='ltr'><strong>pellem</strong></span> <span class='ocrx_word' id='word_1_791' title='bbox 789 5403 999 5458; x_wconf 90' lang='lat' dir='ltr'><strong>ovillam</strong></span> <span class='ocrx_word' id='word_1_792' title='bbox 1024 5406 1312 5472; x_wconf 89' lang='lat' dir='ltr'><strong>deponant,</strong></span> <span class='ocrx_word' id='word_1_793' title='bbox 1346 5420 1398 5462; x_wconf 92' lang='lat' dir='ltr'><strong>et</strong></span> <span class='ocrx_word' id='word_1_794' title='bbox 1427 5428 1545 5464; x_wconf 84' lang='lat' dir='ltr'><strong>cum</strong></span> <span class='ocrx_word' id='word_1_795' title='bbox 1564 5414 1673 5467; x_wconf 89' lang='lat' dir='ltr'><strong>sola</strong></span> <span class='ocrx_word' id='word_1_796' title='bbox 1697 5417 1903 5471; x_wconf 88' lang='lat' dir='ltr'><strong>cuculla</strong></span> 
     </span>
    </p>
   </div>
   <div class='ocr_carea' id='block_1_102' title="bbox 335 5485 1903 5576">
    <p class='ocr_par' dir='ltr' id='par_1_102' title="bbox 335 5485 1903 5576">
     <span class='ocr_line' id='line_1_102' title="bbox 335 5485 1903 5576; baseline 0.013 -38"><span class='ocrx_word' id='word_1_797' title='bbox 335 5485 715 5556; x_wconf 86' lang='lat' dir='ltr'><strong>ingrediantur.</strong></span> <span class='ocrx_word' id='word_1_798' title='bbox 748 5491 895 5548; x_wconf 88' lang='lat' dir='ltr'><strong>Fecit</strong></span> <span class='ocrx_word' id='word_1_799' title='bbox 924 5505 1099 5549; x_wconf 90' lang='lat' dir='ltr'><strong>autem</strong></span> <span class='ocrx_word' id='word_1_800' title='bbox 1123 5498 1200 5551; x_wconf 91' lang='lat' dir='ltr'><strong>eis</strong></span> <span class='ocrx_word' id='word_1_801' title='bbox 1222 5500 1459 5553; x_wconf 84' lang='lat' dir='ltr'><strong>eucullas</strong></span> <span class='ocrx_word' id='word_1_802' title='bbox 1489 5503 1603 5557; x_wconf 85' lang='lat' dir='ltr'><strong>sine</strong></span> <span class='ocrx_word' id='word_1_803' title='bbox 1627 5504 1764 5559; x_wconf 92' lang='lat' dir='ltr'><strong>villis</strong></span> <span class='ocrx_word' id='word_1_804' title='bbox 1789 5503 1903 5576; x_wconf 79' lang='lat'><strong>(78)</strong></span> 
     </span>
    </p>
   </div>
   <div class='ocr_carea' id='block_1_103' title="bbox 338 5582 1903 5667">
    <p class='ocr_par' dir='ltr' id='par_1_103' title="bbox 338 5582 1903 5667">
     <span class='ocr_line' id='line_1_103' title="bbox 338 5582 1903 5667; baseline 0.016 -40"><span class='ocrx_word' id='word_1_805' title='bbox 338 5587 580 5644; x_wconf 82' lang='lat' dir='ltr'><strong>tanquam</strong></span> <span class='ocrx_word' id='word_1_806' title='bbox 614 5582 809 5648; x_wconf 85' lang='lat' dir='ltr'><strong>pueris,</strong></span> <span class='ocrx_word' id='word_1_807' title='bbox 841 5585 892 5637; x_wconf 90' lang='lat' dir='ltr'><strong>in</strong></span> <span class='ocrx_word' id='word_1_808' title='bbox 925 5587 1116 5655; x_wconf 89' lang='lat' dir='ltr'><strong>quibus</strong></span> <span class='ocrx_word' id='word_1_809' title='bbox 1156 5589 1313 5643; x_wconf 91' lang='lat' dir='ltr'><strong>etiam</strong></span> <span class='ocrx_word' id='word_1_810' title='bbox 1342 5590 1499 5658; x_wconf 91' lang='lat' dir='ltr'><strong>jussit</strong></span> <span class='ocrx_word' id='word_1_811' title='bbox 1526 5594 1727 5662; x_wconf 89' lang='lat' dir='ltr'><strong>imponi</strong></span> <span class='ocrx_word' id='word_1_812' title='bbox 1772 5597 1903 5667; x_wconf 75' lang='lat' dir='ltr'><strong>figu-</strong></span> 
     </span>
    </p>
   </div>
   <div class='ocr_carea' id='block_1_104' title="bbox 336 5671 1898 5756">
    <p class='ocr_par' dir='ltr' id='par_1_104' title="bbox 336 5671 1898 5756">
     <span class='ocr_line' id='line_1_104' title="bbox 336 5671 1898 5756; baseline 0.013 -35"><span class='ocrx_word' id='word_1_813' title='bbox 336 5680 447 5721; x_wconf 81' lang='lat' dir='ltr'><strong>ram</strong></span> <span class='ocrx_word' id='word_1_814' title='bbox 477 5671 651 5727; x_wconf 87' lang='lat' dir='ltr'><strong>erucis</strong></span> <span class='ocrx_word' id='word_1_815' title='bbox 689 5688 981 5740; x_wconf 65' lang='lat' dir='ltr'><strong>purpureae.</strong></span> <span class='ocrx_word' id='word_1_816' title='bbox 1016 5678 1177 5733; x_wconf 74' lang='lat' dir='ltr'><strong>Iussit</strong></span> <span class='ocrx_word' id='word_1_817' title='bbox 1207 5690 1383 5737; x_wconf 89' lang='lat' dir='ltr'><strong>autem</strong></span> <span class='ocrx_word' id='word_1_818' title='bbox 1412 5698 1531 5740; x_wconf 90' lang='lat' dir='ltr'><strong>esse</strong></span> <span class='ocrx_word' id='word_1_819' title='bbox 1556 5686 1739 5756; x_wconf 86' lang='lat' dir='ltr'><strong>viginti</strong></span> <span class='ocrx_word' id='word_1_820' title='bbox 1768 5704 1898 5756; x_wconf 83' lang='lat' dir='ltr'><strong>qua-</strong></span> 
     </span>
    </p>
   </div>
   <div class='ocr_carea' id='block_1_105' title="bbox 2538 4690 3046 4752">
    <p class='ocr_par' dir='ltr' id='par_1_105' title="bbox 2538 4690 3046 4752">
     <span class='ocr_line' id='line_1_105' title="bbox 2538 4690 3046 4752; baseline 0.014 -7"><span class='ocrx_word' id='word_1_821' title='bbox 2538 4690 2764 4747; x_wconf 86' lang='lat' dir='ltr'><strong>CAPUT</strong></span> <span class='ocrx_word' id='word_1_822' title='bbox 2808 4694 3046 4752; x_wconf 73' lang='lat' dir='ltr'><strong>XXXIX.</strong></span> 
     </span>
    </p>
   </div>
   <div class='ocr_carea' id='block_1_106' title="bbox 2386 4781 3210 4859">
    <p class='ocr_par' dir='ltr' id='par_1_106' title="bbox 2386 4781 3210 4859">
     <span class='ocr_line' id='line_1_106' title="bbox 2386 4781 3210 4859; baseline 0.018 -26"><span class='ocrx_word' id='word_1_823' title='bbox 2386 4781 2501 4835; x_wconf 74' lang='lat' dir='ltr'><strong>Vt&#39;fa</strong></span> <span class='ocrx_word' id='word_1_824' title='bbox 2528 4784 2719 4837; x_wconf 81' lang='lat' dir='ltr'><strong>abbatis</strong></span> <span class='ocrx_word' id='word_1_825' title='bbox 2755 4786 3033 4856; x_wconf 78' lang='lat' dir='ltr'><strong>Apht/tOnii</strong></span> <span class='ocrx_word' id='word_1_826' title='bbox 3076 4791 3210 4859; x_wconf 83' lang='lat'><strong>(80).</strong></span> 
     </span>
    </p>
   </div>
   <div class='ocr_carea' id='block_1_107' title="bbox 2086 4870 3582 4957">
    <p class='ocr_par' dir='ltr' id='par_1_107' title="bbox 2086 4870 3582 4957">
     <span class='ocr_line' id='line_1_107' title="bbox 2086 4870 3582 4957; baseline 0.013 -33"><span class='ocrx_word' id='word_1_827' title='bbox 2086 4870 2226 4926; x_wconf 89' lang='lat' dir='ltr'><strong>Inter</strong></span> <span class='ocrx_word' id='word_1_828' title='bbox 2241 4887 2374 4941; x_wconf 87' lang='lat' dir='ltr'><strong>quos</strong></span> <span class='ocrx_word' id='word_1_829' title='bbox 2400 4884 2483 4929; x_wconf 88' lang='lat' dir='ltr'><strong>est</strong></span> <span class='ocrx_word' id='word_1_830' title='bbox 2502 4876 2658 4931; x_wconf 91' lang='lat' dir='ltr'><strong>etiam</strong></span> <span class='ocrx_word' id='word_1_831' title='bbox 2682 4894 2867 4933; x_wconf 82' lang='lat' dir='ltr'><strong>servus</strong></span> <span class='ocrx_word' id='word_1_832' title='bbox 2891 4881 2981 4935; x_wconf 89' lang='lat' dir='ltr'><strong>Dei</strong></span> <span class='ocrx_word' id='word_1_833' title='bbox 2999 4884 3085 4951; x_wconf 92' lang='lat' dir='ltr'><strong>qui</strong></span> <span class='ocrx_word' id='word_1_834' title='bbox 3106 4894 3321 4939; x_wconf 88' lang='lat' dir='ltr'><strong>vocatur</strong></span> <span class='ocrx_word' id='word_1_835' title='bbox 3338 4888 3582 4957; x_wconf 82' lang='lat' dir='ltr'><strong>Aphtho-</strong></span> 
     </span>
    </p>
   </div>
   <div class='ocr_carea' id='block_1_108' title="bbox 2006 4968 3580 5050">
    <p class='ocr_par' dir='ltr' id='par_1_108' title="bbox 2006 4968 3580 5050">
     <span class='ocr_line' id='line_1_108' title="bbox 2006 4968 3580 5050; baseline 0.009 -28"><span class='ocrx_word' id='word_1_836' title='bbox 2006 4968 2147 5033; x_wconf 90' lang='lat' dir='ltr'><strong>nius,</strong></span> <span class='ocrx_word' id='word_1_837' title='bbox 2188 4972 2277 5038; x_wconf 88' lang='lat' dir='ltr'><strong>qui</strong></span> <span class='ocrx_word' id='word_1_838' title='bbox 2308 4981 2391 5024; x_wconf 91' lang='lat' dir='ltr'><strong>est</strong></span> <span class='ocrx_word' id='word_1_839' title='bbox 2413 4972 2541 5025; x_wconf 91' lang='lat' dir='ltr'><strong>mihi</strong></span> <span class='ocrx_word' id='word_1_840' title='bbox 2564 4989 2849 5041; x_wconf 83' lang='lat' dir='ltr'><strong>germanus</strong></span> <span class='ocrx_word' id='word_1_841' title='bbox 2880 4990 2941 5029; x_wconf 89' lang='lat' dir='ltr'><strong>ac</strong></span> <span class='ocrx_word' id='word_1_842' title='bbox 2966 4976 3208 5030; x_wconf 80' lang='lat' dir='ltr'><strong>sincerus</strong></span> <span class='ocrx_word' id='word_1_843' title='bbox 3237 4980 3461 5044; x_wconf 91' lang='lat' dir='ltr'><strong>amicus,</strong></span> <span class='ocrx_word' id='word_1_844' title='bbox 3489 4981 3580 5050; x_wconf 76' lang='lat' dir='ltr'><strong>qui</strong></span> 
     </span>
    </p>
   </div>
   <div class='ocr_carea' id='block_1_109' title="bbox 2008 5060 3579 5128">
    <p class='ocr_par' dir='ltr' id='par_1_109' title="bbox 2008 5060 3579 5128">
     <span class='ocr_line' id='line_1_109' title="bbox 2008 5060 3579 5128; baseline 0.011 -18"><span class='ocrx_word' id='word_1_845' title='bbox 2008 5073 2147 5113; x_wconf 85' lang='lat' dir='ltr'><strong>nunc</strong></span> <span class='ocrx_word' id='word_1_846' title='bbox 2177 5060 2381 5115; x_wconf 84' lang='lat' dir='ltr'><strong>obtinet</strong></span> <span class='ocrx_word' id='word_1_847' title='bbox 2424 5063 2714 5117; x_wconf 89' lang='lat' dir='ltr'><strong>secundum</strong></span> <span class='ocrx_word' id='word_1_848' title='bbox 2757 5064 2929 5117; x_wconf 86' lang='lat' dir='ltr'><strong>locum</strong></span> <span class='ocrx_word' id='word_1_849' title='bbox 2982 5066 3031 5119; x_wconf 95' lang='lat' dir='ltr'><strong>in</strong></span> <span class='ocrx_word' id='word_1_850' title='bbox 3082 5068 3168 5120; x_wconf 91' lang='lat' dir='ltr'><strong>illo</strong></span> <span class='ocrx_word' id='word_1_851' title='bbox 3230 5073 3579 5128; x_wconf 83' lang='lat' dir='ltr'><strong>umnasterio.</strong></span> 
     </span>
    </p>
   </div>
   <div class='ocr_carea' id='block_1_110' title="bbox 2009 5148 3579 5228">
    <p class='ocr_par' dir='ltr' id='par_1_110' title="bbox 2009 5148 3579 5228">
     <span class='ocr_line' id='line_1_110' title="bbox 2009 5148 3579 5228; baseline 0.01 -27"><span class='ocrx_word' id='word_1_852' title='bbox 2009 5148 2177 5215; x_wconf 88' lang='lat' dir='ltr'><strong>Quem</strong></span> <span class='ocrx_word' id='word_1_853' title='bbox 2210 5161 2266 5204; x_wconf 93' lang='lat' dir='ltr'><strong>ut</strong></span> <span class='ocrx_word' id='word_1_854' title='bbox 2287 5153 2373 5219; x_wconf 88' lang='lat' dir='ltr'><strong>qui</strong></span> <span class='ocrx_word' id='word_1_855' title='bbox 2406 5154 2471 5205; x_wconf 92' lang='lat' dir='ltr'><strong>sit</strong></span> <span class='ocrx_word' id='word_1_856' title='bbox 2502 5164 2685 5220; x_wconf 91' lang='lat' dir='ltr'><strong>potens</strong></span> <span class='ocrx_word' id='word_1_857' title='bbox 2715 5155 2766 5208; x_wconf 86' lang='lat' dir='ltr'><strong>in</strong></span> <span class='ocrx_word' id='word_1_858' title='bbox 2798 5155 3030 5222; x_wconf 87' lang='lat' dir='ltr'><strong>Christo,</strong></span> <span class='ocrx_word' id='word_1_859' title='bbox 3064 5160 3349 5228; x_wconf 72' lang='lat' dir='ltr'><strong>ﬁrmusque</strong></span> <span class='ocrx_word' id='word_1_860' title='bbox 3378 5177 3439 5215; x_wconf 92' lang='lat' dir='ltr'><strong>ac</strong></span> <span class='ocrx_word' id='word_1_861' title='bbox 3468 5174 3579 5216; x_wconf 84' lang='lat' dir='ltr'><strong>sta-</strong></span> 
     </span>
    </p>
   </div>
   <div class='ocr_carea' id='block_1_111' title="bbox 2008 5238 3582 5313">
    <p class='ocr_par' dir='ltr' id='par_1_111' title="bbox 2008 5238 3582 5313">
     <span class='ocr_line' id='line_1_111' title="bbox 2008 5238 3582 5313; baseline 0.01 -21"><span class='ocrx_word' id='word_1_862' title='bbox 2008 5238 2149 5308; x_wconf 89' lang='lat' dir='ltr'><strong>bilis,</strong></span> <span class='ocrx_word' id='word_1_863' title='bbox 2181 5256 2277 5295; x_wconf 88' lang='lat' dir='ltr'><strong>uee</strong></span> <span class='ocrx_word' id='word_1_864' title='bbox 2300 5240 2456 5296; x_wconf 85' lang='lat' dir='ltr'><strong>facile</strong></span> <span class='ocrx_word' id='word_1_865' title='bbox 2481 5244 2673 5297; x_wconf 79' lang='lat' dir='ltr'><strong>olfendi</strong></span> <span class='ocrx_word' id='word_1_866' title='bbox 2706 5247 2893 5313; x_wconf 88' lang='lat' dir='ltr'><strong>possit,</strong></span> <span class='ocrx_word' id='word_1_867' title='bbox 2927 5248 3141 5302; x_wconf 90' lang='lat' dir='ltr'><strong>mittunt</strong></span> <span class='ocrx_word' id='word_1_868' title='bbox 3186 5253 3249 5303; x_wconf 87' lang='lat' dir='ltr'><strong>ad</strong></span> <span class='ocrx_word' id='word_1_869' title='bbox 3294 5265 3421 5305; x_wconf 89' lang='lat' dir='ltr'><strong>suos</strong></span> <span class='ocrx_word' id='word_1_870' title='bbox 3456 5267 3582 5308; x_wconf 87' lang='lat' dir='ltr'><strong>usus</strong></span> 
     </span>
    </p>
   </div>
   <div class='ocr_carea' id='block_1_112' title="bbox 2009 5332 3578 5410">
    <p class='ocr_par' dir='ltr' id='par_1_112' title="bbox 2009 5332 3578 5410">
     <span class='ocr_line' id='line_1_112' title="bbox 2009 5332 3578 5410; baseline 0.01 -27"><span class='ocrx_word' id='word_1_871' title='bbox 2009 5332 2406 5397; x_wconf 78' lang='lat' dir='ltr'><strong>Alexandriam,</strong></span> <span class='ocrx_word' id='word_1_872' title='bbox 2456 5345 2510 5388; x_wconf 91' lang='lat' dir='ltr'><strong>ut</strong></span> <span class='ocrx_word' id='word_1_873' title='bbox 2558 5338 2745 5389; x_wconf 90' lang='lat' dir='ltr'><strong>vendat</strong></span> <span class='ocrx_word' id='word_1_874' title='bbox 2776 5339 2986 5404; x_wconf 90' lang='lat' dir='ltr'><strong>quidem</strong></span> <span class='ocrx_word' id='word_1_875' title='bbox 3018 5355 3199 5393; x_wconf 89' lang='lat' dir='ltr'><strong>eorum</strong></span> <span class='ocrx_word' id='word_1_876' title='bbox 3224 5357 3404 5410; x_wconf 85' lang='lat' dir='ltr'><strong>opera,</strong></span> <span class='ocrx_word' id='word_1_877' title='bbox 3434 5354 3578 5399; x_wconf 83' lang='lat' dir='ltr'><strong>emat</strong></span> 
     </span>
    </p>
   </div>
   <div class='ocr_carea' id='block_1_113' title="bbox 2006 5425 3573 5501">
    <p class='ocr_par' dir='ltr' id='par_1_113' title="bbox 2006 5425 3573 5501">
     <span class='ocr_line' id='line_1_113' title="bbox 2006 5425 3573 5501; baseline 0.009 -29"><span class='ocrx_word' id='word_1_878' title='bbox 2006 5429 2180 5474; x_wconf 84' lang='lat' dir='ltr'><strong>autem</strong></span> <span class='ocrx_word' id='word_1_879' title='bbox 2216 5437 2331 5488; x_wconf 66' lang='lat' dir='ltr'><strong>quae</strong></span> <span class='ocrx_word' id='word_1_880' title='bbox 2363 5433 2481 5475; x_wconf 87' lang='lat' dir='ltr'><strong>sunt</strong></span> <span class='ocrx_word' id='word_1_881' title='bbox 2505 5425 2581 5477; x_wconf 87' lang='lat' dir='ltr'><strong>eis</strong></span> <span class='ocrx_word' id='word_1_882' title='bbox 2608 5428 2925 5481; x_wconf 85' lang='lat' dir='ltr'><strong>necessaria.</strong></span> <span class='ocrx_word' id='word_1_883' title='bbox 2957 5428 3087 5482; x_wconf 87' lang='lat' dir='ltr'><strong>Sunt</strong></span> <span class='ocrx_word' id='word_1_884' title='bbox 3112 5441 3287 5483; x_wconf 88' lang='lat' dir='ltr'><strong>autem</strong></span> <span class='ocrx_word' id='word_1_885' title='bbox 3317 5434 3419 5485; x_wconf 81' lang='lat' dir='ltr'><strong>alia</strong></span> <span class='ocrx_word' id='word_1_886' title='bbox 3439 5448 3573 5501; x_wconf 83' lang='lat' dir='ltr'><strong>quo-</strong></span> 
     </span>
    </p>
   </div>
   <div class='ocr_carea' id='block_1_114' title="bbox 2005 5513 3577 5579">
    <p class='ocr_par' dir='ltr' id='par_1_114' title="bbox 2005 5513 3577 5579">
     <span class='ocr_line' id='line_1_114' title="bbox 2005 5513 3577 5579; baseline 0.01 -17"><span class='ocrx_word' id='word_1_887' title='bbox 2005 5524 2107 5577; x_wconf 92' lang='lat' dir='ltr'><strong>que</strong></span> <span class='ocrx_word' id='word_1_888' title='bbox 2138 5513 2457 5564; x_wconf 85' lang='lat' dir='ltr'><strong>monasteria</strong></span> <span class='ocrx_word' id='word_1_889' title='bbox 2482 5530 2597 5579; x_wconf 77' lang='lat' dir='ltr'><strong>quae</strong></span> <span class='ocrx_word' id='word_1_890' title='bbox 2623 5526 2867 5570; x_wconf 84' lang='lat' dir='ltr'><strong>constant</strong></span> <span class='ocrx_word' id='word_1_891' title='bbox 2892 5534 2957 5571; x_wconf 76' lang='lat' dir='ltr'><strong>ex</strong></span> <span class='ocrx_word' id='word_1_892' title='bbox 2979 5520 3220 5573; x_wconf 87' lang='lat' dir='ltr'><strong>ducentis</strong></span> <span class='ocrx_word' id='word_1_893' title='bbox 3243 5531 3296 5575; x_wconf 86' lang='lat' dir='ltr'><strong>et</strong></span> <span class='ocrx_word' id='word_1_894' title='bbox 3320 5526 3577 5577; x_wconf 72' lang='lat' dir='ltr'><strong>trecentis</strong></span> 
     </span>
    </p>
   </div>
   <div class='ocr_carea' id='block_1_115' title="bbox 2005 5602 3572 5684">
    <p class='ocr_par' dir='ltr' id='par_1_115' title="bbox 2005 5602 3572 5684">
     <span class='ocr_line' id='line_1_115' title="bbox 2005 5602 3572 5684; baseline 0.01 -31"><span class='ocrx_word' id='word_1_895' title='bbox 2005 5602 2283 5656; x_wconf 89' lang='lat' dir='ltr'><strong>animabus</strong></span> <span class='ocrx_word' id='word_1_896' title='bbox 2337 5605 2374 5657; x_wconf 79' lang='grc' dir='ltr'><strong>ί.</strong></span> <span class='ocrx_word' id='word_1_897' title='bbox 2418 5608 2590 5675; x_wconf 81' lang='lat' dir='ltr'><strong>Atque</strong></span> <span class='ocrx_word' id='word_1_898' title='bbox 2632 5608 2681 5661; x_wconf 92' lang='lat' dir='ltr'><strong>in</strong></span> <span class='ocrx_word' id='word_1_899' title='bbox 2727 5609 2886 5665; x_wconf 78' lang='lat' dir='ltr'><strong>I’auis</strong></span> <span class='ocrx_word' id='word_1_900' title='bbox 2913 5611 3123 5680; x_wconf 89' lang='lat' dir='ltr'><strong>quidem</strong></span> <span class='ocrx_word' id='word_1_901' title='bbox 3157 5613 3427 5684; x_wconf 86' lang='lat' dir='ltr'><strong>ingressus</strong></span> <span class='ocrx_word' id='word_1_902' title='bbox 3454 5628 3572 5669; x_wconf 90' lang='lat' dir='ltr'><strong>sum</strong></span> 
     </span>
    </p>
   </div>
   <div class='ocr_carea' id='block_1_116' title="bbox 2004 5689 3566 5766">
    <p class='ocr_par' dir='ltr' id='par_1_116' title="bbox 2004 5689 3566 5766">
     <span class='ocr_line' id='line_1_116' title="bbox 2004 5689 3566 5766; baseline 0.007 -22"><span class='ocrx_word' id='word_1_903' title='bbox 2004 5689 2269 5747; x_wconf 87' lang='lat' dir='ltr'><strong>civitatem</strong></span> <span class='ocrx_word' id='word_1_904' title='bbox 2304 5692 2442 5765; x_wconf 86' lang='lat'><strong>(8|),</strong></span> <span class='ocrx_word' id='word_1_905' title='bbox 2475 5695 2526 5749; x_wconf 83' lang='lat' dir='ltr'><strong>ia</strong></span> <span class='ocrx_word' id='word_1_906' title='bbox 2574 5711 2673 5766; x_wconf 88' lang='lat' dir='ltr'><strong>qua</strong></span> <span class='ocrx_word' id='word_1_907' title='bbox 2705 5699 3080 5755; x_wconf 88' lang='lat' dir='ltr'><strong>monasterium</strong></span> <span class='ocrx_word' id='word_1_908' title='bbox 3110 5712 3315 5759; x_wconf 86' lang='lat' dir='ltr'><strong>constat</strong></span> <span class='ocrx_word' id='word_1_909' title='bbox 3342 5718 3406 5759; x_wconf 79' lang='lat' dir='ltr'><strong>ex</strong></span> <span class='ocrx_word' id='word_1_910' title='bbox 3438 5704 3566 5759; x_wconf 83' lang='lat' dir='ltr'><strong>viris</strong></span> 
     </span>
    </p>
   </div>
   <div class='ocr_carea' id='block_1_117' title="bbox 321 5776 2167 5869">
    <p class='ocr_par' dir='ltr' id='par_1_117' title="bbox 321 5776 2167 5869">
     <span class='ocr_line' id='line_1_117' title="bbox 321 5776 2167 5869; baseline 0.015 -37"><span class='ocrx_word' id='word_1_911' title='bbox 321 5836 343 5850; x_wconf 28' lang='grc' dir='ltr'><strong>ἡ</strong></span> <span class='ocrx_word' id='word_1_912' title='bbox 407 5776 425 5809; x_wconf 80' lang='grc'>⁸</span> <span class='ocrx_word' id='word_1_913' title='bbox 458 5777 555 5834; x_wconf 88' lang='lat' dir='ltr'><strong>llic</strong></span> <span class='ocrx_word' id='word_1_914' title='bbox 600 5784 840 5852; x_wconf 64' lang='lat' dir='ltr'><strong>quadam</strong></span> <span class='ocrx_word' id='word_1_915' title='bbox 870 5787 921 5842; x_wconf 92' lang='lat' dir='ltr'><strong>in</strong></span> <span class='ocrx_word' id='word_1_916' title='bbox 965 5787 1170 5856; x_wconf 72' lang='lat' dir='ltr'><strong>Graeco,</strong></span> <span class='ocrx_word' id='word_1_917' title='bbox 1219 5807 1337 5861; x_wconf 72' lang='lat' dir='ltr'><strong>qua:</strong></span> <span class='ocrx_word' id='word_1_918' title='bbox 1387 5793 1547 5850; x_wconf 88' lang='lat' dir='ltr'><strong>habet</strong></span> <span class='ocrx_word' id='word_1_919' title='bbox 1596 5796 1899 5856; x_wconf 87' lang='lat' dir='ltr'><strong>Heraclides</strong></span> <span class='ocrx_word' id='word_1_920' title='bbox 1937 5816 2053 5869; x_wconf 85' lang='lat' dir='ltr'><strong>cap.</strong></span> <span class='ocrx_word' id='word_1_921' title='bbox 2087 5804 2167 5860; x_wconf 85' lang='lat' dir='ltr'><strong>l9.</strong></span> 
     </span>
    </p>
   </div>
  </div>
