4020 6426
488 351 629 409 Ηυῦ

500 490 772 543 trecentis.
829 487 1091 542 Exercent
1129 500 1309 542 autem
1360 505 1573 543 omnem
1605 500 1796 550 artem.
1829 500 1884 547 et
1912 507 1975 547 ex
2010 494 2072 547 iis
2101 493 2153 551 Α

499 595 621 650 qua:
647 588 953 649 supersunt,
982 578 1244 633 trdificant
1266 579 1379 651 (82)
1406 584 1563 636 etiam
1590 583 1869 637 mulierum
1892 598 2070 637 mona-

504 671 685 734 steria,
725 678 782 724 et
827 670 1118 724 custodias.
1163 671 1315 724 Mane
1344 686 1471 741 ergo
1514 683 1793 739 surgentes
1821 673 1854 727 ii
1884 675 2073 742 quibus

498 778 593 816 sua
625 763 742 816 vice
772 760 872 815 hoc
903 776 1095 815 munus
1121 760 1365 829 obtingit,
1397 762 1484 814 alii
1516 762 1727 829 quidem
1767 775 1889 817 sunt
1917 778 2076 817 occu-

509 857 612 925 pati
636 857 687 910 in
710 858 906 924 culina,
931 857 1020 911 alii
1051 873 1177 911 vero
1200 867 1478 911 versantur
1502 858 1553 910 in
1579 859 1776 913 mensis
1802 859 2070 926 parandis,

501 962 701 1001 niensm
724 949 1054 1015 imponentes
1083 962 1246 1017 panes
1264 957 1317 1001 et
1334 948 1475 1001 olera
1505 948 1753 1019 agrestia,
1774 948 1960 1013 olivas,
1984 962 2074 1001 ca-

500 1054 643 1104 seos,
673 1047 726 1092 et
753 1048 1019 1092 extremas
1044 1039 1282 1103 carnium
1314 1047 1512 1107 partes,
1538 1047 1592 1091 et
1616 1038 1940 1093 comminuta
1963 1038 2075 1091 ole-

500 1145 579 1182 ra.
612 1130 782 1199 Atque
803 1129 1171 1197 ingrediuntur
1190 1129 1425 1199 quidem,
1455 1129 1543 1199 qui
1572 1130 1745 1183 minus
1771 1138 1894 1182 sunt
1914 1130 2073 1181 robu-

497 1222 584 1286 sti,
616 1222 742 1275 hora
772 1223 1019 1290 septima,
1050 1231 1102 1277 et
1131 1223 1439 1286 comedunt,
1471 1221 1641 1290 utqui
1681 1220 1789 1274 sint
1834 1220 2072 1273 imbecil-

496 1310 688 1375 liores;
721 1311 807 1364 alii
849 1325 1010 1376 nona,
1041 1310 1131 1364 alii
1171 1310 1399 1378 decima,
1431 1308 1519 1363 alii
1559 1323 1681 1363 sero
1710 1322 1953 1374 vespere,
1981 1306 2069 1359 alii

497 1410 616 1470 post
647 1403 885 1469 biduum,
918 1402 1006 1457 alii
1040 1411 1158 1470 post
1183 1402 1440 1466 triduum,
1463 1402 1551 1455 alii
1576 1409 1693 1470 post
1712 1400 2067 1469 quatriduum,

493 1493 582 1545 alii
609 1501 726 1561 post
754 1493 988 1562 quinque
1008 1492 1144 1557 dies,
1170 1492 1304 1545 adeo
1324 1499 1380 1546 ut
1407 1490 1821 1561 unumquodque
1841 1491 2071 1544 elemen-

495 1592 602 1636 tum
630 1586 811 1637 tioram
845 1583 1109 1652 propriam
1150 1582 1433 1654 significet.
1476 1582 1567 1637 Sic
1596 1592 1772 1635 autem
1802 1589 1955 1635 erant
1980 1595 2071 1633 co-

491 1691 607 1728 rum
640 1690 852 1744 quoque
880 1690 1041 1745 opera
1074 1691 1090 1729 :
1122 1675 1258 1729 alius
1286 1676 1497 1743 quidem
1523 1674 1727 1728 laborat
1757 1675 1808 1727 in
1831 1688 1959 1742 agro
1979 1688 2070 1727 co-

490 1765 673 1832 lendo,
714 1766 851 1820 alius
890 1767 943 1820 in
968 1767 1144 1829 horto,
1176 1765 1309 1819 alius
1338 1766 1391 1819 in
1421 1765 1666 1834 pistrino,
1699 1766 1835 1819 alius
1865 1765 1915 1817 in
1945 1764 2069 1818 aeris

1958 359 2276 415 PALLADII

3622 367 3747 423 1104

2764 501 2989 558 CAPUT
3027 497 3166 558 XLI.

2322 585 2397 638 De
2449 585 2655 659 Virgine
2706 590 2820 661 (8G)
2862 608 2977 662 qum
3012 592 3288 646 simulabat
3323 593 3609 648 stultitiam.

2248 674 2300 728 In
2333 679 2433 731 hoc
2458 682 2782 735 monasterio
2805 682 2900 736 fuit
2922 684 3020 736 a'lia
3045 685 3190 752 virgo
3214 699 3333 751 qua:
3360 696 3574 753 propter
3598 684 3739 739 Chri-

2174 773 2313 820 stum
2336 769 2618 823 simulabat
2648 774 2923 826 stultitiam
2947 773 3354 845 (Pelag.,libell.
3379 792 3531 839 xvm,
3558 795 3611 830 η.
3641 778 3740 843 19),

2174 871 2229 913 et
2302 873 2360 913 se
2434 875 2463 913 a
2540 859 2787 915 daemone
2878 866 3501 933 occupari,persuadens
3526 867 3623 920 sibi
3660 884 3743 935 per

2177 943 2294 999 lucc
2317 947 2567 1003 virtutem
2596 953 2797 1014 Optime
2826 969 3105 1023 exercere,
3139 972 3197 1011 se
3222 958 3271 1009 in
3299 972 3360 1010 ea
3389 961 3639 1026 praeclare
3660 974 3739 1027 ge-

2174 1051 2320 1106 rens,
2353 1053 2515 1107 seque
2547 1044 2775 1097 reddens
2798 1044 3058 1113 abjectam
3089 1058 3142 1101 et
3184 1048 3456 1103 humilem.
3491 1050 3636 1103 lianc
3663 1067 3743 1105 us-

2172 1142 2276 1195 que
2324 1129 2459 1183 adco
2508 1132 2726 1201 reliqum
2770 1144 2895 1187 sunt
2942 1149 3259 1204 aspernatae,
3312 1147 3368 1192 ut
3413 1154 3510 1193 nec
3540 1155 3655 1192 cum
3684 1154 3739 1193 ea

2173 1218 2384 1284 quidem
2415 1232 2780 1288 vescerentur,
2821 1225 2871 1277 id
2905 1225 2993 1279 illa
3037 1228 3333 1295 excipiente
3379 1244 3499 1283 cum
3547 1230 3737 1285 lzetitia.

2178 1307 2490 1365 Di~currens
2522 1312 2699 1380 itaque
2728 1314 2778 1367 in
2811 1316 3063 1381 culinam,
3110 1319 3393 1371 exhibebat
3437 1320 3557 1372 aliis
3595 1334 3741 1374 omne

2171 1414 2341 1467 genus
2365 1401 2740 1469 ministerium,
2762 1404 2894 1457 adeo
2925 1413 2984 1459 ut
3012 1421 3109 1460 nec
3139 1408 3320 1461 horam
3350 1410 3565 1474 quidem
3591 1424 3738 1464 unam

2174 1488 2571 1559 intermitteret,
2605 1494 2696 1547 sed
2730 1502 2979 1564 tanquam
3013 1498 3203 1552 ancilla
3234 1499 3453 1553 serviret
3484 1518 3499 1554 :
3531 1510 3740 1568 eratque

2172 1579 2287 1633 hzec
2316 1581 2487 1645 beata,
2520 1592 2577 1636 ut
2602 1583 2813 1647 dicitur,
2842 1587 3063 1656 spongia
3090 1589 3417 1653 monasterii,
3442 1605 3629 1644 revera
3650 1592 3740 1644 im-

2174 1672 2323 1737 plens
2354 1673 2405 1726 id
2437 1675 2576 1741 quod
2624 1676 2879 1745 scriptum
2928 1688 3010 1732 est
3049 1680 3103 1733 in
3151 1680 3476 1751 Evangelia:
3509 1682 3612 1748 Qui
3641 1686 3740 1738 vult

2174 1762 2313 1815 inter
2336 1778 2428 1816 vos
2457 1779 2574 1818 esse
2597 1781 2838 1836 magnus,
2862 1770 2929 1822 sit
2956 1771 3190 1823 omnium
3213 1786 3416 1837 servus,
3438 1782 3490 1825 et
3511 1775 3737 1827 omnium

489 1859 726 1926 officina,
758 1860 892 1914 alius
920 1859 972 1914 in
1018 1859 1348 1925 fabricando,
1388 1859 1525 1913 alius
1568 1860 1620 1911 in
1660 1866 1777 1912 arte
1820 1856 2056 1921 fullonia,
2098 1863 2145 1921 Β
2174 1854 2414 1908 minister
2445 1855 2657 1922 (Malm.
2694 1875 2797 1923 xx;
2834 1859 2999 1914 Marc.
3033 1861 3112 1929 ιι).
3153 1861 3216 1914 Ει
3260 1877 3442 1916 rursus
3490 1864 3619 1917 alibi
3652 1863 3738 1918 :Si

488 1952 624 2006 alius
647 1952 698 2005 in
729 1952 979 2018 parandis
1006 1953 1165 2007 coriis
1191 1953 1329 2023 (85),
1360 1953 1493 2005 alius
1525 1952 1576 2005 in
1604 1951 1925 2005 consuendis
1954 1952 2069 2004 cal-

488 2042 620 2107 ceis,
646 2042 779 2096 alius
810 2043 862 2095 in
886 2042 1105 2110 pulchre
1126 2042 1427 2105 scribendo,
1455 2040 1590 2095 alius
1611 2041 1929 2095 conterebat
1954 2056 2069 2095 ma-

488 2147 620 2199 gnas
649 2142 881 2199 sportas,
913 2133 1048 2186 alius
1074 2133 1333 2186 canistros
1363 2142 1417 2187 et
1445 2132 1736 2199 sportulas.
1760 2132 2068 2186 Memoriter

490 2238 664 2279 antem
695 2241 882 2281 omnes
903 2235 1221 2294 expromunt
1252 2225 1573 2294 Scripturas.

567 2318 764 2369 llornm
794 2328 875 2370 est
906 2317 1185 2371 mulierum
1208 2331 1418 2385 quoque
1444 2317 1824 2370 monasterium
1854 2316 2068 2370 circizer

490 2408 1015 2477 quadringentarum,
1047 2408 1187 2477 quod
1221 2409 1381 2463 habet
1426 2409 1665 2462 eamdem
1700 2408 1907 2461 vivendi
1960 2408 2069 2461 for-

488 2514 629 2551 mam
657 2510 708 2552 et
738 2498 881 2553 idem
915 2498 1234 2561 institutum,
1272 2508 1463 2565 praeter
1485 2498 1673 2566 pellem
1703 2498 1941 2551 ovillam.
1999 2497 2067 2551 Bt

488 2598 611 2643 sunt
640 2590 851 2657 quidem
884 2590 1136 2643 mulieres
1181 2598 1324 2642 trans
1353 2589 1568 2643 ﬂuvium
1600 2589 1805 2653 Nilum;
1839 2588 1935 2641 viri
1966 2604 2063 2641 au-

492 2693 597 2736 tem
621 2696 683 2735 ex
715 2681 940 2734 adverso
975 2696 1177 2735 earum.
1212 2680 1268 2735 Si
1301 2682 1448 2749 virgo
1477 2688 1651 2734 autem
1682 2677 1892 2743 obierit,
1938 2679 2063 2732 reli-

487 2791 606 2844 qum
626 2776 855 2843 virgines
884 2789 1004 2828 cum
1023 2789 1138 2827 eam
1165 2773 1226 2826 ad
1250 2774 1575 2841 sepulturam
1600 2775 2060 2837 concinnaverint,

486 2864 732 2923 efferunt.
767 2874 820 2919 et
846 2880 961 2920 eam
986 2874 1188 2933 ponunt
1220 2866 1284 2918 ad
1316 2865 1484 2933 ripam
1517 2865 1681 2919 ﬂuvii.
1714 2865 2062 2933 Trajicientes

485 2964 661 3008 autem
695 2954 885 3008 fratres
906 2969 1026 3008 cum
1061 2954 1249 3023 palmis
1274 2965 1328 3009 et
1357 2956 1517 3009 ramis
1546 2954 1700 3008 olivm
1744 2964 1797 3008 et
1833 2957 2063 3021 psalmo.

485 3045 593 3109 dia,
645 3060 763 3098 eam
796 3046 1178 3106 transmittunt,
1212 3054 1265 3098 et
1292 3046 1341 3099 in
1386 3046 1497 3099 suis
1536 3048 1870 3099 monimentis
1910 3061 2063 3113 sepe-

486 3136 641 3188 liunt.
678 3135 879 3188 Praeter
902 3137 1267 3207 presbyterum
1291 3147 1465 3190 autem
1488 3146 1538 3190 et
1565 3136 1846 3188 diaconum
1887 3137 2060 3189 nullus

488 3224 684 3278 transit
710 3224 773 3276 ad
807 3225 1184 3277 monasterium
1217 3222 1554 3288 feminarum,
1586 3224 1742 3291 idque
1770 3224 1853 3278 die
1883 3224 2060 3277 Domi-
2088 3241 2132 3301 ρ

482 3317 622 3369 nico-

1083 3409 1305 3465 CAPUT
1347 3409 1450 3463 XL.

483 3520 559 3573 De
610 3518 820 3591 Virgine
876 3520 1013 3592 (8.1),
1056 3523 1120 3577 de
1161 3540 1262 3604 qua
1304 3523 1479 3604 fuerat
1526 3524 1719 3576 dictum
1761 3525 1947 3594 [altum
1993 3534 2064 3579 le-

1114 3603 1425 3648 alimoniam.

553 3707 607 3760 ln
640 3706 742 3760 hoc
770 3708 1096 3761 monasterio
1131 3707 1444 3761 feminarum
1479 3706 1591 3759 haec
1612 3720 1698 3759 res
1724 3705 1936 3760 accidit.
1959 3706 2063 3761 Su-

476 3809 558 3853 tor
586 3798 860 3853 satcularis
882 3813 1002 3853 cum
1035 3798 1334 3867 traiecisset
1372 3813 1465 3867 per
1495 3798 1870 3867 ignorantiam,
1912 3813 2060 3865 quaa-

476 3888 628 3943 rebat
646 3902 781 3956 Opus
813 3904 828 3941 :
859 3902 1073 3957 egressa
1105 3898 1281 3942 autem
1316 3903 1415 3940 una
1441 3886 1620 3955 junior
1645 3902 1801 3955 quam
1822 3889 1939 3954 ejus
1966 3902 2061 3955 po-

473 3980 699 4035 stularet
724 3981 859 4034 ratio
890 3980 994 4050 (est
1035 3979 1178 4034 enim
1228 3979 1376 4033 locus
1421 3978 1687 4049 desertus)
1734 3977 1896 4031 invita
1936 3992 2059 4033 eum

475 4074 744 4136 convenit,
787 4073 1040 4140 deditque
1069 4073 1116 4126 ei
1143 4087 1457 4139 responsum
1491 4088 1504 4124 :
1534 4072 1639 4125 Nos
1661 4070 1926 4125 habemus
1956 4084 2057 4123 no-

473 4174 614 4218 stros
634 4174 866 4219 sutores.
889 4164 1004 4218 Alia
1026 4172 1202 4217 autem
1217 4177 1334 4232 qua:
1352 4162 1469 4230 ejus
1492 4162 1695 4215 viderat
1709 4161 2057 4228 colloquium,

472 4269 594 4308 cum
627 4270 879 4321 processu
913 4256 1171 4325 temporis
1214 4254 1354 4307 inter
1388 4267 1480 4308 eas
1513 4264 1699 4307 exorta
1739 4262 1883 4306 esset
1928 4267 2057 4305 con-

472 4344 665 4409 tentio,
689 4361 754 4398 ex
784 4346 990 4400 diaboli
1018 4347 1379 4413 suggestione,
1404 4360 1511 4413 pne
1540 4358 1744 4397 summa
1776 4343 1975 4397 malitia
2003 4352 2057 4397 et

472 4436 637 4489 animi
671 4435 1112 4490 excandescentia
1143 4450 1260 4489 eam
1288 4435 1608 4488 calumniata
1646 4442 1731 4488 est
1764 4433 1901 4500 apud
1946 4432 2054 4485 fra-

471 4525 779 4581 ternitatem
808 4534 1028 4594 propter
1055 4526 1105 4578 id
1132 4524 1479 4593 colloquium.
1524 4524 1655 4577 (lusu
1699 4539 1800 4591 qua
1830 4536 2056 4577 concur-

2175 1948 2293 2013 quis
2312 1946 2521 1999 videtur
2550 1964 2669 2002 esse
2698 1948 2834 2003 inter
2861 1966 2953 2005 vos
2982 1954 3195 2021 sapiens
3223 1954 3274 2007 in
3304 1954 3401 2008 hoc
3430 1957 3649 2023 sarculo,
3679 1958 3738 2011 sit

2172 2040 2364 2092 stultus
2397 2050 2450 2091 ut
2479 2040 2568 2093 fiat
2598 2041 2810 2111 sapiens
2838 2043 2887 2113 (Ι
2915 2043 3035 2099 Cor.
3065 2045 3167 2115 ιιι).
3192 2050 3363 2116 Atque
3388 2048 3618 2103 aliarum
3640 2040 3739 2117 qui-

2172 2131 2290 2184 dem
2316 2132 2573 2201 virginum
2593 2144 2709 2187 erat
2738 2135 2997 2203 ejusmodi
3026 2138 3252 2203 habitus,
3286 2149 3343 2193 ut
3362 2153 3543 2194 essent
3567 2151 3737 2206 tonsze,

2169 2231 2222 2274 et
2248 2222 2505 2276 baberent
2532 2225 2766 2278 cucullos
2794 2226 2844 2279 in
2873 2227 3079 2295 capite;
3108 2230 3216 2296 ipsa
3241 2246 3366 2282 vero
3389 2245 3569 2298 panno
3595 2242 3737 2299 caput

2170 2313 2419 2367 obvoluta
2451 2314 2631 2368 obibat
2673 2332 2854 2370 earum
2905 2306 3141 2373 omnium
3199 2322 3577 2376 ministerium.
3624 2325 3733 2377 Eam

2170 2405 2315 2456 nulla
2344 2419 2406 2458 ex
2432 2406 2831 2474 quadringenti-1
2863 2408 2988 2462 vidit
3014 2410 3346 2464 mandentem
3371 2416 3620 2467 omnibus
3641 2429 3725 2466 an-

2170 2493 2252 2547 nis
2273 2496 2394 2549 vitae
2419 2510 2549 2550 sum.
2574 2497 2625 2549 In
2653 2513 2831 2551 mensa
2862 2515 3125 2569 nunquam
3144 2502 3297 2568 sedit,
3328 2519 3498 2573 neque
3515 2520 3729 2574 unquam

2170 2586 2521 2654 fragmentum
2573 2591 2724 2658 panis
2773 2592 3025 2659 comedit,
3084 2594 3177 2648 sed
3228 2595 3390 2649 micas
3440 2612 3727 2651 mensarum

2168 2681 2386 2747 spongia
2417 2681 2695 2749 colligens,
2730 2691 2783 2736 et
2805 2682 2936 2738 ollas
2965 2684 3165 2749 lavans,
3200 2686 3278 2739 bis
3316 2696 3429 2740 erat
3469 2697 3721 2742 contenta.

2168 2773 2348 2840 Neque
2371 2788 2499 2828 vero
2523 2790 2585 2828 ea
2611 2791 2839 2844 unquam
2864 2777 3035 2829 induit
3058 2776 3284 2842 calceos,
3314 2793 3484 2847 neque
3512 2780 3721 2847 aliquem

2166 2865 2341 2918 affecit
2372 2868 2711 2929 contumelia,
2745 2882 2848 2920 non
2881 2869 3252 2937 murmuravit,
3283 2883 3386 2922 non
3419 2885 3633 2937 parvmn
3654 2868 3722 2923 vel

2168 2973 2412 3026 magnum
2444 2958 2568 3026 quid
2591 2968 2672 3011 est
2702 2958 2895 3022 locuta,
2941 2959 3041 3013 etsi
3079 2959 3393 3013 contumelia
3418 2958 3719 3025 afficeretur,

2166 3059 2217 3101 et
2251 3052 2437 3117 pugnis
2466 3048 2797 3116 tunderetur,
2846 3058 2901 3105 et
2946 3050 3244 3105 maledictis
3296 3060 3648 3120 appeteretur,
3672 3059 3721 3105 et

2167 3140 2376 3209 plurimi
2398 3155 2513 3195 eam
2531 3140 2988 3197 abominarentur.

2746 3253 2971 3309 CAPUT
3011 3253 3162 3309 XL".

2672 3346 2747 3400 De
2788 3355 2965 3401 sancto
3009 3346 3253 3399 Pitirum.

2244 3439 2314 3491 De
2347 3441 2443 3492 liae
2471 3450 2675 3507 sancta,
2702 3450 2887 3494 sancto
2916 3440 3139 3493 Pitirum
3166 3434 3692 3504 anachmdﬁe-

2167 3530 2322 3581 debat
2350 3530 2399 3581 in
2427 3530 2759 3601 Porpliyrite,
2781 3531 2896 3583 viro
2919 3530 3291 3600 probatissimo
3309 3531 3361 3583 in
3374 3527 3537 3581 virtute
3550 3538 3683 3578 eser-

2166 3620 2451 3687 citatiouis,
2481 3622 2649 3674 astitit
2666 3622 2905 3675 revelans
2930 3622 3149 3689 angelus
3167 3620 3396 3692 (Pelag.,
3414 3617 3683 3675 libellJvtn,

2166 3730 2307 3766 num.
2344 3714 2429 3775 l9,
2461 3713 2545 3764 ubi
2566 3714 2753 3765 dicitur
2778 3710 3090 3782 Pyoterius),
3119 3713 3205 3780 qui
3236 3713 3281 3765 ei
3312 3710 3480 3764 dixit:
3506 3705 3598 3761 Cur
3620 3704 3697 3781 tibi

2165 3806 2368 3871 places,
2401 3813 2456 3856 et
2497 3813 2547 3857 te
2577 3804 2853 3870 magniﬁce
2899 3803 3262 3871 circumspicis
3283 3802 3350 3856 ob
3378 3816 3438 3855 ea
3485 3814 3590 3869 qua:
3616 3812 3643 3849 a
3665 3804 3708 3847 te

2166 3905 2312 3951 recte
2356 3904 2410 3949 et
2433 3910 2499 3949 ex
2530 3896 2725 3949 virtute
2756 3905 3008 3962 geruntur
3032 3935 3048 3959 ,
3080 3904 3137 3948 ut
3167 3894 3251 3962 qui
3282 3894 3355 3947 sis
3384 3893 3500 3959 pius
3534 3902 3584 3944 et
3607 3884 3717 3941 reli-

2164 3988 2366 4055 giosus,
2393 3995 2446 4040 et
2466 3986 2651 4040 sedeas
2684 3986 2735 4039 in
2766 3987 2865 4040 hoc
2896 3985 3048 4039 loco?
3072 3986 3155 4039 Vis
3179 3984 3361 4037 videre
3389 3982 3651 4035 mulierem
3674 3987 3719 4029 te

2164 4058 2336 4147 magis
2360 4076 2499 4145 piam
2522 4090 2583 4130 ac
2610 4075 2951 4146 religiosam?
2982 4075 3079 4129 Abi
3108 4077 3158 4128 in
3183 4073 3559 4128 monasterium
3585 4067 3723 4123 femi-

2164 4182 2350 4221 narum
2383 4167 2916 4235 Tabeunesiotarum,
2959 4174 3016 4221 et
3044 4166 3277 4220 invenies
3306 4165 3411 4218 illic
3440 4178 3595 4217 uuam
3620 4171 3729 4228 qua:

2164 4260 2325 4314 habet
2355 4259 2723 4313 redimiculum
2759 4257 2873 4329 (87)
2907 4259 2956 4311 in
2987 4258 3158 4326 capite
3186 4274 3199 4321 ;
3234 4271 3293 4309 ea
3320 4264 3400 4309 est
3430 4266 3481 4307 te
3507 4252 3688 4306 melior
3714 4262 3731 4301 :

2163 4368 2281 4421 qnze
2311 4368 2431 4405 cum
2464 4362 2608 4406 tanta
2637 4350 2785 4405 turba
2810 4351 3112 4409 decertans,
3152 4357 3208 4403 et
3232 4347 3481 4400 omnibus
3502 4340 3735 4399 indiscri-

2162 4442 2400 4495 minalim
2434 4443 2693 4507 serviens,
2727 4456 2821 4495 cor
2852 4455 3121 4509 nunquam
3164 4437 3380 4491 abduxit
3409 4451 3436 4488 a
3482 4434 3617 4500 Deo,
3645 4428 3739 4486 etsi

2161 4535 2228 4587 ab
2259 4536 2506 4589 omnibus
2527 4535 2755 4603 superbe
2783 4539 3173 4587 contemnatur.
3205 4528 3280 4580 'I‘u
3308 4536 3485 4580 autem
3535 4521 3739 4579 etiamsi

469 4626 655 4671 rerunt
688 4631 889 4685 paucae,
920 4631 1038 4686 qua:
1078 4633 1184 4671 non
1226 4619 1363 4670 adeo
1397 4630 1582 4684 magna
1614 4616 1922 4671 ferebantur
1952 4632 2058 4669 ma-
2089 4604 2133 4661 Ι)
2164 4623 2248 4678 hic
2276 4624 2486 4688 sedeas,
2516 4640 2612 4692 per
2639 4624 2801 4677 urbes
2825 4635 3001 4677 tamen
3044 4622 3250 4688 vagaris
3286 4620 3629 4688 cogitatione,
3660 4618 3741 4685 qui

469 4708 603 4762 litia.
624 4708 715 4762 llla
734 4717 911 4762 autem
929 4709 1115 4762 dolore
1134 4709 1394 4771 confecta,
1418 4716 1475 4761 ut
1490 4724 1606 4776 qua:
1625 4708 1783 4761 talem
1802 4707 2052 4761 snbiisset

468 4800 816 4866 calumniam,
840 4816 960 4870 quae
985 4816 1051 4855 ne
1075 4802 1125 4854 in
1154 4800 1269 4867 ejus
1298 4800 1512 4868 quidem
1546 4810 1776 4855 mentem
1805 4813 2043 4869 venerat,

468 4907 567 4947 nec
592 4908 705 4947 rem
736 4894 994 4960 potuisset
1027 4893 1279 4957 tolerare,
1309 4907 1368 4946 se
1396 4893 1531 4945 clam
1570 4892 1698 4958 jecit
1726 4894 1778 4945 in
1812 4892 2046 4964 (luvium,

468 4982 627 5038 et'sic
660 4984 811 5039 obiit.
856 4982 986 5039 Cum
1029 4996 1207 5039 autem
1256 4984 1308 5039 id
1352 4986 1606 5039 sensisset
1642 5001 1705 5040 ea
1735 5002 1854 5054 quae
1882 4987 2047 5054 ipsam

466 5074 1003 5141 fueratcalumniata,
1036 5086 1091 5133 et
1112 5078 1333 5135 vidisset
1361 5095 1419 5133 se
1450 5080 1715 5133 malitiose
1743 5094 1859 5133 eam
1890 5078 2053 5133 fuisse

466 5167 870 5233 calumniatam,
903 5177 957 5222 et
983 5167 1083 5222 huc
1110 5170 1282 5223 scelus
1309 5168 1422 5239 (85)
1454 5184 1483 5223 a
1508 5185 1565 5223 se
1587 5171 1957 5231 commissum,
2000 5178 2053 5223 et

468 5255 584 5324 ipsa
607 5272 818 5326 quoque
838 5272 897 5311 se
926 5258 1061 5311 clam
1092 5259 1388 5323 suﬂ‘oeavit,
1415 5275 1533 5314 cum
1560 5259 1751 5314 factum
1778 5274 1919 5330 agre
1949 5259 2051 5313 fer-

467 5357 572 5402 ret.
604 5350 736 5403 Cum
765 5358 941 5403 autem
972 5349 1206 5404 venisset
1236 5351 1535 5419 presbyter,
1582 5350 1796 5419 reliquae
1823 5350 2053 5419 virgines

465 5442 515 5495 ei
540 5457 653 5497 rem
675 5442 1122 5518 renuntiaverunt
1153 5442 1340 5509 :juss'tt
1362 5443 1536 5512 itaque
1564 5459 1657 5511 pro
1693 5442 1833 5497 nulla
1865 5442 2051 5496 harum

469 5532 586 5587 ileri
622 5533 973 5589 oblationem.
1020 5518 1271 5603 Reliquas
1300 5545 1478 5589 autem
1511 5544 1757 5603 tanquam
1791 5536 2051 5599 conscias,

468 5632 524 5674 et
548 5637 668 5684 qua:
714 5625 1128 5680 calumniantem
1175 5641 1279 5680 nou
1329 5634 1786 5693 compcscuerant,
1836 5634 1891 5681 et
1937 5641 2055 5693 quae

470 5712 611 5765 dicta
642 5723 765 5766 sunt
807 5717 1162 5786 crediderant,
1213 5719 1546 5788 septennium
1596 5717 2053 5788 scgregavit,-cas

470 5804 962 5867 excommunicans.

2161 4714 2345 4767 orbem
2366 4713 2710 4766 habitabilem
2727 4728 2993 4778 nunquam
3013 4710 3224 4765 calcasti
3249 4708 3744 4778 pedibus.Surgens

2160 4810 2335 4856 autem
2366 4819 2584 4873 magnus
2613 4801 2853 4870 Pitirum,
2886 4803 3026 4855 venit
3054 4817 3219 4869 usque
3244 4800 3307 4852 ad
3350 4798 3739 4851 iuonaste:iuin

2158 4895 2690 4956 Tabeunesiotarum,
2718 4902 2772 4948 et
2792 4904 2943 4963 rogat
2964 4893 3240 4960 magistros
3265 4899 3321 4943 ut
3342 4891 3495 4942 liceat
3525 4890 3575 4941 ei
3602 4898 3746 4941 tran-

2158 4986 2263 5039 sire
2296 5000 2461 5053 usque
2492 4984 2555 5038 ad
2593 4988 2971 5039 monasterium
3006 4984 3355 5046 feminarum;
3406 4990 3463 5033 ut
3488 4979 3586 5046 qui
3611 4988 3751 5033 esset

2158 5092 2286 5146 ergo
2334 5075 2470 5129 inter
2517 5076 2699 5129 l‘atres
2740 5091 2942 5144 magna:
2994 5070 3419 5132 existimationis,
3468 5078 3523 5122 et
3558 5083 3747 5122 conscd

2160 5169 2362 5221 nniss--t
2390 5169 2439 5219 in
2457 5165 2859 5221 exercitatione.
2895 5165 3035 5218 bono
3064 5178 3124 5216 ac
3155 5162 3333 5216 ﬁdenti
3362 5160 3545 5213 animo
3564 5169 3746 5214 trans-

2160 5260 2323 5312 misso
2339 5260 2494 5311 fluvio
2517 5272 2637 5311 eum
2662 5254 3085 5309 introduxerunt.
3115 5252 3244 5305 Cum
3271 5258 3445 5303 autem
3478 5259 3749 5312 orassent,

2161 5351 2309 5417 petiit
2339 5365 2559 5416 magnus
2606 5346 2827 5401 Pitlrunt
2859 5353 2915 5398 ut
2946 5344 3173 5412 virgines
3213 5356 3401 5395 omnes
3440 5355 3633 5393 coram
3688 5354 3747 5392 ex

2161 5441 2296 5493 facie
2324 5440 2548 5493 videret.
2598 5437 2727 5492 Cum
2755 5451 2943 5491 omnes
2974 5451 3100 5504 ergo
3128 5437 3177 5488 in
3208 5434 3437 5488 medium
3481 5432 3755 5485 accessis-

2161 5539 2299 5593 sent,
2333 5530 2419 5582 illa
2450 5546 2552 5583 non
2579 5528 2843 5597 apparuit.
2876 5527 3109 5581 Tandem
3134 5526 3266 5580 dicit
3301 5527 3379 5579 eis
3418 5532 3647 5576 sanctus
3671 5522 3758 5576 Pi-

2163 5624 2319 5675 tirum
2342 5622 2599 5675 :Cnuctas
2620 5622 2685 5673 ad
2708 5635 2792 5673 me
2822 5619 3087 5673 adducite.
3110 5616 3242 5671 Cum
3260 5624 3433 5670 autem
3460 5613 3753 5668 dicerent:

2160 5712 2429 5766 Adsumus
2456 5726 2659 5774 omnes,
2683 5709 2811 5763 dicit
2842 5709 2919 5763 eis
2953 5726 2963 5760 :
2995 5708 3154 5761 Deest
3180 5722 3284 5759 una
3322 5720 3477 5775 quam
3509 5704 3757 5759 ostendit

2162 5804 2286 5859 mihi
2319 5802 2559 5872 angelus.
2593 5800 2685 5856 Ea:
2714 5814 2841 5856 vero
2871 5800 3051 5855 dicunt
3083 5815 3093 5849 :
3152 5796 3322 5854 Unam
3354 5794 3627 5851 habemus
3656 5794 3754 5850 Sa-
