4020 6426
479 361 619 430 1107

1951 360 2304 420 PALLADII

3615 361 3734 427 1108

474 477 598 545 τήν.
649 473 919 543 Ἀπῆλθον
959 468 1056 529 οὖν
1109 473 1360 544 φωνῆσαι
1391 471 1584 542 αὑτήν.
1625 472 1691 524 Ἥ
1735 470 1792 523 δέ
1831 471 1930 540 οὑχ
1960 470 2065 522 ὑπ-
2092 477 2139 530 Λ
2176 486 2365 521 στασιν
2395 469 2493 522 καὶ
2532 472 2629 542 τὴν
2663 474 2888 543 ταχεῖαν
2916 472 3097 526 αὑτῶν
3137 472 3301 526 πάλιν
3330 471 3628 544 ἀναίρεσιν,
3655 473 3739 527 καὶ

475 562 712 628 ήκουσεν
731 563 850 614 τότε
877 562 1174 632 αἰσθομένη
1197 561 1292 614 τοῦ
1315 560 1662 631 πράγματοςο
1693 559 1823 621 ίσως
1839 558 1948 628 γὰρ
1976 558 2068 610 καὶ

478 648 846 718 ἀπεκαλύφθη
889 649 1051 718 αὐτῇ.
1107 650 1374 719 Σύρουσιν
1423 645 1515 701 οὖν
1558 649 1730 717 αὑτὴν
1773 647 1911 716 μετά
1947 646 2068 714 βίας

478 737 710 803 ἄγουσαι
744 737 839 789 καὶ
860 737 1116 806 λέγουσαι
1146 738 1309 808 αὐτῇ·
1349 738 1406 789 '0
1440 737 1594 804 ἅγιος
1627 737 1911 805 Πιτηροὺμ
1940 735 2068 787 ἰδεῖν

480 841 537 875 σε
586 823 752 879 θέλει.
790 821 901 878 Ἦν
933 827 1040 894 γάρ
1080 820 1235 889 οὗτος
1273 825 1593 895 ὀνομαστός.
1649 824 1935 894 ’Δχθείσης
1975 818 2068 876 οὖν

478 911 674 980 αὐτῆς,
722 914 986 967 ἐθεάσατο
1025 915 1053 966 6
1087 915 1259 983 μέγας
1288 914 1348 966 τὸ
1387 915 1681 984 πρόσωπον
1731 913 1926 982 αὑτῆς,
1978 912 2070 965 καὶ

477 997 538 1050 τὸ
569 1001 738 1069 ῥάκος
775 1001 866 1052 ἐπὶ
915 1004 1014 1070 τῆς
1047 1001 1294 1070 κεφαλῆς
1325 1001 1496 1071 αὑτῆς
1535 1002 1628 1054 καὶ
1657 999 1754 1053 τοῦ
1791 999 2068 1070 μετώπου.

481 1087 588 1137 Καὶ
627 1086 808 1139 πεσὼν
837 1087 1002 1140 αὑτοῦ
1044 1090 1122 1149 εἰς
1150 1089 1274 1151 τοὺς
1307 1088 1496 1152 πόδας,
1529 1088 1677 1156 λέγει
1717 1091 1876 1157 αὑτῇ·
1907 1088 2068 1141 Εὑλό-

480 1173 648 1241 γησόν
683 1191 749 1243 με
795 1176 977 1244 ἀμμᾶ.
1019 1176 1272 1230 Πεσοῦσα
1305 1175 1360 1230 δὲ
1396 1178 1492 1230 καὶ
1522 1177 1659 1247 αὑτὴ
1702 1179 1782 1239 είς
1816 1178 1942 1240 τοὺς
1974 1176 2071 1228 πό-

477 1259 574 1322 δας
609 1260 775 1314 αὑτοῦ
801 1303 815 1328 ,
852 1262 1058 1329 ἐλεγεν·
1114 1263 1186 1315 Σύ
1230 1280 1297 1332 με
1334 1263 1629 1333 εύλόγησον
1656 1305 1672 1328 ,
1724 1263 1882 1334 κύριέ
1941 1279 2067 1332 μου.

492 1348 719 1402 Ἰδοῦσαι
751 1351 806 1402 δὲ
842 1350 999 1403 τοῦτο
1029 1353 1232 1414 πᾶσαι,
1267 1353 1566 1420 ἐξέστησαν
1607 1353 1864 1420 λέγουσαι
1894 1351 2066 1420 αύτῷ·

492 1438 697 1505 Ἀϐϐἄ,
751 1442 826 1511 μὴ
883 1442 1062 1510 πάσχε
1116 1441 1311 1512 ὑϐρινο
1367 1442 1505 1512 σαλὴ
1538 1443 1645 1512 γάρ
1692 1445 1862 1494 ἐστιν.
1905 1443 2070 1508 Λέγει

478 1529 670 1590 αὑταῖς
705 1531 910 1592 πάσαις
962 1533 989 1583 6
1024 1531 1178 1598 ἆγιος
1227 1530 1531 1601 ΙΙιτηρούμ·
1581 1531 1771 1603 Ὑμεῖς
1814 1535 1937 1584 ἐστε
1979 1549 2072 1584 σα-

479 1617 590 1670 λαί,
637 1617 786 1688 Δῦτη
843 1620 952 1689 γὰρ
988 1623 1082 1673 καὶ
1134 1621 1290 1690 ὑμῶν
1326 1621 1421 1674 καὶ
1477 1621 1611 1690 ἐμοῦ
1648 1622 1888 1692 ἀμείνων
1935 1617 2071 1674 οὖσα

478 1705 666 1776 ἀμμᾶς
703 1710 851 1760 ἐστιν
900 1707 1082 1778 (οὕτω
1125 1711 1234 1779 γάρ
1269 1709 1491 1762 καλοῦσι
1542 1711 1640 1773 τὰς
1688 1711 2070 1778 πνευματικὰς

481 1795 778 1864 μητέρα;)⁶
820 1798 915 1848 καί⁵
949 1795 1180 1864 εὔχομαι
1213 1797 1361 1861 ἄξιος
1389 1796 1562 1864 αὑτῆς
1589 1797 1879 1867 εὑρεθῆναι
1912 1798 1968 1850 ἐν
2001 1799 2066 1866 τῇ

477 1877 664 1947 ἡμέρᾳ
701 1879 804 1948 τῆς
848 1878 1105 1948 κρίσεως.
1156 1879 1482 1933 Ἀκούσασαι
1513 1881 1569 1933 δὲ
1612 1883 1818 1933 τούτων
1866 1880 2069 1932 ἔπεσαν

479 1965 646 2017 αὑτοῦ
673 1967 752 2026 εἰς
771 1966 896 2028 τοὺς
923 1967 1106 2029 πόδας,
1138 1967 1423 2020 κλαίουσαι
1451 1968 1546 2020 καὶ
1573 1967 2070 2037 ἐξομολογούμεναι

480 2053 673 2114 πᾶσαι,
719 2050 838 2114 πῶς
865 2052 1138 2123 διαφόρως
1166 2053 1264 2123 τὴν
1296 2053 1461 2120 ἁγίαν
1489 2053 1698 2123 ταύτην
1729 2054 1964 2107 ἐλύπουν
1988 2071 2002 2086 ο
2035 2056 2066 2124 ή

485 2139 584 2208 μὲν
618 2137 868 2204 λέγουσα·
913 2139 1056 2206 Ἐγὼ
1088 2141 1256 2211 αὑτὴν
1287 2142 1372 2193 ἀεὶ
1423 2141 1713 2210 ἐχλεύαζον
1738 2157 1752 2169 ·
1784 2143 1879 2194 καὶ
1912 2142 2068 2211 ἀλληο

494 2225 638 2291 Ἐγὼ
672 2226 729 2278 δὲ
769 2226 831 2279 τὸ
882 2228 1066 2298 σχῆμα
1102 2229 1271 2298 αὑτῆς
1316 2229 1573 2282 ταπεινὸν
1604 2230 1944 2296 κατεγέλωνο
1977 2229 2071 2282 καὶ

482 2314 569 2366 ἑτέ
582 2329 670 2385 ραο
700 2314 840 2383 Ἐγὼ
856 2316 1028 2387 αὐτὴν
1050 2316 1271 2388 ὕϐριζον
1288 2318 1600 2371 σιωπῶσαψ
1620 2319 1714 2371 καὶ
1729 2319 1890 2370 πάλιν
1913 2317 2067 2390 άλλη·

496 2403 636 2470 Ἐγὼ
662 2401 756 2456 τοῦ
793 2403 1025 2468 πίνακος
1047 2405 1110 2457 τὸ
1142 2405 1442 2475 ἀπόπλυμα
1478 2405 1738 2469 πολλάκις
1770 2408 1908 2477 αὑτῇ
1941 2425 2071 2460 κατ-

482 2491 630 2560 έχεα·
659 2491 812 2562 άλλη·
831 2493 1053 2563 Πληγάς
1075 2495 1212 2565 αὑτῇ
1239 2495 1349 2561 ἐγὼ
1369 2495 1565 2548 ἔδωκα·
1594 2496 1685 2547 καὶ
1703 2495 1863 2565 ἑτέρα
1883 2495 2067 2548 πάλινο

495 2577 795 2649 Ἑγὼῆμην
814 2579 1104 2642 κονδύλους
1129 2581 1264 2651 αὑτῇ
1291 2583 1660 2653 ἐντριψαμένη
1685 2599 1697 2612 ·
1726 2583 1859 2652 ἄλλη
1885 2583 2068 2636 πάλιν⁶

496 2663 636 2732 Ἐγὼ
670 2665 930 2729 πολλάκις
957 2667 1053 2738 τὴν
1087 2670 1207 2738 ῥῖνα
1232 2669 1399 2736 αὑτῆς
1431 2671 1755 2739 ἐσινάπησον
1783 2671 1874 2723 καὶ
1894 2670 2071 2736 ἀπαξ-

483 2753 706 2818 απλῶς,
758 2755 931 2808 πᾶσαι
982 2754 1273 2826 διαφόρους
1329 2757 1516 2826 ὕϐρεις
1571 2758 1921 2830 ἀπήγγελλον
1973 2774 2072 2811 πε-

481 2845 770 2911 ποιηκυῖαι
832 2845 912 2906 εἰς
968 2846 1162 2914 αὐτήν.
1223 2845 1526 2915 Δεξάμενος
1583 2844 1679 2899 οὖν
1739 2847 1920 2900 αὐτῶν
1973 2846 2072 2918 τὴν

482 2929 873 3001 ἐξομολόγησιν
903 2933 930 2984 6
959 2932 1112 3001 ἆγιος
1137 2933 1443 3003 Πιτηροὺμ,
1478 2934 1573 2986 καὶ
1597 2933 1892 3004 εὐξάμενος
1929 2933 2070 3006 ὑπὲρ

481 3018 660 3072 αὑτῶν
697 3019 814 3089 ἅμα
867 3021 1043 3091 αὑτῇ,
1098 3022 1192 3074 καὶ
1229 3022 1323 3074 ἐπὶ
1355 3023 1489 3075 πολὺ
1538 3023 1931 3093 παρακαλέσας
1969 3023 2070 3092 τὴν

2169 559 2261 610 τὶν
2291 558 2657 630 ἐπιρρεόντων
2694 561 2843 630 αὑτῴ
2877 563 3212 630 ἀφανισμόν.
3246 561 3356 614 Καὶ
3387 562 3738 633 στρατηλάτου

2170 645 2226 698 δέ
2257 663 2402 709 τινος
2442 647 2578 712 πρὸς
2612 647 2773 700 αὑτὸν
2804 647 3049 710 ἐλθόντος
3083 649 3347 701 πυθέσθαι
3379 649 3428 700 εί
3463 652 3742 720 περιγενή-

2175 751 2324 786 σεται
2353 729 2458 786 τῶν
2487 735 2761 787 Αἰθιόπων
2790 737 2899 788 τῶν
2922 737 3062 789 κατά
3082 736 3181 807 τὴν
3205 737 3435 807 Συήνην,
3464 738 3586 806 ἣτις
3609 739 3742 790 ἐστὶν

2170 820 2314 892 ἁρχὴ
2364 824 2460 891 τῆς
2510 823 2794 895 Θηϐαΐδος,
2839 825 2962 877 τότε
3021 826 3482 878 συνεισπεσόντων
3531 825 3624 876 καὶ
3656 827 3743 892 τὴν

2171 910 2480 978 περίχωρον
2546 911 2719 979 αὑτῆς
2775 912 3220 980 ἐρημωσάντων,
3290 913 3565 982 φήπαντος
3620 910 3743 981 πρὸς

2171 998 2332 1050 αὑτὸν
2356 997 2449 1051 τοῦ
2481 999 2744 1069 Πατέρος,
2773 1000 2855 1052 ὅτι
2893 999 3154 1052 ’Λνελθὼν
3174 1000 3331 1063 αύτὺς
3355 999 3640 1070 καταλήψῃ
3662 999 3746 1051 καὶ

2171 1085 2412 1156 χειρὼσῃ
2481 1085 2576 1137 καὶ
2617 1085 2938 1150 ὑποτάξεις,
2988 1087 3083 1138 καὶ
3114 1087 3264 1157 παρά
3299 1089 3411 1148 τοῖς
3445 1084 3744 1155 βασιλεῦσιν

2171 1172 2453 1241 εὐδόκιμος
2490 1171 2610 1242 ἔσῃ,
2657 1173 2851 1240 γέγονέ
2891 1190 2950 1226 τε
2995 1172 3189 1237 οὕτως,
3226 1175 3321 1226 καὶ
3363 1174 3432 1226 τὰ
3473 1171 3745 1241 συμϐάντα.

2170 1247 2270 1325 τὴν
2305 1256 2610 1328 πρόρρησιν
2637 1255 2986 1308 ἐϐεϐαίωσεν.
3027 1255 3220 1324 ΙἘλεγε
3251 1257 3307 1308 δὲ
3332 1257 3413 1308 ὅτι
3449 1258 3542 1308 καὶ
3573 1253 3746 1321 οἰκείῳ

2173 1342 2388 1412 θανάτῳ
2427 1345 2454 1395 ὁ
2496 1342 3036 1414 Χριστιανικώτατος
3087 1342 3367 1405 Θεοδόσιος
3414 1345 3442 1396 6
3504 1342 3746 1412 βασιλεὺς

2170 1425 2505 1495 τελευτήσει.
2540 1421 2666 1496 Εἶχε
2693 1425 2749 1478 δὲ
2775 1425 2869 1478 καί
2899 1443 3022 1478 τινα
3049 1425 3358 1497 ὑπερϐολὴν
3387 1428 3414 1477 6
3449 1427 3590 1495 ἀνὴρ
3619 1443 3746 1496 προ-

2174 1515 2423 1584 φητείας,
2456 1515 2531 1579 ὡς
2573 1516 2638 1569 ἐκ
2677 1515 2787 1568 τῶν
2831 1515 3258 1586 παραμενόντων
3305 1515 3455 1586 αὑτῷ
3501 1516 3748 1586 Πατέρων

2173 1605 2524 1674 ἀκηκόαμεν·
2555 1599 2627 1658 ῶν
2664 1607 2692 1657 6
2740 1603 2853 1674 βίος
2891 1605 3115 1674 δόκιμος
3147 1604 3299 1672 παρά
3331 1607 3446 1668 τοῖς
3476 1607 3598 1657 ἐκεῖ
3624 1607 3746 1660 πᾶσι

2174 1693 2550 1762 πεφήμισται·
2588 1695 2681 1745 καὶ
2712 1694 2792 1746 ὅτι
2820 1693 2972 1746 οὐδὲν
3010 1695 3429 1763 κεχαρισμένον,
3462 1694 3579 1746 ἀλλ’
3611 1693 3749 1746 ἔλατ-

2173 1779 2262 1831 τόν
2294 1797 2346 1832 τι
2377 1781 2503 1851 περὶ
2537 1778 2630 1833 τοῦ
2673 1780 2864 1848 ἀνδρὸς
2903 1781 3279 1850 ὑφηγήσαντο.
3313 1779 3613 1850 Τριϐούνου
3653 1782 3748 1852 γάρ

2172 1884 2314 1930 τινος
2348 1867 2682 1931 εἰσελθόντος
2715 1868 2796 1930 εἰς
2835 1868 3018 1932 αὑτὸν,
3048 1870 3142 1921 καὶ
3175 1867 3510 1930 ἱκετεύοντος
3553 1885 3749 1937 συγχω-

2175 1957 2288 2025 ρεῖν
2330 1955 2504 2007 ἐλθεῖν
2559 1955 2696 2024 πρὸς
2745 1954 2908 2008 αὑτὸν
2953 1957 3054 2026 τὴν
3098 1955 3267 2009 αὑτοῦ
3307 1955 3559 2026 γαμετὴν
3594 1955 3749 2008 πολλὰ

2172 2042 2488 2106 παθοῦσαν,
2532 2043 2628 2096 καὶ
2665 2043 2931 2096 θέλουσαν
2961 2044 3126 2097 αὑτὸν
3157 2043 3490 2108 θεάσασθαι,
3527 2045 3626 2096 ἐπὶ
3662 2044 3748 2112 τήν

2171 2131 2384 2200 Συήνην
2422 2130 2723 2200 μέλλουσαν
2775 2131 3020 2197 ἀνιέναι,
3069 2131 3156 2184 ἵνα
3213 2130 3278 2201 δὴ
3318 2130 3589 2202 πρότερον
3635 2131 3751 2200 περὶ

2171 2220 2345 2288 αὑτῆς
2380 2219 2624 2290 εὔξηται,
2654 2220 2750 2272 καὶ
2798 2221 3099 2291 εὐλογήσας
3125 2221 3296 2290 αὑτὴν
3325 2218 3577 2290 ἀπολύσῃ
3599 2235 3614 2249 ⁸
3645 2221 3672 2272 ὅ
3693 2236 3746 2272 τε

2175 2307 2249 2377 μὴ
2289 2306 2550 2378 ἑωρακὼς
2583 2310 3028 2378 τεσσαρακοστὸν
3084 2308 3184 2379 ήδη
3234 2308 3355 2370 ἔτος
3404 2307 3548 2378 ἔχων
3589 2309 3647 2361 ἐν
3677 2307 3750 2380 τῷ

2174 2394 2423 2464 σπηλαίῳ
2466 2396 2922 2466 ἐνενηκονταέτης
2983 2413 3086 2448 που
3142 2395 3434 2464 ὑπάρχων,
3477 2396 3579 2448 καὶ
3620 2397 3744 2466 μήτε

2173 2481 2334 2545 αὑτὸς
2379 2481 2608 2546 ἐξελθών
2653 2500 2816 2549 ποτε,
2864 2485 3003 2554 μήτε
3049 2485 3287 2550 γυναῖκα
3326 2482 3564 2551 ὀφθῆναι
3609 2483 3745 2554 αὑτῷ

2174 2570 2517 2640 συγχωρῶν,
2569 2574 2871 2643 παρῃτεῖτο
2919 2569 3220 2624 θεάσασθαι
3271 2570 3374 2642 τὴν
3420 2571 3743 2641 ἐλευθέρανο

2171 2656 2287 2710 ἀλλ’
2309 2658 2429 2710 οὑδὲ
2456 2659 2554 2728 άνή
2565 2675 2596 2729 ρ
2618 2677 2703 2722 τις
2734 2659 2954 2729 εἰσῆλθέ
2987 2675 3118 2712 ποτε
3151 2659 3285 2729 πρὸς
3310 2660 3494 2714 αὑτόν.
3525 2659 3742 2726 Ηύλόγει

2172 2747 2280 2816 γὰρ
2314 2748 2474 2817 μόνον
2520 2747 2608 2801 διὰ
2647 2748 2883 2818 θυρίδος,
2912 2749 3005 2802 καὶ
3036 2747 3314 2818 ἠσπάζετο
3347 2748 3475 2809 τοὺς
3506 2747 3743 2818 προσιόν-

2169 2851 2291 2899 τας,
2329 2835 2545 2905 ἑκάστῳ
2577 2835 2719 2906 ὑπὲρ
2755 2839 2854 2906 τῆς
2907 2836 3044 2899 ἰδίας
3077 2835 3312 2902 σπουδῆς
3352 2834 3736 2903 διαλεγόμενος.

2184 2917 2269 2979 Ὠς
2321 2917 2416 2971 οὖν
2471 2920 2702 2988 ἐπέμενε
2746 2919 2999 2989 δεόμενος
3027 2921 3054 2972 ό
3083 2917 3396 2991 τριϐσῦνος,ι
3440 2920 3490 2969 εί
3543 2915 3738 2969 κελεύοι

2169 3011 2322 3082 ἥξειν
2355 3012 2518 3065 αὑτοῦ
2550 3011 2647 3083 τὴν
2683 3012 2979 3083 ἐλευθέραν
3019 3007 3121 3085 (ἦν
3154 3014 3263 3085 γάρ
3291 3014 3364 3077 ὼς
3392 3016 3501 3068 ἀπὸ
3537 3011 3739 3084 διεπήδ-

480 3106 667 3174 τιμίαν
696 3107 790 3159 τοῦ
823 3107 1062 3177 Χριστοῦ
1092 3107 1308 3177 δούλην,
1341 3108 1514 3172 οὕτως
1544 3110 1789 3180 ἐξῆλθεν.
1824 3110 1982 3164 Μετὰ
2011 3110 2068 3164 δὲ
2103 3167 2139 3180 Α
2176 3116 2346 3169 ματος
2394 3101 2554 3152 πέντε
2609 3100 2854 3170 σημείων
2896 3102 2994 3171 τῆς
3046 3102 3253 3166 πόλέως
3285 3105 3312 3156 ὁ
3357 3104 3496 3174 ἀνὴρ
3540 3106 3616 3168 εἰς
3652 3106 3740 3173 τὴν

480 3167 672 3262 (λλ-ηας
711 3167 928 3264 ἡμέράς
958 3196 1063 3248 ὑπὸ
1098 3167 1306 3250 “Mdv,
1328 3167 1901 3268 τιμωμένῆθμεγάλως
1923 3240 1938 3264 ,
1978 3200 2071 3252 καὶ
2097 3167 2141 3227 c
2174 3167 2378 3260 έρημον
2424 3190 2481 3242 ἐν
2526 3188 2602 3258 τῷ
2655 3167 2770 3259 όρει
2815 3167 3063 3258 διάγων),
3093 3191 3194 3243 οὑκ
3240 3167 3531 3244 ἐπένευσεν
3553 3209 3564 3219 ·
3599 3167 3737 3243 άλλά

483 3283 632 3354 παρά
667 3281 857 3334 πασῶν
896 3283 1336 3354 θεραπευομένη,
1377 3286 1451 3355 μὴ
1489 3286 1790 3354 ἐνεγκοῦσα
1819 3287 2002 3358 ἐκείνη
2036 3289 2069 3359 ἡ

486 3374 782 3440 μακαρῖτις
811 3371 910 3440 τὴν
947 3371 1104 3436 δόξαν
1138 3373 1234 3424 καὶ
1268 3375 1366 3444 τὴν
1394 3376 1558 3444 τιμὴν
1585 3376 1683 3445 τὴν
1710 3377 1862 3447 παρᾶ
1891 3378 2070 3447 πάσης

480 3461 580 3528 τῆς
621 3461 1018 3530 ἀδελφότητος,
1064 3463 1157 3514 καὶ
1199 3462 1293 3524 τὰς
1331 3462 1656 3531 ἀπολογίας,
1708 3463 1872 3534 ἄχθος
1913 3464 2070 3517 τοῦτο

482 3549 835 3618 ἡγησαμένη,
890 3549 1064 3619 λάθρα
1111 3551 1334 3619 ἐξῆλθεν
1375 3550 1469 3603 τοῦ
1521 3554 1930 3622 μοναστηρίουο
1975 3554 2070 3608 καὶ

482 3637 616 3688 ὅπου
649 3636 892 3705 ἀπῆλθεν
913 3675 928 3701 ,
969 3637 1002 3710 ἢ
1055 3637 1156 3690 ποῦ
1198 3637 1393 3690 κατέδυ
1417 3679 1430 3701 ,
1472 3638 1505 3708 ἢ
1541 3639 1642 3692 ποῦ
1676 3641 2029 3708 ἐτελεύτησεν
2050 3684 2066 3710 ,

481 3725 625 3794 ἔγνω
653 3727 832 3792 οὐδεὶς
865 3729 994 3800 ἄχρι
1025 3730 1123 3798 τῆς
1154 3729 1331 3798 δεῦρο.
1380 3729 1566 3783 Ταῦτά
1596 3731 1712 3782 ἐστι
1741 3731 1809 3783 τὰ
1835 3731 2068 3802 ἐνάρετα

481 3814 620 3884 ἔργα
649 3816 746 3885 τῆς
777 3816 1029 3884 γενναίας
1059 3817 1334 3888 παρθένου
1361 3817 1458 3889 τῆς
1489 3817 1912 3890 ταπεινόφρονος
1937 3819 2067 3874 ταύ-

481 3920 580 3971 της
609 3905 704 3956 κα“ι
733 3904 1032 3974 μακαρίας.

1053 3992 1278 4046 ΚΕΦΑΛ
1290 4032 1304 4046 .
1345 3990 1476 4046 Ml".

729 4080 868 4150 Περὶ
909 4080 1191 4135 Ἰωάννου
1227 4081 1335 4134 τοῦ
1381 4083 1818 4138 Λυκοπολίτου.

552 4180 592 4232 Γ
596 4179 784 4248 έγονέν
813 4198 896 4242 τις
942 4181 1198 4249 Ἰωάννης
1244 4182 1468 4252 ὀνόματι
1510 4183 1568 4236 ἐν
1595 4183 1759 4236 Λυκῶ
1790 4185 1854 4254 τῇ
1889 4183 2062 4246 πόλει,

480 4267 541 4332 δς
597 4270 661 4321 ἐκ
707 4268 922 4321 παιδίου
968 4267 1172 4339 ἔμαθεν
1201 4271 1300 4340 τὴν
1339 4271 1699 4340 τεκτονικὴν·
1754 4264 1800 4339 ᾧ
1838 4270 2066 4340 ἀδελφὸς

484 4357 729 4426 ὑπῆρχεν
761 4357 990 4427 βαφεὺς.
1037 4360 1128 4420 Ὃς
1164 4356 1392 4429 ὕστερον
1429 4360 1720 4428 γενόμενος
1749 4360 1886 4413 ἐτῶν
1917 4362 2065 4414 εἰκο-

485 4445 740 4507 σιπέντε,
791 4444 1138 4508 ἀπετάξατοο
1198 4445 1295 4498 καὶ
1347 4444 1636 4516 διατρίψας
1683 4447 1741 4499 ἐν
1783 4447 2066 4518 διαφόροις

2173 3276 2437 3330 ἀδύνατον
2470 3271 2606 3330 εἶναι
2631 3277 2826 3344 λέγων,
2851 3278 3069 3348 κατηφῆ
3096 3278 3185 3330 τὸν
3209 3278 3378 3349 ἄνδρα
3401 3281 3729 3348 ἀπέπεμπεν.

2186 3361 2248 3411 Ἦ
2279 3359 2338 3412 δὲ
2369 3360 2633 3434 ἐλευθέρα
2669 3362 2771 3414 οὑκ
2801 3359 3035 3413 ἐπαύετο
3086 3360 3314 3432 ἡμέριον
3352 3362 3608 3431 διοχλοῦσα
3640 3362 3727 3412 καὶ

2173 3450 2444 3519 ἐνομότως
2473 3449 2708 3518 λέγουσα
2741 3450 2992 3521 μηδαμοῦ
3032 3451 3276 3516 ἀπιέναι,
3312 3455 3359 3504 εί
3387 3453 3452 3521 μή
3476 3451 3554 3500 τὸν
3585 3463 3712 3516 προ-

2172 3540 2350 3610 φήτην
2369 3539 2635 3593 θεάσοιτο.
2669 3541 2755 3603 Ὠς
2775 3541 2831 3593 δὲ
2853 3541 3140 3611 ἀπηγγέλη
3157 3542 3233 3610 τῷ
3259 3541 3485 3612 μακαρίῳ
3507 3538 3701 3604 Ἰωάννῃ

2171 3627 2320 3698 παρά
2351 3627 2444 3680 τοῦ
2492 3628 2684 3698 ἀνδρὸς
2710 3631 2737 3681 6
2765 3628 2866 3698 τῆς
2906 3630 3161 3696 γυναικὸς
3196 3630 3375 3700 ὅρκος,
3411 3629 3704 3694 κατανοήσας

2171 3714 2270 3786 τὴν
2302 3716 2485 3769 πίστιν
2526 3716 2698 3786 αὐτῆς
2729 3717 2834 3786 ἔφη
2878 3716 3014 3787 πρὸς
3058 3718 3149 3771 τὸν
3178 3718 3489 3787 τριϐούνον,
3535 3715 3715 3783 ’οφθὴ-

2173 3820 2339 3874 σομαι
2389 3805 2526 3876 αὑτῇ
2581 3808 2648 3875 τῇ
2699 3806 2854 3859 νυκτὶ
2902 3804 3076 3877 ταύτῃ
3137 3807 3255 3858 κατ’
3301 3807 3467 3876 ὄναρ·
3516 3807 3602 3858 καὶ
3659 3802 3728 3872 μὴ

2172 3892 2386 3963 προσθῇ
2425 3893 2553 3945 ἰδεῖν
2585 3893 2664 3944 ἔτι
2690 3892 2751 3944 τὸ
2781 3893 3074 3963 πρόσωπόν
3105 3911 3203 3964 μου
3232 3896 3288 3946 ἐν
3315 3895 3498 3964 σαρκί.
3539 3894 3736 3962 ’Δπήγο

2169 3981 2317 4048 γειλε
2342 3982 2399 4034 δὲ
2425 3983 2551 4045 τοὺς
2580 3980 2776 4049 λόγους
2804 3981 2897 4034 τοῦ
2923 3982 3167 4052 Πατέρος
3197 3985 3262 4053 τῇ
3288 3985 3506 4050 γυναικὶ
3531 3985 3556 4034 ὁ
3577 3985 3732 4050 ἀνὴρ.

2168 4069 2280 4120 Καὶ
2305 4070 2370 4140 δὴ
2403 4068 2524 4120 καθ’
2555 4067 2721 4120 ὕπνον
2759 4069 2862 4138 ὁρᾷ
2905 4071 2937 4138 ή
2974 4071 3110 4136 γυνη
3158 4071 3248 4122 τὸν
3283 4073 3567 4141 προφήτην
3615 4073 3739 4138 πρτς

2167 4157 2336 4228 αὑτὴν
2375 4156 2693 4229 ἐρχόμενον,
2724 4157 2818 4209 καί
2841 4171 2999 4224 φησι·
3029 4158 3092 4210 Τί
3115 4175 3205 4227 μοι
3228 4160 3320 4210 καὶ
3348 4161 3448 4225 συὶ,
3478 4159 3668 4228 γύναι;
3694 4157 3744 4211 τί

2164 4245 2276 4298 τῶν
2323 4245 2472 4315 ἐμῶν
2524 4245 2701 4315 ὄψεων
2743 4243 3130 4315 ἐπεθύμησας;
3191 4246 3266 4317 μὴ
3307 4246 3418 4316 γὰρ
3466 4252 3746 4317 προφήτης

2167 4332 2286 4402 εἰμὶ
2319 4329 2465 4400 ἐγὼ,
2509 4331 2789 4402 ἢδικαίου
2833 4331 2984 4395 τάξιν
3035 4334 3250 4401 ἐπέχω;
3299 4333 3590 4405 ἄνθρωπός
3635 4337 3747 4401 εἰμι

2168 4420 2493 4492 ἁμαρτωλὸς
2533 4421 2628 4473 καὶ¹
2673 4421 3009 4490 ὁμοιοπαθὴς
3062 4421 3209 4490 ὑμῖν.
3256 4421 3447 4492 Ὅμως
3495 4423 3751 4494 ηὐξάμην

485 4531 871 4602 μοναστηρίοις
911 4507 1076 4585 πέντε
1125 4532 1254 4603 ἐτη,
1307 4507 1630 4605 ἀνεχώρησε.
1672 4536 1834 4604 μόνος
1877 4507 1963 4598 ὲιέ
2000 4507 2060 4589 τδ
2090 4509 2143 4570 D
2171 4509 2311 4605 ὑπὲρ
2340 4508 2434 4605 “of;
2467 4509 2560 4605 ξαὶ
2584 4507 2677 4560 τοῦ
2701 4507 2851 4605 ῗῖκθθ
2880 4508 2972 4605 ’ξοῦ
2999 4509 3189 4605 Eva“?
3218 4525 3332 4605 σῩυν
3365 4510 3458 4605 ξ’ίῆ
3479 4513 3628 4605 καῨά
3648 4516 3751 4605 ,τὴν

463 4617 605 4689 ⁴ὅρος
649 4617 711 4670 τὸ
760 4617 960 4682 Λυκῶ,
1013 4621 1094 4684 είς
1139 4621 1307 4690 αὐτὴν
1340 4621 1438 4692 τὴν
1479 4623 1794 4694 ἀκρώρειαν
1827 4625 2061 4694 ποιήσας

481 4704 664 4776 ἑαυτῷ
698 4709 850 4778 τρεῖς
895 4705 1105 4770 θόλους.
1155 4708 1267 4760 Καὶ
1317 4708 1574 4762 εἰσελθὼν
1619 4713 1696 4772 είς
1726 4711 1924 4776 αὑτοὺς
1975 4712 2061 4762 ἐν·

477 4794 828 4864 ῳκοδόμησεν
842 4794 1055 4848 ἐαυτόν.
1084 4789 1192 4848 Ἦν
1217 4790 1308 4848 οῦν
1325 4795 1354 4846 6
1380 4791 1459 4858 εἷς
1485 4796 1654 4860 θόλος,
1674 4797 1804 4850 ἔνθα
1825 4797 2060 4867 προσηύ·

478 4899 640 4951 χετο·
674 4885 703 4934 6
745 4882 801 4934 δέ
839 4882 1062 4951 ἕτερος,
1110 4884 1168 4936 ἐν
1209 4876 1252 4950 ᾧ
1289 4883 1605 4954 εἰργάξετο,
1643 4885 1739 4936 καὶ
1775 4884 1962 4954 ἦσθιεν
1985 4901 1997 4916 ·
2032 4887 2060 4938 6

479 4969 660 5035 ἄλλος,
693 4971 774 5034 είς
801 4973 900 5035 τὰς
930 4973 1140 5042 χρείας,
1167 4973 1264 5036 τάς
1305 4973 1402 5042 τῆς
1439 4972 1660 5042 σαρκός.
1704 4967 1873 5036 Οὗτος
1901 4973 2060 5041 τριά-

480 5073 645 5110 κοντα
666 5057 960 5128 πληρώσας
983 5059 1077 5128 ἐτη
1105 5059 1578 5127 ἐγκεκλεισμένος,
1610 5061 1702 5112 καὶ
1725 5060 1814 5112 διὰ
1845 5060 2061 5129 θυρίδος

477 5145 770 5215 λαμϐάνων
801 5144 892 5198 διὰ
920 5146 1013 5198 τοῦ
1044 5147 1416 5208 διακονοῦντος
1452 5146 1521 5198 τὰ
1555 5146 1691 5216 πρὸς
1719 5147 1818 5209 τὰς
1845 5149 2056 5216 χρείας,

479 5231 792 5301 κατηξιώθη
827 5233 1165 5304 χαρίσματος
1198 5234 1576 5304 προρρήσεως.
1623 5233 1710 5284 Ἐν
1743 5228 1824 5296 οἷς
1857 5235 1952 5286 καὶ
1981 5234 2060 5306 τῷ

480 5319 742 5390 μακαρίῳ
771 5319 1036 5389 Θεοδοσίῳ
1066 5319 1141 5388 τῷ
1178 5318 1387 5389 βασιλεῖ
1410 5320 1697 5386 διαφόρους
1731 5321 2059 5374 ἀπέστελλεν

481 5410 814 5478 προρρήσεις
840 5411 877 5473 ⁸,
911 5405 968 5468 ὃς
1001 5409 1066 5458 ἐκ
1094 5406 1200 5458 τῶν
1235 5405 1413 5475 ἔργων
1442 5406 1666 5475 ἔκδηλος
1699 5407 1892 5475 γέγονε
1923 5411 2059 5462 πᾶσι

480 5494 817 5562 προφητείας
839 5493 1086 5564 χάρισμα
1112 5494 1489 5564 κεκτημένοις.
1521 5495 1629 5546 Καὶ
1652 5495 1758 5565 γάρ
1783 5495 1963 5550 πάντα
1991 5497 2060 5549 τὰ

480 5581 545 5631 ἐκ
572 5581 706 5632 Θεοῦ
735 5583 1004 5652 ἐρχόμενα
1032 5581 1109 5651 τῷ
1137 5581 1346 5651 κόσμῳ,
1377 5581 1456 5651 τῷ
1489 5583 1868 5654 εὑσεϐεστάτῳ
1904 5583 2058 5653 βασι-

482 5665 560 5720 λεῖ
593 5671 938 5739 προεμήνυεν
970 5669 1254 5738 Θεοδοσίῳ,
1294 5669 1384 5722 καὶ
1412 5669 1480 5722 τὰ
1514 5669 1860 5740 ἐκϐησόμενα
1891 5671 2058 5725 πάλιν

485 5757 932 5825 προαπήγγελλεν
951 5773 964 5786 ο
995 5760 1091 5827 τήν
1126 5774 1185 5810 τε
1228 5758 1335 5812 τῶν
1368 5757 1647 5828 τυράννων
1674 5758 1820 5829 αύτῷ
1851 5760 2054 5813 ἐπανά-

2165 4599 2350 4652 πίστιν
2382 4597 2538 4668 ὑμῶν
2565 4595 2769 4666 γενηθῇ
2809 4595 2960 4665 ὑμῖν.
2997 4595 3299 4666 Πορεύεσθε
3328 4589 3420 4650 οὖν
3444 4599 3503 4651 ὲν
3535 4601 3751 4671 εἰρήνῃ.

2162 4689 2273 4742 Καὶ
2305 4687 2478 4740 ταῦτα
2521 4685 2690 4739 εἰπὼν
2743 4684 3057 4755 ἀπηλλάγη.
3112 4685 3379 4749 Ἔξυπνος
3435 4687 3493 4740 δὲ
3529 4691 3567 4756 ἡ
3620 4689 3755 4758 γυνη

2160 4777 2453 4846 γενομένη,
2488 4774 2790 4846 ἀπήγγειλε
2822 4774 2900 4844 τῷ
2927 4775 3080 4845 ἀνδρὶ
3106 4775 3173 4826 τὰ
3201 4774 3296 4826 τοῦ
3331 4777 3622 4845 προφήτου
3660 4779 3757 4847 ρή-

2165 4881 2332 4935 ματα,
2353 4861 2532 4915 καὶτὸ
2547 4863 2646 4932 σχῆ
2657 4880 2729 4930 μα
2740 4862 2998 4932 διηγεῖτο,
3023 4862 3114 4913 καὶ
3131 4862 3590 4932 εὐχαριστηρίους
3609 4866 3760 4935 αὑτῴ

2161 4951 2344 5019 φωνὰς
2378 4949 2466 5002 διὰ
2494 4948 2588 5001 τοῦ
2613 4949 2802 5016 ἀνδρὸς
2833 4949 3254 5018 προσεπελύετο.
3285 4948 3429 5002 Ἰδὼν
3453 4951 3510 5003 δέ
3537 4953 3708 5006 αὑτὸν
3733 4954 3760 5005 6

2163 5040 2432 5108 μακάριος
2461 5036 2710 5105 Ἰωάννης
2744 5035 3035 5106 προλαϐὼν
3064 5031 3217 5090 εἶπεν
3248 5037 3425 5106 αὐτῷ·
3468 5039 3640 5105 Ἰδοὺ,
3668 5042 3762 5110 τὴν

2161 5125 2382 5191 ἀξίωσίν
2404 5141 2496 5177 σου
2515 5124 2825 5194 ἐπλήρωσα.
2843 5123 2987 5177 Ἰδὼν
3012 5125 3120 5193 γὰρ
3134 5124 3302 5194 αὐτὴν
3322 5125 3762 5202 ἐπληροφόρησα

2159 5213 2252 5266 τοῦ
2278 5212 2477 5283 μηκέτι
2511 5213 2638 5265 ἰδεῖν
2667 5229 2757 5281 με,
2788 5211 2923 5266 ἀλλὰ
2952 5213 3276 5282 πορεύεσθαι
3301 5214 3359 5266 ἐν
3388 5216 3620 5287 εἰρήνῃ,

2235 5317 2433 5370 Ἀλλου
2489 5317 2548 5370 δὲ
2579 5317 2942 5386 πραιποσίτου
2978 5316 3115 5387 γυνὴ
3150 5319 3380 5381 ἀπόντος
3431 5320 3760 5393 ἐκυοφόρει.

2161 5406 2272 5459 Καὶ
2303 5404 2368 5475 δὴ
2395 5407 2705 5476 γεννήσασα
2735 5406 2855 5456 κατ’
2883 5405 3053 5475 αὐτὴν
3091 5404 3190 5475 τὴν
3226 5406 3437 5475 ἡμέραν
3471 5401 3611 5461 καθ’
3645 5413 3715 5480 ἦν
3741 5412 3768 5462 ὁ

2159 5495 2300 5565 ἀνὴρ
2346 5495 2514 5564 αὐτῆς
2561 5495 2638 5563 τῷ
2689 5494 2862 5565 [lath
2923 5495 3140 5566 Ἰωάννῃ
3177 5496 3500 5566 συνέτυχεν,
3564 5499 3769 5569 ἔμελλε

2159 5583 2492 5638 κινδυνεύειν
2545 5583 3018 5654 λειποψυχῆσασα.
3074 5585 3130 5637 '0
3169 5585 3227 5637 δέ
3261 5584 3416 5653 ἆγιος
3454 5585 3772 5657 εὐαγγελί-

2161 5672 2314 5735 ζεται
2347 5671 2517 5740 αὐτῷ,
2553 5672 2749 5736 λέγων,
2793 5672 2856 5723 Et
2902 5671 3050 5742 ᾔδεις
3077 5672 3175 5742 τὴν
3204 5674 3416 5744 δωρεὰν
3445 5675 3550 5728 τοῦ
3597 5678 3770 5742 Θεοῦ,

2163 5761 2257 5813 καὶ
2292 5761 2373 5813 ὅτι
2425 5761 2536 5823 ubi;
2579 5777 2658 5813 σοι
2711 5763 2948 5832 σήμερον
2997 5761 3339 5833 γεγέννηται,
3378 5763 3653 5830 ἐδόξαζες
3704 5772 3774 5822 ἄν
