4020 6430
355 403 491 462 1109

1619 397 1942 455 HISTORIA
1979 396 2336 453 LAUSIACA.

3452 403 3589 463 1110

345 514 448 568 lem
480 515 618 586 (88),
645 529 761 585 quae
784 525 866 570 est
893 515 944 568 in
969 517 1165 572 culina.
1190 517 1280 572 Sic
1302 517 1443 570 enim
1470 525 1660 570 vocant
1689 516 1796 569 illic
1823 529 1914 568 eas
1943 517 1995 574 Α
2019 521 2074 566 et
2121 530 2307 569 rursus
2336 514 2573 569 velocem
2612 528 2796 569 eorum
2842 516 3137 587 interitum,
3167 525 3222 572 et
3245 532 3364 587 qua:
3393 519 3446 581 in
3475 535 3600 575 eum

343 619 460 671 qua:
492 619 597 657 non
623 615 747 658 sunt
773 621 916 660 same
945 611 1156 661 mentis.
1199 606 1330 660 Dicit
1358 607 1435 660 eis
1464 620 1687 676 magnus
1722 624 1733 657 :
1771 605 1915 658 Illam

343 709 555 764 quoque
582 696 848 761 adducite,
879 697 1038 751 sinite
1075 705 1130 750 ut
1158 712 1274 750 eam
1313 695 1545 750 videam.
1579 694 1788 748 [verunt
1817 693 1917 745 ita-

343 797 446 852 que
473 783 539 836 ad
568 798 685 838 eam
715 785 1025 839 vocandam.
1057 785 1146 839 llla
1178 800 1305 839 vero
1333 799 1665 854 nequaquam
1696 783 1914 844 obediit.

346 889 402 932 ut
428 895 548 949 qua:
579 897 690 936 rem
727 883 970 946 sentiret,
1005 898 1126 936 nam
1176 883 1313 937 forte
1355 881 1452 950 ipsi
1491 894 1700 948 qquue
1743 877 1919 932 fuerat

345 970 661 1024 revelatum.
697 971 823 1025 Eam
854 987 981 1040 ergo
1001 973 1048 1025 vi
1074 973 1308 1038 trahunt,
1344 971 1443 1040 ipsi
1471 972 1709 1026 dicentes
1739 968 1916 1022 :San-

343 1070 460 1114 ctus
487 1060 713 1115 Pitirum
742 1063 855 1116 vult
889 1071 943 1118 te
971 1064 1174 1128 videre,
1218 1073 1331 1117 erat
1377 1063 1517 1117 enim
1547 1063 1591 1116 is
1621 1060 1794 1128 magni
1823 1075 1917 1113 no-

344 1151 525 1205 minis.
554 1151 626 1204 Ea
655 1167 786 1221 ergo
808 1153 1050 1216 adducta,
1076 1155 1204 1207 vidit
1231 1167 1453 1221 magnus
1481 1152 1595 1219 ejus
1621 1151 1834 1214 faciem,
1864 1159 1918 1203 et

345 1255 574 1308 pannum
600 1241 650 1293 in
681 1241 852 1310 capite
882 1249 937 1295 et
965 1242 1139 1296 fronte
1164 1241 1301 1311 ejus,
1347 1249 1402 1296 et
1437 1241 1633 1295 cadens
1663 1239 1727 1293 ad
1756 1241 1917 1306 pedes

261 1398 263 1401 ι
342 1332 477 1395 ejus,
503 1331 627 1384 dicit
644 1332 692 1385 ei
717 1348 732 1384 :
761 1332 988 1387 Benedic
1006 1333 1214 1386 Anima.
1235 1333 1443 1389 Cadens
1469 1344 1643 1387 autem
1666 1333 1730 1386 ad
1758 1331 1918 1400 pedes

343 1420 461 1490 ejus
491 1422 607 1488 ipsa
637 1437 848 1492 quoque
873 1424 1085 1477 dicebat
1116 1440 1128 1475 :
1160 1424 1238 1478 Tu
1270 1425 1395 1477 mihi
1427 1423 1669 1487 benedic,
1703 1421 1920 1475 domine

343 1512 436 1566 mi.
479 1511 609 1566 Cum
647 1514 745 1567 hoc
769 1523 945 1568 autem
974 1526 1176 1570 cunctae
1199 1516 1473 1579 vidissent,
1509 1515 1915 1582 obstupuerunt,

344 1613 395 1657 et
418 1603 469 1657 ei
498 1603 744 1657 dixerunt
777 1621 791 1656 :
825 1604 902 1658 Ne
934 1605 1023 1658 tibi
1073 1606 1162 1658 fiat
1201 1605 1450 1674 probrum
1483 1619 1544 1658 ac
1580 1603 1918 1670 vituperium,

345 1704 422 1746 est
453 1693 593 1746 enim
625 1693 767 1747 Sale.
804 1693 892 1747 Eis
939 1694 1066 1748 dicit
1095 1705 1309 1750 sanctus
1351 1695 1569 1748 Pitirum
1602 1711 1616 1747 :
1650 1694 1755 1748 Vos
1790 1693 1922 1747 estis

347 1779 491 1847 Sale,
516 1781 628 1836 haec
655 1784 796 1836 enim
826 1792 880 1837 et
905 1800 988 1838 me
1011 1794 1062 1837 et
1093 1787 1240 1838 vobis
1267 1795 1348 1839 est
1375 1784 1591 1849 melior;
1620 1792 1702 1838 est
1733 1787 1918 1836 Anima

2019 604 2299 659 irruebant
2335 607 2570 674 gentium
2598 605 2919 661 deletionem
2953 623 2966 658 :
2989 607 3123 662 adeo
3149 617 3208 662 ut
3235 623 3356 662 cum
3383 609 3598 675 quidam

2020 695 2123 750 dux
2155 699 2422 752 exercitus
2450 697 2514 750 ad
2541 713 2662 751 eum
2694 699 2931 752 venisset
2950 698 3273 753 sciscitatum
3300 715 3367 754 an
3388 699 3604 756 Ethio-

2021 801 2114 854 pes
2143 788 2230 856 qui
2261 798 2384 840 sunt
2407 787 2457 840 in
2478 789 2652 855 Syene
2680 799 2820 840 esset
2845 797 3213 854 superaturos,
3235 803 3354 855 quae
3382 790 3599 856 quidem

2019 887 2100 933 est
2133 879 2447 947 principium
2475 878 2795 942 Thebaidis;
2845 878 2879 931 ii
2921 887 3096 932 autem
3126 889 3251 934 tunc
3280 881 3600 948 irruperant,

2016 982 2071 1028 et
2114 989 2298 1027 eorum
2341 974 2617 1027 finitimam
2656 975 2925 1044 regioanem
2950 981 3317 1039 vastaverant;
3348 974 3396 1028 ei
3424 985 3599 1028 autent

2020 1064 2150 1118 dixit
2204 1063 2435 1119 Joannes
2493 1082 2504 1117 :
2554 1065 2610 1120 Si
2666 1065 2994 1130 ascenderis,
3025 1080 3118 1119 eos
3149 1067 3597 1134 comprehentles,

2019 1154 2243 1220 vincies,
2267 1162 2322 1208 et
2341 1155 2650 1224 subjunges,
2671 1167 2723 1210 et
2745 1158 2919 1210 clarus
2942 1157 3049 1210 eris
3073 1158 3210 1224 apud
3232 1159 3602 1226 imperatores.

2019 1243 2072 1296 1d
2095 1245 2254 1298 etiam
2282 1245 2477 1299 factum
2509 1258 2607 1311 est,
2653 1257 2705 1301 et
2740 1262 2858 1314 quae
2884 1247 3192 1302 acciderunt
3217 1248 3607 1303 confirmarunt

2020 1335 2139 1402 ejus
2168 1337 2592 1403 praedictionem.
2624 1336 2841 1391 Dicebat
2885 1349 3062 1391 autem
3090 1337 3603 1393 Christianissimum

2022 1424 2398 1492 imperatorem
2425 1426 2774 1482 Theodosium
2804 1443 2924 1482 esse
2947 1438 3117 1482 morte
3144 1442 3236 1481 sua
3265 1430 3604 1483 moriturum.

2024 1515 2216 1568 Habuit
2242 1528 2418 1570 autem
2472 1518 2557 1570 hic
2587 1519 2668 1571 vir
2712 1519 3076 1574 admirabilem
3108 1536 3338 1588 quoque,
3393 1531 3446 1574 et
3484 1536 3604 1589 quae

2025 1608 2244 1661 modum
2275 1611 2581 1675 superabat,
2615 1607 2968 1678 prophetiam,
3001 1622 3057 1664 ut
3084 1613 3378 1666 audivimus
3408 1629 3472 1667 ex
3503 1613 3605 1667 Pa-

2026 1698 2193 1751 tribus
2222 1699 2311 1767 qui
2341 1715 2462 1752 cum
2491 1715 2554 1753 eo
2586 1700 2954 1766 versabantur,
2979 1717 3203 1768 quorum
3235 1703 3338 1754 vita
3363 1700 3458 1754 fuit
3487 1717 3607 1768 pro-

2026 1786 2148 1840 baza
2180 1788 2317 1854 apud
2347 1802 2532 1840 omnes
2566 1787 2654 1856 qui
2684 1789 2786 1842 illic
2816 1800 2988 1842 erant.
3019 1791 3170 1853 Quod
3216 1799 3390 1843 autem
3433 1791 3500 1844 de
3542 1803 3610 1844 eo

347 1873 446 1940 (sic
474 1872 612 1926 enim
648 1883 836 1927 vocant
880 1875 1076 1928 Matres
1101 1875 1414 1945 spiritales),
1466 1885 1520 1929 et
1564 1889 1745 1942 quazso
1775 1883 1830 1928 ut
1859 1888 1921 1927 ea
1953 1865 1998 1924 Β
2028 1876 2156 1930 nihil
2184 1878 2452 1930 narrarint
2477 1878 2540 1930 ad
2573 1879 2820 1947 gratiam,
2858 1879 2950 1932 sed
2983 1881 3156 1934 minus
3187 1896 3342 1947 quam
3375 1895 3606 1934 merere-

344 1963 531 2032 dignos
559 1962 798 2020 inveniar
825 1965 874 2018 in
905 1965 1032 2020 hora
1059 1967 1267 2036 judicii.
1321 1968 1408 2020 Ea:
1453 1976 1630 2020 autem
1667 1981 1787 2020 cum
1821 1981 1915 2020 au-

343 2053 586 2121 diissent,
630 2056 939 2110 ceciderunt
974 2057 1041 2111 ad
1075 2058 1234 2125 pedes
1272 2057 1387 2126 ejus
1429 2057 1640 2123 flentes,
1671 2066 1722 2111 et
1753 2057 1919 2110 confi-

345 2151 517 2200 tentes
557 2160 743 2200 omnes
771 2148 909 2215 quod
938 2151 1143 2202 beatam
1173 2149 1399 2202 diversis
1431 2148 1602 2202 modis
1643 2148 1922 2203 afficerent

344 2238 687 2292 contumelia.
719 2239 833 2292 Alia
875 2239 1088 2306 quidem
1120 2241 1303 2294 dicens
1346 2258 1360 2292 :
1394 2242 1503 2308 Ego
1535 2241 1672 2294 hanc
1710 2256 1922 2307 semper

345 2327 730 2380 subsannabam
754 2342 770 2391 ;
819 2327 942 2392 alia,
973 2329 1086 2397 Ego
1111 2329 1224 2395 ejus
1253 2329 1504 2384 humilem
1537 2330 1772 2383 habitum
1800 2329 1923 2383 irri-

345 2414 565 2480 debam;
597 2423 653 2470 et
676 2417 801 2483 alia,
827 2417 937 2484 Ego
964 2433 1080 2471 eam
1112 2427 1372 2473 tacentem
1403 2419 1699 2473 afticiebam
1731 2429 1926 2473 contn-

347 2507 537 2572 melia;
569 2516 620 2561 et
641 2521 823 2561 rursus
860 2508 986 2573 alia,
1029 2508 1139 2576 Ego
1167 2508 1380 2578 quadrae
1427 2508 1654 2563 eluviem
1685 2523 1827 2578 stepe
1868 2508 1923 2562 in

345 2611 461 2651 eam
493 2597 686 2662 ell'udi;
738 2597 860 2664 alia,
886 2598 996 2668 Ego
1033 2600 1082 2653 ei
1123 2599 1306 2670 plagas
1346 2599 1544 2664 innixi;
1583 2599 1684 2651 alia
1715 2613 1922 2664 rursus,

347 2688 460 2759 Ego
485 2704 544 2741 ea
569 2703 686 2741 sum
711 2705 830 2756 qua:
855 2692 904 2743 ei
936 2703 1141 2757 pugnos
1170 2688 1396 2754 incussi;
1430 2689 1529 2742 alia
1560 2703 1762 2753 rursus,
1810 2688 1924 2758 Ego

347 2777 551 2844 sinapio
579 2778 693 2845 ejus
723 2792 880 2832 nares
908 2779 1131 2845 aspersi.
1167 2779 1229 2832 Et
1260 2786 1316 2831 ut
1343 2778 1510 2832 semel
1539 2779 1732 2842 dicam,
1757 2778 1926 2845 signi-

347 2866 575 2920 licebant
617 2882 802 2921 omnes
828 2882 887 2921 se
916 2883 1035 2922 eam
1067 2869 1232 2922 variis
1275 2868 1516 2922 alIecisse
1564 2870 1921 2922 contumeliis.

347 2955 479 3012 Cum
512 2960 696 3011 harum
723 2972 852 3027 ergo
881 2958 1266 3012 confessionem
1291 2958 1586 3027 accepisset
1609 2966 1822 3012 sanctus
1845 2957 1925 3012 Pi-

347 3045 528 3110 tirum,
560 3057 611 3098 et
637 3063 729 3114 pro
758 3047 835 3101 eis
863 3047 1019 3100 simul
1050 3062 1170 3101 cum
1196 3049 1306 3115 ipsa
1332 3057 1558 3115 orasset,
1592 3059 1644 3102 et
1670 3049 1758 3102 diu
1781 3057 1924 3103 eSset

347 3139 645 3192 consolatus
662 3139 1013 3193 venerandam
1037 3141 1233 3195 Christi
1261 3155 1490 3212 servam,
1517 3142 1594 3196 sic
1612 3142 1766 3196 exiit.
1792 3142 1927 3194 Pau-

2028 1978 2132 2032 tur,
2167 1967 2288 2020 hinc
2312 1967 2464 2022 facile
2485 1969 2606 2022 sciri
2634 1979 2824 2036 potest.
2851 1969 2979 2023 Nam
3003 1987 3122 2024 cum
3146 1971 3210 2023 ad
3236 1985 3353 2023 eum
3379 1972 3609 2024 venisset

2031 2059 2248 2126 quidam
2281 2059 2542 2120 tribunus.
2583 2067 2636 2113 et
2677 2062 2896 2128 supplex
2928 2071 3130 2128 peteret
3175 2071 3233 2114 ut
3283 2063 3610 2128 permitteret

2026 2163 2244 2202 uxorem
2267 2164 2414 2202 suam
2441 2149 2506 2203 ad
2527 2165 2646 2202 eum
2673 2152 2874 2216 venire,
2899 2167 3016 2220 qua:
3040 2154 3199 2204 multa
3225 2167 3379 2221 passa
3412 2152 3609 2217 fuerat,

2024 2246 2079 2291 et
2108 2237 2315 2291 volebat
2345 2253 2465 2292 eum
2495 2240 2697 2306 videre,
2747 2253 2966 2293 ventura
2997 2241 3226 2313 Syenetn
3271 2252 3325 2294 ut
3365 2257 3459 2309 pro
3493 2241 3607 2308 ipsa

2027 2325 2176 2395 prius
2205 2335 2405 2387 oraret,
2438 2337 2491 2381 et
2519 2343 2636 2380 eam
2668 2329 2791 2381 data
2821 2330 3188 2384 benedictione
3210 2330 3530 2393 dimitteret;
3563 2331 3610 2385 is

2026 2423 2206 2468 autem
2237 2415 2324 2483 qui
2349 2414 2460 2483 jam
2492 2415 2840 2485 quadraginta
2872 2419 3024 2470 anuis
3056 2433 3158 2470 non
3191 2420 3393 2472 viderat
3415 2420 3608 2474 mulie-

2025 2519 2140 2558 rem
2165 2504 2216 2558 in
2241 2505 2516 2572 Spelunca,
2544 2521 2663 2559 cum
2682 2515 2824 2560 essu
2845 2509 3253 2578 nonagenarius,
3279 2519 3333 2564 et
3366 2526 3462 2565 nec
3493 2511 3609 2580 ipso

2028 2611 2260 2665 unquam
2293 2604 2440 2652 8536'.
2485 2611 2754 2665 egressus,
2805 2613 2904 2653 nec
2938 2600 3037 2653 sibi
3071 2602 3400 2669 permitteret
3430 2603 3610 2658 videre

2027 2687 2330 2752 mulierem,
2360 2687 2639 2741 recusabat
2661 2688 2840 2742 videre
2862 2689 2977 2758 ejus
3001 2705 3240 2745 uxorem.
3265 2692 3369 2745 Sed
3401 2706 3498 2746 nec
3529 2692 3609 2746 vir

2032 2777 2171 2832 ullus
2205 2777 2270 2831 ad
2295 2793 2416 2831 eum
2448 2793 2679 2845 unquam
2720 2787 2803 2833 est
2824 2781 3110 2847 ingressus.
3134 2781 3316 2834 Solum
3344 2782 3484 2835 enim
3515 2781 3610 2836 be-

2029 2868 2310 2922 nedicehat
2352 2883 2446 2935 per
2488 2868 2801 2935 fenestram,
2845 2878 2899 2922 et
2934 2871 3191 2923 salutabat
3221 2887 3314 2925 eos
3339 2871 3428 2940 qui
3456 2888 3612 2926 acce-

2029 2957 2249 3022 debant,
2277 2972 2396 3010 cum
2430 2972 2747 3026 unoquoque
2792 2959 3063 3013 disserens
3090 2961 3156 3015 de
3195 2977 3258 3015 eo
3287 2963 3426 3029 quod
3461 2965 3608 3016 vole-

2027 3053 2121 3108 bat
2152 3053 2190 3104 ¹.
2225 3049 2356 3104 Cum
2391 3065 2517 3119 ergo
2547 3053 2765 3105 instaret
2792 3051 3054 3117 tribunus,
3090 3068 3281 3122 rogans
3307 3070 3371 3107 an
3394 3055 3611 3122 juberet

2033 3160 2184 3200 suam
2217 3145 2398 3198 venire
2426 3145 2705 3214 conjugem
2748 3146 2996 3216 (degebat
3037 3148 3179 3200 enim
3221 3148 3276 3201 in
3321 3150 3610 3204 solitudine

348 3231 423 3283 cis
455 3239 629 3283 autem
661 3241 776 3298 post
804 3231 994 3285 diebus
1025 3247 1142 3286 cum
1167 3233 1232 3286 ab
1256 3233 1499 3287 omnibus
1523 3233 1673 3288 valde
1698 3234 1921 3288 honora-
1955 3220 2000 3280 Ο
2034 3238 2218 3304 quinto
2242 3236 2309 3289 ab
2333 3237 2461 3288 urbe
2487 3235 2681 3304 lapide)
2710 3235 2754 3289 is
2779 3244 2951 3289 autem
2978 3254 3084 3294 non
3107 3243 3399 3302 annuisset,
3425 3240 3611 3294 dicens

349 3329 513 3390 retur,
547 3328 599 3376 et
630 3323 696 3375 ab
731 3323 977 3378 omnibus
1008 3325 1400 3393 observaretur,
1431 3341 1534 3379 nou
1568 3325 1740 3379 ferens
1773 3326 1925 3380 beata

349 3413 566 3481 gloriam
597 3423 650 3468 et
679 3413 934 3468 honorem
962 3430 1065 3482 quo
1092 3416 1422 3472 afiiciebatur
1460 3417 1524 3470 ab
1554 3417 1698 3470 omni
1738 3418 1927 3470 frater-

349 3504 533 3571 nitate,
561 3514 616 3560 et
642 3506 1012 3561 excusationes
1037 3522 1170 3561 onus
1189 3523 1309 3561 esse
1332 3509 1616 3574 arbitrans,
1639 3510 1774 3562 clam
1799 3511 1930 3563 exiit

350 3609 410 3649 ex
450 3597 808 3659 monasterio;
840 3606 893 3650 et
917 3611 1148 3664 quonam
1197 3600 1370 3660 iverit,
1421 3609 1512 3652 aut
1550 3615 1707 3667 quem
1753 3601 1928 3653 locum

350 3685 589 3748 subierit,
616 3697 705 3738 aut
728 3687 814 3739 ubi
835 3687 1046 3753 obierit,
1080 3704 1233 3742 nemo
1255 3689 1507 3756 cognovit
1536 3690 1588 3742 in
1614 3689 1927 3743 hodiernum

351 3776 509 3831 diem.
542 3777 667 3831 Haac
694 3788 818 3832 sunt
844 3795 1119 3847 generosa:
1164 3790 1216 3834 et
1265 3781 1478 3835 humilis
1511 3781 1730 3851 virginis
1773 3781 1930 3850 hujus

351 3882 414 3922 ac
443 3868 610 3925 beatae
637 3880 783 3926 recte
814 3870 952 3926 facta
979 3880 1034 3926 et
1061 3888 1243 3942 opera.

920 3983 1143 4039 CAPUT
1184 3984 1365 4041 XLIII.

592 4071 668 4127 De
711 4072 888 4128 abbate
927 4075 1129 4128 Joanne
1181 4075 1297 4146 (80)
1353 4076 1492 4128 urbis
1539 4075 1694 4146 Lyco.

425 4159 544 4217 Fuit
589 4163 804 4233 quidam
848 4164 1080 4219 Joannes
1122 4168 1171 4220 in
1214 4168 1345 4222 urbe
1377 4166 1537 4236 Lyco,
1579 4167 1670 4236 qui
1704 4182 1733 4221 a
1767 4181 1931 4235 puero

354 4253 566 4322 quidem
596 4255 782 4310 didicit
807 4267 973 4311 artem
1003 4257 1268 4318 fabrilem.
1296 4261 1378 4311 cui
1409 4256 1512 4312 fuit
1542 4257 1708 4313 frater
1737 4260 1934 4313 tinctor

356 4343 552 4414 (Ra/7.,
576 4345 667 4402 lib.
701 4361 759 4412 tt,
783 4363 898 4414 cap.
930 4348 1008 4417 1).
1039 4349 1227 4404 Postea
1257 4360 1431 4403 autem
1459 4365 1578 4402 cum
1609 4358 1752 4404 esset
1779 4349 1935 4403 circi—

356 4444 436 4490 ter
457 4436 892 4506 vigintiquinque
954 4455 1127 4495 annos
1200 4450 1389 4506 natus,
1466 4439 1668 4496 smculo
1736 4454 1934 4493 renun-

355 4527 544 4588 tiavit;
593 4534 646 4579 et
691 4541 810 4579 cum
839 4527 1071 4595 quinque
1096 4543 1267 4581 annos
1293 4536 1533 4581 versatus
1563 4535 1705 4582 esset
1735 4527 1786 4580 in
1814 4542 1934 4580 mo-

357 4617 612 4684 nasterio,
640 4618 864 4673 secessit
893 4619 1037 4672 solus
1063 4620 1113 4672 io
1145 4630 1377 4674 montem
1412 4620 1574 4690 Lyco,
1614 4627 1667 4674 et
1699 4622 1749 4672 in
1777 4635 1933 4674 cacu-

358 4707 501 4763 mine
546 4709 743 4763 montis
792 4708 944 4763 factis
996 4710 1097 4764 sibi
1151 4711 1316 4765 tribus
1375 4711 1570 4778 tholis,
1622 4711 1930 4777 ingressus,

358 4799 590 4866 seipsum
620 4798 972 4853 inmdificavit.
1007 4804 1180 4870 Atque
1210 4811 1323 4855 erat
1350 4803 1564 4869 quidem
1591 4818 1727 4855 unus
1759 4802 1932 4856 tholus

359 4887 425 4941 ad
453 4886 691 4955 corporis
722 4889 1086 4956 necessitates,
1118 4905 1253 4943 unus
1274 4899 1449 4944 autem
1475 4891 1561 4943 ubi
1588 4891 1928 4959 operabatur,

363 4979 498 5032 alius
526 4994 652 5033 vero
676 4979 762 5033 ubi
787 4979 995 5033 orabat.
1024 4981 1072 5034 ls
1101 4995 1221 5034 cum
1250 4983 1569 5048 complesset
1596 4983 1806 5050 triginta
1837 4996 1930 5034 an-

363 5081 482 5132 nos,
521 5067 774 5131 inclusus,
811 5078 865 5122 et
894 5069 961 5122 ab
989 5085 1052 5123 eo
1079 5072 1165 5138 qni
1196 5072 1243 5125 ei
1273 5071 1602 5126 ministrabat
1650 5088 1746 5140 per
1791 5074 1937 5126 fene-

358 5167 522 5211 stram
550 5160 814 5226 accipiens
851 5174 969 5225 qua:
1010 5168 1164 5214 erant
1194 5161 1258 5213 ad
1290 5177 1441 5214 usum
1485 5162 1809 5225 necessaria,
1857 5161 1938 5214 di-

361 5261 497 5316 gnus
523 5259 602 5303 est
625 5249 836 5303 habitus
857 5247 1026 5318 gratia
1046 5252 1342 5306 futurorum
1375 5254 1754 5320 praedictionis,
1780 5267 1937 5320 quem

361 5338 778 5406 donum‘habere
819 5341 1109 5409 prophetiae
1139 5343 1352 5410 planum
1388 5345 1581 5398 factum
1610 5357 1691 5400 est
1717 5362 1778 5398 ex
1811 5359 1942 5413 ope-

360 5430 529 5484 ribus.
563 5429 772 5485 Etenim
802 5442 992 5487 concta
1024 5450 1140 5502 quat
1169 5449 1199 5487 a
1246 5435 1353 5489 Deo
1393 5436 1444 5488 in
1476 5438 1727 5491 mundum
1761 5437 1941 5490 venie-

363 5518 510 5585 bant,
540 5519 590 5572 in
620 5518 802 5586 primis
831 5522 914 5590 pio
936 5521 1247 5591 imperatori
1276 5525 1574 5579 Theodosio
1605 5528 1748 5594 prius
1779 5527 1940 5595 signi-

362 5607 562 5673 ﬁcavit,
583 5618 636 5662 et
657 5624 774 5676 quas
797 5626 981 5667 rursus
1007 5624 1259 5668 eventura
1287 5623 1457 5678 erant,
1484 5616 1627 5683 prius
1651 5618 1938 5670 annuntia-

361 5697 465 5764 vit;
488 5712 680 5767 nempe
695 5709 748 5755 et
765 5709 1106 5768 tyrannorum
1126 5706 1239 5773 (90)
1258 5707 1308 5759 in
1327 5722 1447 5761 eum
1472 5707 1935 5774 insurrectiouem,

2032 3327 2083 3382 id
2118 3343 2222 3382 non
2254 3342 2408 3395 posse
2440 3327 2575 3390 fieri,
2621 3327 2824 3380 tristem
2875 3327 3079 3382 dimisit
3122 3328 3416 3384 hominem.
3466 3330 3610 3385 Uxor

2031 3429 2207 3472 autetn
2236 3435 2339 3471 non
2367 3421 2605 3472 ce~sabat
2630 3417 2715 3471 die
2737 3428 2790 3471 et
2815 3427 2966 3472 nocte
2995 3419 3184 3471 marito
3204 3420 3467 3475 exhibere
3494 3437 3610 3474 mo-

2032 3509 2262 3569 lestiam,
2293 3517 2345 3560 et
2376 3506 2726 3576 jurejurando
2755 3506 3022 3561 affirmare
3057 3521 3115 3560 se
3155 3523 3411 3576 nusquam
3440 3510 3610 3562 abitu-

2032 3617 2145 3654 ram
2190 3578 2288 3655 msi
2317 3601 2520 3654 videret
2547 3601 2885 3667 prophetam.
2919 3599 3203 3666 Postquam
3249 3611 3424 3654 autem
3456 3601 3611 3654 beato

2032 3695 2224 3750 Joanni
2255 3711 2282 3747 a
2314 3696 2503 3748 marito
2529 3695 2885 3747 renuntiatum
2915 3691 3378 3761 estjusjurandum
3411 3694 3615 3759 uxoris,

2032 3789 2147 3854 ejus
2173 3786 2278 3840 fide
2313 3786 2600 3850 intellecta,
2625 3785 2754 3838 dicit
2783 3783 2846 3836 ad
2879 3787 3049 3851 ipsum
3082 3801 3094 3836 :
3138 3783 3247 3838 llac
3276 3792 3430 3836 nocte
3451 3784 3517 3836 ab
3546 3798 3609 3837 ea

2039 3877 2258 3932 videbor
2290 3876 2342 3930 in
2372 3876 2572 3928 somnis
2599 3891 2612 3940 ;
2666 3889 2762 3927 nec
2790 3875 3018 3940 amplius
3049 3884 3228 3942 pergat
3258 3875 3307 3926 in
3337 3888 3498 3928 carne
3529 3875 3610 3926 vi-

2033 3968 2161 4022 dere
2191 3983 2362 4020 meam
2393 3968 2600 4021 faciem.
2633 3964 2795 4022 Uxori
2827 3974 3004 4019 autem
3032 3967 3351 4018 renuntiavit
3392 3967 3612 4019 maritus

2035 4076 2092 4113 ea
2124 4076 2240 4130 qua:
2272 4060 2428 4113 Pater
2457 4060 2687 4112 dixerat.
2717 4058 2939 4112 Videbat
2965 4071 3144 4114 autem
3170 4059 3356 4112 mulier
3378 4059 3430 4111 in
3461 4074 3616 4113 som-

2035 4151 2118 4205 nis
2148 4152 2457 4218 prophetam
2489 4149 2554 4202 ad
2584 4150 2750 4216 ipsam
2779 4149 3102 4202 venientem.
3134 4148 3230 4202 Cui
3274 4148 3402 4202 dicit
3431 4167 3444 4202 :
3475 4150 3611 4217 Quid

2037 4239 2131 4295 tibi
2162 4255 2368 4293 mecum
2399 4255 2475 4294 ret
2499 4249 2577 4293 est
2604 4239 2830 4293 muber?
2859 4239 2982 4307 quid
3011 4253 3180 4292 meam
3203 4239 3412 4306 cupiisti
3436 4239 3616 4294 videre

2038 4332 2273 4387 faciem?
2304 4332 2539 4400 nunquid
2571 4333 2710 4385 enim
2751 4331 3004 4400 propheta
3037 4347 3134 4399 ego
3160 4346 3302 4396 sum,
3341 4344 3430 4385 aut
3481 4332 3615 4402 justi

2037 4423 2212 4478 locum
2237 4423 2488 4476 obtineo?
2518 4422 2677 4475 homo
2703 4438 2816 4474 sttll‘l
2844 4433 3106 4490 jeccator,
3129 4431 3182 4475 et
3202 4423 3443 4476 similiter
3462 4432 3620 4491 atque

2039 4531 2137 4570 vos
2168 4514 2400 4584 patibilis
2437 4531 2448 4565 :
2475 4515 2619 4566 oravi
2648 4525 2820 4566 tamen
2855 4530 2947 4581 pro
2971 4523 3021 4567 te
3052 4525 3103 4567 et
3130 4513 3291 4568 domo
3323 4514 3495 4568 mariti
3522 4515 3616 4580 tui,

2041 4619 2094 4661 ut
2113 4607 2365 4660 fiatvobis
2382 4606 2673 4659 secundum
2701 4607 2858 4659 iidem
2873 4615 3120 4658 vestram.
3150 4605 3224 4659 Ite
3243 4621 3366 4674 ergo
3390 4606 3439 4658 in
3466 4621 3617 4674 pace.

1985 4703 1994 4706 ’
2045 4700 2252 4753 Etcum
2286 4701 2397 4752 haec
2428 4698 2671 4764 dixisset,
2717 4699 2960 4752 recessit.
3009 4698 3138 4751 Cum
3187 4706 3362 4751 autem
3393 4697 3619 4751 excitata

2041 4791 2230 4844 fuisset
2259 4790 2472 4853 mulier,
2501 4790 2826 4844 renuntiavit
2853 4791 3046 4842 marito
3069 4788 3224 4842 verba
3251 4789 3543 4855 prophetae,
3567 4797 3621 4841 et

2041 4883 2278 4936 narravit
2310 4883 2527 4950 figuram
2558 4892 2611 4935 et
2639 4881 2898 4949 habitum,
2933 4889 2986 4934 et
3009 4896 3100 4948 per
3130 4881 3372 4933 maritum
3399 4881 3445 4934 ei
3475 4879 3622 4933 misit

2040 4975 2272 5044 agendas
2317 4975 2536 5043 gratias.
2586 4972 2716 5027 Cum
2765 4989 2884 5027 eum
2937 4983 3112 5027 autem
3163 4973 3384 5027 vidisset
3433 4972 3620 5026 beatus

2038 5065 2293 5128 Joannes,
2324 5078 2589 5126 occupans
2617 5063 2665 5116 ei
2697 5061 2830 5115 dixit
2863 5081 2874 5113 :
2911 5062 3048 5115 Ecce
3079 5062 3293 5129 implevi
3341 5061 3478 5130 quod
3528 5078 3622 5129 po-

2039 5154 2369 5212 stulaveras;
2412 5168 2526 5205 eam
2571 5151 2713 5205 enim
2748 5153 2952 5216 videns,
2987 5153 3167 5206 monui
3211 5167 3280 5206 ne
3309 5168 3395 5208 me
3416 5153 3622 5208 videret

2041 5243 2290 5310 amplius,
2319 5240 2438 5305 scd,
2462 5241 2536 5295 Ite
2564 5241 2614 5294 in
2649 5256 2796 5310 pace.

2113 5355 2346 5408 Alterius
2375 5363 2550 5408 autem
2583 5354 2850 5422 praepositi
2896 5371 3058 5422 uxor,
3108 5355 3329 5408 absente
3375 5354 3567 5407 marito
3593 5396 3609 5422 ,

2046 5445 2252 5500 ferebat
2295 5455 2524 5499 uterum.
2557 5446 2687 5500 Cum
2719 5455 2896 5499 autem
2941 5447 3266 5514 peperisset,
3300 5460 3365 5499 eo
3395 5445 3509 5512 ipso
3536 5444 3624 5496 die

2043 5548 2150 5603 quo
2177 5533 2295 5601 ejus
2326 5537 2548 5588 maritus
2576 5535 2828 5589 convenit
2867 5535 3076 5589 Patrem
3106 5533 3363 5587 Joannem
3390 5575 3407 5599 ,
3455 5532 3621 5588 animi

2042 5625 2274 5692 deliquio
2299 5624 2445 5679 venit
2472 5626 2522 5677 in
2552 5625 2866 5693 periculum.
2894 5625 2954 5678 Ei
2975 5633 3154 5677 autem
3173 5631 3390 5677 sanctus
3414 5637 3623 5676 annun-

2046 5715 2214 5779 tiavit,
2244 5715 2425 5769 dicens
2451 5731 2464 5767 :
2489 5714 2546 5768 Si
2578 5715 2744 5770 scires
2770 5715 2968 5772 donum
3002 5715 3095 5772 Dei
3136 5713 3368 5788 (Joann.
3391 5730 3444 5770 tv
3467 5711 3522 5782 ),
3563 5716 3622 5768 et

431 5811 450 5846 ⁸
480 5811 579 5874 Hic
603 5815 846 5885 quaidam
877 5819 1091 5878 Gnaeus
1115 5829 1288 5878 textus
1309 5821 1596 5892 interserit,
1622 5838 1740 5894 qua:
1763 5825 1923 5882 habes
1964 5828 2103 5894 apud
2128 5827 2484 5893 Heraclidem,
2506 5841 2628 5900 cap.
2657 5827 2747 5885 ‘22.
