4020 6422
453 392 583 447 illi

1912 387 2233 446 PALLADII

3576 390 3718 445 1112

448 524 590 593 quod
619 523 711 579 tibi
742 532 895 578 natus
933 524 1003 577 sit
1045 522 1202 576 bndie
1244 520 1381 574 Illius
1404 560 1419 586 ,
1459 520 1622 575 Deum
1655 519 2019 592 glorificarcs;
2051 520 2100 576 A
2128 522 2357 576 eminus.
2388 522 2520 575 Cum
2552 529 2734 578 essent
2758 532 2936 577 autem
2978 523 3223 577 collocuti
3252 523 3469 591 diutius,
3496 527 3708 583 tristitia

450 618 543 672 sed
574 628 741 671 mater
765 616 881 684 ejus
905 613 1288 685 propemodum
1313 613 1458 667 venit
1479 614 1528 667 in
1554 613 1865 682 periculum.
1891 612 2024 665 Cum

451 709 664 763 veneris
693 710 871 775 igitur,
900 706 1137 759 invenies
1160 703 1413 758 infantem
1437 714 1637 771 septem
1660 702 1774 755 dies
1800 708 1982 753 natum
2010 716 2025 751 :

451 802 497 855 ei
542 802 751 866 impone
782 813 971 852 nomen
1002 797 1251 851 Joannes.
1283 796 1523 863 Cumque
1563 809 1682 848 eum
1716 802 1859 846 recte
1898 791 2030 845 edu-

451 892 683 954 caveris,
724 900 778 943 et
814 889 879 942 ad
910 904 1102 942 annum
1133 889 1419 953 septimum
1451 886 1656 939 venerit
1682 926 1697 951 ,
1729 885 1878 937 mitte
1905 896 2026 936 eum

452 988 516 1041 ad
544 985 831 1039 monachos
859 985 948 1053 qui
980 994 1102 1037 sunt
1143 984 1193 1035 in
1225 982 1530 1035 solitudine.
1566 982 1629 1034 Et
1660 980 1772 1032 haec
1813 978 2027 1045 quidem

453 1077 772 1131 ostendebat
818 1077 1071 1130 miracula
1118 1076 1182 1129 iis
1226 1077 1316 1144 qui
1366 1074 1647 1127 veniebant
1690 1072 1757 1124 ab
1801 1069 2028 1132 exteris;

453 1168 566 1221 suis
613 1177 787 1221 autem
827 1166 1031 1221 civibus
1072 1174 1286 1233 propter
1324 1179 1475 1218 suum
1509 1177 1663 1216 usum
1709 1161 1923 1213 assidue
1962 1160 2029 1211 ad

456 1259 627 1324 ipsum
647 1258 978 1311 venientibus
998 1266 1052 1310 et
1076 1256 1386 1323 pra-sciebat
1407 1253 1794 1322 etprmdicebat
1823 1251 1990 1304 futura
2012 1264 2029 1314 ;

453 1359 508 1405 et
550 1364 670 1419 qua:
710 1349 777 1402 ab
814 1364 1133 1417 unoquoque
1168 1348 1378 1401 occulte
1417 1346 1550 1399 facta
1584 1346 1826 1409 fuerant,
1871 1351 1925 1397 et
1966 1342 2033 1396 de

456 1442 596 1507 Nilo,
629 1454 682 1496 et
710 1443 777 1497 de
810 1442 985 1497 futura
1016 1440 1139 1495 anni
1172 1440 1442 1494 fertilitate
1470 1439 1546 1493 eis
1575 1436 1924 1505 significabat.
1951 1434 2034 1487 Si-

456 1535 652 1588 militer
698 1543 876 1588 autem
922 1534 1016 1588 Dei
1056 1548 1263 1601 quoque
1306 1534 1476 1585 minas
1514 1530 1578 1583 ad
1624 1544 1716 1583 eos
1757 1529 2034 1581 venientes

457 1625 604 1693 prius
631 1625 1014 1689 annuntiabat,
1050 1633 1104 1677 et
1129 1624 1245 1691 ejus
1269 1632 1512 1676 auctores
1551 1620 1827 1689 arguebat.
1863 1622 2037 1687 Atque

458 1718 570 1785 ipse
608 1715 820 1784 quidem
870 1716 1054 1769 beatus
1102 1716 1337 1769 Joannes
1382 1728 1486 1766 non
1530 1711 1818 1781 peragebat
1856 1718 2038 1778 aperte

454 1805 788 1867 curationes;
819 1804 952 1857 dans
982 1814 1159 1857 autem
1189 1805 1390 1868 oleum,
1421 1803 1627 1856 curavit
1659 1801 1853 1855 multos
1882 1815 1947 1855 ex
1975 1798 2039 1853 iis

455 1895 543 1964 qui
572 1894 900 1947 laborabant.

527 1968 791 2037 Senatorii
833 1982 973 2035 enim
1022 1982 1296 2052 cujusdam
1337 1982 1436 2036 viri
1479 1996 1644 2049 uxor,
1692 1996 1810 2049 qum
1854 1978 2037 2032 oculos

456 2073 731 2135 amiserat,
760 2080 816 2126 et
841 2071 1067 2125 habebat
1099 2073 1322 2139 pupillas
1348 2073 1605 2126 obductas
1635 2071 1903 2138 albugine,
1946 2086 2037 2123 ro-

457 2168 604 2234 gavit
644 2167 892 2220 maritum
935 2181 1088 2219 suum
1118 2177 1173 2219 ut
1204 2167 1267 2219 ad
1298 2168 1467 2230 ipsum
1497 2166 1872 2220 deduceretur.
1904 2163 2036 2218 Cum

460 2256 505 2308 is
534 2265 710 2310 autem
752 2255 977 2316 diceret,
1021 2270 1142 2309 eum
1185 2271 1452 2324 nunquam
1499 2255 1812 2310 convenisse
1854 2255 2042 2308 mulie-

460 2360 596 2410 rem,
640 2360 699 2398 ea
730 2354 905 2398 autem
938 2356 1148 2415 rogaret
1186 2356 1243 2399 tit
1285 2346 1383 2414 ipsi
1410 2348 1580 2399 Solum
1614 2346 2037 2415 significaretur,

463 2447 514 2490 ct
543 2450 639 2505 pro
672 2435 782 2502 ipsa
815 2435 865 2488 id
896 2433 1154 2500 efﬁceret,
1187 2436 1274 2489 ille
1300 2437 1377 2490 sic
1408 2436 1554 2500 fecit,
1588 2446 1640 2489 et
1672 2437 1813 2489 misit
1842 2439 2040 2490 oleum.

461 2528 593 2579 Cum
626 2535 734 2578 tres
762 2535 936 2579 autem
964 2526 1079 2579 dies
1104 2527 1273 2579 solum
1306 2527 1599 2580 inunxissct
1626 2526 1832 2591 oculos,
1864 2541 1903 2579 ri
1922 2540 2043 2591 sne-

461 2618 558 2681 xit,
589 2626 640 2670 et
670 2615 779 2668 Deo
804 2627 985 2683 aperte
1016 2616 1123 2684 egit
1152 2616 1368 2685 gratias.

538 2707 751 2777 thuid
774 2722 905 2777 opus
928 2704 1210 2760 estdicere
1275 2705 1342 2760 de
1406 2703 1527 2760 aliis
1599 2703 1717 2775 ejus
1789 2706 2042 2776 operibus

466 2814 587 2864 qua:
631 2800 757 2867 ipsis
802 2798 969 2851 oculis
1008 2796 1347 2865 accepimus?
1381 2796 1605 2849 Eramus
1649 2794 1788 2849 enim
1835 2804 2043 2864 septem

465 2890 659 2945 fratres
704 2889 967 2959 peregrini
1000 2904 1187 2943 omnes
1218 2889 1269 2942 in
1302 2888 1588 2943 solitudine
1616 2887 1821 2954 Nitriae,
1864 2904 1964 2957 ego
1992 2896 2047 2942 et

408 3030 419 3047 ,
466 2982 657 3036 beatus
694 2981 967 3050 Evagrius,
1009 2990 1063 3035 et
1092 2981 1316 3035 Albinus
1336 3020 1352 3047 ,
1382 2988 1437 3035 et
1466 2980 1794 3033 Ammonius.
1825 2979 2047 3046 Quaere-

467 3075 656 3130 bamus
686 3086 861 3127 autem
886 3073 1024 3129 scire
1050 3082 1295 3127 accurate
1320 3087 1564 3140 quamam
1592 3082 1737 3126 ess‘et
1766 3072 1920 3140 bujus
1949 3072 2047 3126 viri

467 3164 663 3218 virtus.
693 3164 834 3217 Dixit
861 3173 1036 3217 autem
1067 3178 1289 3230 magnus
1319 3163 1574 3230 Evagrius
1604 3180 1617 3213 :
1645 3161 1914 3216 Lubenter
1944 3161 2050 3215 sci-

472 3273 585 3313 rcm
619 3257 685 3309 ab
741 3256 918 3325 aliquo
962 3257 1051 3324 qui
1096 3253 1235 3307 norit
1281 3252 1585 3307 examinare
1627 3264 1682 3307 et
1721 3264 1949 3306 mentem
1988 3253 2112 3313 etC

473 3348 791 3411 orationem,
833 3344 1110 3413 cujusnam
1140 3343 1280 3397 modi
1308 3344 1376 3396 sit
1408 3345 1517 3407 vir;
1550 3343 1592 3395 si
1624 3343 1765 3396 enim
1795 3358 1894 3410 ego
1924 3358 2043 3397 eum

475 3447 829 3506 nonpotuero
857 3436 1057 3501 videre,
1101 3435 1215 3503 ejus
1253 3445 1429 3489 autem
1473 3436 1593 3488 vitae
1624 3436 1923 3489 inStitutum
1955 3452 2047 3491 ac-

474 3539 658 3582 curate
686 3527 868 3581 audire
898 3535 1119 3594 potuero
1146 3526 1250 3580 alio
1280 3535 1532 3579 narrante
1552 3566 1565 3591 ,
1611 3525 1810 3579 discam
1844 3537 1898 3579 ut
1926 3542 2047 3581 eum

475 3622 817 3685 conveniam;
851 3620 991 3689 quod
1022 3619 1065 3671 si
1097 3632 1201 3672 non
1229 3618 1499 3684 didicero,
1533 3632 1635 3673 non
1670 3620 1757 3673 ibo
1788 3634 1954 3689 usque
1983 3620 2048 3673 ad

476 3726 731 3770 montem.
757 3712 888 3767 Cum
917 3712 1017 3765 hoc
1044 3721 1221 3766 autem
1252 3712 1558 3775 audiissem,
1588 3720 1642 3765 et
1672 3712 1868 3765 nemini
1896 3710 2051 3779 quid-

474 3821 632 3875 quam
665 3805 915 3859 dixissem
939 3845 952 3867 ,
996 3802 1166 3871 quievi
1197 3818 1357 3856 unum
1398 3802 1536 3855 diem
1564 3843 1576 3863 ,
1621 3803 1726 3855 alio
1757 3812 1931 3854 autem
1962 3816 2051 3856 oc-

474 3897 606 3951 clusi
637 3896 856 3959 cellam;
890 3904 1086 3948 etcum
1115 3909 1200 3947 me
1236 3900 1291 3947 et
1332 3893 1499 3961 ipsam
1541 3892 1649 3947 Deo
1680 3893 2051 3947 commendas—

475 4002 621 4052 sem,
672 3986 942 4055 profectus
982 3999 1098 4037 sum
1140 4000 1307 4053 usque
1346 3984 1411 4036 ad
1445 3983 1791 4037 Thebaidem.
1825 3984 1956 4037 Cum
1986 3997 2052 4037 eo

472 4088 651 4130 autem
701 4075 883 4131 decem
930 4084 985 4129 et
1026 4087 1147 4127 octo
1193 4074 1397 4129 dierum
1441 4075 1614 4143 spatio
1654 4076 2049 4142 pervenis-sem,

476 4168 667 4234 partim
702 4168 911 4237 quidem
947 4168 1167 4234 pedibus
1193 4208 1207 4232 ,
1257 4167 1445 4235 partim
1491 4182 1618 4221 vero
1658 4167 1955 4235 navigando
1999 4171 2051 4223 in

473 4260 691 4314 flumine
715 4277 729 4312 :
757 4268 871 4314 erat
910 4274 1083 4311 autem
1126 4268 1335 4325 tempus
1373 4272 1627 4311 ascensus
1666 4258 1813 4328 (9i),
1858 4259 1908 4311 in
1948 4274 2054 4327 quo

476 4351 627 4403 ti'iulti
660 4360 933 4419 aegrotant,
965 4350 1103 4417 quod
1134 4350 1260 4402 mibi
1303 4365 1513 4417 quoque
1558 4351 1772 4403 accidit.
1805 4350 1936 4404 Cum
1966 4369 2056 4405 ve-

476 4441 675 4494 nissem
730 4451 945 4502 autem,
998 4440 1173 4493 inveni
1229 4441 1466 4493 clausum
1521 4441 1637 4509 ejus
1685 4442 2051 4509 vestibulum;

473 4531 668 4585 fratres
694 4537 834 4582 enim
865 4532 1127 4595 posterius
1150 4532 1480 4585 :rdificarunt
1508 4534 1793 4586 maximum
1818 4537 2055 4589 vestibu-

2131 627 2248 667 sum
2277 612 2516 677 affectus,
2564 622 2621 669 et
2669 615 2995 668 murmurari
3042 616 3297 671 adversus
3344 617 3706 674 venerabilem

2130 718 2311 756 senem
2341 704 2455 773 (9'2)
2483 745 2497 766 ,
2530 704 2669 771 quod
2714 721 2799 759 me
2828 706 3042 775 quidem
3074 711 3524 776 contempsisset,
3553 708 3704 762 illum

2129 804 2304 847 autem
2354 793 2698 859 honorasset;
2729 804 2783 848 et
2826 796 2895 849 ob
2943 797 2991 848 id
3032 797 3209 850 animo
3254 797 3623 864 conturbatus,
3658 800 3711 852 in

2130 883 2309 936 animo
2336 884 2596 937 habebam
2625 900 2690 937 eo
2717 895 3024 953 contempto
3067 888 3337 942 recedere.
3372 887 3579 943 V'ocato
3612 905 3710 942 an-

2130 982 2235 1027 tem
2286 976 2595 1044 interprelc,
2644 976 2926 1031 Theodoro
2976 979 3207 1041 nomine,
3248 979 3378 1033 dicit
3425 979 3473 1033 ei
3506 979 3713 1049 :Vade,

2130 1066 2215 1120 dic
2243 1066 2315 1119 illi
2348 1067 2492 1121 fratri
2518 1078 2571 1122 ut
2596 1084 2662 1123 ne
2683 1084 2824 1137 :egre
2847 1070 3010 1136 ferat;
3039 1070 3149 1139 jam
3178 1071 3389 1125 dimitto
3410 1072 3714 1138 praesidem,

2132 1167 2186 1211 ct
2227 1174 2347 1212 eum
2400 1160 2656 1226 alloquar.
2716 1161 2895 1214 Visum
2945 1172 3027 1216 est
3070 1178 3198 1232 ergo
3250 1162 3376 1216 mihi
3421 1162 3713 1217 toleranter

2135 1248 2296 1313 ferre,
2330 1259 2388 1303 ut
2418 1251 2502 1317 qui
2534 1252 3059 1319 animadvertissem,
3090 1268 3210 1307 eum
3241 1268 3361 1306 esse
3398 1252 3714 1321 spiritalem.

2134 1340 2263 1394 Cum
2290 1342 2509 1395 exiiSSt-t
2530 1351 2707 1396 autem
2738 1359 2957 1409 praeses,
2977 1360 3060 1396 me
3082 1344 3363 1404 accersito,
3389 1344 3521 1397 dicit
3550 1344 3679 1396 milii
3702 1361 3714 1393 :

2135 1432 2240 1487 Cur
2267 1444 2451 1486 contra
2482 1450 2567 1488 me
2596 1434 2739 1488 fuisti
2770 1436 3110 1503 indignatus?
3136 1435 3271 1500 Quid
3301 1435 3547 1488 invenisti
3576 1434 3717 1503 quod

2138 1532 2189 1578 te
2229 1524 2348 1591 jure
2388 1524 2720 1589 offenderet,
2753 1526 2892 1592 quod
2944 1526 3031 1578 illa
3080 1526 3259 1579 animo
3303 1526 3557 1592 reputasti
3603 1540 3716 1595 qua

2138 1630 2309 1683 neque
2337 1616 2463 1669 mihi
2489 1616 2705 1682 adsunt,
2740 1632 2911 1685 neque
2939 1629 2989 1671 te
3018 1616 3240 1670 dect-nt?
3269 1618 3347 1670 An
3371 1618 3546 1669 nescis
3580 1616 3714 1668 scri-

2140 1716 2286 1775 ptum
2318 1722 2436 1761 esse
2461 1724 2472 1757 :
2498 1707 2610 1759 Non
2643 1720 2777 1775 opus
2812 1706 3005 1759 habent
3032 1709 3143 1759 sini
3176 1707 3402 1770 medico,
3436 1707 3531 1759 sed
3581 1706 3714 1760 male

2145 1796 2401 1849 habentes
2433 1795 2644 1863 (Matth.
2675 1811 2756 1857 Ix;
2786 1795 2951 1849 Marc.
2979 1812 3007 1847 ι
3033 1812 3045 1860 ;
3074 1794 3223 1848 Luca:
3259 1793 3333 1863 v).
3366 1794 3461 1857 Te,
3507 1797 3718 1863 quando

2068 1877 2115 1936 B
2144 1889 2284 1953 volo,
2319 1890 2552 1952 invenio,
2597 1899 2650 1942 et
2679 1896 2732 1942 tu
2764 1904 2878 1953 me;
2922 1896 2977 1941 et
3004 1891 3045 1941 si
3078 1897 3127 1942 te
3156 1902 3261 1941 non
3294 1888 3441 1942 fuero
3469 1888 3719 1941 consola-

2143 1987 2251 2044 tus,
2279 1978 2368 2031 alii
2398 1987 2449 2031 te
2478 1978 2822 2031 consolantur
2847 1976 3058 2043 fratres,
3084 1988 3136 2032 et
3159 1978 3244 2030 alii
3278 1977 3476 2032 Patres.
3508 1976 3609 2031 llic
3636 1992 3721 2030 au-

2144 2077 2247 2121 tem
2280 2069 2367 2135 qui
2416 2084 2509 2137 per
2552 2070 2817 2123 mundana
2849 2070 3059 2137 negotia
3088 2081 3203 2123 erat
3232 2070 3441 2123 deditus
3480 2070 3720 2135 diabolo,

2142 2170 2198 2217 et
2235 2175 2354 2214 cum
2396 2162 2544 2214 brevi
2579 2161 2832 2228 temporis
2875 2163 3047 2229 spatio
3094 2162 3409 2229 respirasset
3450 2171 3505 2214 ut
3536 2172 3723 2214 servus

2142 2251 2230 2316 qui
2271 2249 2475 2317 aufugit
2516 2248 2584 2303 ab
2623 2258 2836 2303 austero
2874 2250 3115 2315 domino,
3148 2251 3375 2304 accessit
3404 2258 3461 2303 ut
3490 2252 3717 2317 aliquam

2142 2353 2355 2409 cnperet
2384 2341 2687 2395 utilitatem.
2724 2343 3023 2396 Absurdum
3065 2358 3191 2411 ergo
3232 2342 3417 2397 fuisset
3445 2351 3501 2395 ut
3538 2357 3604 2396 eo
3642 2356 3721 2396 re-

2148 2433 2275 2488 licto
2305 2442 2481 2488 tecum
2528 2448 2804 2498 versarer,
2837 2450 2956 2489 cum
3000 2444 3051 2488 tu
3092 2435 3303 2490 assidue
3346 2450 3503 2489 vaces
3550 2436 3718 2489 saluti.

2146 2527 2279 2582 Cum
2309 2543 2430 2581 eum
2464 2542 2591 2597 ergo
2623 2541 2892 2595 rogassem
2924 2538 2982 2582 ut
3012 2542 3107 2595 pro
3135 2542 3219 2581 me
3247 2538 3447 2591 oraret,
3478 2528 3718 2595 explora-

2149 2630 2257 2673 tum
2290 2619 2448 2673 habui
2480 2634 2598 2672 eum
2630 2633 2750 2672 esse
2780 2617 2949 2671 virum
2992 2619 3303 2688 spiritalem.
3348 2618 3495 2677 Tunc
3524 2619 3719 2671 urbane

2149 2722 2357 2763 mecum
2383 2708 2591 2775 jocans,
2625 2723 2743 2762 cum
2774 2710 3042 2763 sinistram
3076 2708 3342 2761 maxillam
3375 2708 3502 2761 milii
3527 2707 3713 2762 sensim

2148 2800 2436 2869 pulsasset,
2464 2800 2590 2854 dicit
2614 2816 2627 2853 :
2655 2800 2829 2853 Multae
2858 2810 2909 2854 te
2937 2811 3148 2853 manent
3176 2798 3511 2863 afﬂictiones,
3540 2811 3590 2854 et
3615 2813 3720 2867 gra-

2148 2892 2234 2944 via
2265 2890 2403 2945 bella
2440 2905 2625 2957 passus
2653 2905 2711 2942 es
2743 2899 2801 2943 ut
2829 2890 3004 2943 exires
3033 2904 3063 2944 e
3092 2888 3393 2954 solitudine,
3428 2889 3714 2957 timoreque

2149 2981 2371 3035 affectus
2417 2995 2497 3044 es,
2549 2990 2602 3035 et
2649 2980 3080 3048 distulistizpios
3121 2989 3295 3033 autem
3344 2990 3627 3048 praetextus
3666 2987 3713 3033 et

2150 3071 2343 3124 rationi
2389 3079 2774 3125 consentaneus
2818 3070 3047 3124 alferens
3085 3071 3291 3123 daemon
3319 3116 3334 3137 ,
3379 3081 3427 3125 te
3466 3070 3710 3139 exagitat.

2152 3162 2270 3215 Tibi
2300 3162 2440 3215 enim
2468 3163 2731 3231 suggessit
2757 3172 2808 3216 et
2831 3162 2995 3230 patris
3019 3165 3088 3215 tui
3112 3162 3453 3225 desiderium,
3479 3174 3525 3216 et
3549 3162 3715 3216 fratris

2152 3253 2224 3304 tui
2267 3261 2320 3307 et
2359 3254 2563 3305 snrmis
2604 3264 2707 3305 tum
2750 3254 2802 3306 in
2846 3256 2951 3307 vita
3001 3255 3285 3307 monastiea
3330 3253 3707 3308 institutionem.

2152 3343 2289 3395 Ecce
2337 3357 2464 3411 ergo
2513 3343 2709 3396 bonum
2755 3343 2846 3396 tibi
2894 3344 3058 3397 affero
3097 3344 3336 3397 nuntium
3371 3345 3552 3397 :atnbo
3582 3337 3704 3396 salri

2149 3442 2300 3501 sunt,
2356 3432 2555 3488 mundo
2593 3434 2733 3487 enim
2784 3435 3191 3498 renuntiarunt,
3228 3445 3279 3488 et
3319 3444 3453 3504 pater
3484 3445 3589 3483 tuus
3615 3442 3689 3484 est

2151 3526 2324 3579 adhuc
2374 3526 2611 3578 victurus
2663 3536 2868 3593 septem
2919 3540 3110 3579 annos.
3167 3525 3297 3579 Esto
3351 3539 3454 3591 ergo
3489 3521 3592 3573 ferti
3634 3533 3678 3570 ιιι

2151 3615 2415 3669 constanti
2445 3617 2623 3671 animo
2650 3617 2701 3670 in
2730 3617 3042 3687 solitudine,
3076 3633 3173 3672 nec
3200 3634 3380 3671 eorum
3408 3628 3544 3669 caua
3567 3611 3679 3662 \‘rlis
3720 3606 3731 3613 ’

2153 3707 2302 3760 abire
2354 3708 2403 3759 in
2455 3709 2697 3775 patriam.
2750 3708 3018 3777 Scriptum
3074 3718 3164 3763 est
3211 3712 3349 3762 enim
3384 3726 3395 3761 :
3428 3709 3573 3761 Nemo
3613 3708 3691 3771 qui

2155 3812 2367 3851 manum
2400 3798 2633 3863 admovit
2664 3809 2870 3863 aratro,
2926 3809 2980 3851 et
3006 3810 3088 3852 est
3118 3815 3437 3862 conversus,
3470 3811 3539 3853 est
3569 3810 3703 3864 aptus

2152 3904 2320 3957 regno
2353 3890 2444 3943 Dei
2478 3889 2657 3955 (Luca:
2688 3890 2789 3959 Ix).
2836 3892 2910 3944 Ex
2952 3892 3033 3945 bis
3063 3906 3188 3960 ergo
3228 3894 3398 3945 verbis
3446 3892 3639 3960 adjutus
3663 3897 3710 3943 et

2154 3981 2282 4032 satis
2320 3981 2635 4045 roboratus,
2685 3982 2795 4035 Deo
2827 3982 2907 4051 egi
2941 3984 3159 4051 gratias,
3194 4000 3312 4037 cum
3345 3983 3601 4046 intellexi,
3632 3995 3715 4035 cos

2153 4072 2242 4139 qui
2287 4086 2371 4125 me
2418 4076 2677 4141 urgebant
2724 4082 3013 4142 prmtextus
3059 4089 3179 4128 esse
3230 4087 3488 4143 peractos.
3533 4074 3720 4129 Deinde

2156 4176 2341 4215 rursus
2382 4162 2510 4214 milii
2550 4160 2699 4227 dicit,
2744 4164 2941 4216 urbane
2982 4178 3185 4216 mecum
3223 4165 3411 4231 jocans
3445 4182 3457 4217 :
3496 4166 3582 4219 Vis
3621 4164 3723 4218 lieri

2156 4252 2471 4319 episcopus?
2513 4252 2627 4305 Dixi
2666 4261 2842 4305 autem
2872 4270 2883 4305 :
2911 4254 3283 4323 Nequaquam;
3322 4272 3437 4309 sum
3485 4262 3646 4309 enim.
3685 4256 3727 4308 Is

2157 4352 2333 4396 autem
2360 4342 2486 4395 mibi
2511 4345 2674 4396 dicit:
2699 4343 2830 4397 Ubi?
2848 4345 3073 4414 Dixiego
3094 4362 3107 4399 :
3132 4347 3183 4399 In
3206 4347 3461 4414 eoquinis,
3490 4347 3543 4399 in
3570 4360 3722 4412 penu,

2158 4435 2210 4487 in
2244 4436 2463 4499 mensis,
2498 4438 2549 4489 in
2577 4437 2733 4490 doliis
2759 4455 2771 4489 :
2799 4453 2859 4491 ea
2889 4438 3171 4509 diligenter
3201 4440 3459 4507 inspicio,
3498 4453 3552 4493 et
3583 4441 3629 4493 si
3659 4439 3731 4492 via

2159 4543 2282 4580 num
2310 4530 2596 4591 acuerit,id
2616 4545 2869 4599 segrego;
2896 4531 3089 4583 bimum
3110 4533 3421 4587 autembibo
3450 4549 3463 4595 ;
3493 4534 3733 4586 similiter

474 4622 603 4685 lum,
632 4621 767 4689 quod
792 4621 1033 4688 capiebat
1064 4623 1202 4676 viros
1231 4624 1445 4677 circiter
1466 4636 1677 4678 centum
1702 4627 1875 4692 :qnod
1902 4629 2051 4682 clave
2080 4618 2133 4677 D
2157 4619 2314 4672 ollam
2346 4636 2557 4689 quoque
2587 4620 2864 4689 diligenter
2904 4623 3157 4688 inSpicio,
3200 4632 3254 4685 et
3299 4625 3341 4675 si
3382 4626 3457 4676 sal
3510 4623 3736 4676 defuerit

470 4714 801 4778 claudentes,
833 4714 1144 4781 aperiebant
1173 4724 1371 4768 tantum
1406 4718 1637 4771 Sabbato
1669 4728 1723 4773 et
1750 4720 2047 4775 Dominica.

468 4805 601 4857 Cum
628 4819 755 4871 ergo
781 4805 1088 4858 didicissem
1113 4820 1324 4858 causam
1352 4818 1566 4875 propter
1584 4824 1737 4875 quam
1760 4821 1877 4864 erat
1904 4812 2049 4865 clau-

469 4908 609 4958 sum,
653 4895 919 4948 silentium
952 4896 1033 4971 egi
1064 4911 1229 4963 usque
1259 4897 1321 4948 ad
1365 4898 1676 4951 Sabbatum.
1715 4900 1778 4952 Et
1808 4916 1928 4955 cmn
1962 4917 2053 4955 ve—

470 4987 666 5039 nissem
710 4988 834 5040 liora
883 4988 1114 5040 secunda
1140 5028 1155 5052 ,
1206 4988 1257 5040 in
1288 4989 1662 5057 congressione
1711 5006 1831 5044 eum
1875 4994 2049 5048 inveni

467 5077 787 5131 assidentem
825 5076 877 5130 in
914 5078 1176 5142 fenestra,
1214 5094 1308 5146 per
1353 5096 1509 5148 quam
1543 5079 1819 5134 videbatur
1856 5098 2050 5137 conso-

465 5168 561 5221 lari
594 5182 686 5221 eos
716 5170 803 5237 qui
830 5168 1176 5223 accedebant.
1220 5170 1349 5223 Cum
1396 5187 1480 5225 me
1517 5183 1690 5225 autem
1726 5175 2043 5242 salutasset,

464 5260 599 5312 dixit
628 5275 719 5327 per
747 5259 1090 5325 interpretem
1121 5260 1442 5330 :anasnam
1474 5280 1531 5318 es
1564 5266 1826 5335 regionis,
1872 5278 1927 5321 et
1954 5284 2051 5324 cur

462 5351 694 5404 venisti?
722 5349 952 5418 conjieio
989 5352 1131 5405 enim
1173 5362 1223 5403 te
1261 5368 1380 5406 esse
1421 5370 1482 5407 ex
1520 5367 1785 5410 conventu
1817 5357 2042 5427 Evagrii.

466 5441 583 5495 Dixi
615 5452 787 5495 autem
817 5456 901 5495 me
927 5456 1047 5495 esse
1075 5443 1340 5509 hospitem
1373 5461 1437 5497 ex
1470 5446 1671 5500 Galatia
1691 5492 1705 5517 ,
1751 5461 1802 5503 et
1831 5452 2046 5506 confes-

462 5545 555 5584 sus
584 5548 699 5585 sum
731 5549 813 5585 me
836 5547 954 5587 esse
980 5549 1043 5586 ex
1067 5532 1348 5587 sodalitate
1374 5537 1600 5605 Evagiii.
1629 5539 1841 5594 Interim
1865 5552 2041 5597 autem

464 5624 591 5676 dum
652 5625 1014 5692 loqueremur,
1079 5626 1352 5692 ingressus
1391 5637 1471 5679 est
1510 5645 1709 5696 praeses
1770 5635 2041 5703 regionis,

464 5715 687 5784 Alypius
717 5718 965 5780 nomine;
998 5734 1101 5786 quo
1132 5730 1477 5787 accurrente,
1512 5722 1665 5775 desiit
1698 5741 1902 5780 mecum
1934 5728 2044 5780 col-

466 5802 629 5868 loqui.
662 5804 793 5861 Cum
822 5822 951 5875 ergo
979 5824 1165 5875 parum
1197 5812 1566 5879 secessissem,
1588 5814 1728 5911 kdedi
1757 5816 1835 5872 eis
1864 5817 2040 5873 locum

2158 4717 2240 4769 vel
2269 4715 2593 4770 condimenti
2625 4716 2853 4785 aliquid,
2897 4731 3014 4771 eam
3047 4717 3272 4782 condio,
3310 4728 3363 4769 et
3391 4716 3466 4769 sic
3492 4732 3617 4769 eam
3650 4732 3737 4770 co—

2158 4809 2336 4862 medo.
2381 4809 2475 4861 llic
2522 4820 2604 4862 est
2645 4823 2794 4861 meus
2836 4809 3169 4876 episcopatus
3195 4852 3209 4875 ,
3260 4824 3376 4862 mea
3409 4811 3628 4875 inquam
3665 4811 3739 4862 ir.-

2158 4900 2394 4965 spectio,
2431 4915 2514 4953 me
2544 4900 2685 4953 enim
2718 4901 2781 4951 ad
2814 4915 2934 4953 eum
2969 4901 3168 4969 delegit
3196 4902 3336 4968 gula.
3373 4904 3417 4954 Is
3451 4918 3580 4954 vero
3613 4903 3741 4955 dixit

2158 4988 2478 5041 Subridens:
2510 4990 2655 5042 Mitte
2705 4990 2954 5065 ridicula;
3014 4991 3242 5044 futurum
3291 5002 3373 5044 est
3419 5002 3471 5044 ut
3524 4994 3741 5061 cligaris

2158 5080 2466 5148 episcopus,
2511 5092 2563 5135 et
2592 5083 2814 5135 multum
2846 5083 3087 5147 labores,
3129 5095 3182 5137 et
3222 5085 3499 5154 al'lligaris;
3538 5088 3586 5139 si
3620 5102 3741 5151 ergn

2155 5171 2293 5239 fugis
2319 5173 2657 5236 alﬂictiunes,
2686 5189 2753 5227 ne
2780 5190 2939 5227 exeas
2970 5191 2998 5227 e
3028 5176 3330 5235 solitudine.
3368 5178 3416 5228 in
3446 5179 3740 5230 solitudine

2152 5262 2295 5314 enim
2326 5278 2484 5315 nemo
2513 5272 2561 5315 te
2589 5275 2759 5331 petest
2784 5265 3034 5319 ordinare
3063 5271 3391 5333 episcopum.
3421 5267 3530 5334 Ego
3565 5280 3737 5321 autem

2153 5351 2269 5418 ejus
2301 5352 2580 5406 verborum
2627 5369 2743 5407 sum
2780 5354 3004 5420 oblitus,
3052 5356 3220 5409 tribus
3256 5358 3398 5410 enim
3433 5366 3552 5423 post
3589 5358 3742 5410 annis

2150 5451 2205 5495 et
2241 5445 2427 5509 splene
2460 5450 2514 5496 et
2542 5443 2820 5498 stomacho
2861 5445 3114 5499 laboravi.
3163 5446 3315 5501 Illinc
3363 5457 3534 5501 autem
3565 5464 3597 5501 a
3631 5449 3742 5501 Ira-

2156 5532 2325 5585 tribus
2368 5534 2563 5587 missus
2595 5549 2712 5588 sum
2743 5536 3146 5600 Alexandriam,
3182 5536 3395 5592 morbus
3435 5537 3582 5591 enim
3628 5537 3743 5608 (93)

2152 5622 2216 5675 ad
2247 5622 2553 5692 liydropisin
2589 5626 2859 5694 veigebat,
2893 5626 2960 5679 ab
2986 5627 3307 5681 Alexandria
3332 5639 3502 5681 autem
3529 5644 3734 5684 consu-

2154 5720 2368 5773 luerunt
2398 5721 2590 5776 medici
2622 5731 2679 5775 ut
2719 5724 2857 5776 aeris
2899 5723 3065 5791 gratia
3099 5724 3229 5778 irem
3269 5725 3322 5778 in
3361 5726 3737 5794 PalteStinam;

2152 5819 2315 5876 liabet
2340 5820 2477 5878 enim
2507 5821 2644 5887 quod
2663 5822 2728 5876 ad
2746 5836 2919 5878 meam
2936 5824 3120 5879 attinet
3149 5834 3583 5886 temperaturam.
3610 5828 3739 5881 sub-
