4020 6464
431 406 565 474 1113

1665 400 2027 464 HISTORIA
2070 401 2458 463 LAUSIACA.

3548 413 3688 479 1114

423 526 514 579 τδν
544 527 677 581 Θεόν
698 543 710 560 ·
741 528 858 583 ἀλλ’
896 529 930 602 ἡ
977 527 1160 599 μήτηρ
1207 525 1372 581 αὐτοῦ
1409 525 1609 597 μικροῦ
1650 525 1760 578 δεῖν
1792 517 2002 573 ἐκινδύ-
2033 520 2079 578 Α
2112 516 2326 602 πάντᾳξ
2355 519 2446 571 καί
2464 517 2637 602 τούτῳ
2664 520 2919 590 προσχὼν
2953 523 3154 592 μᾶλλον
3181 529 3684 600 προσεκαρτέρουν.

422 626 600 665 νευσε.
651 613 925 666 ’Λπελθὼν
953 609 1046 666 οὖν
1078 614 1335 683 εὑρήσεις
1366 611 1458 664 τὸν
1488 609 1656 663 παῖδα
1687 606 1825 660 ἐπτὰ
1862 603 1996 672 ἡμέ-

428 722 524 772 ρας
564 704 788 770 ἔχοντα,
827 703 920 755 καὶ
969 702 1249 770 ἐπιθήσεις
1295 701 1443 770 αὐτῷ
1490 699 1552 751 τὸ
1589 697 1684 750 τοῢ
1753 696 1997 749 Ἰωάννου

422 787 623 852 ﬁmum“
669 785 761 836 καὶ
801 784 920 836 κατ’
974 785 1287 854 ἐπιστήμην
1340 783 1503 835 αὐτὸν
1555 779 1868 848 ἀναθρέψας
1918 779 1998 841 εἰς

421 869 648 938 ἕϐδομον
693 869 810 931 ἑτος
865 868 1105 930 ἐλθόντα,
1158 867 1293 936 πρὸς
1338 866 1466 928 τοὺς
1508 865 1776 934 μοναχοὺς
1822 864 1881 914 ἐν
1931 866 1994 933 τῇ

425 953 615 1021 ἐρήμῳ
643 951 978 1004 ἀπόστειλον.
1011 953 1118 1002 Καὶ
1149 950 1320 1003 ταῦτα
1355 950 1454 1018 μὲν
1479 948 1615 1016 πρὸς
1643 950 1770 1010 τοὺς
1798 948 1997 1014 ἔξωθεν

422 1035 748 1104 ἐρχομένους
781 1035 1100 1088 ἀπεδείκνυε
1132 1034 1201 1086 τὰ
1234 1033 1542 1102 θαυμάσια·
1576 1035 1688 1096 τοῖς
1717 1033 1773 1085 δέ
1800 1031 1994 1084 ἐαυτοῦ

418 1120 662 1184 πολίταις
700 1119 936 1187 συνεχῶς
969 1119 1060 1172 διὰ
1096 1120 1192 1180 τὰς
1222 1119 1400 1172 αὐτῶν
1437 1118 1627 1188 χρείας
1666 1119 1800 1185 πρὸς
1833 1115 1995 1169 αὑτὸν

315 1236 321 1274 ξ
415 1202 639 1267 ,ἱπιοῦσι
677 1204 971 1273 προεδήλου
1002 1221 1060 1256 τε
1102 1204 1195 1257 καὶ
1225 1204 1596 1274 προεγίνωσκε
1631 1203 1700 1254 τὰ
1734 1203 1989 1270 ἐσόμενα,

417 1287 510 1340 καὶ
541 1289 607 1339 τὰ
639 1287 884 1355 κρυφίως
924 1287 1138 1357 ἑκάστῳ
1171 1289 1556 1358 πεπραγμένα.
1597 1288 1688 1339 καὶ
1737 1287 1866 1356 περὶ
1897 1285 1992 1337 τοῦ

414 1369 630 1432 Νείλου,
659 1374 753 1424 καὶ
784 1371 912 1436 περὶ
952 1370 1049 1438 τῆς
1084 1370 1360 1440 ίεὺφορίας
1398 1372 1565 1440 αὐτῆς
1591 1370 1987 1439 προηγόρευεν.

426 1453 662 1522 Ὁμοίως
687 1454 739 1506 δέ
766 1454 861 1510 καὶ
889 1453 1118 1524 ἀπειλήν
1145 1471 1266 1506 τινα
1292 1452 1382 1505 τοῦ
1413 1454 1547 1505 Θεοῦ
1576 1454 1880 1523 ἐρχομένην
1902 1455 1990 1508 ἐπ’

415 1537 611 1599 αὐτοὺς
643 1539 1085 1606 προαπήγγειλεν
1105 1579 1120 1602 ,
1151 1540 1248 1592 καὶ
1276 1538 1400 1599 τοὺς
1432 1539 1639 1600 αἰτίους
1682 1537 1985 1606 διήλεγχεν.

410 1620 524 1673 Καὶ
546 1622 705 1683 αὐτὸς
739 1621 835 1689 μὲν
866 1623 894 1673 6
935 1621 1204 1693 μακάριος
1243 1623 1517 1690 Ἰωάννης,
1563 1621 1854 1691 προφανῶς
1891 1622 1988 1684 τὰς

413 1703 586 1767 ἰάσεις
623 1705 722 1757 οὐκ
748 1705 1014 1770 ἐπετέλει,
1043 1706 1221 1760 ἔλαιον
1248 1706 1304 1759 δὲ
1334 1705 1529 1770 διδοὺς,
1567 1705 1854 1770 πλείστους
1879 1707 1988 1761 τῶν

409 1790 724 1859 καμνόντων
762 1790 1114 1860 ἐθεράπευεν.

2110 600 2446 664 Ἐξελθόντος
2474 601 2566 655 οὖν
2592 603 2684 656 τοῦ
2710 604 3012 673 ἡγεμόνοςξ,
3044 608 3434 676 προσκαλεῖταί
3464 627 3530 679 με
3554 651 3568 674 ,
3591 613 3687 665 καὶ

2107 685 2258 765 λέγει
2288 702 2397 754 μοι·
2418 687 2518 739 Διά
2538 686 2590 739 τί
2619 687 2856 758 ἐϐλάϐης
2881 691 3003 742 κατ’
3031 690 3168 760 ἐμοῦ
3194 708 3208 756 ;
3235 691 3286 744 τί
3311 691 3458 755 ἄξιον
3481 693 3687 765 βλάϐης

2107 760 2265 836 εὗρες
2279 770 2335 818 ἐν
2353 769 2472 835 ἐμοί
2491 768 2632 836 ;“Οτι
2649 771 2830 825 ἐκεῖνα
2847 771 3074 839 ἐλογίσω
3090 771 3231 842 ἅπερ
3246 771 3368 825 οὔτε
3387 776 3507 844 ἐμοὶ
3524 760 3687 846 πρόσ-

2105 868 2274 913 εστιν,
2305 850 2428 904 οὔτε
2478 853 2564 905 σοὶ
2591 853 2828 923 ἔπρεπεν
2864 857 3044 908 ἐκεῖνα
3093 855 3433 922 λογίσασθαι.
3473 859 3543 909 Ἢ
3585 859 3683 910 οὐκ

2106 930 2251 995 οἶδας
2273 936 2354 987 ὅτι
2381 937 2691 1006 γέγραπται
2713 955 2726 968 ’
2759 940 2833 991 Οὐ
2861 938 3050 1009 χρείαν
3083 938 3298 1007 έχουσιν
3326 941 3373 990 οἱ
3407 940 3684 1009 ἰσχύοντες

2109 1018 2318 1089 ἰατροῦ,
2337 1019 2452 1071 ἀλλ’
2477 1021 2526 1071 οί
2552 1022 2736 1083 κακῶς
2759 1021 2973 1090 ἔχοντες
2995 1039 3008 1087 ;
3034 1022 3100 1073 Σέ
3121 1022 3210 1073 ὅτε
3239 1021 3396 1085 θέλω,
3421 1024 3680 1090 εὑρίσκω,

2105 1105 2198 1152 καὶ
2246 1103 2310 1154 σὺ
2345 1103 2466 1172 ἐμέ.
2511 1103 2629 1156 Κᾶν
2659 1105 2770 1172 ἐγώ
2801 1123 2860 1157 σε
2893 1105 2966 1176 μὴ
3002 1106 3407 1176 παρακαλέσω,
3443 1106 3591 1159 ἄλλοι
3623 1126 3682 1159 σε

2104 1184 2321 1254 ἀδελφοὶ
2348 1188 2757 1254 παρακαλοῦσιν
2801 1189 2896 1242 καὶ
2926 1190 3077 1241 ἄλλοι
3120 1189 3382 1258 ΙΙατέρες.
3420 1186 3587 1254 Οὗτος
3626 1192 3683 1243 δέ

2103 1266 2317 1330 ἔκδοτος
2361 1270 2709 1338 ἐκδεδομένος
2758 1271 2837 1342 τῷ
2879 1273 3110 1341 διαϐόλῳ
3149 1272 3238 1325 διὰ
3263 1274 3370 1324 τῶν
3400 1275 3682 1342 κοσμικῶν

2102 1352 2466 1420 πραγμάτων,
2531 1353 2624 1404 καὶ
2676 1353 2769 1406 ἐὰν
2816 1353 3075 1423 βραχεῖαν
3133 1355 3478 1418 ἀναπνεύσας
3530 1355 3680 1425 ὥραν

2102 1432 2291 1503 ὣσπερ
2315 1452 2398 1496 τις
2424 1436 2698 1506 αὐστηρὸν
2728 1437 3104 1507 δραπετεύσας
3135 1438 3399 1508 δεσπότην
3425 1439 3676 1509 οἰκέτης·

2100 1511 2306 1580 ἷοῦτως
2343 1522 2437 1572 καὶ
2495 1538 2615 1584 οτος
2653 1522 2911 1590 βραχεῖαν
2943 1521 3090 1592 ὥραν
3130 1521 3308 1592 εὑρὼν
3347 1523 3680 1591 παρεγένετο

2099 1603 2234 1670 πρὸς
2259 1604 2405 1670 ἡμᾶς
2436 1604 2530 1656 τοῦ
2581 1605 2951 1674 ὠφεληθῆναι.
2991 1607 3226 1657 Ἀτοπον
3277 1604 3368 1658 οὖν
3420 1608 3570 1674 ἡμᾶς
3609 1602 3678 1674 ἦν

2097 1685 2532 1753 καταλείψαντας
2555 1690 2760 1741 ἐκεῖνόν
2791 1707 2874 1741 σοι
2905 1688 3352 1758 προσδιατρίψαι,
3385 1689 3480 1742 σοῦ
3519 1691 3676 1742 ἀδια-

2096 1765 2330 1830 λείπτως
2365 1773 2428 1836 τῇ
2463 1771 2708 1841 σωτηρίᾳ
2757 1771 3130 1839 σχολάζοντος.
3163 1771 3559 1841 Παρακαλέσας
3582 1768 3676 1824 οὖν

479 1849 865 1941 ὲυγκλητικού
900 1877 1009 1945 γάρ
1043 1893 1188 1939 τινος
1215 1875 1353 1948 γυνὴ
1386 1876 1484 1940 τὰς
1513 1875 1734 1948 δράσεις
1777 1877 1988 1930 ἀποϐα-
2023 1879 2060 1930 Β
2091 1849 2398 1948 Ϋὺξδνξτίῖζ
2436 1851 2698 1948 εὖξαῗθίξιι
2726 1855 2866 1948 ίξπὲρ
2915 1856 3051 1922 ἐμοὶ)
3087 1853 3543 1948 ἐπληροξεέρήθην
3581 1871 3674 1907 τε*

406 1955 573 2009 λοῦσα
595 1997 607 2020 ,
641 1958 733 2010 καὶ
765 1958 1098 2028 λευκὼματα
1138 1959 1280 2012 κατὰ
1320 1959 1430 2012 τῶν
1469 1961 1648 2028 κορῶν
1680 1961 1985 2028 ποιήσασα,

402 2041 556 2106 ἠξίου
576 2042 713 2109 πρὸς
741 2043 832 2094 τὸν
859 2045 1057 2114 ἑαυτῆς
1083 2045 1275 2114 ἄνδρα,
1305 2045 1441 2113 πρὸς
1465 2045 1625 2097 αὑτὸν
1646 2045 1983 2114 ἀπαχθῆναι.

415 2123 473 2175 '0
512 2123 568 2176 δὲ
603 2125 678 2187 ὡς
708 2124 893 2192 ἔλεγεν
937 2129 1158 2194 γυναικὶ
1192 2128 1357 2181 αὑτὸν
1395 2127 1516 2194 μηδ’
1555 2128 1691 2190 ὅλως
1728 2146 1986 2182 συντετυ-

404 2205 630 2274 χηκέναι
650 2220 665 2234 ·
697 2208 730 2276 ἡ
758 2207 813 2259 δέ
846 2210 1143 2276 παρεκάλει
1171 2211 1331 2278 μόνον
1357 2210 1506 2279 αὐτῷ
1529 2210 1856 2280 δηλωθῆναι,
1892 2215 1985 2267 καὶ

402 2287 568 2356 εὐχὴν
599 2288 737 2358 ὑπὲρ
789 2289 961 2358 αὐτῆς
996 2292 1297 2344 ἐκτελέσαι.
1339 2293 1397 2345 '0
1426 2292 1482 2345 δέ
1507 2293 1582 2354 ὡς
1611 2294 1858 2361 ἐποίησε,
1888 2297 1986 2349 καὶ

403 2370 580 2424 ἔλαιον
611 2373 895 2424 ἀπέστειλε
921 2413 934 2436 ,
965 2373 1275 2443 χρισαμένη
1308 2376 1434 2434 τοὺς
1481 2375 1825 2446 ὀφθαλμοὺς,
1867 2380 1985 2449 τρί-

400 2469 494 2507 τον
526 2455 665 2524 μετά
702 2459 852 2524 τρεῖς
885 2456 1101 2527 ἡμέρας
1134 2456 1450 2526 ἀνέϐλεψεν,
1485 2459 1583 2511 καὶ
1614 2458 1692 2528 τῷ
1735 2460 1854 2531 Θεῷ
1885 2481 1986 2530 φα-

399 2541 572 2613 νερῶς
597 2543 996 2612 ηὑχαρίστησε.

483 2625 653 2678 Ἐπτά
678 2627 784 2700 γὰρ
809 2623 957 2697 ἦμεν
977 2629 1196 2697 ἀδελφοὶ
1219 2629 1358 2695 ξένοι
1390 2629 1590 2694 πάντες
1614 2631 1671 2682 ἐν
1697 2634 1762 2701 τῇ
1791 2632 1983 2703 ἐρήμῳ

397 2709 497 2780 τῆς
518 2709 769 2779 Νιτρίας,
801 2711 910 2779 ἐγώ
931 2729 1016 2776 τε,
1048 2712 1150 2766 καὶ
1176 2715 1224 2766 οί
1258 2713 1385 2783 περὶ
1408 2712 1501 2765 τὸν
1537 2714 1805 2784 μακάριον
1844 2715 1979 2767 Εὐά-

397 2811 575 2863 γριον,
619 2795 878 2861 Ἀλϐῖνον,
916 2798 1012 2851 καὶ
1045 2797 1380 2868 Ἀμμώνιον.
1427 2798 1763 2868 Ἐζητοῦμεν
1791 2799 1981 2868 μαθεῖν

395 2877 496 2946 τὴν
528 2879 819 2947 ἀκρίϐειαν
866 2881 949 2944 τίς
995 2883 1026 2950 ἡ
1078 2883 1250 2952 ἀρετὴ
1286 2880 1379 2935 τοῦ
1424 2883 1636 2952 ἀνδρός.
1677 2883 1838 2951 Λέγει
1887 2881 1981 2937 οὖν

397 2960 688 3032 Εὐάγριος’
722 2965 922 3027 Ἡδέως
952 2966 1253 3034 ἐμάνθανον
1290 2965 1442 3036 παρὰ
1483 2967 1577 3019 τοῦ
1600 2967 1797 3029 είδότος
1831 2967 1980 3022 δοκι-

400 3045 592 3113 μάζειν
622 3048 749 3100 νοῦν
782 3049 876 3101 καὶ
898 3049 1076 3116 λόγον,
1108 3050 1350 3112 ποταπὸς
1371 3051 1454 3120 εἴη
1481 3052 1508 3104 ὁ
1530 3052 1690 3120 ἀνήρ.
1721 3051 1846 3104 Ἐὰν
1869 3054 1979 3124 γὰρ

399 3129 576 3196 μάθω,
609 3130 695 3183 ἵνα
724 3131 870 3201 αύτῷ
901 3131 1146 3201 συντύχω
1167 3149 1179 3161 ·
1212 3133 1304 3186 ἐὰν
1324 3133 1378 3186 δέ
1405 3133 1476 3202 μὴ
1507 3133 1663 3202 μάθω
1690 3135 1855 3187 αὐτοῦ
1879 3138 1978 3205 τὴν

2091 1935 2249 1997 λείως
2273 1938 2354 1988 ὅτι
2375 1935 2542 2000 ὅντως
2567 1938 2708 2008 ἀνήρ
2738 1939 2853 1989 ἐστι
2883 1937 3272 2003 πνευματικός.
3298 1938 3430 1988 Τότε
3457 1954 3676 2007 χαριεν-

2090 2018 2374 2087 τιζόμενός
2409 2038 2497 2089 μοι
2532 2023 2596 2090 τῇ
2647 2021 2796 2090 δεξιᾷ
2828 2019 2992 2071 αὑτοῦ
3024 2019 3171 2088 χειρὶ
3204 2021 3284 2081 εἰς
3327 2020 3426 2090 τὴν
3458 2022 3676 2089 ἀριστε-

2094 2102 2190 2171 ράν
2211 2119 2311 2171 μου
2337 2105 2562 2172 σιαγόνα
2587 2105 2766 2174 ἡρέμα
2791 2105 3094 2167 ἐκόσσισεν,
3122 2105 3216 2156 καὶ
3237 2105 3381 2171 λέγει
3403 2121 3511 2174 μοι·
3539 2104 3674 2158 [Ιολ-

2089 2185 2177 2238 λαί
2203 2203 2260 2238 σε
2282 2187 2502 2254 μένουσι
2519 2188 2750 2256 θλίψεις,
2771 2187 3054 2240 καὶπολλὰ
3073 2187 3419 2257 ἐπολεμήθης
3437 2186 3673 2248 ἐξελθεῖν

2087 2269 2182 2338 τῆς
2206 2271 2438 2339 ἐρήμου,
2471 2272 2562 2323 καὶ
2585 2271 2919 2339 ἐδειλάνθης,
2945 2271 3041 2323 καὶ
3079 2270 3370 2340 ὑπερέθου.
3416 2264 3674 2333 Εὑσεϐεῖς

2086 2352 2143 2405 δέ
2171 2371 2252 2406 σοι
2284 2356 2588 2424 προφάσεις
2610 2356 2706 2408 καὶ
2731 2355 2990 2422 εὐλόγους
3018 2355 3179 2424 δῆθεν
3206 2356 3388 2424 φέρων
3414 2357 3442 2407 6
3463 2355 3671 2426 δαίμων

2087 2438 2459 2508 ἀναρριπίζει.
2507 2439 2767 2492 ’Υπέθετο
2796 2441 2903 2509 γάρ
2934 2456 3012 2490 σοι
3049 2439 3144 2492 καὶ
3177 2438 3274 2507 τὴν
3295 2438 3388 2490 τοῦ
3434 2441 3671 2510 πατέρος

2088 2539 2180 2573 σου
2223 2523 2540 2592 ἐπιθυμίαν,
2568 2525 2662 2575 καὶ
2687 2522 2787 2593 τήν
2817 2523 3124 2592 κατήχησιν
3157 2522 3252 2574 τοῦ
3277 2522 3512 2590 ἀδελφοῦ
3549 2539 3669 2588 σου,

2087 2605 2182 2658 καὶ
2211 2606 2311 2675 τῆς
2339 2607 2574 2674 ἀδελφῆς
2607 2622 2700 2658 σου
2751 2607 2830 2668 είς
2856 2605 2948 2658 τὸν
2997 2605 3207 2675 μονήρη
3255 2605 3390 2674 βίον.
3437 2606 3542 2657 Ἴδε
3573 2602 3670 2659 οὖν

2088 2703 2170 2740 σοι
2206 2688 2651 2757 εὐαγγελίζομαι,
2711 2689 3014 2758 ἀμφότεροι
3068 2687 3373 2758 ἐσώθησαν.
3435 2689 3669 2742 Ἀπετά-
3747 2727 3753 2732 .

2087 2773 2245 2836 ξαντο
2283 2775 2411 2843 γὰρ,
2449 2774 2591 2826 καὶὸ
2623 2774 2806 2844 πατὴρ
2843 2790 2939 2824 σου
2973 2773 3137 2842 ζῆσαι
3170 2772 3284 2842 ἔχει
3325 2773 3509 2843 ἀκμήν
3535 2771 3670 2827 ἄλλα

2085 2857 2180 2926 ἐτη
2210 2857 2369 2911 ἐπτά.
2410 2857 2768 2928 Ἐγκαρτέρει
2792 2853 2884 2909 οὖν
2911 2858 2974 2910 σὺ
2998 2859 3066 2926 τῇ
3095 2857 3288 2926 ἐρήμῳ
3311 2857 3408 2909 καὶ⁵
3433 2858 3507 2927 μὴ
3538 2857 3668 2910 τού·

2082 2959 2192 2992 των
2222 2941 2383 3011 χάριν
2416 2939 2650 3010 θελήσῃς
2683 2939 2937 2993 ἀπελθεῖν
2972 2941 3030 2992 ἐν
3069 2942 3136 3010 τῇ
3165 2940 3386 3009 πατρίδι
3419 2957 3536 2993 σου.
3568 2941 3670 2993 Γέ-

2082 3040 2328 3096 γραπται
2357 3024 2463 3094 γάρ
2483 3039 2496 3052 °
2529 3024 2719 3086 Οὐδεὶς
2751 3021 3026 3076 ἐπιϐαλὼν
3057 3024 3156 3093 τὴν
3186 3027 3343 3092 χεῖρα
3379 3024 3544 3076 αὐτοῦ
3577 3025 3667 3078 ἐπ’

2081 3108 2332 3179 ἄροτρον,
2359 3109 2452 3159 καὶ
2481 3107 2742 3177 στραφεὶς
2772 3107 2850 3167 είς
2879 3106 2946 3158 τὰ
2974 3106 3170 3172 ὀπίσω,
3194 3105 3578 3169 εὖθετός.ἐστιν
3608 3110 3668 3161 ἐν

393 3188 696 3274 πολιτείαν,
731 3188 1191 3284 οὐκέπέρχδκμαι
1221 3216 1325 3280 ἕως
1361 3188 1669 3286 τοῦιδρους.
1711 3188 1978 3282 Ἀκούσάς
2007 3205 2050 3265 C
2083 3196 2145 3286 ’ῗῇ
2180 3193 2460 3286 βῗίσιλείᾳ,
2488 3192 2582 3286 Τοῦ
2615 3191 2772 3286 Θεῷ·
2824 3190 3142 3286 Ὼςῗεξηξὶεὶς
3195 3188 3288 3286 0.6V
3327 3191 3438 3286 ὲγδῗ
3464 3193 3668 3286 ἐκίεῶν

391 3289 488 3348 οὖν
525 3296 635 3362 ἐγὼ
675 3298 862 3364 μηδενὶ
895 3298 1063 3367 μηδὲν
1093 3298 1331 3368 εἰρηκὼς
1367 3300 1648 3369 ἡσυχάσας
1686 3301 1814 3369 μίαν
1838 3302 1976 3369 ἡμέ-

393 3392 514 3446 ραν.
541 3377 640 3446 τὴν
672 3380 840 3448 ἄλλην
871 3381 1148 3436 ἀποκλείω
1177 3400 1278 3450 μου
1297 3382 1356 3433 τὸ
1375 3382 1605 3445 κελλίςν,
1640 3383 1735 3435 καὶ
1763 3383 1840 3453 τῷ
1859 3383 1977 3453 Θεῷ

393 3460 775 3530 παραθέμενος
817 3463 1073 3531 ἐμαυτὸν,
1123 3465 1218 3518 καὶ
1259 3465 1419 3524 αὐτὸς
1466 3466 1704 3533 ἐσκύλην
1736 3466 1841 3528 ἕως
1870 3466 1977 3536 Θη-

393 3542 595 3606 ϐαΐδος.
632 3547 738 3598 Καὶ
755 3546 965 3613 ἔφθασα
990 3548 1056 3600 δι’
1083 3550 1306 3618 ἡμερῶν
1327 3548 1625 3610 δεκαοκτὼ,
1655 3549 1721 3601 τὰ
1757 3549 1856 3618 μὲν
1886 3567 1977 3602 πε-

390 3624 608 3688 ζεύσας,
643 3629 707 3680 τά
733 3629 789 3681 δὲ
823 3630 916 3682 καὶ
961 3630 1204 3692 πλεύσας
1246 3633 1302 3682 ἐν
1333 3630 1412 3700 τῷ
1447 3631 1700 3700 ποταμῷ’
1726 3634 1753 3684 ὁ
1782 3635 1975 3703 καιρὸς

388 3707 444 3759 δέ
470 3705 538 3778 ἦν
567 3710 666 3779 τῆς
699 3713 1036 3776 ἀναϐάσεως,
1069 3716 1127 3766 ἐν
1159 3707 1202 3780 ᾦ
1231 3714 1446 3766 νοσοῦσι
1481 3715 1703 3767 πολλοί·
1730 3716 1758 3768 ὃ
1790 3717 1853 3787 δὴ
1878 3719 1974 3769 καὶ

388 3787 652 3862 ὑπέστην.
701 3794 978 3847 Ἀπελθὼν
1008 3793 1099 3850 οὖν
1121 3789 1278 3866 εὗρον
1307 3795 1470 3849 αὑτοῦ
1501 3799 1886 3868 κεκλεισμένον
1913 3802 1973 3853 τὸ

387 3878 784 3946 προεισοδικὸν.
806 3881 1070 3951 ’Ύστερον
1089 3882 1156 3948 γά
1165 3899 1196 3951 ρ
1219 3882 1718 3954 προσῳκοδόμησαν
1741 3885 1790 3937 οἱ
1813 3885 1971 3938 ἀδελ-

387 3961 478 4028 φοὶ
523 3963 896 4030 προεισοδικον
943 3963 1218 4033 μέγιστον.
1254 3969 1313 4018 ἐν
1337 3959 1381 4032 ᾧ
1409 3966 1648 4037 ἐχώρουν
1676 3968 1868 4037 ἄνδρες
1895 3969 1971 4032 ὡς

384 4043 598 4096 ἑκατόν.
630 4047 739 4098 Καὶ
785 4047 1002 4118 κλειδίῳ
1044 4047 1466 4114 ἀποκλείοντες,
1507 4051 1649 4104 κατά
1691 4051 1971 4107 Σάϐϐατον

383 4125 479 4177 καὶ
502 4127 786 4198 Κυριακήν
817 4131 976 4198 μόνον
1016 4131 1340 4198 ἀνοίγοντες.
1374 4131 1580 4186 Μαθὼν
1629 4129 1722 4187 οὖν
1759 4135 1856 4205 τὴν
1881 4137 1968 4189 αξ-

381 4207 499 4260 τίαν
530 4209 596 4262 δι’
632 4212 698 4280 ἣν
722 4213 1060 4274 ἐκέκλειστο,
1087 4217 1371 4286 ἡσυχάσας
1399 4216 1506 4279 ’έως
1535 4217 1630 4269 τοῦ
1661 4218 1964 4283 Σαϐϐάτου,

379 4291 474 4374 καὶ
506 4295 955 4366 παραγενόμενος
983 4297 1133 4366 ὥραν
1167 4299 1428 4369 δευτέραν
1465 4302 1554 4353 ἐπὶ
1583 4303 1842 4374 συντυχίᾳ
1873 4303 1964 4355 τοῦ

374 4373 586 4428 δικαίου
623 4380 835 4449 ἀνδρὸς,
877 4375 1036 4451 εὗρον
1064 4383 1226 4436 αὑτὸν
1270 4386 1333 4454 τῇ
1367 4382 1546 4450 θυρίδι
1581 4373 1965 4457 παρακαθεζὸ-

379 4473 558 4524 μενον.
587 4462 665 4510 Δι’
695 4462 760 4531 ἢν
785 4463 960 4516 ἐδόκει
989 4466 1332 4528 παρακαλεῖν
1353 4467 1481 4530 τοὺς
1507 4471 1963 4539 παρατυγχάνον-

2085 3278 2344 3350 ρημάτων
2371 3277 2463 3330 τοῦ
2491 3277 2863 3330 θεοπνεύστου
2896 3276 3110 3347 ἀνδρὸς,
3147 3277 3241 3331 καὶ
3265 3277 3517 3346 στυφθεὶς
3543 3279 3665 3331 ἱκα-

2078 3363 2205 3427 νῶς,
2236 3363 2616 3434 ηὑχαρίστησα
2640 3362 2716 3432 τῷ
2737 3361 2855 3431 Θεῷ
2876 3360 2971 3423 τὰς
2995 3361 3326 3424 ἐλαυνούσας
3354 3379 3423 3431 με
3453 3363 3667 3432 προφά-

2079 3465 2193 3511 σεις
2214 3447 2522 3517 ἡνυσμένας
2557 3445 2744 3515 μαθὼν
2795 3450 2860 3516 τῇ
2891 3448 3199 3514 προγνώσει
3231 3445 3326 3499 τοῦ
3369 3445 3526 3514 ἁγίου
3567 3448 3667 3500 ἀν·-

2075 3532 2221 3602 δρός.
2256 3528 2388 3584 Εἶτα
2418 3532 2582 3584 πάλιν
2611 3531 2760 3598 λέγει
2791 3548 2880 3600 μοι
2929 3531 3427 3602 χαριεντιζόμενος,
3473 3530 3664 3595 Θέλεις

2077 3617 2383 3678 ἐπίσκοπος
2427 3615 2717 3684 γενέσθαι;
2767 3613 2907 3681 Ἐγὼ
2933 3615 2988 3666 δέ
3016 3615 3158 3682 λέγω
3198 3615 3370 3684 αὐτῷ,
3395 3616 3477 3668 ὅτι
3507 3616 3660 3686 Είμί.

2087 3699 2145 3752 Ὀ
2179 3700 2236 3753 δὲ
2260 3700 2407 3766 λέγει
2444 3716 2557 3768 μοι,
2594 3699 2756 3760 Ποίας
2791 3698 3030 3761 πόλεως,
3078 3698 3238 3764 Λέγω
3268 3697 3440 3768 αὐτῷ,
3468 3699 3562 3762 Είς
3591 3701 3662 3756 τὰ

2077 3787 2392 3854 μαγειρεῖα,
2429 3785 2508 3845 είς
2552 3781 2619 3834 τὰ
2653 3781 2948 3852 καπηλεῖα,
2995 3782 3075 3844 είς
3114 3783 3211 3844 τὰς
3241 3783 3546 3852 τραπέζας,
3578 3785 3660 3845 είς

2071 3867 2142 3919 τὰ
2162 3868 2427 3938 κεράμια,
2461 3865 2746 3920 ἐπισκοπῶ
2777 3865 2936 3918 αὐτά.
2972 3866 3083 3918 Καὶ
3105 3861 3254 3940 ἐὰνῇ
3286 3861 3427 3930 οἶνος
3458 3859 3656 3932 ὂξῖνος,

2071 3951 2321 4022 ἀφορίςω
2343 3950 2506 4003 αὐτόν
2528 3968 2541 3983 θ
2579 3951 2670 4004 τὸν
2703 3951 2759 4003 δέ
2798 3950 3038 4021 χρηστὸν
3073 3952 3235 4004 πίνω.
3276 3952 3510 4022 Ὅμοίως
3539 3953 3660 4004 ἐπι-

2072 4039 2260 4092 σκοπῶ
2281 4039 2376 4091 κα¹ι
2403 4038 2504 4107 τήν
2530 4037 2756 4107 χύτραν·
2775 4038 2871 4090 καὶ
2897 4038 2997 4089 ἐὰν
3026 4037 3190 4108 λείπῃ
3221 4037 3379 4101 ἃλας,
3411 4037 3446 4108 ἡ
3473 4055 3526 4092 τι
3546 4035 3657 4092 τῶν

2069 4124 2422 4194 ἀρτυμάτων,
2470 4123 2720 4176 ἐκϐάλλω
2750 4123 2832 4184 είς
2879 4123 3073 4194 αὐτὴν,
3116 4124 3210 4176 καὶ
3241 4122 3428 4194 ἀρτύω
3459 4124 3654 4192 αὐτὴν,

2069 4213 2164 4263 καὶ
2188 4209 2359 4274 οὕτως
2392 4209 2561 4281 αὐτὴν
2589 4209 2772 4262 ἐσθίω.
2801 4207 2950 4280 Αὕτη
2982 4209 3084 4278 μού
3112 4210 3262 4263 ἐστιν
3295 4211 3330 4281 ἡ
3356 4211 3652 4280 ἐπισκοπὴ.

2081 4296 2519 4366 Ἔχειροτὸνησεν
2547 4295 2656 4365 γάρ
2688 4311 2755 4363 με
2791 4295 2824 4362 ἡ
2855 4293 3292 4364 γαστριμαργία.
3323 4295 3485 4363 Λέγει
3513 4313 3602 4365 μοι
3625 4298 3656 4350 6

2071 4381 2343 4448 μακάριος
2377 4382 2686 4450 μειδιάσας·
2724 4380 2894 4448 ’Λφες
2933 4379 3005 4430 τὰ
3043 4378 3288 4446 παίγνια.
3324 4380 3652 4445 Ἐπίσκοπος

2066 4464 2210 4534 ἔχεις
2229 4465 2698 4536 χειροτονηθῆναι,
2718 4465 2814 4517 καὶ
2835 4463 3003 4516 πολλὰ
3026 4466 3246 4533 καμεῖν,
3262 4467 3354 4518 καὶ
3376 4466 3646 4535 θλιϐῆναι.

374 4555 492 4623 τας.
574 4541 992 4623 ’Λσπασάμενος
1032 4548 1125 4602 οὖν
1161 4551 1284 4619 ἐμὲ,
1320 4551 1506 4620 ἔλεγεν
1541 4553 1608 4604 δι’
1653 4555 1957 4623 ἑρμηνέως
1995 4548 2036 4600 Ῐ)
2071 4550 2131 4598 lii
2161 4547 2341 4600 τοίνυν
2376 4549 2598 4617 φεύγεις
2635 4548 2864 4615 θλίψεις.
2913 4549 2988 4617 μὴ
3024 4548 3248 4618 ἐξέλθῃς
3281 4548 3380 4616 τῆς
3415 4550 3644 4620 ἐρήμου.

374 4622 549 4708 Ιίόθεν
579 4621 650 4690 εἴ,
678 4630 770 4680 καὶ
800 4630 852 4683 τί
900 4634 1323 4701 παραγέγονας;
1373 4621 1848 4708 στοχάζομαιγάρ
1898 4655 1958 4689 σε

371 4705 472 4791 τῆς
511 4712 756 4791 συνοδίας
780 4709 921 4768 εἶναι
949 4719 1048 4786 τῆς
1084 4719 1378 4790 Εὑαγρίου.
1422 4722 1532 4773 Καὶ
1561 4705 1620 4773 ἐν
1646 4720 1722 4790 τῷ
1753 4705 1956 4791 μεταξὺ

370 4785 679 4844 λαλούντων
708 4796 865 4866 ἡμῶν
897 4785 1147 4861 είσῆλθεν
1177 4804 1204 4854 6
1233 4785 1415 4872 ἀρχων
1440 4804 1538 4868 τῆς
1571 4785 1763 4873 χώρας·
1801 4785 1956 4857 ’Λλύ-

370 4888 494 4958 πιος
529 4874 775 4946 ὀνόματι.
811 4874 886 4934 OB
940 4884 1386 4956 προσδραμόντος
1424 4887 1640 4956 ἀφῆκεν
1689 4888 1788 4958 τὴν
1820 4890 1956 4956 πρὸς

366 4956 468 5040 ἐμὲ
511 4961 727 5029 ὁμιλίαν
765 4967 794 5018 6
832 4966 1028 5035 μέγας.
1073 4969 1467 5040 Ἀναχωρήσας
1509 4969 1601 5025 οὖν
1636 4956 1816 5040 ὀλίγον
1844 4971 1955 5040 ἐγὼ

334 5039 578 5128 ,ξέδωκα
618 5048 804 5114 αὐτοῖς
835 5053 1004 5107 τόπον
1059 5056 1140 5117 εἷς
1187 5055 1250 5108 τὸ
1299 5039 1607 5126 πόῤῥωθεν.
1649 5039 1776 5110 Ἐπὶ
1816 5057 1951 5110 πολὺ

366 5119 422 5175 δὲ
466 5132 898 5200 συνομιλούντων
945 5137 1123 5190 αὐτῶν
1161 5119 1456 5210 ήκηδίασα,
1506 5140 1599 5192 καὶ
1648 5141 1952 5212 ἀκηδιάσας

2077 4629 2165 4681 Ἑν
2193 4630 2304 4702 γὰρ
2334 4635 2400 4702 τῇ
2440 4634 2630 4703 ἐρήμῳ
2655 4649 2714 4684 σε
2739 4633 3042 4685 ἐπίσκοπον
3074 4633 3453 4700 χειροτονῆσαι
3471 4632 3648 4695 οὐδεὶς

2058 4716 2302 4770 δύναται.
2348 4717 2736 4787 Ἀναχωρήσας
2762 4711 2854 4768 οὖν
2879 4715 3069 4781 αὐτοῦ,
3101 4711 3267 4784 ἦλθον
3287 4718 3362 4777 εἰς
3382 4715 3480 4784 τὴν
3511 4715 3644 4784 ἐρη-

2063 4820 2160 4871 μον
2187 4805 2264 4866 εἰς
2297 4804 2387 4855 τὸν
2417 4805 2579 4856 τόπον
2608 4821 2710 4870 μου
2737 4803 2828 4854 τὸν
2879 4803 3106 4871 συνήθη,
3161 4801 3300 4854 αὐτὰ
3341 4799 3515 4853 ταῦτα
3561 4800 3642 4851 δι-

2057 4886 2405 4954 ηγησάμενος
2428 4889 2539 4948 τοῖς
2568 4885 2743 4954 ἁγίοις
2769 4886 3049 4956 Πατράσιν
3076 4885 3144 4937 τὰ
3170 4883 3297 4954 περὶ⁸
3319 4883 3413 4936 τοῦ
3447 4884 3641 4935 θεσπε-

2058 4970 2174 5020 σίου
2215 4971 2308 5022 καὶ
2359 4972 2807 5040 πνευματοφορου
2837 4969 3052 5039 ἀνδρός.
3100 4970 3312 5032 Οἴτινες
3369 4969 3507 5038 μετὰ
3547 4965 3641 5021 δύο

2059 5053 2233 5121 μῆνας
2260 5053 2684 5115 διαπλεύσαντες
2709 5049 2875 5123 ἦλθον
2907 5054 3004 5105 καὶ
3034 5053 3330 5122 συνέτυχον
3362 5051 3538 5122 τούτῳ
3558 5050 3639 5122 τῷ

2057 5139 2334 5207 μακαρίῳ.
2370 5136 2512 5205 Ἐγὼ
2544 5137 2600 5190 δέ
2625 5139 2651 5189 6
2677 5137 2860 5200 ἄθλιος
2886 5138 2994 5189 τῶν
3029 5138 3291 5207 ῥημάτων
3330 5135 3494 5188 αὑτοῦ
3539 5137 3639 5188 ἐπ-

366 5214 749 5297 κατεγόγγυσα
777 5219 870 5273 τοῦ
904 5221 1232 5292 καλογήρου,
1264 5225 1343 5286 είς
1379 5224 1478 5294 ἐμὲ
1527 5225 1626 5294 μέν
1671 5242 1951 5297 καταφρο-
2052 5221 2348 5290 ελαθόμην,
2384 5222 2478 5275 καὶ
2506 5221 2644 5291 μετά
2672 5221 2798 5292 τρία
2833 5221 2928 5290 ἐτη
2961 5220 3298 5294 ἡρῤώστησα
3322 5219 3636 5290 ἀρρωστίαν

366 5295 652 5379 νήσαντος,
669 5305 1002 5373 τιμήσαντος
1025 5307 1082 5360 δέ
1109 5309 1339 5360 ἐκεῖνον.
1367 5307 1584 5361 Καὶέπὶ
1606 5307 1782 5379 τούτῳ
1800 5295 1950 5364 σιαν-

366 5376 478 5444 θεὶς
508 5382 608 5454 τήν
640 5385 881 5441 διάνοιαν
911 5390 1261 5461 ἐσκεπτόμην
1289 5391 1642 5461 ἀναχωρῆσαι
1674 5376 1948 5462 καταφρο·

360 5465 532 5547 νήσας
577 5468 767 5524 αὑτοῦ.
815 5472 1342 5544 Προσκαλεσάμενος
1389 5475 1446 5526 δέ
1486 5477 1514 5529 6
1565 5474 1659 5528 τοῦ
1703 5475 1944 5547 Χριστοῦ

360 5546 544 5615 δοῦλος
571 5553 664 5605 τὸν
690 5555 935 5626 ἑρμηνέα
977 5557 1257 5628 Θεόδωρον
1283 5557 1530 5629 ὀνόματι,
1567 5559 1716 5628 λέγει
1763 5546 1943 5629 ναύτῳο

2049 5305 2148 5376 τὴν
2184 5307 2293 5360 ἀπὸ
2324 5306 2558 5372 σπληνὸς
2584 5307 2677 5366 καὶ
2713 5306 3009 5375 στομάχου,
3035 5305 3289 5358 κάκεῖθεν
3321 5305 3636 5372 ἀπεστάλην

2051 5393 2132 5454 είς
2162 5391 2262 5462 τὴν
2295 5391 2706 5459 ’Λλεξάνδρειαν
2733 5390 2886 5460 παρὰ
2912 5390 3018 5443 τῶν
3048 5388 3314 5458 ἀδελφῶν.
3345 5389 3438 5449 El;
3466 5387 3637 5456 ὓδρω-

2052 5493 2126 5526 πα
2148 5473 2255 5544 γάρ
2283 5474 2469 5527 λοιπὸν
2499 5474 2736 5544 ἐμελέτα
2757 5474 2818 5526 τὸ
2853 5473 3045 5537 πάθος.
3086 5474 3216 5525 ’Λπὺ
3246 5472 3344 5541 τῆς
3387 5470 3635 5534 Ἀλεξαν-

2047 5560 2220 5629 δρέων
2256 5557 2419 5608 πάλιν
2447 5557 2879 5611 συνεϐούλευσάν
2909 5576 3000 5628 μοι
3029 5558 3078 5610 οί
3106 5556 3284 5626 ἰατροὶ
3317 5555 3426 5608 τῶν
3452 5556 3636 5625 ἀέρων

363 5631 621 5702 ’Λπελθε,
641 5633 762 5691 εῐπε
784 5640 861 5709 τῷ
881 5641 1096 5712 ἀδελφῷ
1117 5641 1332 5712 ἐκείνῳ,
1355 5643 1429 5712 μὴ
1447 5642 1798 5714 μικροψύχει,
1817 5644 1944 5714 ἄρτι
2046 5643 2232 5696 ἐνεκεν
2276 5641 2717 5712 καταλαμϐάνειν
2768 5659 2834 5714 με
2896 5642 2995 5712 τὴν
3041 5639 3430 5709 Παλαιστίνην.
3478 5640 3634 5709 Ἔχει

358 5714 579 5771 ἀπολύω
595 5719 685 5773 τὸν
713 5721 980 5792 ἡγεμόνα,
1005 5725 1102 5778 καὶ
1119 5723 1270 5778 λαλῶ
1297 5742 1400 5778 σοι.
1432 5727 1644 5795 Ἔγνων
1671 5727 1765 5780 οὖν
1785 5729 1944 5797 ἀκρι-

357 5797 470 5866 ϐῶς
520 5805 893 5876 πνευματικὸν
935 5809 1096 5864 αὐτὸν
1141 5803 1305 5878 εἶναι,
1375 5810 1471 5865 καὶ
1538 5809 1939 5884 προγινώσκειν

2047 5726 2161 5798 γὰρ
2185 5725 2545 5796 λεπτοτέρους
2575 5726 2744 5796 ἀέρας
2769 5727 2842 5789 ὡς
2867 5727 3003 5796 πρὸς
3031 5726 3129 5795 τὴν
3155 5725 3352 5796 κρᾶσιν
3373 5724 3472 5792 τὴν
3497 5725 3635 5792 ἡμε-

2051 5812 2236 5882 τέραν.
2279 5810 2412 5866 ’Λπὺ
2444 5813 2544 5884 τῆς
2587 5811 2952 5880 Παλαιστίνης
3000 5809 3165 5866 πάλιν
3197 5806 3497 5864 κατέλαϐον
3534 5805 3634 5874 τὴν
