4028 6436
462 373 601 438 1115

1942 358 2294 426 PALLADII

3615 361 3638 426 1
3651 360 3734 426 116

462 487 722 542 Βιθυνίαν
743 499 758 516 ⁶
782 484 877 539 καὶ
903 485 962 539 ἐν
987 484 1186 558 ταύτῃ,
1214 469 1316 538 οὐκ
1338 479 1456 538 οῖδα
1494 483 1611 548 πῶς
1645 483 1808 549 εἴπω,
1835 483 1946 535 εἴτε
1967 479 2060 534 καὶ
2093 483 2134 536 Α
2163 473 2220 527 δὲ
2245 471 2484 558 εἴπαμεν
2518 470 2635 558 τὴν
2681 469 2937 558 πατρίδα,
2981 469 3075 524 καὶ
3113 470 3205 558 ὅτι-
3240 469 3519 558 Ὦ-φελείας
3564 473 3742 543 ψυχῶν

458 571 517 637 ἐξ
536 569 886 642 ἀνθρωπίνης
901 568 1159 637 σπουδῆς,
1178 569 1288 620 εἴτε
1307 569 1401 620 καί
1425 568 1482 634 ἐξ
1502 568 1752 631 εὐδοκίας
1768 567 1859 619 τοῦ
1882 566 2060 636 κρείτ-

457 672 632 717 τονος,
670 653 827 723 μόνος
861 653 889 702 ὁ
916 652 1048 714 Θεὸς
1081 652 1146 705 ἂν
1175 652 1368 722 εἰδείη,
1404 651 1755 722 κατηξιώθην
1786 651 1886 720 τῆς
1919 650 2060 718 ὑπὲρ

459 743 559 810 ἐμὲ
588 737 947 809 χειροτονίας,
984 738 1327 808 κοινωνήσας
1353 739 1417 808 τῇ
1450 739 1772 807 περιστάσει
1818 740 1885 808 τῇ
1918 736 2060 790 κατά

458 828 550 879 τὸν
584 824 856 895 μακάριον
907 824 1186 893 Ἰωάννην.
1253 825 1363 875 Καὶ
1391 824 1485 876 ἐπὶ
1527 823 1725 876 ἕνδεκα
1776 823 1951 891 μῆνας
2003 822 2061 874 ἐν

461 908 678 978 ζοφερῷ
711 907 908 975 κελλίῳ
935 908 1314 975 κρυπτόμενος
1343 908 1628 977 ἐμνήσθην
1657 907 1751 958 τοῦ
1770 905 2061 976 μακαρίου

461 995 557 1047 καὶ
580 991 887 1060 θαυμασίου
921 992 1110 1060 ἀνδρὸς
1134 992 1370 1055 ἐκείνου,
1409 993 1493 1044 ὅτι
1529 991 1704 1044 ταῦτά
1738 1007 1828 1062 μοι
1870 989 2062 1056 προεί-

467 1094 634 1147 ρηκεν
665 1077 810 1144 άπερ
842 1075 934 1126 νῦν
958 1075 1219 1144 ὑπέστην.

535 1159 845 1229 Διηγήσατό
862 1158 1016 1228 μοιδέ
1034 1159 1302 1212 καὶτοῦτο
1317 1160 1344 1212 ό
1367 1159 1542 1230 μέγας
1563 1159 1807 1229 ἀθλητὴς
1821 1157 1915 1210 τοῦ
1929 1159 2066 1229 Χρι-

469 1243 619 1308 στοῦ,
638 1244 710 1305 ώς
735 1243 968 1311 ὀφείλων
994 1259 1060 1311 με
1084 1241 1172 1294 διὰ
1195 1243 1290 1295 τοῦ
1327 1243 1668 1312 διηγήματος
1700 1244 1780 1305 είς
1807 1242 1906 1312 τὴν
1930 1243 2062 1294 ὑπο-

471 1329 641 1396 μονὴν
667 1329 893 1394 ἀγαγεῖν
913 1325 1010 1394 τῆς
1057 1327 1268 1396 ἐρήμου
1313 1328 1452 1396 πρὸς
1477 1329 1537 1379 τὸ
1567 1327 1842 1397 μηδέποτε
1895 1327 2066 1395 αὐτῆς

467 1411 804 1482 χωρισθῆναι
825 1428 837 1441 '
858 1409 1034 1477 λέγων
1072 1427 1162 1479 μοι
1184 1410 1362 1474 τοῦτο,
1381 1412 1464 1464 ὃτι
1490 1408 2066 1482 Τεσσαρακονταοκτὼ

469 1499 564 1567 ἐτη
601 1498 708 1566 ἔχω
736 1500 792 1548 ἐν
823 1499 888 1566 τῇ
919 1497 1084 1567 κέλλῃ
1113 1496 1288 1568 ταύτῃ
1313 1513 1327 1526 ·
1369 1497 1430 1548 οῦ
1467 1496 1728 1564 γυναικὸς
1772 1496 2066 1565 πρόσωπον

471 1582 602 1646 ἴδον,
637 1583 697 1634 ού
727 1581 1093 1651 νομίσματοςο
1125 1582 1184 1632 ού
1213 1581 1573 1652 μασσώμενόν
1607 1581 1674 1650 μέ
1704 1597 1786 1642 τις
1814 1579 1943 1644 ἴδεν,
1968 1579 2068 1632 οὐκ

469 1666 739 1731 ἐσθίοντα,
769 1667 830 1717 οὐ
867 1665 1090 1718 πίνοντά
1127 1682 1193 1735 με
1240 1665 1348 1717 ίδεν
1374 1682 1460 1728 τις
1490 1666 1730 1720 πώποτε.

555 1763 945 1834 Ἀναχωρήσας
977 1762 1071 1816 οῦν
1105 1763 1270 1816 αὑτοῦ
1298 1759 1461 1835 ἦλθον
1502 1765 1583 1827 είς
1613 1765 1712 1836 τὴν
1745 1763 1952 1836 ἔρημον
1987 1765 2066 1828 είς

471 1848 562 1902 τὸν
592 1849 757 1901 τόπον
809 1865 910 1918 μου
953 1848 1044 1900 τὸν
1075 1849 1303 1920 συνήθη,
1337 1849 1477 1902 αῦτά
1507 1850 1679 1902 ταῦτα
1727 1849 2064 1920 διηγησάμε-

474 1938 564 1996 νός
587 1935 694 1995 τοῖς
728 1933 903 1999 ἁγίοις
927 1931 1176 2004 ιιατράσι
1192 1933 1260 1985 τά
1282 1933 1522 2002 περὶτοῦ
1547 1933 1838 1985 θεσπεσίου
1857 1933 2068 2003 ἀνδρόςο

473 2015 686 2077 οἵτινες
718 2014 858 2082 μετὰ
895 2013 988 2066 δύο
1023 2017 1199 2084 μῆνας
1237 2015 1714 2085 μεταπλεύσαντες
1753 2010 1944 2085 ἦλθον,
1975 2014 2074 2067 καὶ

479 2101 771 2168 συνέτυχον
803 2097 950 2168 αὐτῷ
975 2139 988 2162 ,
1028 2099 1124 2151 καὶ
1161 2098 1320 2151 αὐτοὶ
1361 2100 1495 2169 ήμῖν
1533 2099 1888 2170 διηγήσαντο.
1928 2099 2074 2168 Πρὸς

479 2183 642 2237 αὑτὸν
658 2183 713 2235 δὲ
735 2181 1066 2243 ἀπελθόντας
1083 2182 1370 2250 ἠσπάσατο
1387 2184 1418 2252 ή
1427 2183 1556 2252 μᾶς,
1574 2183 1783 2254 φαιδρῷ
1799 2185 1878 2255 τῷ
1901 2199 2071 2250 προσο

478 2266 615 2335 ώπῳ
656 2265 870 2336 ἑκάστῳ
902 2265 1452 2336 προσιλαρευόμενος.
1478 2269 1588 2320 Kal
1613 2265 1876 2337 ἠξιοῦμεν
1909 2266 2072 2321 αὑτὸν

481 2351 645 2414 εὐθὺς
677 2350 842 2420 εὐχὴν
879 2349 1096 2402 τελέσαι
1132 2349 1348 2418 πρῶτον
1385 2350 1528 2420 ὑπὲρ
1556 2351 1715 2420 ήμῶν
1747 2351 1924 2421 (τοῦτο
1965 2352 2074 2421 γὰρ

481 2434 601 2498 ἔθος
618 2437 729 2498 τοῖς
764 2435 1040 2504 Πατράσιν
1073 2434 1188 2486 ἐστὶ
1212 2436 1346 2487 πᾶσι
1373 2437 1484 2498 τοῖς
1509 2437 1566 2487 ἐν
1601 2435 1908 2505 Αἰγύπτῳ).
1941 2435 2000 2487 '0
2020 2435 2076 2487 δὲ

482 2519 713 2573 ἐπύθετο
739 2520 812 2590 μὴ
839 2520 944 2590 ἄρα
969 2536 1050 2582 τις
1081 2519 1344 2589 κληρικὸς
1371 2521 1428 2572 έν
1451 2521 1583 2590 ἡμῖν
1610 2519 1716 2589 εἴη.
1757 2519 1843 2582 Ὠς
1862 2519 1916 2571 δὲ
1938 2519 2075 2588 ἐφη-

487 2621 587 2674 μεν
603 2605 804 2664 πάντες
826 2604 899 2674 μή
918 2598 1572 2672 εἷναι,-περι6λεψάμενος
1592 2602 1842 2666 ἅπαντας
1861 2603 2078 2670 ἐπέγνω

488 2689 580 2742 τὸν
608 2688 990 2757 κεκρυμμένον
1015 2681 1102 2758 (ἦν
1126 2686 1183 2738 δὲ
1199 2687 1305 2757 ἄρα
1328 2681 1407 2749 εἷς
1425 2687 1484 2751 ἐξ
1507 2687 1662 2756 ἡμῶν
1681 2687 1779 2756 τῆς
1803 2685 2079 2749 δὶακονίας

485 2773 818 2843 ἠξιωμένος.
835 2771 953 2835 ἐνὸς
971 2771 1201 2840 ἀδελφοῦ
1225 2771 1356 2824 αὐτὸ
1375 2771 1536 2824 τοῦτο
1568 2773 1865 2836 ξυνειδότος
1891 2772 2078 2843 μόνου,

485 2849 531 2922 ᾧ
562 2859 654 2909 καὶ⁸
687 2855 1027 2927 παρήγγειλε
1078 2854 1269 2925 μηδενὶ
1297 2856 1549 2924 φράζειν,
1578 2855 2080 2926 ταπεινοφροσύνης

487 2941 676 3006 ἕνεκα,
710 2942 806 2994 καὶ
831 2941 913 2992 ὅτι
943 2941 1001 2991 ἐν
1037 2937 1320 3008 συγκρίσει
1351 2940 1612 2993 τοιούτων
1648 2940 1818 3006 ἁγίων
1850 2940 1944 2993 καὶ
1981 2941 2081 3010 τῆς

489 3023 866 3094 προσηγορίας
908 3022 1017 3076 τῶν
1070 3022 1420 3092 Χριστιανῶν
1479 3021 1632 3091 μόλις
1686 3021 1877 3074 ἑαυτὸν
1933 3022 2082 3085 ἄξιον

491 3111 699 3177 ἠγεῖτο,
744 3110 942 3178 μήτιγε
979 3108 1074 3160 τοῦ
1112 3106 1480 3178 ἀξιώματος).
1517 3107 1595 3176 Τῇ
1637 3107 1784 3176 χειρὶ
1837 3103 1931 3159 οῦν
1961 3108 2083 3160 ἐπι-

491 3193 706 3254 δεικνὺς
745 3191 932 3256 αὑτὸν,
969 3193 1136 3244 πᾶσιν
1179 3191 1364 3256 ἔλεγεν
1388 3231 1402 3255 ,
1437 3184 1607 3252 Οῦτος
1652 3189 1899 3254 διάκονός
1939 3193 2080 3244 ἐστι.

495 3277 604 3330 Τοῦ
640 3276 696 3329 δὲ
725 3275 964 3345 συνεχῶς
986 3275 1346 3345 ἀρνουμένου,
1382 3275 1476 3326 καὶ
1497 3273 1682 3326 λαθεῖν
1716 3275 2085 3346 πειρωμένου,

495 3361 797 3432 λαϐόμενος
824 3359 991 3412 αὐτοῦ
1033 3359 1133 3428 τῆς
1175 3358 1379 3429 χειρὸς,
1409 3361 1472 3412 ἐκ
1503 3359 1602 3427 τῆς
1641 3359 1854 3432 θυρίδος
1886 3361 2086 3429 ἐφίλει,

501 3448 592 3503 καὶ
618 3445 888 3498 νουθετῶν
907 3443 1230 3515 παρεκάλει,
1259 3444 1452 3510 λέγων,
1472 3443 1562 3516 Μὴ
1590 3431 1772 3497 ἀθέτει
1800 3444 1898 3516 τὴν
1925 3445 2088 3515 χάριν

499 3530 594 3586 τοῦ
624 3527 784 3594 Θεοῦ,
810 3533 998 3583 τέκνον
1020 3545 1032 3556 ·
1072 3527 1208 3597 μηδὲ
1243 3528 1423 3601 ψεύσῃ
1467 3529 1802 3598 ἀρνούμενος
1844 3531 1944 3600 τὴν
1980 3530 2087 3583 δω-

503 3616 634 3688 ρεάν
660 3615 825 3669 αὑτοῦ
850 3613 1110 3684 Χριστοῦ.
1149 3613 1224 3664 Τὸ
1256 3611 1365 3682 γάρ
1391 3612 1585 3682 ψεῦδός
1616 3615 1765 3666 ἐστιν
1809 3613 2088 3685 ἀλλότριον

499 3713 596 3766 τοῦ
640 3711 900 3782 Χριστοῦ,
939 3711 1029 3763 καὶ
1052 3708 1161 3762 τῶν
1208 3709 1578 3780 Χριστιανῶν,
1624 3709 1726 3762 κᾶν
1762 3711 1853 3762 ἐπί
1881 3709 2085 3782 μικρῷ,

502 3797 607 3851 κᾶν
640 3799 733 3850 ἐπὶ
791 3795 1014 3866 μεγάλῳ
1044 3794 1270 3863 γένηται
1325 3794 1647 3864 πράγματι·
1710 3793 1810 3848 κᾶν
1850 3795 1937 3849 διὰ
1971 3795 2089 3848 τόδε

501 3880 774 3951 χρήσιμον
817 3879 1065 3949 γένηται,
1125 3879 1274 3946 ὅμως
1307 3875 1428 3928 οὐδέ
1467 3880 1614 3930 ἐστιν
1654 3878 1964 3941 ἐπαινετὸν,
1995 3878 2089 3932 τοῦ

503 3964 757 4034 Σωτῆρος
780 3963 1043 4024 εἰπόντος,
1069 3961 1148 4014 ὅτι
1170 3961 1229 4014 τὸ
1248 3959 1440 4030 ψεῦδος
1468 3961 1632 4014 αὐτοῦ
1660 3962 1896 4033 πονηροῦ
1923 3965 2088 4017 ἐστιν.

521 4047 578 4099 Ὀ
608 4046 664 4099 δὲ
705 4045 984 4116 ἐλεγχθεὶς
1011 4045 1309 4115 ἡσύχασεν,
1338 4045 1774 4116 καταδεξάμενος
1803 4047 1970 4100 αὑτοῦ
1997 4047 2094 4117 τὴν

507 4132 741 4201 πραεῖαν
786 4131 1126 4200 ἐπιτίμησιν.
1171 4129 1500 4198 Εὐξαμένων
1541 4131 1598 4182 δὲ
1647 4130 1806 4200 ήμῶν
1849 4131 1946 4185 καὶ
1997 4131 2119 4202 τὴν.

509 4215 674 4284 εὐχὴν
720 4213 1153 4284 πληρωσάντων,
1189 4210 1268 4277 εἷς
1305 4215 1363 4280 ἐξ
1414 4214 1574 4284 ήμῶν
1602 4215 1831 4284 ἀδελφὸς
1871 4216 2098 4287 τριταίῳ

511 4299 613 4370 ἥδη
651 4299 873 4368 πυρετῷ
921 4299 1109 4360 δεινῶς
1140 4301 1518 4368 συνεχόμενος,
1547 4299 1700 4369 ἠξίου
1751 4299 2100 4370 θεραπευθῆ-

512 4401 622 4437 ναι.
660 4385 919 4444 Εἰπόντος
939 4383 996 4435 δὲ
1029 4383 1122 4435 τοῦ
1155 4384 1396 4452 Πατέρος
1426 4384 1562 4452 πρὸς
1597 4383 1760 4435 αὐτὸν
1801 4385 2102 4454 συμφέρειν

511 4465 661 4534 αὐτῷ
691 4465 828 4526 τέως
854 4467 953 4533 τὴν
985 4466 1228 4519 κάκωσιν
1263 4466 1329 4518 δι’
1353 4467 1730 4533 ὀλιγοπιστίαν
1753 4467 1903 4539 αύτῷ
1927 4486 2099 4539 προσ-

515 4550 835 4620 γενομένην,
885 4550 1035 4618 ὅμως
1093 4550 1311 4613 ἐπιδοὺς
1381 4549 1561 4603 ἔλαιον
1607 4552 1890 4606 ἐκέλευσεν
1935 4553 2098 4606 αὑτὸν

517 4633 856 4701 ἀλείφεσθαι.
910 4633 1300 4701 ’Λλειψαμένου
1355 4633 1412 4686 δὲ
1465 4635 1629 4687 αὐτοῦ
1671 4637 1780 4688 πᾶν
1826 4637 1853 4689 ὃ
1907 4655 1960 4690 τι
2009 4640 2103 4691 καὶ

515 4715 660 4789 είχεν
696 4716 908 4770 ἔνδοθεν
956 4717 1044 4769 διὰ
1092 4718 1185 4769 τοῦ
1242 4719 1508 4787 στόματος
1554 4720 1820 4790 ἧνεγκεν,
1870 4723 2101 4775 καθόλου

515 4804 609 4854 τοῦ
642 4800 876 4873 πυρετοῦ
907 4799 1264 4868 ἀπαλλαγεὶς,
1298 4804 1390 4855 καὶ
1424 4803 1646 4865 οἰκείοις
1689 4806 1848 4856 ποσὶν
1882 4807 1976 4856 ἐπὶ
2005 4807 2104 4874 τὴν

519 4889 694 4954 ξενίαν
737 4887 1105 4956 ἀνεχώρησεν.
1134 4882 1242 4940 Ἦν
1287 4886 1343 4939 δὲ
1373 4887 1499 4939 ἰδεῖν
1535 4888 1700 4940 αὐτὸν
1752 4889 2106 4956 ἐνενηκοστὸν

518 4976 636 5035 ἔτος
657 4972 760 5043 ἤδη
781 4970 1007 5039 ἄγοντα,
1033 4971 1371 5040 τετηγμένον
1409 4970 1515 5040 ὅλῳ
1557 4971 1633 5041 τῷ
1661 4971 1876 5038 σώματι
1901 4972 1974 5034 ὡς
2000 4973 2106 5026 ὑπὸ

518 5061 803 5127 ἀσκήσεως
843 5057 977 5126 μηδέ
1006 5056 1098 5108 τὸν
1139 5057 1378 5122 πώγωνα
1405 5057 1570 5124 φῦναι
1603 5057 1680 5119 είς
1708 5058 1767 5109 τὸ
1789 5058 2104 5128 πρόσωπον.

524 5128 716 5196 ’Ἧσθιε
761 5141 870 5211 γάρ
917 5141 1070 5194 οὐδὲν
1108 5139 1297 5212 ἕτερον
1336 5141 1478 5212 πλὴν
1517 5141 1764 5212 ὀπώρας,
1811 5143 1905 5195 καὶ
1951 5141 2109 5196 τοῦτο

525 5229 664 5300 μετὰ
707 5225 804 5298 τὴν
832 5225 985 5295 ήλίου
1021 5225 1194 5291 δύσιν,
1222 5228 1279 5277 ἐν
1326 5225 1556 5296 τοιούτῳ
1586 5228 1736 5298 γήρᾳ
1769 5227 1939 5280 πολλά
1974 5245 2109 5298 προ-

520 5313 769 5382 ασκήσας
797 5309 1085 5378 πρότερον,
1109 5308 1204 5360 καὶ
1229 5308 1363 5379 μήτε
1391 5309 1556 5379 ἄρτου
1590 5308 1934 5379 μετειληφὼς
1970 5312 2107 5381 μήτε

521 5398 622 5449 ὅσα
653 5394 739 5447 διὰ
773 5393 944 5463 πυρὸς
978 5393 1092 5462 ἔχει
1127 5394 1224 5462 τὴν
1254 5393 1465 5464 χρείαν.
1518 5393 1892 5456 Κελεύσαντος
1923 5395 1978 5448 δὲ
2010 5398 2110 5449 αὑ-

521 5479 616 5532 τοῦ
676 5477 1030 5547 καθεσθῆναι,
1071 5476 1514 5547 ηὑχαριστοῦμεν
1559 5477 1636 5548 τῷ
1665 5478 1782 5548 Θεῷ
1837 5480 2113 5553 ὑπὲρπῆς

524 5561 691 5614 αὐτοῦ
723 5561 1032 5632 συντυχίας.
1074 5561 1132 5613 '0
1167 5561 1222 5614 δὲ
1261 5560 1335 5625 ώς
1370 5563 1466 5615 ᾶτε
1511 5565 1710 5633 γνήσια
1748 5564 1942 5616 ἑαυτοῦ
1976 5565 2114 5618 ὑπο-

523 5645 840 5713 δεξάμενος,
865 5644 1141 5714 μειδιῶντι
1172 5645 1449 5715 προσώπῳ
1494 5647 1629 5715 πρὸς
1664 5650 1811 5718 ήμᾶς
1839 5650 2114 5714 τοιούτους

527 5730 906 5797 ἀπεφθέγγετο
931 5731 1144 5798 λόγους·
1181 5731 1374 5794 Πόθεν,
1406 5725 1452 5784 ὦ
1495 5733 1684 5797 τέκνα,
1720 5735 1814 5785 καὶ
1854 5735 1918 5786 ἐκ
1955 5735 2115 5799 ποίας

527 5811 714 5879 χώρας
757 5813 894 5881 πρὸς
945 5812 1236 5882 ἄνθρωπον
1278 5814 1534 5868 ταπεινὸν
1560 5817 1972 5886 παρεγένεσοε;
2021 5819 2081 5870 Ὠ

2163 559 2325 610 ἕνεκα
2366 555 2476 609 ἀπὸ
2515 554 2905 626 Ἰεροσολύμων
2936 555 3355 625 παρεγενόμεθα
3385 557 3520 625 πρὸς
3547 558 3629 623 σὲ,
3661 559 3734 626 ἶν’,

2167 642 2312 708 ἅπερ
2348 638 2415 692 δι’
2463 639 2634 709 ἀκοῆς
2685 638 3129 708 παρειλήφαμεν,
3169 639 3342 692 ταῦτα
3371 638 3527 709 ὕψεσι
3573 657 3740 709 παρα-

2166 723 2422 794 λάϐωμεν
2451 715 2587 792 (ὦτα
2615 723 2724 791 γάρ
2747 722 2991 790 πέφυκεν
3005 724 3340 792 ἁπίστοτερα
3370 718 3515 776 εἶναι
3545 725 3737 791 ὀφθαλ-

2170 809 2308 877 μῶν,
2377 807 2471 858 καὶ
2519 807 2599 858 ὃτι
2640 807 2706 874 τῇ
2742 807 2878 875 ἀκοῇ
2928 805 3187 868 πολλάκις
3221 806 3356 876 λήθη
3411 824 3492 870 τις
3537 805 3738 867 ἕπεται,

2165 893 2264 959 τῆς
2297 890 2352 943 δέ
2383 889 2627 960 ὁράσεως
2666 891 2699 959 ή
2743 891 2934 961 μνήμη
2967 892 3065 943 ούκ
3113 879 3476 959 ἀπαλείφεται
3506 908 3522 922 ο
3573 891 3682 944 ἀλλ’
3710 895 3740 960 ἡ

2170 974 2381 1045 ἱστορία
2433 976 2500 1044 τῇ
2552 973 2762 1042 διανοίᾳ
2818 975 2982 1025 οἱονεὶ
3035 973 3432 1042 ἐντετύπωται)
3463 989 3476 1004 ·
3524 969 3646 1028 εἷπε
3687 974 3743 1044 δή

2167 1060 2306 1129 πρὸς
2330 1059 2477 1127 ἡμᾶς
2518 1056 2842 1126 ἀποκριθεὶς
2891 1056 2920 1106 ὁ
2973 1057 3264 1127 μακάριος⁸
3293 1059 3404 1109 Καὶ
3443 1059 3496 1110 τί
3542 1059 3744 1126 θαυμα-

2170 1145 2294 1196 στὸν
2324 1142 2606 1212 ὀψόμενοι,
2659 1135 2705 1193 ὦ
2739 1140 3196 1210 προσφιλέστατοι
3246 1141 3454 1204 παῖδες,
3493 1143 3746 1210 τοσαύτην

2168 1228 2286 1282 ὁδὸν
2330 1227 2424 1279 καὶ
2459 1226 2708 1295 κάματον
2748 1225 3065 1296 ῦπήλθατε;
3101 1223 3425 1295 ἀνθρώπους
3464 1227 3746 1288 ταπεινοὺςΙ

2170 1312 2264 1366 καὶ
2305 1311 2544 1376 εὐτελεῖς
2583 1311 2716 1380 όρᾷν
2762 1308 3194 1378 ἐπιθυμήσατε,⁸
3221 1307 3375 1360 οὐδὲν
3422 1308 3574 1373 ἄξιον
3626 1310 3747 1362 θεωο

2172 1394 2318 1466 ρίας,
2343 1393 2466 1447 οὐδὲ
2490 1392 2770 1463 θαύματος
2795 1392 3039 1461 ἔχοντας.
3067 1390 3351 1461 Πανταχοῦ
3373 1391 3428 1444 δέ
3457 1395 3598 1444 εἰσιν
3622 1393 3746 1457 ἄξιοι

2171 1478 2449 1548 θαύματος
2497 1477 2592 1530 καὶ
2631 1475 2880 1538 ἐπαίνου,
2935 1474 3069 1526 ὅπου
3099 1471 3238 1526 Θεοῦ
3271 1474 3551 1544 προφῆταί
3582 1493 3637 1527 τε
3667 1476 3748 1528 καὶ

2171 1561 2461 1616 ἀπόστολοι
2495 1564 2552 1613 ἐν
2581 1563 2704 1622 ταῖς
2734 1558 3056 1627 ἐκκλησίαις
3108 1558 3581 1626 ἀναγινώσκονται
3609 1599 3624 1623 ,
3665 1559 3747 1622 οὓς

2171 1646 2252 1699 δεῖ
2287 1643 2595 1715 μιμεῖσθαι.
2646 1643 2926 1713 Θαυμάζω
2955 1642 3046 1704 δὲ,
3079 1643 3269 1712 φησιν,
3314 1641 3435 1694 λίαν
3464 1643 3632 1710 ὑμᾶς,
3666 1643 3748 1694 καὶ

2172 1731 2271 1798 τὴν
2303 1729 2457 1798 ὑμῶν
2489 1727 2747 1796 σπουδήν,
2781 1725 2899 1788 πῶς
2942 1723 3220 1786 τοιούτους
3260 1725 3612 1795 ὑπεριδόντες
3648 1741 3749 1778 κιν-

2101 1836 2141 1891 B
2177 1813 2389 1875 δύνους,
2421 1811 2486 1863 δι’
2519 1810 2789 1878 ὠφέλειαν
2821 1808 2956 1879 πρὸς
2987 1809 3134 1879 ήμᾶς
3168 1808 3490 1878 ἐληλύθατε,
3525 1809 3593 1861 δι’
3611 1808 3748 1877 ήμῶν

2179 1895 2282 1949 ὑπὸ
2323 1895 2587 1964 όκνηρίας
2641 1893 2776 1964 μηδέ
2809 1891 2974 1945 αὑτοῦ
3026 1891 3120 1944 τοῦ
3179 1891 3443 1962 σπηλαίου
3483 1892 3748 1961 προελθεῖν

2178 1979 2543 2051 βουλομένων.
2594 1976 2758 2030 Ἀλλά
2796 1993 2860 2044 γε
2911 1975 3028 2041 νῦν,
3082 1976 3270 2046 φησὶν,
3321 1977 3368 2028 εί
3420 1975 3518 2028 καὶ
3549 1975 3748 2027 ἔπαινον

2176 2065 2331 2135 ὑμῶν
2365 2063 2478 2132 ἔχει
2507 2061 2567 2114 τὸ
2601 2062 2832 2131 πρᾶγμα
2871 2059 2948 2123 ώς
2977 2059 3142 2113 καλὸν
3173 2057 3626 2129 κατορθώσαντες
3651 2058 3750 2110 ίκα·

2175 2149 2281 2211 νῶς
2311 2148 2456 2217 ἔχειν
2485 2145 2674 2214 δόξητε
2700 2186 2714 2209 ,
2752 2143 2888 2196 ἀλλὰ
2932 2141 3190 2212 μιμεῖσθε
3241 2144 3340 2204 τὰς
3375 2144 3583 2212 ἀρετάς
3625 2141 3686 2204 ἃς
3710 2141 3750 2193 οἱ

2178 2233 2415 2302 πατέρες
2447 2229 2602 2298 ὑμῶν
2637 2228 3018 2299 μετέρχονται.
3057 2228 3117 2280 Ei
3144 2226 3202 2279 δὲ
3258 2227 3350 2280 καὶ
3407 2226 3594 2288 πάσας
3631 2225 3750 2292 κτή-

2179 2315 2359 2376 σεσθε,
2418 2314 2554 2382 ὅπερ
2617 2311 2865 2375 σπάνιον,
2933 2310 3072 2379 μηδὲ
3120 2309 3296 2373 οὕτως
3339 2310 3560 2372 ἑαυτοῖς
3604 2325 3752 2361 κατα-

2177 2395 2534 2468 πιστεύσητε.
2575 2394 2732 2457 Τινὲς
2773 2393 2882 2463 γάρ
2909 2393 3052 2446 οῦτω
3083 2392 3481 2463 θαρρήσαντες,
3512 2393 3604 2444 καὶ
3637 2390 3751 2460 πρὸς

2179 2482 2312 2535 αὐτὸ
2357 2480 2418 2532 τὸ
2477 2479 2613 2547 ῦψος
2668 2477 2776 2530 τῶν
2839 2477 3052 2548 ἀρετῶν
3111 2475 3421 2543 γεγονότες,
3474 2475 3628 2540 τέλος
3673 2473 3750 2541 ἀφ’

2181 2563 2388 2632 ὑψηλοῦ
2411 2560 2867 2614 ἐκπεπτώκασιν.
2908 2559 3047 2612 Ἀλλ’
3085 2560 3249 2628 ὁρᾶτε
3299 2561 3347 2611 εἰ
3391 2557 3451 2611 εῦ
3499 2558 3613 2628 ἔχει
3641 2559 3750 2627 ὑμῖν

2181 2650 2240 2700 ἐν
2269 2649 2390 2708 ταῖς
2417 2647 2755 2714 προσευχαῖς
2775 2660 2788 2672 ·
2814 2644 2861 2696 εί
2901 2645 2978 2714 μὴ
3011 2643 3073 2696 τὸ
3101 2641 3346 2711 καθαρὸν
3397 2642 3495 2712 τῆς
3540 2640 3749 2702 διανοίας

2181 2730 2337 2801 ὑμῶν
2372 2728 2707 2781 τεθόλωται·
2738 2728 2787 2780 εἰ
2847 2726 2982 2797 μὴὸ
3039 2726 3165 2790 νοῦς
3216 2725 3369 2795 ὑμῶν
3419 2725 3748 2795 ρεμδασμοῦς

2182 2815 2382 2884 πάσχει
2407 2813 2560 2874 τινὰς
2591 2813 2672 2875 εἰς
2701 2811 2875 2887 εὐχὴν,
2922 2809 3001 2880 τῷ
3053 2809 3172 2878 θεῷ
3215 2809 3623 2880 ’ττπίλστέίίλενθς
3647 2825 3659 2838 ’
3688 2807 3749 2876 μὴ

2181 2898 2369 2969 ἕτερός
2411 2913 2494 2960 τις
2542 2893 2919 2964 παρεισελθὼν
2949 2894 3212 2963 λογισμὸς
3241 2893 3333 2946 τὸν
3361 2892 3486 2946 νοῦν
3537 2894 3618 2946 ἐπ’
3643 2892 3750 2946 ἀλλο

2182 3002 2234 3037 τι
2263 2981 2490 3052 στρέφει
2511 2995 2525 3010 ⁸
2563 2980 2640 3050 μὴ
2671 2979 2858 3049 μνήμη
2887 2995 2970 3040 τις
2993 2977 3102 3030 τῶν
3133 2978 3349 3029 ἀτόπων
3377 2976 3749 3046 ἐνθυμημάτων

2185 3063 2606 3135 παρενοχλεῖτῇ
2645 3063 2876 3133 διανοίᾳ.
2922 3061 3119 3131 Ὁρᾶτε
3153 3063 3202 3114 εί
3233 3059 3373 3113 κατὰ
3414 3059 3664 3131 ἀλήθειαν
3685 3055 3750 3126 τῷ

2108 3173 2156 3238 C
2188 3150 2377 3218 κόσμῳ
2413 3145 2794 3210 ἀπετάξασθε·
2839 3147 2888 3198 εί
2926 3144 3000 3214 μὴ
3029 3143 3105 3207 ώς
3141 3145 3646 3214 κατασκοπήσοντες
3668 3141 3750 3209 τήν

2191 3231 2507 3301 ἐλευθερίαν
2547 3229 2707 3299 ἡμῶν
2743 3226 3183 3299 προσεληλύθατε
3210 3243 3222 3256 ·
3257 3229 3306 3279 εί
3340 3227 3414 3298 μὴ
3457 3226 3590 3296 πρὸς
3621 3239 3747 3278 κενιο

2189 3314 2370 3380 δοξίαν
2398 3314 2496 3375 τὰς
2529 3312 2805 3383 ὑμετέρας
2839 3310 3042 3382 ἀρετὰς
3072 3308 3300 3381 θηρᾶτε,
3337 3309 3420 3364 ἴνα
3466 3308 3526 3378 δή
3549 3309 3615 3369 ώς
3645 3307 3744 3358 ἐπι·

2189 3397 2527 3459 δεικνύοντες
2559 3396 2864 3466 φανήσεσθε
2885 3398 2998 3457 τοῖς
3029 3393 3340 3466 ἀνθρώποις
3371 3394 3436 3446 τά
3457 3391 3593 3461 ήμῶν
3613 3389 3734 3458 ἔργα

2193 3480 2541 3555 μιμούμενοι.
2589 3480 2787 3550 Ὀρᾶτε
2842 3478 2918 3550 μὴ
2975 3478 3150 3541 πάθος
3195 3479 3324 3547 ὑμῖν
3363 3475 3621 3546 ἐνοχλήσει,
3655 3471 3723 3539 μή

2189 3567 2325 3636 τιμὴ
2360 3566 2452 3618 καὶ
2501 3562 2652 3627 δόξα,
2701 3563 2796 3615 καὶ
2844 3562 3088 3624 ἔπαινος,
3122 3561 3480 3631 ἀνθρώπινος.
3511 3555 3718 3636 μηίερα-

2188 3634 2342 3712 τείας
2375 3648 2666 3717 ὑπόκρισις
2708 3646 2800 3699 καὶ
2828 3646 3113 3713 φιλαυτίας
3135 3662 3146 3674 ’
3193 3644 3268 3715 μὴ
3300 3643 3593 3714 νομίζοντες
3618 3634 3726 3689 εἶναι

2191 3733 2461 3796 δικαίους,
2513 3731 2607 3782 ἐπὶ
2663 3728 2981 3799 δικαιοσύνῃ
3040 3728 3404 3798 καυχήσεσθε.
3465 3723 3552 3794 Μή
3585 3722 3739 3794 μνήμη

2205 3813 2546 3883 συγγενειῶν
2607 3814 2700 3864 ἐπὶ
2758 3817 2826 3882 τῇ
2876 3811 3086 3864 διανοία
3155 3811 3631 3882 προσευχομένων·
3683 3805 3748 3874 μὴ

2200 3903 2389 3971 μνήμῃ
2441 3896 2756 3959 εὐπαθείας,
2794 3897 2826 3965 ἦ
2880 3895 3048 3964 ἄλλης
3096 3895 3237 3958 τινὸς
3274 3896 3591 3956 διαϐάσεως,
3637 3888 3752 3960 μηδὲ

2197 3983 2362 4037 αὑτοῦ
2403 3981 2525 4033 ὅλου
2573 3980 2667 4032 τοῦ
2718 3980 2950 4050 κόσμου.
2996 3981 3056 4031 Εἰ
3112 3979 3170 4031 δὲ
3215 3978 3310 4050 μὴ,
3372 3980 3658 4049 ματαιότης
3706 3971 3757 4024 τὸ

2202 4067 2437 4138 πρᾶγμα
2457 4064 2702 4132 γίνεται·
2729 4064 2858 4116 ὅταν
2896 4080 2977 4125 τις
3009 4062 3216 4133 ὁμιλῶν
3267 4061 3343 4132 τῷ
3397 4063 3642 4131 Δεσπότῃ
3671 4056 3763 4111 ὑπὸ

2198 4151 2306 4201 τῶν
2355 4149 2743 4201 ἀντισπώντων
2800 4145 3079 4216 λογισμῶν
3129 4146 3530 4216 καταφέρηται,
3583 4145 3763 4211 Πασχει

2199 4233 2255 4286 δὲ
2280 4231 2369 4282 τὸν
2395 4231 2608 4282 ὄλισθον
2652 4227 2841 4281 τοῦτον
2870 4229 2966 4298 τῆς
3000 4229 3236 4291 διανοίας
3267 4230 3502 4292 ἕκαστος
3545 4229 3618 4298 μὴ
3644 4243 3767 4278 παν-

2201 4315 2370 4378 τελῶς
2405 4314 2495 4367 τὸν
2536 4314 2738 4381 κόσμον
2767 4315 3246 4384 άπαρνησάμενος;
3293 4313 3431 4366 ἀλλά
3474 4313 3770 4383 θηρώμενος

2205 4397 2370 4452 αὑτοῦ
2405 4397 2501 4468 τὴν
2527 4397 2839 4467 ἀρέσκειαν.
2878 4396 2978 4448 Διὰ
3006 4399 3116 4467 γὰρ
3146 4398 3244 4460 τὰς
3280 4396 3482 4458 πολλὰς
3535 4392 3772 4464 ἐγχειρή-

2134 4497 2322 4576 Ι)σεις
2377 4479 2695 4550 μερίζονται
2739 4479 2906 4531 αὑτοῦ
2957 4481 3056 4550 τὴν
3111 4480 3352 4533 διάνοιαν
3399 4481 3456 4530 αἱ
3511 4476 3773 4549 φροντίδες

2496 4565 2508 4576 .
2610 4559 2634 4576 τ
2855 4564 2866 4576 .
2975 4565 3020 4576 ,-
3247 4565 3258 4576 .
3312 4563 3328 4576 ς
3443 4564 3456 4576 .
3624 4563 3635 4576 .
3757 4559 3768 4576 ι

2207 4565 2519 4632 σωματικαὶ
2577 4559 2734 4615 οὖσαι
2783 4564 2877 4616 καὶ
2927 4565 3146 4634 γήϊναι·
3175 4565 3269 4616 καὶ
3312 4563 3500 4616 λοιπὸν
3544 4563 3676 4634 πρὸς
3721 4559 3779 4611 τά

2208 4649 2358 4717 πάθη
2385 4647 2810 4716 διαμαχόμενος,
2849 4647 2908 4698 οὐ
2943 4647 3167 4700 δύναται
3189 4649 3321 4719 όρᾷν
3360 4647 3454 4700 τὸν
3493 4647 3648 4712 Θεὸν,
3683 4643 3779 4698 ἀλλ’

2189 4731 2325 4790 ,οὐδὲ
2347 4733 2426 4788 είς
2460 4732 2626 4799 αὐτὴν
2654 4729 2752 4801 τὴν
2791 4730 2994 4798 γνῶσιν
3016 4732 3222 4800 ὀφείλει
3252 4749 3333 4793 τις
3357 4732 3605 4802 ἀκριϐῶς
3633 4745 3784 4782 κατα-

2207 4814 2477 4884 γίνεσθαι,
2513 4817 2712 4884 μήπως
2746 4814 2966 4878 ἀναξιος
2993 4814 3069 4866 ὢν
3107 4815 3202 4867 τοῦ
3233 4815 3479 4867 τοιούτου
3523 4819 3785 4884 κτήματος

2208 4899 2300 4951 καὶ
2327 4897 2526 4967 μικροῦ
2559 4913 2703 4959 τινος
2737 4898 3096 4961 καταξιωθεὶς
3125 4899 3325 4969 νομίσῃ
3351 4900 3412 4950 τὸ
3459 4901 3568 4952 πᾶν
3618 4913 3790 4951 κατει-

2207 4983 2460 5053 ληφέναι,
2505 4983 2600 5035 καὶ
2655 4981 2934 5044 παντελῶς
2977 4982 3186 5054 ἐκπέσῃ
3231 4986 3370 5051 πρὸς
3415 4985 3516 5051 τὴν
3573 4981 3788 5052 φθοράν.

2223 5067 2384 5119 ’Λλλά
2417 5066 2522 5136 χρὴ
2557 5066 2794 5135 μετρίως
2835 5065 2924 5118 del
2949 5068 3042 5118 καὶ
3073 5066 3317 5129 εὐλαὸῶς
3366 5066 3443 5136 τῷ
3477 5067 3600 5137 Θεῷ
3641 5081 3792 5136 προσ-

2214 5151 2374 5215 ιέναι,
2400 5150 2524 5202 ὅσον
2551 5149 2784 5210 ἕκαστος
2811 5147 3062 5215 δύναται,
3091 5150 3169 5221 τῷ
3199 5150 3280 5202 νοῒ
3309 5150 3680 5220 προσοδεύων,
3714 5147 3794 5201 καὶ

2214 5235 2339 5287 ὅσον
2385 5231 2661 5302 ἀνθρώπῳ
2710 5233 2856 5284 ἐστὶν
2899 5234 3143 5301 ἐφικτόν.
3199 5236 3290 5286 Δεῖ
3327 5231 3420 5288 οῦν
3470 5234 3582 5286 τῶν
3630 5233 3793 5287 ἄλλων

2212 5319 2470 5372 ἁπάντων
2493 5317 2870 5387 σχολάσαιτῆν
2891 5317 3118 5388 γνώμην
3156 5318 3266 5370 τῶν
3301 5319 3393 5370 τὸν
3434 5318 3569 5372 Θεὸν
3613 5315 3796 5382 ἐπιζη-

2211 5403 2472 5454 τούντων.
2503 5401 2809 5472 Σχολάσατε
2835 5403 2968 5470 γάρ,
2995 5403 3150 5472 φησὶ,
3188 5403 3284 5454 καὶ
3326 5402 3524 5469 γνῶτε,
3563 5403 3650 5455 ὃτι
3691 5397 3792 5466 ἐγώ

2213 5488 2330 5556 εἰμι
2357 5488 2383 5538 ό
2416 5487 2569 5547 Θεός.
2627 5485 2685 5537 '0
2717 5483 2810 5538 οὖν
2847 5487 3102 5553 γνώσεως
3136 5487 3270 5538 Θεοῦ
3311 5489 3374 5538 ἐκ
3421 5488 3624 5556 μέρους
3674 5500 3798 5536 κατ·

2215 5569 2468 5634 αξιωθεὶς
2503 5570 2623 5640 (τῆν
2649 5570 2829 5622 πᾶσαν
2860 5570 2969 5640 γὰρ
3023 5570 3197 5622 οὐδενὶ
3233 5569 3457 5622 δυνατόν
3491 5571 3642 5620 ἐστιν
3683 5567 3800 5620 ὑπο·

2215 5652 2490 5722 δέξασθαι)
2521 5654 2781 5724 τυγχάνει
2817 5647 2911 5706 καὶ
2933 5655 3031 5722 τῆς
3055 5655 3161 5706 τῶν
3187 5654 3363 5707 ἄλλων
3389 5654 3650 5706 ἁπάντων
3671 5649 3801 5718 γνώ-

2218 5755 2376 5801 σεως,
2417 5743 2511 5790 καί
2551 5739 2652 5810 ὁρᾷ
2679 5740 2956 5810 μυστήρια
2981 5739 3117 5792 Θεοῦ
3162 5737 3472 5801 δεικνύντος
3507 5737 3681 5806 αὐτῷ,
3715 5736 3801 5789 καὶ

2219 5823 2513 5891 προθλέπει
2543 5826 2610 5876 τὰ
2643 5823 2930 5894 μέλλοντα,
2959 5826 3052 5877 καὶ
3094 5825 3291 5894 θεωρεί
3324 5821 3705 5889 ἀποκαλύψεις
3740 5819 3800 5878 ἃς
