4028 6438
355 411 489 464 1H7

1616 398 1930 457 HISTORIA
1971 396 2328 453 LAUSIACA.

3450 396 3593 457 HIS

345 535 575 588 tiliorem
617 543 815 581 aerem.
860 526 902 579 Δ
946 524 1223 577 Palaestina
1272 532 1448 575 autem
1486 520 1602 573 veni
1642 521 1695 572 in
1740 516 1922 584 Bithy-
1950 516 1995 573 Λ
2024 528 2251 581 quanam
2294 510 2509 573 regione
2540 509 2603 562 ad
2640 507 2912 561 hominem
2944 507 3209 575 alijectum
3254 517 3308 562 et
3347 508 3602 564 humilem

348 629 489 679 niam
512 664 523 685 ,
554 634 610 674 et
641 636 693 671 in
722 632 783 672 ea
817 619 997 670 nc~cio
1026 614 1292 681 quomodo
1314 654 1325 669 .
1359 628 1423 664 an
1456 611 1687 663 humano
1714 606 1919 667 studio,

345 732 411 767 an
441 711 619 766 divina
656 709 926 761 voluntate
959 706 1105 775 (94),
1140 705 1280 757 Deus
1311 704 1441 768 scit,
1488 702 1677 768 dignus
1715 697 1924 750 habitus

345 821 461 857 sum
506 801 843 856 ordinatione
889 812 1006 866 quae
1050 811 1196 849 meas
1233 795 1373 848 vires
1418 800 1662 860 superat,
1701 791 1755 841 in
1800 801 1921 841 eum

347 910 527 949 casum
560 894 801 947 incidens
833 904 989 958 quem
1090 885 1327 941 Joannes
1422 884 1769 955 praedixerat.
1860 879 1927 932 Et

349 987 593 1042 undecim
633 983 905 1036 mcnsihus
946 980 1115 1033 latens
1147 979 1196 1030 in
1227 976 1358 1031 cella
1392 974 1701 1036 tenebrosa,
1742 985 1927 1024 recor-

348 1080 501 1134 datus
531 1090 651 1130 sum
679 1074 819 1127 illius
852 1070 991 1126 beati
1020 1070 1110 1139 qui
1143 1069 1270 1121 mihi
1300 1064 1547 1135 praedixit
1571 1078 1631 1117 ea
1660 1076 1777 1131 qua:
1809 1073 1927 1128 pas-

350 1184 442 1225 SUS
469 1185 608 1223 Sllm.

420 1261 588 1313 Porro
615 1265 789 1309 autem
820 1254 920 1308 hoc
954 1266 1161 1320 quoque
1187 1249 1317 1303 mihi
1360 1247 1640 1310 narrabat,
1674 1256 1925 1315 tanquam

351 1351 660 1422 profuturus
684 1347 746 1400 ad
774 1347 894 1409 hoc,
918 1352 976 1397 ut
1007 1358 1100 1411 per
1131 1342 1487 1395 narrationem
1522 1352 1607 1391 me
1634 1337 1927 1390 deduceret

349 1444 413 1496 ad
469 1441 731 1509 patienter
786 1434 1060 1490 ferendam
1112 1430 1456 1486 solitudinem
1500 1445 1513 1481 :
1568 1425 1930 1493 Quadraginta

347 1549 516 1589 annos
545 1545 733 1585 versor
765 1530 816 1581 in
850 1528 946 1581 hac
973 1526 1139 1589 cella;
1176 1538 1281 1576 non
1320 1521 1428 1574 vidi
1463 1518 1647 1572 faciem
1679 1514 1925 1578 feminae,

351 1642 453 1679 non
481 1626 643 1677 ullum
680 1633 984 1680 nummum,
1014 1631 1115 1668 non
1150 1613 1258 1666 vidi
1290 1611 1519 1680 aliquem
1570 1606 1929 1667 mandentem,

349 1734 454 1773 non
486 1714 853 1770 comedentem
882 1724 980 1763 nec
1008 1708 1275 1761 bibentem
1308 1718 1391 1756 me
1427 1701 1558 1753 vidit
1583 1698 1797 1765 aliquis.

423 1807 555 1859 Cum
584 1818 712 1870 ergo
737 1802 804 1854 ab
833 1815 896 1853 eo
926 1798 1299 1856 recessissem,
1346 1792 1463 1845 veni
1497 1790 1545 1841 in
1577 1784 1915 1841 solitudinem

2024 600 2358 653 accessistis?
2398 599 2683 665 Postquam
2733 608 2909 651 autem
2959 596 3197 650 diximus
3248 599 3496 666 patriam,
3546 610 3595 652 et

2025 693 2319 762 adjecimus
2346 710 2356 743 :
2392 692 2493 745 Pro
2524 691 2754 743 utilitate
2783 690 3078 742 animarum
3108 700 3408 742 nos‘rarum
3448 692 3599 744 adite

2024 786 2267 838 venimus
2293 784 2358 837 ab
2385 782 2679 837 Jerusalem
2703 822 2717 845 ,
2748 792 2803 833 ut
2834 781 2972 848 quod
3008 781 3277 835 auditione
3315 796 3604 848 accepera-

2027 893 2141 929 mus
2161 917 2177 942 ,
2207 876 2259 929 id
2289 888 2629 929 cernerernus
2658 872 2855 933 oculis;
2889 880 3013 923 sunt
3055 872 3197 924 enim
3243 886 3397 925 aures
3429 872 3605 925 minus

2029 968 2208 1021 fideles
2234 967 2401 1020 oculis
2428 982 2440 1018 :
2470 975 2525 1019 et
2557 963 2880 1016 auditionem
2909 963 3123 1031 quidem
3155 978 3296 1029 smpe
3319 963 3603 1029 consequi-

2028 1069 2112 1112 tur
2140 1059 2355 1121 oblivio,
2389 1058 2463 1110 rei
2505 1065 2681 1108 autem
2723 1057 2846 1106 visre
2895 1069 2999 1105 non
3052 1053 3263 1105 deletur
3314 1054 3599 1114 memoria,

2027 1149 2122 1203 sed
2149 1149 2311 1202 menti
2342 1147 2730 1217 quodammodo
2763 1144 3080 1213 imprimitur
3108 1144 3348 1197 historia.
3394 1145 3472 1199 Ad
3509 1160 3606 1198 nos

2028 1255 2154 1310 ergo
2176 1240 2310 1293 dixit
2342 1240 2525 1292 beatus
2547 1237 2815 1291 Joannes:
2845 1238 2907 1289 Et
2930 1236 3055 1305 quid
3083 1238 3377 1288 mirandum
3410 1237 3595 1304 visuri,

2028 1345 2060 1383 ο
2092 1330 2183 1383 filii
2213 1328 2528 1389 charissimi,
2562 1337 2764 1379 tantum
2798 1326 3004 1379 itineris
3036 1336 3088 1379 et
3120 1326 3317 1378 laboris
3361 1327 3600 1380 toleran-

2033 1431 2109 1473 tes
2140 1423 2239 1472 llllC
2268 1419 2507 1483 venisds,
2539 1419 2780 1471 homines
2812 1418 3050 1484 ahjectos
3081 1426 3135 1469 et
3169 1417 3396 1471 humiles
3426 1419 3608 1472 videre

2030 1510 2324 1577 Cupientes,
2352 1508 2440 1577 qui
2472 1509 2599 1561 nihil
2627 1507 2820 1562 habent
2853 1518 3092 1574 Spectata
3130 1508 3349 1576 dignum
3384 1524 3480 1561 m-c
3509 1509 3606 1561 ad-

2032 1599 2258 1652 miratu?
2288 1599 2489 1667 [Ibique
2518 1606 2851 1657 autemsunt
2879 1598 3173 1651 admirandi
3201 1608 3255 1652 et
3284 1600 3437 1651 laudo
3460 1599 3603 1668 digni

2033 1687 2125 1741 Dei
2157 1689 2426 1755 propheta:
2456 1698 2508 1740 et
2539 1688 2801 1755 apostoli,
2836 1688 2922 1755 qui
2958 1688 3203 1755 leguntur
3237 1689 3286 1740 in
3326 1689 3599 1753 ecclesiis,

2033 1792 2165 1843 quos
2205 1786 2417 1845 Oportet
2465 1777 2679 1830 imitari.
2726 1778 2886 1830 Valde
2934 1789 3109 1831 autem
3163 1779 3343 1843 miror,
3399 1780 3601 1846 inquit,

348 1900 400 1952 in
431 1898 548 1952 loco
576 1868 854 1957 ροῇευειον
886 1891 1000 1945 [nec
1028 1889 1204 1942 omnia
1236 1899 1460 1940 narrans
1489 1881 1654 1935 bearis
1682 1878 1924 1930 Panibus
1960 1876 2004 1933 Β
2032 1877 2263 1921 vestrum
2291 1868 2544 1931 smdium,
2580 1868 3023 1934 quemadmodum
3054 1876 3129 1921 tot
3153 1870 3473 1935 contemptis
3506 1884 3601 1936 pe-

347 1986 435 2055 qui
468 1994 585 2055 post
610 1984 743 2038 duos
769 1996 981 2037 menses
1004 1986 1266 2034 venerunt
1287 1986 1339 2029 et
1366 1983 1488 2027 sunt
1516 1988 1633 2024 cum
1664 1984 1729 2023 eo
1757 1968 1923 2021 collo-

346 2078 476 2141 cuti,
509 2078 649 2145 iique
681 2074 795 2127 haec
826 2073 979 2126 nob's
1010 2075 1313 2124 narrarunt.
1341 2065 1472 2118 Cum
1505 2064 1571 2116 ad
1602 2076 1721 2115 cum
1746 2058 1926 2114 venis-

348 2182 548 2230 semus,
582 2166 701 2217 lzeto
736 2164 876 2216 vultu
908 2178 1005 2215 nos
1035 2162 1243 2226 excepit
1271 2169 1323 2213 et
1353 2155 1607 2213 salutavit
1631 2196 1645 2219 ,
1690 2168 1748 2207 se
1790 2151 1924 2205 hila-

349 2270 461 2309 rem
492 2252 778 2315 unicuique
809 2250 1120 2303 ostendens.
1156 2250 1491 2318 ltogahamus
1516 2254 1691 2297 autem
1725 2258 1842 2295 eum
1868 2250 1923 2295 ut

348 2340 524 2393 statim
557 2352 650 2405 pro
679 2338 833 2391 nobis
863 2347 1138 2405 perageret
1170 2338 1495 2395 orationem,
1542 2344 1624 2387 est
1663 2334 1804 2385 cnim
1839 2332 1923 2385 hic

350 2443 466 2483 mos
494 2428 739 2482 Patribus
770 2428 857 2496 qui
888 2436 1011 2480 sunt
1055 2426 1105 2478 in
1148 2424 1399 2493 IEgypto.
1432 2426 1477 2475 ls
1504 2433 1677 2475 autem
1709 2437 1803 2474 nos
1843 2422 1926 2474 in-

349 2519 640 2589 terrogavit
662 2534 786 2573 num
817 2519 955 2572 inter
983 2531 1080 2570 nos
1105 2527 1248 2569 esset
1276 2516 1502 2568 clericus
1528 2510 1740 2582 aliquis.
1771 2513 1923 2567 Post-

349 2627 504 2679 quam
535 2619 711 2664 autem
761 2623 949 2663 omnes
997 2622 1100 2661 non
1148 2620 1268 2660 esse
1313 2605 1584 2669 diximus,
1618 2618 1716 2663 nos
1739 2619 1924 2657 omnes

348 2702 806 2770 circumspiciens,
837 2700 1055 2769 agnovit
1082 2713 1205 2752 eum
1236 2696 1329 2771 qui
1358 2705 1475 2749 erat
1503 2695 1743 2749 occultus
1772 2713 1782 2746 :
1810 2703 1924 2747 erat

346 2804 521 2848 autem
555 2809 691 2847 unus
720 2808 786 2847 ex
814 2792 968 2846 nobis
997 2790 1086 2860 qui
1118 2790 1309 2859 dignus
1357 2790 1529 2841 fuerat
1560 2788 1769 2841 habitus
1807 2787 1923 2841 dia-

348 2896 563 2949 conatu,
596 2900 715 2938 cum
748 2892 893 2938 esset
922 2899 1057 2936 unus
1088 2882 1249 2934 frater
1274 2880 1391 2948 ejus
1416 2882 1489 2934 rei
1520 2879 1766 2933 conscius
1791 2921 1805 2943 ,
1837 2878 1923 2932 cui

348 2975 508 3028 etiam
540 2975 794 3043 prmcepit
820 2982 878 3028 ut
909 2974 1111 3027 nemini
1141 2972 1364 3026 diceret.
1395 2972 1496 3037 Qui
1526 2986 1683 3024 causa
1716 2970 1929 3023 humili-

347 3066 507 3131 tatis,
560 3074 616 3121 et
659 3067 710 3120 in
759 3065 940 3118 talium
997 3065 1211 3119 Patrum
1260 3062 1687 3130 comparatione,
1739 3062 1825 3113 vix
1868 3074 1927 3113 se

346 3158 563 3229 dignum
618 3159 868 3212 censebat
922 3156 1210 3211 Christiani
1262 3154 1665 3223 appellatione,
1721 3162 1924 3206 tantum

2028 1956 2237 2021 riculis,
2267 1957 2331 2008 ad
2367 1973 2461 2009 nos
2488 1956 2710 2009 venistis
2739 1966 2953 2023 proriter
2980 1957 3295 2025 utilitatem,
3339 1973 3455 2009 cum
3508 1972 3604 2011 nos

2030 2060 2136 2112 pra:
2163 2047 2406 2099 socordia
2457 2062 2523 2100 ne
2572 2061 2635 2100 ex
2680 2049 2790 2114 ipsa
2822 2047 3032 2114 quidem
3083 2048 3335 2115 spelunca
3381 2048 3607 2101 Velimus

2027 2137 2292 2203 progredi.
2318 2136 2421 2190 Sed
2446 2152 2542 2206 age
2574 2152 2736 2197 nunc,
2763 2137 2950 2206 inquit,
2979 2138 3190 2191 etiamsi
3216 2153 3301 2191 res
3332 2152 3512 2190 chtra
3536 2138 3607 2190 sit

2026 2226 2181 2280 laude
2210 2227 2363 2295 digna
2389 2267 2404 2290 ,
2439 2244 2504 2280 tte
2535 2235 2786 2293 tanquam
2820 2242 2877 2280 re
2905 2228 3080 2296 aliqua
3125 2229 3378 2296 pra-clare
3424 2238 3570 2296 gesta
3590 2270 3606 2293 ,

2027 2318 2178 2373 vobis
2224 2322 2468 2373 sufficere
2499 2318 2695 2387 putetis
2717 2357 2734 2383 ,
2766 2318 2858 2373 sed
2907 2320 3185 2373 imitemini
3221 2322 3445 2374 virtutes
3476 2335 3607 2389 quas

2029 2420 2202 2477 patres
2247 2412 2409 2465 veSIri
2462 2420 2874 2479 persequuntur.
2923 2412 3073 2478 Quod
3127 2413 3170 2465 si
3220 2414 3381 2465 etiam
3421 2427 3607 2465 omnes

2028 2499 2391 2567 possederitis,
2423 2501 2561 2568 quad
2592 2500 2810 2569 quidem
2844 2509 2927 2553 est
2953 2516 3131 2554 rarum
3152 2542 3166 2565 ,
3199 2515 3264 2554 ne
3288 2502 3366 2555 sic
3391 2502 3606 2571 quidem

2027 2590 2177 2642 vobis
2208 2588 2336 2657 ipsis
2364 2589 2721 2646 credideritis.
2756 2590 2983 2654 Quidam
3015 2590 3157 2643 enim
3201 2591 3288 2658 qui
3329 2590 3405 2643 sic
3437 2589 3607 2643 confi-

2027 2682 2244 2745 derunt;
2276 2691 2323 2732 et
2349 2681 2412 2732 ad
2439 2680 2609 2742 ipsum
2639 2680 2889 2751 virtutum
2922 2680 3191 2746 fastigium
3225 2690 3606 2747 pervenerunt,

2028 2772 2241 2827 tandem
2286 2788 2349 2826 ex
2383 2774 2492 2824 alto
2533 2772 2862 2826 ceciderunt.
2911 2773 3016 2827 Sed
3063 2773 3238 2826 videte
3270 2789 3391 2826 num
3426 2789 3609 2841 preces

2032 2870 2222 2917 vestra:
2248 2878 2305 2917 se
2332 2873 2477 2917 recte
2505 2864 2772 2941 habeant;
2814 2880 2939 2917 num
2983 2865 3295 2918 conturbata
3327 2864 3395 2918 sit
3426 2866 3603 2918 cordis

2027 2953 2190 3007 vestri
2245 2956 2473 3021 puritas;
2508 2970 2631 3007 num
2678 2970 2833 3009 mens
2868 2963 3053 3008 vestra
3086 2956 3223 3008 inter
3254 2957 3512 3007 orandum
3544 2954 3610 3009 sit

2029 3052 2284 3111 occupata
2333 3045 2450 3098 aliis
2501 3044 2760 3114 negotiis;
2809 3061 2934 3099 eum
2986 3047 3158 3115 aliqua
3210 3046 3310 3098 alia
3368 3055 3603 3100 mentem

2032 3135 2251 3189 subiens
2284 3133 2539 3203 cogitatio
2570 3144 2780 3189 avertat
2808 3136 2873 3189 ad
2905 3136 3105 3205 aliquid
3135 3137 3312 3203 aliud;
3358 3152 3480 3191 num
3511 3138 3610 3190 ali-

347 3227 498 3303 ab'es;
541 3256 600 3302 ut
638 3247 861 3316 alimjus
910 3246 1201 3316 dignitatis.
1245 3245 1398 3297 Mam,
1428 3260 1556 3312 ergo
1587 3259 1706 3297 eum
1740 3255 1918 3297 05".“-
1952 3232 1999 3295 ε
2030 3242 2129 3295 qua
2154 3228 2504 3295 cogitatorum
2530 3227 2790 3281 memoria
2813 3229 2991 3281 animo
3014 3227 3263 3282 exhibeat
3284 3229 3606 3282 molestiam.

348 3343 516 3408 dens,
569 3340 777 3394 dicebat
826 3339 1111 3393 omnibus:
1143 3337 1238 3391 llic
1279 3347 1363 3391 est
1404 3336 1677 3389 diacomis.
1712 3334 1844 3387 Cum
1888 3334 1930 3385 is

350 3443 524 3487 autem
553 3431 765 3486 assidue
790 3439 1025 3499 negaret,
1049 3439 1104 3484 et
1132 3429 1298 3482 latere
1314 3435 1615 3488 conaretur,
1641 3440 1670 3479 e
1697 3425 1929 3478 fenestra

349 3524 460 3589 ejus
491 3537 701 3575 manum
722 3524 1107 3589 apprehensam
1135 3519 1404 3572 osculatus
1428 3526 1530 3579 est,
1553 3526 1607 3568 et
1633 3516 1927 3567 admonens

349 3626 469 3663 eum
501 3610 742 3663 hortatus
770 3620 873 3670 est,
898 3610 1081 3662 dicens
1113 3625 1125 3658 :
1159 3607 1236 3661 Ne
1272 3607 1473 3658 irritam
1508 3598 1670 3658 facias
1696 3604 1919 3672 gratiam

352 3698 476 3765 Dei,
508 3699 607 3764 fili,
636 3712 703 3750 ne
734 3697 1007 3749 mentiaris
1038 3696 1238 3748 donum
1272 3695 1365 3748 Dei
1406 3693 1674 3747 inliciaris.
1710 3693 1929 3747 Menda-

350 3790 487 3842 cium
515 3788 652 3842 enim
677 3788 905 3840 alienum
935 3796 1015 3840 est
1043 3800 1070 3837 a
1098 3785 1436 3846 Christianis,
1470 3794 1523 3837 et
1548 3783 1658 3836 sive
1688 3783 1761 3835 sit
1796 3785 1845 3835 in
1873 3798 1930 3837 re

351 3893 560 3949 magna,
594 3880 706 3932 sive
736 3878 785 3930 in
818 3892 999 3944 parva,
1026 3890 1132 3928 non
1163 3884 1246 3928 est
1285 3885 1459 3927 tamen
1494 3873 1775 3939 laudabile,
1802 3887 1925 3925 cum

351 3970 492 4024 dicat
517 3970 804 4025 Servatur:
840 3967 1169 4022 Mendacium
1203 3974 1336 4020 esta
1360 3966 1499 4018 malo
1527 3962 1747 4033 (Joann.
1780 3964 1926 4033 vui).

353 4064 399 4117 Is
422 4078 549 4117 vero
576 4062 848 4115 convictus
876 4061 1058 4123 tacuit,
1091 4058 1360 4126 accipiens
1388 4067 1663 4126 paternam
1694 4057 1811 4124 ejus
1843 4071 1931 4109 re-

352 4154 780 4223 prehensionem.
812 4152 940 4205 Cum
990 4164 1173 4218 preces
1201 4160 1374 4203 autem
1408 4147 1920 4216 complevissemus,

350 4262 484 4301 unus
513 4247 673 4300 frater
701 4260 766 4299 ex
796 4243 968 4306 nobis,
993 4256 1148 4310 quem
1174 4243 1283 4307 jam
1310 4240 1535 4294 tertiana
1564 4239 1727 4293 febris
1756 4238 1925 4293 vehe-

351 4355 498 4393 mens
546 4338 793 4399 tenebat,
844 4335 1066 4404 rogabat
1115 4343 1173 4387 ut
1219 4340 1515 4386 curaretur.
1573 4330 1708 4385 Cum
1749 4340 1929 4385 autem

348 4430 567 4483 dixisset
615 4427 778 4480 frater
816 4426 862 4480 ei
899 4424 1145 4478 conferre
1174 4424 1518 4479 afflictionem
1562 4430 1782 4491 propter
1811 4422 1929 4475 exi-

349 4532 504 4585 guam
536 4532 653 4584 qua:
675 4517 723 4569 ei
752 4517 889 4569 inest
917 4514 1097 4577 fidem,
1124 4514 1338 4567 tradens
1366 4521 1541 4565 tamen
1571 4512 1747 4566 oleum
1769 4511 1930 4581 jussit

2040 3318 2225 3372 Videte
2256 3334 2377 3371 num
2408 3318 2605 3371 mundo
2633 3334 2757 3373 vere
2789 3319 3170 3385 renuntiasds;
3218 3336 3342 3373 num
3380 3321 3606 3390 ingrcssi

2033 3409 2161 3462 estis
2193 3418 2438 3477 tanquam
2473 3419 2706 3463 nostram
2731 3410 3069 3477 speculantes
3110 3411 3446 3475 libertatem;
3482 3426 3607 3464 num

2034 3499 2097 3552 ad
2129 3516 2316 3552 vanam
2348 3501 2571 3568 gloriam
2600 3510 2803 3554 vestras
2837 3500 3062 3555 virtutes
3094 3504 3394 3563 venamini.
3440 3513 3492 3556 ut
3537 3503 3601 3555 ad

2033 3592 2444 3645 ostentationem
2501 3590 2788 3644 videamini
2849 3590 3154 3644 hominibus
3208 3602 3388 3646 nostra
3448 3607 3609 3659 opera

2035 3680 2324 3735 imitantes.
2356 3679 2544 3734 Videte
2571 3695 2637 3732 ne
2679 3681 2825 3733 vobis
2872 3683 3098 3733 facessat
3142 3682 3411 3748 negotium
3442 3679 3603 3733 animi

2036 3772 2392 3840 perturbatio,
2441 3787 2508 3825 ne
2545 3773 2714 3825 honor
2742 3780 2796 3825 et
2822 3770 2989 3840 gloria
3019 3784 3069 3825 et
3105 3772 3217 3825 laus
3250 3775 3510 3836 humana,
3540 3787 3610 3825 ne

2035 3879 2212 3917 rerum
2242 3877 2516 3915 sacrarum
2543 3877 2686 3916 curae
2718 3862 3011 3923 simulatio,
3046 3872 3133 3915 aut
3160 3877 3310 3916 amor
3338 3862 3602 3930 proprius;

2036 3973 2103 4011 ne
2130 3956 2323 4023 putetis
2356 3971 2452 4009 vos
2480 3972 2602 4010 esse
2624 3956 2835 4025 justos;
2869 3971 3040 4024 neque
3077 3956 3144 4009 de
3170 3957 3380 4024 jttstitia
3419 3956 3615 4025 glorie--

2033 4047 2198 4110 mini,
2245 4062 2311 4099 ne
2341 4054 2560 4114 prepter
2587 4046 2810 4100 virtutes
2847 4045 3172 4111 efferammi;
3221 4060 3289 4099 ne
3330 4043 3609 4098 orantibus

2035 4135 2364 4206 cognationis
2412 4136 2666 4188 memoria
2713 4136 2893 4187 animo
2935 4134 3193 4198 insideat;
3244 4148 3312 4187 ne
3357 4131 3613 4185 lllt‘lllnl'la

2032 4224 2512 4278 commiserationis
2530 4231 2619 4276 aut
2638 4221 2861 4291 alicujus
2885 4224 3104 4277 alterius
3128 4224 3227 4286 rei,
3256 4239 3423 4292 neque
3444 4224 3611 4289 ipsius

2038 4316 2271 4371 universi
2369 4315 2552 4371 mundi
2654 4315 2809 4372 vobis
2924 4326 3216 4368 succurrat.
3265 4314 3356 4368 Sin
3402 4314 3613 4377 minus;

2036 4424 2119 4464 res
2146 4408 2378 4461 efficitur
2400 4406 2853 4474 vanitas,quando
2876 4406 2993 4473 quis
3020 4406 3294 4458 Dominum
3318 4405 3613 4474 alloquens,

2035 4499 2284 4553 deorsum
2330 4497 2617 4564 impellitur
2662 4496 2728 4546 al)
2770 4495 2834 4547 iis
2864 4510 2983 4563 qua:
3027 4508 3090 4547 ex
3124 4494 3351 4547 adverso
3382 4494 3613 4546 trahunt

349 4584 467 4660 eum
519 4608 720 4673 inungi.
753 4606 883 4657 Cum
936 4606 979 4657 is
1028 4613 1203 4657 autem
1256 4619 1313 4657 se
1360 4603 1619 4667 tinxisset,
1667 4602 1925 4671 quidquid
1958 4602 2009 4661 ι)
2034 4589 2464 4659 cogitationibus.
2496 4588 2620 4640 llaec
2649 4596 2823 4639 autem
2854 4586 3046 4639 mentis
3094 4585 3368 4653 prolapsio
3400 4584 3606 4637 unicui-

351 4699 491 4751 intus
522 4696 750 4749 habebat
780 4711 874 4763 per
904 4708 964 4747 os
990 4695 1189 4759 emisit,
1220 4703 1272 4746 et
1305 4707 1335 4745 a
1366 4692 1512 4746 febre
1541 4694 1761 4746 omnino
1798 4694 1929 4744 hbe-

350 4800 495 4844 ratus
518 4830 533 4850 ,
566 4787 794 4856 propriis
823 4787 1043 4854 pedibus
1083 4787 1303 4839 recessit
1335 4785 1399 4837 ad
1434 4784 1744 4853 hospitium.
1778 4785 1931 4837 Lice-

350 4882 440 4935 bat
481 4890 655 4933 autem
690 4876 870 4931 videre
902 4876 1173 4929 hominem
1226 4877 1642 4943 nonagenarium
1678 4885 1790 4928 toto
1820 4890 1931 4927 cor-

351 4984 479 5036 pore
522 4972 592 5022 ita
636 4967 923 5030 afflictum,
975 4973 1033 5018 ut
1081 4980 1191 5032 prae
1239 4966 1623 5018 exercitatione
1655 4981 1722 5017 ne
1761 4964 1930 5018 barba

350 5060 560 5130 quidem
587 5072 703 5114 nata
734 5071 874 5114 esset
903 5060 954 5111 in
990 5058 1144 5111 facie.
1176 5058 1318 5111 Nihil
1343 5061 1484 5111 enim
1510 5057 1651 5110 aliud
1680 5060 1928 5111 comede-

353 5153 443 5207 bat
465 5167 619 5219 quam
651 5154 899 5205 arborum
932 5150 1153 5214 fructus,
1189 5150 1347 5218 idque
1375 5160 1492 5212 post
1515 5150 1645 5202 solis
1674 5164 1927 5203 occasum

352 5246 403 5299 in
438 5259 641 5299 Summa
673 5254 967 5310 senectute,
994 5260 1114 5298 cum
1148 5262 1207 5298 se
1238 5245 1383 5313 prius
1408 5246 1625 5297 multum
1659 5246 1931 5299 exercuis-

350 5343 451 5397 set,
476 5344 527 5387 et
556 5349 725 5403 neque
755 5350 942 5402 panem
973 5334 1311 5399 sumpsisset,
1343 5349 1513 5401 neque
1545 5334 1743 5403 aliquid
1776 5350 1838 5388 ex
1867 5335 1929 5387 iis

350 5441 469 5495 qua:
499 5428 603 5496 igni
633 5427 842 5481 admota
874 5429 1094 5481 veniunt
1134 5427 1188 5480 iu
1229 5442 1406 5479 usum.
1441 5428 1571 5479 Cum
1607 5429 1721 5495 ipse
1753 5436 1928 5481 autem

352 5530 450 5568 nos
476 5516 718 5582 jussisset
746 5518 936 5569 sedere
962 5559 976 5582 ,
1018 5516 1129 5569 Deo
1160 5516 1368 5585 egimus
1406 5516 1604 5580 gratias
1632 5516 1772 5583 quod
1818 5517 1933 5584 ejus

352 5605 648 5661 frueremur
691 5608 1085 5675 congressione.
1120 5607 1167 5659 ls
1198 5616 1373 5661 autem
1413 5621 1532 5660 cum
1569 5616 1819 5675 tanquam
1853 5607 1935 5659 di-

352 5699 518 5752 lectos
548 5712 675 5753 suos
707 5698 843 5751 filios
884 5700 1039 5768 longe
1086 5710 1327 5768 tempore
1376 5699 1698 5765 accepisset,
1741 5698 1933 5751 ridenti

353 5791 494 5845 vultu
529 5789 639 5844 haec
668 5789 821 5844 nobis
848 5801 929 5845 est
956 5792 1163 5846 locutus
1190 5807 1203 5846 :
1235 5789 1538 5855 Undenans,
1569 5803 1601 5843 ο
1631 5788 1748 5853 filii,
1782 5797 1835 5843 ct
1868 5804 1931 5843 ex

2034 4696 2135 4749 que
2158 4680 2352 4733 accidit
2377 4680 2463 4747 qui
2490 4678 2629 4730 hunc
2656 4676 2911 4730 mundum
2945 4693 3048 4728 non
3074 4678 3289 4728 omnino
3311 4676 3615 4745 abnegavit,

2034 4770 2128 4823 sed
2176 4778 2461 4821 veneratur
2508 4777 2562 4821 ut
2610 4769 2659 4820 ci
2714 4767 2939 4834 placeat.
2992 4766 3075 4819 οι)
3118 4768 3279 4818 multa
3325 4768 3468 4818 enim
3502 4782 3619 4833 qum

2034 4862 2354 4929 aggreditur,
2388 4858 2505 4927 ejus
2540 4870 2769 4912 mentem
2810 4857 3049 4911 dividunt
3087 4872 3227 4910 cura:
3258 4872 3531 4923 corporea:
3561 4868 3613 4909 et

2034 4965 2345 5016 terrestres;
2379 4962 2431 5005 et
2459 4953 2583 5005 dum
2610 4950 2861 5017 deinceps
2886 4950 3119 5016 disputat
3147 4966 3266 5003 eum
3296 4951 3459 5003 animi
3494 4966 3613 5016 per-

2037 5045 2425 5099 turbationibus
2450 5083 2464 5106 ,
2511 5057 2616 5094 non
2661 5050 2835 5109 potest
2864 5040 3026 5093 Deum
3063 5040 3265 5093 videre.
3306 5041 3408 5093 Sed
3443 5054 3614 5107 neque

2034 5140 2203 5206 ipsam
2230 5138 2589 5206 cognitionem
2615 5136 2772 5188 debet
2803 5145 3052 5186 accurate
3080 5144 3131 5186 et
3163 5141 3348 5186 exacte
3372 5141 3617 5185 contem-

2034 5231 2192 5299 plari,
2221 5246 2287 5283 ne
2321 5229 2363 5282 si
2398 5228 2534 5281 forte
2566 5226 2725 5279 fuerit
2756 5226 3005 5293 indiguus
3040 5225 3129 5277 tali
3156 5223 3528 5291 possessione,
3562 5234 3613 5275 et

2035 5324 2149 5391 ejus
2172 5322 2403 5389 aliquam
2438 5328 2639 5385 partem
2669 5318 2825 5370 fuerit
2856 5326 3173 5370 consecutus
3193 5358 3205 5377 ,
3252 5315 3528 5367 existimet
3556 5326 3616 5365 se

2039 5426 2208 5472 totum
2250 5414 2723 5483 comprehendisse
2751 5454 2765 5477 ,
2792 5422 2845 5466 et
2870 5412 3086 5464 omnino
3118 5411 3320 5462 labatur
3348 5410 3398 5461 in
3424 5407 3615 5460 interi-

2041 5516 2171 5559 tum.
2203 5507 2305 5558 Sed
2338 5514 2550 5571 0portct
2579 5518 2790 5571 semper
2821 5502 3095 5554 moderate
3138 5509 3191 5552 et
3234 5498 3319 5566 pie
3347 5496 3412 5550 ad
3455 5495 3623 5548 Deum

2040 5603 2297 5656 accedere
2326 5643 2339 5666 ,
2384 5607 2636 5669 quantum
2673 5606 2847 5666 potest
2882 5597 3247 5664 unusquisque
3289 5602 3469 5647 mente
3497 5605 3627 5657 pro-

2040 5693 2208 5763 gredi,
2241 5701 2295 5746 et
2324 5699 2578 5761 quantum
2614 5698 2833 5757 possunt
2868 5687 3111 5739 homines
3140 5685 3419 5751 erinseqni.
3451 5682 3624 5747 Opor-

2041 5794 2114 5841 tet
2142 5799 2269 5852 ergo
2311 5790 2541 5838 mentem
2577 5793 2759 5833 eorum
2794 5778 2881 5844 qui
2930 5776 3096 5831 Deum
3130 5778 3419 5841 quierunt,
3451 5772 3621 5825 otium
