4028 6442
486 428 622 484 1119

1962 422 2281 478 PALLADII

3628 411 3755 469 1120

485 570 645 625 agere
669 555 733 609 ab
762 555 879 610 aliis
906 554 1174 610 omnibus.
1203 553 1403 609 Vacate
1446 555 1586 609 enim
1634 563 1685 608 et
1718 552 2021 621 cognoscite
2042 593 2057 617 ,
2089 552 2141 609 Δ
2167 556 2220 601 et
2277 550 2490 602 tandem
2554 548 2964 603 exercitatorcm
3031 547 3233 618 redegit
3293 549 3344 601 in
3409 550 3742 604 servitutem.

490 649 681 717 inquit,
711 648 851 716 quod
882 662 981 715 ego
1008 662 1128 700 sum
1162 648 1301 701 Deus
1324 645 1495 715 (Paal.
1522 645 1668 714 xcv).
1697 645 1800 712 Qui
1826 659 1952 713 ergo
1978 642 2068 697 Dei

488 738 843 805 cognitionem
868 754 931 791 ex
957 746 1105 806 parte
1124 745 1207 791 est
1228 746 1567 804 consecutus,
1596 736 1898 791 universam
1924 738 2068 789 enim

491 843 649 883 nemo
677 837 852 896 potest
895 829 1170 896 accipere,
1219 830 1565 897 consequitur
1594 844 1805 897 quoque
1840 829 2066 881 aliorum

488 922 727 974 omnium
758 920 1114 989 cognitionem
1141 962 1157 985 ,
1191 931 1242 975 et
1274 920 1417 974 videt
1465 921 1715 990 mysteria
1761 919 1857 973 Dei
1901 920 1987 972 illa
2018 920 2067 973 ei

490 1010 845 1075 ostendentis,
874 1020 927 1064 et
959 1010 1211 1077 przevidet
1243 1010 1440 1073 futura,
1470 1021 1523 1063 et
1554 1010 1952 1075 contemplatur
1985 1024 2069 1061 ro-

492 1106 785 1160 velatiooes
815 1105 999 1171 quales
1023 1107 1216 1168 sancti,
1243 1114 1297 1157 et
1325 1103 1492 1157 efficit
1523 1104 1765 1165 virtutes,
1794 1111 1843 1155 et
1868 1102 2074 1156 obtinet

494 1214 522 1251 a
548 1198 657 1251 Deo
687 1212 898 1250 omnem
931 1197 1264 1263 petitionem.

568 1288 679 1340 Alia
711 1303 920 1355 quoque
950 1287 1116 1339 multa
1140 1286 1275 1339 dixit
1304 1285 1371 1339 de
1400 1284 1819 1345 exercitatione;
1845 1291 1898 1338 el
1931 1282 2073 1353 quod

494 1388 701 1447 oportet
750 1387 1062 1446 exspectare
1119 1386 1346 1432 mortem
1398 1387 1648 1447 tauquam
1700 1381 1861 1431 vitam
1919 1378 2075 1432 bona:

498 1469 895 1537 translationis,
949 1480 1003 1523 et
1052 1485 1155 1523 non
1205 1471 1628 1525 imbecillitatem
1663 1471 1853 1523 intueri
1886 1487 2077 1539 corpo.

496 1575 639 1612 ream
662 1576 675 1623 ;
702 1569 756 1613 et
783 1576 879 1613 nec
905 1561 986 1614 vel
1010 1561 1335 1628 quibuslibet
1360 1560 1531 1614 obviis
1557 1562 1779 1628 implere
1803 1573 2074 1615 ventrem:

497 1651 627 1703 Nam
659 1652 767 1717 qui,
795 1652 983 1721 inquit,
1020 1653 1177 1705 fuerit
1204 1652 1671 1719 satiatus,'eadem
1702 1665 1861 1721 caput
1896 1653 2080 1707 consi-

503 1741 568 1794 lia
605 1756 720 1808 qua:
752 1741 787 1793 ii
818 1742 911 1809 qui
942 1739 1124 1794 vivunt
1166 1742 1215 1795 in
1248 1744 1482 1808 deliciis;
1509 1744 1603 1797 sed
1637 1754 1843 1797 tentare
1873 1751 2082 1811 oportet

500 1845 593 1898 per
626 1830 1062 1884 exercitationem
1095 1831 1254 1885 etiam
1282 1834 1663 1901 appetitionum
1700 1849 1886 1901 parare
1915 1835 2082 1896 impa-

2169 640 2300 695 Cum
2332 653 2507 696 autem
2556 642 2645 696 ille
2694 643 2918 696 internis
2948 652 3252 695 versaretur
3303 640 3745 707 cogitationibus,

2168 731 2360 787 deinde
2388 742 2447 786 ut
2474 732 2563 802 qui
2588 732 2697 801 jam
2729 746 2840 785 rem
2869 731 3095 785 haberet
3122 732 3173 784 in
3202 730 3471 793 manibus,
3498 741 3749 799 reputans

2170 822 2616 889 npportttnitatem
2645 831 2698 875 et
2725 822 3015 889 voluptatis
3043 820 3323 888 explendte
3361 820 3709 874 securitatem
3730 864 3743 885 ,

2171 913 2473 980 cogitationi
2504 914 2814 977 assentitur,
2840 922 2892 967 et
2924 920 3094 965 tentat
3124 927 3244 964 cum
3290 925 3353 964 ea
3386 910 3591 965 habere
3631 926 3753 965 coa-

2172 1005 2527 1070 suetudinem,
2560 1013 2617 1058 ut
2654 1005 2740 1074 qni
2786 1003 2896 1073 jam
2930 1003 3193 1056 evasisset
3222 1001 3481 1069 insipiens
3510 1012 3567 1054 et
3596 1016 3753 1068 equus

2174 1094 2226 1147 in
2260 1096 2482 1148 feminas
2522 1096 2813 1149 insaniens.
2851 1094 2938 1147 Illa
2970 1108 3096 1148 vero
3134 1106 3258 1146 cum
3291 1099 3521 1159 repente
3566 1106 3749 1160 magna

2174 1202 2304 1240 voce
2328 1188 2698 1252 exclamasset,
2726 1186 2895 1239 evasit
2922 1198 3249 1239 evanescens
3273 1198 3336 1237 ex
3361 1183 3479 1251 ejus
3508 1184 3752 1236 manibus

2179 1294 2283 1331 non
2332 1292 2488 1330 secus
2533 1291 2595 1329 ac
2644 1276 2831 1329 umbra
2870 1275 3066 1343 aliqua.
3098 1273 3257 1327 Risus
3304 1282 3481 1326 autem
3540 1274 3592 1325 in
3643 1288 3755 1326 aere

2177 1370 2391 1421 auditur
2418 1368 2706 1421 multorum
2736 1368 3034 1440 dmmonum
3065 1367 3150 1435 qui
3186 1367 3357 1433 ipsum
3382 1363 3747 1432 increpabant,

2182 1457 2310 1512 etin
2344 1458 2579 1512 fraudem
2630 1458 2978 1524 induxerant,
3027 1464 3082 1510 et
3112 1471 3298 1525 magna
3334 1470 3462 1509 voce
3494 1456 3563 1509 ad
3596 1457 3753 1523 ipsum

2180 1544 2477 1601 clamabant
2506 1566 2517 1600 :
2550 1549 2647 1613 Qui
2678 1562 2736 1601 se
2764 1547 2985 1611 exaltat,
3014 1545 3381 1599 httmiliabitur
3410 1544 3599 1614 (Luce
3630 1546 3754 1616 ut).

2183 1639 2258 1691 Tu
2291 1650 2465 1691 autem
2496 1652 2662 1706 usque
2692 1638 2755 1691 ad
2784 1638 2951 1692 caelos
2979 1638 3191 1705 quidem
3235 1652 3293 1691 es
3323 1637 3597 1691 exaltatns
3619 1678 3633 1703 ,
3664 1636 3755 1689 hu-

2184 1729 2417 1782 miliatus
2457 1744 2584 1783 vero
2624 1744 2683 1783 es
2728 1744 2893 1796 usque
2939 1728 3005 1782 ad
3052 1728 3293 1797 abyssos.
3341 1728 3553 1782 Exinde
3603 1728 3757 1796 surgit

2186 1836 2339 1874 mane
2388 1831 2703 1873 nocturnum
2737 1820 2937 1873 luctum
2977 1820 3284 1882 attrahens;
3326 1829 3382 1873 et
3425 1834 3554 1871 cum
3602 1828 3754 1871 totum

500 1921 819 1974 tihilitatem.
844 1922 952 1975 Nec
984 1935 1188 1989 qutcrat
1213 1923 1409 1991 aliquis
1439 1940 1499 1978 ea
1531 1940 1651 1993 qua;
1693 1934 1819 1977 sunt
1866 1936 2077 1991 parata,

2193 1912 2322 1964 diem
2375 1913 2715 1977 transegisset
2765 1912 2814 1963 in
2865 1911 3281 1975 lamentatione,
3333 1925 3428 1964 sua
3480 1911 3753 1979 desperata

499 2024 552 2067 ct
578 2015 740 2067 animi
773 2014 1191 2080 relaxationem;
1223 2016 1315 2068 sed
1345 2031 1490 2070 nunc
1520 2018 1589 2070 sit
1622 2017 1918 2070 imbecillus
1948 2018 2084 2070 allii-

499 2116 723 2174 ctusqne
750 2115 801 2159 ct
832 2120 1136 2173 oppressus,
1168 2118 1224 2159 ut
1258 2109 1407 2175 regni
1442 2109 1534 2163 Dei
1578 2109 1872 2164 latitudinis
1917 2111 2085 2176 possi-

501 2195 628 2248 deat
684 2195 1073 2250 hacreditatem.
1122 2198 1343 2265 Oportet
1397 2199 1539 2253 enim
1592 2215 1687 2253 nos
1733 2216 1827 2269 per
1888 2203 2085 2255 multas

500 2286 815 2340 afﬂictiones
862 2288 1060 2341 intrare
1106 2289 1159 2341 in
1210 2305 1429 2355 regnum
1482 2290 1575 2344 Dei
1624 2293 1760 2359 (Act.
1811 2295 1947 2357 xw).
1993 2293 2086 2347 Est

504 2378 669 2441 enim,
697 2377 885 2445 inquit,
919 2389 1139 2446 augusta
1174 2394 1354 2447 porta,
1404 2389 1455 2433 et
1488 2392 1631 2434 arcta
1662 2384 1743 2435 via
1789 2398 1907 2449 qua}
1941 2385 2085 2439 ducit

501 2467 567 2520 ad
595 2469 780 2529 vitam,
811 2477 863 2522 et
906 2468 1057 2536 pauci
1087 2480 1207 2521 sunt
1235 2471 1323 2537 qui
1356 2486 1473 2524 eam
1504 2472 1795 2526 inveniant.
1826 2473 1927 2525 Et:
1957 2473 2082 2526 Lata

501 2568 581 2613 est
610 2560 692 2612 via
720 2576 837 2624 quae
866 2560 1011 2613 ducit
1041 2561 1104 2613 ad
1141 2564 1517 2629 perditionem,
1548 2574 1596 2617 et
1632 2565 1779 2618 multi
1825 2575 1948 2619 sunt
1994 2565 2085 2633 qui

502 2650 871 2711 ingrediuntur
895 2667 990 2717 per
1011 2667 1129 2705 eam
1155 2651 1368 2718 (Matth.
1395 2658 1512 2724 vn).
1546 2655 1607 2707 Et
1632 2664 1861 2722 oportet,
1894 2656 2085 2723 inquit,

504 2755 600 2793 nos
630 2740 717 2793 hic
745 2751 1113 2803 contemnere,
1146 2759 1265 2797 cum
1301 2744 1456 2811 paulo
1483 2754 1599 2812 post
1621 2761 1804 2798 eamus
1829 2747 1895 2799 ad
1928 2748 2085 2800 vitam

507 2841 783 2886 azternam.
829 2834 936 2889 Nec
982 2846 1192 2901 Oportet
1247 2837 1477 2904 aliquem
1524 2836 1703 2891 efferri
1753 2839 1822 2892 oh
1867 2854 1928 2892 ea
1970 2854 2089 2908 qua:

503 2932 649 2978 recte
677 2939 705 2978 a
730 2939 789 2979 se
818 2935 962 2993 ge.~ta
996 2938 1140 2990 sunt,
1174 2928 1268 2981 sed
1306 2942 1517 2996 semper
1559 2944 1681 2982 esse
1719 2930 2002 2994 humilem,
2036 2939 2091 2984 et

506 3012 772 3083 longiores
820 3019 1063 3086 persequi
1097 3019 1443 3083 solitudines,
1493 3019 1705 3087 quando
1755 3022 1987 3074 senserit
2028 3035 2089 3074 se

506 3104 706 3157 efferri.
744 3106 1011 3159 llabitatio
1043 3110 1184 3162 enim
1223 3112 1517 3176 propinqua
1562 3109 1726 3173 vit-is,
1777 3125 1873 3164 eos
1926 3111 2087 3164 etiam

506 3193 592 3259 (ιυί
633 3200 787 3246 erant
816 3196 1035 3262 perfecti
1066 3212 1209 3264 saepe
1248 3196 1490 3249 offendit.
1536 3197 1687 3263 Quod
1714 3199 1875 3251 etiam
1917 3200 2091 3267 psallit

2185 2003 2354 2057 salute
2377 2043 2391 2068 ,
2423 2003 2561 2069 quod
2594 2018 2697 2055 non
2730 2002 2949 2067 debuit,
2980 2002 3032 2057 in
3066 2003 3320 2056 mundum
3370 2018 3628 2057 reversus
3662 2012 3751 2056 est.

2189 2096 2296 2148 lloc
2325 2103 2408 2148 est
2436 2096 2575 2149 enim
2609 2096 2827 2163 maligni
2854 2096 3085 2149 studium
3105 2135 3118 2157 ,
3145 2104 3201 2149 ut
3222 2094 3435 2164 quando
3461 2096 3755 2164 quempiam

2187 2186 2437 2251 inriserit,
2464 2204 2582 2241 eum
2610 2190 2813 2257 redigat
2856 2189 2921 2243 ad
2955 2189 3334 2255 insipientiam,
3370 2200 3427 2241 ut
3458 2205 3573 2241 non
3604 2188 3755 2256 possit

2186 2276 2434 2345 deinecps
2463 2293 2700 2346 surgere.
2739 2277 2908 2343 Unde.
2937 2293 2969 2332 0
3000 2280 3112 2346 lilii,
3142 2295 3245 2332 non
3277 2290 3358 2332 est
3382 2278 3541 2331 nobis
3567 2278 3755 2332 condu-

2186 2365 2360 2419 cibilis
2410 2369 2702 2436 propinqua
2745 2368 2876 2422 vicis
2919 2369 3209 2433 habitatio,
3265 2384 3436 2436 neque
3481 2369 3751 2423 mulierum

2186 2455 2501 2517 coilocntio.
2536 2465 2591 2508 ut
2618 2472 2684 2511 ex
2713 2458 2906 2525 quibus
2935 2459 3135 2512 oriatur
3164 2461 3422 2513 memoria
3448 2501 3463 2523 ,
3499 2475 3619 2529 qua:
3661 2471 3750 2511 non

2190 2550 2364 2609 potest
2402 2544 2789 2610 deleri,quam
2856 2560 2921 2599 ex
2984 2543 3100 2598 visu
3166 2535 3489 2603 attrahimus
3550 2559 3605 2605 et
3658 2549 3748 2602 col-

2189 2632 2474 2685 locutione.
2502 2632 2606 2687 Sed
2638 2649 2808 2702 neque
2839 2634 3096 2690 debemus
3119 2636 3353 2690 animum
3386 2637 3738 2703 despondere,

2188 2729 2241 2775 et
2262 2735 2356 2773 nos
2387 2721 2530 2790 ipsos
2571 2721 2852 2776 detrudere
2880 2724 2945 2777 ad
2987 2726 3435 2791 desperationem.
3469 2725 3591 2779 Jam
3618 2726 3742 2779 enim

2191 2814 2225 2866 ii
2255 2829 2465 2881 quoque
2489 2814 2577 2881 qui
2612 2830 2717 2869 non
2740 2830 2887 2883 spem
2918 2815 3249 2886 abiecerunt,
3282 2832 3386 2871 non
3418 2816 3635 2871 fuerunt
3653 2814 3746 2885 pri-

2191 2905 2294 2957 vati
2330 2904 2420 2959 Dei
2451 2905 2808 2961 misericordis
2838 2907 3147 2962 clementia.

2775 3020 2997 3075 CAPUT
3036 3019 3194 3074 XLV.

2191 3130 2269 3184 De
2299 3134 2455 3200 fratre
2482 3131 2569 3200 qui
2604 3131 2785 3201 ductus
2826 3133 2923 3200 fuit
2952 3132 3277 3200 paenitentia,
3310 3130 3539 3201 ejusdem
3578 3127 3748 3182 abbatis

2746 3200 2964 3254 Joannis
2993 3204 3238 3255 narratio.

509 3284 676 3337 David
703 3285 787 3337 cui
815 3287 917 3339 tale
941 3287 1066 3354 quid
1088 3288 1356 3341 acciderat
1385 3305 1396 3341 :
1430 3288 1567 3342 Ecce
1589 3288 1831 3358 elongavi
1855 3289 2087 3357 fugiens,
2119 3276 2165 3337 C
2270 3293 2398 3346 Erat
2425 3292 2566 3345 enim
2588 3332 2603 3357 ,
2631 3291 2829 3361 inquit,
2862 3291 2996 3345 alios
3017 3292 3327 3346 adolescens
3352 3293 3405 3345 in
3435 3288 3646 3355 civitate,
3667 3286 3743 3355 qui

508 3384 558 3426 et
590 3375 823 3429 habitavi
854 3375 908 3430 in
938 3378 1245 3433 solitudine.
1280 3379 1663 3447 Exspectabam
1698 3397 1820 3434 eum
1863 3383 1949 3450 qui
1978 3382 2088 3435 sal-

509 3487 629 3524 vum
659 3488 743 3527 me
772 3472 897 3528 facit
926 3489 955 3528 a
989 3475 1425 3543 pusillauitnitate
1471 3485 1525 3529 et
1573 3484 1887 3541 tempestate
1919 3475 2089 3547 (l’sal.

512 3566 640 3631 LIV).
684 3565 795 3621 lloc
835 3576 1014 3622 autem
1062 3567 1254 3622 accidit
1298 3568 1478 3622 multis
1524 3583 1735 3639 quoque
1782 3586 1847 3624 ex
1898 3571 2093 3624 nostris

517 3654 811 3722 fratribus,
881 3668 936 3713 et
993 3666 1213 3727 propter
1261 3659 1621 3729 arrogantiam
1687 3659 2003 3716 exciderunt
2064 3676 2094 3715 a

512 3758 699 3813 sc0po.

1089 3818 1314 3875 CAPUT
1346 3820 1531 3875 XLIV.

644 3926 892 3981 Narratio
920 3928 1116 3984 abbatis
1143 3930 1362 3985 Joannis
1386 3933 1449 3985 de
1477 3949 1534 3987 eo
1560 3933 1649 4004 qui
1678 3933 1851 4003 lapsus
1876 3944 1969 3989 est.

588 4018 719 4073 Erat
746 4020 919 4087 enim,
949 4023 1158 4092 inquit,
1194 4024 1411 4093 quidam
1442 4025 1736 4082 monachus
1773 4027 1863 4097 qui
1893 4028 1947 4081 in
1978 4043 2102 4097 pro-

514 4110 713 4179 pinqua
758 4113 1049 4167 solitudine
1096 4114 1322 4183 degebat
1370 4114 1424 4170 in
1478 4117 1771 4185 spelunca,
1800 4127 1855 4172 et
1881 4133 2097 4175 omnem

514 4201 822 4256 ostenderat
850 4205 1289 4259 exercitationem
1318 4246 1333 4271 ,
1370 4214 1426 4261 et
1457 4208 1688 4277 propriis
1726 4209 1973 4263 manibus
2007 4226 2100 4277 pa-

514 4302 636 4343 nem
666 4289 766 4342 sibi
797 4293 1070 4360 quaerebat
1090 4292 1283 4361 (lla/[2,
1315 4296 1402 4349 lib.
1430 4312 1464 4349 ll
1487 4336 1500 4361 ,
1540 4313 1659 4365 cap.
1694 4298 1769 4360 1).
1813 4298 2099 4370 Postquam

518 4388 695 4431 autem
729 4384 1021 4448 permansit
1049 4384 1099 4437 in
1127 4386 1458 4440 orationibus
1484 4428 1497 4449 ,
1530 4397 1583 4441 et
1633 4389 1858 4457 profecit
1889 4392 2098 4446 virtuti-

518 4467 637 4535 bus,
670 4470 722 4523 in
751 4472 928 4538 seipse
957 4473 1206 4542 deinceps
1240 4477 1428 4530 habuit
1472 4478 1717 4533 fiduciam
1744 4522 1758 4545 ,
1788 4480 1954 4537 fretus
1986 4482 2101 4551 pul-

517 4560 648 4613 chro
678 4576 787 4614 suae
818 4564 939 4617 vita:
968 4566 1229 4619 instituto.
1258 4567 1356 4633 Qui
1384 4581 1561 4623 autem
1593 4579 1784 4636 teutat,
1816 4587 1936 4627 eum
1967 4589 2098 4642 quo-

2200 3383 2364 3435 multa
2389 3382 2523 3435 mala
2548 3380 2776 3444 fecerat,
2801 3392 2853 3436 et
2874 3383 3104 3453 graviter
3130 3390 3439 3450 peccaverat
3460 3379 3629 3450 (Ruﬁ,
3653 3378 3734 3430 lib.

2199 3490 2266 3541 tt,
2298 3491 2413 3543 cap.
2445 3474 2530 3545 l).
2575 3475 2679 3543 Qui
2726 3476 2818 3530 Dei
2867 3485 3028 3538 nutu,
3083 3488 3304 3543 propter
3352 3474 3492 3527 multa
3536 3479 3725 3537 peccata

2198 3577 2571 3635 compunctus,
2604 3566 2826 3622 veniens
2854 3566 2919 3621 ad
2961 3567 3221 3635 sepulcra,
3260 3568 3474 3633 priorem
3495 3577 3620 3615 suam
3651 3560 3718 3612 vi-

2203 3670 2307 3715 tam
2338 3659 2579 3724 deﬂevit;
2628 3674 2823 3728 pronus
2867 3659 3062 3713 cadens
3093 3661 3142 3713 in
3184 3656 3371 3712 faciem
3395 3700 3408 3720 ,
3438 3665 3488 3711 et
3525 3671 3614 3709 non
3645 3667 3723 3704 au-

2199 3749 2333 3804 dens
2379 3764 2560 3804 Vocem
2593 3738 2877 3813 'emittere,
2929 3764 3029 3803 nec
3065 3749 3229 3803 Deum
3276 3750 3561 3809 nominare,
3589 3757 3737 3810 neque

2198 3841 2521 3909 supplicare,
2555 3839 2671 3907 ipsa
2703 3855 2915 3910 quoque
2943 3840 3046 3892 vita
3087 3841 3317 3907 scipsum
3362 3838 3620 3907 indignum
3648 3835 3744 3888 exi-

2200 3932 2445 3984 stimans.
2472 3931 2537 3984 Et
2559 3946 2681 3984 cum
2714 3943 2837 3985 ante
2868 3940 3091 3985 mortem
3120 3947 3179 3985 se
3202 3930 3499 3984 inclusisSet
3529 3930 3576 3983 in
3602 3927 3748 3996 sepul-

2199 4023 2306 4079 cris
2330 4033 2659 4077 mortuorum
2678 4062 2695 4087 ,
2724 4030 2779 4076 et
2816 4037 2966 4076 suam
2994 4023 3153 4076 vitam
3182 4021 3414 4088 diceret,
3441 4021 3672 4089 gemebat
3695 4032 3751 4071 ex

2200 4113 2465 4182 profundo
2489 4112 2689 4168 cordis.
2716 4113 2847 4167 Cum
2874 4113 2984 4181 jam
3011 4122 3185 4166 autem
3209 4113 3276 4165 ab
3300 4127 3365 4167 eo
3386 4123 3621 4182 tempore
3646 4124 3757 4179 pras-

2206 4207 2446 4261 teriisset
2491 4204 2846 4269 hebdomada,
2888 4214 3047 4259 noctu
3088 4204 3137 4259 ei
3186 4205 3445 4260 assistunt
3485 4205 3755 4266 daemones,

2201 4297 2290 4365 qui
2315 4296 2432 4367 ejus
2462 4299 2579 4351 vita:
2612 4296 2757 4364 prius
2782 4295 3032 4349 damnum
3061 4297 3377 4360 attulerant,
3405 4295 3692 4352 clamantes
3716 4301 3759 4345 et

2202 4390 2442 4444 dicentes
2468 4407 2480 4441 :
2512 4388 2611 4445 Ubi
2639 4398 2719 4443 est
2747 4388 2836 4444 ille
2864 4390 3122 4443 scelestus
3152 4398 3207 4443 et
3236 4388 3508 4458 profanus,
3544 4389 3631 4457 qui
3660 4386 3759 4440 libi-

2201 4481 2415 4536 dinibus
2445 4492 2497 4535 et
2545 4480 2772 4535 lasciviis
2811 4481 3122 4546 exsatialus,
3152 4493 3293 4533 nunc
3322 4479 3476 4533 nobis
3517 4477 3763 4544 intempe-

2205 4571 2400 4635 stivus,
2434 4579 2740 4638 temperans
2767 4577 2821 4621 et
2864 4568 3120 4622 honestus
3159 4578 3378 4635 repente
3407 4567 3683 4635 apparuit;
3723 4569 3765 4615 et

518 4668 640 4719 que,
672 4655 809 4708 sicut
834 4654 955 4721 Job,
984 4656 1201 4724 expetiit
1231 4660 1294 4712 ad
1327 4662 1637 4715 tentandum
1665 4702 1681 4729 ,
1714 4672 1767 4716 et
1795 4665 1842 4718 ei
1873 4680 2097 4734 vespere
2132 4650 2183 4709 D
2206 4660 2420 4728 quando
2449 4674 2553 4712 non
2588 4667 2762 4728 potest
2804 4659 3051 4727 amplius,
3081 4667 3206 4712 tunc
3233 4658 3343 4711 vult
3379 4674 3497 4712 esse
3528 4654 3768 4711 Christia-

521 4742 722 4809 praabet
770 4742 1099 4811 phantasiam
1148 4746 1396 4803 formosa:
1443 4751 1680 4805 mulieris
1728 4755 1954 4807 errantis
2007 4772 2101 4824 per

519 4833 883 4888 solitudinem.
928 4837 1056 4900 Qum
1093 4852 1212 4891 cum
1251 4843 1446 4892 ost'um
1497 4842 1787 4896 invenisset
1817 4855 2057 4911 apertum
2082 4889 2097 4913 ,

521 4925 755 4993 ingressa
782 4937 863 4981 est
889 4929 1232 4997 speluncam;
1280 4940 1333 4984 et
1378 4934 1736 5000 procumbens
1783 4937 1848 4990 ad
1883 4937 1981 4991 viri
2014 4954 2105 5008 ge-

521 5033 647 5084 nua,
677 5019 825 5087 petiit
854 5027 910 5074 ut
937 5021 1037 5074 sibi
1069 5022 1177 5075 illic
1207 5024 1392 5078 liceret
1417 5026 1718 5093 quiescere,
1750 5037 1934 5095 utpote
1955 5032 2097 5097 quod

520 5125 625 5163 nox
671 5127 790 5165 eam
834 5114 1296 5181 apprehendisset.
1329 5116 1418 5169 Ille
1446 5127 1623 5172 autem
1664 5133 1783 5172 cum
1815 5120 1931 5187 ejus
1959 5132 2101 5177 esset

520 5203 807 5268 misertus,
840 5206 983 5273 quod
1025 5206 1240 5273 quidem
1274 5222 1378 5260 non
1408 5207 1624 5271 debuit,
1658 5224 1775 5261 eam
1805 5210 2013 5261 admisit
2048 5210 2099 5265 in

520 5294 849 5361 speluncam,
877 5304 931 5349 et
967 5299 1036 5349 de
1065 5311 1248 5351 errore
1290 5297 1432 5350 illam
1482 5309 1564 5352 est
1612 5308 1976 5366 percontatus.
2010 5302 2100 5356 llla

522 5400 649 5439 vero
670 5397 719 5439 et
746 5385 999 5452 narravit,
1025 5393 1079 5439 et
1102 5387 1288 5439 blanda
1317 5402 1379 5440 ac
1406 5385 1610 5441 fallacia
1641 5390 1799 5442 verba
1829 5391 2101 5457 inspersit,

519 5485 575 5529 et
602 5490 903 5529 sermonem
931 5475 1019 5528 ditt
1049 5491 1166 5529 cum
1198 5492 1261 5529 eo
1291 5480 1569 5544 protraxit.
1601 5478 1736 5533 Eum
1763 5491 1940 5537 autem
1973 5496 2101 5536 sen-

522 5568 622 5619 sim
656 5570 834 5621 nescio
856 5567 1122 5636 quomodo
1141 5568 1440 5636 pelliciebat
1460 5570 1524 5623 ad
1550 5585 1815 5637 amorem;
1844 5574 2102 5644 pluraque

522 5658 779 5728 deinceps
804 5661 962 5713 verba
988 5662 1123 5715 inter
1153 5676 1212 5715 se
1235 5672 1556 5728 conserunt,
1587 5663 1865 5733 ridentque
1892 5681 1953 5719 ac
1976 5666 2105 5720 sub-

527 5749 738 5815 rideut,
792 5766 1020 5815 cumque
1066 5752 1177 5817 ipsa
1238 5755 1406 5807 multo
1455 5769 1701 5808 sermone
1757 5757 2002 5823 seduxit,
2054 5767 2108 5813 et

532 5836 724 5891 deinde
771 5842 1192 5895 contrectatione
1242 5858 1428 5896 manus
1458 5854 1510 5897 et
1540 5843 1719 5898 barba:
1750 5855 1803 5899 et
1843 5850 2103 5908 cervicis;

2206 4765 2325 4811 nus,
2359 4760 2411 4805 et
2456 4749 2637 4819 probis
2685 4750 3100 4818 compositisque
3147 4749 3424 4802 moribus?
3454 4748 3767 4816 Ecquidnam

2206 4839 2299 4894 tibi
2332 4840 2451 4895 boni
2483 4843 2712 4907 amplius
2741 4839 2976 4893 futurum
3007 4851 3306 4909 exspectas,
3336 4856 3455 4894 cum
3484 4842 3558 4893 sis
3586 4838 3777 4895 nostris

2207 4933 2361 4986 malis
2390 4932 2674 5000 impletus?
2708 4931 2821 4984 Non
2855 4932 2978 4985 hinc
3004 4933 3109 4985 cito
3136 4933 3431 5002 exsul-ges?
3457 4930 3571 4983 Non
3601 4929 3775 4982 Vt-nies

2206 5025 2274 5079 ad
2295 5040 2354 5079 ea
2382 5040 2501 5092 quae
2526 5035 2651 5078 sunt
2677 5024 2950 5079 nobiscum
2979 5026 3265 5079 consueta?
3293 5035 3342 5078 te
3370 5032 3582 5077 manent
3606 5033 3775 5077 scorta

2208 5124 2260 5170 et
2287 5130 2575 5183 caupones.
2608 5116 2721 5168 Non
2752 5119 2953 5181 venies,
2981 5127 3034 5171 et
3060 5117 3247 5170 frueris
3278 5116 3637 5185 cupidinibus,
3668 5128 3774 5169 cutn

2207 5206 2276 5260 sit
2296 5215 2484 5260 cuncta
2508 5206 2611 5259 alia
2640 5206 2732 5261 tibi
2759 5221 2881 5276 spes
2902 5207 3197 5261 exstincta‘l
3223 5208 3382 5261 Velox
3410 5205 3472 5259 ad
3502 5215 3552 5259 te
3572 5221 3777 5259 otnmno

2210 5301 2383 5353 veniet
2406 5299 2696 5368 judicium,
2728 5301 2816 5368 qui
2847 5301 2923 5353 sic
2955 5303 3177 5368 teipsum
3212 5298 3449 5367 perimis.
3474 5299 3540 5352 Et
3567 5314 3667 5353 cur
3692 5299 3779 5351 mi-

2211 5406 2302 5446 ser
2333 5392 2556 5445 festinas
2587 5392 2651 5444 ad
2680 5391 3040 5459 supplicium?
3064 5407 3157 5444 cur
3182 5399 3356 5443 autem
3387 5389 3663 5442 contendis
3697 5388 3778 5442 tibi

2214 5499 2399 5553 poenas
2440 5484 2594 5537 citius
2634 5482 2903 5550 inﬂigere?
2932 5483 3194 5550 Multaque
3234 5482 3334 5534 alia
3378 5481 3653 5537 dicentes:
3688 5481 3781 5533 No-

2213 5584 2322 5628 ster
2348 5589 2426 5639 es,
2470 5575 2520 5627 in
2567 5584 2804 5627 nostrum
2849 5575 3089 5627 ordinem
3129 5589 3189 5627 es
3234 5575 3451 5639 relatus,
3497 5572 3781 5627 exercuisti

2213 5682 2424 5720 omnem
2465 5666 2822 5734 iniquitatem.
2853 5666 2929 5718 Tu
2957 5681 3015 5720 es
3047 5666 3200 5718 nobis
3230 5665 3472 5719 omnibus
3499 5667 3777 5732 obnoxius,

2214 5766 2268 5810 et
2309 5758 2474 5811 audes
2505 5757 2717 5825 lugere?
2749 5770 2852 5809 non
2891 5755 3233 5810 assentieris?
3272 5771 3376 5809 non
3410 5754 3783 5825 respondebis?

2217 5863 2321 5901 non
2353 5848 2506 5901 simul
2539 5848 2865 5915 egredieris?
2897 5847 3175 5914 Postquam
3210 5856 3384 5901 autem
3413 5846 3501 5901 ille
3536 5857 3783 5900 constans
