4028 6440
403 432 538 487 “9.5

1678 429 1997 484 HISTORIA
2041 429 2400 484 LAUSIACA.

3515 433 3652 490 “26

396 547 448 602 In
488 545 717 611 ﬂetibus,
751 560 816 599 ne
863 559 1017 600 aures
1055 544 1266 614 quidem
1312 543 1392 597 eis
1442 541 1737 608 przebebat,
1768 549 1822 595 et
1868 555 1966 594 nec
1996 543 2047 600 Α
2073 555 2192 609 qua:
2223 555 2336 594 non
2357 548 2646 596 cernuntur
2671 549 2726 597 et
2751 551 3053 611 sperantur,
3087 551 3141 598 et
3183 557 3353 610 neque
3391 543 3654 600 diuturni-

398 638 616 691 verbum
643 636 996 706 respondebat
1014 650 1132 689 eum
1155 634 1242 686 diu
1273 633 1580 702 urgentibus
1602 631 1968 696 darmonibus;

398 738 699 795 postquam,
751 728 996 795 inquam,
1051 722 1182 779 nihil
1227 724 1548 789 eﬂ'ecerunt,
1601 722 1785 776 eadem
1827 735 1970 790 saepe

395 815 469 870 illi
501 818 758 886 dicentes,
789 824 1109 884 acceperunt
1145 830 1266 869 eum
1300 814 1424 868 mali
1455 823 1510 869 et
1553 827 1734 880 turpes
1773 813 1973 866 daemo-

401 921 515 974 nes,
561 916 614 961 et
661 917 827 961 totum
872 908 987 975 ejus
1032 922 1226 972 corpus
1276 906 1415 960 male
1476 907 1794 968 mu!taruut,
1846 920 1969 960 eum

400 999 630 1064 graviter
668 998 845 1067 ﬂagris
875 999 1174 1062 credentes;
1209 1007 1261 1050 et
1291 1011 1410 1050 cum
1441 1011 1564 1050 eum
1596 997 1826 1066 graviter
1858 1007 1966 1049 tor-

399 1086 627 1151 sissent,
659 1087 900 1141 abierunt
940 1101 1004 1140 eo
1036 1087 1224 1142 rel-ieto
1265 1088 1629 1140 semimortuo.
1664 1085 1756 1140 Ille
1793 1095 1968 1140 autem

402 1175 566 1228 nihilo
615 1177 786 1229 secius
839 1175 1122 1229 immobilis
1172 1173 1383 1244 jacebat
1430 1175 1516 1229 ubi
1564 1189 1686 1228 eum
1734 1174 1967 1244 relique-

397 1271 550 1328 runt,
601 1279 783 1317 rursus
838 1279 1057 1333 gemens
1107 1273 1386 1334 postquam
1439 1265 1675 1318 animum
1735 1265 1968 1336 college—

399 1359 500 1404 rat.
531 1350 663 1405 Cum
709 1363 881 1406 autem
911 1352 1024 1422 ejus
1067 1353 1350 1406 necessarii
1393 1369 1514 1407 eum
1561 1353 1972 1422 investigassent

397 1452 452 1496 et
493 1443 849 1512 invenissent,
879 1455 934 1500 et
963 1460 1174 1499 eausam
1220 1445 1335 1513 ejus
1375 1445 1514 1514 quod
1546 1447 1711 1514 ipsius
1754 1445 1968 1514 coipori

394 1536 656 1590 acciderat
680 1536 1022 1602 didicissent,
1051 1537 1308 1605 rogabant
1347 1551 1467 1592 eum
1498 1545 1556 1592 ut
1581 1537 1797 1591 domum
1829 1538 1969 1592 redi-

394 1639 476 1684 ret
501 1647 514 1685 :
543 1631 588 1684 is
626 1641 800 1684 autem
843 1645 965 1686 cum
994 1631 1094 1686 vim
1127 1631 1174 1685 ei
1203 1646 1344 1698 smpe
1375 1631 1712 1696 attulissent,
1750 1631 1966 1685 restitit.

394 1717 600 1773 Rursus
644 1729 817 1774 autem
863 1720 1107 1788 sequenti
1140 1729 1297 1775 nocte
1326 1735 1446 1775 eum
1477 1719 1666 1774 iisdem
1693 1721 1761 1774 de
1789 1721 1966 1775 causis

393 1811 542 1878 pejus
569 1827 724 1878 quam
759 1812 899 1880 prius
929 1811 1221 1866 alleccrunt
1244 1812 1545 1876 dtrmones;
1577 1819 1629 1865 et
1656 1827 1722 1866 ne
1746 1811 1822 1864 sic
1849 1813 1970 1880 qui-

388 1901 508 1956 dem
557 1904 672 1971 ejos
715 1902 1091 1971 consanguinei
1135 1902 1182 1957 ei
1233 1903 1553 1970 persuadent
1597 1911 1654 1957 ut
1700 1904 1960 1972 emigrct,
1995 1895 2041 1954 B

387 1990 572 2046 dicens
601 1997 764 2044 satius
806 2008 926 2047 esse
954 1995 1083 2046 mori
1113 2010 1268 2061 quam
1297 1996 1480 2048 vivere
1521 1995 1573 2048 in
1614 1994 1803 2048 talibus
1838 1995 1962 2048 vitae

387 2084 630 2137 rnacudis.
663 2084 838 2137 Tertia
869 2099 971 2138 nox
1010 2085 1388 2153 propemodum
1434 2085 1555 2140 fecit
1595 2095 1653 2138 ιιι
1679 2085 1963 2141 excederet

386 2174 454 2228 ab
477 2173 798 2241 hominibus,
819 2190 937 2230 cum
961 2175 1259 2230 crudelibus
1288 2177 1563 2229 tormentis
1586 2177 1638 2230 in
1663 2191 1784 2230 eum
1809 2176 1958 2230 inva~

387 2264 583 2316 sissent
611 2263 901 2325 daemones,
932 2271 986 2318 et
1024 2281 1145 2318 eum
1176 2277 1456 2320 vexassent
1498 2281 1665 2334 usque
1694 2268 1758 2320 ad
1786 2276 1960 2322 extre-

390 2366 533 2403 mum
579 2352 840 2419 Spiritum.
887 2351 1173 2420 Postquam
1205 2363 1380 2407 autem
1413 2356 1656 2409 viderunt
1685 2371 1807 2410 eum
1857 2373 1959 2412 non

385 2439 741 2505 concessisse,
789 2453 1160 2505 recesserunt,
1209 2441 1422 2496 homine
1468 2440 1656 2498 relicto
1700 2447 1957 2500 exanimi.

387 2527 714 2584 Recedentes
743 2531 918 2599 itaque
942 2531 1324 2599 exclamatum,
1350 2533 1587 2588 dicentes
1613 2551 1628 2588 :
1657 2536 1859 2599 Vicisti,
1887 2537 1962 2589 vi-

385 2615 532 2682 cisti,
560 2618 757 2673 vicisti.
782 2621 961 2690 Neque
985 2623 1032 2675 ei
1064 2624 1286 2692 amplius
1314 2622 1514 2692 aliquid
1540 2625 1663 2678 mali
1688 2628 1954 2689 occurrit;

383 2708 477 2762 sed
506 2709 557 2764 iit
592 2711 874 2778 purissimo
903 2714 1148 2782 sepulcro
1180 2730 1310 2779 pure
1341 2715 1594 2770 habitavit
1631 2718 1756 2770 dum
1791 2719 1956 2780 vixit,

385 2815 569 2869 puram
597 2817 853 2858 exercens
881 2805 1151 2859 virtutem.
1187 2806 1234 2860 Is
1265 2807 1372 2861 Deo
1405 2821 1613 2876 quoque
1642 2807 1739 2861 fuit
1772 2808 1962 2878 pretio-

382 2909 496 2959 sus,
533 2906 586 2950 et
626 2895 928 2962 virtutibus,
974 2899 1342 2954 miraculorum
1381 2900 1780 2964 el’feetionibus;
1822 2902 1954 2956 adeo

383 2996 440 3039 ut
472 2996 524 3039 rt
555 2989 745 3042 multos
776 2990 826 3043 in
850 2990 1250 3045 admirationem
1283 2991 1580 3059 induxerit,
1610 3005 1662 3048 et
1693 2996 1754 3046 ad
1783 2997 1952 3047 z-zlum

382 3078 669 3133 adduxerit
697 3089 751 3135 et
777 3082 1164 3135 simulationem
1195 3083 1537 3138 honestorum
1570 3086 1951 3138 institutarum.

382 3168 512 3224 Ilinc
545 3171 736 3224 factum
781 3181 863 3227 est
908 3184 965 3227 ut
1011 3175 1159 3228 multi
1206 3191 1412 3244 utroque
1451 3192 1516 3230 cx
1565 3176 1629 3230 iis
1667 3179 1753 3245 qui
1785 3178 1850 3229 de
1895 3193 1953 3230 se

2077 641 2182 687 tate
2202 633 2252 686 ei
2295 645 2488 700 corpus
2508 632 2897 699 macerabatur,
2918 646 3088 701 neque
3107 634 3365 688 mterebat
3386 633 3655 704 tristisque

2073 731 2189 777 erat
2211 721 2411 785 anima,
2429 722 2522 776 sed
2546 722 2597 775 in
2620 721 2849 791 quodam
2873 723 3096 777 honesto
3114 739 3173 776 ac
3191 724 3493 778 Venerando
3512 733 3654 780 statu

2075 814 2273 868 bonum
2302 812 2530 867 habebat
2553 812 2812 867 habitum.
2838 813 3034 868 Verum
3064 815 3338 868 enimvero
3367 815 3506 870 Deus
3529 831 3652 871 eum

2074 904 2379 966 honoraris,
2431 915 2550 972 post
2603 905 2918 972 praeﬁnitum
2971 907 3224 973 temporis
3273 905 3640 962 intervallum.

2072 993 2232 1049 dabat
2254 993 2302 1048 ei
2326 1009 2486 1060 super
2513 1008 2749 1047 mensam
2778 1009 2967 1064 panem
2996 994 3220 1048 duorum
3249 995 3329 1050 vel
3359 996 3512 1049 trium
3544 996 3654 1051 die-

2073 1102 2210 1150 rum.
2241 1095 2298 1140 ut
2322 1094 2376 1140 et
2405 1086 2694 1150 videretur,
2721 1095 2774 1139 et
2803 1096 2974 1150 esset,
3007 1095 3059 1140 et
3086 1101 3152 1140 eo
3182 1095 3436 1139 uteretur.
3471 1086 3534 1140 Et
3565 1087 3650 1140 in-

2071 1177 2316 1246 gradiens
2344 1177 2396 1230 in
2428 1177 2774 1244 speluncam,
2807 1177 3016 1245 quando
3045 1177 3309 1231 sentiebat
3347 1193 3542 1245 corpus
3570 1179 3653 1231 in-

2070 1275 2272 1342 digere,
2314 1272 2616 1328 inveniebat
2662 1275 3063 1326 nutrimentum.
3109 1273 3175 1326 Et
3218 1287 3339 1326 cum
3373 1273 3652 1328 adorasset

2069 1376 2124 1422 et
2149 1367 2324 1422 cibum
2355 1373 2670 1432 sump3isset
2690 1405 2704 1429 ,
2737 1363 2946 1433 hymnis
2989 1379 3172 1418 rursus
3202 1363 3496 1429 fruebatur,
3528 1379 3650 1432 per-

2069 1471 2325 1512 severans
2358 1457 2408 1509 in
2442 1457 2689 1523 precibus
2719 1464 2771 1508 et
2800 1455 3269 1522 contemplatione,
3299 1455 3351 1508 in
3389 1456 3503 1509 dies
3531 1471 3651 1525 ger-

2070 1550 2298 1615 minans,
2323 1557 2379 1603 et
2406 1564 2465 1604 se
2490 1549 2702 1602 tradens
2731 1549 2979 1618 praesenti
3012 1547 3191 1600 virtuti
3215 1557 3267 1602 et
3295 1546 3485 1601 futurae
3509 1548 3645 1615 spei,

2069 1654 2280 1707 semper
2313 1641 2476 1708 magis
2505 1642 2774 1710 magisque
2808 1642 3148 1710 progrediens
3174 1659 3187 1708 ;
3219 1652 3272 1696 et
3301 1641 3413 1697 fere
3440 1643 3547 1710 jam
3577 1642 3644 1694 de

2069 1730 2279 1784 meliori
2310 1744 2403 1784 sua
2435 1740 2579 1785 sorte
2606 1732 2907 1784 conﬁdebat.
2927 1775 2942 1798 ,
2984 1741 3230 1800 tanquam
3255 1734 3365 1800 jam
3396 1747 3514 1787 eam
3549 1735 3645 1785 lia-

2071 1822 2223 1876 beret
2253 1823 2305 1876 in
2338 1825 2580 1878 manibus
2607 1840 2620 1878 :
2649 1825 2786 1891 quod
2831 1826 2990 1878 etiam
3034 1823 3131 1878 fuit
3161 1826 3209 1879 ei
3251 1839 3408 1879 causa
3441 1825 3640 1892 lapsus,

2069 1927 2190 1966 cum
2223 1915 2606 1981 propemodum
2638 1913 2905 1968 excideret
2934 1931 3029 1983 per
3057 1930 3172 1968 eam
3203 1931 3318 1983 quae
3348 1916 3518 1983 ipsum
3552 1930 3645 1982 po-

2067 2010 2181 2054 stea
2210 2001 2398 2054 invasit
2427 2002 2787 2056 tentationem.
2817 2004 2948 2070 Quid
2973 2004 3112 2058 enim
3145 2019 3247 2059 non
3276 2005 3501 2058 dicimus
3522 2005 3640 2072 ejus

2067 2107 2187 2146 eum
2228 2094 2314 2161 qui
2355 2108 2522 2162 prope
2554 2095 2648 2148 fuit
2676 2095 2896 2148 casum?
2927 2095 3210 2164 Postquam
3237 2095 3378 2149 enim
3407 2096 3472 2149 ad
3504 2097 3637 2148 hanc

2067 2184 2327 2252 processit
2355 2186 2762 2253 cogitationem,
2808 2186 3057 2253 paulatim
3093 2187 3400 2256 imprudens
3438 2202 3504 2241 eo
3545 2187 3641 2241 de-

2065 2275 2244 2338 venit,
2276 2284 2332 2350 ιι)
2375 2275 2705 2330 existimaret
2746 2289 2804 2330 se
2833 2291 2953 2330 esse
2985 2277 3145 2344 pluris
3189 2293 3344 2346 quant
3390 2278 3546 2346 alios,
3588 2286 3644 2332 et

2060 2363 2170 2433 jam
2200 2367 2369 2431 majus
2402 2366 2523 2436 quid
2552 2367 2824 2434 possidere
2847 2382 3003 2436 quam
3031 2368 3117 2420 alii
3150 2368 3420 2432 homines;
3444 2380 3498 2422 et
3519 2383 3640 2424 cum

2068 2457 2184 2510 talis
2213 2465 2385 2520 esset,
2411 2456 2519 2524 jam
2551 2456 2802 2522 deinceps
2833 2455 2884 2509 in
2924 2456 3102 2524 seipso
3145 2455 3326 2509 habuit
3367 2456 3636 2509 fiduciam.

2065 2549 2125 2603 Ei
2177 2563 2302 2617 ergo
2340 2547 2573 2617 gignitur
2613 2547 2750 2600 baud
2794 2547 2864 2600 ita
2914 2547 3000 2601 diu
3052 2555 3170 2614 post
3217 2549 3442 2614 primum
3476 2561 3636 2614 parva

2063 2639 2303 2708 quaadam
2332 2639 2492 2692 animi
2523 2640 2792 2705 remissio,
2819 2649 2878 2693 ut
2901 2653 2966 2693 ne
2987 2639 3254 2693 videretur
3278 2640 3490 2706 quidem
3517 2652 3638 2692 esse

2064 2730 2328 2783 remissio.
2361 2729 2563 2784 Deinde
2601 2733 2769 2784 oritur
2815 2731 2984 2799 major
3027 2731 3366 2800 negligentia,
3398 2745 3515 2798 qua:
3543 2728 3638 2784 de-

2062 2819 2187 2875 inde
2226 2835 2457 2888 eousque
2489 2836 2766 2889 progressa
2794 2831 2874 2874 est
2902 2831 2957 2874 ut
2985 2822 3305 2886 sentiretur;
3336 2835 3456 2873 nam
3483 2828 3540 2873 et
3567 2833 3634 2874 ex

2062 2925 2250 2965 somno
2292 2911 2490 2965 tardius
2520 2912 2770 2980 surgebat
2798 2915 2864 2965 ad
2913 2913 3158 2982 hymnos,
3189 2921 3242 2966 et
3269 2919 3422 2964 erant
3451 2923 3638 2980 preces

2063 3004 2218 3071 paulo
2247 3002 2545 3069 otiosiores,
2583 3016 2679 3056 nec
2710 3003 2935 3072 hymnus
2965 3005 3098 3056 adeo
3131 3002 3395 3071 prolixus,
3428 3011 3482 3054 et
3511 3001 3638 3058 dicit

2061 3097 2106 3148 ei
2138 3095 2311 3147 anima
2341 3109 2398 3148 se
2433 3095 2569 3148 velle
2601 3093 2953 3164 requiescere,
2983 3103 3036 3149 et
3067 3111 3216 3149 mens
3247 3097 3296 3150 ei
3329 3097 3549 3158 annuit;
3580 3104 3636 3148 et

2061 3188 2387 3242 ﬂuctuabant
2411 3199 2465 3242 et
2505 3191 2830 3258 vagabantur
2859 3189 2910 3244 ei
2939 3189 3307 3259 cogitationes,
3335 3199 3389 3243 et
3409 3187 3519 3258 jam
3547 3202 3638 3243 oc-

379 3261 532 3315 valde
561 3263 987 3331 desperaverant,
1021 3266 1184 3318 bonas
1217 3266 1454 3320 actiones
1484 3269 1713 3334 aggressi
1744 3267 1870 3330 sint,
1899 3275 1953 3319 et
1983 3261 2026 3322 (ἶ
2057 3280 2197 3335 cum;
2223 3281 2420 3349 aliquid
2465 3282 2682 3335 absumi
2727 3282 3097 3336 meditabatur,
3141 3281 3246 3337 sed
3281 3281 3426 3350 ρι-ῖοτ
3452 3294 3636 3333 assae-

381 3364 441 3404 se
471 3363 614 3406 recte
659 3355 955 3421 gesserint,
988 3355 1168 3423 eisque
1217 3355 1407 3409 factum
1441 3367 1522 3411 est
1549 3357 1599 3410 id
1640 3358 1777 3426 quod
1825 3358 1952 3412 dicit

381 3441 649 3510 Serip'ura
685 3461 698 3496 :
731 3443 918 3499 Omnis
948 3447 1036 3514 qui
1083 3448 1314 3514 scipsum
1357 3448 1597 3501 humiliat
1635 3449 1953 3502 exaltabitur

382 3531 555 3595 (Luae
583 3534 713 3602 xiv).
742 3535 1012 3604 Przecipue
1035 3553 1179 3606 ergo,
1205 3553 1237 3590 o
1266 3539 1376 3604 lilii,
1407 3553 1750 3594 exerceamus
1784 3540 1953 3593 humi-

382 3621 614 3687 litatem,
645 3640 761 3692 quae
789 3635 871 3679 est
901 3627 1294 3680 fundamentum
1328 3629 1552 3696 primum
1584 3631 1819 3683 omnium
1848 3633 1955 3685 vir-

385 3721 571 3766 tutum.
606 3717 766 3769 Nobis
794 3726 969 3770 autem
1001 3720 1221 3772 multum
1253 3734 1462 3788 quoque
1488 3720 1696 3775 confert
1723 3723 1952 3777 solitudo

382 3802 585 3872 longior
611 3818 664 3860 et
689 3807 962 3862 remotior.

943 3922 1164 3977 CAPUT
1206 3923 1384 3978 XLVI.

381 4031 496 4084 Alia
527 4033 756 4086 narratio
786 4035 977 4088 abbatis
1004 4037 1241 4118 Joannis,
1269 4041 1330 4118 de
1351 4054 1406 4091 eo
1432 4041 1517 4105 qui
1549 4041 1740 4108 lapsus,
1773 4041 1953 4093 ductus

958 4119 1028 4160 est
1059 4111 1373 4176 paenitentia.

453 4193 574 4248 Fuit
599 4198 737 4250 enim
770 4198 904 4250 alius
947 4215 1158 4268 quoque
1192 4201 1482 4255 monachus
1511 4202 1600 4268 qui
1647 4203 1953 4257 ulteriorem

379 4295 662 4354 occuparat
709 4289 1082 4354 solitudinem,
1128 4304 1178 4344 et
1221 4293 1399 4346 multis
1440 4294 1595 4348 annis
1636 4311 1696 4349 se
1735 4306 1878 4351 recte
1905 4308 1958 4350 et

378 4392 443 4430 ex
489 4381 679 4434 virtute
723 4392 962 4448 gesserat
1011 4382 1206 4451 (Ilii/l2,
1234 4385 1321 4437 lib.
1351 4401 1416 4450 tl,
1445 4401 1558 4455 cap.
1591 4386 1668 4450 l).
1699 4388 1798 4454 Qui
1831 4403 1951 4441 cum

379 4480 519 4525 esset
557 4471 808 4541 deinceps
853 4476 1003 4528 senio
1045 4476 1338 4541 conlectus,
1372 4480 1672 4531 tentabatur
1700 4495 1728 4532 a
1759 4480 1958 4532 dmino-

383 4577 505 4613 tunn
553 4556 774 4618 insidiis.
823 4565 1104 4619 Silentium
1155 4569 1298 4622 enim
1343 4570 1494 4623 valde
1540 4571 1956 4638 amplectebatur

2059 3372 2218 3424 factio
2251 3371 2422 3425 adhuc
2447 3373 2852 3426 exercitatorem
2885 3371 3278 3441 quodammodo
3307 3370 3636 3434 abducebat.

2054 3461 2216 3514 veluti
2241 3463 2452 3529 quidam
2479 3473 2650 3516 motus
2674 3477 2738 3515 ex
2772 3462 2931 3530 priori
2961 3461 3048 3514 illa
3077 3461 3405 3526 incitatione,
3431 3469 3484 3514 et
3509 3474 3630 3514 eum

2058 3550 2269 3603 interim
2298 3552 2665 3604 conservabat.
2695 3551 2759 3604 Et
2782 3551 3064 3619 aliquando
3091 3561 3212 3620 post
3237 3552 3423 3605 solitas
3451 3565 3639 3620 preces

2056 3645 2326 3713 ingressus
2350 3658 2591 3712 vespere,
2624 3644 2824 3697 invenit
2854 3657 3041 3710 panem
3068 3657 3228 3710 super
3255 3656 3515 3704 mensam,
3540 3641 3630 3709 qui

2058 3736 2104 3788 ei
2149 3733 2582 3802 suppeditabatur
2623 3732 2899 3797 divinitus,
2930 3742 2983 3786 et
3010 3747 3069 3786 se
3113 3731 3315 3786 reiecit.
3350 3730 3472 3797 Quo
3501 3739 3634 3784 tem-

2061 3842 2186 3893 pore
2215 3840 2311 3880 nec
2337 3826 2452 3880 illas
2475 3825 2830 3879 exsecrabiles
2853 3824 3046 3891 abjecit
3065 3821 3433 3890 cogitationes,
3461 3835 3633 3886 neque

2061 3918 2326 3985 reputavit
2368 3917 2596 3970 animum
2632 3915 2752 3969 laedi
2784 3930 2814 3967 a
2843 3914 3260 3979 contemptione,
3294 3927 3465 3980 neque
3506 3925 3636 3963 con-

2063 4024 2246 4062 vorsus
2272 4009 2446 4062 estad
2494 4007 2831 4076 quznrcndam
2865 4006 2990 4060 mali
3032 4006 3388 4068 curationem;
3421 4003 3511 4056 sed
3544 4017 3638 4070 pa-

2061 4118 2176 4156 rum
2219 4102 2371 4154 duxit
2418 4115 2601 4168 parum
2629 4101 2817 4153 abesse
2847 4098 3127 4165 quominus
3175 4095 3442 4150 excideret
3471 4092 3537 4146 ab
3569 4091 3634 4145 iis

2060 4213 2177 4266 qua:
2205 4195 2358 4250 decet
2401 4194 2596 4247 Iacere.
2645 4196 2810 4249 Amor
2848 4194 3021 4260 itaque
3051 4190 3350 4260 cupiditatis
3391 4203 3511 4242 eum
3552 4201 3638 4239 ra-

2062 4297 2209 4357 ptum
2243 4287 2564 4356 cogitatione
2595 4285 2646 4338 in
2697 4285 2963 4353 regionem
3004 4283 3228 4335 abduxit
3273 4280 3636 4333 habitabilem.

2061 4379 2195 4433 Cum
2223 4394 2282 4432 se
2314 4389 2488 4431 tamen
2521 4377 2730 4430 interim
2776 4375 3105 4429 cohibuisset
3140 4373 3191 4426 in
3223 4373 3361 4427 diem
3404 4384 3638 4438 sequen-

2064 4482 2203 4535 tem,
2237 4468 2300 4520 ad
2331 4477 2638 4522 consuetam
2688 4478 2975 4519 conversus
3021 4462 3486 4526 exercitationem,
3519 4473 3638 4513 cum

2062 4560 2270 4613 orassﬂ.’
2315 4569 2367 4613 et
2414 4559 2638 4628 hymnos
2685 4557 2941 4621 dixisset,
2982 4555 3249 4623 ingressus
3296 4556 3640 4620 Speluncam,

383 4653 722 4716 exercitator,
755 4663 810 4707 et.
853 4656 908 4709 in
958 4657 1286 4711 orationibus
1323 4668 1377 4712 et
1427 4636 1644 4728 hymnis
1681 4671 1734 4714 et
1777 4664 1954 4716 multis
1985 4636 2036 4694 υ
2063 4652 2262 4706 iuvet!“
2293 4651 2504 4719 quidem
2539 4665 2725 4718 Panem
2757 4649 2856 4704 Sibi
2886 4649 3219 4716 πβροείῑυῐη,
3252 4647 3342 4700 sed
3388 4661 3490 4697 "0"
3535 4653 3641 4696 iam

384 4745 918 4813 contemplationibus
943 4749 1083 4800 diem
1110 4750 1451 4818 transigebat,
1478 4760 1532 4804 et
1555 4751 1783 4806 visiones
1810 4769 1958 4821 quas-

383 4835 502 4887 dam
533 4835 739 4889 divinas
778 4838 920 4891 clare
950 4839 1190 4903 videbat,
1227 4842 1416 4907 partim
1462 4842 1676 4910 quidem
1709 4845 1953 4912 vigilans,

387 4928 569 4992 partim
601 4942 726 4981 vero
752 4930 910 4981 etiam
941 4929 993 4982 in
1021 4933 1253 4996 somnis;
1289 4944 1340 4985 et
1366 4935 1537 4987 somni
1575 4936 1955 5002 propemodum

384 5029 574 5084 expers
605 5020 878 5072 tenebatur
901 5036 929 5073 a
957 5020 1056 5073 vita
1089 5023 1421 5091 incorporea,
1452 5042 1554 5077 non
1581 5034 1775 5080 terram
1809 5029 1958 5093 plan-

391 5116 524 5168 taus,
568 5123 737 5176 neque
783 5111 950 5163 victus
991 5111 1146 5163 ullam
1191 5128 1370 5166 curam
1414 5130 1628 5182 gerens,
1683 5131 1854 5184 neque
1902 5115 1956 5171 in

390 5197 577 5259 plantis
608 5214 850 5265 qua-rens
882 5201 1020 5267 quod
1063 5204 1240 5269 egenti
1288 5205 1546 5270 pratbcret
1587 5208 1817 5273 corpori.
1852 5207 1958 5262 Sed

388 5300 557 5352 neque
586 5290 765 5340 avium
807 5292 1120 5356 aucupium,
1154 5307 1326 5359 neque
1358 5294 1521 5346 ullum
1552 5295 1748 5347 animal
1782 5311 1962 5362 perse-

385 5377 674 5442 quebatur;
708 5380 800 5430 sed
834 5378 1024 5432 fiducia
1057 5381 1260 5448 plenus,
1298 5398 1360 5434 ex
1394 5399 1496 5451 quo
1528 5400 1590 5436 ex
1623 5385 1841 5453 regione
1870 5385 1963 5438 ha-

387 5466 587 5518 bitahili
620 5469 742 5522 illuc
784 5477 1064 5538 migrarat,
1109 5473 1308 5525 nullam
1347 5473 1576 5528 habebat
1615 5475 1872 5531 rationem
1906 5487 1962 5530 ut

387 5553 435 5606 ei
469 5569 801 5620 permaneret
822 5577 1014 5629 corpus
1037 5566 1292 5617 nutritum
1315 5605 1328 5626 ,
1357 5566 1449 5619 sed
1477 5567 1715 5620 omnium
1743 5569 1958 5632 oblitus,

389 5660 445 5698 se
479 5647 708 5714 perfecto
733 5654 1024 5706 sustinebat
1053 5657 1104 5707 in
1143 5655 1306 5709 Deum
1334 5655 1618 5720 desiderio,
1647 5671 1963 5725 exspectans

392 5737 756 5803 vocationem,
786 5752 838 5794 et
883 5757 943 5795 ex
991 5744 1091 5798 hcc
1134 5748 1328 5798 mundo
1377 5747 1781 5815 migrationem;
1812 5757 1866 5801 et
1911 5756 1966 5801 ut

390 5829 675 5893 plurimum
763 5831 978 5901 quidem
1077 5836 1322 5892 alebatur
1399 5837 1752 5892 delectatione
1779 5852 1960 5893 eorum

2064 4744 2351 4813 diligenter
2370 4743 2693 4808 confectum,
2727 4758 2824 4796 nec
2862 4749 2967 4794 tant
3005 4757 3218 4807 purum,
3245 4739 3334 4792 sed
3369 4737 3641 4792 sordidum

2065 4847 2118 4891 et
2143 4837 2489 4904 inquinatum.
2516 4834 2614 4900 Qui
2638 4835 2736 4889 etsi
2759 4842 2902 4888 eSSet
2930 4831 2981 4885 id
3009 4830 3321 4906 admiratus,
3347 4839 3400 4884 et
3429 4827 3640 4880 tristitia

2065 4929 2307 4996 allectus,
2331 4927 2556 4995 sumpsit
2584 4937 2792 4992 tamen,
2815 4933 2869 4978 et
2888 4940 2945 4978 se
2968 4923 3173 4979 refecit.
3200 4919 3466 4976 Successit
3491 4918 3644 4972 tertia

2068 5035 2205 5083 nox,
2239 5030 2292 5072 et
2342 5018 2530 5086 tripl-ex
2581 5017 2778 5069 malum
2827 5014 3048 5068 addidit.
3087 5014 3293 5066 Etenim
3333 5025 3484 5064 mens
3527 5010 3645 5073 ejus

2067 5110 2172 5163 cito
2204 5110 2391 5176 irrupit
2421 5111 2472 5161 in
2513 5107 2883 5178 cogitationes.
2927 5107 3000 5160 Ita
3031 5113 3206 5160 autem
3236 5115 3350 5158 erat
3382 5103 3430 5157 ei
3457 5102 3645 5156 aﬂ’eeta

2070 5201 2345 5268 memoria,
2373 5209 2431 5254 ut
2456 5199 2724 5255 videretur
2755 5216 2862 5254 una
2885 5214 3005 5252 cum
3050 5213 3116 5253 eo
3156 5197 3345 5252 adesse
3374 5196 3564 5250 femina
3591 5205 3648 5249 et

2069 5295 2228 5348 simul
2268 5294 2606 5354 accumbere,
2637 5302 2692 5346 et
2718 5307 2835 5346 eam
2865 5305 2976 5344 rem
3011 5289 3239 5343 habebat
3267 5289 3318 5342 in
3366 5286 3554 5351 oculis,
3588 5295 3644 5339 et

2069 5400 2187 5439 eam
2220 5385 2378 5437 veluti
2410 5382 2586 5437 facere
2629 5383 3024 5452 perseverabat.
3057 5381 3318 5452 Egressus
3358 5391 3532 5433 tamen
3563 5387 3650 5434 est

2073 5475 2228 5528 tertio
2255 5490 2466 5543 quoque
2489 5475 2574 5527 die
2602 5474 2666 5527 ad
2694 5489 2850 5542 Opus,
2880 5482 2934 5525 et
2963 5488 3168 5540 preces,
3191 5480 3247 5525 et
3275 5471 3522 5540 hymnos,
3551 5470 3647 5522 sed

2071 5581 2176 5618 non
2213 5565 2414 5618 habens
2454 5566 2682 5638 amplius
2725 5564 2950 5618 mundas
2995 5563 3366 5631 Cogitationes,
3395 5559 3488 5613 sed
3539 5559 3648 5613 Ire-

2070 5665 2298 5722 quenter
2321 5670 2636 5720 conversus,
2665 5655 2716 5708 in
2749 5656 2918 5709 altum
2947 5653 3165 5708 tollebat
3191 5652 3394 5716 oculos,
3419 5666 3513 5706 eos
3544 5651 3646 5705 huc

2067 5758 2117 5799 et
2146 5746 2274 5798 illuc
2318 5753 2600 5814 torquens;
2634 5747 2749 5815 ejus
2779 5746 2923 5802 enim
2972 5745 3251 5814 pulchrum
3299 5758 3434 5812 opus
3480 5743 3647 5796 inter-

2069 5838 2384 5909 rumpebant.
2416 5839 2686 5895 memoria:
2712 5839 3109 5910 cogitationum.
3138 5836 3374 5906 Vespere
3401 5848 3528 5902 ergo
3557 5845 3645 5888 re‘
