2014 3210
176 2905 193 2921 \

225 211 293 240 1127

957 203 999 231 PA
1004 204 1070 231 LLA
1075 203 1121 232 Dll

1785 201 1847 231 1128

223 279 317 301 versus
330 279 397 307 pane
408 271 540 308 indigens,
553 271 627 301 illum
640 270 746 307 quidem
758 269 860 299 lnvenit
873 270 899 297 in
913 275 1016 300 mensa,
1031 267 1058 298 Δ
1071 275 1118 294 nes
1133 271 1180 295 aut
1194 267 1327 300 homines,
1339 266 1415 294 vobis
1429 269 1597 294 assentantes
1611 269 1639 293 et
1658 264 1803 298 laudantes,
1819 272 1851 295 ne

223 318 306 346 veluti
319 324 457 345 corrosum
473 325 487 343 a
503 317 623 344 muribus
638 321 685 344 aut
699 316 819 348 canibus,
836 319 863 342 et
879 314 942 341 foris
963 314 1015 341 sic-

224 371 270 391 cas
289 363 417 398 quasdam
441 363 578 396 reliquias.
596 362 671 389 Tune
694 361 844 397 ingemiscit
867 359 974 395 quidem
989 363 1016 386 et

225 408 396 442 laerymatur,
411 406 458 434 sed
470 414 522 433 non
538 412 665 441 quantum
681 406 746 433 satis
757 410 827 433 esset
843 404 875 431 ad
887 410 1016 431 coercen-

225 452 285 479 dam
298 451 452 487 nequitiam.
465 451 636 485 Nutritusque
647 459 699 477 non
713 455 838 485 quantum
854 449 971 480 volebat,
986 455 1015 476 se

226 498 336 531 parabat
355 497 388 525 ad
403 497 530 533 quietem.
554 497 621 524 Eum
641 502 729 524 autem
746 496 891 523 acervatim
908 495 1014 522 invase-

226 547 288 570 runt
301 543 483 578 cogitationes,
497 550 557 570 eum
569 542 684 577 undique
695 541 906 572 circumdautes;
920 546 947 567 et
957 540 1015 574 ejus

225 592 341 615 mentem
356 592 528 623 oppugnant,
543 592 570 615 et
583 588 717 622 captivum
732 587 820 614 statim
844 586 870 613 in
886 585 1014 612 mundum

226 633 370 661 abducunt.
386 634 504 669 Surgens
518 638 606 661 autem
629 634 677 660 ivit
690 640 782 660 versus
804 631 940 666 regionem
955 637 1015 665 qua:

231 679 373 711 habitatur,
387 679 536 713 ingrediens
548 684 627 705 noctu
642 686 688 712 per
698 677 879 705 solitudinem.
891 675 956 702 Cum
969 683 1014 702 au-

227 730 279 751 tem
291 725 346 751 dies
359 732 417 751 eum
429 724 661 758 apprehendisset,
679 728 774 756 etquae
790 722 923 748 habitatur
940 721 1013 755 regio

226 770 311 796 adhuc
327 770 417 804 procul
433 770 548 801 abesset,
563 773 589 795 et
604 776 663 795 eunt
677 772 756 794 a-stus
770 766 908 801 afﬂigeret,
922 765 1015 793 defati-

227 819 304 849 gatus
327 819 377 841 est.
395 814 576 848 Undequaquc
591 818 678 840 autem
691 813 717 839 itt
732 813 823 839 urbem
843 812 1014 839 considerans

226 861 420 896 circumspicit,
437 869 469 887 an
486 861 582 886 alicubi
603 862 742 894 appareret
765 859 969 890 monasterium,
988 858 1013 885 in

227 906 297 941 quod
308 907 443 940 ingressus
455 906 644 940 requiesceret.
658 904 732 938 Quod
745 904 823 931 etiarn
836 904 940 936 accidit,
953 912 1013 931 eum

226 951 420 986 cxcipientihus
429 951 586 985 quibusdam
599 951 647 984 piis
657 957 681 977 et
693 950 815 977 ﬁdelibus
825 949 959 981 fratribus,
971 949 1014 983 qui

227 1005 286 1023 Clllll
311 1004 371 1023 eum
392 1000 516 1030 tanquam
538 1001 639 1030 patrem
655 1003 810 1029 germanum
834 995 1015 1028 aspexissent,

227 1044 327 1070 vultum
343 1042 401 1077 ejus
411 1047 437 1069 et
449 1043 527 1076 pedes
543 1043 676 1074 laverttnt;
691 1047 787 1069 etcum
798 1045 928 1073 orassent,
943 1049 1016 1067 men-

227 1097 283 1116 sam
298 1092 491 1122 apposuerunt,
507 1092 533 1114 et
555 1092 680 1121 rogarunt
696 1091 723 1113 ιιι
737 1094 795 1121 qua:
807 1091 882 1112 erant
897 1086 1014 1120 appositi

227 1140 344 1162 sumeret
357 1141 416 1161 cum
430 1133 568 1160 eharitato.
586 1132 725 1167 Postquam
749 1136 836 1158 autem
854 1139 882 1158 se
907 1130 1013 1163 refecit,

229 1180 395 1211 postularunt
406 1178 499 1205 fratres
507 1182 537 1205 ut
548 1178 655 1205 verbum
667 1177 757 1203 salutis
769 1177 801 1203 ab
809 1184 841 1203 eo
852 1177 1013 1210 acciperent,

226 1230 253 1253 et
269 1233 383 1260 quanam
403 1225 505 1252 ratione
522 1228 627 1257 possent
642 1224 741 1250 servari
757 1232 771 1250 a
786 1223 886 1257 laqueis
901 1222 1013 1254 diaboli,

227 1275 255 1298 ct
272 1271 493 1306 quemadmodum
513 1274 670 1304 superarent
685 1277 776 1303 turpes
790 1268 974 1303 cogitationes.
991 1267 1015 1294 ls

226 1323 314 1344 autem
326 1318 396 1352 ipsos
405 1322 528 1352 tanquam
539 1321 612 1351 pater
621 1316 690 1342 filios
697 1315 854 1346 admonens,
863 1314 1015 1341 hortabatur

226 1368 255 1390 ut
268 1370 358 1391 essent
369 1365 450 1393 fortes
464 1369 490 1392 et
503 1368 658 1391 constantes
674 1363 699 1390 in
716 1363 861 1395 laboribus,
875 1366 902 1388 ut
916 1362 960 1395 qui
973 1369 1015 1388 es-

227 1414 287 1436 sent
303 1410 381 1443 paulo
399 1415 459 1445 post
480 1411 505 1436 in
530 1417 633 1436 summa
658 1409 745 1443 quiete
761 1407 918 1435 collocandi.
935 1408 1013 1434 Multa

227 1463 331 1489 quoque
350 1455 400 1482 alia
416 1463 475 1483 cum
493 1456 531 1482 eis
554 1455 690 1482 disserens
705 1455 737 1481 de
752 1453 955 1485 exercitatione,
969 1460 1015 1480 eos

229 1500 307 1527 valde
320 1501 398 1535 juvit.
412 1500 476 1527 Cum
492 1505 578 1528 autem
594 1504 726 1527 cessasset
737 1499 769 1525 ab
781 1498 971 1530 admonitione,
988 1502 1015 1524 et

227 1553 256 1572 se
272 1553 364 1579 parum
380 1545 573 1580 recollegisset,
591 1544 775 1571 considerabat
791 1542 1013 1577 quemadmodum

228 1591 295 1618 alios
310 1591 465 1623 admonens,
483 1599 511 1619 se
527 1599 578 1618 non
595 1590 720 1617 monebat
743 1597 791 1616 nec
805 1589 972 1622 corrigebat;
988 1593 1014 1614 et

1066 314 1106 341 eis
1117 314 1244 348 parcatis,
1257 321 1307 341 nec
1320 317 1412 341 mente
1426 312 1573 340 efferamiui
1590 321 1596 338 :
1616 320 1677 339 nam
1689 319 1733 339 me
1750 320 1850 347 quoque

1067 367 1139 394 stepe
1152 365 1232 387 noctu
1253 360 1292 386 sic
1312 359 1476 393 deeeperunt
1488 358 1639 391 daemones;
1662 363 1690 386 et
1706 365 1792 392 neque
1811 366 1851 386 me

1066 405 1189 432 sinebant
1200 412 1288 437 orare,
1306 412 1355 432 nec
1366 405 1516 439 quiescere,
1542 404 1671 438 quasdam
1687 403 1751 430 mihi
1767 404 1846 437 phan-

1068 451 1151 477 tasias
1167 450 1317 485 praebentes
1329 454 1383 477 tota
1395 454 1483 481 nocte,
1492 455 1519 476 et
1533 457 1611 476 mane
1632 449 1771 476 illudentes
1784 448 1851 475 humi

1069 496 1294 530 procumbebant,
1312 495 1447 522 dicentes:
1462 493 1683 527 Coudonanobis,
1697 494 1850 528 abba,quod

1068 542 1116 568 tibi
1133 541 1239 568 labores
1252 540 1413 574 praahuimus
1428 544 1483 567 tota
1498 544 1587 567 nocte.
1615 540 1670 575 Ego
1683 543 1772 567 autem
1787 539 1853 566 dice-

1067 587 1127 614 bam
1143 587 1197 614 illis
1212 595 1219 613 :
1234 586 1370 614 Discedite
1381 593 1395 612 a
1407 593 1450 613 me
1462 593 1556 613 omnes
1581 585 1626 620 qui
1647 585 1793 619 operamini
1807 585 1852 612 ini.

1066 633 1193 667 quitatem
1215 632 1304 667 (Ptol.
1315 631 1369 667 Vt);
1384 639 1417 658 ne
1431 631 1537 658 tentetis
1551 638 1657 658 servum
1672 630 1786 657 Domini.

1102 678 1190 711 Quare
1206 686 1252 704 vos
1270 685 1386 712 quoque,
1402 684 1419 703 ο
1443 676 1500 709 filii,
1517 677 1633 710 quietem
1650 675 1853 710 persequamini,

1068 731 1114 750 rus
1130 731 1238 756 semper
1253 728 1412 750 exercentes
1429 722 1461 748 ad
1488 722 1754 756 contemplationem,
1770 725 1798 748 ut
1810 729 1853 755 pu-

1074 777 1130 795 ram
1156 768 1315 801 possidentis
1331 772 1458 799 mentem,
1476 767 1558 794 Deum
1583 772 1718 802 rogantes.
1734 766 1799 794 Nam
1813 766 1853 793 ille

1067 824 1173 850 quoque
1189 821 1227 843 est
1242 815 1328 842 bonus
1340 816 1509 848 exercitator,
1526 814 1571 849 qui
1595 814 1702 841 assidue
1716 814 1743 840 in
1759 813 1854 840 mundo

1068 866 1223 895 exercetur,
1240 866 1267 889 et
1278 862 1304 888 in
1322 862 1443 888 honestis
1466 866 1611 894 occupatur
1626 861 1796 887 attionibus:
1813 860 1852 895 qui

1069 907 1265 933 humanitatem
1282 906 1397 933 ostendit
1407 911 1434 933 et
1445 905 1625 937 clementiam,
1640 905 1853 940 hospitalitatem-

1034 957 1055 985 Β
1069 960 1119 987 que
1134 957 1161 979 ct
1172 952 1342 984 t-ltaritatent,
1355 956 1382 978 et
1398 951 1458 978 fecit
1472 951 1666 986 eleemosynas,
1678 955 1704 978 et
1715 950 1785 978 bene
1796 950 1853 978 facit

1071 997 1287 1030 advenientibus,
1305 1002 1331 1023 et
1346 1004 1423 1031 opem
1442 996 1492 1023 fert
1505 996 1697 1030 laborantibus,
1713 1000 1738 1022 et
1751 1003 1853 1030 penna-

1071 1047 1116 1069 net
1128 1044 1194 1070 citra
1210 1043 1289 1069 ullam
1306 1043 1491 1069 ofiensionem.
1512 1042 1558 1069 Est
1573 1041 1679 1075 quidem
1695 1041 1738 1068 hic
1753 1049 1853 1077 quoque

1068 1089 1145 1115 valde
1172 1088 1272 1121 bonus;
1298 1093 1418 1115 versatur
1438 1087 1508 1115 enim
1531 1087 1556 1114 in
1568 1087 1672 1114 actione
1685 1091 1713 1114 et
1725 1091 1852 1122 praecepta

1070 1134 1242 1168 exsequitur;
1260 1133 1306 1160 sed
1319 1134 1344 1160 in
1357 1133 1436 1160 rebus
1449 1132 1561 1160 terrenis
1573 1137 1726 1168 occupatur.
1743 1133 1790 1160 llis
1799 1133 1852 1168 qui—

1069 1179 1129 1205 dem
1155 1184 1227 1205 certe
1251 1179 1420 1213 praestantior
1433 1183 1474 1204 est
1486 1183 1513 1204 et
1530 1178 1616 1212 major
1631 1178 1676 1212 qui
1692 1183 1814 1205 versatur
1825 1177 1850 1205 in

1067 1226 1305 1259 contemplatione,
1323 1226 1366 1260 qui
1383 1233 1397 1252 a
1413 1226 1491 1252 rebus
1504 1226 1613 1260 agendis
1630 1233 1660 1253 se
1683 1225 1809 1253 transfert
1819 1226 1851 1253 ad

1068 1271 1285 1305 intelligentiam,
1300 1279 1346 1298 eas
1361 1279 1402 1298 res
1416 1271 1476 1298 aliis
1498 1271 1652 1305 relinquens
1665 1271 1847 1306 providendae,

1067 1317 1123 1350 ipse
1139 1323 1228 1343 autem
1244 1322 1270 1343 et
1281 1317 1370 1351 seipso
1382 1317 1523 1351 abnegato,
1537 1321 1564 1343 et
1578 1317 1618 1343 sui
1632 1316 1737 1348 oblitus,
1752 1319 1848 1344 scruta-

1066 1367 1109 1389 tur
1119 1363 1248 1395 codestia,
1262 1362 1317 1389 Deo
1329 1363 1446 1389 omnium
1458 1362 1560 1389 solutus
1576 1365 1604 1388 et
1615 1361 1756 1396 expeditus
1773 1359 1847 1388 assis-

1067 1413 1134 1439 tens,
1150 1415 1164 1434 a
1180 1407 1252 1434 nulla
1267 1414 1357 1434 autem
1371 1407 1422 1434 alia
1436 1414 1499 1434 cura
1524 1412 1597 1434 retro
1612 1406 1729 1434 avulsus.
1749 1407 1799 1440 Qui
1809 1410 1846 1434 εει

1065 1456 1136 1482 enim
1161 1455 1322 1488 lntjttsmodi,
1345 1463 1397 1481 una
1412 1462 1471 1481 cum
1497 1455 1550 1481 Deo
1562 1454 1644 1488 degit,
1658 1461 1709 1481 una
1722 1461 1784 1481 cum
1797 1454 1847 1481 Deo

1066 1506 1200 1533 versatur,
1210 1500 1324 1527 assiduis
1342 1500 1446 1536 hymnis
1465 1500 1546 1526 Deum
1559 1506 1664 1533 semper
1683 1499 1828 1527 celebrans.

1101 1546 1167 1573 Novi
1184 1547 1254 1573 enim
1271 1553 1320 1581 ego
1334 1545 1468 1572 hominem
1483 1545 1508 1572 in
1523 1545 1678 1576 solitudine,
1691 1545 1736 1580 qui
1759 1544 1844 1571 decem

1067 1599 1152 1618 annos
1163 1592 1214 1618 cibi
1227 1591 1325 1618 terreni
1339 1591 1403 1618 nihil
1417 1590 1543 1625 gustavit,
1558 1591 1604 1618 sed
1618 1591 1641 1617 ei
1653 1590 1760 1625 angelus
1773 1589 1845 1617 tertio

229 1643 258 1663 se
273 1643 333 1663 esse
346 1637 442 1664 victttm
458 1636 616 1670 intelligens,
629 1643 707 1662 cursu
719 1642 810 1661 rursus
825 1634 901 1661 rediit
916 1634 941 1660 in
956 1633 1015 1661 soli-
1028 1636 1050 1665 C
1067 1645 1173 1672 quoque
1185 1637 1227 1663 die
1239 1637 1376 1664 tmtesmm
1399 1636 1487 1663 cibum
1503 1635 1537 1663 ad
1562 1644 1621 1664 eum
1637 1635 1769 1665 afferebat,
1784 1640 1808 1664 et
1819 1635 1842 1662 ei

228 1680 360 1714 tudinem,
374 1682 489 1716 seipsum
513 1681 624 1715 deflens,
639 1686 666 1708 et
680 1680 791 1707 dicens:
807 1680 862 1706 Nisi
880 1680 941 1714 quia
964 1679 1014 1705 Do-

229 1727 315 1754 minus
334 1728 398 1754 milli
413 1735 489 1761 opem
514 1728 633 1760 tulisset,
652 1727 840 1761 propetnodum
861 1726 885 1752 in
908 1725 1013 1753 inferno

229 1772 372 1800 habitasset
386 1773 474 1800 anima
490 1780 547 1800 mea
559 1772 643 1807 (Paul.
658 1773 740 1807 χαις).
767 1772 961 1806 Propemodum
987 1771 1014 1798 in

229 1823 308 1843 omne
319 1817 416 1843 malum
427 1825 484 1844 sum
497 1817 630 1849 redactus,
643 1817 835 1851 propemodum
850 1824 891 1843 me
904 1817 929 1843 in
945 1820 1016 1843 terra

230 1860 410 1890 confecerunt.
421 1861 631 1890 Etineofactum
655 1865 698 1889 est
727 1862 799 1896 quod
829 1861 931 1889 dictum
959 1866 1014 1889 est:

230 1905 323 1934 Frater
336 1908 379 1941 qui
394 1915 410 1934 a
426 1907 507 1934 fratre
521 1906 671 1942 adjuvatur,
686 1911 727 1933 est
742 1911 866 1941 tanquam
881 1905 944 1933 urbs
957 1914 1015 1932 mu-

228 1953 281 1980 nita
298 1958 324 1980 et
345 1954 461 1989 excelsa,
483 1959 509 1981 et
533 1959 658 1989 tanquam
686 1961 778 1981 murus
799 1953 842 1987 qui
863 1961 915 1980 non
931 1957 1017 1987 potest

229 2007 354 2027 corruere
379 2000 469 2034 (Prov.
486 2001 574 2036 xvnt).
596 2001 750 2036 Quanquam
766 2001 863 2028 abhinc
884 2005 941 2027 toto
956 2001 1016 2027 vita:

229 2050 348 2080 tempore
368 2046 434 2073 luxit
450 2051 587 2081 perpetuo,
604 2047 723 2081 privatus
745 2054 836 2073 mensa
858 2054 918 2080 qua:
933 2045 956 2073 ei
971 2046 1018 2072 da-

228 2090 305 2118 batur
317 2091 455 2126 divinitus,
469 2096 496 2119 et
511 2100 604 2126 panem
618 2099 694 2119 suum
708 2098 830 2126 quzrens
841 2098 900 2118 cum
914 2091 1014 2117 labore.

228 2136 293 2163 Nam
309 2144 368 2164 cum
384 2144 413 2165 se
427 2137 452 2164 in
472 2138 599 2172 spelunca
616 2137 782 2168 inclusisset,
798 2141 825 2163 et
844 2136 893 2163 sibi
909 2143 1016 2163 saccum

229 2186 256 2208 ct
269 2182 386 2209 cinerem
401 2183 606 2216 substravisset,
620 2191 673 2210 non
688 2184 761 2218 prius
772 2192 786 2209 c
801 2187 870 2210 terra
885 2183 1017 2215 surrexit,

229 2235 279 2257 nec
298 2229 412 2255 cessavit
435 2229 510 2262 ﬂere,
525 2238 602 2264 quam
619 2237 712 2256 vocem
735 2229 821 2264 angeli
846 2229 976 2256 audiisset
993 2229 1017 2256 ei

227 2273 360 2301 dicentem
381 2275 407 2302 in
428 2276 550 2303 somnis:
568 2277 678 2310 Accepit
697 2276 825 2303 Dominus
840 2280 912 2302 tuam
934 2277 1017 2310 poeni-

227 2319 354 2353 tentiam,
372 2326 397 2347 et
411 2322 446 2347 tui
459 2326 500 2349 est
511 2322 650 2354 misertus;
666 2321 790 2355 deinceps
806 2326 893 2349 autem
909 2322 968 2349 vide
984 2330 1016 2349 ne

229 2364 379 2399 decipiaris.
395 2367 435 2392 Ad
461 2371 486 2393 te
504 2367 575 2394 enim
598 2366 705 2393 venient
727 2367 823 2393 fratres
844 2374 911 2400 quos
926 2367 1018 2394 admo-

227 2410 307 2437 nuisti
318 2431 325 2442 ,
341 2415 366 2438 et
382 2411 494 2439 afferent
513 2411 546 2438 ad
561 2417 587 2438 te
601 2411 731 2446 eulogias,
746 2418 813 2446 quas
829 2418 888 2438 cum
908 2419 1017 2445 accepe-

227 2456 275 2487 ris,
288 2458 405 2484 vesceris
420 2464 480 2484 cum
497 2457 569 2492 ipsis.
580 2462 607 2484 et
618 2462 746 2492 perpetuo
762 2457 817 2485 Deo
832 2465 893 2492 ages
907 2458 1016 2493 gratias.

263 2501 324 2529 Haec
339 2509 403 2537 ergo
416 2502 491 2530 vobis
515 2502 630 2536 narravi,
657 2510 673 2530 ο
702 2502 759 2535 ﬁlii,
783 2507 811 2530 ut
836 2503 1016 2531 humilitatem

227 2547 388 2581 exerceatis,
404 2555 452 2576 seu
469 2549 494 2575 in
516 2548 615 2582 parvis,
629 2556 676 2576 seu
690 2548 716 2575 in
732 2549 835 2584 magnis
848 2556 909 2577 esse
924 2550 1019 2577 videa-

229 2594 304 2620 mini.
320 2593 375 2621 Hoc
390 2597 431 2621 est
457 2595 529 2621 enim
545 2595 659 2628 primum
677 2599 840 2629 praaceptum
856 2594 1017 2628 Servatoris,

232 2639 276 2672 qui
291 2638 376 2666 dicit:
392 2640 464 2667 Beati
480 2647 609 2674 pauperes
624 2640 731 2674 spiritu,
753 2640 880 2674 quoniam
898 2641 1015 2674 ipsorum

230 2690 271 2711 est
284 2692 394 2720 regnum
407 2686 535 2713 caelorum
552 2686 659 2720 (Matth.
679 2687 728 2722 vi).
751 2686 786 2714 Et
801 2694 834 2713 ne
848 2687 1017 2721 decipiamini

233 2739 248 2758 a
260 2731 436 2764 daemonibus,
450 2733 493 2767 qui
511 2733 586 2759 vobis
600 2732 657 2760 visa
672 2737 701 2760 et
711 2733 864 2767 phantasias
881 2735 1018 2767 excitant;

231 2777 277 2804 sed
289 2777 312 2805 si
324 2779 382 2811 quis
393 2778 426 2807 ad
438 2787 485 2807 vos
501 2780 614 2813 venerit,
630 2783 677 2807 aut
689 2780 780 2813 frater,
792 2785 837 2807 aut
847 2782 959 2815 amicus,
972 2786 1017 2809 aut

230 2823 338 2856 mulier,
353 2829 399 2852 aut
412 2829 498 2860 paler,
516 2829 563 2853 aut
575 2826 713 2861 magister,
733 2831 779 2853 aut
804 2831 899 2859 mater,
914 2832 961 2854 aut
973 2834 1018 2855 so-

230 2875 288 2901 ror,
302 2869 417 2902 primum
427 2870 564 2897 cxtendite
579 2878 675 2898 manus
690 2871 723 2898 ad
734 2872 898 2904 orationem;
913 2875 941 2899 et
951 2872 972 2899 si
983 2871 1018 2899 sit

230 2911 399 2947 phantasma,
410 2913 493 2947 fugiet
506 2921 522 2940 a
535 2913 622 2942 vobis.
636 2915 669 2942 Et
681 2915 704 2943 si
713 2922 760 2943 vos
770 2915 906 2950 decipiant
918 2916 1017 2943 daemo-

1069 1683 1095 1709 in
1111 1689 1140 1708 os
1157 1682 1303 1716 injicicbat,
1316 1682 1391 1716 isque
1402 1686 1458 1708 erat
1469 1681 1494 1708 ei
1511 1681 1596 1708 instar
1605 1681 1655 1708 cibi
1663 1684 1691 1708 et
1700 1679 1839 1715 νοω.Μο

1066 1735 1172 1763 quoque
1187 1729 1219 1754 ad
1243 1728 1313 1754 hunc
1327 1727 1460 1754 hominem
1486 1728 1512 1753 in
1529 1726 1668 1762 phantasia
1682 1723 1833 1755 vatiuati:-

1068 1781 1172 1806 ntones,
1189 1773 1362 1800 ostendentes
1385 1773 1521 1807 angelicos
1550 1771 1695 1804 exercitus,
1714 1774 1737 1799 et
1750 1776 1830 1798 cornu

1068 1819 1149 1854 ignis,
1165 1824 1192 1847 et
1208 1821 1304 1846 multos
1319 1820 1459 1852 satellites,
1473 1825 1597 1854 tanquam
1609 1818 1719 1853 alicujus
1729 1817 1835 1852 regisre-

1067 1865 1176 1898 nientis,
1192 1870 1217 1892 et
1229 1865 1252 1892 ei
1265 1865 1385 1892 dicentes
1400 1874 1407 1891 :
1424 1866 1450 1892 ln
1466 1865 1590 1892 euntibus
1604 1868 1629 1891 te
1641 1868 1713 1891 recte
1721 1866 1747 1890 et
1757 1860 1840 1890 exvir-

1068 1915 1124 1938 tute
1136 1910 1254 1945 gessisti.
1271 1919 1286 1937 ο
1309 1911 1406 1942 homo;
1421 1911 1454 1938 de
1468 1916 1566 1938 caetero
1584 1917 1627 1938 me
1640 1910 1732 1941 adora,
1753 1912 1779 1937 et
1790 1911 1842 1935 tan-

1067 1965 1146 1990 quam
1159 1957 1241 1983 Eliam
1257 1962 1283 1984 te
1295 1965 1443 1984 assumam.
1452 1957 1562 1984 Dicebat
1574 1961 1662 1983 autem
1676 1955 1746 1990 apud
1756 1961 1785 1982 se
1794 1960 1846 1981 mo-

1068 2001 1187 2028 nachus:
1204 2001 1293 2028 Adoro
1319 2002 1439 2036 quotidie
1465 2001 1564 2036 Regem
1594 1999 1847 2028 mcumetServato~

1069 2054 1142 2079 rem;
1166 2050 1193 2073 et
1220 2047 1241 2074 si
1265 2046 1307 2073 hic
1331 2051 1402 2073 esset
1428 2046 1483 2079 ille,
1513 2054 1565 2073 non
1592 2046 1670 2072 boea
1685 2053 1729 2073 me
1743 2049 1850 2080 peteret.

1069 2091 1212 2126 Postquam
1237 2097 1326 2119 autem
1348 2093 1371 2119 ei
1386 2092 1453 2118 dixit
1466 2091 1537 2126 quod
1560 2091 1675 2119 habebat
1696 2091 1723 2118 in
1745 2090 1850 2122 animo;

1070 2138 1211 2164 Dominum
1228 2146 1316 2165 meum
1332 2142 1359 2164 et
1373 2138 1472 2171 Regem
1486 2137 1571 2164 habeo
1586 2137 1681 2168 Deum,
1696 2143 1774 2171 quem
1786 2143 1852 2163 sem-

1069 2191 1116 2218 per
1131 2184 1226 2215 adoro,
1247 2189 1273 2210 tu
1290 2188 1377 2210 autem
1395 2191 1447 2209 non
1463 2190 1493 2210 es
1516 2190 1562 2210 rex
1578 2189 1664 2213 meus.
1679 2182 1724 2209 ille
1739 2181 1854 2216 protinus

1068 2232 1186 2258 evanuit.
1202 2230 1264 2257 “th
1281 2235 1368 2256 autent
1381 2234 1504 2262 tanquam
1516 2228 1550 2256 de
1560 2228 1614 2255 alio
1622 2227 1770 2261 disserens,
1783 2225 1856 2254 iusti-

1070 2281 1124 2303 tuta
1138 2276 1201 2302 vita
1215 2283 1282 2308 suze,
1299 2280 1326 2302 ct
1339 2282 1383 2302 res
1397 2278 1489 2308 gestas
1513 2273 1621 2300 volebat
1633 2273 1731 2302 celare.
1744 2272 1796 2305 Qui
1810 2279 1856 2299 au-

1070 2327 1121 2348 tem
1137 2328 1189 2347 ttna
1205 2328 1265 2348 cum
1290 2328 1322 2347 eo
1347 2325 1423 2347 erant
1438 2324 1539 2354 patres,
1564 2326 1626 2346 eum
1653 2318 1780 2346 dicebant
1801 2319 1857 2345 hac

1072 2367 1177 2393 vidisse.

1105 2413 1169 2439 ilzec
1182 2416 1212 2438 et
1224 2411 1273 2438 alia
1290 2412 1372 2438 multa
1388 2411 1466 2439 nobis
1489 2417 1600 2438 narrans
1625 2409 1719 2438 beatus
1731 2409 1858 2440 Joannes

1069 2463 1105 2485 et.
1114 2462 1167 2484 tres
1182 2457 1239 2485 dies
1255 2457 1288 2484 ad
1302 2464 1399 2484 nonam
1415 2464 1498 2491 usque
1511 2456 1657 2490 disserens,
1685 2460 1791 2482 nostras
1810 2461 1859 2481 cu-

1071 2505 1139 2531 ravit
1151 2505 1262 2531 animas.
1275 2504 1339 2531 Cum
1354 2509 1443 2531 autem
1456 2503 1572 2531 dedisset
1587 2503 1662 2530 nobis
1683 2501 1854 2530 benedictio-

1072 2558 1130 2582 ncs.
1146 2551 1224 2584 jussit
1238 2550 1277 2577 ire
1291 2551 1317 2577 in
1332 2558 1408 2584 pace,
1433 2551 1509 2577 nobis
1534 2556 1640 2584 quoque
1662 2548 1732 2576 dicta
1746 2548 1859 2584 quadam

1072 2596 1211 2630 prophetia
1228 2605 1234 2622 :
1252 2595 1346 2627 llodie,
1359 2596 1456 2629 aiebat,
1474 2595 1592 2622 nuntiata
1607 2599 1650 2622 est
1671 2593 1730 2631 (95)
1743 2594 1860 2622 Alexan-

1071 2642 1138 2669 dria:
1152 2642 1262 2668 victoria
1281 2642 1398 2669 maxime
1411 2642 1446 2675 pii
1462 2641 1617 2675 Theodosii,
1642 2644 1750 2675 propter
1760 2640 1796 2668 de
1806 2647 1860 2668 me-

1070 2688 1114 2716 dio
1125 2689 1260 2716 sublatum
1276 2694 1418 2724 tyrannum
1440 2688 1598 2723 Eugenium,
1615 2692 1642 2716 el
1655 2691 1761 2723 oportet
1774 2687 1861 2721 impe-

1070 2738 1187 2762 ratorem
1204 2735 1272 2762 mori
1285 2739 1373 2762 morte
1392 2734 1511 2769 propria,
1534 2733 1606 2768 quod
1631 2733 1739 2768 quidem
1766 2738 1859 2760 πανοπ-

1073 2780 1109 2807 ita
1126 2780 1183 2808 lieri
1197 2780 1318 2815 contigit.
1348 2780 1456 2808 Licebat
1483 2784 1572 2806 autem
1586 2786 1697 2806 cernere
1712 2775 1859 2806 multitudi-

1072 2833 1132 2853 nem
1144 2833 1236 2852 corum
1249 2826 1294 2860 qui
1308 2833 1368 2853 cum
1383 2826 1442 2860 ipso
1452 2829 1529 2853 erant
1537 2825 1726 2852 monachorum
1736 2822 1762 2850 in
1772 2821 1861 2850 eccle-

1072 2872 1122 2903 sia,
1135 2871 1217 2898 veluti
1233 2870 1361 2905 quosdam
1371 2871 1504 2904 iustorum
1515 2869 1623 2902 choros,
1634 2867 1729 2896 lucidis
1740 2866 1859 2894 vestibat

1072 2915 1191 2951 indutos,
1206 2921 1232 2944 et
1248 2916 1353 2951 hymnis
1368 2915 1483 2944 assiduis
1496 2915 1579 2943 Deum
1595 2913 1786 2948 glorificantes.
