4028 6440
357 479 497 546 1129

355 592 686 665 ἀπεχούσης,
718 593 814 648 καὶ
845 592 938 648 τοῦ
975 591 1257 665 καύματος
1296 591 1460 646 αὐτὸν
1496 591 1774 657 θλίϐοντος
1809 593 1934 646 ἐκο-
1965 597 2013 653 Λ

355 685 552 740 πίασεο
604 685 850 739 κατενόει
897 684 963 737 δέ
1011 683 1275 738 πάντοθεν
1307 683 1499 736 ἑαυτοῦ
1545 681 1732 753 κύκλῳ
1775 699 1935 754 περι·-

356 777 576 832 σκοπῶν
606 776 761 829 εῖπου
795 775 1159 846 μοναστήριον
1199 773 1524 844 ἀναφανείη,
1552 775 1648 828 καὶ
1677 773 1934 826 εἰσελθὼν

352 869 735 939 ἀναπαύσηται
756 885 772 901 ο
802 869 939 939 ὅπερ
975 867 1068 920 καὶ
1097 867 1320 936 γέγονεν
1339 885 1352 898 ·
1390 859 1808 936 ὐποδεξαμένων
1834 866 1935 918 αὐ-

352 965 446 1016 τόν
479 979 642 1015 τινων
671 960 916 1014 εὐλαϐῶν
950 961 1044 1013 καὶ
1075 959 1282 1012 πιστῶν
1313 958 1560 1028 ἀδελφῶν
1585 975 1598 988 ·
1630 957 1678 1010 οἳ
1718 958 1793 1020 ὡς
1828 958 1938 1010 Πα-

351 1055 486 1125 τέρα
531 1053 754 1124 γνήσιον
781 1050 1106 1120 θεασάμενοι
1137 1049 1328 1120 ἐνιψαν
1360 1049 1458 1120 τὴν
1486 1047 1607 1118 ὄψιν
1645 1046 1812 1102 αὐτοῦ
1841 1047 1937 1099 καὶ

351 1147 478 1210 τοὺς
510 1145 698 1208 πόδας,
745 1144 842 1198 καὶ
887 1143 1177 1213 εὐξάμενοι
1229 1143 1508 1212 τράπεζαν
1559 1139 1932 1211 παραθέντες,

351 1236 462 1290 τῶν
511 1235 843 1308 εὑρεθέντων
890 1235 1076 1306 ἠξίουν
1129 1235 1268 1306 μετά
1305 1234 1526 1302 ἀγάπης
1586 1231 1932 1303 μεταλαϐεῖν.

362 1327 452 1390 Ὣς
478 1327 537 1380 δέ
573 1321 913 1397 ἀνεκτήσατο
933 1369 946 1393 ,
984 1327 1145 1399 ᾔτουν
1181 1325 1455 1396 σωτηρίας
1490 1323 1647 1392 λόγον
1675 1323 1807 1394 παρ’
1837 1322 1938 1376 αὐο

349 1417 443 1470 τοῦ
474 1419 522 1470 οἱ
550 1416 770 1487 ἀδελφοὶ
797 1417 1071 1485 λέγεσθαι,
1099 1417 1196 1470 καὶ
1221 1417 1362 1479 οἵαις
1385 1415 1661 1486 μεθοδίαις
1689 1413 1938 1468 δύναιντο

355 1509 593 1578 σωθῆναι
627 1511 690 1561 ἐκ
717 1509 818 1577 τῆς
847 1508 941 1562 τοῦ
970 1508 1217 1562 διαϐόλου
1259 1507 1508 1575 παγίδος,
1545 1507 1642 1560 καὶ
1671 1504 1790 1567 πῶς
1823 1503 1934 1558 τῶν

349 1599 592 1670 αἰσχρῶν
639 1599 915 1670 λογισμῶν
967 1599 1387 1668 περιγένωνται.
1455 1597 1512 1650 '0
1541 1598 1599 1650 δέ
1641 1597 1826 1657 αὐτοῖς
1861 1595 1934 1659 ὠς

349 1695 534 1764 πατὴρ
582 1693 749 1746 τέκνα
796 1692 1062 1746 νουθετῶν
1115 1692 1350 1763 παρῄνει
1396 1692 1829 1761 προσκαρτερεῖν
1877 1691 1936 1742 ἐν

346 1788 460 1849 τοῖς
503 1786 686 1849 πόνοις
737 1784 915 1854 ὀλίγον
961 1783 1190 1854 ὓστερον
1235 1785 1316 1847 εἰς
1366 1782 1675 1836 ἀνάπαυσιν
1733 1779 1935 1850 πολλὴν

351 1876 801 1949 μεθισταμένοις·
855 1877 950 1930 καὶ
1005 1875 1178 1928 πολλὰ
1237 1874 1402 1946 ἕτερα
1458 1874 1588 1944 περὶ
1647 1873 1936 1942 ἀσκήσεως

346 1943 532 2032 αὐτοῖς
578 1943 959 2039 διαλεγόμενος
1007 1966 1129 2020 λίαν
1160 1943 1431 2037 ὠφέλησε.
1481 1963 1839 2033 Παυσάμενος
1875 1961 1934 2014 δέ
1968 1943 2006 1996 Β

345 2063 444 2131 τῆς
471 2061 772 2125 νουθεσίας,
803 2063 896 2114 καὶ
922 2062 1118 2133 μικρὸν
1139 2063 1194 2114 ἐν
1223 2059 1400 2128 ἐαυτῷ
1431 2057 1734 2127 γινόμενος,
1765 2054 1937 2107 διελοο

346 2154 531 2222 γίςετο
589 2153 705 2215 πῶς
769 2153 962 2217 ἄλλους
1016 2151 1284 2206 νουθετῶν
1344 2149 1507 2212 αὐτὸς
1573 2146 1933 2214 ἀνουθέτητος

346 2245 581 2314 ἔμεινεν.
639 2246 750 2296 Καὶ
782 2244 1012 2298 συνιδὼν
1060 2243 1254 2298 ἐαυτοῦ
1295 2241 1394 2311 τὴν
1436 2236 1628 2313 ἧτταν,
1676 2239 1936 2310 δρομαῖος

346 2335 508 2389 πάλιν
534 2336 627 2387 ἐπὶ
660 2335 760 2401 τὴν
791 2334 998 2404 ἔρημον
1024 2333 1242 2404 ἐχώρει,
1283 2331 1686 2402 ἀποδυρόμενος
1717 2329 1931 2394 ἐαυτὸν,

344 2427 680 2495 καὶλέγων,
739 2425 800 2479 Εἰ
836 2426 909 2495 μὴ
960 2427 1041 2478 ὅτι
1081 2424 1287 2493 Κύριος
1327 2423 1592 2493 ἐϐοήθησέ
1639 2439 1749 2491 μοι,
1785 2419 1936 2488 παρά

345 2518 522 2588 βραχὺ
573 2516 876 2588 παρῴκησε
929 2515 1006 2586 τῷ
1057 2515 1227 2587 ᾃδῃή
1281 2513 1426 2583 ψυχή
1461 2529 1594 2582 μου·
1638 2511 1765 2579 καὶ,
1801 2512 1933 2580 παρ’

342 2612 524 2680 ὀλίγον
549 2612 818 2681 ἐγενόμην
845 2613 902 2663 ἐν
941 2609 1104 2662 παντὶ
1150 2606 1338 2677 κακῷ·
1373 2605 1527 2676 παρὰ
1570 2605 1766 2676 μικρὸν
1809 2622 1934 2657 συν-

342 2705 597 2758 ετέλεσάν
632 2721 697 2774 με
721 2706 778 2756 ἐν
799 2705 862 2773 τῇ
900 2704 1001 2773 γῇ,
1038 2701 1132 2754 καὶ
1158 2701 1382 2769 γέγονεν
1415 2700 1500 2751 ἐπ’
1516 2698 1665 2768 αὐτῷ
1693 2698 1752 2750 τὸ
1779 2698 1933 2768 εἰρη-

344 2799 528 2864 μένον,
566 2795 819 2863 Ἀδελφὸς
871 2795 974 2848 ὑπὸ
1011 2793 1243 2862 ἀδελφοῦ
1274 2791 1636 2863 βοηθούμενος
1665 2790 1739 2853 ὡς
1778 2789 1935 2852 πόλις

346 2889 566 2958 ίτχυρέι,
610 2891 706 2940 καὶ
755 2887 832 2949 ὡς
879 2889 1057 2955 τεῖχος
1097 2885 1369 2939 ἄπτωτον.
1425 2883 1534 2936 Καὶ
1584 2881 1705 2934 τότε
1754 2880 1932 2932 ἐκεῖθε

340 2981 526 3035 λοιπὸν
559 2982 772 3036 πενθῶν
818 2980 1044 3032 διετέλει
1094 2979 1275 3033 πάντα
1300 2978 1390 3031 τὸν
1433 2976 1567 3046 βίον,
1609 2975 1708 3046 τὴν
1745 2973 1932 3027 θεόθεν

340 3073 624 3143 τράπεζαν
655 3071 986 3142 ζημιωθεὶς,
1035 3071 1132 3124 καὶ
1169 3069 1308 3140 μετά
1353 3069 1605 3137 καμάτου
1636 3068 1727 3120 τὸν
1767 3068 1930 3136 ἄρτον

341 3165 509 3220 αὐτοῦ
555 3164 935 3236 ποριζόμενος.
982 3161 1291 3234 Καθείρξας
1343 3161 1452 3232 γάρ
1503 3159 1695 3215 ἐαυτὸν
1745 3160 1803 3213 ἐν
1851 3158 1929 3230 τῷ

1591 476 1960 539 HISTORIA
1995 476 2392 538 LAUSIACA.

2119 591 2282 645 Ὥστε
2325 589 2424 647 οὖν
2477 590 2574 646 καὶ
2621 593 2780 663 ὑμεῖς
2825 593 2927 667 τήν
2987 595 3216 667 ἡσυχίαν
3257 596 3626 666 μεταδιώξατε

2039 685 2178 756 πρὸς
2220 685 2320 757 τὴν
2348 684 2586 758 θεωρίαν
2636 687 2726 741 ἀεὶ
2772 687 3204 760 γυμναζόμενοι,
3240 690 3326 744 ῖνα
3387 692 3630 764 καθαρὶν

2039 777 2167 830 νοῦν
2233 779 2514 850 κτήσησθε
2586 779 2666 849 τῷ
2732 780 2854 850 Θεῷ
2926 783 3374 853 προσευχόμενοι.
3445 784 3629 848 Καλὸς

2042 871 2140 941 μὲν
2172 872 2281 942 γὰρ
2304 872 2555 935 κάκεῖνος
2584 874 2613 926 ὁ
2643 873 2893 944 ἀσκητὴς
2913 873 2942 926 ὁ
2973 876 3216 945 συνεχῶς
3247 877 3306 928 ἐν
3325 875 3404 946 τῷ
3436 876 3627 947 κόσμῳ

2039 961 2472 1033 γυμναζόμενος,
2528 965 2624 1018 καὶ
2691 966 2822 1036 περὶ
2868 966 2967 1028 τὰς
3018 966 3188 1030 καλάς
3241 968 3468 1038 πράξεις
3528 969 3625 1021 ἐπ-

2039 1055 2461 1126 ασχολούμενος,
2511 1057 2539 1109 6
2598 1057 2697 1128 τὴν
2729 1057 3093 1127 φιλαδελφίαν
3129 1058 3577 1129 ἐπιδεικνύμενος
3609 1101 3624 1126 ,

2039 1147 2133 1200 καὶ
2180 1145 2278 1217 τὴν
2327 1146 2652 1215 φιλοξενίαν,
2698 1148 2794 1201 καὶ
2842 1149 3085 1219 ἀγάπην,
3119 1151 3213 1202 καὶ
3259 1147 3629 1219 ἐλεημοσύνας

2038 1234 2524 1307 διαπραττόμενος,
2555 1236 2649 1288 καὶ
2693 1235 3004 1307 εὐεργετῶν
3046 1239 3174 1300 τοὺς
3211 1239 3486 1308 παρόντας
3533 1239 3627 1292 καὶ

2040 1328 2153 1390 τοῖς
2186 1327 2455 1397 κάμνουσι
2481 1327 2714 1397 βοηθῶν,
2751 1329 2843 1381 καὶ
2868 1327 3302 1392 ἁσκασδάλιστος
3327 1329 3621 1399 διαμένων.

2039 1418 2221 1482 Καλὸς
2256 1419 2356 1488 μὲν
2383 1411 2540 1483 οὗτος
2583 1420 2678 1473 καὶ
2716 1421 2859 1473 πάνυ
2912 1419 3078 1480 καλός
3110 1437 3125 1452 ·
3159 1422 3463 1492 πρακτικός
3513 1423 3624 1496 γὰρ

2037 1503 2193 1572 οὗτος
2224 1508 2316 1562 καὶ¹
2345 1510 2586 1582 ἐργάτης
2627 1512 2746 1564 ἐστὶ
2798 1511 2908 1564 τῶν
2953 1510 3206 1578 ἐντολῶν,
3237 1511 3373 1566 ἀλλά
3403 1515 3531 1584 περί
3559 1516 3626 1567 τά

2037 1601 2201 1672 γήϊνα
2238 1602 2573 1671 ἀσχολεῖται.
2609 1603 2890 1674 Κρείττων
2923 1621 2987 1672 γε
3025 1604 3136 1675 μὴν
3161 1603 3352 1657 τούτου
3384 1606 3478 1658 καὶ
3511 1605 3628 1676 μεί-

2040 1693 2148 1757 ζων
2181 1697 2207 1748 ό
2236 1694 2572 1766 θεωρητικὸς
2605 1697 2813 1761 ἐκεῖνος
2834 1699 2862 1750 6
2911 1698 3018 1752 ἀπὸ
3045 1698 3152 1751 τῶν
3194 1697 3512 1770 πρακτικῶν
3532 1699 3626 1752 ἐπὶ

2037 1786 2134 1857 τὴν
2165 1786 2346 1857 νόησιν
2375 1787 2726 1859 ἀναδραμὼν,
2749 1789 2946 1860 παρεὶς
2979 1789 3186 1861 ἐτέροις
3216 1789 3388 1844 ταῦτα
3409 1792 3600 1862 φροντί
3625 1819 3627 1822 ⁴

2039 1881 2191 1946 ζειν,
2250 1881 2412 1945 αὐτὸς
2473 1881 2530 1935 δέ
2581 1881 2675 1935 καὶ
2723 1881 2917 1935 ἐαυτὸν
2975 1883 3473 1954 ἀπαρνησάμενος,
3530 1884 3626 1936 καὶ

2038 1971 2233 2025 ἐαυτοῦ
2285 1972 2460 2043 λήθην
2521 1971 2660 2042 ἔχων
2717 1973 3168 2043 πολυπραγμονεῖ
3217 1973 3288 2026 τά
3349 1974 3620 2042 οὐράνια,
3703 1991 3716 2005 ο

2039 2062 2260 2126 εὐλυτος
2284 2065 2502 2118 πάντων
2526 2063 2604 2134 τῷ
2630 2062 2749 2133 Θεῷ
2775 2065 3213 2135 παριστάμενος,
3246 2064 3338 2117 ὐπ’
3365 2063 3624 2133 οὐδεμιᾶς

2041 2156 2322 2226 φροντίδος
2359 2155 2556 2227 ἐτέρας
2593 2155 2818 2210 ὄπισθεν
2852 2158 3309 2226 κατασπώμενος.
3346 2154 3407 2210 Ὀ
3452 2155 3626 2210 τοιοῦ-

2037 2266 2126 2311 τος
2161 2248 2268 2318 γὰρ
2301 2247 2422 2318 Θεῷ
2471 2247 2716 2316 συνάγει,
2737 2247 2857 2317 Θεῷ
2899 2247 3393 2319 συμπολιτεύεται,
3443 2247 3624 2303 ἀπαύ-

2041 2353 2186 2401 στοις
2229 2335 2425 2407 ῦμνοις
2464 2337 2552 2389 ἀεὶ
2595 2335 2780 2407 ὑμνῶν
2811 2336 2964 2392 Θεόν.

2109 2534 2240 2591 υἷδα
2269 2537 2376 2609 γάρ
2400 2537 2511 2607 ἐγὼ
2539 2538 2828 2608 ἄνθρωπον
2857 2541 2915 2594 ἐν
2953 2543 3018 2611 τῇ
3051 2541 3264 2611 ἐρήμῳ,
3303 2540 3469 2609 μηδὲν
3498 2541 3627 2610 γήϊ-

2035 2647 2125 2683 νον
2163 2628 2358 2699 βρῶμα
2388 2628 2484 2680 ἐπὶ
2515 2627 2648 2680 δέκα
2679 2627 2772 2699 ἔτη
2815 2631 3154 2700 γευσαμένον
3178 2645 3192 2661 ⁸
3234 2629 3352 2682 ἀλλ’
3387 2629 3624 2696 ἄγγελος

2035 2720 2184 2790 αὐτῷ
2224 2719 2366 2772 κατά
2394 2722 2542 2789 τρεῖς
2585 2720 2797 2791 ἡμέρας
2824 2722 3076 2792 οὐράνιον
3115 2720 3312 2793 βρῶμα
3344 2718 3623 2790 ἐκόμιζεν,

2035 2813 2128 2865 καὶ
2177 2810 2402 2865 ἔϐαλλεν
2433 2810 2601 2864 αὐτοῦ
2664 2812 2744 2874 εἰς
2791 2811 2853 2864 τὸ
2894 2813 3092 2882 στόμα,
3142 2811 3428 2864 καὶτοῦτο
3474 2811 3626 2882 αὐτῷ

2034 2903 2156 2956 ἀντὶ
2188 2903 2396 2975 τροφῆς
2425 2901 2521 2954 καὶ
2564 2902 2728 2954 πότου
2763 2903 2994 2971 ἐγίνετο.
3020 2904 3131 2957 Καὶ
3165 2900 3282 2957 οἶδα
3312 2903 3400 2957 τὸν
3443 2901 3591 2956 τοιοῦ

2033 3011 2124 3046 τον
2190 2993 2502 3064 ἄνθρωπον,
2538 2995 2621 3046 ὅτι
2673 2989 2838 3065 ἦλθον
2889 2996 3027 3066 πρὸς
3089 2996 3253 3049 αὐτὸν
3297 2997 3355 3051 ἐν
3415 3011 3623 3066 φαντα-

2034 3085 2175 3148 σίαις
2238 3088 2286 3138 οἱ
2343 3085 2634 3156 δαίμονες,
2713 3088 3010 3156 ἀγγελικὰς
3092 3090 3352 3160 στρατιὰς
3422 3087 3624 3141 ἐπιδεί-

2033 3194 2275 3244 κνυντες,
2302 3177 2394 3231 καὶ
2421 3177 2642 3253 ἅρματα
2663 3183 2851 3247 πυρὸς,
2877 3180 2973 3233 καὶ
3004 3180 3298 3252 δορυφορία
3318 3178 3485 3251 πολλὴ
3520 3177 3619 3252 [αι.

343 3255 616 3327 σπηλαίῳ,
663 3257 758 3309 καὶ
802 3255 1007 3309 σάκκον
1060 3254 1157 3306 καὶ
1203 3253 1396 3307 σποδὸν
1443 3251 1825 3324 ὑποστρώσαςι
1862 3254 1922 3304 οὐ
1954 3280 1996 3338 c
2029 3269 2355 3342 δορυφορίαν
2384 3271 2632 3344 namq,
2655 3269 2744 3326 οἷά
2763 3291 2821 3325 τε
2839 3251 3101 3342 βασιλέως
3129 3271 3272 3334 τινὸς
3295 3269 3624 3341 ἐπιδημοῦν-

340 3349 606 3419 πρότερον
637 3348 838 3416 ἀνέστη
889 3347 1148 3418 χαμόθεν,
1193 3347 1313 3400 οὐδέ
1344 3347 1621 3400 ἐπαύσατο
1655 3345 1920 3415 ἀποδυρό-

342 3455 525 3506 μενος,
570 3437 674 3500 ἓως
715 3438 899 3506 φωνῆς
944 3439 1175 3491 ἀκοῦσαι
1223 3438 1461 3505 ἀγγέλου
1499 3438 1750 3504 λέγοντος
1785 3437 1922 3508 πρὸς

341 3529 501 3582 αὐτὸν
532 3529 649 3581 κατ’
682 3527 834 3598 δναρ’
862 3527 1160 3592 Ἐδέξατοό
1183 3527 1314 3589 Θεὸς
1343 3528 1441 3596 τὴν
1474 3527 1764 3596 μετάνοιάν
1803 3543 1918 3590 σου,

340 3621 436 3672 καὶ
462 3619 661 3688 ῆλέησέ
691 3635 805 3685 σου,
855 3619 950 3671 καὶ
985 3618 1081 3672 τοῦ
1121 3619 1333 3684 λοωτοῦ,
1369 3621 1468 3690 ὅρα
1501 3619 1575 3689 μὴ
1613 3619 1918 3688 ἀπατηθῇς.

353 3709 693 3760 Ἐλεύσονται
713 3709 768 3760 δὲ
785 3709 836 3760 οἱ
867 3709 1088 3778 ἀδελφοὶ
1109 3711 1243 3778 πρὸς
1267 3709 1346 3773 σέ,
1370 3709 1808 3779 παρακαλοῦντές
1839 3726 1918 3775 σε,

338 3797 435 3862 οὓς
480 3799 545 3850 σὺ
591 3799 972 3868 ἐνουθέτησας,
1009 3801 1105 3852 καὶ
1135 3799 1388 3869 κομιοῦσί
1420 3817 1500 3852 σοι
1547 3799 1824 3868 εὐλογίας,
1855 3799 1920 3863 ἃς

341 3889 741 3961 ὑποδεξάμενος
794 3890 1082 3962 μεταλήψῃ
1141 3892 1237 3944 σὺν
1286 3892 1487 3958 αὐτοῖς,
1523 3892 1618 3943 καὶ
1673 3891 1751 3961 τῷ
1801 3891 1921 3962 Θεῷ

339 3983 635 4044 διαπαντὸς
657 3983 1099 4053 εὐχαριστήσεις.
1137 3983 1324 4037 Ταῦτα
1345 3984 1458 4048 οῦν,
1491 3977 1536 4036 ὦ
1571 3983 1756 4050 τέκνα,
1792 3985 1921 4054 ὑμῖν

340 4077 731 4146 ὑφηγησάμην,
793 4076 879 4129 ἵνα
943 4076 1043 4146 τὴν
1110 4078 1618 4148 ταπεινοφροσύνην
1695 4078 1920 4148 πρώτην

339 4171 639 4238 ἀσκήσητε,
689 4169 789 4222 κᾶν
822 4171 878 4222 ἐν
918 4169 1173 4240 μεγάλοις
1205 4169 1394 4240 δόξητε
1440 4169 1600 4224 εἶναι.
1635 4169 1782 4240 Λῦτη
1814 4171 1921 4241 γάρ

339 4265 486 4314 ἐστιν
515 4264 549 4334 ή
597 4263 786 4333 πρώτη
832 4263 924 4316 τοῦ
958 4263 1212 4333 Σωτῆρος
1239 4264 1449 4334 ἐντολὴ,
1480 4264 1731 4332 λέγοντος
1756 4281 1770 4293 ⁸
1801 4267 1923 4318 Μα-

338 4353 520 4424 κάριοι
568 4355 618 4406 οἰ
664 4356 870 4425 πτωχοὶ
914 4355 992 4427 τῷ
1046 4357 1340 4427 πνεύματι,
1381 4359 1462 4410 ὅτι
1495 4358 1676 4411 αὐτῶν
1709 4360 1917 4428 ἐστινὴ

339 4444 589 4514 βασιλεία
627 4446 734 4498 τῶν
783 4448 1031 4513 οὐρανῶν
1053 4463 1068 4479 ⁶
1103 4449 1196 4502 καὶ
1229 4447 1315 4502 ἴνα
1349 4449 1424 4518 μὴ
1469 4449 1786 4520 άπατηθῆτε
1818 4451 1922 4504 ὑπὸ

335 4536 445 4587 τῶν
473 4537 763 4605 δαιμόνων,
794 4539 893 4601 τὰς
916 4541 1222 4608 φαντασίας
1253 4541 1381 4610 ὑμῖν
1412 4541 1736 4612 ἐγειρόντων
1758 4560 1772 4575 σ
1805 4544 1919 4596 ἀλλ’

337 4627 431 4678 ἐάν
462 4644 545 4688 τις
577 4628 707 4698 ἔλθῃ
738 4630 872 4697 προς
904 4631 1048 4698 ὑμᾶς
1078 4630 1326 4700 ἀδελφὸς,
1357 4633 1389 4702 ἢ
1426 4631 1598 4700 φίλος.
1630 4633 1661 4702 ἢ
1699 4633 1858 4704 γυνὴ.
1886 4636 1917 4704 ἦ
1955 4646 1995 4698 Β

337 4715 538 4786 πατὴρ,
569 4717 601 4787 ἢ
638 4718 842 4788 μήτηρ,
875 4718 906 4788 ἢ
936 4719 1180 4786 ἀδελφὸς,
1207 4721 1240 4791 ἢ
1277 4721 1620 4785 διδάσκαλος,
1649 4723 1680 4794 ἣ
1707 4725 1855 4786 παῖς,
1889 4725 1921 4794 ἦ

336 4806 583 4874 οἰκέτης,
611 4806 826 4876 πρῶτον
851 4808 930 4871 εἰς
953 4810 1258 4880 προσευχὴν
1281 4811 1380 4873 τὰς
1404 4815 1594 4880 χεῖρας
1623 4815 1920 4877 ἐκτείνατε,

337 4899 431 4950 καὶ
457 4895 600 4972 ἐὰνῇ
627 4900 942 4969 φάντασμα,
974 4903 1342 4972 φεύξεταιάφ’
1376 4904 1548 4975 ὑμῶν’
1579 4906 1681 4960 κᾶν
1702 4907 1922 4960 ἀπατῶ-

341 5007 424 5043 σιν
453 4992 597 5062 ὐμᾶς
625 4994 674 5045 οἰ
693 4992 947 5062 δαίμονες
975 4994 1006 5064 ἢ
1042 4995 1322 5064 ἄνθρωποι
1356 4997 1746 5060 κολακεύοντες
1778 4999 1923 5069 ὑμᾶς

341 5082 431 5133 καί
457 5082 827 5150 ἐπαινοῦντες,
861 5083 936 5154 μὴ
954 5071 1216 5138 ’πείθεσθε
1249 5087 1434 5149 αὐτοῖς
1463 5088 1597 5159 μηδέ
1626 5089 1920 5159 ἐπαίρεσθε

335 5175 400 5244 τῇ
439 5173 668 5246 διανοίᾳ.
706 5175 866 5246 Κάμὲ
896 5177 1006 5248 γὰρ
1041 5177 1216 5242 οὕτως
1249 5179 1511 5244 πολλάκις
1547 5181 1838 5251 ἠπάτησαν
1871 5183 1921 5234 οἰ

336 5264 587 5335 δαίμονες
637 5268 694 5320 ἐν
726 5269 909 5334 νυκτὶ,
951 5271 1046 5322 καὶ
1069 5268 1192 5323 οὐτε
1224 5270 1485 5339 εὐξασθαί
1517 5290 1602 5340 με,
1633 5271 1756 5326 οὐτε
1791 5274 1920 5327 άναι

339 5357 651 5410 παύσασθαι
697 5360 1059 5432 συνεχώρουν,
1115 5363 1424 5430 φαντασίας
1454 5364 1547 5434 μοί
1595 5381 1746 5427 τινας
1779 5382 1922 5434 παρ-

343 5445 560 5515 έχοντες
585 5449 711 5519 ὃλην
737 5451 834 5522 τὴν
862 5452 1054 5506 νύκτα’
1082 5455 1173 5507 καί
1200 5453 1345 5526 πρωῒ
1376 5456 1734 5526 ἐμπαίζοντες
1752 5473 1922 5527 προσ-

337 5538 541 5592 ἑπεσάν
585 5557 674 5609 μοι
707 5542 997 5610 λέγο·ντες’⁶
1027 5545 1388 5618 Συγχὼρησον
1419 5549 1573 5619 ἡμῖν,
1621 5547 1798 5612 ἁϐὅᾶ,
1838 5549 1921 5603 ὅτι

337 5628 536 5693 κόπους
573 5647 654 5684 σοι
700 5634 1051 5706 παρέσχομεν
1096 5637 1226 5709 ὅλην
1275 5639 1377 5708 τὴν
1413 5639 1606 5693 νύκτα.
1671 5639 1815 5710 Ἐγὼ
1863 5640 1921 5694 δέ

336 5717 488 5776 εἶπον
531 5724 669 5794 πρὸς
712 5726 944 5790 αὐτούς’
991 5731 1293 5802 Ἀπόστητε
1336 5733 1433 5786 ἀπ’
1465 5731 1600 5804 ἐμοῦ
1637 5733 1838 5795 πάντες
1871 5733 1920 5785 οί

334 5813 699 5883 ἐργαζόμενοι
729 5817 828 5888 τὴν
871 5820 1122 5893 ἀνομίαν.
1170 5825 1245 5877 Οὐ
1280 5827 1389 5895 γάρ
1423 5825 1497 5898 μὴ
1550 5823 1921 5897 ἐκπειράσητε

331 5905 515 5969 δνῆλον
549 5908 795 5980 Κυρίου.¹

2029 3381 2140 3431 τος,
2174 3366 2268 3419 καὶ
2298 3364 2549 3436 λέγοντες
2579 3365 2676 3439 [αι.
2715 3363 2990 3435 λέγουτος]
3033 3364 3200 3434 αὐτῷ·
3236 3362 3623 3433 Κατώρθωσας

2031 3457 2226 3523 πάντα,
2249 3457 2523 3529 ἄνθρωπε,
2543 3458 2726 3510 λοιπὸν
2743 3456 3083 3527 προκύνησόν
3109 3473 3197 3526 με,
3221 3457 3311 3508 καὶ
3332 3456 3405 3518 ὡς
3435 3457 3624 3510 Ἠλίαν

2033 3564 2091 3599 σε
2143 3548 2510 3618 ἀναλήψομαι.
2559 3548 2752 3615 Ἔλεγε
2799 3547 2856 3600 δὲ
2899 3548 2928 3600 6
2973 3546 3202 3616 μοναχὸς
3243 3547 3300 3597 ἐν
3344 3548 3410 3616 τῇ
3455 3546 3618 3600 αὐτοῦ

2029 3639 2258 3710 διανοίᾳο
2289 3639 2626 3710 Καθημέραν
2685 3636 2976 3709 προσκυνῶ
3016 3636 3093 3708 τῷ
3125 3635 3242 3705 ἐμῷ
3289 3635 3502 3706 βασιλεῖ
3542 3635 3619 3705 τῷ

2031 3732 2265 3802 Σωτῆρι,
2300 3734 2394 3786 καὶ
2433 3735 2480 3786 εἰ
2527 3730 2593 3803 ἦν
2635 3725 2789 3794 οὗτος
2824 3731 3052 3796 ἐκεῖνος,
3083 3729 3184 3782 οὐκ
3213 3728 3279 3782 ἂν
3308 3731 3438 3800 παρ’
3481 3727 3616 3799 ἐμοῦ

2029 3825 2187 3878 τοῦτο
2228 3826 2370 3897 ᾔτει.
2414 3827 2500 3889 Ὠς
2528 3825 2582 3878 δέ
2610 3827 2772 3896 μόνον
2804 3819 2957 3877 εἶπεν
2991 3826 3048 3874 ἐν
3067 3821 3244 3893 ἐαυτῷ
3272 3823 3341 3875 τὰ
3368 3822 3463 3892 τῆς
3499 3822 3615 3874 δια-

2030 3915 2198 3982 νοίας,
2226 3918 2306 3970 ὅτι
2333 3916 2482 3986 Ἕχω
2511 3916 2620 3984 ἐγὼ
2651 3915 2740 3968 τὸν
2770 3913 2900 3984 ἐμὸν
2926 3912 3147 3983 βασιλέα
3175 3911 3314 3984 [καὶ]
3340 3912 3428 3965 τὸν
3461 3912 3614 3978 Θεὸν,

2030 4005 2086 4057 ὃν
2127 4007 2214 4060 ἀεὶ
2243 4006 2553 4076 προσκυνῶ,
2596 4007 2658 4058 σύ
2695 4005 2751 4057 δέ
2785 4005 2884 4058 οὐκ
2912 3997 2966 4056 εἴ
2987 4003 3117 4072 ἐμὸς
3148 4003 3420 4073 βασιλεὺς,
3455 4003 3617 4067 εὐθὺς

2030 4098 2265 4166 ἄφαντος
2309 4099 2551 4167 γέγονεν.
2593 4097 2777 4151 Ταῦτα
2811 4096 2866 4149 δέ
2921 4096 2996 4158 ὡς
3027 4095 3154 4166 περί
3184 4095 3344 4149 ἄλλον
3375 4095 3617 4164 διαλεγό-

2032 4209 2214 4263 μενος,
2257 4191 2356 4256 τάς
2388 4190 2583 4243 ἐαυτοῦ
2623 4190 2900 4252 πολιτείας
2940 4188 3205 4260 κρύπτειν
3241 4188 3518 4258 ήϐούλετο.
3554 4189 3617 4242 Ol

2029 4286 2086 4338 δέ
2145 4286 2393 4348 συνόντες
2454 4284 2602 4356 αὐτῴ
2653 4283 2929 4355 Πατέρες,
2991 4281 3154 4334 αὐτὸν
3212 4280 3398 4349 ελεγον
3449 4282 3618 4334 ταῦτα

2029 4379 2353 4448 ἑωρακέναι.

2101 4603 2288 4657 Ταῦτα
2307 4604 2401 4656 καὶ
2429 4602 2564 4657 ἀλλα
2596 4603 2892 4674 πάμπολλα
2915 4603 3048 4674 ήμϊν
3071 4599 3428 4671 διηγούμενος
3447 4599 3475 4651 6
3507 4614 3613 4666 μα-

2030 4697 2220 4767 κάριος
2260 4697 2514 4764 Ἰωάννης
2537 4695 2631 4748 ἐπὶ
2656 4698 2805 4766 τρεῖς
2844 4695 3057 4765 ἡμέρας
3082 4693 3186 4756 ἕως
3212 4691 3440 4758 ἐννάτης
3466 4687 3616 4759 ὥρας

2025 4787 2429 4858 διαλεγόμενος,
2461 4787 2557 4850 τὰς
2584 4787 2762 4857 ψυχὰς
2801 4787 2962 4856 ἡμῶν
3008 4785 3332 4852 ἐθεράπευε.
3370 4782 3504 4842 Δοῦς
3556 4779 3612 4833 δέ

2027 4882 2160 4952 ήμῖν
2183 4881 2460 4950 εὐλογίας,
2502 4881 2561 4934 ἐν
2621 4882 2812 4951 εἰρήνῃ
2869 4877 3208 4949 πορευθῆναι
3239 4870 3573 4944 προσέταξεν
3597 4887 3609 4899 ·

2025 4973 2194 5024 εἰπὼν
2233 4975 2367 5043 ήμῖν
2408 4972 2504 5026 καὶ
2555 4971 2896 5041 προφητείαν
2927 4969 3048 5022 τινά
3073 4985 3088 5000 ο
3119 4969 3200 5022 ὅτι
3255 4967 3498 5035 σήμερον
3544 4961 3612 5014 τὰ

2024 5063 2269 5118 ἐπινίκια
2341 5063 2436 5117 τοῦ
2500 5063 2762 5127 εὐσεϐοῦς
2844 5063 3105 5134 βασιλέως
3174 5056 3458 5113 Θεοδοσίου
3528 5055 3609 5117 εἰς

2022 5155 2122 5226 τὴν
2153 5154 2565 5224 Ἀλεξάνδρειαν
2600 5152 3032 5224 εἰσεληλύθασιν,
3077 5149 3220 5205 κατά
3248 5149 3344 5217 τῆς
3375 5144 3470 5198 τοῦ
3516 5161 3613 5195 τυ-

2026 5250 2222 5321 ράννου
2301 5246 2564 5316 Εὐγενίου
2627 5248 2963 5317 ἀναιρέσεως
3001 5260 3015 5276 ο
3083 5243 3178 5297 καὶ
3239 5241 3323 5294 ὅτι
3384 5237 3463 5290 δεῖ
3516 5234 3609 5287 τὸν

2027 5343 2251 5413 βασιλέα
2299 5340 2488 5410 οἰκείῳ
2559 5339 2774 5410 θανάτῳ
2833 5338 3158 5408 τελευτῆσαι
3186 5350 3200 5366 ’
3231 5333 3374 5402 άπερ
3408 5326 3608 5400 συνέϐη

2024 5433 2165 5487 κατὰ
2191 5432 2448 5504 ἀλήθειαν
2483 5431 2658 5494 οὕτως
2683 5430 2930 5502 γενέσθαι
2947 5470 2960 5485 .

2091 5635 2200 5693 Ἦν
2221 5639 2278 5693 δέ
2309 5639 2437 5694 ίδεῖν
2486 5638 2547 5692 τὸ
2578 5638 2782 5710 πλῆθος
2813 5638 2922 5691 τῶν
2959 5637 3225 5690 συνόντων
3255 5636 3404 5706 αὐτῷ
3439 5653 3601 5708 μοναί

2019 5731 2130 5802 χῶν
2155 5735 2211 5785 ἐν
2237 5735 2300 5804 τῇ
2332 5732 2618 5806 ἐκκλησίᾳ,
2649 5732 2810 5786 οἰονεί
2831 5729 3024 5801 χορούς
3043 5747 3198 5794 τινας
3223 5729 3447 5783 δικαίων
3464 5729 3606 5798 λαμ-

2022 5823 2452 5896 προφοροῦντας,
2481 5825 2587 5880 ’καὶ
2643 5821 2945 5887 ἀπαύστοις
2985 5819 3176 5893 ὕμνοις
3219 5821 3313 5878 τὸν
3353 5820 3488 5875 Θεὸν
3507 5818 3606 5903 ’δο-

2025 5917 2252 5985 ξάζοντα
2262 5936 2304 5982 ς.
