4028 6472
370 375 505 432 1155

1639 372 1963 433 HISTORIA
2003 368 2360 426 LAUSIACA.

3486 374 3621 429 IIZI

435 496 732 566 Postquam
761 503 937 548 autem
973 511 1003 547 ιι
1026 493 1168 547 ultos
1198 490 1560 560 quoqueaiins
1590 489 1775 544 Patres
1803 488 1938 543 vidi—
1974 490 2020 544 A
2048 490 2101 538 et
2126 483 2360 551 scipsum
2393 481 2747 552 vilipendens.
2780 482 2913 539 Cum
2945 498 3040 538 nos
3065 494 3245 539 autem
3289 485 3510 540 multum
3543 502 3630 540 rn-

367 603 508 654 mus,
537 597 798 643 venerunt
842 586 1031 639 fratres
1086 584 1241 638 nobis
1283 582 1660 635 annuntiantes
1686 594 1938 634 consum-

333 684 569 732 "matum
592 692 712 732 esse
738 677 948 731 beatum
976 675 1233 731 Joannem
1265 674 1423 726 modo
1450 672 1678 741 quodam
1709 670 1941 723 admira—

371 769 463 823 bili
498 786 512 823 :
542 768 663 821 itam
694 781 813 822 eum
840 767 1094 834 jussisset
1136 772 1195 817 ut
1227 772 1332 817 tres
1359 763 1472 817 dies
1504 763 1770 816 neminem
1796 760 1942 814 sine-

374 867 496 914 rent
520 858 587 912 ad
608 873 667 914 se
697 858 896 922 venire,
923 855 1149 926 genibus
1172 854 1326 909 ﬂexis
1366 853 1432 907 ad
1463 855 1780 916 orationem,
1809 865 1942 905 eon-

370 956 667 1005 Snmmatus
694 958 777 1004 est
798 986 813 1014 ,
854 947 920 1002 ad
952 946 1117 1001 Deum
1154 947 1376 1001 veniens
1396 983 1412 1009 ,
1443 944 1525 998 cui
1556 942 1725 1013 gloria
1754 940 1809 996 in
1841 955 1944 996 sae-

372 1040 508 1097 Cuia.

926 1128 1150 1185 CAPUT
1193 1127 1399 1183 XLVII.

972 1219 1051 1272 De
1076 1217 1359 1289 .Pwmenia.

449 1310 498 1364 Is
538 1324 747 1380 quoque
776 1324 897 1364 eum
948 1310 1144 1364 Christi
1176 1310 1375 1364 ancilla
1408 1308 1705 1375 Poemenis,
1738 1320 1854 1376 quae
1884 1303 1949 1358 ad

375 1417 500 1457 eum
542 1401 826 1454 videndum
877 1410 1200 1467 accesserat,
1230 1416 1336 1455 non
1363 1411 1443 1454 est
1483 1399 1696 1469 quidem
1722 1398 1949 1451 collocu-

386 1502 493 1558 tus,
526 1492 845 1561 signiﬁcavit
874 1503 1049 1548 autem
1077 1493 1129 1548 ei
1160 1509 1367 1563 quoque
1389 1492 1627 1563 quardam
1657 1504 1872 1544 arcana.
1893 1489 1956 1543 Ei

378 1593 558 1638 autem
609 1588 879 1653 praecepit,
939 1585 1124 1641 dicens
1169 1603 1184 1641 :
1225 1585 1565 1640 Descendens
1602 1600 1630 1637 a
1663 1582 1952 1648 Thebaide,

383 1689 452 1728 ne
473 1673 726 1728 deﬂectas
749 1674 1146 1742 Alexandriam,
1173 1674 1597 1745 quandoquidem
1624 1673 1852 1724 futurum
1874 1679 1957 1724 est

379 1773 438 1819 ut
463 1765 624 1819 cadas
653 1764 703 1817 in
727 1764 1067 1818 tentationes.
1095 1764 1169 1818 Ea
1185 1772 1362 1819 autem
1382 1762 1557 1832 magni
1582 1760 1799 1817 Joannis
1821 1776 1955 1827 prae-

381 1854 670 1909 dictionem
702 1855 786 1909 vel
834 1854 986 1909 nihili
1041 1854 1239 1908 ducens
1268 1895 1283 1920 ,

380 1946 600 2002 deﬂexit
625 1949 1023 2012 Alexandriam,
1046 1955 1104 2000 ut
1129 1946 1336 2001 videret
1364 1945 1655 1999 civitatem.
1684 1942 1740 1995 In
1766 1943 1957 1997 itinere

381 2048 563 2099 autent
588 2059 751 2113 prope
774 2044 959 2098 urbem
983 2042 1166 2105 Nicia,
1197 2040 1263 2093 ad
1288 2052 1405 2093 eam
1436 2044 1778 2092 accesserunt
1798 2049 1963 2090 naves

381 2134 498 2204 ejus
522 2133 835 2203 quiescendi
865 2132 1056 2203 gratia.
1085 2130 1296 2200 Egressi
1318 2137 1497 2183 autem
1530 2127 1709 2182 famuli
1732 2141 1797 2181 ex
1829 2141 1959 2194 qua-

377 2228 500 2282 dam
529 2227 811 2279 insolentia
843 2241 966 2279 cum
995 2224 1155 2278 .iIlius
1204 2223 1305 2278 loci
1336 2223 1742 2286 habitatoribus,
1775 2236 1961 2275 amen-

383 2314 522 2370 tibus
550 2323 601 2368 et
627 2314 916 2383 proﬂigatis
940 2312 1266 2377 hominibus,
1297 2327 1486 2365 manus
1531 2319 1959 2365 conseruerunt:

388 2405 480 2474 qui
510 2405 725 2475 quidem
747 2406 904 2458 unius
920 2401 1133 2469 quidem
1156 2402 1386 2455 eunuchi
1410 2401 1629 2470 digitum
1652 2408 1962 2459 secuerunt,

387 2494 547 2548 alium
576 2502 752 2548 autem
779 2491 1111 2555 occiderunt,
1140 2490 1445 2560 Dionysium
1475 2501 1651 2543 autem
1694 2490 1966 2542 sanctissi-

389 2599 531 2639 mum
562 2584 867 2653 episcopum
900 2583 952 2637 in
984 2581 1201 2636 ﬂuvium
1252 2583 1556 2649 ignorantes
1602 2579 1961 2648 ptzojecerunt,

386 2683 442 2729 et
469 2675 611 2729 illam
637 2674 808 2745 ipsam
836 2674 1095 2729 conviciis
1119 2680 1177 2728 et
1202 2671 1498 2727 maledictis
1522 2672 1888 2741 impetierunt,
1913 2678 1967 2726 et

389 2765 624 2836 reliquos
647 2780 834 2822 omnes
863 2780 1048 2821 servos
1078 2762 1396 2819 saueiarunt.

931 2875 1159 2932 CAPUT
1200 2871 1424 2929 XLVIII.

364 2988 515 3045 'Vt’ta
543 2988 740 3044 abbatis
784 2985 1300 3111 Ammontcgtik‘tt
1346 2998 1521 3038 eorum
1565 2982 1651 3048 qui
1693 2996 1809 3033 cum
1856 2980 1967 3050 ipso

462 3156 707 3212 Vidimus
735 3163 912 3211 autem
940 3154 1102 3207 alium
1126 3164 1337 3221 quoque
1357 3150 1527 3205 virum
1559 3144 1850 3209 Thebaide,
1874 3158 1960 3198 no.

388 3249 536 3305 mine
564 3250 883 3303 Ammonam
914 3244 1110 3317 (Ra/il,
1142 3243 1179 3297 ι.
1229 3258 1290 3308 ιι,
1336 3257 1453 3310 cap.
1495 3238 1573 3310 5),
1626 3237 1835 3292 Patrem
1889 3245 1968 3290 ter

389 3340 533 3394 mille
562 3339 943 3394 monachorum
976 3353 992 3391 :
1026 3350 1160 3406 quos
1206 3338 1366 3389 etiam
1425 3331 1730 3386 nominabat
1758 3329 1967 3384 Tahen-

388 3431 646 3494 nesiotas,
674 3429 761 3499 qui
795 3428 1057 3482 habebant
1080 3439 1326 3495 magnum
1355 3424 1473 3477 vitae
1502 3421 1723 3491 agendae
1754 3420 1990 3473 inStitu-.

391 3531 525 3587 tum,
555 3520 732 3589 utqui
762 3528 817 3573 et
856 3517 1045 3571 ovillas
1086 3516 1252 3585 pelles
1307 3512 1529 3575 ferrent,
1568 3522 1623 3567 et
1653 3511 1798 3564 vultu
1830 3520 1968 3564 tecto

391 3611 764 3674 camederent,
779 3619 832 3663 et
856 3622 913 3662 se
936 3608 1185 3661 deorsum
1210 3605 1551 3667 inclinantes,
1566 3616 1633 3655 ne
1654 3601 1771 3670 quis
1792 3600 1967 3669 prox-i-

391 3716 533 3754 mum
566 3700 935 3754 comedentem
968 3696 1261 3764 aspiceret;
1308 3703 1362 3749 et
1404 3702 1604 3746 tantum
1657 3699 1971 3746 exercerent

391 3789 689 3852 silentium,
719 3796 775 3841 ut
825 3787 1132 3841 viderentur
1167 3799 1285 3839 esse
1312 3784 1363 3837 in
1396 3783 1701 3847 solitudine,
1734 3798 1971 3851 unoquo-

390 3895 495 3948 que
526 3880 736 3934 occulte
763 3886 1056 3948 peragente
1079 3891 1230 3930 suum
1264 3877 1386 3929 vitae
1430 3875 1764 3941 institutum;
1798 3876 1969 3928 solum

391 3980 569 4023 autem
616 3968 796 4037 specie
845 3966 1073 4036 quadam
1110 3967 1160 4019 in
1193 3980 1377 4019 mensa
1419 3964 1690 4030 sederent,
1716 3974 1971 4020 conantes

393 4076 455 4117 se
482 4061 712 4115 invicem
744 4061 930 4113 latere.
963 4056 1140 4127 Aliqui
1188 4056 1328 4112 enim
1360 4072 1423 4111 ex
1458 4055 1542 4109 his
1570 4056 1735 4110 semel
1781 4055 1864 4109 vel
1892 4054 1973 4109 his

396 4165 611 4205 manum
645 4150 726 4203 ori
758 4146 1094 4212 admovebat,
1123 4155 1402 4215 tangentes
1437 4160 1627 4214 panem
1657 4145 1741 4199 vel
1771 4146 1971 4212 oleum,

402 4243 488 4298 vel
515 4240 711 4315 aliquid
740 4255 805 4295 ex
835 4240 900 4294 iis
922 4253 1039 4308 qua:
1066 4246 1218 4293 erant
1242 4238 1502 4306 apposita,
1536 4244 1728 4290 etcum
1754 4234 1820 4290 de
1843 4250 1973 4289 uno-

395 4348 606 4403 quoque
628 4332 855 4387 obsonio
881 4330 1053 4385 semel
1075 4337 1401 4398 gustassent,
1425 4327 1660 4381 contenti
1689 4338 1840 4381 erant
1876 4327 1976 4380 hoc

403 4424 693 4489 alimento;
730 4422 818 4474 alii
850 4429 1025 4474 autem
1052 4433 1241 4487 panem
1272 4417 1470 4471 sensim
1500 4417 1833 4481 mandentes,
1872 4415 1973 4469 alia

402 4525 579 4568 autem
604 4514 927 4581 accipientes
954 4512 1084 4565 citra
1113 4509 1535 4577 simulationem,
1565 4510 1644 4563 sic
1668 4524 1974 4578 persevera-

413 4606 569 4668 bant;
600 4603 687 4657 alii
711 4579 885 4656 autem
915 4602 1179 4671 juseulum
1214 4610 1292 4655 ter
1315 4609 1516 4655 tantum
1543 4600 1912 4669 degustabant,
1938 4616 1971 4657 ξι
2000 4579 2054 4639 Ῐ)

410 4694 630 4763 reliquis
658 4702 833 4746 autem
865 4690 1221 4746 abstinebant.
1259 4693 1389 4758 Quae
1414 4706 1558 4754 cum,
1603 4699 1659 4744 ut
1688 4701 1805 4745 erat
1843 4704 1973 4745 con-

403 4800 738 4854 sentaneum,
771 4800 941 4839 essem
992 4783 1307 4848 admiratus,
1339 4797 1444 4835 non
1495 4782 1809 4850 prtetermisi
1856 4798 1971 4837 eam

397 4894 515 4949 quae
540 4894 604 4935 ex
631 4880 709 4934 eis
735 4877 941 4946 capitur
968 4875 1269 4928 utilitatem.

960 4964 1185 5019 CAPUT
1218 4963 1403 5018 XLIX.

913 5054 991 5110 De
1018 5056 1194 5109 abbate
1220 5055 1292 5109 Be
1320 5055 1457 5129 (97).

473 5154 719 5209 Vidimus
767 5158 942 5204 autem
988 5149 1151 5202 alium
1180 5164 1388 5217 quoque
1415 5163 1622 5214 senem,
1653 5148 1741 5218 qui
1764 5149 1980 5206 lenitate

401 5242 695 5311 superabat
723 5254 910 5295 omnes
930 5238 1198 5302 homines,
1221 5241 1432 5290 nomine
1458 5238 1702 5293 abbatem
1730 5239 1802 5294 Be
1823 5240 1983 5310 (Ruf-

402 5332 520 5398 βω,
556 5330 594 5383 ι.
646 5346 705 5395 ιι,
755 5346 869 5395 cap.
915 5326 973 5395 lt)
1010 5344 1021 5378 :
1056 5326 1121 5379 de
1149 5340 1253 5395 quo
1282 5326 1616 5381 afﬁrmabant
1665 5330 1853 5382 fratres
1892 5329 1980 5396 qui

402 5420 541 5487 apud
568 5421 738 5488 ipsum
766 5417 1269 5484 versabantur,eum
1295 5433 1558 5486 nunquam
1585 5419 1815 5487 jurasse,
1838 5434 1975 5474 nun-

409 5524 569 5577 quam
602 5509 667 5564 de
696 5508 873 5577 aliquo
896 5508 1175 5564 mentitum
1223 5523 1366 5574 esse,
1398 5524 1573 5578 neque
1608 5512 1785 5580 aliquo
1817 5512 1977 5566 verbo

410 5597 740 5667 increpasse,
774 5613 949 5669 neque
974 5600 1167 5653 iratum
1195 5597 1387 5663 fuisse;
1423 5607 1537 5653 erat
1559 5600 1698 5653 enim
1724 5599 1840 5669 ejus
1873 5601 1977 5653 vita

407 5688 559 5743 valde
581 5688 782 5757 quieta,
808 5697 860 5741 et
890 5697 1064 5743 mores
1096 5690 1379 5752 mansueti,
1437 5698 1491 5741 ut
1537 5689 1627 5758 qui
1661 5697 1853 5742 statum
1888 5689 1981 5743 ha-

413 5782 563 5838 beret
586 5781 919 5850 angelicum;
951 5790 1066 5837 erat
1094 5791 1270 5840 autem
1302 5782 1453 5837 valde
1487 5796 1698 5851 quoque
1744 5782 1974 5848 humilis,

2043 589 2317 646 garemus,
2350 582 2409 629 ut
2443 575 2863 629 adhortatorium
2894 576 3047 630 nobis
3085 591 3384 630 sermonem
3407 575 3632 639 diceret,

2044 665 2131 718 vix
2162 666 2213 718 in
2242 665 2479 718 animum
2512 665 2716 719 induxit
2744 674 2798 718 ut
2827 666 2977 720 nobis
3017 680 3184 734 pauca
3212 666 3518 720 dissereret
3564 666 3633 719 de

2046 756 2476 810 mansuetudine.
2512 755 2583 821 Is,
2618 771 2740 810 eum
2772 756 3181 826 hippopolamus
3218 756 3507 825 aliquando
3537 771 3631 809 va-

2053 853 2223 899 staret
2253 846 2479 899 vicinam
2509 846 2804 913 regionem,
2833 856 2983 901 stans
3010 862 3173 917 prope
3201 846 3436 908 ﬂuvium.
3477 861 3628 911 roga-

2052 948 2139 993 tus
2161 935 2227 990 ab
2257 935 2525 1005 agricolis,
2560 936 2666 989 visa
2695 936 2869 991 bellua
2896 938 3122 1005 ingentis
3154 938 3555 1005 magnitudinis,
3578 937 3627 990 ei

2052 1031 2331 1101 praecepit,
2383 1031 2567 1085 dicens
2622 1048 2635 1083 :
2686 1031 2952 1086 Denuntio
3003 1032 3093 1085 tibi
3152 1033 3204 1086 in
3260 1031 3472 1086 noutine
3514 1031 3637 1085 Jt'SII

2051 1122 2277 1188 Christi,
2312 1136 2381 1176 ne
2406 1122 2635 1191 amplius
2666 1133 2843 1177 vastes
2869 1123 3004 1176 hanc
3028 1124 3321 1193 regionem.
3344 1124 3436 1179 Illa
3462 1133 3636 1175 autem

2060 1222 2311 1280 tanquam
2344 1212 2411 1265 ab
2433 1211 2621 1281 angelo
2651 1211 2770 1266 loco
2802 1212 2973 1278 pulsa,
3002 1214 3218 1267 omnino
3249 1213 3485 1267 evanuit.
3542 1212 3631 1267 Sic

2055 1306 2212 1360 etiam
2236 1305 2520 1375 aliquando
2550 1306 2727 1376 abegit
2750 1306 3097 1360 crocodilum.

2685 1418 2911 1474 CAPUT
2952 1418 3009 1472 [ι.

2489 1509 2566 1562 De
2618 1509 2796 1561 abbate
2840 1507 3046 1561 Throna
3072 1507 3211 1579 (98).

2139 1603 2372 1657 Vidimus
2404 1602 2562 1656 etiam
2595 1602 2756 1655 alium
2784 1616 2889 1656 non
2942 1600 3122 1671 procul
3151 1616 3180 1654 a
3212 1601 3445 1667 civitate,
3474 1603 3523 1656 in
3550 1616 3640 1656 sn-

2063 1695 2311 1759 litudine,
2343 1697 2559 1749 nomine
2585 1695 2825 1759 'I‘heona,
2856 1695 3030 1749 virum
3058 1704 3323 1761 sanctum,
3346 1697 3395 1749 iu
3417 1697 3643 1751 domun-

2060 1786 2177 1838 cula
2210 1799 2457 1839 seorsum
2486 1784 2773 1849 inclusum,
2801 1784 2890 1852 qui
2949 1793 3189 1853 tempore
3239 1785 3453 1854 triginta
3481 1800 3643 1841 anno-

1378 1854 1462 1907 vel
1541 1851 1661 1922 ejus
1739 1849 1906 1909 oblita
1942 1889 1956 1911 .

2069 1889 2187 1928 rum
2223 1874 2492 1928 silentium
2526 1849 2839 1927 exercuerat
2872 1849 3188 1941 (Ruﬁndlib.
3218 1889 3277 1939 ιι,
3311 1849 3437 1942 cap.
3488 1874 3569 1943 6).
3601 1875 3645 1927 Is

2067 1980 2189 2019 cum
2224 1965 2481 2034 plurimas
2524 1967 2752 2021 virtutes
2780 1975 3078 2033 perageret,
3113 1965 3407 2020 habebatur
3460 1966 3527 2019 ab
3569 1966 3645 2019 eis

2067 2070 2163 2125 pro
2195 2056 2477 2125 propheta.
2508 2056 2861 2110 Exibatenim
2892 2056 2955 2109 ad
2989 2057 3158 2124 ipsum
3198 2071 3291 2124 per
3321 2056 3435 2110 dies
3461 2057 3646 2125 singu-

2067 2148 2147 2200 los
2168 2148 2453 2202 multitudo
2476 2147 2873 2215 wgrotantium,
2931 2148 3123 2215 quibus
3155 2160 3342 2200 manus
3371 2146 3647 2214 imponens

2068 2253 2166 2306 per
2198 2238 2511 2304 fenestram,
2562 2236 2860 2292 dimittebat
2888 2251 2982 2291 eos
3012 2237 3161 2291 abire
3199 2237 3395 2290 salvos.
3433 2236 3650 2289 Licehat

2065 2331 2206 2382 enim
2239 2328 2421 2384 videre
2459 2327 2635 2395 ipsum
2677 2328 2964 2382 habentem
3018 2328 3222 2381 vultum
3271 2328 3466 2395 angeli,
3514 2327 3650 2379 'aetis

2068 2421 2264 2486 oculis,
2312 2427 2367 2473 et
2422 2429 2588 2472 totum
2644 2418 2865 2487 plenum
2914 2420 3145 2472 maxima
3196 2420 3389 2487 gratia.
3434 2419 3501 2482 Is,
3532 2432 3650 2471 cum

2067 2525 2170 2563 non
2200 2509 2366 2562 multo
2393 2517 2521 2561 ante
2544 2517 2786 2576 tempore
2817 2509 3049 2561 latrones
3079 2524 3198 2560 eum
3232 2515 3392 2561 noctu
3422 2509 3652 2561 invasis-

2070 2610 2212 2665 sent,
2246 2599 2618 2655 existimantes
2645 2614 2703 2655 se
2726 2601 2951 2654 multum
2989 2599 3104 2653 auri
3149 2598 3287 2668 apud
3316 2614 3436 2653 eum
3470 2599 3651 2653 inven-

2073 2702 2244 2757 turos,
2275 2701 2331 2746 et
2353 2692 2553 2745 vellent
2579 2706 2700 2745 eum
2728 2691 2993 2756 occidere,
3021 2700 3267 2759 precatus
3293 2699 3395 2756 est,
3424 2699 3477 2745 et
3503 2706 3653 2744 nian—

2073 2790 2263 2836 serunt
2291 2781 2596 2837 immobiles
2617 2782 2680 2835 ad
2712 2791 2894 2851 portas
2912 2782 3026 2852 ejus
3048 2797 3215 2850 usque
3231 2781 3295 2835 ad
3314 2782 3649 2837 matutinum.

2067 2870 2199 2925 Cum
2232 2872 2399 2925 turba:
2429 2881 2607 2926 autem
2638 2887 2793 2926 mane
2823 2874 2890 2926 ad
2931 2887 3053 2927 eum
3085 2872 3455 2938 accessissent,
3480 2878 3534 2925 et
3560 2885 3652 2925 eos

2074 2962 2183 3031 igni
2220 2962 2479 3015 mandare
2507 2962 2559 3015 in
2590 2962 2772 3017 animo
2801 2962 3077 3028 haberent,
3114 2977 3275 3015 unum
3307 2969 3507 3015 tantum
3532 2977 3653 3015 ver-

2072 3052 2197 3106 bum
2228 3053 2297 3106 ad
2326 3068 2419 3108 eos
2448 3063 2529 3107 est
2551 3053 2760 3108 locutus
2792 3072 2806 3108 :
2837 3054 3009 3109 Sinite
3050 3069 3143 3108 eos
3171 3053 3317 3108 ahire
3345 3067 3536 3117 sanes;
3567 3054 3650 3106 sin

2072 3143 2271 3208 minus,
2303 3157 2331 3195 a
2358 3156 2445 3196 me
2474 3142 2641 3213 fugiet
2670 3142 2837 3211 gratia
2863 3145 3217 3198 curationum.
3260 3142 3300 3197 Ii
3328 3158 3455 3197 vero
3480 3143 3650 3213 ipsum

1996 3217 2042 3281 C
2073 3234 2388 3298 audierunt;
2418 3248 2523 3287 non
2547 3233 2814 3288 audebant
2840 3234 2981 3288 enim
3008 3242 3194 3288 contra
3218 3248 3338 3288 eum
3370 3232 3573 3298 dicere,
3602 3242 3655 3286 et

2072 3324 2315 3391 protinus
2343 3322 2529 3378 abiere
2559 3324 2797 3378 latrones
2823 3323 2889 3377 ad
2912 3338 2973 3378 ea
2997 3338 3113 3394 quae
3130 3333 3283 3378 erant
3311 3320 3654 3378 circumcirca

2072 3412 2420 3479 monasteria,
2454 3414 2647 3468 mutati
2676 3413 2931 3477 moribus,
2964 3424 3019 3468 et
3062 3415 3128 3470 de
3174 3413 3235 3468 iis
3266 3428 3383 3482 qua:
3417 3415 3655 3467 fecerant

2075 3504 2219 3558 ducti
2253 3505 2586 3571 poenitentia.
2617 3505 2744 3558 Erat
2769 3513 2945 3559 autem
2970 3504 3050 3559 vir
3079 3504 3319 3558 eruditus
3368 3504 3422 3556 in
3454 3503 3653 3571 triplici

2072 3593 2240 3659 gratia
2291 3607 2624 3661 sermonum,
2681 3594 2735 3647 in
2791 3594 3004 3660 scriptis
3053 3592 3328 3656 Romanis,
3357 3593 3576 3655 Grareis,
3602 3600 3655 3644 et

2074 3684 2424 3755 Egyptiacis,
2452 3686 2585 3740 sicut
2615 3702 2645 3739 a
2694 3686 2872 3738 multis
2900 3693 2953 3739 et
2984 3684 3048 3738 ab
3080 3685 3170 3739 illo
3216 3686 3329 3753 ipso
3383 3684 3649 3737 audimus.

2078 3775 2214 3830 Cum
2243 3779 2383 3829 enim
2417 3792 2513 3831 nos
2535 3777 2846 3847 agnovisset
2886 3792 3003 3832 esse
3042 3777 3303 3846 hospites,
3334 3779 3574 3831 scribens
3603 3778 3653 3829 in

2076 3870 2293 3935 tabella,
2326 3871 2431 3924 Deo
2457 3880 2671 3937 propter
2710 3884 2806 3923 nos
2833 3870 2937 3939 egit
2958 3869 3177 3938 gratias.
3213 3868 3535 3923 Comedebat
3556 3882 3653 3921 au-

2076 3970 2180 4015 tem
2206 3963 2409 4015 semina
2435 3976 2538 4016 non
2569 3971 2738 4017 cocta.
2789 3961 2956 4016 Noctu
2982 3970 3179 4027 autem,
3212 3971 3271 4014 ut
3301 3962 3468 4024 aiunt,
3494 3976 3650 4030 egre-

2084 4059 2377 4113 diebature
2409 4058 2563 4123 cella,
2595 4068 2646 4112 et
2676 4059 3095 4127 congregabatur
3123 4072 3240 4110 cum
3272 4056 3417 4121 feris,
3464 4068 3514 4109 et
3559 4070 3651 4109 eas

2085 4166 2129 4220 pe
2152 4150 2297 4203 tabat
2333 4165 2396 4202 ex
2432 4164 2493 4203 ea
2524 4164 2679 4217 quam
2714 4149 2940 4203 habebat
2969 4164 3123 4217 aqua.
3153 4149 3281 4202 Erat
3306 4149 3445 4201 enim
3470 4148 3649 4202 videre

2085 4242 2300 4309 vestigia
2333 4241 2667 4305 bubalorum,
2729 4249 2783 4295 et
2824 4254 3165 4309 onagrorutn,
3216 4248 3268 4293 et
3300 4239 3650 4307 quarumdam

2078 4349 2419 4401 caprearum,
2447 4335 2588 4388 circa
2637 4333 2754 4402 ejus
2794 4329 3194 4397 monasterium,
3226 4333 3416 4402 quibus
3442 4347 3654 4402 semper

2077 4426 2462 4481 delectabatur.

2685 4496 2908 4551 CAPUT
2968 4495 3057 4551 LI.

2570 4606 2645 4661 De
2674 4608 2851 4661 abbate
2880 4604 3002 4662 Elia
3037 4607 3171 4680 (99).

2159 4696 2398 4750 Vidimus
2428 4704 2604 4749 autem
2654 4697 2816 4750 alium
2843 4712 3052 4767 quoque
3079 4712 3259 4754 senem
3293 4697 3344 4753 in
3373 4697 3657 4765 solitudine

2081 4784 2321 4851 Antinoi,
2338 4800 2456 4854 qua:
2474 4796 2554 4839 est
2572 4787 2882 4855 metropolis
2900 4787 3211 4852 Thebaidis,
3233 4788 3399 4842 Eliam
3420 4790 3654 4851 nomine,

2081 4876 2169 4945 qui
2203 4885 2357 4929 natus
2383 4885 2501 4929 erat
2527 4887 2739 4929 centum
2770 4877 3028 4931 etdrcem
3059 4894 3225 4932 annos
3256 4879 3448 4947 (Ra/ﬂ,
3478 4879 3567 4933 lib.
3597 4894 3655 4942 ιι,

2081 4981 2192 5035 cap.
2212 4966 2505 5034 I2).Super
2526 4981 2646 5019 et'm
2674 4967 2919 5021 dicebant
2940 4968 3181 5033 Spiritum
3212 4970 3338 5023 Elite
3384 4972 3653 5039 prophetat

2082 5056 2439 5123 requievisse;
2495 5064 2611 5109 erat
2661 5056 2803 5110 enim
2865 5058 3017 5111 valde
3044 5059 3365 5125 celebratus,
3399 5070 3455 5113 ut
3485 5062 3571 5129 qui
3604 5062 3653 5113 in

2087 5147 2311 5200 terribili
2334 5147 2422 5199 illa
2450 5148 2740 5202 solitudine
2762 5148 3309 5218 egissetseptnaginta
3335 5166 3521 5206 annos.
3546 5153 3659 5208 Non

2083 5247 2260 5307 potest
2288 5247 2464 5292 autem
2490 5242 2664 5292 oratio
2697 5256 2794 5308 pro
2842 5242 3103 5310 dignitate
3158 5259 3376 5298 narrare
3419 5259 3658 5313 asperam

2086 5328 2231 5381 illam
2296 5325 2685 5396 solitudinem,
2752 5347 2875 5402 qua:
2937 5320 3041 5386 est.
3082 5333 3133 5387 in
3161 5342 3339 5386 monte
3373 5333 3423 5387 in
3446 5331 3660 5401 quoille

2088 5415 2332 5480 sedebat,
2368 5430 2636 5483 nunquam
2668 5418 3005 5473 descendens
3035 5423 3087 5475 in
3117 5435 3232 5477 eam
3258 5437 3373 5491 qua:
3398 5423 3664 5477 habitatur

2084 5509 2375 5574 regionem.
2428 5505 2524 5561 Est
2577 5510 2716 5562 enim
2763 5512 3003 5579 quaedam
3054 5524 3239 5568 semita
3266 5530 3445 5567 eorum
3479 5516 3566 5581 qui
3596 5514 3662 5569 ad

2084 5599 2254 5666 ipsum
2304 5601 2562 5654 accedunt
2609 5601 2895 5670 ejusmodi,
2945 5614 3002 5660 ut
3043 5607 3127 5660 vix
3188 5607 3388 5674 possint
3420 5608 3663 5661 insistere

2086 5691 2321 5759 vestigiis
2345 5690 2380 5744 ii
2404 5692 2490 5759 qui
2525 5692 2807 5758 accedunt,
2837 5697 2959 5749 hinc
2985 5705 3038 5751 et
3067 5698 3187 5752 inde
3222 5699 3483 5766 lapidibus
3509 5712 3661 5766 aspe-

2085 5781 2157 5837 ris
2186 5781 2471 5838 obvallala.
2515 5782 2641 5838 Erat
2684 5793 2859 5840 autem
2902 5787 3093 5842 sedens
3123 5769 3223 5844 sub
3252 5791 3476 5857 quadam
3506 5798 3656 5857 petra
