2014 3220
252 172 320 199 “55

984 176 1144 206 PALLADII

1804 179 1866 208 H36

257 236 283 264 in
297 236 433 270 spelunca.
448 238 515 265 adeo
530 242 559 266 ut
580 239 668 273 ipsum
681 246 787 274 quoque
801 239 892 268 videre
904 245 975 268 esset
991 240 1045 269 for-
1056 241 1082 271 Δ
1097 244 1193 275 praeter
1214 242 1366 277 opinionem
1392 246 1494 274 ratione
1511 254 1526 274 a
1551 247 1606 275 Deo
1630 248 1822 284 suppeditatur.
1844 250 1871 281 Et

258 281 393 310 midabile.
419 282 561 310 Tremebat
576 288 665 312 autem
678 285 733 320 jam
750 290 831 318 totus,
857 291 886 314 ut
904 294 984 321 quem
1001 296 1044 316 se-

260 331 355 353 nectus
369 321 542 361 opprimeret.
557 329 638 356 Multa
649 335 737 356 autem
748 330 822 364 signa
835 331 955 365 quotidie
967 339 1044 365 pera-

255 370 344 406 gebat,
359 380 409 400 nec
430 373 554 401 cessabat
578 374 678 404 mederi
694 375 896 410 aegrotantibus.
913 375 1043 404 Dicebant

255 419 351 443 autem
360 417 405 450 qui
419 417 489 451 apud
504 417 589 452 ipsum
604 423 681 446 erant
705 419 806 452 Patres,
832 420 965 448 neminem
986 428 1042 448 me-

256 462 366 489 minisse
378 463 437 497 ejus
452 471 579 491 ascensus
596 464 622 491 in
639 470 767 494 montem.
778 465 941 494 Comedebat
950 471 1040 495 autem

254 508 280 534 in
296 513 435 535 senectute
446 513 500 536 tres
517 510 609 537 uncias
624 510 711 545 panis,
727 515 753 538 et
765 515 819 539 tres
830 511 903 539 oleas
917 519 1038 546 vespere.

252 552 281 578 in
294 552 436 586 juventuie
450 559 538 581 autem
550 562 658 589 semper
667 556 752 583 semel
764 556 921 585 comedebat
934 557 960 584 in
974 558 1039 586 heb-

252 599 378 630 dotnada.

550 636 662 664 CAPUT
678 637 731 664 Lll.

455 680 513 707 Vita
527 680 623 707 albulis
638 682 731 715 Apollo
745 682 828 717 (100).

284 724 407 752 Vidimus
431 731 519 754 autem
540 727 621 754 alium
648 735 753 762 quoque
775 729 859 756 virum
873 735 994 757 sanciunt
1009 731 1034 758 in

247 769 394 803 Thebaide,
408 771 432 797 in
449 771 546 799 finibus
559 773 725 808 llermopolis
739 774 837 809 (Ila/7.,
847 776 865 802 Ι.
879 783 907 808 ιι,
919 776 1010 810 εαρ.7)
1025 785 1032 803 :

246 817 273 844 in
287 825 365 852 quam
378 818 505 845 εει-νάιοι·
520 819 592 845 vcttit
603 827 662 846 culti
678 825 767 847 sancta
785 821 864 848 Maria
886 826 910 848 cl
922 821 1029 856 .Ioseph,

247 862 361 896 impletis
377 863 541 896 prophetiam
558 863 643 896 Isaitc,
658 872 717 898 qua:
728 865 808 892 dicit:
827 866 894 893 Ecce
905 867 1031 895 Dominus

242 904 317 931 sedet
330 912 410 938 super
423 906 518 932 nubem
533 905 627 938 lcvetn,
641 911 668 933 et
682 908 770 934 veniet
784 909 809 934 in
825 908 986 943 Aigyptum;
1003 916 1030 937 et

242 951 394 984 quatientur
410 951 559 978 manufacta
575 951 681 987 Aigypli
697 962 710 979 ει
727 954 794 980 lacic
809 954 877 988 ejus,
896 960 923 982 et
933 957 1029 983 cadent

242 999 266 1022 iu
284 1002 381 1023 terram
407 996 497 1031 (Isuiw
512 1000 576 1030 χιχ).
610 999 728 1026 Vidimus
752 1002 822 1027 enim
846 1001 901 1028 illic
925 1010 1029 1037 quoque

241 1043 382 1077 templum,
395 1043 421 1070 in
433 1051 495 1077 quo,
510 1044 629 1078 ingresso
644 1047 734 1073 urbem
754 1046 909 1080 Servatore,
924 1056 962 1075 cei
974 1048 1028 1076 ide-

240 1093 301 1116 runt
314 1088 401 1115 omnia
418 1087 558 1116 simulacra
573 1091 597 1116 in
610 1090 703 1118 faciem
720 1100 800 1125 super
817 1098 926 1120 terram.
956 1093 1027 1121 Vidi-

239 1143 298 1162 mus
308 1140 395 1167 autem
411 1135 464 1161 illic
477 1135 502 1162 iu
514 1136 656 1163 solitudine
668 1138 751 1165 virum
766 1159 772 1170 ,
797 1139 892 1173 Apollo
907 1140 1024 1174 nomine,

238 1182 282 1215 qui
298 1180 459 1208 monasteria
474 1181 587 1208 habebat
602 1190 681 1217 super
711 1188 838 1211 tltottlctu.
869 1185 931 1212 Erat
955 1186 1025 1213 enim

239 1232 313 1258 pater
326 1228 516 1255 monachorum
531 1229 635 1255 circiter
655 1229 859 1262 quingentorum
874 1251 879 1261 ,
909 1231 954 1265 qui
969 1236 1026 1258 erat

238 1273 313 1299 valde
329 1273 415 1301 clarus
429 1279 457 1301 et
469 1275 618 1301 celebratus
629 1274 811 1308 in'l‘hcbaide;
827 1281 956 1311 erantque
967 1277 1024 1311 ejus

237 1326 330 1352 magna
345 1327 437 1353 opera,
458 1325 484 1347 et
499 1327 608 1354 magnas
630 1320 740 1347 virtutes
762 1328 808 1355 per
832 1329 892 1348 eum
911 1322 1025 1351 facitbat

235 1365 372 1397 Dominus,
390 1372 416 1393 et
432 1368 546 1401 plurima
559 1369 634 1403 signa
653 1373 678 1395 et
702 1369 868 1397 admirabilia
892 1378 939 1405 per
964 1380 1023 1400 eum

234 1411 431 1440 efficiebantur.
449 1413 495 1440 llic
505 1414 575 1441 enim
585 1422 644 1440 cum
660 1422 673 1440 a
691 1415 801 1448 pueritia
814 1416 1023 1444 tnultamostcn-

233 1456 562 1491 diSSetexercitationetn,
589 1459 614 1485 in
641 1461 757 1493 perfecta
772 1466 849 1488 aetate
877 1462 955 1489 talem
983 1468 1024 1490 est

232 1509 393 1531 consecutus
408 1504 531 1539 gratiam.
561 1505 627 1532 Cum
643 1506 714 1534 cuitu
733 1511 804 1534 esset
826 1509 1021 1541 octogenarius,

233 1548 285 1578 sibi
296 1556 420 1583 magnum
433 1551 604 1584 congregavit
617 1552 812 1579 monasterium
829 1553 945 1580 virorum
961 1561 1020 1587 ter-

232 1593 376 1627 fectorum,
390 1595 434 1630 qui
451 1600 575 1629 poterant
587 1603 682 1623 omnes
696 1596 753 1624 fere
768 1598 843 1632 signa
857 1598 974 1625 efﬁcere.
998 1600 1020 1627 Is
1037 1613 1057 1642 ρ

231 1645 291 1665 cum
306 1639 460 1673 quindecim
473 1648 557 1667 annos
569 1646 646 1668 natus
660 1648 675 1668 a
689 1642 787 1668 mundo
802 1644 967 1677 secessisset,
993 1650 1020 1672 ct

231 1684 406 1719 quadraginta
419 1693 502 1712 annos
519 1687 543 1713 in
557 1687 702 1716 solitudine
715 1689 897 1722 transegisset.
914 1695 939 1715 et
952 1690 977 1715 in
989 1698 1019 1717 ra

231 1738 338 1758 omnem
356 1736 478 1758 virtutem
492 1734 653 1760 exercuisset
669 1734 759 1760 :visus
768 1739 808 1761 est
821 1741 912 1769 postea
927 1737 1020 1763 audire

230 1776 277 1803 Dei
290 1784 392 1809 vocem,
410 1777 426 1804 d
439 1778 523 1804 cenlis
540 1778 563 1804 ei
580 1787 586 1804 :
602 1778 708 1812 Apollo,
730 1779 835 1813 Apollo,
858 1787 904 1813 per
929 1786 954 1807 te
974 1789 1016 1807 sa—

229 1822 355 1854 pientium
374 1824 399 1848 in
412 1822 540 1857 Egypto,
552 1828 577 1850 et
593 1823 760 1857 prudentiam
773 1826 890 1858 gentium
902 1826 1018 1859 pruden-

227 1867 290 1894 tium
304 1868 426 1894 abolcbo.
452 1868 550 1895 l’crdes
572 1874 658 1895 autem
677 1869 741 1896 tnilti
755 1877 815 1896 cum
828 1870 868 1897 eis
880 1872 959 1897 etiam
971 1878 1014 1897 sa-

227 1915 331 1947 pientes
359 1914 510 1950 Baliylunis,
526 1919 551 1941 et
563 1914 596 1942 de
610 1915 698 1942 medio
708 1917 783 1942 tolles
798 1923 903 1942 onmem
917 1916 1015 1943 cnltnn

226 1958 435 1991 dwmoniacum;
454 1964 482 1986 et
501 1967 572 1986 nunc
588 1960 654 1987 vade
676 1960 701 1986 in
722 1968 780 1987 eam
807 1968 866 1995 qua:
882 1961 1015 1989 habitatur

225 2004 377 2037 rgionem;
401 2005 541 2038 gettetabis
558 2005 627 2031 enim
656 2005 720 2032 mitti
749 2006 874 2040 populum
899 2007 1014 2040 peculia-

226 2056 294 2080 rem,
322 2050 504 2076 mmolatorem
521 2050 650 2077 bonorum
671 2058 791 2084 operum.
815 2051 838 2078 ls
863 2057 952 2078 autem
972 2060 1014 2080 re-

224 2094 367 2127 spondens,
387 2094 451 2121 dixit
465 2102 471 2122 :
488 2094 574 2122 Aufer
586 2102 600 2121 a
615 2103 668 2130 tne,
683 2095 805 2129 Domine,
823 2099 1012 2131 arrogantiam,

225 2147 257 2169 ne
277 2139 343 2166 forte
355 2141 440 2166 elatus
448 2148 526 2174 supra
540 2140 745 2173 fraternitatem,
756 2141 846 2174 priver
856 2142 929 2168 omtti
943 2143 1012 2169 bono

222 2192 302 2218 opere
316 2184 379 2219 (Tit.
394 2185 435 2220 ιι).
456 2186 486 2212 Ei
501 2191 590 2214 autem
615 2193 708 2213 rursus
731 2187 795 2213 dixit
821 2194 870 2214 vox
891 2186 979 2214 divina
1004 2196 1009 2213 :

221 2229 295 2256 Mitte
317 2238 424 2257 tnanutn
452 2236 522 2258 tuam
550 2239 631 2265 super
651 2231 747 2258 collum
769 2236 852 2264 tuntn,
874 2238 900 2259 et
914 2232 1010 2260 deinde

221 2275 442 2308 cempreltendes,
464 2281 490 2303 et
509 2275 623 2306 infodies
642 2283 732 2304 arena.
751 2277 774 2304 ls
786 2282 875 2304 autem
888 2285 947 2304 cum
956 2283 1009 2305 sta-

220 2328 267 2351 tim
279 2331 386 2350 tttanum
406 2324 523 2350 misisset
536 2330 619 2358 super
634 2324 743 2358 collum,
756 2325 932 2359 apprehendit
944 2333 1006 2360 par-

220 2378 280 2396 vum
293 2369 458 2405 Ethiopem,
478 2374 506 2401 et
524 2377 585 2399 eum
599 2368 694 2397 infudit
709 2370 736 2397 in
753 2378 832 2398 arena
848 2372 1007 2399 clamantem

218 2421 245 2443 et
258 2415 392 2443 dicentem
405 2424 412 2443 :
441 2416 497 2450 Ego
510 2423 569 2443 sum
584 2415 690 2443 daemon
714 2417 856 2449 superbiae.
872 2417 905 2445 Et
915 2426 1007 2445 rursus

217 2462 285 2488 tacta
299 2466 341 2489 est
355 2468 405 2488 vox
416 2461 449 2488 ad
462 2469 533 2494 eum,
550 2461 642 2488 dicens
655 2471 660 2488 :
683 2461 765 2495 Vade,
798 2462 922 2496 quoniam
936 2464 1006 2497 quod

216 2514 231 2534 a
248 2509 303 2534 Deo
314 2506 432 2541 petieris,
457 2507 582 2540 accipies.
609 2508 633 2534 is
647 2512 734 2534 autem
748 2515 808 2534 cum
821 2509 935 2542 primum
956 2509 1005 2536 hoc

215 2553 346 2587 audisset,
359 2553 492 2587 profectus
505 2552 590 2587 est_in
613 2560 670 2581 eam
686 2562 745 2588 qua:
764 2555 899 2582 habitatur
918 2555 1006 2589 regio-

216 2607 291 2632 nem,
315 2603 436 2634 tempore
449 2598 546 2628 Juliani
562 2600 677 2634 tyranni,
691 2604 718 2627 et
734 2605 796 2627 tunc
809 2601 888 2628 venit
898 2601 926 2629 in
939 2608 1003 2636 pro-

214 2646 340 2681 pinquam
351 2645 532 2672 solitudinem.

248 2691 315 2719 Cum
329 2691 470 2726 quamdam
494 2695 582 2718 autem
598 2698 706 2726 parvam
727 2697 884 2726 occupasset
895 2691 1002 2726 spelun-

211 2745 282 2770 cam,
305 2738 430 2765 manebat
440 2738 532 2764 subter
541 2741 670 2764 montem.
681 2738 745 2773 Ejus
755 2743 844 2765 autem
855 2746 922 2773 opus
932 2743 999 2770 erat,

211 2787 268 2810 toto
279 2784 377 2811 diurno
390 2784 476 2818 spatio
490 2791 581 2818 preces
593 2784 686 2817 edere;
714 2788 794 2811 noctu
814 2785 921 2817 quidem
937 2791 1000 2811 cen»

211 2828 272 2861 ties,
284 2828 399 2856 interdiu
413 2833 502 2857 autem
515 2829 605 2874 tqlies,
617 2828 692 2856 ﬂexis
701 2829 824 2864 genibus.
833 2830 898 2864 Ejus
912 2833 999 2856 autem

209 2873 366 2909 pliqtentum
389 2879 453 2903 tunc
477 2882 580 2910 quoque
605 2876 673 2904 sicut
694 2875 776 2908 prius,
804 2875 955 2908 admirabili
975 2881 1000 2905 et

1095 286 1167 320 enim
1185 286 1210 314 in
1219 287 1362 317 solitudine
1373 298 1421 325 per
1428 292 1550 328 angelum
1564 293 1725 322 atterebatur
1734 296 1871 323 nutrimen-

1095 336 1161 359 tum.
1187 332 1251 368 Ejus
1279 339 1367 362 autem
1387 336 1571 366 indumentum
1595 344 1654 367 erat
1672 340 1780 374 lebiton,
1807 342 1870 376 quod

1094 378 1213 405 nonnulli
1239 379 1371 408 colobium
1395 382 1538 417 appellant,
1573 388 1602 411 et
1628 392 1737 420 parvum
1769 386 1870 415 linteum

1093 424 1120 451 iu
1146 424 1205 462 ejus
1230 427 1326 461 capite.
1347 427 1410 456 [late
1437 429 1508 457 enim
1527 430 1551 458 ei
1575 431 1717 460 manebant
1739 433 1764 460 in
1783 433 1869 461 solitu-

1092 467 1164 502 dine,
1190 477 1241 498 nec
1265 473 1473 502 veterascebaut.
1499 474 1561 502 Erat
1575 481 1664 504 autem
1689 477 1716 504 in
1735 478 1870 506 solitudine

1091 516 1238 551 propinqua
1254 521 1333 545 terra:
1352 526 1412 553 quas
1429 519 1573 554 habitatur,
1585 521 1685 550 faciens
1697 523 1772 558 signa
1786 529 1812 551 et
1824 524 1869 551 vir-

1090 564 1160 588 tutes
1172 562 1344 591 admirabiles
1359 563 1385 590 in
1403 564 1501 593 virtute
1515 565 1629 600 Spiritus
1646 575 1654 594 :
1673 575 1742 603 quas
1768 572 1869 603 propter

1089 606 1208 633 miraculi
1223 606 1352 642 insignem
1364 610 1572 644 magnitudinem
1591 619 1671 640 nemo
1685 617 1772 648 potest
1781 620 1867 641 omnes

1088 651 1187 684 dicere,
1203 653 1270 680 sicut
1284 654 1434 682 audivimus
1447 662 1463 684 ι
1474 656 1583 684 senibus
1603 657 1719 692 quicum
1732 665 1766 686 eo
1777 665 1864 686 versa-

1087 696 1193 729 bantur,
1207 699 1251 732 qui
1268 699 1316 733 ipsi
1336 708 1442 735 quoque
1453 706 1530 729 erant
1552 702 1600 730 viri
1615 703 1736 737 perfecti,
1750 707 1866 738 etprae-

1086 747 1145 768 rant
1158 743 1247 771 multis
1262 744 1398 773 fratribus.
1414 746 1475 774 Fuit
1490 747 1578 782 itaque
1599 748 1720 782 protinus
1738 748 1826 776 clarus
1837 756 1865 776 ac

1085 786 1248 825 celebratus,
1266 795 1390 825 tanquam
1404 798 1491 819 novus
1502 792 1598 827 aliquis
1616 793 1743 828 propheta
1757 793 1800 821 vel
1810 800 1865 827 apo-

1084 835 1178 867 stolus,
1192 835 1236 869 qui
1253 837 1469 864 venissetnostro
1480 838 1592 871 saeculo;
1607 842 1703 866 etcum
1718 845 1815 873 magna
1827 837 1862 865 fa-

1083 888 1125 907 ma
1143 882 1176 908 de
1203 889 1235 908 eo
1251 889 1342 915 sparsa
1369 887 1450 917 8538',
1462 891 1556 912 omnes
1569 884 1614 920 qui
1632 884 1862 913 circumcircadis-

1046 927 1066 956 Β
1082 926 1153 960 persi
1169 925 1323 954 habitabant
1333 928 1467 961 monachi,
1482 935 1588 964 semper
1601 930 1634 957 ad
1647 937 1707 957 eunt
1715 930 1859 964 veniebant,

1081 975 1107 998 et
1123 976 1245 1007 tanquam
1259 973 1323 1006 putri
1337 981 1474 1007 germano,
1485 974 1554 1002 dona
1571 982 1633 1002 snas
1651 975 1861 1003 oﬂerebautaot—

1081 1026 1146 1045 mas.
1160 1019 1183 1045 ls
1198 1024 1286 1046 autem
1311 1021 1379 1047 alios
1401 1021 1508 1055 quidem
1530 1022 1685 1050 hortabatur
1698 1022 1731 1050 ad
1745 1026 1859 1050 eontemv

1080 1063 1238 1097 plationem;
1254 1064 1320 1092 alios
1333 1073 1396 1093 vero
1411 1067 1575 1101 instituebat,
1599 1072 1629 1095 ut
1641 1071 1859 1103 persequerentur

1080 1106 1214 1142 virtutem,
1245 1118 1303 1144 quas
1318 1116 1438 1139 versatur
1457 1113 1482 1139 itt
1499 1113 1611 1146 actione,
1639 1113 1756 1147 primum
1775 1117 1859 1141 osten-

1078 1154 1144 1181 dens
1159 1162 1240 1189 opere
1254 1163 1284 1183 ea
1299 1165 1357 1191 qum
1370 1158 1441 1191 ipsos
1457 1159 1542 1186 facere
1556 1159 1715 1187 admonebat
1726 1166 1855 1188 sermone.

1077 1199 1152 1233 Saepe
1168 1201 1237 1227 enitn
1258 1202 1296 1228 eis
1318 1203 1461 1231 ostendens
1475 1204 1703 1238 exercitationem,
1724 1205 1856 1233 Dominlca

1076 1245 1161 1272 solum
1177 1253 1238 1273 cum
1253 1247 1290 1274 eis
1302 1249 1476 1277 versabatur:
1493 1250 1548 1283 ipse
1564 1250 1669 1284 quidem
1685 1258 1738 1278 non
1750 1250 1855 1285 amplius

1076 1298 1195 1323 sumens,
1225 1300 1303 1326 quato
1320 1294 1391 1321 olera
1405 1302 1462 1329 quae
1487 1302 1534 1322 sua
1562 1301 1657 1330 sponte
1675 1296 1853 1324 nascunturiu

1078 1340 1164 1369 terra;
1181 1345 1232 1364 non
1250 1345 1345 1372 panem
1359 1339 1465 1367 interim
1477 1341 1518 1368 vel
1535 1340 1667 1376 legumen,
1682 1349 1735 1369 non
1757 1349 1791 1369 ex
1804 1341 1852 1370 fru-

1076 1383 1163 1410 ctibus
1188 1384 1313 1410 arborum
1333 1385 1434 1419 aliquid
1455 1386 1611 1420 comedens,
1632 1393 1682 1416 nec
1694 1393 1851 1422 quantm

1077 1428 1129 1462 igni
1141 1428 1246 1455 adtrota
1258 1430 1366 1457 veniunt
1377 1431 1403 1457 itt
1416 1438 1478 1458 usus
1493 1431 1638 1460 hominum.

1109 1486 1175 1513 Cum
1189 1492 1278 1514 autem
1303 1491 1423 1522 tempore
1453 1488 1550 1516 Juliani
1576 1489 1717 1524 aliquando
1730 1489 1850 1519 audibat

1075 1533 1182 1560 ιλιι-ειη
1198 1534 1223 1561 ὶιι
1237 1536 1355 1561 exercitu
1371 1540 1477 1570 captum
1489 1535 1606 1563 vinclum
1622 1535 1704 1566 teneri
1719 1535 1746 1564 in
1769 1540 1848 1564 custo-

1074 1579 1126 1611 dia,
1140 1581 1251 1607 accessit
1267 1581 1299 1608 ad
1315 1588 1376 1608 cum
1391 1589 1451 1608 cum
1464 1582 1641 1617 fraternitate,
1652 1590 1749 1618 rogans
1758 1590 1815 1612 eum
1825 1587 1848 1612 et

1074 1627 1231 1660 admonens,
1249 1631 1277 1654 ut
1291 1627 1446 1655 essetfortis
1460 1632 1487 1655 et
1497 1634 1621 1656 constans
1635 1629 1662 1657 in
1677 1628 1847 1663 laboribqu

1072 1672 1222 1705 despiceret
1237 1672 1354 1706 pericula
1369 1672 1420 1700 sibi
1439 1673 1616 1701 imminentia.
1631 1673 1700 1702 Dicit
1712 1673 1778 1702 enim
1789 1679 1844 1701 me

1071 1717 1121 1744 sibi
1136 1722 1238 1751 tempus
1250 1718 1445 1751 certaminum,
1480 1723 1509 1746 ut
1541 1723 1606 1745 tunc
1634 1725 1739 1755 quoque
1769 1724 1838 1745 mal:

1070 1761 1127 1796 ejus
1142 1763 1268 1796 probetur
1289 1762 1388 1790 insultu
1404 1764 1588 1791 tentationum.
1614 1763 1746 1800 Postqll
1755 1766 1832 1789 antae

1070 1809 1111 1835 his
1126 1809 1214 1837 verbis
1226 1810 1282 1843 ejus
1297 1809 1414 1836 animum
1424 1808 1600 1843 confirmavit,
1613 1809 1752 1838 adveniens
1760 1806 1831 1836 tribu-

1070 1862 1129 1887 nus,
1143 1855 1188 1889 qui
1204 1854 1317 1890 quodam
1331 1855 1440 1882 sceleris
1453 1855 1706 1896 ferebaturimpetu,
1718 1861 1774 1882 eum
1785 1852 1837 1888 qui-

1068 1901 1128 1928 dam
1145 1901 1168 1927 ei
1181 1900 1214 1928 de
1229 1901 1293 1935 ipsis
1309 1901 1493 1935 signiﬁcasset,
1512 1901 1610 1928 clausis
1622 1900 1704 1936 ponis
1715 1897 1840 1931 custodia,

1067 1949 1094 1972 et
1106 1945 1191 1980 ipsum
1205 1950 1230 1973 et
1246 1954 1338 1973 omnes
1353 1947 1396 1980 qui
1411 1953 1471 1973 cum
1480 1953 1512 1972 eo
1523 1950 1599 1973 erant
1609 1944 1754 1973 monachos
1767 1943 1843 1972 inclu-

1066 1992 1111 2024 sit,
1128 1997 1251 2026 tanquant
1268 1992 1370 2019 futuros
1390 1997 1466 2026 aptos
1485 1992 1518 2019 ad
1531 1991 1668 2025 militiam;
1690 1996 1720 2019 et
1731 1998 1790 2018 cum
1809 1990 1844 2016 eis

1066 2042 1131 2073 quot
1144 2038 1208 2065 satis
1227 2043 1316 2064 essent
1335 2037 1460 2064 custodes
1477 2036 1668 2072 constituisset,
1689 2035 1796 2064 domum
1805 2042 1846 2062 ro-

1065 2084 1126 2115 diit,
1142 2090 1192 2110 nec
1212 2083 1346 2110 auditione
1360 2083 1466 2117 quidem
1485 2083 1518 2111 ab
1541 2083 1580 2110 eis
1598 2082 1686 2118 rogari
1704 2081 1845 2110 sustinens.

1066 2128 1151 2156 Media
1165 2133 1253 2156 autem
1269 2134 1356 2162 nocte,
1374 2129 1521 2163 lampadem
1547 2126 1760 2163 ferensoangelua
1770 2133 1846 2162 appa-

1064 2179 1106 2201 rct
1118 2175 1284 2208 custodibus,
1301 2175 1399 2202 lumine
1414 2175 1550 2203 illustrans
1568 2181 1661 2202 omnes
1674 2174 1720 2210 qui
1733 2177 1810 2202 enm
1822 2173 1847 2200 in

1063 2227 1181 2253 carcere,
1204 2220 1271 2248 adeo
1296 2226 1323 2248 ut
1333 2229 1386 2256 pra:
1402 2226 1512 2256 stupore
1524 2221 1628 2248 hiantes
1646 2226 1748 2248 starent
1758 2225 1847 2249 custo-

1063 2267 1120 2293 des.
1141 2267 1191 2300 Qui
1214 2275 1273 2294 eam
1288 2267 1478 2302 sutrexissent,
1503 2275 1550 2296 eos
1565 2273 1691 2303 rogarunt
1704 2272 1734 2295 ut
1755 2273 1847 2294 omnes

1064 2312 1178 2345 abirent,
1193 2314 1232 2340 cis
1248 2313 1348 2348 apertis
1360 2313 1465 2350 jaouis;
1487 2313 1638 2342 fatebantur
1650 2314 1720 2342 enim
1733 2321 1795 2342 csso
1803 2319 1847 2341 δαν

1063 2357 1113 2385 tius
1125 2366 1172 2392 pro
1192 2358 1226 2385 iis
1241 2359 1318 2392 mori,
1335 2367 1413 2394 quam
1431 2367 1489 2394 qure
1504 2360 1536 2386 ad
1547 2366 1594 2387 eos
1609 2359 1735 2387 divinitus
1761 2359 1847 2387 venis-

1060 2407 1102 2431 set
1117 2403 1266 2431 libertatcm
1279 2405 1322 2439 qui
1335 2405 1401 2431 citra
1418 2405 1548 2432 rationem
1561 2404 1746 2433 detinebantur
1758 2404 1847 2441 despi-

1061 2455 1133 2475 cere.
1151 2449 1286 2476 Tribunus
1301 2449 1389 2484 itaque
1403 2456 1464 2477 cum
1489 2450 1687 2485 inagisu-atibns
1701 2457 1781 2478 mane
1799 2457 1847 2478 ve-

1060 2493 1136 2521 niens
1146 2494 1171 2522 in
1186 2495 1345 2528 custodiam,
1360 2496 1539 2524 contendebat
1552 2500 1580 2527 ut
1594 2497 1641 2524 viri
1656 2495 1847 2532 egrederentur

1057 2548 1072 2568 c
1083 2540 1205 2575 civitate;
1219 2541 1323 2568 diccbat
1337 2542 1408 2569 enim
1422 2542 1530 2570 domutn
1541 2550 1615 2570 suam
1624 2542 1752 2571 cecidisse
1767 2546 1847 2571 terra

1057 2592 1142 2619 motu,
1163 2591 1190 2613 et
1205 2595 1220 2614 e
1241 2587 1295 2614 suis
1320 2588 1406 2615 servis
1421 2588 1537 2622 optimos
1548 2595 1690 2624 oppressos
1703 2587 1796 2616 fuisse.
1825 2586 1845 2615 li

1057 2639 1146 2661 autem
1162 2633 1219 2661 haec
1232 2634 1380 2666 audientes,
1396 2635 1450 2662 Deo
1468 2635 1569 2670 gratias
1583 2638 1703 2670 agentes,
1721 2633 1845 2664 abierunt

1056 2680 1082 2707 io
1110 2680 1298 2714 solitudinem,
1327 2685 1457 2715 erantque
1481 2688 1575 2708 omnes
1606 2681 1707 2714 simul,
1729 2684 1759 2707 ut
1777 2679 1846 2707 dicit

1054 2726 1211 2761 Apostolus,
1237 2726 1365 2754 habentes
1389 2733 1436 2754 cor
1461 2734 1542 2754 unum
1568 2730 1597 2767 et
1621 2733 1701 2759 unam
1726 2725 1844 2753 animam

1056 2772 1124 2807 (Act.
1141 2771 1190 2803 tv).

1091 2827 1208 2856 Docebat
1223 2833 1312 2857 autem
1331 2828 1451 2864 quotidie
1464 2828 1553 2856 omari
1565 2827 1718 2861 virtutibus,
1744 2829 1772 2854 et
1783 2819 1850 2853 tua;

1050 2874 1145 2903 ebiuas
1161 2873 1259 2904 diaboli
1271 2875 1297 2903 in
1317 2874 1522 2910 cogitationibus
1535 2873 1563 2903 in
1576 2872 1709 2915 principio
1720 2872 1845 2917 promtu}
