4028 6438
342 363 478 431 1137

1570 362 1622 422 Η
1634 362 1940 424 ῈΞΤΟΗΙΑ
1977 362 2370 424 LAUSIACA.

3467 361 3607 427 1138

337 474 620 545 σπήλαιον,
647 471 786 524 ὥστε
825 469 918 524 καὶ
935 469 995 523 1:6
1023 468 1154 523 ἰδεῖν
1181 467 1345 522 αὑτὸν
1380 467 1502 523 λίαν
1540 462 1608 539 ἦν
1661 469 1914 542 φοϐερόν.
1943 477 1998 539 Α
2021 468 2352 531 τοσαυτάκις
2384 466 2440 520 δέ
2470 467 2528 520 ἐν
2559 469 2626 539 τῇ
2653 467 2865 541 ἡμέρα,
2907 468 3251 539 κάμπτοντος
3280 471 3349 527 τά
3380 474 3603 542 γόνατα.

337 568 577 636 Ἕτρεμε
599 564 654 617 δὲ
686 561 875 616 λοιπὸν
913 561 1031 625 ὅλος
1060 559 1165 614 ὑπὸ
1189 559 1286 613 τοῦ
1308 559 1498 630 γήρως
1525 561 1907 632 συνεχόμενος.

334 658 513 713 Πολλά
556 657 613 710 δὲ
663 656 784 710 καθ’
809 655 1051 726 ἐκάστην
1101 653 1316 724 ἡμέραν
1374 654 1579 722 σημεῖα
1620 653 1911 720 ἐπιτελῶν,

332 753 427 806 καὶ
469 749 696 821 ἰώμενος
727 749 853 812 τοὺς
887 747 1198 816 κάμνοντας
1227 745 1329 800 οὐκ
1378 745 1640 800 ἐπαύετο.
1679 745 1911 816 Ἔλεγον

329 846 386 900 δέ
433 846 561 915 περί
615 842 781 898 αὑτοῦ
808 844 859 896 οἰ
916 841 1164 910 Πατέρες
1199 881 1214 904 ,
1268 840 1351 892 ὅτι
1401 839 1579 903 οὐδεὶς
1631 839 1907 910 μέμνηται

327 940 427 1008 τὴν
459 936 624 991 αὐτοῦ
659 940 718 991 ἐν
740 935 818 1007 τῷ
877 935 992 1006 δρει
1023 933 1397 1006 γεγενημένην
1435 931 1642 988 ἄνοδον.
1675 931 1905 986 Ἤσθιεν

325 1033 383 1085 δὲ
419 1033 477 1086 ἐν
513 1030 593 1101 τῷ
632 1031 793 1101 γήρει
831 1030 982 1099 τρεῖς
1009 1026 1242 1095 ούγγίας
1289 1026 1454 1097 ἄρτου
1513 1026 1594 1088 εἰς
1645 1025 1908 1094 ἑσπέραν,

327 1123 421 1174 καὶ
473 1123 623 1191 τρεῖς
660 1120 870 1183 ἐλαίας.
910 1120 1001 1173 Ἐν
1043 1117 1343 1188 νεότητιδέ
1371 1115 1460 1172 ἀεὶ
1509 1114 1578 1170 δι’
1613 1114 1910 1187 ἐϐδομάδος

324 1209 520 1268 ἐσθίων
547 1208 696 1274 ἅπαξ
720 1209 964 1264 διετέλει.

920 1367 1176 1421 ΚΕΦΑΛ.
1211 1366 1339 1421 NB’.

705 1499 847 1570 Περί
884 1499 991 1554 τοῦ
1041 1496 1194 1554 dead
1231 1495 1516 1552 Ἀπολλῶ.

304 1653 309 1659 ’
401 1657 783 1727 Ἐθεασάμεθα
809 1657 865 1710 δὲ
891 1656 984 1710 καὶ
1013 1655 1202 1726 ’έτερον
1254 1654 1429 1726 ἄνδρα
1476 1654 1631 1723 ἅγιον
1679 1652 1909 1722 ὀνόματι

331 1751 596 1818 ’Λπολλῶ,
627 1753 683 1804 ἐν
714 1751 964 1818 Θηϐαΐδι,
994 1752 1052 1802 ἐν
1085 1749 1253 1820 ὁρίοις
1295 1747 1714 1818 Ἕρμουπόλεως
1735 1760 1748 1774 ’
1779 1745 1837 1797 ἐν

2031 558 2097 612 Ἥ
2129 559 2306 629 τροφὴ
2358 557 2417 612 δὲ
2476 558 2645 612 αὐτοῦ
2691 560 2831 624 τέως
2880 560 3133 632 καθάπερ
3186 565 3404 634 πρῶτον
3455 569 3608 639 παρὰ

2016 649 2154 704 Θεοῦ
2202 651 2261 714 ἐξ
2290 650 2600 720 ἀμηχανίας
2640 651 2978 722 ἐχορηγεῖτο.
3034 654 3124 707 Ἐν
3169 658 3237 727 τῇ
3273 657 3468 730 ἐρήμῳ
3496 660 3607 732 γὰρ

2015 741 2166 813 αὐτῷ
2195 743 2228 811 ή
2255 741 2430 813 τροφὴ
2462 745 2594 814 παρ’
2627 744 2861 812 ἀγγέλου
2889 745 3196 817 ἐκομίζετο.
3220 748 3294 802 Τὸ
3318 748 3374 802 δέ
3403 749 3609 820 ἔνδυμα

2013 829 2082 906 ἦν
2112 835 2260 906 αὑτῷ
2291 836 2318 888 6
2351 836 2601 902 λεϐιτὼν,
2645 839 2816 910 ὅνπερ
2847 837 2994 902 τινὲς
3037 839 3279 894 κολόϐιον
3328 859 3607 913 προσαγο-

2021 929 2261 999 ρεύουσι,
2287 931 2383 982 καὶ
2409 929 2614 984 λέντιον
2645 931 2842 1002 μικρὸν
2866 933 2959 985 ἐπὶ
2988 935 3090 1003 τήν
3139 934 3382 1006 κεφαλὴν
3415 935 3604 990 αὑτοῦ.

2015 1019 2206 1074 Ταῦτα
2232 1020 2340 1092 γάρ
2379 1020 2529 1092 αὐτῷ
2559 1022 2618 1075 ἐν
2642 1024 2708 1093 τῇ
2735 1023 2929 1095 ἐρήμῳ
2961 1023 3185 1095 ἔμειναν
3235 1024 3312 1097 μὴ
3346 1025 3607 1080 παλαιου-

2022 1107 2310 1182 μένα.*Ην
2330 1113 2460 1182 γοῦν
2489 1114 2548 1167 ἐν
2575 1117 2640 1186 τῇ
2664 1114 2894 1184 πλησίον
2912 1117 3010 1187 τῆς
3030 1117 3358 1188 οἰκουμένης
3385 1118 3603 1190 ἐρήμῳ⁹

2015 1206 2073 1257 ἐν
2096 1207 2164 1276 τῇ
2199 1203 2430 1276 δυνάμει
2457 1205 2659 1274 διάγων
2685 1205 2780 1259 τοῦ
2816 1207 2956 1261 Πνεύ
2967 1226 3159 1278 ματος,
3199 1211 3400 1281 σημεῖα
3429 1209 3486 1262 δέ
3509 1210 3606 1264 καί

2016 1296 2186 1360 ἰάσεις
2227 1295 2489 1350 ἐπιτελῶν
2519 1295 2860 1366 θαυμαστάς,
2889 1296 2956 1361 ἃς
2989 1299 3090 1350 οὐκ
3123 1298 3188 1352 ἄν
3218 1315 3302 1362 τις
3337 1297 3404 1351 δι’
3435 1297 3605 1369 ὑπερ-

2014 1387 2175 1460 ϐολὴν
2202 1387 2479 1458 θαύματος
2502 1388 2682 1451 πάσας
2708 1387 2945 1454 ἐξειπεῖν
2969 1387 3214 1454 δύναται,
3236 1388 3420 1452 καθὼς
3449 1387 3604 1460 παρά

2012 1480 2123 1534 τῶν
2166 1480 2435 1534 συνόντων
2475 1479 2625 1551 αύτῷ
2683 1480 3071 1552 πρεσϐυτέρων
3116 1479 3456 1551 ἠκούσαμεν,
3506 1480 3604 1533 καὶ

2013 1569 2195 1623 αὐτῶν
2217 1569 2438 1623 τελείων
2463 1569 2632 1623 όντων
2654 1571 2749 1623 καὶ
2783 1571 3105 1641 ἡγουμένων
3141 1569 3343 1640 πολλῆς
3383 1569 3604 1638 ἀδελφό-

2011 1679 2195 1732 τητος.
2236 1662 2466 1730 Γέγονεν
2503 1662 2598 1716 οὖν
2629 1663 2790 1726 εὐθὺς
2837 1663 3122 1734 διαϐόητος
3155 1665 3183 1717 6
3223 1664 3383 1734 ἀνὴρ,
3420 1662 3497 1726 ὡς
3535 1663 3603 1716 ἂν

2012 1755 2131 1819 νέος
2165 1773 2250 1819 τις
2285 1757 2572 1826 προφήτης
2597 1757 2690 1809 καί
2719 1756 3018 1819 ἀπόστολος
3064 1759 3130 1827 τῇ
3164 1755 3410 1826 ἡμετέρᾳ
3438 1757 3604 1826 γενεᾷ

316 1846 346 1897 6
373 1846 561 1918 Σωτὴρ
593 1845 731 1917 μετὰ
751 1845 853 1916 τῆς
882 1844 1153 1915 παρθένου
1187 1841 1407 1913 Μαρίας
1443 1841 1536 1895 καὶ
1565 1838 1660 1892 τοῦ
1693 1838 1906 1892 δικαίου
1940 1829 1982 1883 Β
2014 1849 2401 1917 ἐπτφοιτὴσας.
2449 1849 2644 1918 Φήμης
2688 1847 2745 1901 δέ
2784 1847 2988 1915 πολλῆς
3024 1848 3153 1918 περὶ
3185 1847 3349 1900 αὐτοῦ
3383 1846 3602 1917 διαδράς-

328 1938 526 2010 Ἰωσὴφ
559 1938 910 2007 παρεγένετο,
961 1935 1184 1988 Ἡσαΐου
1237 1933 1339 2005 τὴν
1389 1929 1725 2004 προφητείαν
1775 1931 1908 1983 ἀνα-

315 2033 559 2104 πληρῶν,
586 2031 872 2102 λέγοντος’
918 2029 1046 2083 Ἰδοὺ
1094 2027 1298 2099 Κύριος
1334 2026 1568 2098 κάθηται
1607 2024 1701 2080 ἐπὶ
1742 2021 1905 2092 νεφέ-

311 2125 409 2194 λης
436 2125 668 2196 κούφης,
705 2125 800 2177 καὶ
824 2123 945 2192 ἥξει
970 2123 1048 2186 εἰς
1072 2124 1373 2190 Αἴγυπτον,
1405 2119 1501 2173 καί
1526 2117 1904 2188 σεισθὴσονται

311 2217 666 2287 χειροποίητα
695 2215 973 2282 Αἰγύπτου
995 2213 1102 2266 ἀπ’)
1137 2212 1430 2284 προσώπου
1459 2210 1648 2277 αὑτοῦ,
1681 2209 1775 2262 καί
1801 2226 1904 2261 πε-

313 2305 535 2359 σοῦνται
568 2307 661 2358 ἐπί
683 2304 780 2376 τὴν
802 2305 927 2373 γῆν.
971 2305 1184 2372 Ἴδομεν
1223 2303 1340 2356 ἐκεῖ
1366 2302 1459 2355 καί
1489 2303 1580 2353 τὸν
1602 2300 1727 2352 ναὸν
1749 2298 1898 2364 ἔνθα,

311 2394 642 2458 εἰσελθόντος
661 2394 754 2447 τοῦ
781 2394 934 2461 Σωτῆ
945 2409 1034 2463 ρος
1057 2393 1113 2444 ἐν
1133 2394 1200 2462 τῇ
1219 2393 1396 2457 πόλει,
1413 2392 1482 2444 τὰ
1506 2390 1700 2445 εἴδωλα
1724 2390 1902 2444 πάντα

312 2487 615 2541 κατέπεσεν
659 2485 753 2538 ἐπὶ
789 2484 1082 2556 πρόσωπον
1142 2484 1224 2546 εἰς
1257 2483 1357 2554 τὴν
1383 2482 1508 2553 γῆν.
1542 2483 1754 2553 Ἴδομεν
1808 2480 1902 2535 οῦν

311 2581 404 2633 τὸν
443 2579 613 2650 ἄνδρα
663 2577 851 2631 τοῦτον
882 2577 939 2630 ἐν
966 2579 1033 2649 τῇ
1063 2578 1256 2648 ἐρήμῳ
1305 2575 1410 2629 ὑπὸ
1437 2574 1498 2628 τὺ
1547 2574 1673 2646 ὅρος
1707 2573 1900 2646 ἔχοντα

315 2673 703 2743 μοναστήριον,
737 2671 962 2742 Πατέρα
987 2671 1062 2734 ὡς
1096 2668 1472 2723 πεντακοσίων
1498 2667 1750 2738 μοναχῶν
1775 2683 1790 2698 ο
1841 2666 1900 2730 6;

307 2765 594 2835 διαϐόητος
626 2766 686 2818 ἐν
723 2763 988 2835 Θηϐαΐδι·
1023 2763 1120 2817 καί
1163 2762 1302 2833 ἔργα
1339 2760 1552 2832 μεγάλα
1599 2755 1668 2830 ἦν
1727 2757 1896 2829 αύτῷ,

307 2857 404 2912 καὶ
450 2857 712 2926 δυνάμεις
767 2855 1011 2927 μεγάλας
1061 2854 1238 2908 ἐποίει
1276 2853 1344 2908 δι’
1395 2851 1560 2906 αὐτοῦ
1595 2852 1625 2904 6
1668 2850 1894 2920 Κύριος.

307 2947 518 3018 Σημεῖα
545 2946 603 3000 δὲ
631 2947 773 3000 πάνυ
804 2945 976 3000 πολλά
1010 2946 1078 3000 δι’
1114 2943 1280 2999 αὐτοῦ
1319 2943 1692 3000 ἐπετελοῦντο.
1732 2937 1900 3006 Οὗτος

307 3037 416 3108 γάρ
446 3039 512 3092 ἐκ
534 3036 787 3092 παιδόθεν
819 3035 1021 3109 πολλὴν
1053 3038 1288 3107 ἄσκησιν
1312 3035 1786 3104 ἐνδειξάμενος,ἐν
1819 3031 1897 3104 τῷ

304 3130 448 3190 τέλει
472 3131 570 3202 τῆς
597 3130 810 3202 ἡλικίας
839 3130 1108 3200 τοσαύτης
1130 3129 1286 3200 ἔτυχε
1321 3129 1563 3200 χάριτος.
1604 3127 1897 3196 Ὀγδοηκς-

2017 1941 2250 2011 μούσης,
2283 1940 2486 2004 πάντες
2507 1941 2558 1994 οί
2588 1941 2747 2011 πέριξ
2779 1941 3053 2013 σποράδην
3080 1942 3332 2012 μένοντες
3375 1941 3602 2010 μοναχοί

2015 2033 2153 2103 πρὸς
2179 2033 2342 2086 αὐτὸν
2364 2033 2451 2086 ἀεὶ
2473 2032 2724 2102 ἔφθανον,
2749 2033 2824 2096 ὠς
2841 2033 3012 2101 πατρί
3035 2031 3245 2106 γνησίῳ
3267 2033 3364 2096 τὰς
3393 2031 3601 2086 ἑαυτῶν

2011 2123 2188 2195 ψυχάς
2217 2125 2365 2196 δῶρα
2394 2125 2815 2198 προσφέροντες.
2863 2126 2921 2179 '0
2946 2127 3001 2178 δὲ
3031 2125 3123 2190 οὓς
3159 2127 3257 2196 μέν
3294 2130 3427 2198 πρὸς
3461 2125 3601 2178 θεω-

2017 2218 2137 2288 ρίαν
2167 2217 2556 2287 προσεκαλεῖτο
2575 2260 2589 2283 ,
2623 2215 2714 2281 οὓς
2745 2217 2919 2289 δὲτὴν
2943 2219 3252 2289 πρακτικὴν
3281 2216 3600 2281 συνεϐίϐαξε

2015 2308 2291 2379 μετελθεῖν
2323 2309 2553 2380 ἀρετήν·
2585 2309 2802 2379 πρῶτον
2833 2310 3045 2371 δεικνὺς
3077 2309 3244 2380 ἔργῳ,
3285 2310 3427 2380 άπερ
3457 2309 3602 2380 λόγῳ

2011 2401 2188 2452 ποιεῖν
2217 2398 2411 2462 ἄλλους
2450 2399 2741 2452 ἐνουθέτει.
2779 2399 3046 2461 Πολλάκις
3095 2399 3202 2472 γάρ
3243 2399 3600 2454 ἐπιδεικνύων

2009 2491 2195 2553 αὐτοῖς
2217 2489 2314 2560 τὴν
2340 2490 2594 2559 ἄσκησιν,
2629 2490 2770 2542 κατά
2791 2491 3075 2560 Κυριακὴν
3094 2491 3256 2560 μόνον
3285 2489 3400 2562 μετ’
3418 2490 3599 2545 αὐτῶν

2013 2580 2430 2651 μετελάμϐανεν
2453 2597 2466 2613 ·
2501 2581 2662 2644 αὐτὸς
2693 2582 2812 2650 μὲν,
2845 2582 2877 2652 ἦ
2917 2585 3038 2636 ὅσον
3068 2599 3175 2653 περ
3206 2582 3315 2635 τῶν
3347 2582 3598 2653 λαχάνων

2009 2673 2331 2743 αὐτομάτως
2387 2675 2452 2726 ἐκ
2501 2673 2604 2744 τῆς
2641 2675 2745 2744 γῆς
2790 2674 3076 2743 ἀνεφύετο,
3130 2675 3230 2728 οὐκ
3259 2674 3446 2746 ἄρτον,
3495 2675 3598 2728 οὐκ

2007 2765 2258 2838 ὄσπριον,
2287 2769 2349 2820 οὐ
2380 2767 2490 2820 τῶν
2522 2769 2579 2820 ἐν
2602 2771 2715 2832 τοῖς
2745 2771 2933 2836 φυτοῖς
2963 2767 3195 2840 ὀπώρων
3226 2785 3278 2820 τι
3307 2765 3598 2837 διαιτώμε-

2007 2875 2116 2922 νος,
2145 2859 2256 2911 οὐδ’
2287 2859 2387 2912 ὅσα
2415 2859 2502 2912 διὰ
2532 2859 2624 2912 τοῦ
2659 2860 2831 2930 πυρὸς
2856 2860 2970 2931 έχει
3000 2862 3100 2931 τὴν
3129 2861 3346 2930 χρῆσιν.

2089 2950 2356 3015 Ἀκούσας
2392 2951 2450 3004 δέ
2492 2968 2622 3005 ποτε
2671 2955 2728 3006 ἐν
2759 2955 2871 3013 τοῖς
2916 2952 3199 3006 Ἰουλιανοῦ
3245 2955 3476 3025 καιροῖς,
3512 2954 3594 3010 ὅτι

2006 3041 2234 3112 ἀδελφὸς
2267 3043 2348 3106 εἰς
2394 3043 2686 3114 στρατείαν
2731 3044 3029 3116 κρατηθεὶς
3057 3045 3115 3096 ἐν
3140 3030 3353 3115 φυλακῇ
3383 3043 3596 3114 δεσμώ-

2003 3152 2102 3205 της
2132 3133 2393 3206 κάθηται,
2429 3137 2762 3207 παρεγένετο
2785 3136 2922 3208 πρὸς
2954 3136 3115 3190 αὐτὸν
3149 3137 3289 3208 μετά
3312 3137 3412 3207 τῆς
3439 3137 3596 3190 ἀδελ-

308 3223 435 3276 στοῦ
460 3223 570 3294 γὰρ
599 3221 676 3276 ὣν
700 3220 856 3285 ἔτους
884 3221 1028 3292 μέγα
1053 3224 1412 3294 μοναστήριον
1441 3219 1620 3291 ἐαυτῷ
1641 3218 1899 3290 συνεκρό-
1928 3191 1971 3248 C
2003 3225 2256 3296 φοτητος,
2293 3227 2628 3297 παρακαλῶν
2653 3227 2815 3280 αὑτὸν
2864 3227 2958 3281 καὶ
2993 3228 3262 3283 νουθετῶν
3303 3230 3593 3300 καρτερεῖν

303 3325 472 3379 τησεν
507 3309 730 3363 τελείων
786 3309 997 3379 ἀνδρῶν
1024 3311 1397 3365 πεντακοσίων
1425 3308 1740 3380 δυναμένων
1768 3325 1896 3381 σχε-

302 3400 393 3455 δ“ιν
417 3401 637 3456 πάντων
677 3405 878 3474 σημεῖα
912 3403 1203 3456 ἐπιτελεῖν.
1227 3395 1397 3466 Οὗτος
1432 3401 1729 3456 δεκαπέντε
1759 3402 1897 3454 ἐτῶν

303 3492 670 3562 ἀναχωρήσας
699 3491 791 3546 τοῦ
815 3493 1021 3562 κόσμου
1061 3493 1158 3555 καί
1181 3493 1591 3564 τεσσαράκοντα
1621 3491 1716 3563 ἐτη
1746 3494 1802 3546 ἐν
1829 3494 1896 3564 τῇ

303 3582 496 3652 ἐρήμῳ
525 3582 859 3646 διατελέσας,
898 3585 1080 3636 πᾶσαν
1113 3585 1317 3654 ἀρετὴν
1357 3583 1602 3654 ἀκριϐῶς
1659 3583 1895 3654 ἐξασκή-

303 3683 425 3731 σας,
462 3666 691 3737 ὕστερον
749 3670 933 3738 φωνῆς
974 3670 1195 3723 ἀκούειν
1225 3671 1370 3737 ἔδοξε
1413 3671 1504 3724 τοῦ
1537 3673 1696 3737 Θεοῦ,
1760 3674 1896 3744 πρὸς

304 3759 468 3813 αὐτὸν
527 3759 814 3828 λέγοντος·
888 3761 1151 3830 Ἀπολλῶ,
1206 3763 1468 3830 Ἀπολλὼ,
1513 3764 1602 3820 διά
1666 3765 1760 3818 σοῦ
1800 3767 1895 3837 τὴν

305 3850 498 3921 σοφίαν
531 3853 640 3907 τῶν
663 3853 979 3922 Αἰγυπτίων
1025 3857 1116 3908 καὶ
1142 3856 1242 3926 τὴν
1271 3855 1485 3910 σύνεσιν
1516 3857 1624 3910 τῶν
1657 3860 1896 3915 συνετῶν

302 3943 474 4000 ἐθνῶν
495 3946 768 4016 ἀθετήσω.
821 3946 1066 4011 Ἀπολεῖς
1087 3947 1142 4000 δέ
1176 3965 1268 4018 μοι
1303 3949 1400 4002 σὺν
1435 3949 1620 4014 αὐτοῖς
1646 3951 1738 4004 καὶ
1767 3952 1897 4016 τοὺς

305 4040 504 4106 σοφοὺς
540 4040 880 4109 Βαϐυλῶνος,
936 4043 1036 4096 καί
1070 4044 1255 4098 πᾶσαν
1293 4043 1390 4114 τὴν
1443 4044 1765 4119 δαιμονικὴν
1793 4047 1893 4100 λα-

301 4131 491 4197 τρείαν
514 4130 885 4201 ἐξαφανίσεις.
946 4135 1056 4186 Καὶ
1086 4134 1181 4188 νῦν
1209 4135 1441 4204 πορεύου
1480 4137 1559 4200 εἰς
1583 4137 1682 4206 τὴν
1713 4139 1895 4192 οἰκου-

304 4223 497 4294 μένην.
519 4225 804 4297 Γεννήσεις
835 4228 944 4298 γάρ
976 4245 1066 4298 μοι
1124 4228 1251 4281 λαὸν
1283 4228 1595 4298 περιούσιον
1646 4229 1895 4301 ζηλωτὴν

303 4317 486 4370 καλῶν
535 4317 735 4389 ἔργων.
782 4319 842 4373 '0
874 4319 932 4374 δέ
965 4319 1285 4391 ἀποκριθεὶς
1323 4314 1500 4386 εἶπεν,
1537 4321 1741 4391 Ἀφελε
1796 4325 1892 4378 ἀπ’

301 4407 458 4476 ἐμοῦ,
495 4410 771 4479 Δέσποτα,
801 4411 900 4482 τὴν
921 4411 1228 4478 ἀλαζονίαν,
1279 4414 1354 4485 μή
1393 4431 1510 4477 πως
1565 4414 1892 4486 ὑπεραρθεὶς

2002 3317 2060 3370 tv
2083 3321 2194 3380 τοῖς
2211 3318 2410 3381 πόνοις,
2441 3319 2536 3372 καί
2561 3320 2686 3380 τοῦς
2716 3319 3119 3390 ἐπερχομένους
3143 3319 3290 3390 αὐτῷ
3309 3319 3593 3383 κινδύνους

2002 3409 2278 3482 ὑπερορᾷν
2357 3411 2565 3484 Καιρὸν
2615 3412 2724 3482 γάρ
2761 3430 2926 3482 φησιν
2980 3410 3117 3464 εἶναι
3158 3413 3388 3482 ἀγώνων
3419 3413 3589 3484 αὐτῷ,

1998 3500 2121 3553 τότε
2154 3501 2249 3554 καὶ
2279 3501 2376 3572 τὴν
2411 3503 2639 3573 γνώμην
2667 3501 2833 3555 αὑτοῦ
2852 3505 2918 3573 τῇ
2941 3503 3050 3555 τῶν
3075 3503 3396 3574 πειρασμῶν
3421 3521 3594 3575 προσ-

2000 3592 2131 3664 ϐολῇ
2155 3593 2567 3663 δοκιμάζεσθαι.
2639 3595 2727 3657 Ὠς
2775 3594 2831 3648 δὲ
2872 3595 3229 3667 ἐπεστήριξεν
3277 3595 3443 3650 αὑτοῦ
3491 3596 3592 3668 τὴν

1998 3685 2201 3756 ψυχὴν,
2237 3689 2352 3750 τοῖς
2383 3687 2562 3757 λόγοις
2590 3687 2804 3752 τούτοις
2830 3689 3062 3753 ἐπιστάς
3093 3692 3119 3742 6
3145 3690 3423 3761 χιλίαρχος
3443 3692 3589 3762 ὁρμῇ

1998 3780 2096 3850 τῆς
2142 3779 2342 3844 κακίας
2377 3783 2707 3852 φερόμενος,
2766 3783 3194 3851 ἐπαγγείλαντος
3233 3783 3381 3854 αὐτῷ
3440 3801 3589 3848 τινος

2000 3874 2127 3944 περὶ
2149 3873 2348 3938 αὐτῶν,
2363 3873 2576 3938 ἐπιθεὶς
2594 3874 2820 3946 κλεῖθρα
2836 3877 2956 3939 ταῖς
2977 3875 3168 3947 θύραις
3193 3878 3293 3946 τῆς
3315 3876 3586 3946 φυλακῆς,

1999 3963 2164 4016 αὐτόν
2200 3980 2257 4015 τε
2284 3963 2377 4016 καί
2403 3965 2529 4027 τοὺς
2556 3964 2674 4033 μετ’
2708 3965 2874 4019 αὑτοῦ
2903 3967 3173 4037 μοναχοὺς
3215 3967 3424 4030 πάντας
3454 3983 3588 4020 κατ-

1999 4055 2265 4120 έκλεισεν,
2296 4056 2372 4120 ὡς
2404 4057 2745 4126 ἐπιτηδείους
2777 4058 3070 4128 ἐσομένους
3111 4059 3246 4130 πρὸς
3286 4060 3384 4130 τὴν
3426 4075 3589 4130 στρα-

1997 4149 2169 4213 τείαν,
2199 4149 2293 4202 καὶ
2326 4148 2575 4217 φύλακας
2602 4149 2822 4213 ἱκανοὺς
2856 4149 3040 4213 αὐτοῖς
3077 4157 3453 4221 καταστήσας,
3494 4153 3586 4204 ἐπὶ

1997 4241 2098 4311 τὴν
2125 4239 2320 4292 ἐαυτοῦ
2353 4239 2530 4294 οἰκίαν
2555 4240 2893 4312 ἀνεχώρησε,
2937 4241 3072 4313 μηδέ
3113 4242 3241 4313 ἄχρι
3275 4243 3447 4312 ἀκοῆς
3481 4261 3588 4297 πα-

2001 4328 2338 4400 ρακληθῆναι
2397 4330 2488 4382 ὑπ’
2546 4330 2724 4386 αὐτῶν
2783 4331 3174 4402 ἀνασχόμενος.
3227 4332 3382 4384 Κατά
3432 4332 3489 4386 δέ
3525 4334 3587 4386 τὸ

2001 4427 2352 4497 μεσονύκτιον
2371 4426 2800 4498 λαμπαδηφόρος
2825 4427 3052 4497 ἄγγελος
3078 4428 3327 4498 φαίνεται
3349 4430 3459 4492 τοῖς
3487 4446 3588 4498 gu-

299 4501 442 4570 ὑπὲρ
475 4501 573 4572 τὴν
595 4503 955 4574 ἀδελφότητα,
985 4505 1044 4558 τδ
1079 4508 1186 4559 πᾶν
1210 4506 1413 4572 ἀγαθὸν
1445 4505 1728 4575 ζημιωθῶ.
1757 4503 1890 4560 Εἷπε
1916 4539 1970 4598 D
1997 4517 2272 4584 λάττουσι,
2315 4518 2455 4588 φωτί
2507 4521 2942 4590 καταστράπτων
2975 4522 3184 4585 πάντας
3236 4522 3292 4576 ἐν
3326 4523 3405 4594 τῷ
3434 4524 3587 4594 οἰκή-

297 4593 353 4646 δέ
378 4592 540 4644 πάλιν
585 4595 617 4661 ἡ
650 4593 769 4646 θεία
825 4596 976 4665 φωνὴ
1037 4595 1174 4666 πρὸς
1227 4597 1406 4651 αὐτόν·
1446 4597 1734 4652 Ἐπίϐαλον
1791 4593 1891 4670 τὴν

297 4685 460 4757 χεῖρά
493 4704 588 4738 σου
639 4687 731 4738 ἐπὶ
775 4685 864 4740 τὸν
924 4688 1128 4760 αὐχένα
1165 4705 1289 4742 σουο
1324 4690 1417 4742 καί
1470 4690 1741 4756 καθέξεις,
1795 4693 1891 4747 καὶ

298 4779 621 4852 κατορύξεις
667 4780 837 4850 αὐτὴν
895 4781 953 4835 ἐν
1007 4784 1075 4852 τῇ
1107 4783 1300 4854 ἄμμῳ.
1347 4782 1408 4836 '0
1442 4783 1499 4836 6t
1549 4786 1758 4854 ταχέως
1791 4786 1892 4858 τὴν

298 4876 455 4944 γεῖρα
484 4873 579 4927 ἐπὶ
615 4874 706 4929 τὸν
739 4874 940 4945 αὐχένα
965 4875 1242 4930 ἐπιϐαλὼν
1265 4917 1280 4942 ,
1323 4877 1586 4948 ἐδράξατο
1630 4879 1890 4943 Αἰθίοπος

304 4964 522 5034 μικροῦ·
561 4969 654 5020 καὶ
701 4968 1015 5037 κατέχωσεν
1049 4968 1214 5021 αὐτὸν
1267 4971 1324 5022 ἐν
1355 4973 1421 5041 τῇ
1451 4969 1644 5041 ἄμμῳ,
1678 4970 1889 5040 βοῶντα

303 5055 394 5112 καί
421 5055 670 5125 λέγοντα·
718 5059 860 5126 Ἐγώ
885 5061 1003 5128 εἰμι
1048 5060 1076 5111 6
1101 5060 1204 5130 τῆς
1240 5061 1623 5131 ὑπερηφανίας
1652 5062 1885 5131 δαίμων.

298 5147 406 5201 Καὶ
432 5150 596 5202 πάλιν
622 5150 774 5220 φωνὴ
805 5151 1025 5220 ἐγένετο
1065 5150 1202 5222 πρὸς
1254 5151 1437 5218 αὑτὸν,
1474 5151 1738 5222 λέγουσα·
1780 5155 1888 5208 Πο-

299 5241 486 5312 ρεύου,
517 5242 597 5299 ὅτι
629 5245 736 5296 πᾶν
770 5243 798 5296 ὃ
841 5245 935 5298 ἐάν
986 5245 1187 5316 αἰτήσῃ
1221 5243 1373 5316 παρά
1401 5244 1494 5298 τοῦ
1529 5245 1663 5299 Θεοῦ
1717 5246 1883 5320 λήψῃ.

314 5332 372 5384 Ὀ
407 5332 463 5385 δὲ
495 5333 656 5396 εὐθὺς
700 5335 939 5401 ἀκούσας
975 5339 1055 5401 εἰς
1079 5337 1181 5408 τὴν
1215 5337 1542 5408 οἰκουμένην
1573 5336 1883 5410 ἐξώρμησε,

298 5423 443 5476 κατὰ
467 5424 558 5477 τὸν
583 5427 774 5498 καιρὸν
825 5429 1115 5484 Ἰουλιανοῦ
1135 5429 1229 5484 τοῦ
1258 5431 1549 5503 τυράννου,
1577 5433 1672 5486 καὶ
1699 5450 1884 5504 παρα-

297 5514 483 5570 ϐάλλει
509 5519 648 5581 τέως
677 5521 734 5573 ἐν
763 5525 829 5594 τῇ
859 5523 1085 5595 πλησίον
1112 5525 1325 5597 ἐρήμῳ.

365 5610 640 5681 Σπὴλαιον
663 5612 719 5666 δέ
737 5631 792 5667 τι
833 5616 1031 5688 μικρὸν
1059 5619 1406 5686 καταλαϐὼν,
1440 5621 1559 5677 ἐκεῖ
1584 5623 1885 5696 κατέμενεν

291 5701 401 5755 ὑπὸ
431 5704 492 5756 τὸ
513 5704 658 5774 ὅρος.
695 5705 768 5759 T6
801 5707 856 5760 δέ
881 5708 1042 5780 ἔργον
1068 5711 1234 5766 αὐτοῦ
1267 5708 1337 5784 ἦν
1365 5713 1428 5768 τὸ
1454 5715 1584 5781 πᾶν,
1621 5717 1884 5788 ἡμερίους

291 5795 454 5876 εὐχὰς
482 5796 776 5853 ἀποδοῦναι
810 5799 884 5873 τῷ
906 5801 1047 5876 Θεῷ,
1081 5806 1433 5874 ἐ-κατοντάκις
1461 5808 1564 5888 μὲν
1602 5809 1662 5866 ἐν
1692 5813 1870 5883 νυκτὶ,

1998 4627 2128 4680 ματι
2148 4627 2162 4642 ο
2194 4611 2269 4673 ὡς
2294 4611 2385 4664 ὑπ’
2411 4610 2726 4682 ἐκπλήξεως
2753 4613 2970 4682 ἀχανεῖς
2988 4613 3242 4682 γενέσθαι
3263 4618 3386 4680 τοὺς
3412 4616 3586 4684 φύλα-

1995 4719 2096 4766 κας
2113 4745 2127 4769 ,
2151 4703 2200 4756 οἳ
2222 4706 2315 4758 καὶ
2338 4704 2668 4768 ἀναστάντες
2697 4705 2883 4775 ἠξίουν
2906 4707 3103 4770 αὐτοὺς
3128 4707 3385 4762 ἀπελθεῖν
3408 4709 3588 4763 ἀπαν-

1993 4811 2114 4860 τας,
2156 4795 2264 4848 τῶν
2309 4795 2490 4868 θυρῶν
2531 4797 2716 4861 αὐτοῖς
2763 4797 3138 4868 ἀνοιχθεισῶν.
3186 4800 3444 4870 ’Λμεινον
3473 4801 3583 4874 γάρ

1993 4881 2132 4939 εἶναι
2163 4889 2347 4952 αὐτοῖς
2372 4889 2627 4943 τεθνάναι
2657 4889 2798 4959 ὑπὲρ
2844 4890 3023 4943 αὐτῶν
3057 4889 3391 4960 ὡμολόγουν,
3417 4891 3448 4964 ἡ
3483 4893 3581 4964 τὴν

1993 4976 2175 5031 θεόθεν
2197 4978 2459 5034 ἐλθοῦσαν
2482 4983 2595 5043 τοῖς
2617 4981 2829 5050 ἀλόγως
2857 4983 3241 5053 κατεχομένοις
3265 4983 3583 5056 ἐλευθερίαν

1991 5072 2261 5142 παριδεῖν.
2327 5071 2386 5125 ὐ
2442 5072 2621 5127 τοίνυν
2677 5073 2979 5145 χιλίαρχος,
3029 5076 3126 5128 σὺν
3154 5079 3264 5140 τοῖς
3315 5077 3581 5149 ἄρχουσιν

1989 5163 2158 5218 ἕωθεν
2185 5167 2250 5236 τῇ
2294 5165 2510 5238 φυλακῇ
2560 5168 2811 5236 ἐπιστάς,
2864 5167 3198 5233 ἐσπούδαζεν
3233 5171 3330 5240 τῆς
3375 5171 3581 5238 πόλεως

1988 5259 2116 5321 τοὺς
2159 5257 2360 5330 ἄνδρας
2408 5259 2643 5324 ἐξελθεῖν
2667 5276 2680 5289 ·
2712 5261 2924 5332 σεισμῷ
2971 5262 3080 5333 γάρ
3107 5263 3198 5316 τὸν
3239 5259 3386 5316 οἶκον
3412 5262 3577 5320 αὐτοῦ

1991 5349 2198 5419 ἔφασκε
2228 5351 2599 5415 πεπτωκέναι,
2626 5352 2721 5405 καὶ
2754 5354 2880 5416 τοὺς
2914 5354 3228 5424 βελτίστους
3269 5355 3384 5409 τῶν
3415 5355 3603 5427 θερατ-

1990 5443 2201 5497 πόντων
2223 5442 2388 5498 αὑτοῦ
2414 5444 2822 5514 κατειληφέναι.
2841 5448 2903 5499 ΟΞ
2925 5447 2982 5500 δὲ
3008 5447 3083 5511 ὡς
3103 5448 3368 5518 ἥκουσαν,
3393 5449 3578 5516 φωνὰς

1987 5537 2447 5608 εὐχαριστηρίους
2491 5537 2712 5602 ᾄδοντες
2755 5539 2834 5610 τῷ
2867 5539 3010 5610 Θεῷ,
3067 5541 3318 5612 ἀπῄεσαν
3346 5542 3442 5595 ἐπὶ
3475 5544 3576 5612 τὴν

1987 5628 2216 5700 ἔρημον,
2250 5631 2344 5683 καὶ
2371 5625 2512 5702 ἦσαν
2541 5630 2727 5684 λοιπὸν
2751 5631 2884 5703 ὁμοῦ
2918 5633 3116 5698 πάντες
3143 5635 3286 5688 κατά
3325 5635 3416 5689 τὸν
3439 5637 3578 5690 ἀποο

1989 5719 2235 5772 στολικὺν
2261 5718 2420 5788 λόγον
2443 5720 2661 5790 ἔχοντες
2697 5723 2927 5794 καρδίαν
2949 5725 3044 5778 καί
3067 5724 3246 5797 ψυχὴν
3277 5726 3430 5798 μίαν.

2066 5805 2348 5872 Ἐδίδασκέ
2385 5833 2441 5870 τε
2478 5816 2672 5882 aia-:66;
2703 5815 2825 5878 καθ’
2849 5817 3060 5890 ἡμέραν
3094 5819 3417 5900 διαπρέπειν
3451 5822 3569 5893 ταῖς
