4028 6438
472 356 608 421 1139

1930 357 2284 418 PALLADII

3612 375 3748 443 1140

460 480 708 549 ἀρεταῖς,
746 475 841 531 καλ⁵
868 475 966 540 τὰς
1006 475 1250 546 μηχανὰς
1280 473 1372 528 τοῦ
1398 474 1647 527 διαϐόλου
1703 474 1798 536 τὰς
1846 474 1903 525 ἐν
1935 474 2043 536 τοῖς
2076 473 2129 531 Α
2154 476 2273 529 τινὰ
2303 479 2638 549 ἐθεράπευον
2662 499 2675 513 ο
2736 484 2828 537 καὶ
2867 484 3117 557 σκόροδα,
3174 490 3269 544 καὶ
3330 492 3595 565 κρόμμυα
3647 499 3744 552 καὶ

457 562 736 631 λογισμοῖς
756 560 905 631 παρὰ
927 560 1021 629 τὴν
1048 558 1220 629 ἀρχὴν
1244 560 1401 622 εὐθὺς
1419 557 1848 625 ἀποκρούεσθαι.
1866 555 2043 625 Θραυ-

459 646 679 717 σθείισης
709 646 839 716 γὰρ,
866 645 1021 716 φησὶ,
1062 647 1159 713 τῆς
1201 644 1442 713 κεφαλῆς
1464 643 1558 695 τοῦ
1588 643 1785 710 δφεως,
1813 642 1958 695 ἀπαν
1983 641 2044 693 τὸ

458 733 619 801 σῶμα
640 729 831 799 νεκρόν
863 731 999 782 ἐστι.
1023 729 1225 797 Τηρεῖν
1260 728 1365 798 γὰρ
1388 730 1540 796 ἡμῖν,
1576 727 1760 795 φησὶν,
1785 728 1812 778 ό
1846 725 2047 795 Κύριος

459 814 767 868 ἐντέλλεται
819 812 918 882 τὴν
972 811 1211 881 κεφαλὴν
1234 810 1328 864 τοῦ
1361 811 1558 880 ὄφεως.
1587 809 1757 863 Τοῦτο
1784 810 1842 861 δέ
1870 811 2044 871 ἐστιν,

458 897 547 952 ἵνα
580 897 716 969 μηδὲ
749 897 898 966 παρὰ
946 897 1046 966 τὴν
1074 895 1248 965 ἀρχὴν
1283 895 1408 957 τοὺς
1442 892 1683 962 φαύλους
1724 893 1820 945 καὶ
1868 893 2045 961 ἀπρε-

459 984 581 1046 πεῖς
618 982 912 1051 λογισμοὺς
946 980 1271 1033 διανοεῖσθαι
1306 976 1753 1048 καταδεξὼμεθα,
1797 977 1937 1046 μήτε
1988 975 2044 1026 δὲ

458 1067 553 1119 καὶ
579 1067 678 1136 τὴν
712 1063 947 1135 αἰσχρὰν
981 1064 1283 1134 φαντασίαν
1312 1062 1405 1115 τοῦ
1436 1062 1554 1125 νοὸς
1611 1061 1771 1132 ήμῶν
1813 1059 2042 1113 ἀπαλεῖ-

458 1152 579 1221 ψαι,
605 1149 899 1221 πειρᾶσθαι
927 1148 982 1201 δὲ
1004 1147 1266 1217 ἀλλήλους
1284 1146 1644 1215 ὑπερϐάλλειν
1665 1148 1783 1205 ταῖς
1799 1146 2043 1214 ἀρεταῖς,

461 1237 536 1306 μή
569 1253 654 1297 τις
684 1233 923 1286 ἐλάττων
952 1234 1009 1286 ἐν
1030 1234 1148 1294 ταῖς
1177 1232 1567 1302 εύδοκιμήσεσι
1599 1229 1825 1292 ταύταις
1850 1228 2042 1299 φανείη

458 1320 552 1373 τοῦ
580 1322 789 1390 ἐτέρου.
823 1320 1139 1389 Τεκμήριον
1169 1317 1246 1383 δὲ,
1281 1317 1467 1387 φησὶν,
1505 1313 1658 1384 ὑμῶν
1689 1313 1828 1366 ἔστω
1873 1315 1907 1383 ἡ
1938 1313 2047 1365 τῶν

457 1405 668 1475 ἀρετῶν
692 1404 967 1475 προκοπὴ,
1004 1403 1131 1455 ὅταν
1151 1400 1247 1471 τὴν
1271 1399 1538 1453 ἀπάθειαν
1572 1399 1666 1450 καὶ
1711 1397 1809 1466 τὴν
1853 1398 2047 1465 ἀνορε-

460 1489 579 1552 ξίαν
604 1488 901 1557 κτήσησθε.
931 1486 1103 1557 Ἀρχὴ
1134 1485 1242 1555 γὰρ
1274 1484 1380 1536 τῶν
1403 1482 1496 1535 τοῦ
1524 1480 1660 1533 Θεοῦ
1688 1480 2045 1551 χαρισμάτων

457 1570 577 1623 ἐστὶ
601 1570 797 1623 ταῦτα.
829 1571 999 1623 Ὅταν
1033 1569 1090 1622 δὲ
1142 1569 1233 1621 καὶ
1289 1565 1397 1619 τῶν
1444 1564 1740 1634 θαυμάτων
1789 1562 2047 1625 ἐπίδειξιν

456 1655 608 1723 παρά
632 1653 767 1707 Θεοῦ
799 1652 1071 1723 κτήσηται
1099 1669 1203 1715 τις,
1249 1651 1383 1721 μηδέ
1410 1649 1485 1711 ὡς
1533 1646 1731 1711 ἱκανῶς
1774 1647 1913 1717 ἔχων
1948 1664 2048 1716 φυ-

459 1737 713 1801 σιούσθω,
741 1738 876 1805 μηδὲ
911 1736 1275 1807 ύπεραρθὴτω
1302 1734 1380 1804 τῷ
1409 1730 1688 1801 λογισμῷ,
1724 1729 1801 1794 ὡς
1841 1730 1940 1801 ἢδη
1992 1747 2047 1783 τι

2157 560 2331 614 πολλά
2358 562 2468 615 τῶν
2499 564 2734 619 εὐτελῶν
2756 567 3025 638 λαχάνων,
3059 570 3215 637 θεοὺς
3237 560 3518 647 ἐνόμιζον·
3553 579 3627 643 ὡς
3649 582 3743 634 αύ-

2153 646 2250 698 τοῦ
2303 647 2397 699 τοῦ
2424 648 2583 715 ἁγίου
2621 650 2896 716 ’Λπολλῶς
2943 654 3153 723 ἥκουσα
3203 646 3562 730 διηγουμένου
3610 668 3738 735 περὶ

2154 731 2352 795 αὐτῶν,
2377 733 2472 785 καὶ
2497 736 2595 804 τῆς
2616 736 2887 805 προτέρας
2908 739 3199 805 πολυθεῖας
3222 743 3323 814 τὴν
3352 746 3531 798 αἰτίαν
3558 731 3737 817 ἀπαγ-

2151 816 2455 886 γέλλοντος.
2490 819 2593 872 Τὸν
2618 821 2716 889 μὲν
2745 820 2857 891 γὰρ
2886 821 3034 889 βοῦν,
3059 825 3243 893 φασὶν,
3282 828 3654 885 ἐθεοποιοῦντο
3677 816 3727 887 οί

2151 899 2370 985 τὸᾲπρὶν
2395 904 2789 972 παροικοῦντες
2813 907 2948 974 ἡμῖν
2976 907 3238 980 Ἕλληνες
3260 951 3276 973 ,
3315 912 3502 985 ἐπειδὴ
3530 913 3598 966 δι’
3630 917 3735 969 αύ-

2150 983 2246 1068 τοῦ
2281 986 2380 1055 τὴν
2436 988 2713 1056 γεωργίαν
2766 990 3144 1055 ἐπιτελοῦντες
3194 995 3293 1065 τὴν
3318 983 3521 1067 τροφὴν
3545 998 3740 1068 ἐκομίο

2152 1064 2335 1137 ζοντο,
2369 1069 2430 1121 τὸ
2456 1071 2512 1123 δὲ
2561 1070 2705 1142 ὓδωρ
2739 1074 2832 1125 τοῦ
2882 1074 3100 1136 Νείλου,
3129 1076 3189 1139 ὃς
3219 1079 3316 1141 τὰς
3341 1064 3520 1148 χώρας
3556 1064 3734 1146 πάσας

2150 1150 2401 1219 ὴρδευεν.
2433 1153 2719 1207 Ἐσέϐοντο
2744 1156 2801 1208 δὲ
2842 1158 2934 1210 καὶ
2973 1158 3070 1227 τὴν
3095 1158 3198 1228 γῆν
3239 1161 3315 1224 ὡς
3346 1163 3732 1235 εύφορωτάτην

2150 1235 2316 1289 οὖσαν
2338 1237 2489 1309 παρά
2512 1239 2611 1303 τὰς
2636 1240 2802 1304 ἄλλας
2836 1241 3021 1311 χώρας
3049 1259 3059 1271 ·
3117 1244 3187 1297 τά
3232 1263 3291 1297 τε
3324 1246 3484 1300 λοιπᾶ
3547 1248 3733 1318 βδελύ-

2150 1336 2355 1389 γματα,
2391 1321 2560 1385 κύνας
2592 1340 2651 1375 τε
2675 1325 2771 1376 καὶ
2795 1326 3058 1395 πιθήκους
3082 1329 3175 1381 καὶ
3198 1332 3381 1382 πᾶσαν
3414 1331 3511 1398 τὴν
3548 1332 3744 1402 λοιπὴν

2150 1405 2461 1475 ἀπρέπειαν
2509 1406 2619 1460 τῶν
2682 1408 2836 1472 ζώων
2868 1427 2925 1462 τε
2961 1411 3057 1463 καλ⁸
3113 1411 3361 1481 λαχάνων
3404 1414 3741 1485 ἐθεράπευον

2151 1491 2272 1544 καθ’
2305 1494 2386 1546 ὅτι
2418 1494 2692 1564 πρόφασις
2721 1497 2903 1557 αὐτοῖς
2934 1496 3025 1547 καὶ
3059 1498 3185 1567 περὶ
3212 1497 3381 1551 ταῦτα
3411 1502 3599 1568 γέγονε
3631 1519 3741 1555 σωο

2151 1577 2349 1647 τηρίας
2392 1578 2449 1629 ἐν
2505 1578 2583 1648 τῷ
2631 1578 2827 1647 καιρῷζ
2855 1578 2948 1631 τοῦ
2991 1579 3192 1649 Φαραὼ
3246 1584 3370 1645 τοὺς
3420 1582 3743 1653 ἀνθρώπους

2150 1660 2552 1730 ἁπασχολῆσαι,
2584 1662 2745 1731 ἡνίκα
2767 1664 2973 1726 ἐκεῖνος
3008 1664 3222 1735 Ἰσραὴλ
3248 1666 3457 1719 διώκων
3475 1685 3743 1722 κατεπον-

2152 1744 2331 1811 τίσθη.
2368 1745 2639 1806 ’Ἕκαστος
2660 1744 2769 1814 γὰρ
2798 1748 2927 1817 περὶ
2957 1740 3016 1799 οῦ
3041 1749 3317 1819 ὴηολήθη
3349 1751 3421 1819 μὴ
3454 1752 3742 1817 ἐξακολου-

456 1819 618 1873 πλέον
654 1820 799 1890 παρὰ
822 1822 945 1883 τοὺς
974 1821 1166 1881 ἄλλους
1191 1816 1580 1887 τετιμημένος.
1630 1813 1763 1884 μηδὲ
1807 1815 1882 1878 ὡς
1927 1818 2046 1868 ἐπιτ
2076 1827 2119 1880 Β
2150 1826 2320 1897 θήσας
2369 1826 2447 1896 τῷ
2498 1828 2721 1899 Φαραὼ,
2742 1813 2910 1882 τοῦτο
2942 1830 3283 1903 ἐθεοποίησε,
3326 1833 3529 1901 λέγων,
3574 1835 3746 1888 Τοῦτό

454 1904 809 1973 δεικνύμενος
865 1906 1031 1956 πᾶσιν
1059 1904 1141 1955 ὅτι
1190 1901 1448 1972 τοιαύτης
1482 1901 1672 1969 ἔλαχεν
1709 1899 1948 1970 χάριτος.
1984 1900 2048 1951 El

454 1987 511 2039 δὲ
548 1988 646 2057 μὴ,
680 1989 1002 2057 φρεναπατᾷ
1036 1985 1249 2048 ἐαυτὸν,
1289 1984 1539 2054 συληθεὶς
1566 1986 1665 2046 τὰς
1695 1983 1923 2053 φρένας,
1956 1983 2048 2035 καὶ

456 2072 556 2140 τῆς
590 2072 813 2140 χάριτος
842 2069 1163 2141 ζημιωθείς.
1206 2064 1365 2139 Εἶχεν
1410 2066 1501 2120 οῦν
1536 2067 1749 2137 μεγάλα
1783 2064 1955 2119 ταῦτα
1989 2068 2048 2119 ἐν

457 2156 570 2215 τοῖς
626 2154 911 2223 λογισμοῖς
948 2153 1283 2224 διδάγματα⁶
1339 2144 1414 2205 ὧν
1441 2152 1533 2204 κα)¹
1567 2152 1729 2221 ἡμεῖς
1785 2149 2046 2214 πολλάκις

459 2241 592 2309 παρ’
625 2239 792 2293 αὑτοῦ
826 2239 1054 2311 ὕστερον
1089 2238 1433 2308 ἀκηκόαμεν.
1489 2238 1577 2289 Ἐν
1608 2236 1664 2289 δὲ
1718 2237 1829 2298 τοῖς
1864 2234 2046 2305 ἔργοις

462 2322 685 2393 μείζονα
710 2325 976 2378 ἐπετέλει.
1012 2326 1128 2378 Πᾶν
1155 2325 1263 2394 γὰρ
1304 2324 1515 2391 αἴτημα
1564 2319 1712 2391 αύτῷ
1742 2319 1904 2383 εὐθὺς
1940 2321 2049 2375 ἐδί-

457 2408 576 2460 δοτο
606 2408 759 2479 παρά
795 2409 888 2461 τοῦ
916 2408 1051 2461 Θεοῦ
1080 2406 1409 2477 αἰτουμένῳ.

530 2493 639 2545 Καὶ
678 2491 1053 2561 ἀποκαλύψεις
1105 2490 1163 2543 δὲ
1196 2490 1341 2561 ἐώρα
1392 2488 1566 2553 τινάς.
1630 2484 1757 2543 Εἶδε
1810 2489 1919 2559 γὰρ
1960 2488 2051 2542 τὸν

458 2574 656 2629 ἑαυτοῦ
690 2576 1067 2645 πρεσϐύτατον
1098 2575 1326 2643 ἀδελφὸν
1357 2575 1448 2627 καὶ
1476 2574 1639 2627 αὐτὸν
1670 2577 1727 2627 ἐν
1756 2579 1822 2646 τῇ
1855 2577 2051 2647 ἐρήμῳ

456 2659 833 2719 τελειωθέντα,
854 2660 947 2711 καὶ
978 2658 1203 2727 μείζονα
1238 2658 1516 2711 πολιτείαν
1546 2657 1578 2728 ἢ
1619 2658 1781 2721 αὐτὸς
1815 2659 2051 2725 ἐνδειξά-

462 2760 643 2812 μενον,
667 2736 711 2810 ᾧ
742 2742 836 2796 καὶ
874 2743 1034 2808 αὐτὸς
1083 2744 1141 2795 ἐν
1164 2745 1229 2813 τῇ
1263 2743 1456 2814 ἐρήμῳ
1489 2744 1654 2797 πολὺν
1693 2744 1886 2816 χρόνον
1919 2763 2049 2798 συν-

459 2826 643 2896 έζησε.
680 2828 1007 2881 Καθ’ΰπνον
1053 2824 1147 2882 οῦν
1179 2827 1511 2896 ἐφαντάζετο
1555 2829 1845 2899 σύνθρονον
1887 2830 2050 2884 αὐτὸν

457 2910 568 2964 τῶν
596 2910 910 2966 ἀποστόλων
941 2912 1249 2983 γινόμενον,
1289 2913 1384 2967 καὶ
1413 2913 1511 2983 τὴν
1547 2915 1914 2985 κληρονομίαν
1943 2916 2050 2971 τῶν

459 2993 672 3063 ἀρετῶν
706 2994 855 3065 αύτῷ
885 2996 1310 3064 καταλείψαντα,
1345 2998 1436 3049 καὶ
1458 2997 1531 3060 ὡς
1554 2996 1883 3067 ἐπρέσϐευεν
1912 3000 2051 3072 ὑπὲρ

459 3075 623 3130 αὑτοῦ
655 3077 746 3131 τὸν
788 3078 919 3131 Θεὸν
951 3079 1207 3133 ἱκετεύων
1235 3081 1458 3150 ταχεῖαν
1494 3081 1657 3133 αὐτοῦ
1688 3081 1786 3151 τὴν
1828 3083 2054 3149 μετάθε-

2158 1929 2245 1981 μοι
2278 1912 2410 1975 Θεὸς
2438 1913 2629 1979 γέγονε
2671 1916 2933 1985 σήμερον,
2987 1916 3068 1969 διὸ
3116 1918 3176 1969 ού
3217 1921 3616 1991 συναπωλόμην
3662 1922 3739 1990 τῷ

2152 1996 2373 2066 Φαραώ.
2424 1996 2611 2050 Ταῦτα
2663 1998 2759 2067 μὲν
2792 1999 2849 2051 ἐν
2892 1998 3071 2068 λόγοις
3110 1995 3257 2072 εἶχεν
3298 2004 3325 2055 ὁ
3367 2004 3518 2072 ἅγιος
3551 2006 3745 2058 Ἄπολ-

2152 2081 2276 2142 λῶς.

2225 2163 2340 2235 Πρὸ
2370 2163 2427 2217 δέ
2455 2165 2563 2218 τῶν
2589 2166 2785 2235 λόγων,
2819 2166 2963 2238 ἅπερ
3002 2167 3059 2221 ἐν
3102 2170 3215 2234 τοῖς
3256 2169 3436 2241 ἔργοις
3481 2173 3749 2243 ἐκέκτητο

2153 2246 2259 2318 χρὴ
2294 2249 2524 2319 γράψαι.
2550 2245 2733 2304 ἾΙσαν
2764 2250 2873 2322 γάρ
2901 2251 3049 2323 αύτῷ
3082 2270 3211 2306 ποτε
3259 2254 3519 2324 Ἕλληνες
3554 2276 3749 2328 παροι-

2154 2331 2381 2395 κοῦντες
2439 2333 2580 2386 κατά
2641 2334 2851 2397 πάντας
2888 2336 3014 2399 τοὺς
3062 2337 3284 2401 τόπους,
3318 2340 3410 2391 καὶ
3450 2341 3637 2409 κῶμαι
3690 2342 3745 2394 δέ

2158 2416 2360 2486 μᾶλλον
2408 2418 2462 2470 αἱ
2513 2417 2742 2489 πλησίον
2794 2419 2958 2472 αὐτοῦ
3014 2420 3110 2493 τὴν
3171 2422 3489 2493 δαιμονικὴν
3537 2426 3745 2496 πλάνην

2155 2501 2427 2554 ἐσέϐοντο.
2479 2502 2627 2566 Ναὸς
2654 2503 2709 2555 δὲ
2732 2499 2799 2574 ῆν
2839 2504 3093 2573 μέγιστος
3129 2508 3185 2557 ἐν
3221 2508 3320 2576 μιᾷ
3365 2507 3476 2559 τῶν
3518 2510 3739 2577 κωμῶν,

2155 2587 2247 2638 καὶ
2284 2586 2502 2639 εἴδωλον
2529 2588 2585 2639 ἐν
2616 2588 2766 2657 αὖτῷ
2794 2590 3243 2657 ἐπιφανέστατον.
3283 2589 3505 2644 Ξύλινον
3543 2593 3600 2645 δὲ
3638 2594 3743 2661 ἐρα

2153 2668 2214 2723 τὸ
2239 2670 2426 2736 ξόανον
2444 2670 2602 2724 τοῦτο
2622 2668 2709 2743 ἢν.
2744 2673 3087 2743 Ἐπόμπευον
3117 2674 3171 2727 δὲ
3199 2675 3594 2745 περιφέροντες
3616 2679 3743 2730 αὐτὸ

2154 2757 2293 2810 κατά
2315 2755 2415 2819 τὰς
2449 2757 2644 2827 κώμας
2670 2760 2719 2811 οί
2751 2758 2939 2829 μιαροὶ
2981 2760 3169 2829 ἱερεῖς,
3205 2762 3568 2832 βακχεύοντες
3610 2766 3743 2831 μετά

2153 2839 2247 2892 τοῦ
2276 2840 2515 2911 πλήθους
2534 2859 2546 2872 ·
2570 2841 2645 2905 ὼς
2674 2844 2769 2895 κα)⁸
2792 2842 2934 2912 ύπὲρ
2956 2844 3049 2896 τοῦ
3073 2847 3399 2915 ποταμιαίου
3428 2846 3624 2910 ὕδατος
3646 2848 3742 2917 τὴν

2153 2925 2273 2978 τελε
2286 2927 2378 2997 τὴν
2404 2926 2716 2990 ἀποδόντες.
2752 2927 2956 2999 Συνέϐη
2983 2929 3038 2981 δέ
3063 2929 3182 2982 κατ’
3205 2931 3411 2983 ἐκεῖνον
3432 2930 3525 2984 τὸν
3554 2932 3747 3001 καιρὸν

2154 3010 2366 3063 ἐκεῖθεν
2392 3011 2649 3082 παριέναι
2676 3011 2765 3063 τὸν
2799 3011 2953 3078 ἆγιον
2999 3012 3261 3078 Ἀπολλῶ,
3314 3013 3430 3083 ἅμα
3466 3016 3609 3067 τισὶν
3638 3016 3748 3068 ὀλί-

2155 3111 2271 3161 γοις
2307 3094 2574 3162 ἀδελφοῖς.
2634 3093 2719 3158 Ὡς
2751 3094 2808 3147 δὲ
2841 3094 2916 3147 ἴδε
2940 3095 2998 3147 τὸ
3026 3095 3229 3163 πλῆθος
3260 3096 3521 3165 ἐξαίφνης
3551 3098 3749 3167 δαιμο-

463 3162 864 3252 σινΙποιείσθαι,
897 3165 989 3252 καὶ
1018 3164 1289 3252 σὺν-αύτῴ
1318 3166 1397 3227 εἰς
1444 3166 1571 3252 τοὺς
1596 3165 1882 3252 ρύρανοὺς
1917 3168 2044 3221 ἀνα·
2070 3174 2115 3235 C
2153 3180 2358 3243 “0,55,;
2390 3180 2532 3233 κατὰ
2561 3180 2661 3251 τὴν
2684 3179 2868 3250 χώραν
2906 3180 3252 3252 μαινόμενον,
3300 3183 3526 3252 κάμψας
3548 3186 3623 3238 τά
3651 3186 3749 3251 γά-

461 3242 771 3309 παύεσθαι,
805 3245 1053 3308 εἰπόντος
1081 3246 1136 3297 δὲ
1168 3247 1305 3317 πρὸς
1338 3246 1498 3299 αὑτὸν
1530 3246 1621 3299 τοῦ
1667 3249 1942 3319 Σωτῆρος,
1972 3251 2051 3304 ἔτι

467 3328 664 3398 μικρὸν
688 3328 851 3383 αὐτὸν
880 3334 1182 3400 χρεωστεῖν
1232 3331 1379 3401 αύτῴ
1430 3331 1622 3401 χρόιον
1682 3335 1774 3385 ἐπί
1825 3336 1921 3403 τῆς
1952 3337 2053 3407 γῆς

464 3410 602 3483 πρὸς
626 3411 724 3483 τὴν
780 3413 1060 3467 τελείωσιν
1085 3455 1098 3478 ,
1148 3415 1308 3484 ἄχρις
1334 3414 1399 3466 ἂν
1431 3416 1531 3484 τῆς
1584 3415 1859 3480 πολιτείας
1886 3417 2049 3472 αὑτοῦ

462 3496 649 3549 πολλοὶ
679 3497 921 3568 ζηλωταὶ
947 3497 1180 3553 ἔσονται.
1207 3499 1350 3559 Λαὸς
1389 3500 1498 3572 γάρ
1543 3500 1694 3570 αύτῷ
1728 3501 1905 3571 μέγας
1943 3502 2053 3557 τῶν

466 3582 713 3653 μοναχῶν
736 3582 887 3653 αύτῷ
920 3584 1457 3655 ἐμπιστευθήσεσθαι
1504 3585 1706 3655 μέλλει,
1743 3588 1836 3639 καὶ
1891 3603 2055 3658 στρα-

461 3666 579 3718 τεία
607 3683 689 3729 τις
746 3667 997 3735 εὐσεϐὴς,
1037 3668 1122 3719 ἵνα
1148 3668 1307 3731 ἀξίαν
1330 3667 1439 3719 τῶν
1478 3669 1744 3736 καμάτων
1778 3670 1876 3739 τὴν
1906 3670 2054 3723 εὐδο-

462 3751 693 3820 κίμησιν
723 3752 865 3805 οὓτω
887 3752 1040 3822 σχοίη
1075 3752 1226 3821 παρὰ
1252 3751 1330 3823 τῷ
1359 3752 1650 3822 κρείττονι.
1670 3752 1854 3805 Ταῦτα
1882 3756 2049 3825 ἐώρα,

462 3834 609 3907 ἅπερ
641 3837 736 3888 καὶ
765 3837 977 3904 γέγονε.
1005 3836 1377 3890 Συνελθόντων
1409 3838 1517 3907 γὰρ
1544 3837 1755 3890 πολλῶν
1788 3838 2053 3894 πάντοθεν

462 3920 522 3986 ἐξ
552 3920 723 3991 ἀκοῆς
761 3920 1032 3990 μοναχῶν,
1067 3922 1161 3973 καὶ
1215 3920 1307 3973 διὰ
1351 3923 1449 3993 τῆς
1483 3924 1706 3992 διδαχῆς
1759 3923 1926 3978 αὐτοῦ
1959 3925 2053 3978 καὶ

460 4004 810 4073 ἀναστροφῆς
852 4004 1121 4060 πλείστων
1178 4004 1459 4067 παντελῶς
1503 4005 1936 4075 ἀποταξαμένων
1974 4006 2052 4077 τῷ

462 4085 675 4156 κόσμῳ,
705 4086 922 4154 ἐγένετο
944 4087 1190 4140 συνοικία
1215 4086 1324 4139 τῶν
1347 4086 1593 4157 ἀδελφῶν
1619 4088 1753 4158 ὁμοῦ
1787 4090 1921 4161 πρὸς
1952 4091 2053 4143 αύ-

459 4170 551 4224 τὸν
578 4173 636 4224 ἐν
668 4173 746 4240 τῷ
780 4170 894 4241 όρει
957 4172 1086 4242 ἄχρι
1136 4172 1529 4236 πεντακοσίων,
1574 4172 1752 4225 κοινὸν
1803 4175 1911 4227 τῶν
1938 4174 2052 4244 βίον

462 4253 696 4322 ἐχόντων
724 4257 817 4307 καὶ
838 4256 1119 4325 τράπεζαν
1142 4255 1270 4324 μίαν
1292 4255 1681 4325 διαιτωμένων.
1709 4257 1819 4310 Καὶ
1835 4253 1900 4327 ἦν
1926 4258 2054 4312 ἰδεῖν

461 4339 664 4401 αὐτοὺς
715 4338 1015 4411 ἀγγελικὴν
1066 4357 1187 4392 τινα
1244 4341 1534 4409 στρατείαν
1595 4342 2050 4411 κεκοσμημένων,

461 4423 656 4493 κόσμῳ
689 4423 856 4475 παντὶ
883 4423 1406 4494 λευκοφορούντων,
1450 4424 1541 4477 καὶ
1581 4424 1637 4477 τὸ
1677 4424 1776 4495 τῆς
1830 4426 2053 4499 Γραφῆς

2154 3283 2290 3318 νατα
2311 3264 2387 3334 τῷ
2418 3264 2629 3334 Σωτῆρι
2657 3265 2864 3327 πάντας
2891 3264 3149 3335 ἐξαίφνης
3175 3266 3301 3329 τοὺς
3326 3266 3595 3336 Ἕλληνας
3620 3264 3748 3321 ἀκι-

2154 3351 2348 3421 νήτους
2372 3349 2644 3418 ἐποίησεν.
2686 3348 2770 3411 Ὠς
2799 3348 2857 3400 δὲ
2887 3348 3171 3417 προελθεῖν
3206 3350 3413 3402 ἐκείνου
3443 3349 3534 3402 τοῦ
3566 3350 3738 3402 τόπου

2156 3434 2256 3487 οὐκ
2282 3432 2563 3503 ἠδύναντο,
2606 3431 2763 3495 ἄλλος
2786 3432 2877 3484 τὸν
2908 3432 3067 3485 ἄλλον
3100 3433 3397 3500 ὠθοῦντες,
3432 3432 3728 3502 ἑφρύγυντο

2153 3519 2232 3591 τῷ
2270 3517 2514 3585 καύματι
2547 3517 2898 3587 πανημέριοι,
2927 3517 2986 3569 τὸ
3019 3516 3234 3586 συμϐὰν
3264 3517 3433 3579 αὐτοῖς
3454 3513 3715 3584 ἀποροῦν-

2155 3620 2245 3665 τες
2284 3601 2448 3654 πόθεν
2481 3600 2795 3669 γεγένηται.
2816 3600 2948 3652 Τότε
2981 3602 3030 3653 οἱ
3072 3602 3239 3671 ἱερεῖς
3274 3600 3443 3654 αὐτῶν
3466 3597 3711 3667 ἔφασκον,

2156 3685 2485 3755 Χριστιανὸν
2514 3702 2631 3737 τινα
2654 3679 2793 3736 εἶναι
2833 3684 2891 3736 ἐν
2921 3685 3035 3746 τοῖς
3067 3683 3234 3753 ὁρίοις
3281 3682 3456 3737 αὐτῶν
3491 3681 3725 3752 καταμέ-

2157 3787 2317 3822 νοντα
2343 3771 2422 3831 εἰς
2460 3767 2559 3838 τὴν
2595 3769 2823 3839 ἔρημον,
2861 3768 2956 3821 καὶ
2985 3768 3158 3821 ταῦτα
3182 3768 3367 3831 αὐτοῖς
3389 3766 3731 3838 ἐνεργοῦντα.

2160 3855 2265 3907 Τὸν
2300 3853 2544 3906 Ἀπολλῶ
2575 3852 2835 3921 ἔφασκον,
2864 3853 2959 3904 καὶ
2989 3851 3098 3904 δεῖν
3135 3851 3297 3906 αὐτὸν
3339 3850 3622 3916 ἱκετεύειν,
3649 3850 3741 3904 ἵνα

2160 3937 2235 4008 μὴ
2266 3935 2682 3989 κινδυνεύσωσιν
2709 3953 2721 3965 ’
2751 3936 2825 3998 ὼς
2852 3935 2906 3988 δὲ
2930 3936 2976 3988 οξ
3010 3934 3291 4007 πόρρωθεν
3324 3935 3742 4005 προσοικοῦντες

2155 4021 2253 4084 τὰς
2290 4020 2472 4089 φωνὰς
2497 4020 2590 4072 καὶ
2622 4019 2714 4071 τὸν
2739 4018 2964 4086 θρύλλον
2986 4018 3319 4082 ἀκούσαντες
3348 4020 3738 4089 παρεγένοντο,

2156 4105 2269 4170 καὶ,
2289 4103 2375 4170 Τί,
2398 4103 2551 4172 φασὶ,
2568 4104 2626 4156 τὸ
2654 4102 2868 4171 συμϐάν
2898 4103 3025 4175 ύμῖν
3049 4104 3329 4173 ἐξαπίνης,
3347 4104 3381 4175 ἦ
3402 4104 3562 4158 πόθεν
3580 4104 3746 4172 γέγοο

2155 4205 2277 4253 νεν;
2306 4189 2369 4242 Οί
2403 4189 2459 4242 δέ
2508 4189 2609 4241 οὐκ
2644 4188 2846 4241 εἰδέναι
2889 4188 3128 4258 ἔφασκον
3153 4230 3168 4251 ,
3202 4188 3340 4257 πλὴν
3383 4190 3440 4240 ἐν
3483 4190 3747 4259 ὑποψίαις

2156 4269 2295 4327 εἶναι
2338 4272 2468 4342 περὶ
2516 4270 2609 4325 τοῦ
2656 4271 2848 4341 ἀνδρὸς
2875 4271 3120 4339 λέγοντος
3170 4272 3244 4334 ὠς
3291 4271 3371 4324 δεῖ
3403 4272 3747 4337 ἐξιλεοῦσθαι

2154 4359 2386 4412 ἐκεῖνον.
2425 4358 2486 4410 Οἱ
2519 4356 2576 4409 δὲ
2608 4357 2699 4408 καὶ
2724 4356 3090 4428 ἐμαρτύρουν,
3116 4358 3189 4420 ὡς
3220 4357 3547 4427 θεασάμενοι
3579 4358 3751 4412 αὐτὸν

2157 4442 2426 4513 παριόντα
2452 4459 2467 4473 ο
2504 4441 2599 4494 καὶ
2658 4440 2733 4504 ὡς
2769 4441 2952 4510 ἠξίουν
3006 4441 3187 4504 αὐτοῖς
3215 4444 3435 4512 ταχεῖαν
3485 4442 3747 4509 γενέσθαι

460 4506 555 4559 ἐπὶ
578 4506 1905 4597 τούτῳτπεῖξλῃρῶειοᾳι.λεγούσηςνεὺφρᾴνοητιν
1925 4513 2049 4583 ἕρη-
2085 4527 2128 4583 D
2158 4506 2255 4596 τὴν
2289 4524 2564 4597 βοήθειαν,
2603 4524 2729 4595 βόας
2754 4506 3054 4594 ἀγαγόντες
3096 4506 3406 4595 μετακίνεῖν
3435 4506 3745 4579 τὸέῖδωλον

463 4608 564 4661 μσς
593 4591 828 4661 διφῶσα,
862 4593 1026 4662 ῥῆξον
1087 4593 1178 4646 καὶ
1211 4594 1406 4666 βόησον
1454 4597 1487 4664 ἡ
1518 4596 1617 4648 ούκ
1655 4596 1943 4661 ὠδίνουσα,
1969 4598 2052 4650 ὅτι

461 4675 631 4729 πολλὰ
653 4676 719 4728 τὰ
747 4676 915 4728 τέκνα
937 4679 1034 4746 τῆς
1061 4676 1274 4747 ἐρήμου
1308 4678 1508 4748 μᾶλλον
1533 4678 1564 4748 ἢ
1590 4680 1680 4749 τῆς
1707 4680 1938 4750 ἐχούσης
1961 4681 2053 4735 τὸν

460 4758 652 4828 ἄνδρα.
687 4759 1026 4829 Πεπλήρωτο
1068 4761 1169 4830 μὲν
1218 4760 1326 4832 γὰρ
1374 4762 1469 4815 καὶ
1505 4764 1598 4816 ἐπὶ
1631 4766 1731 4834 τῆς
1785 4763 1843 4827 ἐξ
1878 4764 2052 4819 ἐθνῶν

475 4843 805 4915 Ἐκκλησίας
833 4844 893 4897 τὸ
923 4846 1264 4915 προφητικὸν
1287 4846 1444 4900 τοῦτο
1476 4847 1657 4915 λόγιον
1677 4862 1692 4878 ·
1737 4849 2054 4903 τετελείωτο

459 4927 516 4980 δὲ
546 4930 641 4982 καὶ
683 4931 775 4982 ἐπὶ
826 4933 924 5001 τῇς
951 4933 1334 5005 Αἰγυπτιακῆς
1365 4935 1597 5006 ἐρήμου,
1629 4935 1851 4988 πλείονα
1887 4936 2052 4989 τέκνα

459 5013 539 5084 τῷ
566 5015 685 5085 Θεῴ
716 5016 1071 5088 nemp-nubant;
1098 5019 1238 5089 ὑπὲρ
1269 5018 1368 5091 τὴν
1410 5021 1739 5093 οἰκουμένην
1784 5021 1907 5091 γῆν.
1942 5020 2052 5074 Ποῦ

462 5098 571 5169 γὰρ
593 5099 852 5153 τοσαῦται
886 5103 943 5153 ἐν
974 5106 1094 5166 ταῖς
1138 5104 1327 5156 πόλεσι
1356 5104 1466 5158 τῶν
1501 5105 1827 5175 σωζομένων
1860 5106 2052 5174 ἀγέλαι

466 5183 739 5253 μοναχῶν,
770 5183 959 5256 ὥσπερ
1007 5187 1129 5239 ὅσαι
1160 5191 1215 5241 αί
1269 5189 1391 5242 κατ’
1428 5190 1811 5262 Αἰγυπτιακὴν
1846 5190 2052 5261 ἔρημον

462 5269 541 5338 τῷ
579 5268 698 5339 Θεῷ
723 5270 1099 5339 παριστῶσιν;
1129 5273 1241 5324 ὅσοι
1271 5273 1379 5344 γὰρ
1408 5276 1643 5327 ἐνταῦθα
1685 5275 1827 5340 λαοὶ,
1863 5277 2052 5328 τοσοῦ-

461 5372 547 5409 τοι
581 5358 639 5410 ἐν
673 5360 794 5421 ταῖς
829 5359 1058 5427 ἐρήμοις
1113 5360 1232 5411 ἐκεῖ
1293 5362 1540 5431 μοναχοί.
1600 5364 1784 5434 Κάμο“ι
1818 5364 1966 5418 δοκεῖ
1994 5368 2053 5420 τὸ

463 5441 557 5495 τοῦ
601 5443 929 5497 Ἀποστόλου
963 5445 1127 5514 ῥητὸν
1174 5446 1268 5497 καὶ
1302 5447 1391 5498 ἐπ’
1450 5449 1634 5511 αὐτοῖς
1686 5448 2049 5519 πληροῦσθαι,

464 5525 737 5592 λέγοντος’
783 5530 957 5580 Ὅπου
982 5530 1309 5582 ἐπλεόνασεν
1339 5533 1370 5599 ἠ
1408 5531 1675 5601 ἁμαρτία,
1708 5536 1825 5586 ἐκεῖ
1880 5538 2051 5609 ύπερ-

465 5611 858 5679 ἐπερίσσευσεν
907 5614 1155 5683 ἠχάρις.
1200 5614 1525 5668 Ἐπλεόνασε
1583 5620 1692 5687 γάρ
1735 5636 1863 5672 ποτε
1897 5623 1954 5675 ἐν
1985 5624 2050 5692 τῇ

469 5693 729 5765 Αἰγύπτῳ
765 5697 932 5768 πολλή
990 5716 1071 5761 τ.ς
1104 5699 1195 5751 καὶ
1228 5700 1460 5770 ἄσεμνος
1506 5701 1939 5774 εἰδωλολατρεία,
1977 5707 2052 5769 ὡς

471 5779 528 5829 ἐν
558 5782 730 5837 οὐδενὶ
778 5787 937 5844 ἔθνει.
979 5792 1160 5855 Κύνας
1218 5793 1317 5867 γὰρ
1359 5796 1451 5849 καὶ
1482 5798 1765 5867 πιθήκους,
1803 5798 1893 5851 κα¹ι
1923 5801 2053 5855 ἄλλα

2157 4610 2496 4680 ἐπειρῶντο’
2527 4609 2586 4662 τὸ
2633 4609 2689 4661 δὲ
2734 4608 2992 4680 ἀκίνητον
3034 4609 3133 4661 σὺν
3175 4610 3358 4673 αὐτοῖς
3384 4611 3497 4672 τοῖς
3532 4608 3748 4679 ἱερεῦσι

2154 4692 2425 4763 διέμενεν.
2463 4693 2573 4746 Καὶ
2611 4691 2883 4762 μηδεμίαν
2922 4692 3114 4764 ἑτέραν
3147 4693 3397 4763 μηχανῆς
3418 4693 3749 4762 ἐφευρόντες

2156 4776 2458 4847 πρεσϐείαν
2484 4777 2573 4830 διά
2596 4778 2704 4829 τῶν
2748 4777 3179 4847 παροικούντων,
3214 4778 3348 4848 πρὸς
3372 4779 3461 4831 τὸν
3496 4778 3749 4831 Ἀπολλιῦ

2156 4862 2427 4934 ἔπεμπον,
2463 4861 2604 4915 ὥστε
2638 4861 3049 4929 ἀπαλλαγέντας
3084 4864 3294 4937 ἐκεῖθεν
3318 4865 3618 4932 ἀποστῆναι
3642 4866 3751 4933 τῆς

2157 4949 2388 5018 πλάνης.
2425 4946 2644 4999 Τούτων
2692 4946 2846 5016 δέτῷ
2876 4947 3030 5017 ἀνδρὶ
3062 4947 3431 5018 δηλωθέντων,
3472 4946 3749 5017 κατῆλθεν

2152 5035 2229 5099 ὼς
2261 5035 2493 5106 τάχιστα
2531 5038 2560 5088 ό
2580 5034 2674 5088 τοῦ
2700 5034 2835 5087 Θεοῦ
2870 5032 3157 5104 ἄνθρωπος
3180 5086 3187 5091 ,
3208 5033 3340 5103 πρὸς
3372 5031 3569 5094 αὐτοὺς
3590 5070 3606 5093 ,
3644 5030 3750 5083 καὶ

2157 5119 2601 5190 προσευξάμενος
2623 5119 2830 5182 πάντας
2863 5117 3021 5170 ἔλυσε
3060 5117 3154 5170 τοῦ
3183 5116 3404 5186 δεσμοῦ.
3435 5117 3498 5168 Οἱ
3523 5115 3581 5167 δὲ
3606 5118 3747 5183 ὀμο-

2156 5203 2395 5273 θυμαδὸν
2451 5202 2651 5265 πάντες
2701 5202 2838 5272 πρὸς
2887 5203 3050 5255 αὐτὸν
3095 5201 3382 5273 ὥρμησαν,
3416 5200 3493 5268 τῷ
3524 5199 3749 5267 Σωτῆρι

2154 5290 2264 5343 τῶν
2286 5290 2420 5343 ὅλων
2464 5288 2557 5342 καὶ
2601 5287 3015 5358 παραδοξοποιῷ
3069 5286 3189 5356 Θεῷ
3240 5283 3649 5347 πιστεύσαντες,
3677 5283 3751 5335 τὸ

2156 5374 2372 5429 εἴδωλον
2430 5374 2591 5436 εὐθὺς
2642 5372 2720 5441 τῷ
2773 5372 2909 5440 πυρὶ
2967 5370 3309 5441 παρέδωκαν,
3352 5367 3443 5430 οὓς
3494 5368 3751 5419 ἃπαντας

2156 5463 2495 5532 κατηχήσας,
2548 5465 2667 5524 ταῖς
2714 5458 3043 5529 ἐκκλησίαις
3088 5456 3421 5526 προσέθηκε.
3460 5452 3651 5505 Πολλοὶ
3680 5452 3749 5504 δὲ

2155 5548 2335 5604 αὐτῶν
2392 5548 2554 5616 μέχρι
2608 5546 2702 5598 νῦν
2759 5544 2815 5595 ἐν
2847 5545 2956 5604 τοῖς
2996 5539 3379 5611 μοναστηρίοες
3436 5537 3750 5601 διάγουσιν.

2156 5631 2421 5701 Διέδραμε
2454 5630 2511 5681 δὲ
2538 5628 2787 5697 πανταχῆ
2816 5628 2848 5698 ἡ
2878 5626 3034 5696 φήμη
3084 5624 3214 5694 περὶ
3242 5624 3428 5677 αὐτοῦ.
3468 5621 3577 5673 Καὶ
3609 5620 3787 5705 πολ-4

2155 5720 2236 5773 λοὶ
2270 5720 2596 5771 ἐπίστευσαν
2644 5717 2734 5768 ἐπὶ
2767 5715 2857 5767 τὸν
2914 5714 3116 5781 Κύριον
3138 5751 3153 5771 ,
3182 5710 3258 5771 ὡς
3311 5708 3509 5778 μηκέτι
3545 5707 3604 5760 ἐν
3634 5707 3755 5769 τοῖς

2158 5806 2327 5875 ὁρίοις
2362 5802 2524 5856 αὑτοῦ
2568 5801 2834 5870 ’Ὶὶλληνης
2858 5794 3234 5866 ὀνομάζεσθαι.
