4028 6448
292 416 424 474 1141

1542 402 1859 461 HISTORIA
1898 402 1983 457 LA
1996 401 2264 458 USIACA.

3392 396 3527 452 1112

279 533 605 605 propulsare.
638 528 876 582 Contr-ito
915 527 1057 581 enim
1111 521 1283 592 capite
1336 516 1621 588 serpentis,
1676 525 1846 569 totum
1878 517 1925 574 Α
1955 515 2068 569 lucc
2094 522 2397 570 narrantem
2422 514 2810 575 aud~imus,et
2837 510 3143 565 reddentem
3159 520 3369 561 causam
3386 520 3523 573 prio-

279 638 473 691 corpus
521 631 599 674 est
626 625 915 673 mortuum.
947 616 1104 671 Jubct
1132 614 1271 668 enim
1304 612 1557 665 Dominus
1588 616 1644 661 ut
1669 607 1853 659 obser-

280 725 466 767 vemus
485 718 641 777 caput
667 708 930 776 serpentis
962 723 975 760 :
1007 706 1057 759 id
1082 714 1257 758 autem
1286 710 1387 768 est,
1414 716 1481 754 ne
1512 699 1562 752 in
1595 696 1853 765 principio

280 804 618 857 admittamus
649 801 814 854 malas
843 808 896 853 et
923 807 1103 866 turpes
1141 796 1510 864 cogitationes,
1540 806 1646 845 non
1676 789 1848 843 solum

285 904 337 947 ut
366 894 642 947 obscmnas
681 891 843 944 animi
880 888 1041 942 nostri
1072 886 1378 955 phantasias
1404 883 1677 937 deleamus
1706 896 1720 933 :
1752 894 1848 932 co-

280 986 395 1040 nari
440 996 614 1039 autem
647 998 742 1037 nos
789 982 1013 1036 invicem
1046 993 1299 1046 superare
1352 975 1652 1037 virtutibus,
1702 982 1851 1028 etne

279 1078 396 1147 quis
421 1077 471 1130 in
505 1077 585 1129 his
618 1075 860 1128 laudibus
889 1074 1056 1125 altero
1085 1071 1322 1124 videatur
1346 1068 1586 1121 inferior.
1618 1066 1728 1119 Hoc
1757 1079 1852 1117 au-

282 1180 409 1235 tem,
443 1166 632 1235 inquit,
690 1166 759 1218 sit
790 1163 940 1218 vobis
984 1172 1358 1229 argumentum
1391 1158 1659 1227 profectus
1690 1155 1852 1209 virtu-

282 1268 416 1324 tum,
441 1257 657 1326 quando
698 1254 908 1309 fuerltis
936 1254 1084 1307 vacui
1112 1250 1480 1306 aﬂ‘ectionibus
1508 1247 1854 1315 etappetitio-

280 1349 455 1412 nibus,
487 1347 600 1400 hzec
636 1346 783 1425 'epim
811 1352 936 1399 sunt
983 1342 1182 1397 Christi
1223 1342 1483 1395 donorum
1515 1337 1851 1408 principium.

280 1441 502 1508 Quando
550 1444 724 1492 autem
772 1451 801 1489 a
841 1435 950 1489 Deo
982 1434 1224 1487 habuerit
1272 1432 1461 1497 aliquis
1490 1429 1853 1483 ostensionem

282 1527 677 1589 miraculorum,
719 1539 785 1578 ne
806 1524 1021 1577 nimium
1048 1522 1385 1587 intumescat,
1407 1520 1555 1587 qua~i
1586 1518 1853 1572 sufficien-

284 1632 364 1674 ter
401 1620 686 1689 prot’eeerit
717 1632 819 1670 nec
841 1614 1090 1669 efferatur
1129 1614 1470 1681 cogitatione,
1514 1620 1762 1678 tanquam
1787 1609 1857 1661 sit

280 1714 387 1780 jam
420 1712 588 1778 magis
618 1710 909 1763 honoratus
938 1722 1093 1776 quam
1125 1706 1235 1768 alii,
1296 1718 1465 1772 neque
1497 1711 1553 1755 ut
1581 1708 1855 1755 ostentans

283 1808 423 1873 quod
474 1802 628 1855 talem
658 1800 883 1869 gratiam
928 1794 1221 1863 acceperit;
1264 1794 1345 1847 sin
1379 1792 1573 1855 minus,
1617 1791 1849 1855 seipsum

1954 608 2027 659 ris
2050 606 2414 674 ignorationis.
2448 606 2577 658 Nam
2607 604 2796 657 bovem
2821 602 3054 664 quidem,
3091 599 3287 659 aiebat,
3315 596 3366 648 in
3392 594 3523 647 deus

1952 694 2252 749 referebant
2282 695 2505 762 gentiles
2535 696 2620 761 qui
2667 693 2813 761 prius
2862 690 3002 759 apud
3057 703 3152 742 nos
3194 685 3524 748 habitabant,

1952 785 2198 853 quoniam
2228 800 2321 853 per
2352 785 2521 852 ipsum
2548 793 2863 839 exercentes
2891 782 3288 849 agriculturam,
3332 779 3527 829 victum

1951 872 2052 928 sibi
2097 874 2389 943 parabant;
2431 889 2622 943 aquam
2654 885 2829 927 autem
2878 871 3002 935 Nili,
3060 869 3309 938 quoaiam
3352 865 3534 934 irrigat

1952 980 2139 1019 omnes
2165 980 2350 1033 agros;
2386 976 2582 1020 terram
2625 980 2835 1034 quoque
2860 964 3130 1025 colebant,
3163 969 3219 1013 ut
3240 974 3358 1029 qua:
3391 966 3532 1012 esset

1951 1055 2068 1109 aliis
2110 1057 2355 1110 omnibus
2401 1056 2707 1121 regionibus
2757 1055 2997 1107 fertilior.
3068 1052 3317 1116 Reliquas
3356 1060 3529 1100 autem

1951 1143 2391 1207 abOminationes,
2425 1159 2585 1197 canes
2622 1154 2674 1198 et
2702 1143 2902 1207 simias,
2950 1150 3003 1196 et
3032 1137 3293 1208 reliquam
3321 1151 3532 1190 omnem

1952 1232 2300 1285 animantium
2351 1243 2401 1285 et
2433 1233 2638 1301 olerum
2667 1232 2911 1284 colebant
2968 1227 3370 1296 turpitudinem,
3405 1238 3538 1293 qua-

1954 1331 2108 1377 tenus
2131 1337 2316 1376 eorum
2348 1338 2475 1376 usus
2500 1325 2593 1376 fuit
2622 1323 2701 1376 eis
2717 1321 2928 1375 occasio
2950 1320 3158 1383 salutis,
3187 1316 3276 1385 qui
3300 1327 3539 1382 tempore

1955 1412 2246 1467 Pharaonis
2293 1414 2535 1467 homines
2586 1422 2875 1481 occupatos
2934 1411 3119 1474 tenuit,
3174 1407 3389 1475 quando
3444 1406 3538 1459 ille

1954 1501 2205 1558 lsraelem
2258 1520 2610 1574 persequens,
2669 1506 2978 1560 submersus
3027 1512 3127 1556 est.
3171 1498 3544 1569 Unusquisque

1955 1595 2100 1649 enim
2130 1595 2181 1649 id
2211 1596 2263 1648 in
2291 1610 2394 1664 quo
2421 1595 2521 1649 fuit
2544 1604 2858 1662 occupatus,
2889 1608 3011 1647 cum
3063 1591 3392 1645 Pharaonem
3439 1603 3542 1640 non

1955 1694 2099 1740 esset
2143 1696 2395 1751 secutus,
2490 1685 2591 1738 hoc
2674 1680 2728 1733 in
2799 1681 2929 1735 deos
3011 1681 3238 1745 retulit,
3300 1678 3541 1732 dicens:

1956 1775 2070 1828 Iloc
2101 1776 2193 1828 fuit
2211 1775 2336 1828 mihi
2362 1775 2493 1828 deus
2516 1774 2670 1828 hodie
2708 1789 2801 1842 per
2822 1773 2961 1843 quod
2984 1775 3228 1826 eﬂ'ectum
3253 1779 3334 1825 est
3359 1779 3413 1822 ut
3437 1781 3541 1821 nOn

284 1894 475 1962 decipit
500 1900 676 1944 mente
691 1900 897 1956 captus,
917 1886 1151 1955 etgratia
1176 1881 1503 1936 molabitur.
1531 1879 1858 1945 llabuitergo
1891 1864 1935 1922 Β
1965 1868 2192 1934 Perirt‘m
2241 1881 2344 1917 una
2375 1880 2492 1919 cum
2524 1866 2823 1918 Pharaone.
2872 1865 2995 1917 Hinc
3020 1863 3233 1932 quidem
3262 1862 3314 1913 in
3342 1874 3546 1913 sermo.-

286 1985 425 2036 lianc
459 1994 705 2049 magnam
752 1978 1046 2031 doctrinam
1095 1974 1145 2026 in
1193 1971 1546 2033 sermonibus,
1578 1982 1734 2034 quam
1764 1980 1861 2019 nos

284 2088 495 2142 quoque
523 2085 663 2139 srpe
697 2077 876 2135 postea
906 2068 972 2121 ab
993 2066 1107 2134 ipso
1150 2063 1476 2117 audivimus:
1522 2061 1577 2111 in
1605 2057 1859 2123 operibus

287 2171 463 2214 autem
492 2158 757 2213 efﬁciebat
787 2156 1014 2225 majora,
1071 2152 1245 2207 omnis
1298 2152 1437 2204 enim
1464 2146 1646 2217 petitio
1673 2145 1720 2200 ei
1749 2155 1860 2199 sta-

287 2255 382 2308 tim
404 2254 626 2307 dabatur
652 2266 681 2303 a
717 2252 840 2303 Deo.
995 2310 1001 2317 ,

362 2343 497 2408 Quin
526 2340 683 2393 etiam
709 2336 925 2390 videbat
972 2332 1227 2402 quasdam
1280 2330 1687 2385 revelationes:
1735 2325 1866 2378 vidit

289 2434 432 2485 enim
463 2445 615 2484 suum
646 2428 860 2482 fratrem
902 2436 1025 2477 natu
1053 2422 1364 2485 maximum,
1396 2422 1483 2488 qui
1512 2422 1622 2487 ipse
1652 2430 1866 2487 quoque

292 2523 466 2578 fuerat
494 2526 892 2575 cotisummatus
940 2516 991 2570 in
1015 2515 1321 2577 solitudine,
1381 2521 1434 2567 et
1482 2513 1599 2580 ipso
1643 2510 1867 2578 pulchro

292 2621 419 2669 vitae
449 2614 686 2668 instituto
702 2627 823 2667 eum
852 2618 1351 2679 superaverat,cum
1379 2620 1484 2675 quo
1516 2608 1627 2672 ipse
1657 2618 1868 2672 quoque

295 2706 456 2775 longo
501 2714 738 2772 tempore
785 2703 916 2757 vixit
958 2702 1007 2755 in
1058 2699 1367 2754 solitudine.
1422 2695 1715 2749 Videbatur
1741 2708 1868 2762 ergo

293 2814 417 2856 eum
442 2798 619 2853 videre
633 2796 905 2851 sedentem
931 2796 984 2848 in
1009 2794 1198 2847 eodem
1222 2792 1415 2845 throno
1441 2804 1560 2843 cum
1590 2787 1867 2857 apostolis,

296 2907 417 2947 cum
447 2892 496 2945 ei
520 2889 825 2958 reliquisset
856 2902 1068 2941 suarum
1100 2886 1355 2939 virtutum
1389 2882 1784 2940 haereditatcm;
1816 2888 1871 2933 et

297 2985 375 3037 sic
404 2997 498 3050 pro
525 2995 585 3034 se
613 2981 728 3044 ipso
774 2977 1154 3041 intercedebat,
1186 2975 1349 3027 Deum
1383 2986 1593 3039 rogans,
1651 2980 1705 3023 ut
1727 2977 1873 3023 esset

298 3073 452 3125 velox
482 3069 596 3137 ejus
625 3067 922 3131 translatio,
968 3074 1022 3119 et
1054 3080 1172 3119 cum
1203 3065 1315 3131 ipso
1336 3062 1434 3116 sibi
1462 3060 1696 3129 requiem
1729 3072 1869 3127 pra:-

298 3169 467 3217 staret
498 3162 548 3215 in
579 3159 752 3214 caelis.
781 3159 933 3212 Visus
956 3166 1036 3209 est
1064 3165 1241 3209 autem
1268 3155 1313 3207 ei
1355 3153 1554 3205 dixisse
1594 3150 1867 3211 Servator,

298 3263 546 3322 Oportere
575 3266 692 3303 eum
718 3250 888 3302 adhuc
915 3263 1075 3315 parvo
1108 3255 1345 3312 tempore
1375 3258 1493 3297 esse
1523 3242 1573 3295 in
1625 3251 1763 3295 terra
1802 3241 1869 3292 ad
1900 3222 1942 3281 (ἶ

307 3344 593 3399 multorum
632 3340 1030 3406 |‘CI'fCCllt)ll0lll,
1072 3337 1243 3389 donec
1282 3335 1429 3387 multi
1462 3333 1591 3386 ﬁant
1619 3334 1733 3400 ejus
1764 3332 1871 3385 viro

302 3435 426 3489 tutis
442 3433 797 3488 aemulatores.
830 3432 1046 3499 Magnus
1068 3428 1208 3483 enim
1243 3425 1618 3480 monachorum
1647 3425 1870 3493 populus

302 3528 549 3582 credetur
572 3526 685 3595 ejus
716 3525 859 3588 fidei,
884 3533 936 3577 et
969 3525 1086 3592 pius
1125 3520 1422 3585 exercitus,
1456 3528 1513 3574 ut
1542 3519 1763 3589 gloriam
1792 3519 1874 3571 di-

302 3634 459 3687 gnam
492 3617 762 3668 laboribus
788 3621 1146 3682 consequatur
1175 3610 1313 3678 apud
1344 3611 1532 3662 Deum.
1565 3609 1688 3662 "rec
1720 3607 1869 3671 vidit,

301 3724 419 3775 qua).
464 3706 622 3759 etiam
670 3712 982 3757 evenerunt.
1035 3702 1163 3753 Nam
1205 3715 1324 3754 cum
1367 3698 1517 3752 multi
1544 3698 1776 3765 undique
1808 3713 1874 3751 ex

303 3798 573 3850 auditione
602 3794 666 3847 ad
691 3810 811 3848 eum
849 3794 1225 3847 convenissent
1254 3793 1520 3855 monachi,
1546 3801 1597 3844 et
1630 3806 1724 3858 per
1752 3790 1872 3857 ejus

303 3888 597 3943 doctrinam
627 3899 678 3941 et
706 3887 1164 3940 conversationem
1193 3883 1404 3953 plurimi
1435 3882 1655 3935 omnino
1680 3881 1875 3935 mando

312 3978 729 4039 renuntiassent,
757 3976 887 4027 facta
908 3983 987 4026 Bel.
1024 3973 1246 4026 fratrum
1277 3971 1617 4032 cobabitatio,
1659 3986 1779 4023 cum
1809 3971 1872 4023 ad

303 4068 617 4136 quingentos
652 4067 839 4118 fratres
866 4064 1019 4117 simul
1045 4065 1182 4131 apud
1218 4062 1388 4130 ipsum
1415 4077 1751 4115 communem
1791 4062 1873 4114 vi-

304 4166 411 4209 tam
446 4146 721 4219 haberent,
748 4164 973 4206 etunam
1005 4168 1261 4216 mensam,
1290 4160 1394 4205 tota
1414 4167 1458 4203 vi
1481 4161 1561 4203 ste
1577 4150 1872 4215 candidati;

300 4248 431 4302 etin
472 4247 547 4301 eis
578 4247 790 4314 impleta
836 4255 919 4299 est
961 4244 1255 4310 Scriptura,
1314 4257 1433 4310 qua:
1462 4240 1592 4294 dicit
1627 4257 1638 4291 z
1674 4239 1877 4292 Lmtare

302 4339 570 4390 desertum
598 4337 800 4401 sitiens,
831 4349 1050 4399 erumpe
1071 4342 1124 4384 et
1152 4334 1319 4386 clama
1348 4347 1463 4398 qua:
1487 4346 1588 4383 non
1608 4332 1833 4397 parturis
1861 4347 1875 4395 ;

304 4428 553 4493 quoniam
577 4427 725 4479 inulti
767 4436 887 4477 sunt
912 4424 1005 4476 lilii
1028 4424 1272 4483 desertw,
1320 4423 1486 4490 magis
1519 4437 1674 4488 quam
1706 4421 1876 4473 virum

305 4515 552 4568 habentis
585 4513 760 4582 (Isaia:
792 4515 918 4581 Liv).
946 4512 1075 4564 Nam
1107 4512 1383 4579 impletum
1423 4511 1636 4578 quidem
1670 4518 1749 4561 est
1778 4509 1879 4563 hoc

302 4604 570 4671 eloquium
625 4605 992 4672 prOpheticum
1038 4620 1099 4657 ex
1133 4601 1365 4655 Ecclesia
1392 4617 1511 4669 qua:
1558 4612 1873 4669 congregata
1907 4590 1955 4647 D

304 4709 384 4750 est
418 4713 481 4751 ex
506 4696 751 4765 gentibus
786 4713 799 4749 :
847 4694 1140 4762 perfectum
1173 4704 1255 4747 est
1293 4702 1470 4745 autem
1506 4693 1556 4744 in
1583 4693 1681 4744 hac
1720 4692 1880 4744 etiam

305 4786 613 4857 Egyptiaca
644 4786 950 4852 solitudine,
982 4800 1096 4853 qua:
1129 4784 1307 4852 plures
1337 4783 1477 4835 filios
1504 4783 1613 4835 Deo
1643 4781 1882 4848 exhibet,

306 4896 462 4947 quam
487 4888 624 4933 terra
646 4893 763 4947 quae
791 4886 871 4930 est
897 4879 1147 4931 habitata.
1172 4875 1267 4931 Ubi
1292 4878 1431 4930 edim
1452 4886 1574 4928 sunt
1598 4875 1651 4927 in
1668 4875 1884 4929 urbibus

313 4980 391 5025 tot
424 4987 612 5043 greges
634 4986 817 5025 eorum
841 4971 931 5039 qui
969 4971 1098 5023 salvi
1129 4971 1277 5033 ﬁunt,
1329 4976 1456 5038 quot
1489 4969 1598 5022 Deo
1625 4969 1885 5022 exhibent

311 5077 426 5132 qua:
455 5072 579 5117 sunt
600 5064 650 5114 in
677 5061 903 5133 z’Egypto
924 5059 1278 5114 sofitudines?
1309 5060 1447 5124 Quot
1476 5068 1600 5112 sunt
1625 5060 1765 5111 enim
1792 5058 1880 5111 hic

315 5153 511 5223 populi,
567 5160 645 5206 tot
695 5162 817 5205 sunt
857 5151 965 5205 illic
992 5150 1043 5204 in
1082 5149 1307 5203 desertis
1330 5148 1595 5203 monachi.
1640 5149 1716 5204 Ae
1748 5146 1880 5201 mihi

314 5247 525 5300 videtur
560 5246 757 5299 dictum
788 5241 1045 5312 Apostoli,
1091 5243 1249 5296 etiam
1282 5240 1495 5307 inipsis
1526 5256 1646 5295 esse
1691 5241 1877 5307 imple-

311 5347 420 5390 tum
454 5353 468 5389 :
509 5336 603 5391 Ubi
637 5336 776 5389 enim
800 5334 1086 5388 abundavit
1109 5342 1403 5401 peccaturo,
1431 5328 1880 5399 superabundavit

310 5438 361 5481 et
404 5427 569 5494 gratia
614 5426 806 5493 (Rom.
852 5425 926 5495 v).
980 5422 1280 5479 Abundavit
1330 5424 1469 5477 enim
1502 5424 1769 5490 quondam
1827 5422 1878 5474 in

312 5518 544 5586 Aigypto
589 5517 788 5569 multus
837 5526 892 5569 et
930 5517 1123 5585 impius
1169 5515 1430 5568 idolorum
1452 5516 1642 5577 cultus,
1670 5515 1799 5566 adeo
1823 5522 1881 5565 ttt

314 5611 366 5664 in
397 5610 539 5663 nulla
570 5618 724 5676 gente
759 5610 956 5677 magis;
998 5624 1160 5663 canes
1188 5610 1330 5662 enim
1364 5617 1416 5660 et
1439 5608 1619 5659 simias
1667 5606 1878 5673 quidam

313 5701 592 5765 eulebant;
627 5700 712 5752 alii
755 5701 874 5752 allia
904 5711 956 5753 et
985 5716 1164 5769 caepe;
1220 5707 1273 5753 et
1311 5714 1373 5753 ex
1431 5698 1618 5750 vilibus
1648 5698 1881 5749 oleribus

316 5797 479 5850 inulta
527 5796 652 5849 deos
676 5793 1071 5856 existimabant,
1107 5806 1159 5849 ut
1196 5796 1363 5858 ipsum
1392 5803 1635 5849 sanctum
1672 5793 1877 5848 Patrem

1963 1958 2118 2011 nibtts
2165 1956 2347 2010 habuit
2376 1968 2589 2009 sanctus
2612 1956 2826 2024 Apollo.

2034 2090 2170 2144 Ante
2195 2103 2469 2144 sermones
2496 2097 2673 2142 autem
2707 2084 3045 2142 scribendum
3075 2092 3159 2137 est
3201 2094 3318 2149 quae
3361 2091 3549 2149 posse-

1964 2181 2043 2236 dit
2100 2183 2152 2235 in
2202 2181 2473 2250 Operibus.
2526 2180 2764 2234 Fuerunt
2806 2179 2947 2232 enim
2997 2176 3280 2245 aliquando
3326 2172 3551 2244 gentiles

1966 2287 2132 2341 prope
2159 2273 2461 2325 accolentes
2492 2271 2545 2324 in
2594 2271 2725 2323 locis
2768 2268 3037 2333 omnibus,
3083 2275 3138 2320 et
3189 2265 3377 2319 decem
3429 2262 3550 2332 pagi

1966 2369 2050 2435 qui
2081 2373 2231 2420 erant
2253 2366 2299 2418 ei
2333 2363 2736 2432 propinquiores
2782 2362 2953 2428 magis
2983 2359 3226 2435 colebant
3254 2359 3548 2411 daemones.

1969 2458 2101 2510 Erat
2125 2466 2299 2509 autem
2328 2455 2580 2523 templum
2631 2454 2915 2505 iriaximum
2950 2451 3000 2503 in
3049 2464 3154 2501 uno
3201 2449 3337 2512 vico,
3381 2457 3436 2500 et
3480 2446 3551 2498 si-

1970 2549 2261 2601 mulacrum
2298 2546 2528 2600 tnaxime
2575 2545 2801 2612 insigne,
2836 2544 3004 2611 lignea
3052 2551 3229 2595 autem
3277 2547 3390 2591 erat
3436 2540 3552 2591 litec

1969 2648 2163 2693 statua.
2196 2639 2448 2707 Pompam
2475 2644 2650 2689 autem
2673 2635 2958 2699 ducebant,
2986 2647 3102 2685 eam
3154 2644 3248 2699 per
3280 2630 3423 2682 vicos
3452 2628 3554 2681 cir-

1969 2731 2325 2786 cumferentes
2394 2729 2581 2783 nefarii
2634 2728 2968 2789 sacerdotes,
3031 2725 3119 2794 qui
3165 2723 3555 2777 bacchabantur

1971 2838 2089 2878 cum
2115 2824 2473 2889 multitudine,
2495 2822 2656 2877 veluti
2685 2838 2778 2891 pro
2798 2837 2935 2890 aqua
2958 2819 3194 2873 ﬂuviatili
3225 2819 3556 2873 celebrantes

1973 2917 2247 2987 mysteria.
2278 2916 2484 2970 Accidit
2513 2924 2688 2968 autem
2720 2921 2778 2965 ut
2809 2913 2897 2965 illo
2922 2920 3157 2978 tempore
3196 2910 3306 2962 illic
3345 2909 3557 2963 adesset

1974 3008 2166 3076 Apollo
2206 3020 2326 3060 cum
2360 3006 2543 3075 paucis
2587 3004 2900 3074 quibusdam
2955 3000 3204 3054 fratribus
3234 3015 3247 3050 :
3282 3005 3558 3066 postquam

1977 3107 2153 3152 autem
2182 3096 2318 3151 vidit
2361 3096 2753 3149 multitudinem
2784 3103 3000 3158 repente
3030 3088 3356 3144 dientoniace
3384 3086 3559 3139 furen-

1977 3199 2079 3242 tem
2114 3205 2205 3258 per
2227 3182 2518 3255 regionem,
2544 3187 2693 3239 flexis
2714 3185 2982 3239 Servatori
3015 3181 3255 3251 genibus,
3288 3178 3411 3232 fecit
3438 3194 3555 3229 oni-

1976 3294 2070 3333 nes
2108 3279 2333 3349 gentiles
2383 3284 2604 3345 repente
2648 3273 2965 3327 immoLiles.
3021 3272 3154 3325 Cum.
3206 3281 3383 3323 autem
3449 3282 3555 3322 non

1974 3382 2189 3443 possent
2214 3386 2278 3425 ex
2312 3370 2402 3423 illo
2432 3371 2546 3423 loco
2581 3367 2843 3437 progredi,
2878 3364 3203 3420 aliusalium
3252 3362 3549 3424 trudentes,

1975 3472 2027 3514 et
2067 3469 2197 3514 aestu
2229 3468 2343 3513 toto
2365 3460 2449 3513 die
2479 3468 2825 3521 torrerentur,
2851 3455 3154 3523 ignorantes
3185 3454 3322 3507 unde
3360 3452 3458 3505 hoc
3482 3466 3559 3505 ets

1975 3558 2259 3621 evenisset,
2294 3555 2603 3609 sacerdotes
2631 3566 2813 3605 eorum
2841 3550 3098 3603 dixerunt
3132 3561 3247 3601 esse
3278 3544 3561 3614 quemdam

1976 3648 2333 3703 Christianum
2364 3647 2687 3700 habitantem
2718 3643 2768 3695 in
2798 3656 2982 3696 eorum
3020 3639 3211 3693 finibus
3242 3638 3341 3691 sub
3365 3637 3559 3690 solitu-

1978 3743 2123 3809 dine,
2156 3741 2245 3810 qui
2272 3742 2385 3793 hinc
2431 3740 2647 3800 faceret,
2680 3734 2918 3788 dicentes
2954 3731 3019 3784 de
3067 3729 3291 3799 Apollo;
3324 3737 3377 3781 et
3406 3740 3574 3794 npOt-‘

1979 3842 2091 3888 tere
2112 3833 2161 3887 ei
2194 3830 2509 3900 supplicare,
2540 3829 2624 3881 sin
2650 3826 2821 3878 minus
2859 3824 2970 3876 fore
3001 3828 3058 3874 ut
3087 3819 3300 3873 veniant
3340 3818 3389 3869 in
3421 3816 3563 3885 peri—

1977 3927 2176 3979 culum.
2240 3923 2524 3989 POSIquam
2589 3924 2766 3969 autem
2839 3913 2925 3980 qui
2977 3910 3157 3978 procul
3215 3906 3562 3969 habitabant,

1979 4017 2169 4071 auditis
2200 4014 2523 4069 clamoribus
2570 4021 2623 4063 «ιι
2667 4004 3151 4067 lamenzationibus,
3189 4006 3555 4063 accesserunt,

1979 4119 2030 4161 et
2061 4124 2151 4161 ρος
2184 4114 2468 4174 rogarunt:
2506 4103 2765 4169 Quidnam
2815 4107 2918 4164 est,
2949 4096 3205 4156 dicentes,
3241 4090 3384 4159 quod
3417 4089 3565 4142 vost

1982 4208 2206 4265 repente
2234 4195 2472 4248 accidit?
2519 4207 2622 4261 quo
2654 4198 2806 4257 pacto
2852 4189 2951 4241 hoc
2982 4187 3174 4240 factum
3205 4182 3327 4236 est?
3359 4180 3436 4233 illi
3464 4194 3564 4231 au-

1985 4296 2089 4338 tem
2121 4288 2369 4337 dixerunt
2423 4298 2479 4335 se
2515 4283 2751 4345 iirscire,
2787 4278 2885 4331 nisi
2918 4275 3058 4345 quod
3100 4274 3269 4328 virum
3303 4269 3570 4323 habebant

1982 4386 2308 4444 suSpectum,
2342 4375 2578 4427 dicentes
2610 4383 2857 4440 oportere
2884 4369 3026 4421 illum
3047 4367 3276 4434 placare.
3308 4362 3408 4415 Alii
3439 4372 3569 4412 vero

1987 4470 2321 4523 testabantur
2343 4482 2401 4521 se
2433 4482 2553 4519 eum
2586 4464 2778 4516 vidisse
2819 4466 3260 4530 praetereuntem;
3293 4463 3348 4508 et
3377 4453 3451 4504 sic
3484 4465 3566 4502 ro-

1985 4568 2173 4629 garunt
2198 4572 2290 4611 eos
2316 4567 2373 4611 ut
2401 4556 2478 4610 eis
2502 4556 2607 4608 cito
2643 4554 2857 4606 daretur
2885 4550 3134 4602 auxi‘ium
3163 4564 3173 4596 :
3201 4542 3444 4597 adductis
3476 4541 3569 4593 bo-

1986 4651 2084 4704 bus
2113 4648 2287 4704 conati
2318 4656 2440 4702 sunt
2490 4659 2707 4699 movere
2756 4643 3130 4702 simulacrum;
3165 4636 3217 4689 id
3249 4644 3423 4686 autem
3450 4646 3566 4682 ma-

1992 4743 2154 4796 nebat
2211 4748 2458 4807 tanquam
2506 4733 2781 4789 immobile
2831 4746 2951 4785 cum
3004 4728 3133 4795 ipsis
3181 4720 3565 4779 sacerdotibus.

1986 4833 2114 4887 Cum
2158 4830 2355 4884 nullam
2412 4842 2542 4896 ergo
2591 4822 2851 4880 evadendi
2902 4820 3161 4875 rationem
3215 4813 3567 4873 invenissent,

1987 4924 2246 4978 miserunt
2272 4934 2365 4988 per
2395 4917 2603 4971 accolas
2636 4914 2953 4983 legationem
2985 4910 3047 4961 ad
3081 4905 3271 4974 Apollo
3291 4945 3305 4967 ,
3336 4910 3395 4955 ut
3424 4900 3569 4951 iliine

1988 5012 2194 5068 liberati
2216 5010 2284 5063 ab
2302 5022 2486 5063 errore
2516 5004 2848 5059 recederent.
2881 5000 2972 5053 llis
2989 5006 3163 5051 autem
3193 4995 3383 5064 Apollo
3411 4991 3570 5060 signi-

1990 5106 2179 5171 ﬁcatis,
2213 5100 2493 5156 celerrime
2512 5096 2790 5152 descendit
2833 5095 2995 5147 homo
3026 5092 3152 5155 Dei;
3184 5098 3236 5142 et
3264 5102 3383 5140 emn
3423 5097 3571 5137 oras-

1988 5204 2091 5259 set,
2121 5207 2307 5247 omnes
2337 5190 2493 5243 solvit
2537 5203 2566 5239 a
2611 5186 2843 5239 vinculo.
2887 5183 2950 5237 Hi
2997 5191 3172 5234 autem
3224 5191 3412 5232 omnes
3466 5188 3571 5227 uno

1990 5287 2169 5340 animo
2198 5284 2261 5337 ad
2288 5284 2459 5351 ipsum
2494 5285 2864 5347 preces-erunt
2885 5318 2898 5339 ,
2932 5275 3296 5327 universorum
3328 5270 3573 5323 Semno-

1991 5386 2034 5440 ri
2065 5386 2366 5444 credentes,
2399 5388 2453 5434 et
2485 5380 2591 5432 Deo
2620 5376 2706 5445 qui
2740 5375 2861 5428 facit
2890 5371 3242 5437 admirabilia,
3268 5367 3411 5421 idolo
3443 5380 3567 5433 pro-

1993 5487 2134 5542 tinus
2156 5484 2258 5553 igni
2293 5481 2559 5535 mandato.
2586 5478 2729 5543 Quos
2775 5489 2962 5528 omnes
3010 5468 3271 5527 catechcsi
3305 5468 3572 5521 institutos

1990 5584 2473 5658 adjecitecclesiis.
2505 5581 2651 5636 Multi
2698 5590 2873 5633 autem
2925 5593 2988 5632 ex
3027 5577 3103 5629 h‘s
3152 5577 3202 5627 in
3254 5571 3567 5625 hodiernum

1991 5705 2154 5758 usque
2180 5687 2317 5741 diem
2351 5685 2547 5753 degunt
2575 5683 2626 5736 in
2672 5678 3025 5734 monasteriis.
3076 5675 3241 5743 Hujus
3282 5682 3459 5726 autem
3493 5672 3568 5724 rei

1994 5793 2130 5847 fama
2160 5786 2382 5855 pervasit
2419 5784 2469 5839 in
2510 5797 2693 5839 omnes
2725 5786 2921 5851 partes,
2955 5785 3007 5833 et
3038 5775 3183 5831 multi
3230 5772 3569 5831 crediderunt
