4028 6462
490 418 626 476 III?)

1956 412 2271 467 I‘ALLADII

3606 412 3748 466 HN

480 539 534 593 In
566 536 882 603 Dominum;
911 538 1045 592 adeo
1084 545 1144 593 ut
1170 538 1347 596 nullus
1374 539 1598 608 amplius
1624 540 1839 611 gentilis
1884 541 2057 595 nomi-
2087 544 2133 599 A
2166 540 2496 606 miraculum,
2529 551 2583 597 et
2630 550 2876 597 eventum
2922 544 3036 613 ejus
3080 545 3223 614 quod
3273 547 3500 615 dixerat,
3551 568 3740 609 omnes

479 640 636 684 netur
660 630 709 684 in
742 630 856 696 ejus
874 630 1081 685 finibus.

550 722 663 777 Non
696 722 863 775 multo
887 730 1006 790 post
1034 729 1212 775 autem
1243 730 1503 791 tempore,
1545 722 1648 776 duo
1678 722 1793 791 pagi
1830 722 1970 777 inter
2000 737 2059 776 se

475 812 675 867 bellum
703 812 961 880 incipiunt
987 812 1336 877 committere,
1386 828 1480 881 pro
1523 813 1665 882 agris
1694 813 2053 867 decertantes.

477 905 763 968 Postquam
793 913 966 958 autem
995 914 1074 959 est
1116 903 1306 974 Apollo
1356 908 1737 973 renuntiatum,
1769 906 1944 958 s'atim
1991 906 2056 958 ad

472 1009 567 1049 eos
588 995 880 1061 descendit,
934 995 1070 1050 inter
1115 1011 1206 1049 eos
1260 1011 1444 1064 pacem
1503 997 1906 1051 conciliaturus.
1954 997 2054 1061 Qui

472 1100 627 1144 erant
657 1096 831 1141 autem
862 1103 925 1143 ex
953 1096 1099 1155 parte
1128 1088 1347 1143 adversa
1372 1104 1478 1142 non
1513 1091 1787 1156 parebant,
1809 1088 1901 1142 sed
1932 1104 2055 1142 con:

475 1177 801 1229 tradieebant
826 1217 841 1239 ,
874 1175 991 1229 freti
1025 1191 1130 1230 uno
1159 1176 1419 1230 latronum
1455 1178 1712 1246 principe,
1758 1185 1815 1231 ut
1844 1179 1959 1230 viro
1988 1176 2051 1230 ad

476 1266 670 1321 bellum
702 1269 1158 1335 praestantissimo.
1177 1269 1311 1322 Cum
1334 1283 1454 1322 eum
1478 1284 1606 1337 ergo
1628 1270 1815 1338 Apollo
1837 1269 2056 1323 vidisset

468 1361 942 1430 contradicentem,
974 1360 1105 1414 dixit
1132 1361 1179 1415 ei
1206 1376 1220 1413 ς
1252 1362 1305 1415 Si
1351 1362 1617 1429 parueris,
1673 1376 1706 1416 0
1749 1362 1938 1426 amice,
1968 1377 2052 1417 ro-

470 1450 606 1515 gabo
634 1449 911 1502 Dominum
947 1465 1141 1513 meum,
1177 1460 1234 1504 ut
1291 1460 1376 1504 tua
1422 1459 1635 1520 peccata
1692 1453 2049 1507 remittantur.

470 1543 516 1594 Is
547 1552 720 1595 autem
753 1541 837 1595 ubi
866 1540 966 1595 hoc
996 1542 1216 1610 audiv't,
1270 1558 1372 1596 non
1402 1551 1696 1607 cunctatus,
1722 1542 1942 1613 abjectis
1966 1560 2051 1598 ar—

467 1636 604 1701 mis,
664 1635 778 1702 ejus
828 1635 1055 1701 genibus
1095 1634 1375 1689 advolutus
1424 1635 1767 1703 supplicavit;
1822 1647 1872 1689 et
1925 1651 2049 1703 pace

466 1725 599 1779 facta
650 1724 764 1793 ejus
806 1727 1211 1789 intercessmne,
1265 1740 1389 1779 suos
1443 1726 1646 1779 remisit
1696 1726 1761 1779 ad
1814 1726 2045 1793 prepria.

466 1815 596 1870 Cum
643 1814 677 1867 ii
709 1823 886 1867 autent
925 1830 1106 1882 pacem
1138 1815 1389 1881 egissent,
1421 1823 1475 1868 et
1522 1814 1796 1877 abiissent,
1831 1814 2047 1883 ina-ignis

2162 631 2435 686 Servatori
2458 633 2739 688 credentes
2767 650 2889 689 eum
2926 636 3278 703 prazdieabant
3323 644 3662 709 prophetam.

2235 722 2360 773 Erat
2384 730 2562 776 autem
2591 721 2763 777 adhuc
2810 735 2966 778 antea
3016 725 3069 779 in
3100 731 3294 782 montis
3328 732 3580 798 spelunca
3611 751 3737 789 san-

2162 819 2281 863 ctus
2312 811 2521 879 Apollo,
2568 827 2686 865 cum
2716 813 2949 883 quinque
2977 815 3095 869 aliis
3126 815 3397 883 fratribus,
3447 824 3535 889 qui
3577 826 3736 891 primi

2159 899 2370 951 fuerunt
2396 898 2511 967 ejus
2542 899 2803 969 discipuli,
2836 917 2957 956 eum
3002 914 3243 960 recenter
3273 908 3503 964 venisset
3527 927 3561 965 e
3602 916 3733 967 soli-

2161 988 2362 1043 tudine.
2391 986 2522 1041 Cum
2552 998 2727 1043 autem
2775 992 3116 1046 adventasset
3153 994 3266 1048 dies
3297 995 3459 1052 festus
3489 1000 3732 1065 I'aschze,

2154 1090 2207 1132 et
2242 1078 2334 1134 Dei
2376 1080 2573 1133 cultum
2609 1081 2937 1151 implessent,
2969 1093 3122 1138 erant
3159 1087 3298 1140 esuri
3327 1103 3389 1140 ea
3432 1106 3548 1157 quae
3578 1094 3730 1145 inve-

2156 1166 2436 1220 niebantur
2463 1186 2476 1220 :
2510 1177 2664 1221 erant
2697 1177 2871 1223 autem
2902 1170 2950 1223 aI
2973 1181 3103 1240 quot
3146 1172 3270 1228 sicci
3298 1190 3480 1243 panes,
3501 1189 3555 1233 et
3580 1196 3736 1248 quaa-

2155 1257 2278 1311 dam
2310 1258 2454 1311 olera
2479 1259 2730 1326 reposita.
2764 1260 2856 1313 Eis
2885 1273 3060 1318 autem
3104 1262 3238 1317 dixit
3289 1268 3511 1335 Apollo:
3545 1271 3602 1325 Si
3629 1286 3729 1325 su-

2156 1364 2271 1403 tuus
2304 1349 2511 1418 fideles,
2545 1364 2577 1403 o
2628 1351 2743 1418 lilii,
2796 1360 2852 1405 et
2897 1355 3137 1421 germani
3179 1353 3375 1410 Christi
3425 1359 3539 1427 filii,
3583 1373 3732 1430 petat

2155 1439 2520 1508 unusquisque
2544 1451 2778 1492 vestrum
2802 1456 2829 1492 a
2858 1442 2964 1494 Deo
2992 1442 3043 1495 id
3073 1444 3210 1512 quod
3255 1445 3370 1514 ejus
3397 1450 3575 1503 animo
3598 1467 3729 1520 gra-

2154 1540 2262 1582 tum
2295 1539 2377 1584 est
2407 1531 2472 1583 ad
2504 1531 2843 1585 vescendum.
2892 1531 2969 1586 Illi
3016 1550 3142 1589 vero
3172 1551 3219 1590 et
3273 1540 3575 1594 universum
3608 1558 3729 1611 per-

2154 1622 2436 1689 miserunt,
2466 1621 2835 1676 existimantes
2882 1638 2940 1677 se
2985 1638 3105 1679 esse
3136 1626 3377 1695 indignos
3405 1630 3493 1683 tali
3534 1635 3725 1699 gratia.

2158 1714 2292 1768 Cum
2325 1714 2446 1767 Izeto
2494 1723 2668 1767 autem
2720 1714 2869 1768 vultu
2896 1725 3123 1784 orasset,
3157 1728 3208 1773 et
3235 1733 3419 1773 omnes
3466 1722 3726 1779 dixissent

2151 1804 2345 1867 Amen,
2370 1800 2612 1870 protinus
2641 1812 2796 1854 noctu
2829 1812 3084 1856 venerunt
3108 1804 3160 1858 iu
3182 1807 3484 1873 speluncam
3509 1812 3723 1879 quidam

466 1922 651 1962 eorum
681 1917 1058 1975 propugnator,
1114 1907 1305 1974 Apollo
1351 1907 1418 1960 de
1457 1917 1653 1960 caetero
1699 1908 2043 1975 sequebatur,

2152 1892 2244 1945 viri
2280 1892 2487 1957 penitus
2518 1892 2795 1961 incogniti,
2844 1892 2931 1961 qui
2961 1894 3208 1950 dicebant
3234 1912 3291 1951 se
3319 1901 3496 1954 venire
3520 1917 3551 1953 a
3605 1904 3725 1957 lon-

468 1999 783 2066 promfssum
810 2007 994 2065 aperte
1037 1999 1279 2065 exigens.
1310 1998 1477 2063 Quem
1513 2014 1631 2051 cum
1677 2001 2049 2067 assump~isict

473 2094 657 2145 beatus
681 2091 866 2157 Apollo
913 2090 963 2143 in
1007 2091 1299 2159 propinqua
1347 2090 1661 2154 solitudine,
1691 2090 1965 2143 admonu't
1993 2100 2048 2144 et

467 2180 707 2235 hortatus
736 2190 816 2234 est
863 2188 919 2232 ut
970 2180 1184 2248 patienti
1230 2187 1287 2232 et
1333 2180 1597 2233 eonsmnti
1650 2188 1794 2234 esset
1845 2180 2044 2245 animo,

470 2286 628 2340 posse
656 2272 795 2324 enim
826 2270 989 2323 Deum
1029 2270 1076 2323 ei
1110 2270 1433 2323 condonare.
1472 2270 1564 2324 Ubi
1603 2281 1777 2324 autem
1808 2286 1908 2325 nox
1950 2271 2043 2324 ad-

467 2360 636 2424 venit,
661 2359 819 2412 ambo
844 2359 1089 2412 viderunt
1121 2359 1173 2411 in
1198 2360 1398 2413 somnis
1428 2374 1485 2413 se
1517 2371 1692 2414 astare
1722 2370 1844 2414 ante
1876 2362 2044 2415 tribi-

468 2451 556 2504 nal
588 2448 782 2503 CbriSti
810 2466 824 2502 :
859 2450 1066 2516 utrique
1098 2456 1276 2502 autem
1308 2450 1801 2518 contettiplahantur
1832 2453 2046 2521 angelos

466 2542 631 2596 Deum
665 2556 767 2594 una
814 2554 933 2593 cum
976 2538 1131 2606 ju5tis
1172 2538 1474 2593 adorantes.
1520 2540 1759 2608 Cumque
1791 2541 1890 2608 ipsi
1944 2555 2044 2593 una

464 2646 583 2685 cum
616 2631 694 2684 eis
728 2631 1155 2699 procubuissent,
1187 2629 1397 2683 Patrem
1434 2630 1824 2696 adoraverunt;
1858 2639 1913 2685 et
1942 2646 2042 2685 vox

466 2721 532 2773 ad
559 2736 654 2777 eos
686 2722 817 2774 facta
849 2730 929 2774 est
962 2720 1053 2774 Dei
1077 2720 1303 2774 dicentis
1335 2736 1348 2773 :
1379 2720 1507 2787 Quae
1535 2728 1619 2775 est
1662 2722 1889 2775 serietas
1940 2722 2044 2775 luci

474 2828 593 2868 eum
627 2813 899 2867 tenebris?
931 2820 1021 2865 aut
1065 2827 1183 2881 quae
1224 2827 1345 2881 pars
1372 2822 1453 2866 est
1485 2813 1654 2867 fidelis
1683 2829 1802 2868 cum
1832 2814 2037 2869 infideli

471 2904 555 2974 (ll
588 2904 707 2957 Cor.
735 2904 791 2972 ιι)
817 2904 837 2955 ?
869 2904 1000 2968 Quid
1030 2917 1155 2957 vero
1179 2912 1279 2956 stat
1311 2919 1429 2956 cum
1449 2904 1592 2972 jusm
1614 2904 1895 2970 homicida,
1922 2920 2043 2959 cum

467 2996 538 3048 sit
568 2995 813 3063 indignus
846 2996 935 3047 tali
990 2994 1440 3062 contemplatione
1471 2997 1491 3048 ?
1530 2996 1610 3049 Tit
1661 3007 1836 3050 autent
1870 2998 1978 3065 abi,
2011 3013 2044 3052 0

467 3087 646 3151 homo,
675 3086 765 3137 tibi
792 3083 936 3139 enim
965 3092 1045 3139 est
1071 3098 1357 3138 concessus
1382 3084 1467 3138 hic
1497 3085 1646 3139 tarde
1685 3096 1837 3139 natus
1860 3089 2043 3154 perfu-

460 3191 545 3245 ga.
577 3176 677 3241 Qui
708 3190 827 3227 cum
859 3174 959 3227 alia
992 3175 1152 3226 multa
1176 3174 1440 3227 vidissent
1465 3183 1518 3228 et
1547 3176 1834 3229 audiissent
1875 3175 2042 3228 adiui-

2151 1986 2342 2051 giuqua
2372 1983 2616 2049 regione;
2639 1991 2691 2037 et
2723 1984 2898 2035 oumia
2929 1984 3195 2052 ferebant,
3228 2002 3288 2041 ea
3318 1991 3479 2043 etiam
3508 1992 3577 2045 de
3605 1996 3724 2062 qni-

2148 2074 2245 2126 bus
2276 2088 2340 2127 ne
2363 2073 2633 2126 auditione
2661 2073 2869 2139 quidem
2909 2088 3241 2144 acceperant,
3271 2089 3320 2132 et
3344 2098 3459 2149 qua:
3482 2100 3589 2137 non
3615 2101 3711 2137 na-

2150 2174 2370 2217 scuntur
2422 2164 2473 2216 in
2519 2164 2776 2233 Egypto,
2830 2164 2964 2218 horti
3017 2166 3222 2222 fructus
3268 2173 3442 2226 omnis
3484 2175 3725 2243 generis,

2150 2270 2278 2307 uvas
2307 2264 2359 2307 et
2384 2255 2516 2307 mala
2544 2257 2751 2321 punica,
2777 2263 2831 2307 et
2854 2257 2981 2310 licus
3007 2267 3060 2310 et
3106 2272 3293 2324 nuces,
3320 2263 3494 2315 omnia
3522 2264 3725 2318 intem-

2160 2346 2362 2411 pestive
2390 2360 2402 2395 :
2438 2344 2565 2412 quin
2593 2345 2752 2397 etiam
2793 2346 3047 2413 quosdam
3091 2347 3329 2402 inventos
3350 2350 3523 2404 mellis
3555 2352 3724 2419 favos,

2147 2443 2201 2488 et
2227 2449 2409 2486 urnam
2461 2436 2691 2488 recentis
2724 2436 2902 2499 Iactis,
2951 2446 3004 2490 et
3049 2438 3282 2491 nicolios
3329 2442 3613 2509 maximos,
3668 2457 3720 2498 et

2150 2539 2312 2592 panes
2334 2524 2557 2577 mundos
2585 2534 2637 2577 et
2666 2526 2866 2577 calidos
2911 2527 3061 2595 (lOl)
3086 2541 3114 2579 e
3142 2529 3357 2597 regione
3385 2541 3625 2585 externa.
3679 2536 3717 2588 Ii

2146 2626 2322 2670 autem
2350 2616 2438 2682 qui
2467 2629 2528 2668 ea
2582 2616 2888 2681 attulerant,
2929 2631 3049 2671 cum
3099 2619 3433 2675 solummodo
3479 2624 3716 2676 tradidis-

2147 2716 2289 2769 sent,
2326 2715 2575 2773 tanquam
2605 2704 2754 2759 missi
2776 2721 2803 2758 a
2835 2709 2948 2759 viro
2970 2721 3162 2775 magno
3183 2716 3235 2761 et
3268 2709 3450 2773 divite,
3484 2712 3715 2778 protinus

2148 2810 2370 2864 propere
2405 2802 2763 2848 recesserunt.
2808 2792 2938 2847 Cum
2970 2806 3145 2848 autem
3201 2812 3320 2864 quae
3372 2811 3527 2853 erant
3572 2816 3717 2855 escu-

2147 2888 2286 2941 lenta
2320 2886 2704 2953 percepissent,
2733 2901 2793 2939 ea
2825 2886 2932 2939 illis
2954 2886 3278 2942 suffecerunt
3299 2905 3466 2959 usque
3490 2893 3553 2945 ad
3583 2892 3720 2948 Pen-

2151 2984 2428 3041 tecosten;
2459 2976 2592 3029 adeo
2620 2985 2675 3030 ut
2706 2976 2804 3045 ipsi
2835 2992 3046 3048 quoque
3077 2979 3415 3049 mirarentur,
3472 2993 3527 3037 et
3576 2986 3722 3040 dice-

2149 3078 2269 3122 rcul.
2299 3067 2462 3121 fuisse
2493 3080 2555 3121 ea
2585 3082 2716 3121 vere
2745 3082 2773 3120 a
2804 3067 2915 3121 Deo
2947 3070 3128 3122 missa.

2218 3179 2439 3245 Quidam
2461 3187 2635 3232 autem
2663 3194 2727 3233 ex
2760 3180 3033 3233 monachis
3057 3182 3270 3248 rogabat
3294 3182 3498 3237 Patrem
3530 3195 3587 3238 ut
3614 3194 3733 3239 διλ-

462 3268 668 3333 rabilia,
699 3284 817 3336 qua:
844 3281 1014 3335 neque
1045 3266 1201 3319 audet
1228 3266 1398 3320 oratio
1451 3266 1656 3332 dicere,
1692 3282 1865 3335 neque
1894 3268 2038 3320 auris
2069 3258 2113 3317 C
2150 3272 2241 3323 tim
2272 3270 2436 3323 Deum
2469 3285 2561 3337 pro
2594 3271 2708 3337 ipso
2730 3278 2929 3334 oraret,
2957 3280 3011 3323 ut
3035 3271 3256 3339 gratiam
3306 3272 3410 3341 aliq
3433 3288 3530 3325 -am
3586 3290 3723 3327 con-

462 3362 662 3424 audire,
694 3358 905 3413 excitati
934 3359 1311 3411 annuntiarunt
1338 3358 1401 3410 iis
1431 3359 1519 3426 qui
1550 3373 1670 3411 cum
1698 3361 1779 3414 eis
1823 3375 2044 3413 conver-

468 3453 747 3507 sabautur.
777 3452 976 3505 Omnes
1020 3458 1197 3503 autem
1249 3449 1477 3509 maxime
1518 3450 1715 3504 invasit
1742 3451 2041 3504 admiratio.

466 3546 707 3622 utrisque
741 3560 898 3599 unam
928 3545 1263 3599 narrantibus
1292 3544 1569 3600 visionem.
1613 3544 1912 3599 Permansit
1951 3559 2044 3597 au-

461 3649 567 3692 tem
599 3626 717 3694 cum
749 3637 1211 3702 exercitatoribus,
1260 3638 1304 3691 is
1358 3639 1447 3706 qui
1502 3653 1608 3691 non
1656 3644 1772 3691 erat
1816 3637 2043 3706 amplius

462 3732 745 3797 homicida,
781 3746 947 3799 usque
968 3731 1032 3783 ad
1066 3742 1289 3785 mortem
1331 3730 1493 3783 vitam
1544 3743 1691 3782 suam
1742 3728 2038 3796 corrigens,

459 3840 522 3878 ex
556 3825 679 3894 lupo
709 3826 760 3879 in
793 3823 1089 3892 simplicem
1119 3832 1172 3877 et
1202 3824 1538 3877 innocentem
1561 3836 1749 3888 agnum
1783 3828 2038 3874 mutatus.

460 3915 519 3968 In
543 3932 606 3969 eo
632 3931 840 3983 quoque
871 3916 1085 3982 impleta
1114 3922 1196 3968 est
1246 3913 1393 3967 Isaia:
1440 3912 1737 3983 prophetia,
1776 3912 2039 3966 dicentis:

461 4006 591 4074 Lupi
621 4014 676 4060 et
703 4005 821 4074 agni
871 4005 1024 4059 simut
1058 4014 1357 4072 pascentur,
1405 4012 1459 4057 et
1488 4004 1572 4056 leo
1623 4013 1676 4058 et
1729 4003 1823 4057 bos
1880 4005 2040 4057 simul

463 4094 747 4149 comedent
779 4095 955 4162 paleas
988 4093 1167 4165 (Isaia:
1192 4094 1335 4164 va).
1363 4093 1577 4151 Licebat
1604 4095 1742 4147 enim
1776 4094 1882 4147 illic
1909 4110 2040 4162 quo-

462 4202 565 4252 que
594 4188 776 4242 videre
819 4187 1097 4256 .IEthiopes
1146 4202 1266 4242 cum
1315 4186 1590 4239 monachis
1621 4200 1679 4239 se
1710 4195 2041 4248 exercentes,

462 4289 517 4333 et
563 4279 762 4332 multos
802 4278 1086 4332 virtutibus
1140 4287 1490 4345 superantes,
1525 4287 1579 4330 et
1629 4277 1956 4344 Scripturam
1990 4278 2041 4329 in

461 4370 540 4423 eis
571 4370 863 4438 impletam,
886 4384 1004 4437 qua:
1029 4370 1151 4423 dicit
1179 4387 1191 4422 :
1218 4366 1490 4432 [Ethiopia
1516 4367 1804 4435 praeveniet
1829 4381 2039 4419 manum

460 4459 576 4528 ejus
608 4460 716 4514 Deo
745 4460 916 4530 (f’sal.
948 4459 1128 4530 mnu).

538 4550 838 4619 Aliquando
894 4561 1073 4605 autem
1131 4549 1477 4604 decertabant
1527 4549 1754 4618 gentiles
1783 4549 2040 4603 adversus

2147 3372 2481 3431 sequeretur.
2506 3362 2637 3415 Cum
2663 3363 2773 3430 ipse
2799 3370 2977 3415 autem
3002 3371 3225 3426 orasset,
3249 3363 3295 3415 ei
3318 3363 3714 3433 duliatttrgsatia

2149 3456 2462 3510 humilitatis
2491 3465 2543 3509 et
2566 3456 3009 3522 mansuetudinis,
3036 3455 3170 3509 adeo
3193 3466 3249 3508 ut
3268 3458 3563 3509 mirarentur
3584 3472 3705 3509 οηι⁴

2148 3562 2243 3600 nes
2267 3563 2385 3599 cum
2410 3556 2658 3602 essetam
2688 3560 3043 3601 mansuetum.
3080 3547 3183 3600 llas
3206 3558 3373 3602 autem
3398 3547 3500 3615 eius
3528 3550 3694 3599 virtu-

2149 3647 2229 3691 tes
2253 3653 2534 3695 narrarunt
2566 3645 2719 3698 nobis
2745 3646 2969 3714 quicum
3018 3649 3135 3716 ipso
3171 3657 3319 3702 erant
3364 3648 3560 3711 fratres,
3589 3648 3701 3701 tunc

2149 3733 2330 3786 multis
2354 3751 2561 3804 quoque
2588 3740 2962 3793 attestantibus
2992 3740 3259 3795 fratribus.

2224 3826 2427 3878 Etenim
2458 3840 2576 3879 eum
2609 3842 2713 3880 non
2764 3828 2932 3882 multo
2978 3839 3099 3883 ante
3132 3838 3367 3898 tempore
3407 3829 3589 3883 fuisset
3616 3830 3716 3883 ali-

2147 3916 2355 3986 quando
2385 3916 2550 3971 fames
2578 3919 2628 3972 in
2653 3918 2945 3985 Thebaide,
3001 3921 3088 3989 qui
3121 3933 3293 3975 autent
3318 3936 3377 3974 ea
3411 3924 3521 3973 lora
3564 3936 3720 3973 acco-

2150 4010 2327 4062 lebaut
2356 4011 2833 4079 populiaudissent
2875 4012 3015 4081 quod
3068 3994 3155 4080 qui
3203 4021 3355 4066 erant
3404 4013 3539 4078 apud
3595 4027 3720 4066 eum

2148 4103 2393 4156 monachi
2417 4114 2608 4173 prmter
2637 4119 2783 4173 spem
2814 4121 3025 4158 omnem
3068 4116 3119 4160 et
3148 4105 3449 4173 Opinionem
3480 4106 3721 4171 quotidie

2147 4191 2443 4257 alerentur,
2472 4208 2575 4246 uno
2598 4194 2774 4247 animo
2825 4195 2962 4263 apud
2996 4196 3164 4262 ipsum
3216 4204 3551 4248 accesserant
3600 4209 3722 4249 cum

2148 4284 2402 4337 uxoribus
2435 4291 2488 4337 et
2510 4282 2716 4344 liberis,
2744 4284 2903 4337 simul
2931 4286 3351 4339 benedictionem
3401 4294 3645 4352 petentes
3672 4296 3725 4339 et

2152 4373 2482 4425 alimentum.
2512 4371 2560 4427 Is
2590 4384 2767 4428 autem
2797 4374 2931 4428 nihil
2982 4376 3200 4442 veritus,
3234 4392 3299 4431 ne
3349 4378 3497 4430 cibus
3527 4377 3573 4431 ei
3624 4379 3725 4431 ali-

2147 4462 2361 4530 quando
2386 4462 2617 4527 deesset,
2650 4464 2809 4517 dabat
2848 4466 3096 4533 omnibus
3125 4467 3479 4533 venientibus,
3514 4469 3724 4522 unicui-

2147 4566 2251 4620 que
2279 4553 2417 4619 quod
2463 4553 2515 4605 in
2569 4553 2708 4606 diem
2759 4530 3299 4609 suflicerct.’Re|ietis
3330 4530 3507 4609 autem
3553 4557 3725 4611 tribus

457 4640 789 4695 Christianos
836 4641 1063 4696 rusticos
1105 4656 1204 4710 pro
1259 4642 1370 4694 suis
1424 4641 1651 4695 ﬁnibus:
1693 4651 1811 4694 erat
1860 4648 2036 4694 autem
2068 4628 2119 4687 D
2155 4643 2285 4695 solis
2312 4645 2517 4713 magnis
2546 4646 2740 4711 Sportis
2771 4658 2891 4697 cum
2939 4646 3183 4713 panibus,
3231 4656 3280 4699 et
3322 4646 3461 4701 fame
3520 4649 3723 4701 invale-

461 4731 744 4786 tqutitudo
805 4742 1151 4800 utrorumque
1201 4741 1569 4796 armatorum,
1636 4732 1827 4800 quibus
1876 4730 2043 4785 astitit

462 4823 651 4890 Apollo
686 4839 868 4890 pacem
894 4822 1035 4877 inter
1066 4837 1160 4877 eos
1202 4822 1518 4876 concilians.
1555 4822 1613 4874 Ei
1644 4829 1821 4874 autem
1850 4820 2044 4873 restitit

458 4916 734 4984 gentilium
767 4917 818 4969 in
851 4932 1025 4985 pugna
1057 4915 1470 4984 antesignanus,
1522 4915 1610 4984 qui
1643 4923 1757 4968 erat
1804 4915 1884 4965 vir
1922 4927 2044 4982 gra-

462 5010 542 5063 vis
570 5018 627 5064 et
652 5025 853 5075 saevus;
885 5011 1183 5064 affirmabat
1202 5017 1379 5063 autem
1408 5019 1461 5063 et
1482 5008 1764 5062 dicebatse
1790 5021 1893 5058 non
1922 5019 2046 5058 esse

465 5100 712 5161 daturum
745 5116 927 5169 pacem
960 5115 1123 5169 usque
1149 5102 1213 5153 ad
1248 5110 1497 5154 mortem.
1533 5100 1579 5153 Is
1606 5107 1782 5152 autem
1806 5096 1854 5150 ei
1877 5096 2040 5151 dicit:

461 5198 635 5265 Atque
660 5196 796 5250 adeo
828 5197 917 5250 tibi
942 5195 1035 5250 ﬁat
1060 5196 1199 5265 quod
1228 5195 1454 5264 elegisti,
1482 5194 1654 5247 nullus
1679 5192 1821 5247 enim
1854 5201 2047 5260 praeter

464 5299 514 5340 te
541 5286 833 5341 occidetur.
868 5286 987 5341 Tibi
1016 5296 1196 5341 autem
1225 5296 1434 5341 mortuo
1466 5300 1570 5339 non
1616 5285 1720 5339 erit
1762 5295 1902 5337 terra
1954 5297 2045 5336 se-

461 5379 742 5449 pulcrum,
833 5378 927 5432 sed
1002 5387 1222 5433 ventres
1313 5378 1543 5432 ferarum
1581 5386 1635 5429 et
1679 5378 1947 5429 vufturum
1994 5384 2045 5427 te

460 5469 844 5536 Implehuutur.
903 5468 1077 5536 Atque
1127 5470 1261 5522 adeo
1291 5470 1459 5522 oratio
1508 5468 1754 5521 effectum
1806 5468 2045 5536 protinus

463 5570 547 5613 est
576 5568 786 5628 sertita,
832 5573 950 5612 cum
985 5573 1047 5611 ex
1105 5570 1327 5626 utraque
1361 5570 1509 5625 parte
1562 5557 1736 5609 nullus
1785 5559 1854 5609 sit
1885 5557 2046 5610 inter-

466 5652 629 5706 fectus
680 5663 871 5720 p'mter
923 5651 1350 5719 antesignanum.
1410 5650 1576 5715 Quem
1627 5647 1787 5701 etiam
1837 5662 1955 5699 cum
1990 5647 2040 5701 in

461 5757 623 5794 arena
652 5742 1027 5805 tumulassent,
1055 5757 1210 5795 mane
1233 5741 1552 5794 invenerunt
1572 5737 1817 5793 membra
1847 5736 2043 5790 laniata

464 5832 532 5889 ab
585 5832 792 5902 hymnis
819 5841 875 5886 et
912 5833 1235 5891 vulturibus.
1270 5833 1350 5889 Illi
1402 5842 1578 5889 autent
1621 5846 1742 5888 cum
1784 5831 2042 5888 vidissent

2143 4744 2355 4798 sccnte,
2384 4733 2537 4802 jubet
2575 4743 2781 4801 sportas
2816 4735 2990 4787 alferri
3044 4736 3093 4787 iu
3127 4736 3383 4801 medium,
3432 4753 3559 4806 quas
3610 4738 3725 4806 ipso

2146 4822 2233 4876 die
2263 4830 2413 4875 erant
2467 4823 2609 4875 esuri
2660 4823 2939 4888 monachi;
2991 4834 3045 4876 et
3092 4825 3427 4879 audientibus
3476 4828 3723 4880 onmibus

2150 4913 2401 4966 fratribus
2432 4906 2487 4968 et
2517 4915 2693 4981 populi
2739 4916 3102 4980 multitudine,
3149 4917 3283 4970 dixit
3313 4934 3497 4995 magna
3546 4934 3674 4973 voce
3702 4937 3717 4970 :

2148 5004 2263 5058 Non
2299 5018 2486 5073 potens
2528 5014 2611 5059 est
2642 5021 2829 5059 manus
2876 5007 3080 5060 Domini
3127 5010 3244 5062 ha'c
3291 5010 3553 5077 implere?
3600 5012 3725 5065 "33¢

2150 5107 2325 5152 autem
2372 5098 2501 5152 dicit
2535 5098 2764 5165 Spiritus
2791 5107 3045 5151 sanctus:
3080 5098 3193 5153 Non
3221 5101 3433 5154 deficiet
3462 5102 3614 5168 panis
3658 5118 3720 5155 ex

2152 5190 2234 5245 his
2267 5192 2487 5258 sportis,
2522 5192 2692 5244 denec
2730 5206 2865 5244 novo
2914 5191 3176 5245 frumento
3224 5193 3471 5248 fuerimus
3521 5196 3719 5248 satiati.

2152 5282 2220 5335 Et
2264 5285 2599 5335 al‘lirmarunt
2627 5298 2813 5336 omnes
2857 5284 2947 5350 qui
2996 5294 3119 5336 tunc
3167 5285 3387 5338 aderant
3431 5284 3507 5337 eis
3560 5300 3722 5353 panes

2149 5373 2426 5426 suffecisse
2481 5382 2708 5441 quatuor
2760 5388 2990 5427 menses.
3034 5374 3288 5426 Similiter
3338 5388 3510 5428 autem
3566 5385 3619 5427 et
3668 5376 3721 5427 in

2147 5466 2266 5519 oleo
2295 5474 2350 5519 et
2380 5465 2682 5528 frumento;
2720 5465 2851 5518 adeo
2882 5476 2937 5519 ut
2969 5464 3173 5517 veniret
3208 5480 3439 5532 satanas,
3470 5475 3522 5517 et
3562 5468 3607 5518 ei
3643 5465 3721 5519 di-

2149 5565 2333 5611 ceret:
2367 5557 2501 5609 Num
2539 5567 2591 5609 tu
2620 5572 2676 5609 es
2699 5556 2861 5614 Elias.
2912 5565 3002 5608 aut
3050 5555 3187 5610 alius
3234 5572 3297 5609 ex
3350 5555 3618 5624 prophetis
3669 5566 3721 5610 ct

2148 5646 2427 5715 apostolis,
2462 5647 2603 5714 quod
2630 5644 2742 5698 haec
2794 5644 3002 5698 facias?
3053 5644 3098 5696 Is
3154 5654 3333 5698 autem
3386 5644 3518 5697 dixit
3573 5645 3717 5712 ipsi:

2147 5738 2283 5803 Quid
2314 5739 2496 5791 enim?
2524 5753 2629 5792 non
2663 5738 2907 5792 homines
2935 5738 3104 5790 sancti
3149 5737 3359 5791 fuerunt
3400 5739 3621 5807 apostoli
3667 5747 3718 5793 et

2149 5829 2441 5900 prophetat,
2474 5829 2565 5900 qui
2597 5829 2711 5886 haec
2735 5828 2886 5886 uobis
2917 5828 3295 5885 tradiderunt?
3324 5832 3404 5883 Au
3455 5839 3577 5887 tunc
3599 5828 3705 5896 qui-
