4028 6446
279 400 416 467 1145

1501 398 1868 461 HISTORIA
1911 398 2301 460 LAUSIACA.

3398 398 3536 464 1146

345 518 477 574 Μετ’
506 517 567 573 ού
596 517 730 572 πολὺ
769 517 825 572 δὲ
857 516 953 572 τοῦ
992 516 1210 588 χρόνου,
1245 515 1339 569 δύο
1381 513 1564 586 κῶμαι
1596 515 1732 584 πρὸς
1763 513 1858 566 ἀλ·
1888 515 1933 572 Α
1964 514 2099 584 πρὸς
2137 515 2299 569 αὐτὸν
2330 514 2760 586 ἐμαθητεύοντο,
2792 518 2988 572 νεωστὶ
3013 518 3114 589 τῆς
3158 518 3365 592 ἐρήμου
3404 521 3542 591 ἕλη-η

275 608 442 681 λήλας
470 605 834 678 ἐμϐάλλουσιν
880 607 960 668 είς
999 603 1236 672 πόλεμον
1268 602 1410 671 ὑπὲρ
1445 601 1696 673 ἀρουρῶν
1737 600 1854 653 δια-

278 696 608 769 μαχόμεναι.
648 693 736 757 Ὠς
765 693 822 747 δὲ
854 693 1144 764 ἀπηγγέλη
1175 690 1254 761 τῷ
1277 690 1449 760 ἀνδρὶ,
1472 691 1636 756 εὐθὺς
1659 690 1855 760 κατῄει

275 786 412 857 πρὸς
439 783 661 848 αὐτοὺς,
690 782 1027 837 διαλλάσσων
1050 781 1248 844 αὐτοὺς
1278 779 1412 848 πρὸς
1439 780 1681 852 εἰρήνην,
1709 781 1772 832 Οἱ
1799 777 1856 831 δὲ

275 874 334 941 ἐξ
363 873 614 935 ἐναντίας
641 872 742 924 οὑκ
775 872 1053 925 ἐπείθοντο
1078 910 1092 933 ,
1127 871 1240 923 ἀλλ’
1281 867 1420 943 ἦσαν
1449 870 1598 942 αὑτῷ
1643 867 1854 923 ἀντιλέ-

274 978 484 1030 γοντες,
506 960 592 1030 ἐφ’
621 960 698 1014 ἐνί
735 977 840 1013 τινι
881 959 1183 1031 ἀρχιλῃστῇ
1228 959 1582 1023 πεποιθότες,
1622 957 1696 1020 ὡς
1730 973 1856 1024 γεν-

274 1050 542 1120 ναιοτάτῳ
567 1049 703 1120 πρὸς
735 1049 992 1118 πόλεμον.
1041 1048 1182 1102 Ἰδὼν
1222 1049 1279 1103 δὲ
1322 1049 1482 1102 αὑτὸν
1509 1048 1538 1100 6
1581 1044 1857 1108 Ἀπολλὼς

276 1137 646 1205 ἀντιλέγοντα,
674 1133 796 1191 εἷπε
829 1137 964 1208 πρὸς
995 1137 1178 1190 αὐτόν’
1207 1138 1269 1190 Εἰ
1298 1136 1528 1206 πεισθῇς
1553 1151 1663 1204 μοι,
1695 1127 1739 1186 ὦ
1767 1131 1856 1202 φί-

273 1226 363 1288 λος
387 1268 402 1292 ,
443 1225 706 1296 ἐρωτήσω
737 1242 837 1291 μου
879 1226 969 1278 τὸν
1017 1225 1298 1294 Δεσπότην
1326 1223 1594 1293 ἀφεθῆναί
1641 1239 1722 1274 σοι
1760 1220 1859 1282 τὰς

273 1314 574 1384 ἁμαρτίας.
623 1315 680 1366 Ὀ
724 1313 780 1366 δὲ
823 1314 898 1378 ὡς
935 1316 1198 1384 ἤκουσεν,
1230 1316 1331 1368 οὐκ
1361 1313 1660 1383 ἐμέλλησεν
1686 1328 1698 1343 ο
1722 1308 1860 1362 ἀλλά

277 1399 440 1470 ῥίψας
462 1400 529 1453 τὰ
551 1399 710 1464 δπλα,
728 1402 838 1465 τοῖς
856 1400 1074 1466 γόνασιν
1101 1400 1264 1455 αὑτοῦ
1293 1399 1738 1470 προσικέτευσεν,
1765 1395 1859 1451 καὶ

277 1488 505 1557 μεσίτης
541 1487 764 1558 εἰρήνης
809 1487 1101 1558 γενόμενος
1135 1489 1259 1551 τοὺς
1301 1488 1468 1550 ἰδίους
1509 1489 1591 1549 εἰς
1632 1485 1702 1538 τὰ
1751 1485 1858 1539 ἴδια

271 1574 606 1645 ἀπέστρεψε.
640 1576 858 1628 Τούτων
894 1577 1326 1647 εἰρηνευσάντων
1360 1575 1456 1629 καὶ
1489 1573 1853 1638 ἀπελθόντων,

271 1665 392 1719 τότε
422 1664 450 1716 ὁ
481 1663 767 1736 διαϐόητος
814 1664 995 1718 αὐτῶν
1028 1664 1309 1735 πρόμαχος
1344 1665 1529 1716 εἵπετο
1563 1661 1749 1716 λοιπὸν
1781 1661 1860 1731 τῷ

271 1752 448 1823 ἀνδρὶ,
474 1753 572 1820 τὴν
610 1752 904 1823 ὑπόσχεσιν
929 1753 1183 1822 φανερῶς
1234 1749 1506 1806 ἀπαιτῶν.
1539 1752 1636 1804 Ὃν
1686 1766 1860 1819 προσ-

273 1841 570 1912 λαϐόμενος
589 1843 616 1894 6
649 1842 919 1912 μακάριος
947 1840 1221 1904 ’Λπολλῶς
1253 1841 1310 1894 ἐν
1329 1843 1394 1910 τῇ
1421 1839 1648 1909 πλησίον
1666 1840 1859 1908 ἐρήμῳ

272 1930 544 1984 ἐνουθέτει
583 1930 677 1984 καὶ
707 1929 1005 2001 παρεκάλει
1043 1930 1440 2000 μακροθυμεῖν,
1484 1926 1712 1980 δυνατὸν
1750 1925 1859 1995 γὰρ

271 2013 411 2071 εἶναι
438 2017 597 2071 τοῦτο
626 2017 800 2086 λέγων
833 2019 923 2071 τὸν
957 2018 1090 2072 Θεὸν
1125 2019 1450 2088 παρασχεῖν.
1489 2017 1578 2079 Ὠς
1611 2016 1667 2070 δὲ
1702 2016 1735 2085 ή
1763 2014 1859 2079 νὺξ

273 2106 476 2176 ἐπέστη
512 2106 606 2159 καὶ
637 2105 700 2177 δὴ
732 2106 898 2176 ἄμφω
930 2105 1049 2159 κατ’
1091 2105 1225 2176 δναρ
1253 2101 1418 2176 ἦσαν,
1453 2106 1511 2158 ἐν
1536 2102 1750 2175 οὐρανῷ
1783 2101 1860 2172 τῷ

274 2193 480 2266 βήματι
508 2193 602 2247 τοῦ
637 2192 875 2261 Χριστοῦ
912 2194 1286 2264 παρεστῶτες,
1319 2193 1590 2264 ἐθεώρουν
1620 2191 1861 2262 ἀμφότε-

275 2299 359 2352 ροι
387 2281 514 2342 τοὺς
541 2279 804 2347 ἀγγέλους
843 2281 938 2333 σὺν
961 2283 1071 2343 τοῖς
1101 2281 1331 2344 δικαίοις
1361 2281 1438 2351 τῷ
1468 2281 1588 2350 Θεῷ
1621 2295 1862 2350 προσκυ-

273 2368 519 2430 νοῦντας.
567 2366 656 2430 Ὦς
695 2367 751 2419 δὲ
793 2368 886 2420 καί
924 2359 1070 2420 οῦτοι
1110 2369 1369 2432 πεσόντες
1415 2367 1551 2438 όμοῦ
1585 2367 1858 2438 προσεκύ-

273 2474 443 2523 νησαν
484 2456 562 2528 τῷ
603 2456 849 2525 Σωτῆρι,
885 2455 1035 2525 φωνὴ
1087 2456 1222 2526 πρὸς
1273 2457 1468 2518 αὐτοὺς
1501 2456 1692 2524 γέγονε
1716 2495 1731 2522 ,
1766 2455 1859 2509 τοῦ

274 2545 409 2598 Θεοῦ
433 2544 704 2612 λέγοντος*
739 2544 835 2606 Τίς
865 2543 1121 2596 κοινωνία
1157 2547 1299 2614 φωτὶ
1335 2543 1472 2613 πρὸς
1507 2543 1730 2610 σκότος;
1779 2543 1862 2607 τίς

277 2635 435 2705 μερὶς
465 2632 639 2703 πιστῷ
673 2632 812 2702 μετὰ
853 2632 1120 2700 ἀπίστους
1157 2633 1207 2685 τί
1252 2632 1308 2686 δὲ
1353 2632 1447 2686 καὶ
1479 2633 1506 2684 6
1535 2631 1862 2704 ἀνδροφόνος

275 2721 373 2775 σὺν
398 2718 478 2791 τῷ
502 2719 694 2791 δικαίῳ
722 2719 1095 2790 παρέστηκεν,
1126 2720 1347 2786 ἀνάξιος
1373 2720 1448 2773 ὢν
1476 2720 1575 2789 τῆς
1604 2719 1864 2790 τοιαύτης

275 2808 545 2879 θεωρίας;
590 2809 754 2862 Ἀλλὰ
777 2810 977 2864 ἄπελθε
1015 2812 1102 2875 σὺ,
1136 2804 1180 2864 ὧ
1221 2810 1499 2881 ἄνθρωπε,
1541 2809 1862 2880 κεχάρισταί

275 2913 357 2950 σοι
398 2897 507 2968 γὰρ
549 2897 576 2949 ό
621 2896 870 2966 ὀψίγονος
912 2889 1068 2960 οὗτος
1098 2897 1370 2968 πρόσφυξ.
1414 2896 1586 2951 ¹Ἀλλα
1621 2915 1682 2951 τε
1707 2896 1862 2966 πάμ-

273 2985 445 3048 πολλα
478 2983 730 3055 θαύματα
765 2984 964 3046 ἰδόντες
1009 3002 1069 3037 τε
1117 2986 1209 3038 καὶ
1241 2985 1600 3051 ἀκούσαντες,
1657 2984 1692 3038 ἃ
1734 2983 1860 3040 οὔτε

272 3071 432 3138 λόγος
473 3071 648 3141 τολμᾷ
687 3073 928 3142 φράσαι,
976 3070 1099 3125 οὔτε
1152 3068 1244 3136 οῦς
1307 3072 1569 3136 ἀκοῦσαι,
1643 3072 1861 3138 ἔξυπνοι

1957 601 2200 666 λυθότος.
2243 603 2478 673 Ἐπῆ).θε
2523 604 2579 658 δὲ
2618 607 2652 674 ἡ
2701 607 2865 677 ἑορτὴ
2898 607 2994 660 τοῦ
3031 607 3254 678 Πάσχα,
3303 609 3398 662 καὶ
3438 610 3538 681 τὴν

1956 692 2209 763 λατρείαν
2238 693 2316 764 τῷ
2347 693 2466 765 Θεῷ
2499 695 2556 747 ἐν
2590 694 2668 765 τῷ
2707 696 2958 766 σπηλαίῳ
2998 693 3496 767 ἀποπληρώσαντες
3519 737 3537 762 ,

1957 780 2180 852 ἔμελλον
2219 782 2288 834 τὰ
2331 783 2699 853 εὑρισκόμενα
2751 783 3082 838 διαιτᾶσθαι.
3131 778 3312 839 *Ησαν
3343 783 3402 836 δὲ
3443 784 3542 836 καὶ

1958 871 2115 941 ἄρτοι
2153 869 2325 938 ὀλίγοι
2363 871 2550 940 ξηροὶ,
2589 871 2684 923 καὶ
2720 871 2951 924 συνθετά
2991 889 3112 924 τινα
3151 871 3378 941 λάχανα.
3428 871 3541 924 Καὶ

1956 961 2020 1028 δὴ
2061 960 2197 1028 πρὸς
2227 959 2423 1020 αὐτοὺς
2452 963 2480 1012 ό
2524 959 2798 1023 ’Δπολλὼς
2831 960 2933 1031 ἔφη
2955 976 2968 990 ⁶
3007 962 3068 1013 Ei
3121 960 3304 1012 πιστοί
3334 962 3502 1030 ἐσμεν
3523 1001 3539 1024 ,

1958 1044 2002 1105 ὦ
2033 1051 2221 1115 τέκνα,
2258 1051 2350 1104 καὶ
2382 1053 2594 1120 γνήσιοι
2628 1051 2721 1104 τοῦ
2744 1049 2978 1122 Χριστοῦ
3002 1051 3211 1117 παῖδες,
3240 1052 3540 1120 αἰτήσασθε

1959 1140 2189 1200 ἕκαστος
2227 1141 2382 1210 ὑμῶν
2437 1142 2588 1212 παρὰ
2633 1141 2769 1194 Θεοῦ
2801 1141 2827 1193 ὃ
2861 1141 3201 1210 καταθύμιον
3240 1139 3355 1210 ἔχει
3405 1140 3542 1210 πρὸς

1958 1229 2056 1299 τὴν
2091 1229 2414 1299 μετάληψιν.
2452 1230 2516 1282 υἱ
2555 1229 2610 1282 δὲ
2644 1229 2792 1296 αὐτῷ
2829 1228 2891 1281 τὸ
2934 1229 3042 1280 πᾶν
3082 1225 3412 1294 ἐπέτρεψαν,
3450 1225 3544 1279 ἀν·-

1961 1317 2143 1381 αξίους
2166 1317 2390 1380 ἑαυτοὺς
2416 1318 2708 1387 ἡγούμενοι
2726 1315 2928 1386 ταύτης
2952 1319 3049 1384 τῆς
3067 1314 3309 1386 χάριτος.
3330 1311 3544 1383 Φαιδρῷ

1959 1405 2017 1458 δέ
2062 1404 2141 1474 τῷ
2190 1404 2467 1475 προσώπῳ
2502 1403 2947 1474 προσευξαμένου
2983 1402 3149 1456 αὑτοῦ
3197 1401 3292 1454 καὶ
3322 1400 3544 1454 πάντων

1960 1495 2021 1548 τὸ
2067 1492 2215 1565 ἀμήν
2244 1495 2572 1565 εἰρηκότων,
2620 1495 2782 1557 εὐθὺς
2814 1493 3123 1564 ἐπέστησαν
3166 1490 3244 1560 τῷ
3293 1490 3544 1561 σπηλαίῳ

1959 1582 2102 1645 τινὲς
2130 1583 2320 1653 ἄνδρες
2355 1582 2654 1648 ἄγνωστοι,
2687 1581 2968 1643 παντελῶς
2996 1581 3091 1634 καὶ
3136 1577 3418 1652 πόρρωθεν
3449 1578 3545 1631 καί¹

1961 1671 2159 1732 αὑτοὺς
2209 1671 2368 1741 ἥκειν
2401 1671 2730 1738 φάσκοντες,
2777 1669 2954 1722 πάντα
3003 1669 3262 1739 φέροντες
3293 1669 3393 1721 ὅσα
3423 1665 3546 1719 οὐδὲ

1963 1760 2044 1822 είς
2091 1761 2260 1830 ἀκοὴν
2291 1759 2470 1812 αὑτῶν
2502 1759 2751 1830 ἐληλύθει
2777 1800 2791 1824 ,
2827 1759 2923 1811 καὶ
2963 1759 3064 1811 ὅσα
3109 1759 3165 1810 ἐν
3191 1755 3455 1826 Αἰγύπτῳ
3483 1754 3544 1807 οὐ

1893 1870 1934 1926 Β
1963 1847 2236 1912 γίνονται,
2285 1847 2535 1919 καρποὺς
2587 1846 2965 1909 παντοδαποὺς
3017 1843 3379 1916 παραδείσου,
3419 1859 3547 1896 στα-

1964 1934 2157 2002 φυλὰς,
2191 1935 2284 1988 καὶ
2316 1935 2466 2005 ῥοὰς,
2501 1935 2596 1988 καὶ
2626 1935 2800 1999 σῦκα,
2832 1935 2928 1985 καὶ
2959 1933 3138 2003 κάρυα
3172 1930 3324 2001 παρά
3356 1929 3547 1999 καιρὸν

1961 2026 2179 2080 ἅπαντα
2218 2024 2531 2095 εὑρημένα,
2583 2023 2679 2075 καὶ
2728 2020 2850 2092 μέλι
2874 2061 2889 2086 ,
2922 2021 3018 2073 καὶ
3059 2019 3231 2090 κη-ρία
3256 2018 3410 2081 τινὰ,
3451 2016 3548 2070 κιὶ

1961 2114 2230 2183 γάλακτος
2261 2110 2458 2181 νεαροῦ
2493 2110 2736 2180 στάμνον
2757 2151 2772 2173 ,
2811 2109 2907 2162 καὶ
2935 2107 3220 2169 νικολάους
3255 2106 3548 2175 παμμεγέ-

1963 2204 2076 2266 θεις
2122 2203 2318 2273 ἄρτους
2361 2201 2493 2255 δέκα
2536 2201 2814 2270 καθαροὺς
2850 2199 2944 2252 καὶ
2996 2198 3234 2268 θερμοὺς
3283 2196 3440 2265 ξένης
3488 2211 3548 2246 τε

1962 2292 2146 2362 χώρας
2177 2292 2358 2353 αὐτοῖς
2397 2289 2791 2360 κομιζομένης.
2843 2289 2907 2340 Οί
2951 2286 3007 2339 δὲ
3051 2285 3379 2355 κομίσαντες
3411 2283 3551 2336 αύτά

1963 2380 2153 2448 ἄνδρες
2184 2379 2460 2440 ἐπιδόντες
2498 2377 2656 2446 μόνον
2701 2377 2776 2436 ὡς
2819 2375 2971 2444 παρά
2999 2391 3146 2438 τινος
3185 2372 3424 2443 μεγάλου
3455 2372 3553 2423 ἀν-

1961 2467 2086 2537 δρὸς
2115 2468 2209 2519 καὶ
2248 2465 2506 2519 πλουσίου
2545 2463 2920 2517 ἀποσταλέντα
2950 2461 3111 2524 εὐθὺς
3148 2461 3285 2530 μετὰ
3316 2457 3552 2526 σπουδῆς

1963 2553 2338 2624 ἀνεχώρησαν.
2389 2548 2805 2611 Μεταλαϐόντες
2843 2547 2900 2601 δὲ
2946 2548 3056 2601 τῶν
3099 2545 3377 2616 ἐδωδίμων
3423 2545 3552 2613 ἄχρι

1965 2640 2339 2712 πεντηκοστῆς
2369 2639 2426 2702 ἐξ
2451 2636 2632 2690 αὐτῶν
2658 2635 3102 2705 ὲπηρκέσθησαν,
3141 2632 3282 2686 ὥστε
3340 2629 3552 2702 θαυμά·

1964 2729 2078 2794 ζειν
2106 2729 2303 2790 αὐτοὺς
2331 2728 2425 2780 καὶ
2449 2726 2652 2794 λέγειν,
2666 2727 2750 2779 ὅτι
2792 2722 3032 2792 Ἀληθῶς
3047 2721 3218 2776 ταῦτα
3240 2719 3392 2791 παρά
3413 2717 3551 2772 Θεοῦ

1964 2820 2372 2890 ἀπεστάλησαν.
2519 2873 2525 2876 .

2035 2905 2130 2972 Εἷς
2164 2911 2220 2963 δέ
2269 2927 2352 2973 τις
2388 2909 2499 2963 τῶν
2555 2907 2805 2980 μοναχῶν
2854 2905 3007 2976 ἠξίου
3064 2902 3408 2976 παραχρῆμα
3456 2898 3551 2953 τὸν

1965 2997 2184 3068 Πατέρα
2223 2996 2484 3066 δεηθῆναι
2524 2996 2668 3067 ὑπὲρ
2698 2993 2896 3059 αὑτοῦ,
2927 2993 3147 3064 χάριτός
3192 3008 3335 3053 τινος
3370 2987 3553 3054 ἀξιοῦ-

1966 3087 2111 3142 σθαι.
2157 3086 2609 3156 Προσευξαμένου
2640 3086 2695 3137 62-:
2749 3083 2936 3149 αὑτοῦ,
2984 3084 3017 3154 ή
3050 3083 3149 3152 τῆς
3182 3095 3549 3148 ταπεινοφρο-

272 3161 519 3227 γίνονται
542 3161 660 3266 *καὶ
717 3163 830 3269 τοῖς
884 3161 1106 3214 συνοῦσι
1162 3161 1497 3232 ἀπήγγελον.
1551 3162 1747 3232 Θαῦμα
1803 3161 1859 3215 δὲ
1886 3203 1932 3269 C
1968 3176 2130 3246 σύνης
2159 3175 2308 3246 αὐτῷ
2353 3175 2549 3228 δίδοτα,ι
2586 3175 2779 3244 χάρις⁹
2815 3172 2910 3226 καὶ
2953 3171 3052 3241 τῆς
3095 3169 3432 3240 πραότητος.
3474 3165 3551 3228 ὡς

276 3248 483 3269 _-_'_,.__--
517 3264 657 3269 ___--__
700 3249 786 3269 1--.
827 3265 933 3269 ____.
981 3249 1024 3269 _\
1067 3249 1240 3269 £'_,,__.A
1289 3251 1307 3269 ἓν
1344 3250 1521 3269 .η--94
1601 3268 1605 3269 ,
1646 3251 1670 3269 ᾖ
1710 3267 1824 3269 μ-.-γ.
1974 3265 1987 3269 -
2135 3265 2185 3269 --κ
2366 3266 2374 3269 -
2561 3265 2572 3269 -
2632 3266 2641 3269 -
2787 3263 2798 3269 -
2880 3262 2904 3269 ..
2961 3262 2974 3269 -
3104 3259 3129 3269 Α
3163 3259 3212 3269 ιι
3432 3257 3442 3269 ι

273 3248 483 3311 πάντας
513 3244 658 3317 εἶχεν
697 3246 933 3311 ἐξαίσιον
974 3249 1033 3302 τδ
1063 3249 1246 3320 ὅραμα
1279 3250 1607 3320 ἀμφοτέρων
1641 3251 1862 3320 διηγου·
1886 3244 1932 3269 υ
1967 3244 2515 3336 θαυμάζεινπάντας
2552 3265 2692 3334 ὑπὲρ
2739 3262 2906 3316 αὑτοῦ
2953 3259 3260 3330 ὑπερϐολὴν
3303 3257 3548 3328 πραότη-

277 3337 474 3404 μένων.
514 3336 740 3406 Διέμενε
787 3336 918 3405 γοῦν
955 3337 1054 3391 σὺν
1094 3342 1208 3401 τοῖς
1244 3338 1514 3409 ἀσκηταῖς
1561 3340 1589 3391 ὁ
1635 3339 1736 3391 οὑκ
1779 3337 1862 3392 ἔτι

273 3422 633 3494 ἀνδροφόνος,
675 3423 804 3494 ἄχρι
841 3424 943 3493 τῆς
977 3425 1238 3494 τελευτῆς
1283 3426 1376 3479 τὸν
1413 3426 1609 3479 ἑαυτοῦ
1659 3427 1861 3496 τρόπον

270 3512 726 3583 διορθωσάμενος,
755 3509 866 3568 οἷον
895 3515 1082 3586 ἀρνίον
1108 3533 1161 3569 τι
1190 3515 1396 3569 ἄκακον
1424 3518 1488 3570 ὲκ
1508 3516 1672 3571 λύκου
1698 3533 1862 3585 μετα-

272 3599 515 3671 ϐληθείς.
561 3599 896 3670 Ἐπληροῦτο
939 3602 997 3654 δὲ
1039 3604 1134 3654 καὶ
1164 3603 1254 3654 ἐπ’
1283 3603 1436 3674 αὐτῷ
1477 3605 1511 3672 ἡ
1546 3603 1861 3673 προφητεία

286 3687 510 3740 Ἡσαΐου
544 3687 833 3753 λέγοντος·
880 3687 1050 3741 Λύκοι
1093 3690 1188 3742 καὶ
1233 3690 1395 3758 ἄρνες
1425 3689 1542 3760 ἅμα
1583 3691 1858 3762 βοσκηθή-

275 3789 478 3834 σονται,
513 3774 607 3826 καὶ
635 3773 772 3826 λέων
797 3774 893 3827 καὶ
920 3775 1048 3844 βοῦς
1079 3777 1196 3846 ἄμα
1219 3777 1484 3846 φάγονται
1513 3778 1718 3849 ἄχυρα.
1747 3773 1858 3832 ’Ἦν

273 3862 381 3931 γὰρ
441 3862 568 3914 ἰδεῖν
625 3862 743 3914 ἐκεῖ
795 3861 888 3915 καὶ
942 3862 1211 3926 Αἰθίοπας
1275 3863 1371 3916 σὺν
1424 3866 1538 3928 τοῖς
1602 3868 1860 3936 μοναχοῖς

272 3948 599 4013 ἀσκοῦντας,
633 3949 728 4000 καὶ
753 3949 980 4014 πολλοὺς
1009 3950 1450 4021 ὑπερϐάλλοντας
1486 3954 1545 4006 ἐν
1571 3955 1693 4016 ταῖς
1727 3955 1860 4025 ἁρε-

271 4039 428 4100 ταῖς·
475 4037 569 4090 καὶ
620 4036 1062 4108 πεπληρωμένην
1110 4037 1198 4090 ἐπ’
1237 4039 1420 4102 αὑτοῖς
1462 4040 1563 4110 τὴν
1597 4041 1856 4113 Γραφὴν,

269 4125 554 4193 λέγουσαν·
615 4123 873 4178 Αἰθιοπία
949 4125 1254 4196 προφθάσει
1333 4129 1490 4198 χεῖρα
1553 4128 1721 4200 αὐτῆς
1778 4128 1858 4200 τῷ

271 4214 411 4287 Θεῷ.

345 4321 574 4375 Ἀλλοτε
610 4321 667 4376 δὲ
694 4315 835 4393 ἦσαν
869 4321 1132 4394 ’Έλληνες
1179 4323 1316 4396 πρὸς
1347 4325 1713 4395 Χριστιανοὺς
1744 4344 1855 4380 κω-

275 4411 455 4481 μήτας
495 4411 886 4481 διαμαχόμενοι
918 4411 1060 4481 ὑπὲρ
1091 4412 1255 4482 ὁρίων
1296 4413 1496 4468 αὐτῶν.
1545 4413 1756 4486 Πλῆθος
1799 4417 1856 4470 δὲ

269 4495 340 4568 ῆν
375 4498 652 4568 ἑκατέρων
684 4498 944 4563 ἐνόπλων,
984 4494 1065 4561 οἷς
1101 4500 1306 4570 ἐπέστη
1340 4503 1368 4554 6
1409 4501 1684 4567 Ἀπολλὼς
1708 4504 1860 4575 εἰρη-

271 4585 462 4639 νεύων.
481 4585 794 4638 Ἀνθίστατο
809 4585 864 4638 δὲ
887 4586 1036 4657 αὐτῷ
1059 4587 1086 4638 6
1109 4587 1218 4639 τῶν
1255 4587 1526 4657 Ἐλλήνων
1547 4590 1850 4661 πρόμαχος,

269 4672 444 4735 δεινός
469 4689 551 4736 τις
577 4673 670 4725 καὶ
697 4671 886 4742 ἄγριος
911 4671 1008 4738 ὢν,
1033 4673 1515 4744 διαϐεϐαιούμενος
1537 4679 1632 4729 καὶ
1657 4678 1852 4746 λέγων,

269 4761 364 4833 Μὴ
403 4759 560 4814 δώσω
596 4759 820 4830 εἰρήνην
863 4759 992 4832 ἄχρι
1019 4759 1279 4813 θανάτου.
1344 4759 1404 4812 '0
1443 4761 1499 4813 δέ
1539 4779 1671 4831 φησι
1717 4763 1854 4834 πρὸς

269 4850 454 4906 αὑτόνο
482 4849 592 4903 Καὶ
614 4849 677 4920 δὴ
703 4848 945 4916 γενέσθω
975 4849 1111 4919 ὅπερ
1139 4848 1287 4906 εἵλω.
1317 4848 1508 4912 Οὐδεὶς
1538 4851 1647 4920 γάρ
1670 4851 1855 4922 ἔτερος

244 4939 693 5011 ’ἀναιρεθήσεται
732 4935 873 5007 πλὴν
907 4936 995 4990 σύ.
1033 4937 1230 4990 Ἔσται
1261 4937 1317 4990 δὲ
1344 4938 1426 4990 σοὶ
1457 4937 1670 4992 θανόντι
1701 4941 1853 5014 ούχή

269 5025 344 5094 γῆ
372 5025 564 5094 τάφος,
593 5023 729 5078 ἀλλά
755 5023 1024 5094 γαστέρες
1047 5022 1252 5093 θηρίων
1275 5023 1371 5077 καὶ
1397 5024 1589 5094 γυπῶν
1612 5026 1856 5098 πλησθή-

273 5131 456 5167 σονται
488 5114 596 5168 ἀπὸ
631 5111 746 5168 σοῦ.
788 5112 898 5166 Καὶ
927 5111 990 5182 δὴ
1023 5112 1050 5163 ό
1075 5112 1232 5180 λόγος
1262 5112 1425 5176 εὐθὺς
1455 5115 1534 5176 εἰς
1565 5114 1726 5186 ἔργον
1758 5117 1854 5185 γέ-

268 5219 464 5271 γονεν,
512 5201 726 5265 ούδενὺς
781 5200 841 5266 ἐξ
894 5199 1158 5270 ἐκατέρου
1221 5200 1423 5272 μέρους
1472 5203 1856 5275 ἀναιρεθέντος

269 5293 410 5362 πλὴν
449 5290 545 5344 τοῦ
576 5292 885 5364 προμάχου’
923 5291 1106 5344 δν.καὶ
1135 5289 1414 5360 χώσαντες
1449 5293 1507 5346 ὲν
1541 5295 1606 5364 τῇ
1650 5294 1850 5365 ἄμμῳ,

270 5376 417 5446 πρωῒ
441 5370 600 5448 εῦρον
633 5380 712 5440 είς
747 5379 883 5448 μέλη
929 5377 1352 5448 ἐσπαραγμένον
1388 5379 1493 5432 ὑπὸ
1534 5381 1726 5448 γυπῶν
1758 5383 1854 5436 καὶ

269 5464 489 5519 ὑαίνων.
520 5464 585 5518 Οἱ
616 5465 674 5517 δὲ
720 5463 795 5527 ὡς
821 5459 937 5518 ἴδον
978 5464 1039 5518 τὸ
1083 5465 1268 5534 θαῦμα
1306 5467 1401 5518 καὶ
1440 5466 1539 5537 τὴν
1567 5469 1659 5521 τοῦ
1693 5469 1852 5537 λόγου

270 5552 517 5614 ἔκϐασιν,
551 5552 753 5612 πάντες
781 5551 856 5619 τῷ
882 5552 1098 5624 Σωτῆρι
1129 5551 1541 5619 πιστεύσαντες,
1568 5557 1854 5626 προφήτην

268 5639 434 5694 αὑτὸν
469 5641 856 5709 ἀνεκήρυττον.

337 5727 448 5780 τΗν
477 5726 534 5779 δὲ
569 5725 651 5778 ἔτι
679 5725 784 5794 πρὸ
812 5726 1003 5778 τούτου
1035 5726 1094 5780 ἐν
1125 5727 1203 5797 τῷ
1236 5726 1484 5798 σπηλαίῳ
1513 5727 1605 5781 τοῦ
1640 5728 1799 5799 ὅρους
1826 5733 1852 5784 6

267 5815 424 5881 ἅγιος
470 5811 746 5877 Ἀπολλῶς
777 5814 874 5867 σὺν
907 5815 1068 5866 πέντε
1095 5819 1234 5870 τισὶν
1265 5815 1537 5882 ἀδελφοῖς,
1572 5817 1621 5870 οἳ
1644 5816 1850 5888 πρῶτοι

1962 3372 2054 3419 τος
2084 3354 2456 3426 κτησαμένου.
2506 3352 2832 3424 Ἐξηγοῦντο
2866 3351 2922 3404 δὲ
2955 3352 3090 3419 ήμῖν
3123 3349 3170 3401 οἱ
3218 3347 3349 3418 περὶ
3385 3345 3548 3398 αύτδν

1966 3441 2215 3512 Πατέρες
2241 3443 2448 3506 ταύτας
2478 3441 2644 3495 αὑτοῦ
2684 3441 2782 3502 τὰς
2812 3438 3088 3508 δυνάμεις,
3121 3433 3548 3507 μαρτυρούντων

1964 3528 2113 3600 αύτῷ
2143 3529 2319 3583 ταῦτα
2339 3531 2436 3583 καὶ
2465 3528 2676 3582 πολλῶν
2707 3525 2974 3594 ἀδελφῶν.

2036 3618 2144 3670 Καὶ
2173 3615 2281 3686 γὰρ
2315 3617 2473 3686 λιμοῦ
2514 3633 2645 3669 ποτε
2685 3615 2745 3667 οὐ
2794 3614 2900 3683 πρὸ
2937 3609 3133 3665 πολλοῦ
3175 3624 3320 3670 τινος
3351 3605 3546 3677 χρόνου

1963 3703 2107 3757 κατά
2138 3703 2234 3776 τὴν
2259 3703 2500 3774 Θηϐαΐδα
2531 3701 2847 3772 γενομένου,
2869 3698 3206 3760 ἀκούσαντες
3232 3697 3282 3748 οἰ
3325 3709 3547 3765 προσοι-

1964 3793 2188 3855 κοῦντες
2222 3793 2318 3856 τὰς
2349 3792 2532 3855 πόλεις
2557 3791 2676 3844 λαοὶ
2705 3791 2786 3843 ὅτι
2819 3806 2927 3860 περ
2956 3789 3004 3841 οἱ
3039 3788 3164 3857 περὶ
3192 3783 3353 3838 αὑτὸν
3385 3799 3548 3853 μονα-

1963 3884 2047 3952 χοὶ
2076 3881 2339 3943 πολλάκις
2374 3881 2432 3945 ἐξ
2462 3880 2757 3949 ἀμηχάνων
2786 3877 3094 3948 ἐτρέφοντο,
3127 3873 3382 3942 παρῆσαν
3415 3872 3542 3938 ὁμο-

1963 3970 2200 4040 θυμαδὸν
2234 3969 2368 4040 πρὸς
2409 3966 2570 4020 αὑτὸν
2614 3967 2710 4018 σὺν
2743 3963 2959 4032 γυναιξὶ
2990 3964 3086 4015 καὶ
3115 3960 3357 4023 τέκνοις,
3390 3957 3542 4011 εὐλο-

1959 4059 2086 4127 γίας
2114 4058 2230 4128 ἄμα
2265 4057 2359 4110 καὶ
2389 4056 2594 4126 τροφὴν
2623 4053 2922 4114 αἰτοῦντες.
2973 4051 3032 4103 '0
3069 4049 3125 4102 δὲ
3157 4048 3322 4119 μηδὲν
3351 4044 3542 4108 δεδιὼς

1963 4149 2037 4218 μή
2080 4163 2212 4199 ποτε
2257 4145 2402 4216 λήψῃ
2447 4143 2557 4194 τῶν
2607 4139 2947 4212 βρωμάτων,
2991 4137 3162 4191 ἐδίδου
3213 4137 3380 4188 πᾶσιν
3431 4135 3543 4196 τοῖς

1961 4233 2276 4306 ἐρχομένοις
2321 4233 2538 4300 ἑκάστῳ
2576 4230 2636 4282 τὸ
2678 4228 2949 4298 αὔταρκες
2993 4224 3244 4296 ἡμέριον.
3290 4221 3542 4276 Ὑπολει-

1961 4323 2202 4393 φθέντων
2245 4320 2302 4374 δὲ
2343 4319 2510 4390 τριῶν
2559 4317 2833 4386 σπυρίδων
2890 4314 3141 4383 μεγάλων
3193 4311 3352 4382 μόνον
3403 4307 3542 4379 μετά

1957 4407 2067 4461 τῶν
2095 4406 2296 4476 ἀρτων,
2325 4404 2419 4457 καὶ
2437 4402 2528 4455 τοῦ
2553 4400 2713 4470 λιμοῦ
2734 4397 3184 4467 ἐπικρατοῦντος,
3205 4393 3540 4465 προστάσσει

1961 4497 2042 4557 εἰς
2078 4494 2242 4564 μέσον
2273 4490 2540 4561 φέρεσθαι
2564 4490 2662 4552 τὰς
2687 4487 2973 4557 σπυρίδας,
3007 4485 3073 4546 εις
3097 4484 3147 4536 οί
3175 4485 3396 4553 μοναχοὶ
3419 4478 3542 4534 κατ’

1963 4582 2134 4653 αὑτὴν
2167 4580 2265 4652 τὴν
2294 4580 2510 4652 ἡμέραν
2540 4577 2742 4631 ἐσθίειν
2775 4575 3002 4646 ἔμελλον
3024 4613 3042 4638 ,
3069 4575 3164 4625 καὶ
3192 4573 3270 4636 εἰς
3302 4571 3539 4639 ὑπήκοον

1959 4671 2178 4725 πάντων
2207 4667 2314 4722 τῶν
2346 4667 2591 4734 ἀδελφῶν
2610 4708 2625 4733 ,
2653 4665 2749 4719 καὶ
2795 4663 2903 4717 τῶν
2933 4662 3127 4731 ὄχλων,
3164 4657 3284 4712 εἷπε
3327 4656 3540 4727 μεγάλῃ

1957 4759 2022 4829 τῇ
2077 4759 2254 4828 φωνῇ’
2296 4757 2388 4826 Μὴ
2423 4755 2522 4823 οὐχ
2560 4751 2734 4822 ἰσχύει
2778 4752 2812 4820 ὴ
2861 4753 2984 4819 χεὶρ
3015 4747 3221 4816 Κυρίου
3269 4741 3538 4829 πληθῦναλι

1957 4827 2161 4911 ταῦτας
2193 4844 2290 4898 καὶ
2329 4843 2457 4896 τάδε
2487 4841 2635 4909 λέγει
2666 4839 2727 4892 τὸ
2757 4839 2979 4907 Πνεῦμα
3012 4835 3071 4887 τὸ
3117 4834 3292 4901 ἆγιον·
3342 4832 3416 4884 Ού
3463 4827 3540 4900 μὴ

1958 4932 2200 5002 ἐκλείψει
2243 4931 2409 5002 ἄρτος
2460 4931 2524 4981 ἐκ
2553 4927 2664 4980 τῶν
2711 4925 2986 4996 σπυρίδων
3033 4920 3257 4981 τούτων,
3292 4918 3449 4990 ἄχρις
3475 4919 3539 4970 ἂν

1957 5025 2295 5097 κορεσθῶσιν
2327 5023 2566 5083 ἅπαντες
2592 5019 2685 5073 τοῦ
2714 5020 2836 5071 νέου
2867 5017 3034 5070 σίτου.
3074 5013 3183 5068 Καὶ
3218 5009 3540 5066 διαϐεϐαιώ-

1961 5131 2124 5168 σαντο
2154 5114 2355 5174 πάντες
2379 5113 2427 5163 οἱ
2456 5107 2894 5178 παραγενόμενοι
2919 5105 3038 5158 τότε
3064 5102 3404 5172 τετράμηνον
3435 5099 3540 5151 πᾶ-

1960 5219 2044 5256 σιν
2084 5199 2384 5271 ἐπαρκέσαι
2439 5198 2567 5259 τοὺς
2621 5195 2841 5267 ἄρτους.
2915 5191 3147 5263 Ὁμοίως
3198 5189 3254 5243 δὲ
3304 5188 3398 5241 καὶ
3446 5185 3540 5239 ἐπὶ

1959 5291 2140 5344 ἐλαίου
2166 5292 2263 5342 καὶ
2302 5288 2450 5340 σίτου
2487 5286 2808 5355 πεποίηκεν·
2845 5283 2920 5347 ὡς
2951 5282 3210 5351 παρεῖναι
3235 5278 3326 5330 τὸν
3363 5279 3568 5328 Σατα-.

1959 5380 2079 5443 νᾶν,
2110 5377 2203 5430 καὶ
2234 5377 2410 5428 εἰπεῖν
2441 5373 2617 5443 αὐτῷ,
2648 5372 2740 5441 Μὴ
2779 5371 2964 5431 Ἠλίας
2984 5365 3035 5422 εἷ
3065 5369 3150 5431 σὺ,
3179 5366 3212 5436 ἦ
3239 5364 3422 5433 ἕτερός
3455 5381 3540 5425 τις

1958 5469 2064 5521 τῶν
2099 5465 2394 5536 προφητῶν
2422 5465 2515 5517 καὶ
2540 5461 2874 5524 ἀποστόλων,
2906 5459 2988 5511 ὃτι
3018 5457 3188 5510 ταῦτα
3203 5457 3442 5526 τολμᾷς;
3481 5454 3538 5506 '0

1959 5557 2015 5609 δὲ
2048 5556 2184 5626 προς
2231 5554 2393 5606 αύτον
2429 5552 2554 5622 ἔφη’
2604 5551 2669 5603 Τί
2695 5549 2840 5622 γάρ;
2874 5549 2973 5600 οὐκ
3008 5546 3284 5613 ἄνθρωποι
3315 5539 3456 5615 ἦσαν
3488 5544 3537 5595 οἱ

1960 5645 2106 5711 ἆγιοι
2138 5641 2415 5713 προφῆται
2459 5641 2552 5691 καὶ
2580 5636 2869 5692 ἀπόστολοι
2899 5637 2948 5689 οἱ
2980 5633 3148 5687 ταῦτα
3181 5635 3312 5713 ήμῖν
3364 5633 3538 5683 ποιεῖν

1959 5710 2427 5802 παραδώσαντες;
2476 5727 2510 5798 ἢ
2554 5727 2676 5778 τότε
2721 5725 2905 5794 παρῆν
2956 5723 3054 5794 μὲν
3103 5723 3130 5772 6
3159 5710 3324 5784 Θεὸς,
3359 5717 3452 5772 νῦν
3480 5717 3537 5770 δὲ

1957 5820 2348 5890 ἀτεδήμησεν;
2379 5815 2602 5871 δύναται
2636 5816 2664 5869 ό
2701 5814 2832 5877 Θεὸς
2867 5812 2952 5866 ἀεὶ
3005 5811 3178 5863 ποιεῖν
3211 5807 3406 5884 ταῦτα,
3439 5805 3532 5858 καὶ
