4028 6434
496 369 637 435 1147

1944 375 2299 438 PALLADII

3655 385 3790 453 1148

490 483 645 539 οὐδὲν
669 484 994 557 ἀδυνατήσει
1023 486 1199 558 αὐτῷ.
1228 487 1293 541 Εἰ
1318 486 1413 542 οὖν
1444 489 1472 541 ὁ
1501 486 1633 551 Θεὸς
1659 487 1882 557 ἀγαθὸς,
1911 491 1975 542 σὺ
1995 488 2084 542 διὰ
2108 485 2163 547 Α
2190 505 2363 557 ματος
2397 491 2789 567 ἐσιωπήσαμεν
2827 495 3086 553 ἑκάστοτε
3106 539 3121 567 ,
3169 498 3302 572 παρ’
3333 499 3512 556 αὐτου
3547 503 3642 555 καὶ
3677 503 3787 558 τῶν

491 577 548 628 τί
593 575 865 646 πονηρός;
905 576 960 628 τί
992 575 1136 646 γάρ;
1179 578 1254 630 Οὐ
1308 577 1390 631 δεῖ
1427 578 1645 647 λέγειν,
1690 577 1786 632 καὶ
1833 576 1870 632 ἃ
1919 579 2084 649 ἡμεῖς

494 660 862 733 ἑωράκαμεν,
893 664 977 716 ὅτι
1036 665 1245 732 μεστάς
1288 666 1554 736 σπυρίδας
1589 666 1812 736 εἰσῆγον
1856 668 1936 730 εἰς
1982 665 2083 730 τάς

489 751 778 833 ςστραπέζας
805 751 915 805 τῶν
948 752 1196 822 ἀδελφῶν
1237 753 1288 806 οἱ
1307 753 1435 819 τοὺς
1465 754 1667 824 ἄρτους
1709 753 2079 827 εἰσφέροντες,

489 840 591 946 Ικαὶ
645 839 1367 946 ἐσθιόντωνοπεντακοσίων
1419 841 1666 912 ἀδελφῶν
1709 841 1838 913 ἀχρι
1885 841 2081 914 καιροῦ

491 928 709 997 ῗμεστάς
732 929 893 981 πάλιν
911 929 1080 993 αὐτὰς
1103 929 1510 1000 άπελάμόανον;

490 1048 495 1086 ι
579 1018 670 1080 Ὠς
707 1018 763 1072 δέ
807 1019 900 1072 καί¹
941 1018 1130 1089 ἓτερον
1181 1019 1364 1088 θαῦμα
1414 1019 1615 1084 ἰδόντες
1665 1019 2080 1090 ἐξεπλάγημεν,

497 1106 703 1160 δίκαιόν
735 1109 884 1161 ἐστιν
912 1109 1108 1164 εἰπεῖν.
1149 1109 1428 1172 Ἐλθόντες
1460 1110 1570 1181 γὰρ
1595 1111 1732 1180 πρὸς
1752 1111 1913 1163 αὐτὸν
1935 1113 2084 1182 τρεῖς

497 1192 662 1264 ήμέῖς
712 1196 933 1265 ἀδελφοὶ
986 1196 1407 1268 ἐγνωρίσθημεν
1453 1198 1740 1269 πόρρωθεν
1784 1200 1924 1270 ὑπὲρ
1974 1199 2084 1252 τῶν

500 1282 744 1352 ἀδελφῶν
770 1284 1083 1355 ὁραθέντες,
1114 1285 1223 1337 τῶν
1250 1287 1714 1356 προακουσάντων
1753 1289 1887 1359 παρ’
1915 1287 2082 1343 αὐτοῦ

501 1372 628 1442 περί
658 1375 753 1441 τῆς
782 1373 938 1442 ήμῶν
969 1373 1107 1438 πρὸς
1148 1371 1310 1426 αὐτὸν
1346 1374 1583 1441 ἀφίξεως
1607 1392 1621 1407 ο
1665 1376 1715 1430 οἳ
1750 1377 1887 1445 μετά
1919 1396 2084 1432 σπουο

497 1459 594 1525 δῆς
671 1459 1111 1529 προσδραμόντες
1184 1460 1506 1531 ὑπήντησαν
1569 1463 1702 1531 ήμίν
1789 1461 2084 1532 ψάλλοντες

499 1546 696 1616 (τοῦτο
728 1548 840 1617 γὰρ
871 1549 1053 1610 αὐτοῖς
1092 1547 1212 1612 ἔθος
1247 1549 1396 1601 ἐστὶν
1427 1548 1562 1619 πρὸς
1588 1551 1799 1613 πάντας
1827 1552 1954 1613 τοὺς
1986 1571 2084 1622 μο-

497 1635 740 1705 ναχούς),
778 1636 874 1689 καὶ
901 1638 1388 1706 προσκυνήσαντες
1418 1639 1511 1691 ἐπὶ
1543 1641 1838 1708 πρόσωπον
1867 1643 1960 1694 ἐπὶ
1986 1641 2085 1711 τὴν

496 1727 623 1792 γῆν,
659 1723 876 1792 ἐφίλουν
921 1726 1068 1793 ἡμᾶς
1095 1766 1108 1788 ,
1141 1724 1396 1794 ἀλλήλοις
1442 1726 1899 1791 ἐπιδεικνύοντες·
1952 1729 2084 1783 Ἰδοὺ

2185 577 2362 631 ἄλλων
2389 580 2710 650 ἀκούοντεςς

2255 665 2436 724 Πολλά
2463 670 2521 724 δὲ
2552 675 2683 745 περὶ
2714 675 3006 747 ἀσκήσεως
3040 677 3138 733 καί.
3176 677 3461 744 πολιτείας
3488 679 3624 750 ἡμῖν
3666 680 3785 733 δια-

2185 753 2398 827 λεχθεὶς
2427 759 2570 814 κατά
2599 761 2769 831 μόνας
2794 763 3078 828 πολλάκις,
3105 767 3201 820 καὶ
3231 765 3364 834 περὶ
3380 766 3490 838 τῆς
3510 766 3784 838 ὑποδοχῆς

2183 845 2294 899 τῶν
2325 845 2593 918 ἀδελφῶν,
2627 849 2835 920 ἔλεγεν,
2868 852 2950 907 δτι
2976 854 3058 906 δεῖ
3085 853 3420 924 ἐρχομένους
3456 855 3586 919 τούς
3617 856 3781 909 ἀδελ-

2185 933 2321 1001 φούς
2366 939 2716 1004 προσκυνεῖν.
2769 937 2846 993 Οὐ
2904 940 3014 1012 γάρ
3059 942 3288 1006 αὐτοὺς,
3336 942 3476 997 ἀλλά
3515 943 3612 998 τὸν
3644 943 3780 998 Θεδν

2186 1023 2623 1094 προσεκύνησας·
2657 1024 2765 1090 ίδες
2791 1027 2918 1098 γάρ,
2951 1029 3105 1098 φησί,
3141 1029 3234 1082 τὸν
3259 1031 3488 1100 ἀδελφόν
3519 1049 3640 1098 σου,
3670 1034 3780 1099 ἴδες

2185 1111 2390 1183 Κύριον
2429 1112 2522 1166 τὸν
2564 1115 2697 1167 Θεόν
2731 1132 2826 1168 σου
2854 1130 2867 1144 ·
2902 1117 3056 1186 παρὰ
3085 1118 3177 1172 τοῦ
3225 1119 3478 1190 Ἀϐραάμ
3511 1122 3780 1193 παρειλή-

2187 1217 2401 1270 φαμεν,
2449 1202 2498 1254 εἰ
2545 1204 2640 1256 καὶ
2669 1204 2750 1258 ὅτι
2789 1205 2870 1258 δεῖ
2903 1205 3014 1259 ἐσθ’
3049 1207 3137 1260 ὅτε
3178 1209 3305 1271 τοὺς
3339 1208 3604 1278 ἀδελφοὺς
3637 1212 3780 1282 πρὸς

2186 1287 2495 1346 ἀνάπαυσιν
2522 1290 2986 1364 παραϐιάζεσθαι,
3008 1295 3160 1364 παρά
3175 1295 3270 1348 τοῦ
3302 1294 3425 1348 Λὼτ
3459 1299 3781 1368 μεμαθήκα-

2189 1391 2308 1444 μεν,
2345 1376 2832 1448 παραϐιασαμένου
2866 1381 2992 1444 τοὺς
3032 1381 3318 1449 ἀγγέλους,
3359 1386 3453 1436 καὶ
3493 1386 3575 1438 ὅτι
3619 1385 3704 1440 δεῖ
3728 1388 3777 1440 εἰ

2185 1462 2411 1516 δυνατὸν
2460 1466 2588 1529 τοὺς
2637 1469 2904 1538 μοναχούς
2953 1468 3076 1521 καθ’
3127 1471 3364 1542 ἑκάστην
3407 1473 3623 1543 ἡμέραν
3665 1475 3778 1528 τῶν

2191 1553 2508 1624 μυστηρίων
2537 1561 2831 1610 κοινωνεῖν.
2876 1557 2934 1610 '0
2966 1559 3076 1629 γὰρ
3106 1559 3399 1630 μακρύνων
3439 1562 3635 1615 ἑαυτοῦ
3669 1565 3780 1617 ἀπὸ

2187 1641 2415 1705 τούτων,
2466 1643 2806 1713 μακρύνεται
2851 1645 2959 1698 ἀπὸ
2998 1645 3091 1698 τοῦ
3131 1645 3286 1699 Θεοῦ.
3346 1647 3403 1701 Ὀ
3445 1649 3500 1700 δὲ
3535 1652 3780 1720 συνεχῶς

2189 1728 2348 1782 τοῦτο
2393 1729 2567 1783 ποιῶν
2611 1731 2702 1784 τὸν
2747 1733 2978 1802 Σωτῆρα
3019 1735 3257 1803 συνεχῶς
3305 1735 3644 1804 ὑποδέχεται.
3711 1737 3778 1789 Ἡ

497 1813 697 1902 ήκασιν
719 1813 769 1864 οἰ
791 1811 1007 1880 ἀδελφοί
1032 1805 1157 1883 περὶ
1185 1805 1260 1864 ὧν
1286 1815 1314 1864 ὁ
1337 1813 1523 1884 Πατὴρ
1544 1815 1650 1885 πρὸ
1672 1816 1837 1885 τριῶν
1862 1819 1966 1886 ήμε
1978 1817 2085 1886 ρῶν
2116 1843 2164 1902 Β
2192 1818 2298 1888 γὰρ
2332 1820 2598 1888 σωτήριος
2627 1821 2777 1891 φωνή
2802 1837 2984 1891 φησιν,
3003 1822 3062 1874 Ὀ
3087 1821 3281 1876 ἐσθίων
3317 1839 3416 1892 μου
3442 1827 3542 1893 τὴν
3574 1825 3772 1892 σάρκα,

499 1901 830 1971 προείρηκεν
862 1903 1012 1970 ἡμῖν,
1031 1902 1113 1954 ὅτι
1140 1902 1296 1956 Μετὰ
1321 1906 1470 1972 τρεῖς
1498 1905 1712 1974 ἡμέρας
1733 1905 1922 1974 ἥξουσι
1952 1907 2089 1977 πρὸς
2117 1901 2149 1902 λ
2193 1909 2286 1962 καὶ
2322 1909 2493 1963 πίνων
2529 1927 2631 1979 μου
2659 1911 2718 1964 τὸ
2749 1905 2910 1982 αἷμα,
2948 1915 3100 1981 μένει
3129 1913 3188 1965 ἐν
3219 1914 3364 1981 ἐμοὶ,
3400 1913 3559 1982 κάγὼ
3589 1916 3645 1968 ἐν
3683 1914 3778 1968 αὐ-

499 1993 648 2062 ὴμᾶς
690 1994 839 2059 τρεῖς
887 1992 1110 2060 ἀδελφοὶ
1163 1993 1274 2046 ἀπὸ
1333 1994 1725 2062 Ἱεροσολύμων
1779 1996 2085 2066 ἐρχόμενοι.

499 2082 612 2133 Καὶ
638 2082 687 2132 οἰ
726 2081 824 2151 μὲν
864 2081 1105 2150 προῆγον
1139 2082 1307 2150 ἡμᾶς,
1342 2083 1390 2134 οί
1423 2082 1480 2134 δὲ
1507 2081 1837 2152 ἠκολούθουν
1867 2083 2089 2137 ὄπισθεν

503 2168 662 2238 ήμῶν
682 2169 998 2238 ψάλλοντες,
1024 2169 1183 2239 ἄχρις
1205 2163 1266 2222 οὗ
1289 2169 1520 2239 πλησίον
1545 2170 1725 2223 αὐτῶν
1749 2171 2086 2242 ἐφθάσαμεν.

515 2256 778 2320 Ἀκούσας
820 2257 876 2310 δὲ
934 2259 963 2310 ὁ
1014 2259 1196 2329 πατὴρ
1256 2257 1528 2322 Ἀπολλὼς
1579 2258 1676 2328 τῆς
1738 2260 1924 2328 φωνῆς
1980 2261 2090 2314 τῶν

500 2346 835 2415 ψαλλόντων,
878 2347 1190 2418 ὑπήντησεν
1235 2349 1368 2418 ήμῖν
1412 2347 1636 2400 κατὰτὸ
1683 2348 1802 2411 ἐθος
1834 2348 1999 2401 αὐτοῦ
2029 2349 2091 2404 τὸ

503 2436 643 2505 πρὸς
681 2437 890 2499 πάντας
929 2437 1055 2499 τοὺς
1084 2435 1370 2504 ἀδελφούς.
1418 2439 1527 2491 Καὶ
1579 2436 1704 2491 ἰδὼν
1741 2440 1888 2507 ἡμᾶς
1918 2455 2091 2510 προσ-

503 2527 734 2594 εκύνησε
760 2525 996 2594 πρῶτος,
1021 2525 1114 2576 ἐπὶ
1141 2525 1240 2594 τὴν
1266 2526 1370 2594 γῆν
1397 2525 1591 2578 ἐαυτὸν
1613 2525 1933 2589 ἐναπλώσας
1951 2540 1964 2554 ⁸
1998 2527 2093 2580 καὶ

503 2613 742 2675 ἀναστὰς
789 2612 1039 2684 ἐφίλησε.
1080 2614 1189 2667 Καὶ
1225 2614 1533 2683 εἰσαγαγὼν
1582 2613 1946 2685 ὐπερηύξατο.
1983 2615 2094 2668 Kal

502 2699 632 2763 τοὺς
668 2700 836 2764 πόδας
875 2702 1036 2772 ήμῶν
1079 2701 1243 2772 νίψας
1299 2705 1487 2773 χερσὶν
1530 2701 1786 2769 οἰκείαις,
1826 2703 1964 2774 πρὸς
1991 2703 2093 2772 τὴν

503 2789 816 2844 ἀνάπαυσιν
849 2789 1251 2861 προετρέψατο.
1292 2791 1464 2844 Τοῦτο
1491 2789 1546 2844 δὲ
1580 2793 1746 2844 πᾶσιν
1779 2792 1952 2845 ἐποίει
1983 2795 2093 2856 τοῖς

503 2878 822 2948 ἐρχομένοις
850 2877 991 2949 πρὸς
1029 2879 1194 2932 αὐτὸν
1242 2878 1515 2948 ἀδελφοῖς.
1547 2881 1608 2933 Οί
1653 2879 1762 2950 γάρ
1795 2879 1892 2932 σὺν
1943 2881 2093 2951 αὐτῷ

504 2966 724 3038 ἀδελφοὶ
775 2968 835 3021 οὐ
884 2966 1152 3039 πρότερον
1205 2967 1308 3037 τῆς
1360 2968 1573 3037 τροφῆς
1639 2967 2090 3037 μετελάμϐανον,

504 3058 673 3129 πρινὴ
714 3057 816 3126 τῆς
862 3055 1216 3127 εὐχαριστίας
1267 3057 1362 3109 τοῦ
1410 3056 1648 3125 Χριστοῦ
1696 3059 2090 3126 κοινωνήσωσι.

505 3145 679 3199 Τοῦτο
715 3146 771 3198 δὲ
803 3144 1022 3197 ἐποίουν
1071 3143 1216 3197 κατά
1243 3142 1342 3213 τὴν
1385 3144 1614 3214 ἐννάτην
1643 3143 1793 3214 ὥραν
1820 3145 2050 3214 ἡμέριον
2075 3162 2089 3176 ο

505 3229 608 3284 εἷθ’
647 3231 818 3295 οὕτως
857 3231 1231 3303 διαιτηθέντες
1277 3231 1570 3302 ἐκάθηντο,
1595 3231 1886 3296 ἀκούοντες
1927 3233 2093 3286 αὐτοῦ

504 3321 852 3384 διδάσκοντος
878 3321 1059 3385 πάσας
1077 3321 1177 3384 τὰς
1200 3319 1422 3385 ἐντολὰς
1442 3321 1572 3392 άχρι
1593 3321 1687 3376 τοῦ
1717 3320 2094 3393 πρωθυπνίου.

519 3408 759 3463 Ἐκεῖθεν
797 3408 861 3480 δὴ
890 3410 938 3462 οἰ
971 3408 1072 3480 μὲν
1098 3408 1192 3462 ἐπὶ
1223 3407 1319 3481 τήν
1348 3407 1554 3480 ἔρημον
1581 3407 1640 3474 ἐξ
1673 3409 1855 3462 αὐτῶν
1892 3409 2098 3480 ἀνεχώ-

508 3518 637 3569 ρουν
682 3499 1142 3571 ἀποστηθίζοντες
1187 3498 1288 3564 τὰς
1339 3500 1562 3571 Γραφάς
1595 3500 1724 3572 ὃλην
1757 3501 1860 3572 τὴν
1891 3501 2093 3555 νύκτα’

505 3593 554 3643 οἰ
603 3589 661 3642 δέ
712 3591 827 3642 ἐκεῖ
859 3589 1340 3661 προσεκαρτέρουν
1397 3589 1700 3653 ἀπαύστοις
1767 3588 1956 3660 ὕμνοις
2007 3591 2099 3643 τὸν

506 3676 640 3730 Θεὸν
664 3675 1044 3748 εὐφημοῦντες
1072 3678 1233 3748 ἄχρις
1256 3677 1490 3748 ἡμέρας,
1513 3677 1606 3742 οὓς
1639 3677 1751 3747 ἐγὼ
1779 3678 1940 3740 αὐτὸς
1971 3679 2102 3732 αὐτ-

510 3765 603 3834 οψί
664 3763 1000 3836 ἐθεασάμην,
1051 3765 1292 3836 ἑσπέρας
1339 3765 1687 3836 ἀρξαμένους
1735 3767 1843 3820 τῶν
1878 3765 2100 3837 ὓμνων,

508 3853 606 3908 καὶ
657 3852 820 3922 μέχρι
865 3850 1012 3923 πρωῒ
1043 3852 1104 3906 οὐ
1153 3856 1537 3924 παυσαμένους
1567 3857 1667 3926 τῆς
1695 3855 1860 3926 ᾠδῆς.
1910 3854 2102 3909 Πολλοὶ

510 3941 640 4009 γοῦν
677 3940 860 3994 αὐτῶν
910 3941 1053 3994 κατά
1096 3941 1193 4012 τὴν
1227 3942 1455 4012 ἐννάτην
1499 3941 1648 4013 ὥραν
1695 3943 1857 4012 μόνον
1892 3947 2101 4014 κατήρ-

510 4044 666 4101 χοντο
694 4030 759 4082 ἐκ
787 4027 882 4082 τοῦ
926 4027 1118 4099 ὅρους,
1155 4030 1377 4097 καὶτῆς
1417 4031 1772 4102 εὐχαριστίας
1826 4030 2104 4104 μετελάμ-

511 4119 696 4184 ϐανον,
727 4119 822 4171 καὶ
846 4118 1006 4172 πάλιν
1032 4118 1274 4190 ἀνῄεσαν
1300 4119 1632 4189 ἀρκούμενοι
1663 4122 1725 4190 τῇ
1755 4122 2102 4191 πνευματικῇ

521 4205 659 4278 μόνῃ
692 4209 869 4278 τροφῇ
899 4207 1059 4277 ἄχρις
1101 4207 1270 4278 ἄλλης
1315 4207 1563 4278 ἐννάτης.
1597 4208 1768 4261 Τοῦτο
1799 4207 1854 4260 δὲ
1885 4208 2104 4262 ἐποίουν

512 4295 700 4348 πολλοὶ
731 4295 794 4360 ἐξ
837 4295 1017 4349 αὐτῶν
1060 4296 1156 4350 ἐπὶ
1205 4295 1408 4359 πολλὰς
1447 4295 1681 4367 ἡμέρας.
1725 4292 1836 4348 Ἦν
1869 4295 1926 4348 δὲ
1977 4295 2105 4349 ἰδεῖν

513 4384 710 4447 αὐτοὺς
739 4384 1188 4454 ἀγαλλιωμένους
1219 4384 1361 4437 κατά
1390 4382 1489 4453 τὴν
1518 4383 1746 4454 ἔρημον.
1780 4383 1895 4436 Οὐκ
1927 4382 1992 4436 ἄν
2022 4400 2107 4446 τις

514 4473 659 4526 εἴποι
718 4475 808 4525 ἐπὶ
865 4473 967 4544 τὴν
1019 4474 1124 4544 γῆν
1173 4473 1378 4543 ταύτην
1439 4471 1697 4544 τοιαύτην
1746 4474 2104 4542 ἀγαλλίασιν,

513 4561 636 4614 οὐδέ
667 4561 1012 4630 εὐφροσύνην
1048 4564 1388 4634 σωματικήν.
1423 4562 1559 4616 Οὐδὲ
1596 4563 1818 4632 στυγνὸς
1860 4562 1892 4634 ἣ
1937 4579 2109 4632 κατη-
2143 4559 2185 4614 Β

517 4651 625 4722 φής
657 4668 742 4714 τις
771 4647 838 4722 ἦν
867 4653 925 4703 ἐν
951 4652 1134 4716 αὐτοῖς
1154 4669 1168 4682 ν
1201 4652 1315 4704 ἀλλ’
1341 4653 1492 4716 εἴτις
1524 4670 1626 4706 που
1661 4656 1757 4707 καὶ
1793 4656 2112 4722 στυγνάζων

517 4741 712 4811 ἐφάνη,
743 4739 904 4802 εὐθὺς
943 4739 1175 4792 ἐπύθετο
1212 4739 1343 4810 παρ’
1383 4740 1550 4792 αὐτοῦ
1581 4743 1610 4792 ὁ
1644 4742 1827 4813 πατὴρ
1867 4743 2111 4796 ’Λπολλὼ

517 4829 618 4897 τὴν
649 4827 850 4894 αἰτίαν,
889 4828 986 4882 καὶ
1014 4829 1084 4881 τά
1117 4830 1174 4881 ἐν
1214 4828 1292 4898 τῷ
1322 4829 1550 4895 κρυπτῷ
1578 4829 1679 4900 τῆς
1715 4831 1941 4900 καρδίας
1979 4833 2112 4885 ἐκάει

522 4933 646 4968 στου
687 4917 1020 4987 ἀπήγγελεν.
1061 4916 1258 4983 Ἔλεγε
1285 4915 1364 4968 δέ’
1401 4917 1475 4968 Οὐ
1509 4917 1615 4988 χρὴ
1667 4919 1988 4986 στυγνάζειν
2021 4921 2113 4976 ἐπὶ

520 5008 587 5076 τῇ
625 5009 870 5078 σωτηρία
921 5008 1216 5078 μέλλοντας
1257 5007 1540 5078 βασιλείαν
1573 5010 1819 5080 οὐρανῶν
1853 5011 2114 5083 κληρονο-

525 5100 668 5166 μεῖν.
698 5099 1074 5167 Στυγνάξουσι
1109 5099 1204 5169 μέν
1225 5141 1239 5164 ,
1272 5100 1456 5169 φησὶν,
1497 5099 1781 5171 Ἕλληνες,
1817 5102 2113 5157 κλαύσουσι

522 5186 579 5239 δὲ
619 5186 881 5250 Ἰουδαῖοι,
922 5188 1252 5256 πενθήσουσι
1288 5189 1344 5241 δὲ
1379 5191 1730 5261 ἁμαρτωλοὶ,
1755 5191 1804 5244 οἰ
1829 5191 1887 5244 δὲ
1914 5191 2113 5246 δίκαιοι

523 5277 1039 5348 εὐφρανθήσονται,
1083 5279 1179 5332 καὶ
1221 5281 1268 5330 οἰ
1319 5281 1384 5334 τὰ
1425 5281 1590 5351 γήϊνα
1638 5283 1736 5352 μὲν
1788 5281 2112 5353 φρονοῦντες

524 5365 618 5418 ἐπὶ
636 5368 749 5428 τοῖς
775 5366 986 5435 γηῖνοις
1009 5367 1414 5437 εὐφραίνονται,
1443 5371 1602 5438 ἡμεῖς
1627 5371 1682 5424 δὲ
1705 5373 1752 5423 οἰ
1780 5371 2118 5444 τηλικαύτης

523 5454 736 5520 ἐλπίδος
761 5457 1191 5522 καταξιωθέντες
1213 5497 1228 5522 ,
1263 5459 1378 5522 πῶς
1408 5461 1529 5530 οὐχί
1560 5460 1856 5525 διαπαντὸς
1887 5463 2118 5534 εὐφραι-

525 5542 766 5611 νώμεθα,
800 5543 894 5596 τοῦ
934 5545 1257 5599 Ἀποστόλου
1284 5547 1430 5617 ἡμᾶς
1459 5548 1856 5620 παρορμῶντος
1883 5551 2115 5604 πάντοτε

525 5632 738 5700 χαίρειν
759 5673 772 5696 ,
807 5633 1169 5704 ἀδιαλείπτως
1201 5637 1637 5708 προσεύχεσθαι,
1668 5642 1724 5692 ἐν
1759 5642 1924 5694 παντί
1955 5643 2117 5712 εὐχα-

527 5722 766 5787 ριστεῖν;
795 5721 860 5772 Τί
885 5723 928 5774 δ’
953 5725 1017 5777 ἄν
1041 5743 1126 5788 τις
1147 5727 1300 5780 ἐἴποι
1330 5727 1428 5799 τὴν
1453 5729 1510 5780 ἐν
1535 5729 1714 5798 λόγοις
1737 5732 1902 5784 αὐτοῦ
1931 5735 2113 5804 χάριν,

530 5802 624 5854 καὶ
653 5803 754 5869 τάς
778 5806 972 5872 λοιπὰς
1005 5813 1170 5867 αὐτοῦ
1195 5815 1418 5885 ἀρετὰς,
1464 5817 1530 5880 ἃς
1564 5818 1612 5870 δι
1647 5819 1957 5889 ὐπερὸολὴν
1988 5802 2117 5876 θαύ-

577 5903 596 5924 ὶ

2188 1997 2286 2068 τῷ.
2335 1999 2507 2052 Τοῦτο
2539 1998 2632 2052 οὖν
2672 2001 2941 2071 συμφέρει
2984 2003 3097 2063 τοῖς
3144 2005 3429 2072 μοναχοῖς,
3466 2003 3776 2072 ὑπόμνησιν

2188 2087 2283 2140 τοῦ
2318 2088 2588 2158 σωτηρίου
2626 2089 2833 2152 πάθους
2866 2091 3102 2159 συνεχῶς
3131 2091 3497 2160 ποιουμένοις,
3528 2095 3626 2144 καὶ
3659 2091 3775 2161 μεθ’

2190 2179 2404 2249 ἡμέραν
2435 2181 2684 2250 ἑτοίμους
2715 2177 2853 2234 εἶναι
2883 2181 3324 2252 παρασκευάζειν
3354 2183 3584 2244 ἑαυτοὺς
3607 2183 3777 2236 τοιού-

2192 2285 2338 2334 τους,
2373 2269 2447 2333 ὠς
2469 2269 2653 2335 ἀξίους
2697 2266 2836 2324 εῖναι
2879 2270 3109 2324 πάντοτε
3141 2271 3276 2341 πρὸς
3317 2270 3414 2340 τὴν
3452 2271 3565 2324 τῶν
3609 2274 3774 2340 ἁγίων

2193 2359 2288 2411 καὶ
2312 2357 2582 2429 οὐρανίων
2613 2359 2928 2429 μυστηρίων
2951 2358 3241 2429 ὑποδοχὴν,
3266 2359 3386 2411 ἐπεὶ
3406 2359 3501 2410 καὶ
3528 2361 3777 2427 ἀφέσεως

2192 2445 2481 2515 ἁμαρτιῶν
2531 2445 2673 2499 οὓτω
2734 2445 3158 2514 καταξιούμεθα.
3211 2445 3321 2510 Τάς
3373 2447 3430 2500 δέ
3483 2449 3777 2512 καθολικὲς

2194 2534 2470 2605 νηστείας,
2509 2536 2664 2605 φησί,
2704 2533 2777 2606 μὴ
2809 2533 2928 2599 ἐξὸν
2959 2534 3108 2588 λύειν
3135 2536 3262 2589 ἄνευ
3294 2536 3478 2608 πάσης
3508 2539 3772 2606 ἀνάγκης.

2206 2621 2296 2674 Ἐν
2337 2621 2447 2691 γὰρ
2489 2621 2706 2691 τετράδι
2753 2623 2780 2673 δ
2824 2620 3016 2692 Σωτὴρ
3060 2623 3446 2693 παραδίδοταιι
3496 2626 3554 2679 έν
3610 2625 3668 2678 δὲ
3711 2628 3776 2696 τῇ

2197 2711 2524 2780 παρασκευῇ
2563 2709 2910 2781 σταυροῦται.
2961 2711 3019 2764 Ὁ
3056 2707 3148 2765 οὖν
3182 2712 3384 2776 ταύτας
3412 2712 3595 2781 λύων,
3641 2731 3778 2784 συμ-

2195 2797 2532 2868 παραδίδωσι
2584 2800 2676 2850 τὸν
2733 2799 2962 2870 Σωτῆρα
3015 2800 3111 2852 καὶ
3171 2803 3486 2871 συσταυροῖ.
3547 2801 3675 2855 Ἐάν
3725 2802 3783 2855 δέ

2194 2889 2320 2959 ἥκει
2353 2887 2490 2958 πρὸς
2512 2888 2660 2957 ἡμᾶς
2686 2887 2914 2958 ἀδελφὸς
2931 2928 2944 2952 ,
2976 2889 3337 2954 ἀναπαύσεως
3370 2890 3629 2961 δεόμενος
3649 2934 3665 2956 ,
3691 2910 3783 2963 νηο

2197 2976 2383 3039 στείας
2411 2975 2600 3048 ούσης,
2629 2976 2974 3050 παραθήσεις
3005 2979 3155 3050 αὐτῷ
3185 2980 3330 3049 μόνῳ
3350 2980 3450 3050 τὴν
3480 2979 3782 3052 τράπεζαν.

2195 3067 2259 3119 Εἰ
2289 3065 2346 3119 δὲ
2383 3066 2459 3136 μὴ
2491 3065 2760 3136 βούλεται,
2798 3068 2873 3136 μὴ
2909 3067 3250 3140 ἀναγκάσῃς.
3289 3069 3490 3138 Κοινὴν
3524 3069 3643 3140 γάρ
3675 3071 3786 3140 ἐχο-

2201 3172 2298 3225 μεν
2329 3156 2532 3218 πάντες
2559 3157 2661 3224 τήν
2684 3156 3005 3226 παράδοσιν.
3049 3156 3359 3227 Ἰῧμέμφετο
3380 3156 3436 3209 δέ
3460 3157 3638 3209 πολλὰ
3667 3159 3781 3218 τούς

2197 3243 2266 3297 τὰ
2297 3244 2498 3314 σιδηρᾶ
2527 3244 2826 3315 φέροντας,
2858 3244 2955 3297 καὶ
2983 3243 3111 3308 τούς
3146 3243 3453 3313 κομῶντας.
3487 3237 3650 3298 Οὗτοι
3683 3244 3790 3314 γὰρ

2198 3331 2603 3397 ἐνδεικνύουσι,
2639 3333 2807 3401 φησί,
2853 3331 2946 3385 καὶ
2984 3331 3084 3403 τὴν
3125 3331 3643 3402 ἀνθρωπαρέσκειαν
3691 3331 3791 3398 θη-

2201 3420 2373 3493 ρῶσι·
2430 3420 2550 3473 δέον
2612 3420 2812 3482 αὐτοὺς
2881 3419 3084 3489 μᾶλλον
3132 3420 3407 3490 νηστείαις
3452 3417 3665 3470 ἐκλύειν
3718 3417 3786 3469 τὸ

2201 3510 2381 3580 σῶμα,
2415 3510 2512 3562 καὶ
2563 3510 2622 3562 ἐν
2654 3508 2885 3580 κρυπτῷ
2935 3509 2995 3561 τὸ
3029 3509 3191 3562 καλὸν
3237 3510 3493 3580 πράττειν.
3523 3507 3586 3558 Ui
3616 3505 3677 3558 δὲ
3707 3506 3774 3557 ού

2199 3599 2377 3663 τοῦτο,
2410 3599 2550 3650 ἀλλά
2585 3599 2753 3652 πᾶσιν
2775 3599 3003 3659 ἑαυτοὺς
3033 3598 3300 3668 φανεροὺς
3328 3593 3623 3650 καθιστῶσι.
3656 3595 3770 3646 Καὶ

2208 3687 2262 3740 τί
2295 3688 2364 3741 ἄν
2396 3704 2480 3750 τις
2517 3687 2662 3739 εἴποι
2692 3687 2792 3750 τὰς
2845 3685 3066 3755 διδαχάς
3099 3685 3263 3738 αὐτοῦ
3296 3686 3467 3748 πάσα-ς
3497 3683 3783 3753 παραπλη-

2206 3776 2337 3839 σίως
2369 3774 2536 3838 οὔσας
2567 3774 2730 3828 αὐτοῦ
2782 3778 2847 3846 τῇ
2887 3775 3154 3846 πολιτείᾳ,
3205 3776 3269 3837 ἃς
3312 3775 3431 3827 οὐδέ
3475 3776 3680 3843 φράσαι
3709 3791 3794 3836 τις

2204 3865 2329 3918 οὐδὲ
2358 3865 2570 3934 γράψαι
2604 3864 2724 3917 κατ’
2756 3864 2915 3929 ἀξίαν
2951 3865 3260 3933 δυνήσεται;
3289 3864 3522 3916 Πλεῖστα
3547 3858 3642 3914 οὖν
3669 3862 3799 3914 πολ-

2206 3955 2363 4018 λάκις
2395 3955 2528 4024 ἡμῖν
2567 3970 2708 4005 κατα
2720 3955 2884 4022 μόνας
2911 3953 3038 4023 ὃλην
3059 3955 3156 4022 τὴν
3184 3952 3452 4021 ἑϐδομάδα
3478 3950 3798 4021 διαλεγόμε-

2207 4062 2320 4110 νος,
2346 4044 2442 4098 καὶ
2466 4044 2812 4115 προπέμπων
2829 4043 2996 4112 ἡμᾶς,
3024 4042 3225 4109 ἔλεγεν·
3253 4041 3488 4111 Εἰρήνην
3505 4040 3658 4110 ἔχετε
3687 4040 3798 4109 μετ’

2209 4134 2490 4205 ἀλλήλων,
2527 4133 2621 4187 καὶ
2649 4131 2723 4204 μὴ
2766 4131 2860 4185 ἀπ’
2905 4131 3149 4200 ἀλλήλων
3201 4133 3278 4193 εἰς
3316 4129 3433 4183 ὁδὸν
3473 4127 3800 4198 χωρίζεσθε.

2283 4222 2543 4285 Εἰπόντος
2571 4221 2628 4274 δέ
2658 4222 2771 4283 τοῖς
2812 4220 2910 4272 σὺν
2949 4218 3099 4290 αὐτῷ
3135 4218 3404 4286 ἀδελφοῖς,
3440 4217 3526 4278 τίς
3560 4217 3629 4269 ἂν
3665 4215 3804 4270 ἐκὼν

2217 4309 2460 4380 βούλοιτο
2488 4309 2548 4374 ἐξ
2573 4308 2754 4362 αὐτῶν
2776 4306 3212 4379 συμπροπέμψαι
3238 4306 3384 4378 ἡμᾶς
3413 4306 3542 4376 ἄχρι
3567 4304 3684 4358 τῶν
3715 4304 3806 4357 άλ-

2214 4402 2322 4454 λων
2351 4401 2631 4471 Πατέρων,
2659 4398 2845 4469 σχεδὸν
2868 4399 3106 4460 ἅπαντες
3133 4395 3479 4468 παρεκάλουν
3506 4395 3807 4465 προθύμως

2216 4487 2653 4560 συμπροπέμψαι
2683 4489 2851 4558 ἡμᾶς.
2897 4486 2955 4539 '0
2981 4486 3036 4538 δὲ
3069 4487 3224 4554 ἆγιος
3266 4483 3539 4546 Ἀπολλὼς
3568 4486 3722 4552 τρεῖς
3749 4480 3807 4544 ἐξ

2213 4580 2395 4636 αὐτῶν
2445 4578 2870 4647 ἐπιλεξάμενος,
2921 4577 3119 4647 ἄνδρας
3164 4577 3382 4636 ἱκανοὺς
3427 4577 3483 4628 ἐν
3525 4574 3671 4643 λόγῳ
3713 4575 3807 4628 καὶ

2215 4670 2485 4741 πολιτείᾳ,
2533 4670 2630 4722 καὶ
2675 4667 2978 4738 ἐμπείρους
3015 4667 3118 4736 τῆς
3164 4666 3483 4736 Ἑλληνικῆς
3518 4664 3617 4717 καί
3677 4663 3810 4716 Ῥω·

2218 4759 2424 4830 μαῖκῆς
2457 4757 2555 4810 καὶ
2591 4755 2980 4832 Αἰγυπτιακῆς
3012 4754 3321 4819 διαλέκτου,
3350 4751 3811 4822 συμπροπέμπων

2213 4849 2364 4920 ήμᾶς
2400 4847 2584 4908 αὐτοῖς
2615 4843 2924 4898 ἐνετέλλετο
2968 4843 3043 4914 μὴ
3092 4841 3360 4912 πρότερον
3398 4838 3618 4905 ἀφιέναι
3663 4839 3812 4906 ἡμᾶς

2216 4937 2347 5007 πρὶν
2377 4935 2444 4988 ἂν
2473 4933 2677 4993 ἱκανῶς
2709 4931 2927 5001 ἔχοιμεν
2964 4932 3091 4992 τοὺς
3137 4927 3387 4999 Πατέρας
3415 4927 3567 4989 ὅλους
3603 4925 3814 4994 θεωρή-

2219 5041 2430 5086 σαντες.
2465 5021 2573 5086 (JF);
2615 5020 2708 5074 ἐὰν
2745 5019 3003 5090 βούληταί
3031 5035 3116 5081 τις
3153 5018 3280 5069 ἰδεῖν
3306 5015 3568 5078 ἅπαντας,
3601 5014 3702 5066 οὐκ
3748 5014 3814 5066 ἂν

2217 5114 2410 5183 φθάνοι
2444 5113 2534 5166 διὰ
2565 5111 2766 5175 παντὸς
2803 5109 2898 5163 τοῦ
2951 5108 3068 5179 βίου
3121 5105 3438 5160 Θεάσασθαι.
3493 5104 3815 5172 Εὐλογήσας

2217 5198 2311 5255 οὖν
2348 5203 2498 5272 ἡμᾶς
2534 5198 2907 5265 ἐξαπέστειλε,
2943 5197 3142 5265 λέγων,
3172 5195 3482 5264 Εὐλογήσαι
3515 5193 3661 5260 ὑμᾶς
3693 5188 3812 5241 Κύ-

2223 5308 2336 5362 ριος
2371 5292 2435 5342 ἐκ
2463 5288 2625 5353 Σιὼν,
2663 5288 2756 5341 καὶ
2802 5285 2965 5340 ῐδοιτε
2996 5285 3064 5338 τὰ
3097 5283 3280 5349 ἀγαθὰ
3318 5279 3678 5352 Ἰερουσαλὴμ
3705 5277 3816 5330 πά-

2221 5398 2320 5442 σας
2347 5379 2450 5442 τᾶς
2487 5379 2704 5448 ἡμέρας
2734 5376 2832 5446 τῆς
2864 5374 3011 5444 ζωῆς
3041 5371 3218 5443 ὐμῶν.

2292 5468 2685 5538 Πορευομένων
2727 5466 2783 5519 δέ
2821 5465 2982 5536 ήμῶν
3021 5461 3163 5517 κατὰ
3191 5461 3294 5532 τὴν
3338 5459 3542 5531 ἔρημον
3576 5457 3636 5508 ἐν
3677 5471 3816 5524 μεσ-

2219 5559 2464 5630 ημϐρίᾳ,
2507 5559 2769 5626 ἐξαίφνης
2804 5555 3022 5626 δρῶμεν
3054 5551 3240 5623 σύρμα
3287 5547 3526 5618 μεγάλου
3577 5544 3812 5614 δράκον-

2218 5666 2309 5712 τος
2361 5643 2510 5702 οἷά-τε
2545 5645 2705 5700 δοκοῦ
2755 5645 2843 5697 διά
2874 5643 2974 5713 τῆς
3010 5642 3238 5712 ψάμμου
3274 5634 3628 5697 ἑλκυσθείσης
3653 5675 3668 5697 ,
3717 5633 3814 5684 καί

2224 5738 2424 5795 ἰδόντες
2455 5736 2606 5806 φόϐῳ
2639 5729 2819 5804 πολλῷ
2849 5730 3278 5800 συνεσχέθημεν.
3311 5726 3373 5778 Οἰ
3400 5724 3456 5776 δὲ
3482 5721 3814 5792 ὁδηγοῦντες

2222 5826 2368 5897 ἡμᾶς
2400 5824 2621 5891 ἀδελφοὶ
2666 5821 3014 5892 παρεκάλουν
3061 5819 3212 5889 ἡμᾶς
3263 5816 3336 5888 μὴ
3375 5813 3627 5880 δεδιέναι,
3677 5809 3820 5864 αλλᾶ
