4028 6468
388 407 524 462 H49

1662 411 1978 472 HISTORIA
2027 412 2384 472 LAIJSIACA.

3479 434 3622 491 “50

381 537 498 586 dem
559 529 740 584 aderat
770 529 930 588 Deus.
973 545 1109 584 nunc
1159 537 1338 586 autem
1385 545 1605 601 peregre
1645 539 1728 586 est
1779 530 1954 600 profe-
1980 531 2029 586 A
2059 529 2110 583 in
2138 545 2385 586 sermone
2420 529 2664 602 gratiam,
2698 541 2754 586 et
2800 533 3032 602 reliquas
3059 532 3174 604 ejus
3201 533 3443 599 virtutes,
3495 549 3627 604 quas

389 621 550 682 ctus?
576 623 756 677 Potest
783 631 958 676 autem
993 623 1130 677 Deus
1162 624 1272 677 btec
1303 637 1515 688 semper
1549 621 1745 687 facere,
1787 629 1841 674 et
1869 619 1949 673 ni-

389 713 466 769 hil
501 712 602 769 erit
652 714 793 783 quod
837 714 948 782 ipse
994 727 1101 767 non
1154 713 1339 782 possit.
1397 713 1451 769 Si
1499 728 1626 782 ergo
1681 712 1822 766 Deus
1868 719 1951 766 est

386 804 576 870 bonus,
601 818 693 859 cur
718 813 772 857 tu
795 804 1010 858 malus?
1053 803 1188 869 Quid
1239 818 1368 858 vero
1425 817 1532 856 non
1585 809 1796 866 oportet
1850 814 1948 854 nos

383 912 594 967 quoque
624 897 804 951 dicere
827 911 888 950 ea
915 911 1031 966 quae
1057 897 1292 950 vidimus
1313 937 1328 960 ,
1355 910 1546 962 nempe
1587 893 1727 962 quod
1760 894 1950 947 fratres

387 988 820 1059 ingrediebantur
850 1003 969 1043 cum
1018 989 1235 1056 sportis,
1267 987 1335 1041 ad
1367 1001 1578 1041 mensas
1626 999 1792 1055 panes
1821 984 1949 1039 affe-

383 1087 582 1144 rentes,
612 1087 809 1133 etcum
837 1078 1178 1134 comederent
1207 1077 1477 1147 quingenti
1530 1076 1719 1131 fratres
1767 1074 1833 1130 ad
1861 1089 1950 1130 sa-

379 1171 638 1234 tie:atem,
668 1182 759 1223 eas
786 1183 972 1223 rursus
1011 1168 1194 1238 plenas
1217 1167 1591 1236 accipiebant?

453 1257 608 1312 Aliud
635 1274 848 1328 quoque
874 1259 1209 1324 miraculum,
1241 1259 1380 1326 quod
1411 1258 1650 1312 videntes
1672 1257 1948 1326 obstupui-

377 1361 517 1413 mus,
544 1364 639 1416 par
665 1359 745 1403 est
767 1350 963 1404 dicere.
994 1351 1122 1403 Cum
1157 1349 1296 1404 enim
1353 1349 1419 1402 ad
1470 1363 1564 1403 eos
1617 1349 1947 1405 venissemus

377 1439 550 1508 spatio
584 1443 741 1494 trium
774 1441 1000 1508 dierum,
1043 1442 1240 1510 cogniti
1273 1457 1476 1507 sumus,
1531 1442 1712 1507 procul
1761 1443 1860 1496 visi
1915 1459 1945 1498 a

375 1530 650 1597 fratribus,
675 1531 760 1600 qui
781 1547 847 1584 ex
874 1546 938 1586 eo
967 1531 1244 1585 audierant
1273 1533 1339 1586 de
1370 1543 1552 1586 nostro
1591 1532 1658 1586 ad
1703 1547 1824 1586 eum
1853 1533 1948 1585 ad-

373 1629 531 1676 ventu
563 1637 576 1672 :
603 1621 688 1689 qui
714 1621 924 1690 quidem
952 1637 1177 1690 propere
1207 1631 1551 1677 accurrentes
1600 1623 1755 1677 nobis
1785 1639 1946 1678 vene-

374 1721 496 1765 runt
525 1693 731 1765 obviam
764 1713 1076 1780 psallentes,
1105 1723 1188 1767 est
1213 1713 1353 1768 enim
1385 1715 1467 1768 hic
1497 1729 1614 1768 mos
1643 1714 1783 1782 apud
1829 1730 1946 1768 om-

373 1815 468 1854 nes
491 1801 804 1856 monachos.
847 1801 1057 1855 Etcum
1089 1804 1235 1870 proni
1270 1803 1322 1857 in
1369 1813 1564 1857 terram
1606 1805 1941 1867 adorassent,

2055 635 2268 690 propter
2296 637 2560 677 summum
2593 623 2902 679 miraculum
2923 625 3188 692 siluimus,
3213 625 3420 681 auditas
3441 626 3624 696 utique

2053 725 2116 765 ex
2147 711 2260 778 ipso
2290 720 2344 766 et
2372 727 2434 766 ex
2474 713 2636 766 aliis?

2122 801 2252 854 Cum
2283 812 2457 856 autem
2491 802 2558 856 de
2587 803 2965 858 exercitatione
2994 813 3048 860 et
3090 805 3210 860 vita:
3249 805 3490 861 instituto
3529 821 3625 861 no-

2054 891 2254 946 biscum
2287 909 2428 962 stepe
2458 909 2699 949 seorsum
2731 895 3102 963 disseruisset,
3132 912 3276 968 saepe
3302 900 3460 954 etiam
3490 899 3624 954 dixit

2051 984 2120 1037 de
2145 984 2496 1052 suscipiendis
2519 987 2824 1052 monachis,
2855 988 2994 1057 quod
3027 998 3237 1058 oportet
3262 989 3488 1046 adorare
3511 991 3618 1043 fra-

2051 1084 2163 1132 tres
2191 1077 2534 1131 advenientes
2558 1094 2573 1133 :
2606 1079 2720 1133 Non
2744 1082 2884 1135 enim
2915 1081 3088 1150 ipSos,
3114 1082 3308 1146 aiebat,
3331 1083 3424 1137 sed
3455 1082 3620 1137 Deum

2049 1167 2306 1221 adorasti.
2363 1167 2549 1222 Vidisti
2603 1171 2744 1224 enim
2783 1211 2798 1236 ,
2860 1170 3082 1240 inquit,
3152 1173 3366 1226 fratrem
3434 1175 3623 1225 tuum?

2048 1257 2230 1312 vidisti
2289 1259 2566 1312 Dominum
2621 1260 2783 1314 Deum
2819 1269 3000 1327 tuum;
3041 1271 3090 1316 et
3135 1263 3266 1327 hoc,
3311 1263 3519 1328 inquit,
3551 1263 3618 1317 ab

2050 1349 2318 1402 Abraham
2349 1350 2649 1417 accepimus
2680 1349 2834 1416 (Gen.
2864 1351 3018 1421 xvm)
3044 1367 3059 1416 ;
3089 1363 3140 1406 et
3171 1353 3309 1421 quod
3341 1363 3618 1420 oporteat,

2049 1439 2218 1505 inquit
2241 1482 2257 1505 ,
2292 1455 2669 1508 nonnunquam
2697 1455 2890 1510 cogere
2921 1441 3114 1495 fratres
3139 1442 3201 1495 ad
3234 1443 3575 1496 refectionem
3603 1482 3618 1506 ,

2047 1545 2075 1582 a
2107 1530 2206 1583 Lot
2235 1529 2568 1596 accepimus,
2605 1530 2694 1598 qui
2728 1533 2902 1600 coegit
2931 1533 3148 1601 angelos
3183 1531 3345 1601 (Gen.
3373 1534 3485 1603 xix)
3513 1550 3528 1598 ;
3565 1542 3617 1588 et

2047 1621 2188 1689 quod
2236 1628 2482 1687 oportet,
2539 1620 2583 1673 si
2635 1620 2746 1673 fieri
2789 1632 3000 1688 potest,
3051 1622 3339 1676 monachos
3380 1622 3617 1692 quotidie

2047 1712 2442 1764 communicare
2474 1712 2845 1764 sacramentis.
2879 1711 2977 1776 Qui
3011 1713 3149 1764 enim
3181 1728 3238 1766 Se
3265 1712 3332 1764 ab
3371 1713 3447 1765 eis
3492 1726 3617 1779 pro-

2047 1800 2402 1867 culamovet,
2439 1800 2578 1852 Deus
2605 1814 2815 1867 quoque
2847 1800 3028 1868 procul
3057 1802 3123 1853 ab
3154 1816 3218 1855 eo
3255 1802 3473 1855 recedit.
3515 1800 3617 1868 Qui

374 1904 473 1943 nos
499 1888 788 1943 deosculati
838 1899 980 1950 sunt.
1015 1905 1112 1944 nos
1156 1890 1254 1945 sibi
1286 1892 1510 1946 invicem
1553 1894 1900 1949 ostendentes
1925 1936 1941 1954 ,
1975 1899 2023 1958 Β
2050 1901 2225 1942 autem
2273 1891 2371 1942 hoc
2419 1889 2540 1943 facit
2581 1890 2827 1953 assidue,
2871 1891 3083 1944 as:idue
3111 1892 3332 1960 suscipit
3361 1891 3613 1946 Servato~

369 1988 424 2034 et
444 1979 679 2034 dicentes
704 1996 718 2032 :
749 1979 888 2034 Ecce
918 1990 1176 2035 venerunt
1222 1981 1436 2046 fratres,
1465 1983 1531 2036 de
1575 1982 1765 2050 quibus
1791 1994 1942 2050 pater

368 2081 550 2124 noster
573 2071 706 2124 dixit
738 2071 902 2124 tribus
929 2082 1050 2126 ante
1087 2072 1296 2139 diebus,
1328 2072 1553 2127 dicendo
1584 2090 1597 2124 :
1655 2071 1780 2126 Post
1829 2083 1942 2128 tres

369 2167 482 2220 dies
512 2166 725 2219 venient
759 2164 824 2217 ad
871 2179 970 2217 nos
1001 2173 1109 2218 tres
1142 2163 1355 2228 fratres,
1397 2165 1673 2219 venientes
1717 2164 1942 2218 Jeroso-

368 2254 544 2324 Iymis.
579 2257 644 2308 Et
669 2255 756 2307 alii
785 2253 1001 2321 quidem
1033 2267 1129 2305 nos
1158 2252 1512 2316 deducebant,
1551 2253 1641 2307 alii
1682 2270 1810 2308 vero
1843 2269 1940 2308 nos

369 2354 512 2399 retro
561 2343 941 2413 sequebantur,
988 2341 1300 2409 psallentes,
1347 2342 1518 2396 donec
1560 2358 1726 2412 prope
1766 2344 1938 2412 ipsum

368 2438 628 2491 venimus.
657 2433 789 2487 Cum
818 2441 993 2486 autem
1026 2431 1286 2486 audiisset
1337 2441 1488 2501 pater
1517 2435 1710 2502 Apollo
1749 2449 1936 2489 vocem

371 2527 730 2596 psallentium,
765 2524 907 2576 venit
935 2522 1084 2575 nobis
1106 2521 1338 2586 obviam,
1373 2532 1426 2575 ut
1453 2537 1568 2575 mos
1596 2523 1645 2576 ei
1673 2532 1789 2576 erat
1813 2535 1937 2592 erga

374 2631 561 2670 omnes
587 2616 810 2678 fratres;
841 2621 1032 2666 etcum
1063 2627 1159 2666 nos
1188 2610 1438 2678 vidisset,
1470 2612 1710 2668 adoravit
1739 2615 1940 2683 primus

366 2722 426 2760 se
457 2707 508 2760 in
537 2717 674 2758 terra
705 2701 1036 2767 extendens;
1071 2711 1124 2756 ct
1145 2717 1266 2756 cum
1301 2703 1642 2770 surrexisset,
1672 2713 1755 2758 est
1781 2720 1938 2759 oscu-

368 2798 618 2863 latus;et
643 2805 923 2867 postquam
975 2792 1375 2857 introduxisset,
1423 2795 1616 2861 oravit,
1666 2805 1721 2850 et
1773 2798 1938 2866 pedes

369 2899 582 2942 nostros
607 2886 848 2940 manibus
873 2883 998 2939 lavit
1029 2884 1279 2953 propriis,
1308 2894 1362 2939 et
1383 2884 1624 2938 hortatus
1654 2896 1735 2942 est
1763 2889 1828 2944 ad
1854 2905 1938 2944 re-

371 2978 674 3032 fectionem.
705 2975 817 3029 IIoc
839 2965 1011 3029 autem
1041 2973 1272 3030 faciebat
1301 2976 1546 3030 onmibus
1576 2978 1821 3034 fratribus
1846 2980 1936 3049 qui

369 3067 436 3120 ad
459 3067 630 3134 ipsum
654 3066 955 3121 veniebant.
979 3065 1077 3132 Qui
1097 3066 1238 3121 enim
1260 3079 1379 3120 cum
1402 3067 1518 3136 ipso
1543 3079 1693 3122 erant
1716 3068 1932 3136 fratres,

365 3157 672 3212 alimentum
701 3171 806 3230 non
837 3155 984 3226 prius
1009 3157 1362 3225 accipiebant,
1392 3171 1549 3227 quam
1584 3158 1932 3215 Eucharistia:

2049 1994 2184 2031 rem.
2218 1979 2310 2031 Est
2337 1979 2508 2042 enim,
2543 1979 2753 2047 inquit,
2784 1994 2882 2031 vox
2914 1981 3196 2035 salutaris:
3241 1982 3339 2047 Qui
3380 1983 3612 2037 comedit

2044 2086 2257 2125 carnem
2321 2085 2529 2134 meam,
2574 2079 2627 2122 ct
2683 2071 2811 2124 bibit
2875 2089 3048 2125 meum
3103 2075 3446 2142 sanguinem,
3504 2093 3616 2129 ma-

2043 2169 2136 2214 net
2183 2160 2235 2213 in
2279 2177 2386 2226 me,
2419 2172 2472 2216 et
2512 2177 2610 2230 ego
2662 2161 2710 2215 iu
2764 2177 2826 2218 eo
2857 2161 3044 2233 (Joan.
3090 2163 3200 2234 vt).
3255 2166 3366 2220 Iloc
3411 2167 3618 2222 confert

2042 2251 2317 2305 monachis
2344 2252 2588 2305 salutaris
2614 2254 2876 2322 passionis
2899 2258 3459 2312 commemorationem
3484 2273 3615 2312 cou-

2045 2341 2276 2396 tinenter
2307 2341 2642 2402 facientibus,
2672 2343 2906 2412 quotidie
2929 2345 3086 2396 etiam
3116 2360 3175 2398 se
3203 2361 3524 2414 prceparare,
3556 2357 3616 2401 ut

2045 2432 2191 2483 (mini
2229 2441 2467 2500 tempore
2497 2432 2637 2496 digni
2671 2434 2775 2486 sint
2804 2434 2890 2502 qui
2923 2435 3215 2502 suscipiant
3245 2437 3479 2490 caelestia
3523 2451 3613 2490 sa-

2040 2532 2348 2586 cramenta,
2402 2521 2828 2588 quandoquidem
2885 2523 2962 2574 sic
3015 2538 3224 2592 quoque
3269 2526 3613 2594 consequitur

2043 2611 2419 2665 remissionem
2463 2623 2827 2680 peccatorum.
2859 2612 3129 2667 Catholica
3161 2624 3334 2668 autem
3365 2623 3416 2669 et
3445 2630 3608 2687 gene-

2042 2701 2176 2756 ralia
2201 2701 2402 2772 jejunia
2438 2718 2542 2755 non
2575 2703 2697 2755 licet
2726 2703 2937 2757 solvere
2977 2705 3092 2758 sine
3132 2703 3330 2773 ingenti
3375 2706 3614 2760 necessi-

2040 2798 2149 2845 tate
2178 2808 2190 2856 ;
2228 2793 2278 2844 in
2311 2802 2498 2860 quarta
2531 2792 2672 2844 enim
2706 2790 2834 2844 feria
2877 2793 3105 2845 traditur
3134 2793 3407 2862 Servator,
3452 2801 3508 2848 et
3552 2793 3608 2849 in

2038 2895 2326 2952 parasceve
2354 2881 2718 2950 crucifigitur;
2750 2882 2837 2950 qui
2870 2898 2928 2938 ca
2960 2900 3085 2952 ergo
3125 2885 3319 2949 solvit,
3353 2885 3608 2941 Servato-

2040 2987 2152 3026 rem
2189 2988 2290 3024 una
2324 2973 2516 3037 tradit,
2547 2982 2603 3026 et
2634 2988 2734 3026 una
2764 2974 3044 3044 crucifigit.
3077 2976 3178 3029 Sed
3215 2975 3258 3030 si
3298 2979 3362 3031 ad
3395 2994 3489 3033 vos
3517 2995 3612 3036 ve-

2040 3064 2154 3117 niat
2183 3063 2349 3116 frater
2381 3063 2468 3132 qui
2501 3079 2633 3131 opus
2665 3063 2823 3119 habet
2854 3075 2910 3117 ut
2937 3066 3204 3120 reficiatur
3233 3083 3351 3120 cum
3379 3071 3445 3122 sit
3469 3068 3611 3139 jeju-

2037 3153 2182 3206 nium
2207 3196 2220 3215 ,
2253 3152 2353 3220 ipsi
2383 3154 2482 3206 soli
2518 3169 2752 3207 mensam
2782 3156 3036 3224 apponite
3064 3174 3077 3223 ;
3111 3157 3190 3211 sin
3221 3171 3398 3213 autem
3445 3161 3608 3223 nolit.

368 3249 567 3305 Christi
594 3247 1077 3304 communicassent
1105 3265 1116 3300 :
1169 3248 1268 3302 hoc
1306 3260 1481 3302 autem
1509 3248 1774 3304 faciebant
1804 3251 1929 3305 hora
1960 3261 2007 3324 ρ
2039 3259 2104 3297 ne
2137 3244 2372 3310 cogatis,
2407 3243 2667 3298 habemus
2700 3246 2841 3299 enim
2873 3262 3213 3302 communem
3246 3251 3404 3304 tradit
3427 3266 3610 3307 οιεςη,

366 3356 505 3395 nona
533 3340 658 3395 diei.
686 3339 882 3394 Deinde
907 3353 1027 3392 cum
1051 3340 1127 3394 sic
1155 3341 1532 3403 comedissent,
1563 3339 1930 3396 sedebantau-

364 3432 568 3488 dientes
613 3449 734 3488 eum
766 3432 1048 3487 docentem
1097 3431 1275 3485 omnia
1321 3441 1612 3502 praecepta,
1667 3447 1834 3502 usque
1863 3433 1930 3486 ad

361 3526 584 3593 primum
613 3540 882 3579 somnum.
931 3523 1080 3579 Illinc
1129 3524 1216 3577 alii
1263 3524 1475 3593 quidem
1516 3539 1583 3578 ex
1614 3524 1740 3592 ipsis
1783 3539 1934 3582 sece-

360 3614 632 3668 debantin
674 3614 1042 3675 solitudinem,
1158 3609 1467 3682 Scripturas
1569 3625 1678 3670 tota
1776 3622 1933 3668 nocte

361 3705 669 3758 memoriter
712 3693 1122 3772 expromentes;
1172 3705 1256 3757 alii
1308 3719 1432 3758 vero
1479 3705 1588 3758 illic
1617 3720 1930 3774 persevcra-

362 3792 527 3862 bant,
570 3794 800 3848 assiduis
844 3795 1054 3862 hymnis
1104 3795 1270 3848 Deum
1325 3793 1622 3862 laudantes,
1677 3795 1742 3849 ad
1790 3797 1930 3851 diem

363 3900 529 3955 usque
564 3902 578 3939 :
610 3900 744 3954 quos
772 3900 871 3955 ego
905 3884 1009 3938 vidi
1046 3884 1128 3938 his
1151 3885 1340 3950 oculis,
1371 3900 1491 3938 cum
1524 3900 1746 3954 vespere
1775 3887 1933 3958 bym-

367 3991 462 4030 nos
489 3977 799 4044 cmpissent,
834 3991 1002 4045 usque
1047 3975 1111 4029 ad
1142 3976 1458 4030 matutinum
1501 3991 1606 4030 non
1637 3991 1878 4032 cessasse
1903 3993 1934 4032 a

363 4077 545 4123 cantu.
579 4067 726 4122 Multi
757 4077 903 4122 certe
933 4083 996 4120 cx
1031 4067 1092 4120 iis
1117 4065 1244 4120 hora
1276 4081 1414 4119 nona
1445 4067 1614 4121 solum
1645 4067 1936 4124 descende-

364 4163 488 4211 bant
517 4159 584 4212 de
604 4169 806 4222 monte,
834 4168 887 4210 et
911 4155 1294 4209 Eucharistiam
1317 4167 1608 4224 sumentes,
1638 4173 1821 4211 rursus
1839 4157 1933 4211 ad-

363 4253 711 4312 scendebant,
744 4250 982 4304 contenti
1005 4248 1228 4319 spiritali
1277 4251 1599 4303 nutrimento
1649 4264 1817 4316 usque
1865 4250 1932 4304 ad

358 4343 517 4397 aliam
574 4359 788 4398 nonam.
843 4344 955 4397 IIoc
1009 4355 1184 4398 autem
1230 4344 1381 4398 multi
1431 4359 1494 4396 ex
1554 4343 1617 4397 iis
1669 4340 1936 4397 faciebant

358 4436 556 4490 multos
585 4434 721 4490 dies.
773 4433 992 4488 Licebat
1021 4443 1194 4489 autem
1235 4449 1328 4489 eos
1381 4435 1561 4489 videre
1604 4435 1935 4490 exsultantes

360 4529 413 4579 in
444 4526 751 4590 solitudine,
783 4529 916 4580 adeo
940 4535 996 4579 ut
1018 4528 1213 4579 nullam
1245 4526 1504 4595 ejusmodi
1537 4527 1694 4579 aliam
1725 4527 1931 4580 exulta-

2040 3331 2259 3385 Ilultum
2291 3343 2467 3386 autem
2502 3334 2930 3401 reprehendebat
2959 3351 3050 3391 eos
3080 3338 3166 3404 qui
3200 3337 3395 3394 ferrttm
3437 3349 3613 3411 gesta-

2037 3423 2200 3488 bant,
2243 3433 2296 3478 et
2340 3439 2546 3479 comam
2592 3427 2920 3481 nutriebant.
2971 3428 3032 3482 Ili
3078 3431 3256 3498 enim,
3301 3431 3503 3501 inquit,
3553 3448 3614 3489 se

2035 3523 2315 3569 ostentant
2340 3525 2395 3569 et
2422 3526 2665 3584 qumrunt
2696 3518 2904 3586 placere
2936 3519 3273 3587 hominibus,
3303 3537 3424 3577 cum
3454 3539 3614 3595 Opor-

2038 3617 2148 3663 teat
2191 3609 2334 3676 ipsos
2375 3609 2552 3676 potius
2594 3623 2789 3676 corpus
2832 3609 3043 3664 solvere
3080 3609 3335 3680 jejuniis,
3375 3621 3431 3667 et
3467 3615 3610 3682 quod

2038 3701 2237 3756 bonum
2282 3709 2365 3755 est
2407 3701 2582 3754 facere
2623 3704 2674 3754 in
2707 3701 2955 3766 occulto;
2990 3703 3022 3754 ii
3058 3717 3184 3756 vero
3237 3718 3342 3756 non
3371 3705 3481 3770 sic,
3513 3704 3606 3758 sed

2038 3807 2098 3846 se
2132 3793 2410 3860 propalant
2441 3793 2709 3846 omnibus.
2745 3792 2809 3845 Et
2837 3791 2963 3860 qttid
2997 3807 3131 3860 opus
3171 3793 3441 3860 pluribus?
3485 3795 3612 3848 0m-

2042 3885 2123 3936 n’s
2151 3883 2291 3936 cnim
2323 3883 2441 3952 ejus
2468 3883 2708 3936 doctrina
2737 3892 2818 3935 est
2845 3882 2958 3948 ejus
2987 3883 3106 3935 vitzc
3133 3881 3375 3935 instituto
3401 3884 3610 3950 similis,

2037 3986 2194 4042 quam
2228 3986 2326 4024 nec
2355 3971 2472 4040 quis
2500 3972 2731 4024 scribere
2761 3971 2991 4040 potuerit
3021 3986 3119 4024 nec
3150 3970 3348 4025 dicere.
3378 3972 3610 4028 Plurima

2039 4078 2168 4131 ergo
2199 4062 2481 4116 nobiscum
2515 4077 2757 4116 seorsum
2781 4101 2796 4126 ,
2829 4071 2936 4115 tota
2970 4076 3112 4129 smpe
3143 4062 3468 4116 hebdomada
3497 4064 3613 4117 dis-

2042 4151 2305 4216 serendo,
2359 4152 2573 4204 tandem
2627 4150 2903 4205 dimittens
2954 4153 3124 4204 dixit:
3173 4152 3373 4206 Ilaliete
3421 4168 3606 4220 pacem

2042 4243 2185 4297 inter
2210 4256 2336 4304 vos,
2368 4257 2538 4309 neque
2567 4241 2889 4308 separemiui
2921 4242 2971 4295 in
3006 4242 3107 4295 via.

2112 4330 2245 4384 Cum
2280 4343 2458 4384 autem
2492 4330 2718 4384 dixisset
2749 4331 2816 4384 iis
2844 4333 2932 4399 qui
2965 4345 3081 4384 cum
3117 4332 3231 4400 ipso
3258 4343 3409 4385 crant
3439 4333 3614 4388 fratri-

2040 4422 2138 4476 bus
2160 4463 2174 4486 ,
2205 4423 2449 4492 quisnam
2484 4439 2546 4476 ex
2582 4423 2708 4492 ipsis
2735 4424 2898 4476 vellet
2941 4440 3036 4476 nos
3068 4423 3330 4479 deducere
3373 4423 3439 4477 ad
3486 4425 3612 4478 visi-

2044 4515 2234 4566 tandos
2284 4514 2418 4566 alios
2467 4514 2691 4578 Patres,
2741 4524 2956 4568 sanrtus
3009 4515 3224 4583 Apollo,
3275 4516 3442 4570 tribus
3487 4514 3614 4570 viris

362 4617 560 4669 tionem
598 4616 650 4668 in
682 4625 818 4669 terra
845 4615 1028 4669 videre
1068 4615 1248 4680 liceat,
1281 4631 1378 4670 nec
1409 4615 1645 4669 laztitiam
1677 4609 1932 4685 corpora-

2044 4603 2266 4656 delectis
2295 4603 2382 4671 qui
2415 4603 2653 4656 valerent
2699 4615 2751 4657 et
2792 4618 3040 4659 sermone
3081 4615 3133 4658 et
3177 4607 3295 4658 vitm
3333 4606 3611 4672 instituto,

362 4706 490 4761 lem.
521 4705 701 4773 Neque
745 4705 885 4759 enim
921 4715 1037 4759 erat
1069 4706 1206 4758 inter
1235 4720 1326 4758 eos
1367 4704 1555 4774 aliquis
1593 4718 1814 4760 muastus
1843 4716 1936 4761 aut

359 4801 564 4866 tristis;
598 4799 689 4852 sed
721 4800 763 4852 si
795 4799 913 4865 quis
938 4798 1216 4852 videbatur
1243 4814 1352 4868 pra:
1388 4813 1445 4852 se
1476 4798 1612 4851 ferre
1643 4799 1932 4866 tristitiam,

359 4891 539 4943 statim
571 4897 724 4958 pater
771 4888 959 4954 Apollo
1004 4903 1066 4942 ex
1113 4903 1177 4940 eo
1208 4887 1426 4956 regebat
1466 4902 1701 4953 causam,
1734 4899 1788 4943 et
1815 4905 1934 4958 qua:

359 4981 587 5034 erantin
640 4979 849 5033 occulte
887 4978 1297 5048 uniuanjusque
1334 4978 1537 5044 cordis,
1573 4981 1930 5035 renuntiabat.

363 5069 581 5124 Dicebat
608 5080 782 5122 autem
809 5088 822 5120 :
855 5068 970 5122 Non
993 5077 1204 5137 oportet
1232 5083 1351 5122 esse
1386 5070 1563 5123 tristes
1593 5079 1808 5137 promer
1838 5086 1925 5124 sa-

357 5159 544 5225 lutem,
576 5175 695 5214 cum
746 5158 904 5212 futuri
952 5157 1117 5212 simus
1164 5159 1404 5213 haeredes
1451 5160 1597 5229 regni
1651 5162 1930 5214 rariorum.

357 5247 562 5302 Tristes
590 5259 784 5310 autem,
819 5248 1009 5318 inquit,
1052 5257 1207 5301 erunt
1235 5249 1477 5317 gentiles,
1510 5250 1709 5304 flebunt
1738 5251 1927 5316 Judaei,

356 5336 612 5402 lugebunt
643 5346 980 5406 peccatores;
1003 5335 1128 5405 justi
1175 5346 1350 5391 autem
1383 5339 1730 5392 Ia‘tabuntnr:
1762 5349 1816 5394 et
1841 5341 1931 5409 qui

361 5433 575 5478 terrena
605 5426 816 5494 quidem
867 5427 1045 5480 animo
1091 5427 1310 5495 agitant,
1369 5428 1615 5482 laetantur
1659 5431 1711 5484 in
1770 5431 1928 5484 rebus

367 5516 626 5581 terrenis;
654 5532 748 5571 nos
776 5530 950 5574 autem
980 5520 1068 5588 qui
1102 5528 1243 5573 tanta
1285 5534 1379 5588 spe
1408 5521 1550 5588 digni
1579 5537 1762 5576 sumus
1792 5523 1938 5582 habi-

360 5607 421 5671 ti,
451 5607 717 5675 quumodo
749 5624 851 5660 non
877 5611 922 5662 la
943 5620 1116 5665 tamur
1140 5612 1439 5678 perpetuo?
1467 5626 1586 5665 cum
1621 5613 1771 5666 nobis
1795 5615 1937 5679 Apo-

356 5700 524 5752 stolas
551 5698 792 5761 suadeat,
841 5711 895 5752 ut
925 5716 1142 5770 semper
1188 5703 1452 5768 laetemur,
1503 5703 1637 5757 etin
1686 5703 1934 5756 omnibus

356 5789 553 5860 gratias
581 5803 797 5859 agamus
821 5789 873 5856 (I
906 5789 1078 5846 Thess.
1114 5793 1192 5848 vi.
1237 5794 1365 5859 Quis
1393 5801 1567 5848 autem
1600 5792 1794 5849 dixerit
1819 5792 1936 5862 ejus

2041 4703 2298 4762 erantque
2327 4695 2482 4762 periti
2517 4695 2703 4762 lingua:
2735 4694 2932 4748 Graeca:
2967 4705 3020 4750 et
3050 4694 3302 4750 Romanuc
3329 4705 3382 4749 ct
3411 4696 3614 4767 Egyp-

2038 4783 2226 4851 tiacm,
2281 4801 2404 4838 cum
2455 4785 2531 4838 eis
2581 4801 2677 4839 nos
2724 4787 2994 4840 dimittens
3025 4829 3038 4852 ,
3083 4787 3240 4855 jusgit
3283 4791 3361 4840 eis
3403 4804 3470 4842 ne
3515 4804 3612 4843 nos

2038 4877 2184 4945 prius
2239 4876 2608 4944 relinquerent
2657 4891 2813 4945 quam
2860 4878 3187 4932 satisfactum
3235 4892 3376 4934 esset
3425 4891 3612 4936 no~tro

2036 4971 2386 5024 videndorum
2431 4969 2647 5023 Patrum
2690 4970 2995 5024 desiderio:
3039 4987 3172 5040 quos
3209 4973 3252 5026 si
3293 4973 3412 5042 quis
3449 4975 3612 5030 vellet

2037 5077 2224 5116 omnes
2251 5062 2454 5128 videre,
2484 5061 2548 5114 ad
2579 5074 2672 5115 eos
2699 5062 3034 5130 aspiciendos
3059 5071 3162 5115 tota
3194 5063 3295 5116 vita
3325 5079 3429 5117 non
3457 5064 3610 5118 suffi-

2033 5160 2197 5207 ceret.
2228 5153 2359 5204 Cum
2394 5151 2547 5204 nobis
2585 5165 2711 5218 ergo
2741 5152 3133 5217 benedixisset,
3168 5155 3498 5218 amandavit,
3527 5155 3612 5209 di-

2032 5255 2190 5296 cens:
2219 5239 2499 5293 llenedicat
2522 5255 2616 5292 vos
2645 5239 2896 5294 Dominus
2910 5258 2971 5294 ex
2998 5240 3346 5308 Sion,etvide
3365 5245 3448 5297 .tis
3470 5245 3606 5298 bona

2031 5333 2324 5390 Jerusalem
2354 5332 2600 5388 omnibus
2625 5332 2808 5385 diebus
2829 5333 2951 5388 vitae
2982 5333 3356 5406 vestrte(PsaI.
3379 5335 3609 5408 cum).

2109 5425 2271 5481 Nobis
2311 5433 2484 5478 autem
2535 5426 2930 5480 ambulantibus
2972 5427 3192 5481 meridie
3233 5442 3328 5495 per
3365 5428 3610 5482 solitudi-

2040 5533 2196 5581 nem,
2244 5516 2487 5570 videmus
2536 5523 2760 5569 tractum
2809 5519 2982 5585 magni
3029 5517 3312 5584 draconis,
3359 5517 3449 5587 qui
3496 5527 3612 5573 tan-

2035 5625 2193 5679 quam
2225 5609 2402 5663 trabes
2429 5620 2543 5662 erat
2573 5617 2873 5677 protractus
2899 5625 2993 5677 per
3016 5623 3233 5663 arenam
3264 5627 3277 5664 :
3304 5625 3460 5679 quem
3483 5625 3606 5665 cum

2036 5697 2353 5756 vidisscinus
2378 5741 2390 5764 ,
2433 5713 2530 5753 nos
2570 5715 2789 5768 magnus
2834 5699 2992 5753 timor
3031 5700 3240 5753 invasit.
3285 5700 3384 5767 Qui
3423 5710 3606 5757 autent

2039 5808 2134 5848 nos
2176 5793 2440 5848 ducebant
2482 5793 2709 5860 fratres,
2756 5789 2949 5846 hortati
2993 5799 3119 5845 sunt
3158 5801 3223 5846 ne
3265 5792 3609 5856 timeremus.
