4028 6440
440 394 569 448 “Si

1908 401 2225 462 PALLADU

3564 410 3705 467 1152

462 534 554 587 sed
593 550 832 590 essemus
870 534 1010 589 bono
1049 548 1257 601 animo,
1298 543 1351 590 et
1392 547 1739 603 sequeremur
1777 533 2025 587 draconis
2054 533 2359 599 Adimisit,
2408 545 2462 591 ul
2508 542 2595 609 qui
2642 544 2718 595 eis
2764 545 2975 597 tristitia
3020 544 3217 603 affectis
3246 540 3387 605 'nihil
3422 557 3679 623 prodesse

463 628 743 695 vestigium
774 644 787 679 :
819 625 1080 680 Videbitis
1107 627 1245 679 enim
1280 626 1435 680 fidem
1468 634 1700 678 nostram
1723 666 1736 688 ,
1768 639 1887 677 cum
1926 624 2025 691 ipsi

461 718 630 774 simus
670 734 789 772 eum
831 735 990 773 manu
1033 730 1208 771 nostra
1253 719 1571 787 superaturi.
1618 719 1808 772 Multos
1849 717 2018 783 enim,

472 809 749 877 inquiunt,
790 818 843 860 ct
882 808 1138 861 dracones
1180 816 1233 862 et
1272 818 1506 862 cerastas
1549 824 1705 861 manu
1748 806 2021 861 interfeci-

469 914 588 952 mus
609 938 626 964 ,
662 899 797 951 sicut
826 899 1075 966 scriptum
1107 907 1209 951 est.
1240 897 1293 951 lu
1322 899 1400 952 eis
1428 899 1567 951 enim
1613 897 1929 965 implebatur
1959 895 1993 950 il

464 991 602 1044 iud:
645 988 775 1043 Dedi
820 990 966 1043 vobis
1008 999 1319 1057 potestatem
1363 990 1662 1043 ambulandi
1707 1004 1869 1056 super
1903 1002 2020 1042 ser-

462 1092 649 1149 pentes
690 1091 741 1134 et
782 1082 1121 1149 scorpiones,
1166 1090 1219 1135 et
1260 1096 1419 1149 super
1448 1097 1659 1135 omnem
1703 1089 2018 1151 potestatem

461 1172 658 1225 mimici
691 1170 886 1241 (Luca:
921 1187 949 1224 x
976 1171 1015 1241 ).
1047 1171 1151 1224 Nos
1181 1182 1355 1224 autem
1398 1171 1483 1238 qui
1518 1170 1817 1224 ferebamur
1848 1172 2022 1227 incre-

457 1261 711 1325 dulitate,
753 1274 803 1316 et
861 1263 948 1330 qui
994 1263 1176 1327 majori
1219 1277 1430 1314 eramus
1472 1261 1645 1315 affecti
1694 1261 2015 1326 formidine,

459 1349 770 1416 rogabamus
800 1365 893 1404 eos
926 1367 989 1403 ne
1021 1353 1216 1404 iremus
1247 1366 1339 1419 per
1371 1352 1583 1421 vestigia
1614 1351 1857 1405 draconis
1877 1398 1889 1418 ,
1921 1353 2015 1407 sed

456 1448 596 1492 recta
629 1440 731 1492 via.
765 1438 912 1493 Unus
941 1452 1114 1493 autem
1148 1440 1309 1494 frater
1337 1456 1401 1494 cx
1445 1442 1573 1508 ipsis
1595 1482 1608 1503 ,
1639 1456 1824 1509 magna
1853 1442 2012 1494 animi

452 1529 753 1594 alacritate,
787 1545 905 1584 cum
941 1546 1037 1584 nos
1067 1547 1130 1585 co
1162 1532 1211 1583 in
1245 1531 1363 1584 loco
1392 1531 1709 1594 dimisisset,
1748 1531 2012 1599 profectus

449 1629 531 1672 est
559 1620 609 1674 in
637 1619 973 1675 solitudinem
1004 1636 1247 1690 qnmrens
1291 1621 1544 1676 belluam.
1580 1621 1747 1687 Quam
1779 1635 1897 1674 cum
1927 1622 2008 1673 in-

452 1711 726 1776 venisset,
760 1728 863 1766 nun
896 1714 1079 1781 procul
1112 1715 1179 1767 ab
1210 1722 1395 1777 antro,
1440 1728 1627 1782 magna
1667 1728 1797 1767 voce
1837 1714 2010 1767 cvi-la-

450 1802 628 1855 mabat
652 1802 934 1856 draconem
963 1818 1080 1857 esse
1108 1804 1160 1857 in
1190 1805 1443 1871 spelunca
1475 1821 1489 1868 ;
1518 1813 1570 1857 ct
1594 1803 1815 1856 vocabat
1843 1805 2027 1872 ipsos,‘

2128 635 2322 692 posset.
2357 628 2507 683 Mane
2546 642 2719 686 autem
2762 650 3016 703 surgens,
3058 640 3203 691 venit
3244 641 3294 694 in
3334 661 3453 698 eum
3498 650 3676 705 locum

2124 728 2229 782 quo
2279 719 2561 771 transitura
2605 731 2724 775 erat
2775 723 3001 778 bellua:
3049 739 3321 798 postquam
3371 743 3548 789 autem
3597 751 3679 792 ter

2124 804 2266 859 flexit
2299 823 2467 877 genua
2499 811 2563 864 ad
2601 814 2931 881 orationem,
2978 818 3029 872 in
3073 820 3243 889 ipsum
3285 826 3530 881 veniebat
3569 828 3676 886 bal-

2123 894 2241 961 lna,
2277 914 2468 969 magno
2499 915 2617 955 cum
2656 905 2882 960 stridore
2920 922 3132 976 gravem
3175 914 3425 969 emittens
3465 919 3677 973 anheli-

2122 992 2263 1047 tum,
2307 994 2360 1040 et
2401 989 2755 1045 intumescens
2796 1008 2858 1048 ac
2888 995 3141 1059 sibilans,
3184 1012 3477 1072 tetrumque
3514 1006 3680 1061 edens

2125 1074 2387 1142 spiritum.
2425 1078 2471 1131 Is
2502 1090 2677 1133 autem
2711 1082 2837 1135 nihil
2867 1086 3114 1149 territus,
3141 1088 3205 1141 ad
3235 1090 3512 1146 draconem
3542 1108 3677 1149 cou-

2125 1176 2341 1226 versns,
2373 1166 2549 1219 dixit:
2585 1168 2773 1224 Vincet
2813 1182 2864 1226 te
2901 1172 3052 1229 Jcsus
3091 1174 3357 1245 Christus,
3385 1180 3543 1235 Filius
3584 1184 3675 1237 Dei

2129 1253 2269 1318 vivi,
2316 1257 2401 1318 qui
2446 1266 2527 1311 est
2572 1274 2815 1329 magnum
2858 1274 3031 1317 cetum
3074 1268 3327 1323 victurus.
3370 1270 3525 1341 quue
3554 1290 3677 1329 cum

2127 1342 2381 1411 dixisset,
2418 1349 2655 1411 protinus
2683 1351 2952 1421 disruptus
2984 1364 3063 1408 est
3091 1356 3281 1425 draco,
3313 1375 3405 1427 per
3433 1378 3489 1414 os
3514 1377 3676 1419 omne

2116 1431 2261 1485 virus
2290 1448 2543 1490 evomens
2575 1454 2691 1491 rum
2723 1443 2997 1510 sanguine.
3040 1444 3168 1497 Cum
3210 1458 3381 1501 autem
3407 1451 3675 1507 venissent

2122 1524 2304 1576 rustici
2349 1527 2634 1592 postridie,
2678 1539 2728 1583 et
2771 1531 2894 1585 illud
2941 1549 3186 1601 maguum
3228 1537 3480 1592 vidissent
3507 1542 3667 1595 mira-

2120 1612 2335 1678 culum,
2385 1626 2439 1670 et
2482 1634 2586 1673 nun
2640 1620 2839 1675 ferrent
2881 1625 3157 1689 Spiritum,
3205 1628 3255 1681 in
3302 1631 3494 1685 animal
3539 1634 3672 1688 mul—

2114 1708 2222 1755 tam
2250 1718 2459 1759 arenam
2487 1723 2682 1777 eonges
2714 1723 2888 1778 erunt,
2924 1714 3078 1769 Patre
3113 1716 3215 1772 illic
3243 1718 3319 1773 eis
3352 1729 3575 1787 astante,
3605 1722 3672 1778 ad

2110 1794 2549 1851 draconemeuim
2567 1799 2965 1856 licetmortuum
2989 1818 3090 1858 non
3119 1807 3667 1867 audebantaccedere.

447 1900 504 1944 ut
533 1892 597 1945 ad
626 1907 683 1946 se
724 1895 967 1946 venirent
1008 1894 1173 1947 visuri
1212 1894 1335 1961 quid
1381 1903 1519 1946 esset
1558 1906 1912 1955 eventurum;
1956 1904 1998 1948 et

2183 1882 2320 1938 Puer
2343 1894 2517 1940 autem
2541 1928 2557 1954 ,
2586 1888 2790 1956 inquit,
2823 1907 3046 1960 pascens
3072 1909 3189 1949 cum
3219 1900 3671 1966 repentevidisset

445 1981 779 2035 hortantibus
829 1997 926 2035 nos
965 1982 1080 2035 aliis
1122 1981 1369 2035 fratribus
1410 1997 1475 2036 ne
1513 1984 1848 2049 timeremus,
1890 1999 2009 2037 cum

442 2087 636 2141 magno
674 2085 817 2125 metu
860 2072 1086 2124 abiimus
1128 2071 1292 2125 visuri
1335 2072 1586 2126 belluam.
1627 2072 1791 2127 Nobis
1830 2084 2007 2127 autem

442 2169 663 2229 repente
713 2173 1005 2213 occurrens
1056 2158 1219 2210 frater
1250 2175 1432 2223 unus,
1500 2175 1663 2214 manu
1727 2176 1829 2215 nos
1895 2169 2006 2216 tra-

448 2250 526 2305 xit
596 2251 651 2304 in
720 2263 870 2303 suum
903 2250 1324 2309 monasterium,
1367 2250 1548 2303 dicens
1590 2265 1687 2303 nos
1718 2267 1819 2302 no
1855 2265 2007 2318 posse

441 2336 580 2393 ferre
609 2339 862 2406 impetum
894 2339 1123 2404 bellum,
1157 2350 1204 2395 et
1239 2341 1469 2394 maxime
1500 2341 1635 2406 quod
1667 2341 1896 2394 nondum
1927 2344 2007 2393 vi-

440 2427 699 2482 dissemus
732 2431 887 2484 ta'em
909 2470 923 2495 ,
953 2444 1012 2484 se
1038 2444 1164 2485 vero
1191 2444 1333 2498 saepe
1355 2430 1551 2485 vidisse
1580 2432 1744 2500 ipsam
1778 2433 2003 2486 belluam

441 2528 561 2587 tam,
584 2530 745 2573 vasta-
764 2520 1160 2588 magnitudine,
1196 2531 1250 2575 ut
1278 2536 1394 2590 qua:
1423 2522 1489 2575 sit
1523 2523 1637 2590 plus
1666 2538 1819 2591 quam
1851 2523 2005 2591 quin—

438 2610 609 2663 decim
638 2611 959 2667 ciihitorum.
991 2612 1119 2666 Cum
1148 2627 1248 2665 nos
1274 2627 1400 2680 ergo
1426 2613 1675 2679 jussisset
1703 2627 1917 2665 manere
1950 2612 2001 2675 in

438 2699 586 2764 loco,
618 2701 744 2755 abiit
791 2701 855 2755 ad
891 2702 1108 2757 fratrem
1130 2744 1144 2767 ,
1178 2703 1361 2757 dicens
1392 2704 1439 2756 tl
1472 2715 1528 2756 ut
1559 2705 1830 2757 recederet
1860 2719 1885 2754 a
1917 2721 2005 2757 ca-

437 2805 638 2857 verna;
685 2793 978 2846 conabatur
1024 2793 1165 2847 enim
1210 2794 1299 2847 ille
1340 2809 1369 2846 a
1416 2795 1531 2847 Iuro
1576 2811 1680 2847 non
1720 2794 1995 2860 recedere,

441 2883 755 2951 priusquam
784 2883 1143 2939 interfecissrt
1172 2884 1480 2939 draconem.
1508 2887 1605 2939 Cui
1638 2901 1756 2939 cum
1789 2900 1992 2952 persua-

435 2971 633 3036 sisset,
666 2989 784 3025 eum
817 2975 963 3027 ducit
989 2976 1053 3027 ad
1085 2990 1184 3029 nos
1216 2978 1573 3044 increpantem
1614 2976 1873 3029 modicam
1903 2993 1995 3030 no-

434 3070 600 3115 stram
630 3063 805 3116 fidem.
835 3065 1181 3130 Quiescentes
1207 3076 1379 3119 autem
1403 3067 1541 3135 apud
1572 3066 1715 3119 illum
1746 3066 1993 3133 fratrem,

433 3150 523 3216 qui
553 3152 765 3205 circiter
796 3169 956 3206 unum
986 3156 1211 3208 milliare
1239 3164 1498 3210 remotum
1544 3156 1773 3212 habebat
1813 3172 1988 3213 mona-

430 3239 648 3293 sterium
670 3279 685 3303 ,
714 3242 844 3295 satis
874 3244 1056 3299 refecti
1086 3258 1290 3301 sumus.

1018 3333 1243 3389 CAPUT
1284 3335 1411 3390 LIII.

927 3422 1045 3478 Vita
1084 3427 1276 3481 abbatis
1315 3431 1498 3483 Anum.

502 3505 597 3565 lite
622 3519 795 3567 autem
825 3514 975 3568 nobis
1003 3517 1284 3583 narrabat,
1315 3519 1367 3572 in
1398 3520 1487 3574 illo
1520 3521 1637 3576 Ioco
1664 3523 1715 3578 in
1746 3539 1852 3594 quo
1882 3525 1998 3596 ipse

430 3602 680 3667 sedebat,
725 3602 887 3660 fuisse
936 3607 1103 3660 virum
1144 3618 1383 3662 sanetum
1406 3650 1421 3676 ,
1463 3612 1615 3680 cujus
1647 3615 1760 3683 ipse
1792 3617 1888 3671 fuit
1918 3619 1999 3671 di-

436 3691 703 3760 scipulus,
734 3696 948 3749 nomine
976 3697 1149 3752 Amun
1182 3699 1198 3766 {
1228 3700 1369 3767 lia/7‘.
1393 3740 1407 3765 ,
1440 3702 1476 3756 Ι.
1510 3717 1548 3756 II
1570 3745 1583 3766 ,
1613 3720 1724 3774 cap.
1760 3706 1822 3776 8,
1855 3721 1996 3763 vocat

430 3782 778 3854 Ammonem),
798 3787 887 3856 qui
904 3789 953 3841 in
971 3790 1058 3842 illo
1077 3789 1195 3843 loco
1210 3792 1463 3859 plurimas
1490 3794 1611 3850 fecit
1641 3799 1859 3854 virtutes
1884 3817 1898 3867 ;
1931 3803 1994 3857 ad

431 3889 587 3941 quem
620 3892 762 3944 saepe
804 3877 1038 3934 latrones
1063 3883 1338 3937 venientes
1359 3925 1372 3945 ,
1406 3886 1732 3954 accipiebant
1759 3890 1874 3960 ejus
1905 3908 1997 3961 pa-

431 3980 550 4018 nem
581 3976 632 4020 et
673 3968 945 4025 alimenta.
993 3971 1116 4026 Haec
1154 3989 1281 4041 ergo
1321 3990 1461 4044 a'gre
1493 3978 1698 4044 ferens,
1727 3999 1845 4037 cum
1888 4000 1995 4039 uno

426 4046 510 4107 die
554 4070 798 4125 egressus
841 4068 985 4115 esset
1030 4063 1079 4114 in
1126 4064 1503 4133 solitudinem,
1550 4070 1772 4127 adduxit
1815 4090 1991 4129 secum

426 4146 560 4198 duos
599 4161 817 4215 magnos
855 4148 1145 4217 dracones,
1188 4164 1241 4207 et
1273 4155 1432 4222 jussit
1471 4160 1549 4213 eis
1590 4169 1645 4214 ut
1690 4164 1741 4216 in
1783 4178 1847 4217 eo
1877 4166 1995 4220 loco

425 4248 708 4290 manerent
729 4279 743 4301 ,
775 4248 825 4291 et
859 4249 1062 4308 portam
1092 4245 1438 4301 custodirent.
1486 4248 1777 4307 Homicida:
1815 4266 1989 4310 autem

421 4341 543 4379 cmn
577 4342 673 4393 pro
713 4343 859 4382 more
905 4333 1206 4399 venissent,
1245 4345 1295 4389 et
1338 4337 1596 4395 vidissent
1641 4345 1986 4416 miraculum,

426 4429 537 4482 pra:
567 4424 782 4483 stupore
816 4419 1021 4473 hiantes
1051 4423 1358 4479 ceciderunt
1399 4426 1451 4483 in
1488 4428 1699 4486 faciem.
1732 4433 1991 4504 Egressus

421 4512 599 4558 autem
632 4504 834 4560 invenit
861 4523 953 4561 eus
985 4520 1191 4575 mutos,
1235 4522 1287 4568 et
1335 4514 1445 4572 fere
1484 4521 1902 4588 semimortuus;
1936 4535 1990 4580 et

2112 1974 2287 2030 adhuc
2336 1978 2513 2031 vivum
2560 1980 2888 2046 draconem,
2935 1988 3111 2039 statim
3154 1998 3326 2041 emota
3358 2001 3529 2045 mente
3574 1990 3669 2046 fuit

2110 2066 2483 2135 exanimatus;
2510 2069 2679 2138 jacuit
2713 2072 2889 2141 itaque
2920 2090 3048 2143 puer
3076 2077 3200 2130 nihil
3232 2078 3439 2146 spirans
3470 2082 3519 2134 in
3551 2080 3669 2136 loco

2111 2162 2219 2207 tota
2250 2156 2335 2210 die
2365 2159 2415 2211 in
2446 2161 2750 2217 solitudine.
2783 2165 2913 2218 Cum
2944 2182 3063 2221 eum
3101 2178 3276 2223 autem
3318 2172 3399 2224 sui
3444 2187 3666 2241 vespere

2110 2243 2438 2302 invenissent
2488 2264 2673 2318 parum
2727 2257 3051 2324 spirantem,
3098 2268 3262 2314 totum
3317 2261 3550 2317 inflatum
3602 2280 3668 2320 cx

2108 2339 2339 2403 ecstasi,
2392 2339 2663 2398 deducunt
2712 2348 2778 2399 ad
2830 2357 3069 2416 patrem,
3117 2352 3417 2420 ignorantes
3457 2368 3667 2409 causam

2109 2425 2227 2492 ejus
2263 2429 2402 2495 quod
2437 2432 2728 2488 acciderat.
2760 2436 2892 2490 Cum
2923 2438 2968 2491 is
2997 2450 3170 2495 autem
3198 2454 3433 2508 orasset,
3465 2454 3515 2497 et
3545 2460 3666 2498 eum

2108 2523 2347 2575 tinxisset
2373 2522 2523 2589 oleo,
2555 2528 2785 2582 surrexit
2815 2545 2945 2598 puer
2973 2532 3273 2587 narransid
3316 2535 3458 2603 quod
3502 2535 3666 2591 fuerat

2104 2607 2522 2677 deprehensum.
2556 2614 2668 2680 Qua
2699 2632 2757 2671 re
2787 2620 2869 2671 vir
2900 2622 3129 2673 maxime
3165 2633 3369 2689 motus,
3398 2623 3464 2678 ad
3494 2622 3665 2678 interi-

2107 2701 2361 2755 mendum
2394 2703 2679 2760 draconem
2713 2715 2795 2761 cst
2823 2722 3137 2766 conversus.

2692 2794 2918 2853 CAPUT
2957 2800 3089 2854 LIV.

2348 2883 2469 2939 Vita
2506 2886 2701 2941 abbatis
2740 2888 2905 2957 Copre
2945 2890 3093 2961 (102)
3133 2894 3425 2963 presbyteri.

2179 2973 2306 3028 Erat
2332 2986 2507 3030 autem
2543 2978 2656 3032 illic
2692 2979 2903 3049 quidam
2937 2988 3227 3052 presbyter,
3273 2988 3358 3055 qui
3402 2990 3662 3043 monaSte-

2104 3062 2240 3117 rium
2281 3080 2447 3133 prepe
2489 3068 2717 3123 habebat
2764 3071 2815 3124 in
2855 3072 3171 3139 solitudine,
3212 3076 3409 3143 Copres
3451 3079 3667 3132 nomine

2104 3152 2311 3224 (Balli,
2345 3158 2434 3211 lib.
2468 3176 2537 3223 ll,
2569 3176 2682 3229 cap.
2712 3163 2781 3230 9)
2813 3180 2827 3214 :
2860 3164 2941 3218 vir
2969 3176 3217 3231 sanctus,
3246 3183 3405 3238 prope
3433 3187 3663 3241 nonage«

2021 3252 2068 3314 ο
2101 3248 2311 3316 narius,
2344 3252 2662 3319 praepositus
2709 3254 2932 3309 fratrum
2974 3258 3382 3331 quinquaginta,
3420 3266 3507 3332 qui
3545 3267 3662 3333 ipse

2105 3351 2317 3406 quoque
2348 3340 2526 3407 plures
2555 3342 2781 3397 faciebat
2810 3346 3063 3416 virtutes,
3100 3351 3300 3406 morbis
3330 3353 3569 3420 medens,
3601 3360 3658 3409 et

2099 3429 2295 3484 multas
2325 3432 2526 3486 faciens
2566 3437 2901 3504 curationes,
2952 3448 3006 3493 et
3048 3440 3319 3497 daemones
3360 3443 3640 3512 expellens,

2103 3530 2154 3576 et
2185 3538 2270 3576 res
2299 3526 2499 3578 multas
2526 3525 2770 3580 efficiens
2790 3567 2805 3594 ,
2837 3538 2995 3599 atque
3026 3532 3156 3588 adeo
3192 3536 3428 3603 quasdam
3461 3535 3512 3590 in
3542 3549 3632 3588 no-

2098 3612 2228 3666 stris
2258 3616 2446 3667 oculis.
2478 3616 2525 3670 Is
2553 3631 2682 3686 ergo
2708 3628 2984 3688 postquam
3019 3638 3115 3676 nos
3144 3625 3276 3678 vidit
3302 3627 3559 3693 salutavit,
3585 3635 3641 3681 et

2100 3715 2194 3768 pro
2240 3705 2392 3756 nobis
2421 3707 2628 3769 oravit,
2659 3716 2714 3762 et
2747 3718 3023 3777 postquam
3056 3713 3219 3779 pedes
3250 3726 3454 3770 neatros
3490 3715 3651 3771 larisa

2097 3801 2213 3859 set,
2248 3796 2546 3852 sciscitatus
2574 3808 2655 3852 est
2686 3814 2714 3852 a
2747 3801 2931 3866 nobis,
2966 3819 3205 3872 quaenam
3252 3805 3301 3858 in
3340 3807 3536 3859 mundo
3565 3806 3656 3861 fie-

2097 3891 2217 3935 rent
2246 3899 2260 3948 ;
2293 3899 2392 3939 nos
2419 3896 2597 3940 autem
2646 3891 2982 3959 rugavimus,
3032 3901 3090 3946 ut
3138 3894 3251 3962 ipse
3293 3896 3439 3948 nobis
3486 3896 3658 3962 potius

2096 3983 2388 4040 exponeret
2427 3975 2508 4028 sui
2544 3977 2665 4031 vita:
2713 3980 2934 4034 instituti
2981 3980 3235 4046 virtutes,
3277 3992 3327 4037 et
3366 3999 3470 4052 quo
3502 3987 3659 4041 modo

2094 4070 2239 4114 esset
2266 4061 2407 4119 Deus
2434 4063 2485 4118 ei
2512 4064 2649 4119 dona
2682 4067 2932 4137 largitus,
2963 4079 3016 4124 et
3047 4085 3273 4138 quanam
3303 4072 3505 4128 ratione
3532 4075 3660 4128 [αἰεί

2093 4166 2176 4208 set
2205 4157 2474 4226 prticeps
2500 4158 2613 4228 ejus
2639 4162 2846 4231 gratiae.
2880 4162 2927 4215 Is
2954 4174 3130 4217 autem
3160 4166 3303 4217 nulla
3332 4180 3400 4219 eo
3439 4169 3660 4223 nomine

2092 4244 2264 4299 elatus
2292 4247 2540 4316 superbia
2559 4293 2574 4316 ,
2606 4250 2761 4305 nobis
2792 4265 2943 4305 suam
2973 4255 3131 4306 vitam
3165 4256 3395 4310 narravit
3420 4297 3435 4321 ,
3465 4266 3519 4310 et
3546 4273 3659 4310 ma-

2087 4337 2261 4403 jorum
2291 4352 2508 4392 suorum
2540 4340 2627 4410 qui
2667 4341 2840 4407 ipsum
2884 4354 3232 4411 superarunt,
3274 4361 3502 4413 quorum
3542 4347 3659 4411 ipse

2089 4430 2211 4482 vita:
2239 4430 2533 4484 institutum
2560 4442 2641 4486 est
2663 4432 2897 4487 imitatus
2928 4451 2940 4486 :
2971 4434 3084 4487 Non
3111 4443 3218 4499 est,
3249 4435 3446 4504 inquit,
3478 4452 3509 4487 ο
3536 4436 3657 4503 filii,

2088 4522 2229 4589 quod
2259 4537 2287 4576 a
2319 4538 2403 4578 me
2432 4524 2489 4577 fit
2517 4524 2831 4580 admirabile
2850 4568 2863 4589 ,
2891 4530 2939 4581 si
2962 4527 3265 4583 conferatur
3293 4544 3413 4584 cum
3448 4531 3511 4584 iis
3536 4548 3656 4599 qua:

419 4606 538 4648 cum
591 4609 683 4649 eos
731 4597 1055 4666 excitasset,
1104 4604 1313 4667 probris
1364 4623 1457 4663 eos
1501 4609 1709 4675 affecit,
1755 4614 1938 4668 dicens
1968 4658 1978 4668 .
2012 4610 2065 4670 D
2090 4615 2142 4669 in
2179 4615 2283 4668 vita
2314 4624 2460 4684 gesta
2493 4625 2617 4671 sunt
2646 4632 2673 4670 a
2704 4616 2953 4674 Patribus
2982 4621 3199 4674 nostris.
3232 4621 3296 4674 Et
3324 4636 3442 4675 cum
3471 4636 3656 4676 narra}-

424 4682 607 4737 Videte
632 4694 883 4752 quantum
911 4691 1038 4740 estis
1082 4690 1268 4748 irastiis
1310 4701 1664 4765 agrestiores;
1705 4717 1824 4755 nam
1874 4704 1985 4757 ista:

421 4775 629 4839 quidem
665 4785 880 4843 propter
920 4777 1087 4837 Deum
1122 4797 1318 4839 nostrae
1350 4796 1537 4854 parent
1573 4791 1859 4854 voluntati,
1894 4810 1988 4847 vos

416 4873 596 4918 autem
642 4882 820 4941 Itaque
848 4872 1010 4928 Deum
1042 4874 1294 4930 timuistis
1320 4921 1333 4944 ,
1367 4893 1538 4946 neque
1567 4880 1984 4938 Christianorum

416 4955 547 5013 citis
598 4961 819 5015 reveriti
868 4962 1195 5030 religionem.
1240 4966 1558 5022 Introductis
1598 4978 1772 5024 autem
1815 4970 1889 5025 eis
1935 4974 1985 5027 in

416 5047 608 5101 cellam
630 5090 646 5114 ,
678 5066 919 5106 mensam
952 5057 1229 5122 apposuit,
1263 5066 1317 5109 et
1346 5076 1374 5109 n
1399 5060 1551 5113 onuit
1578 5069 1632 5114 ut
1662 5077 1837 5116 mures
1868 5079 1982 5116 mu-

416 5147 608 5191 tarent.
661 5139 739 5193 Illi
787 5150 962 5195 autetn
1015 5155 1326 5212 surgentes,
1376 5150 1616 5216 protinus
1661 5152 1841 5207 multis
1882 5154 1978 5208 visi

416 5237 540 5283 sunt
583 5233 865 5297 meliores;
913 5248 1015 5287 non
1052 5237 1216 5289 multo
1261 5246 1381 5305 post
1415 5248 1589 5293 autem
1630 5241 1727 5310 ipsi
1770 5258 1980 5313 quoque

417 5317 519 5372 visi
550 5328 676 5373 sunt
702 5321 887 5374 eadem
918 5323 1065 5391 signa
1094 5324 1294 5379 facere.

486 5409 784 5478 Aliquando
809 5422 981 5465 autem
1005 5454 1019 5479 ,
1050 5413 1244 5483 inquit,
1264 5431 1387 5470 cum
1416 5434 1549 5474 unus
1575 5437 1793 5490 magnus
1818 5424 1978 5480 draco

414 5498 759 5566 propinquam
794 5510 1027 5555 vastaret
1070 5506 1372 5573 regionem,
1420 5518 1473 5561 et
1513 5513 1673 5564 utulta
1712 5516 1978 5570 occideret

415 5586 698 5651 animalia,
729 5591 1026 5661 quicunque
1066 5592 1370 5649 habitabant
1406 5598 1556 5667 juxta
1598 5603 1933 5661 solitudinem
1960 5649 1975 5673 ,

418 5685 605 5726 muues
633 5678 788 5731 simul
823 5691 1082 5735 venerunt
1114 5684 1177 5736 ad
1214 5684 1459 5750 Patrem,
1500 5702 1743 5758 rogantes
1784 5704 1840 5746 ut
1885 5695 1979 5750 dc-

427 5761 618 5816 |crctttr
658 5765 823 5819 bellua
865 5785 928 5823 ex
972 5787 1150 5825 corum
1194 5776 1429 5844 regione.
1478 5778 1523 5831 is
1564 5791 1737 5835 autem
1782 5800 1873 5839 eos
1905 5786 1974 5839 ita

2089 4714 2170 4760 ret
2197 4707 2351 4761 nobis
2383 4709 2579 4775 (Zopres
2610 4709 2893 4779 presbyter
2920 4727 3038 4778 quae
3073 4722 3220 4766 reete
3257 4720 3310 4767 et
3350 4729 3416 4769 ex
3457 4715 3654 4769 virtute

2084 4805 2228 4866 gesta
2262 4797 2474 4851 fuerant
2504 4813 2531 4850 a
2563 4798 2811 4853 Patribus
2834 4841 2846 4861 ,
2881 4814 3017 4853 unus
3060 4815 3124 4854 ex
3164 4800 3416 4855 fratribus
3456 4805 3653 4857 nostris

2083 4891 2410 4953 dormitans.
2442 4902 2499 4943 ut
2530 4893 2619 4960 qui
2652 4893 2715 4945 iis
2745 4908 2860 4961 qua:
2891 4893 3206 4947 dicebantur
3241 4894 3400 4947 fidem
3446 4911 3652 4962 nequa-

2083 4996 2238 5047 quam
2273 4980 2525 5043 haberet,
2561 4980 2702 5033 videt
2736 4980 2786 5032 in
2814 4980 2930 5049 ejus
2971 4982 3220 5034 manibus
3259 4981 3448 5036 librum
3485 4983 3649 5035 admi—

2088 5069 2340 5131 rabilem,
2375 5070 2627 5137 scriptum
2662 5070 2855 5123 litteris
2899 5071 3110 5131 aureis.
3153 5080 3208 5125 et
3248 5086 3434 5125 canum
3476 5075 3649 5125 virum

2087 5168 2350 5211 astantem
2371 5202 2385 5223 ,
2421 5169 2473 5212 et
2504 5159 2779 5212 minaciter
2807 5159 2854 5213 ei
2884 5159 3187 5213 dicentem:
3226 5160 3337 5214 Non
3380 5160 3527 5214 audis
3561 5170 3648 5211 at-

2087 5254 2229 5300 tente
2260 5247 2539 5308 lecturam,
2568 5247 2659 5299 sed
2693 5248 2994 5300 dormitas?
3024 5249 3068 5299 Is
3087 5258 3260 5302 autem
3280 5252 3641 5311 conturbatus,

2091 5335 2236 5389 nobis
2264 5350 2384 5389 eum
2417 5336 2782 5401 audientibus,
2826 5338 3006 5392 statim
3046 5340 3185 5406 quod
3226 5340 3459 5392 audierat
3487 5350 3537 5393 et
3566 5340 3643 5389 vi-

2079 5427 2232 5480 derat
2276 5428 2517 5481 Romane
2543 5429 2808 5497 exposuit.
2843 5429 2917 5483 Eo
2944 5439 3119 5483 autem
3152 5430 3266 5484 ha‘c
3294 5431 3445 5484 nobis
3472 5430 3645 5482 adhuc

2081 5516 2331 5577 dicente,
2389 5520 2534 5569 venit
2585 5517 2797 5585 quidam
2851 5520 3079 5572 rusticus
3130 5519 3331 5573 habens
3377 5518 3644 5573 calathum

2080 5622 2278 5665 areum,
2305 5608 2392 5675 qui
2417 5610 2757 5675 evspcctabat
2784 5609 2950 5663 donec
2971 5610 3035 5662 im
3046 5610 3239 5678 pIessc-t
3253 5611 3600 5665 narrationem
3624 5627 3641 5663 :

2078 5696 2379 5765 rogavimus
2410 5707 2583 5750 autem
2617 5712 2713 5752 nos
2756 5699 3126 5771 presbyterum
3158 5718 3171 5750 :
3218 5700 3349 5765 Quid
3390 5701 3489 5753 sibi
3528 5700 3639 5753 vult

2081 5789 2309 5841 rusticus
2336 5804 2453 5842 cum
2487 5804 2643 5844 arena
2675 5790 2698 5844 ?
2729 5791 2878 5846 nobis
2910 5793 3181 5861 respondit
3210 5790 3381 5872 Pater,
3418 5792 3636 5848 dicens:
