4028 6438
331 391 473 455 1153

1569 392 1935 458 HISTORIA
1974 388 2374 459 LAUSIACA.

3473 393 3612 458 11δέ

331 501 530 573 μᾶλλον
553 503 896 577 θαρρεῖνικαὶ
910 507 1206 579 ἐπέχεσθαι
1226 505 1304 576 τῷ
1329 506 1466 577 ῐχνει
1491 505 1582 559 τοῦ
1604 506 1915 577 δρᾶ-κοντος.
1951 503 1993 559 Α
2026 504 2224 570 αὐτοὺς
2254 506 2503 576 ὠφελεῖν,
2531 507 2912 580 λυπουμένους
2935 509 3064 574 τοὺς
3092 509 3293 582 ἀνδρας
3319 507 3608 563 ἀπέλυσεν.

332 594 570 667 Ὀψεσθε
597 597 724 667 γάρ,
754 600 909 668 φησί,
939 600 1037 670 τὴν
1065 598 1247 652 πίστιν
1275 597 1452 668 ἡμῶν,
1485 597 1788 664 μελλόντων
1814 595 1915 648 αὑ-

329 690 438 743 τῶν
467 683 802 758 χειροῦσθαι.
836 690 1075 755 Πολλοὺς
1107 691 1239 760 γὰρ,
1275 689 1433 760 φησί,
1467 687 1564 740 καί⁹
1592 687 1916 757 δράκοντας,

332 783 425 834 κιὶ
453 781 718 846 ἀσπίδας,
753 784 846 836 καὶ
880 784 1156 854 κεραστάς
1199 784 1265 835 ἐκ
1308 782 1492 852 χειρὸς
1535 780 1917 850 ἀνῃρήκειμεν.

333 875 444 928 Kx).
481 875 543 927 τὺ
583 877 971 946 γεγραμμένον
1000 877 1086 928 ἐπ’
1117 875 1304 936 αὑτοῖς
1333 872 1664 944 ἐπληροῦτο·
1697 871 1922 925 Δέδωκα

333 965 463 1037 ὑμῖν
491 967 740 1032 ἐξουσίαν
786 966 883 1021 τοῦ
923 971 1118 1022 πατεῖν
1149 970 1334 1024 ἐπάνω
1380 970 1582 1038 ὄφεων,
1625 969 1721 1022 καὶ
1758 983 1923 1039 σκορ-

331 1060 494 1122 πίων,
521 1059 616 1114 καὶ
638 1061 730 1113 ἐπὶ
759 1062 943 1114 πᾶσαν
966 1060 1066 1133 τὴν
1088 1061 1320 1133 δύναμιν
1348 1061 1442 1117 τοῦ
1467 1061 1686 1133 ἐχθροῦ.
1728 1059 1922 1131 Ἡμεῖς

333 1150 430 1206 οὖν
479 1151 708 1224 ἀπιστίᾳ
758 1152 1088 1223 φερόμενοι,
1140 1155 1235 1208 καὶ
1287 1155 1381 1208 ἐπὶ
1439 1154 1640 1223 μᾶλλον
1692 1153 1924 1224 ἔμφοὸοι

337 1245 644 1312 γένόμενοι,
695 1243 770 1315 μὴ
804 1245 926 1298 κατ’
960 1246 1108 1315 ῐχνος
1147 1247 1240 1300 τοῦ
1283 1247 1608 1318 δράκοντος,
1640 1246 1774 1298 ἀλλά
1824 1247 1924 1314 τὴν

337 1335 554 1388 εύθείαν
585 1335 824 1404 βαδίζειν
856 1336 1120 1408 ἠξιοῦμεν
1167 1338 1384 1400 αὐτούς.
1421 1335 1514 1400 Εἷς
1545 1338 1600 1391 δέ
1644 1337 1704 1403 ἐξ
1744 1336 1926 1390 αὑτῶν

337 1427 584 1497 ἀδελφὸς,
605 1428 714 1481 ἀπὸ
744 1428 946 1499 πολλῆς
970 1430 1279 1500 προθυμίας
1308 1429 1626 1483 καταλιπὼν
1654 1431 1686 1499 ή
1696 1431 1805 1499 μᾶς
1835 1430 1927 1483 ἐπὶ

2029 597 2240 652 Ἕωθεν
2270 599 2328 651 δὲ
2362 600 2601 663 ἀναστὰς
2643 601 2738 653 ἐπὶ
2767 600 2870 671 τὴν
2915 601 3035 656 ὁδὸν
3061 600 3158 655 τοῦ
3210 600 3403 672 θηρίου
3429 599 3614 672 ἀπήρ-

2025 709 2170 763 χετο.
2217 690 2309 754 Ὣς
2355 690 2415 744 δέ
2473 691 2651 746 ἔκλινε
2680 693 2748 747 τὰ
2781 693 2989 762 γόνατα
3047 694 3127 757 είς
3177 693 3490 765 προσευχὴν
3521 694 3614 746 ἐπὶ

2028 784 2234 855 τρίτον,
2268 785 2469 856 ήρχετο
2497 784 2635 855 πρὸς
2664 785 2832 840 αὐτὸν
2855 786 2916 839 τὸ
2946 785 3155 858 θηρίον,
3188 784 3484 857 ῥοιζήματι
3516 803 3616 858 με·

2025 874 2180 945 γάλῳ
2203 870 2391 944 ἆσθμα
2422 874 2595 928 δεινὸν
2621 875 2974 946 προπέμπον,
3007 875 3104 928 καὶ
3136 875 3364 945 φυσοῦν,
3395 876 3492 929 καὶ
3520 893 3611 930 συ·

2032 965 2202 1038 ρίξον,
2234 965 2331 1019 καὶ
2362 965 2534 1037 πνοὴν
2582 967 2829 1036 πονηρὰν
2878 966 3231 1036 ἀποπέμπον.
3290 965 3349 1018 Ὀ
3375 965 3433 1021 δέ
3464 965 3618 1019 οὐδὲν

2031 1059 2314 1129 φοϐηθεὶς,
2340 1060 2703 1131 ἐπιστραφεὶς
2718 1061 2811 1112 τὸν
2828 1059 3119 1130 δράκοντα,
3145 1055 3320 1124 εἶπεν,
3337 1057 3616 1129 Χειρώσε·

2028 1150 2119 1205 ταί
2155 1167 2214 1203 σε
2234 1150 2265 1202 6
2286 1150 2522 1221 Χριστὸς
2551 1151 2582 1203 6
2619 1150 2751 1214 Υἱὸς
2780 1150 2875 1205 τοῦ
2897 1149 3036 1205 Θεοῦ
3063 1149 3159 1204 τοῦ
3185 1150 3405 1216 ζῶντος,
3430 1152 3461 1203 6
3487 1151 3620 1222 μέλ-

2030 1243 2138 1296 λων
2175 1243 2235 1296 τὸ
2277 1244 2420 1314 μέγα
2472 1243 2641 1314 κῆτος
2675 1243 3162 1315 διαχειρώσασθαι.
3211 1243 3321 1296 Καὶ
3361 1242 3517 1296 τοῦτο
3545 1243 3621 1295 εί-

2031 1334 2225 1396 πόντος
2256 1333 2419 1397 εὐθὺς
2454 1335 2482 1386 6
2513 1333 2733 1403 δράκων
2759 1335 2996 1405 ἐρράγη.
3030 1333 3208 1388 πάντα
3242 1334 3335 1387 τὸν
3369 1333 3446 1388 ἰὸν
3481 1333 3620 1404 μετά

2030 1425 2125 1479 τοῦ
2150 1425 2382 1496 αἵματος
2408 1425 2495 1479 διὰ
2520 1424 2611 1478 τοῦ
2637 1427 2906 1496 στόματος
2933 1424 3220 1496 ἐξεμέσας.
3266 1424 3542 1488 Ἐλθόντες
3562 1424 3620 1478 δέ

337 1518 429 1573 τοῦ
463 1519 652 1583 τόπου,
694 1519 788 1572 ἐπὶ
834 1521 934 1592 τὴν
980 1520 1186 1592 ἔρημον
1224 1521 1498 1594 ’ὥρμησεν
1533 1521 1835 1590 ἀνιχνεύων
1869 1520 1930 1573 τὸ
2032 1519 2082 1570 οἱ
2124 1518 2373 1588 ἄγροικοι
2409 1517 2528 1588 μεθ’
2557 1519 2793 1590 ήμέρας,
2827 1519 2922 1570 καὶ
2952 1518 3012 1571 τὸ
3050 1517 3194 1587 μέγα
3225 1516 3415 1586 θαῦμα
3443 1519 3622 1570 ἐκεῖνο

336 1610 547 1680 θηρίον,
577 1611 671 1664 καί⁸
701 1611 881 1681 εὑρὼν
902 1612 1002 1665 οὑκ
1029 1613 1109 1675 εἰς
1139 1612 1357 1682 μακρὰν
1382 1612 1472 1664 τὸν
1510 1612 1740 1680 φωλεὸν,
1775 1613 1925 1679 φωνῇ
2036 1608 2391 1676 θεασάμενοι,
2425 1611 2519 1662 καὶ
2539 1610 2638 1678 τὴν
2670 1610 2839 1681 πνοὴν
2868 1611 2942 1681 μὴ
2975 1609 3256 1680 φέροντες,
3291 1609 3477 1680 ἄμμον
3521 1625 3619 1662 πο-

336 1703 470 1756 ἐῦόα
499 1705 654 1773 ἡμῖν,
685 1703 744 1756 ἐν
778 1701 856 1770 τῷ
904 1703 1159 1774 σπηλαίῳ
1188 1697 1328 1756 εἶναι
1364 1703 1456 1757 τὸν
1483 1703 1785 1772 δράκοντα,
1834 1701 1929 1754 καὶ
2034 1700 2129 1754 λὺν
2157 1700 2250 1752 ἐπὶ
2287 1701 2350 1752 τὸ
2375 1701 2514 1764 ζῶον
2547 1700 2881 1771 ἐσώρευσαν,
2926 1701 3283 1772 παρεστῶτος
3303 1702 3487 1762 αὐτοῖς
3507 1702 3624 1754 ἐκεῖ

339 1794 524 1847 ἐκάλει
558 1795 692 1865 πρὸς
722 1794 886 1849 αὑτὸν
913 1794 1145 1865 ὄψεσθαι
1175 1795 1235 1847 τὸ
1266 1794 1660 1864 ἐκϐησόμενον,
1697 1811 1929 1863 προτρε-

339 1884 590 1956 πομένων
627 1887 778 1955 ἡμᾶς
817 1885 993 1939 ἄλλων
1021 1886 1115 1939 καὶ
1149 1886 1223 1957 μὴ
1251 1885 1503 1941 δεδιέναι.
1552 1884 1640 1946 Ὡς
1677 1885 1734 1937 δέ
1767 1887 1926 1955 ἡμεῖς
1956 1865 2004 1924 Β

341 1975 478 2044 μετά
521 1973 718 2029 πολλοῦ
772 1975 940 2045 φόϐου
993 1977 1269 2048 ἀπῄειμεν
1308 1975 1570 2046 ὀψόμενοι
1612 1974 1672 2027 τὸ
1708 1975 1928 2047 θηρίον,

337 2069 673 2138 συνήντησεν
706 2070 838 2140 ήμῖν
869 2067 1130 2138 ἐξαίφνης
1159 2063 1239 2132 εἷς
1273 2068 1502 2138 ἀδελφὸς
1531 2069 1595 2122 ἐκ
1627 2068 1808 2138 χειρὸς
1831 2067 1932 2119 αύ-

336 2158 431 2212 τοῦ
466 2160 643 2214 ἔλκων
679 2164 757 2224 είς
803 2161 865 2214 τὸ
906 2160 1103 2214 ἐαυτοῦ
1160 2164 1560 2233 μοναστήριον,
1597 2162 1824 2229 φάσκων
1855 2160 1931 2231 μὴ

337 2254 601 2316 δυνατοὺς
642 2255 788 2321 ἡμᾶς
837 2249 974 2305 εἶναι
1018 2253 1342 2320 ὑπενεγκεῖν
1374 2255 1476 2320 τὴν
1503 2252 1679 2322 ὁρμὴν
1704 2251 1798 2304 τοῦ
1830 2251 1932 2323 θη-

343 2341 484 2412 ρίου,
518 2345 613 2397 καὶ
643 2344 879 2412 μάλιστα
910 2345 992 2396 ὅτι
1019 2343 1271 2395 οὐδέποτε
1302 2340 1445 2413 ἦμεν
1471 2343 1711 2397 τοιοῦτόν
1743 2361 1797 2396 τι
1827 2343 1929 2396 ἐωσ-

345 2434 594 2502 ρακότες·
639 2435 900 2496 πολλάκις
943 2435 1052 2503 γάρ
1094 2433 1258 2488 αὑτὸν
1304 2435 1491 2504 ἔλεγεν
1536 2437 1844 2504 ἑωρακέναι
1871 2437 1934 2487 τὸ

340 2526 503 2592 ζῶον,
538 2527 918 2596 ὑπερμέγεθες
951 2527 1197 2597 ὑπάρχον
1228 2527 1322 2579 καὶ
1351 2525 1793 2597 ὑπερδεκαπέντε
1827 2529 1934 2597 πή·-

341 2637 458 2690 χεις
483 2620 627 2690 ἔχον.
669 2609 868 2672 Μένειν
898 2615 990 2673 οὖν
1025 2620 1171 2689 ἡμᾶς
1209 2619 1472 2682 κελεύσας
1502 2620 1670 2691 ἀπῄει
1702 2621 1798 2674 ἐπὶ⁸
1835 2622 1931 2675 τοῦ

341 2709 508 2763 τόπου
539 2711 675 2780 πρὸς
696 2710 784 2762 τὸν
813 2709 1063 2778 ἀδελφὸν,
1094 2710 1297 2762 πείθων
1329 2713 1667 2780 μεταστῆναι
1697 2709 1792 2763 τοῦ
1821 2729 1933 2780 φω-

342 2802 488 2857 λεοῦ.
529 2803 822 2872 Ἐπειρᾶτο
851 2804 959 2873 γάρ
990 2804 1195 2866 ἐκεῖνος
1241 2801 1314 2871 μὴ
1348 2803 1684 2873 μεταστῆναι
1712 2803 1806 2857 τοῦ
1840 2804 1933 2857 τό·-

342 2912 449 2946 που
511 2897 640 2965 πρὶν
675 2895 885 2948 ἀνελεῖν
933 2896 1025 2948 τὸν
1090 2896 1383 2964 δράκοντα.
1451 2897 1561 2949 Καὶ
1611 2895 1676 2967 δὴ
1734 2896 1932 2961 πείσας

340 2987 505 3040 αὑτὸν
538 2988 662 3054 ἄγει
700 2987 838 3058 πρὸς
861 2989 1030 3058 ἡμᾶς,
1063 2987 1160 3057 τὴν
1191 2987 1565 3056 ὀλιγοπιστίαν
1595 2987 1752 3059 ἡμῶν
1787 3005 1930 3058 μεμ-

337 3073 605 3142 ψάμενον.
640 3075 1112 3147 Ἀναπαυσάμενοι
1142 3076 1198 3130 δέ
1222 3079 1352 3146 παρ’
1384 3076 1579 3146 ἐκείνῳ
1606 3075 1684 3147 τῷ
1712 3077 1930 3147 ἁδελφῷ

2036 1793 2132 1845 τοῦ
2164 1792 2431 1862 Πατέρος.
2473 1794 2549 1847 Οὐ
2581 1792 2689 1864 γὰρ
2708 1794 2952 1864 ἐτόλμων
2980 1794 3264 1864 προσιέναι
3311 1793 3489 1846 καίτοι
3533 1808 3622 1844 νε-

2033 1883 2169 1956 κροῦ
2195 1883 2348 1947 ὄντος
2393 1885 2489 1937 τοῦ
2518 1881 2835 1954 δράκοντος.
2869 1885 3025 1950 Παῖς,
3065 1885 3250 1954 φησὶν,
3275 1883 3461 1938 ἄλλοτε
3502 1899 3623 1936 ποι-

2035 1975 2266 2044 μαίνων,
2300 1975 2516 2048 ἀθρόως
2540 1976 2620 2029 ἔτι
2649 1974 2828 2039 ζῶντα
2855 1977 2946 2029 τὸν
2963 1975 3232 2047 δράκοντα
3260 1975 3618 2044 θεασάμενος,

2031 2069 2090 2122 ἐν
2123 2069 2381 2120 ἐκστάσει
2435 2067 2726 2138 γενόμενος
2775 2067 3227 2139 ἐλειποψύχησεν.
3282 2066 3503 2122 ’Ἑκειτο
3529 2067 3623 2120 οὑν

2031 2161 2238 2224 ἄπνους
2268 2162 2296 2214 6
2328 2163 2456 2224 παῖς
2481 2163 2537 2213 ἐν
2567 2159 2645 2231 τῷ
2669 2162 2856 2232 χωρίῳ
2886 2161 3038 2232 παρά
3069 2159 3167 2232 τὴν
3202 2159 3410 2230 ἔρημον
3444 2160 3623 2212 πᾶσαν

2030 2256 2272 2327 ἡμέραν.
2334 2256 2603 2326 Εὑρόντες
2661 2255 2719 2308 δὲ
2752 2256 2914 2309 αὑτὸν
2948 2256 3085 2325 πρὸς
3132 2256 3374 2324 ἑσπέραν
3419 2254 3468 2307 οἰ
3504 2254 3623 2307 ἴδιοι

2035 2349 2234 2420 μικρὸν
2270 2350 2596 2417 ἐμπνέοντα,
2628 2349 3016 2418 πεφυσημένον
3054 2347 3174 2400 ὅλον
3204 2351 3268 2400 ἐκ
3288 2347 3386 2416 τῆς
3421 2345 3620 2399 ἐκστά-

2034 2457 2193 2506 σεως,
2216 2440 2409 2508 ἄγουσι
2433 2440 2570 2510 πρὸς
2597 2440 2688 2493 τὸν
2713 2441 2955 2510 Πατέρα,
2977 2439 3301 2507 ἀγνοοῦντες
3321 2439 3420 2509 τὴν
3444 2439 3624 2492 αἰτίαν

2032 2532 2126 2586 τοῦ
2165 2535 2472 2602 συμϐάντος
2505 2535 2676 2604 αὐτῷ.
2706 2533 3022 2603 Εὑξαμένου
3057 2533 3114 2586 δέ
3139 2532 3305 2586 αὑτοῦ
3338 2533 3430 2586 καὶ
3458 2533 3624 2603 ἐλαίῳ

2036 2626 2204 2681 αὑτὸν
2229 2625 2540 2696 χρίσαντος,
2575 2628 2774 2697 ἀνέστη
2800 2628 2828 2680 6
2859 2628 2990 2688 παῖς
3021 2626 3378 2696 διηγούμενος
3402 2624 3462 2678 τὸ
3491 2627 3623 2694 ὀρα-

2034 2717 2129 2771 θέν
2157 2733 2170 2748 ·
2206 2719 2328 2772 ὅθεν
2374 2719 2610 2790 μάλιστα
2641 2718 2883 2791 κινηθεὶς
2909 2722 2938 2773 6
2959 2718 3116 2792 ἀνὴρ,
3151 2718 3290 2790 πρὸς
3326 2719 3426 2792 τὴν
3467 2717 3625 2773 ἀναί-

2040 2827 2190 2880 ρεσιν
2218 2811 2434 2882 ἐτράπη
2464 2812 2558 2864 τοῦ
2582 2812 2895 2883 δράκοντος.

2623 2905 2874 2957 ΚΕΨΑΛ.
2917 2904 3042 2956 ΝΔ’.

2316 2995 2457 3063 Περὶ
2482 2993 2632 3051 ἁϐϐᾶ
2657 2995 2863 3064 Κόπρη
2908 2995 3338 3064 πρεσϐυτέρου.

2102 3084 2213 3140 Ἦν
2251 3087 2308 3141 δέ
2341 3105 2425 3152 τις
2449 3088 2822 3160 πρεσϐύτερος
2873 3088 3014 3159 ἔχων
3047 3088 3278 3158 πλησίον
3313 3089 3431 3140 ἐκεῖ
3461 3103 3625 3158 μοναι

342 3165 420 3269 ῶς
450 3166 559 3218 ἀπὸ
599 3168 730 3269 ,ἐνὸς
772 3167 949 3238 μιλίου
997 3167 1059 3221 τὸ
1100 3168 1465 3239 μοναστήριον
1499 3167 1676 3238 ἔχοντι
1729 3168 1930 3232 ἱκανῶς
1955 3211 2002 3269 c
2037 3181 2260 3252 στήριον
2284 3182 2342 3234 ὲν
2359 3183 2423 3252 τῇ
2445 3181 2658 3252 ἐρήμῳ,
2689 3181 2915 3251 Κόπρης
2938 3180 3254 3250 λεγόμενος,
3277 3179 3416 3250 ἀνὴρ
3447 3177 3624 3247 ἅγιος,

341 3257 786 3329 ἀνεκτησάμεθα.

935 3353 1190 3409 ΚΕΦΛΛ.
1228 3354 1354 3410 ΝΓ’.

747 3444 889 3512 Περί
920 3443 1028 3498 τοῦ
1056 3444 1209 3501 ἀϐϐᾶ
1253 3447 1530 3518 Ἀμμοῦν.

411 3533 666 3601 Διηγεῖτο
694 3533 750 3588 δὲ
782 3535 915 3605 ήμῖν
948 3537 1155 3600 ἐκεῖνος
1188 3539 1525 3609 γεγενῆσθαι
1556 3539 1680 3595 κατ’
1719 3542 1930 3596 ἐκεῖνον

340 3623 435 3676 τὸν
463 3624 649 3690 τόποι,
681 3624 922 3696 ἔνθαπερ
954 3628 1118 3690 αὐτὸς
1148 3628 1464 3694 ἐκαθέζετο,
1500 3631 1671 3704 ἄνδρα
1704 3632 1859 3702 ἆγιον
1891 3627 1936 3702 ᾧ

342 3713 508 3778 αὑτὸς
570 3714 960 3786 ἐμαθητεύθη,
1037 3718 1286 3789 Ἀμμοῦν
1348 3719 1613 3791 ὀνόματι,
1674 3723 1938 3787 πλείστας

343 3804 602 3873 δυνάμεις
633 3809 697 3859 ἐκ
734 3808 928 3878 ἐκείνῳ
981 3808 1061 3878 τῷ
1113 3809 1265 3880 τόπῳ
1304 3813 1634 3882 ποιήσαντα.
1684 3814 1833 3884 Πρὸς
1877 3814 1937 3868 ὃν

345 3897 607 3962 πολλάκις
637 3898 886 3964 ἐλθόντες
916 3902 967 3954 οἰ
994 3902 1301 3956 λωποδύται
1332 3905 1460 3967 τοὺς
1490 3903 1691 3976 ἄρτους
1720 3907 1815 3958 καὶ
1839 3906 1938 3970 τὰς

345 3993 549 4063 τροφάς
575 3994 742 4048 αὑτοῦ
774 3997 1100 4067 ἐλάμϐανον.
1138 3997 1398 4064 Ἐξελθὼν
1421 4001 1477 4053 δὲ
1504 4002 1634 4070 μιᾶς
1659 4001 1771 4055 τῶν
1800 4003 1939 4073 ήμε-

346 4085 457 4155 ρῶν
492 4086 586 4141 δύο
618 4087 920 4159 δράκοντας
963 4091 1237 4161 μεγάλους
1275 4094 1339 4146 ἐκ
1379 4093 1482 4162 τῆς
1534 4095 1746 4165 ἐρήμου
1799 4098 1938 4167 πρὸς

344 4177 509 4232 αὑτὸν
538 4179 878 4249 συνηγάγετο
907 4221 923 4247 ,
955 4183 1222 4247 κελεύσας
1255 4184 1438 4246 αὐτοῖς
1467 4186 1810 4257 παραμένειν
1843 4189 1939 4241 καὶ

344 4267 642 4334 φυλάσσειν
671 4270 771 4344 τὴν
805 4272 994 4344 θύραν.
1045 4276 1110 4328 Ol
1155 4276 1214 4329 δέ
1254 4276 1574 4348 ἀνδροφόνοι
1615 4278 1938 4344 ἐπελθόντες

344 4363 487 4416 κατά
518 4363 579 4418 τὸ
629 4363 772 4432 ἔθος,
827 4367 922 4420 καὶ
968 4368 1298 4438 θεασάμενοι
1349 4369 1411 4422 τὸ
1459 4369 1678 4440 θαῦμα,
1716 4372 1935 4442 ἀχανεῖς

343 4455 626 4525 γενόμενοι
686 4459 778 4510 ὑπ’
835 4459 1155 4531 ἐκπλήξεως
1210 4459 1414 4514 ἔπεσαν
1473 4463 1568 4515 ἐπὶ
1623 4465 1932 4534 πρόσωπον.

2038 3275 2177 3328 ἐτῶν
2211 3275 2400 3344 σχεδὸν
2451 3277 2798 3346 ἐνενήκοντα,
2847 3274 3154 3346 ἡγούμενος
3209 3272 3453 3341 ἀδελφῶν
3495 3289 3626 3327 πεν-

2037 3367 2310 3437 τήκοντα·
2348 3367 2408 3429 ὃς
2460 3368 2555 3420 καὶ¹
2603 3367 2765 3430 αὐτὸς
2824 3353 3087 3432 πλείστας
3134 3367 3396 3438 δυνάμεις
3427 3366 3624 3429 ἐποίει,

2039 3459 2363 3529 θεραπεύων
2392 3459 2493 3524 τὰς
2521 3459 2734 3525 νόσους,
2771 3460 2867 3514 καὶ
2902 3462 3072 3523 ἰάσεις
3104 3460 3308 3522 πολλὰς
3332 3459 3625 3522 ἐπιτελῶν,

2042 3551 2138 3604 καὶ
2169 3551 2432 3621 δαίμονας
2465 3550 2808 3615 ἀπελαύνων,
2852 3551 2947 3604 καὶ
2989 3551 3160 3603 πολλὰ
3204 3550 3458 3621 θαύματα
3493 3551 3628 3603 ἀπο-

2041 3643 2442 3713 πραττόμενος,
2465 3642 2589 3696 τινὰ
2620 3642 2722 3711 μέν
2743 3643 2838 3695 καὶ
2878 3643 2935 3696 ὲν
2961 3641 3150 3710 ὄψεσιν
3179 3641 3498 3713 ἡμετέραις.
3540 3641 3628 3705 Ὠς

2041 3731 2173 3800 γοῦν
2197 3732 2345 3802 ἡμᾶς
2373 3730 2656 3795 ἐθεάσατο,
2689 3731 2783 3783 καὶ
2812 3728 3169 3800 ὑπερεύξατο,
3200 3729 3293 3780 καὶ
3317 3727 3440 3790 τοὺς
3459 3727 3630 3788 πόδας

2043 3821 2202 3893 ήμῶν
2243 3820 2424 3892 νίψας,
2457 3822 2648 3892 ἠρώτα
2681 3822 2830 3890 ἡμᾶς
2855 3820 2925 3873 τὰ
2965 3821 3024 3871 ἐν
3061 3818 3140 3890 τῷ
3173 3819 3364 3888 κόσμῳ
3397 3816 3630 3887 πραττό-

2045 3932 2226 3987 μενα·
2273 3917 2436 3986 ήμεῖς
2473 3913 2532 3967 δέ
2583 3911 2846 3983 ἠξιοῦμεν
2894 3911 3056 3965 αὑτὸν
3117 3910 3318 3981 μᾶλλον
3353 3910 3485 3978 ἡμῖν
3526 3908 3629 3976 τῆς

2040 4008 2250 4071 οἰκείας
2284 4005 2450 4060 αὑτοῦ
2486 4005 2761 4068 πολιτείας
2806 4004 2906 4068 τὰς
2951 4003 3155 4074 ἀρετὰς
3201 4001 3626 4071 ὑφηγήσασθαι·

2041 4100 2137 4154 καὶ
2171 4100 2291 4163 πῶς
2324 4098 2474 4166 αύτῷ
2507 4099 2577 4152 τὰ
2607 4098 2925 4169 χαρίσματα
2949 4099 2977 4150 6
3002 4096 3135 4160 Θεὸς
3166 4096 3497 4167 ἐδωρήσατο,
3535 4094 3628 4145 καὶ

2039 4194 2105 4245 ἐκ
2134 4192 2295 4255 ποίας
2349 4191 2576 4262 μεθόδου
2606 4189 2811 4260 ταύτης
2837 4188 3049 4259 εἰλήφει
3076 4188 3176 4258 τῆς
3204 4187 3447 4258 χάριτος.
3485 4185 3541 4239 ’0
3571 4185 3630 4238 δὲ

2044 4282 2214 4354 μηδὲν
2251 4282 2603 4353 ὑπερήφανον
2632 4280 3017 4351 λογισάμενος,
3085 4279 3347 4349 ὑφηγεῖτο
3370 4279 3501 4347 ήμῖν
3539 4275 3630 4329 τὸν

2040 4373 2239 4428 ἐαυτοῦ
2270 4373 2406 4443 βίον,
2436 4375 2530 4426 καὶ
2566 4371 2676 4425 τῶν
2718 4373 2882 4425 αὑτοῦ
2934 4370 3380 4442 προγενεστέρων
3419 4369 3512 4421 καὶ
3537 4385 3632 4440 με-

2043 4463 2228 4531 γάλων
2259 4465 2355 4517 καὶ
2402 4463 2615 4516 πολλῶν
2671 4461 2937 4533 μειζόνων
2981 4459 3148 4516 αὑτοῦ
3196 4460 3520 4530 γεγονότων,
3554 4447 3631 4513 ὧν

357 4544 618 4609 Ἐξελθὼν
639 4548 697 4600 δὲ
727 4549 834 4602 ἴδεν
861 4550 1058 4615 αὐτοὺς
1080 4553 1293 4615 ἐννεοὺς
1315 4554 1663 4623 γενομένους,
1692 4556 1787 4607 καὶ
1815 4573 1938 4626 σχε-
1964 4561 2018 4620 D
2044 4554 2144 4625 τὴν
2186 4554 2463 4610 πολιτείαν
2519 4553 2679 4618 αὐτὸς
2721 4555 2999 4626 ἐμιμεῖτο.
3050 4553 3219 4606 Οὐδὲν
3261 4555 3392 4623 γάρ,
3441 4551 3629 4622 φησὶν,

342 4636 431 4689 δὸν
455 4639 760 4707 ἡμιθανεῖς·
790 4642 885 4695 καὶ
911 4644 1223 4714 ἀναστήσας
1244 4644 1446 4708 αὐτοὺς
1470 4645 1715 4711 ὠνείδιζε
1738 4646 1933 4716 λέγων·

361 4725 552 4796 Ὁρᾶτε
588 4728 753 4783 πόσον
785 4730 943 4801 ὑμεῖς
971 4733 1300 4804 ἀγριώτεροι
1341 4734 1451 4788 τῶν
1483 4735 1688 4807 θηρίων
1711 4753 1726 4767 ⁸
1755 4739 1808 4790 οἰ
1838 4741 1936 4809 μέν

343 4820 454 4893 γὰρ
485 4820 642 4893 ήμῶν
668 4821 760 4876 διά
789 4823 923 4877 Θεὸν
951 4827 1064 4888 τοῖς
1097 4823 1404 4896 βουλήμασι
1440 4827 1744 4894 πείθονται,
1774 4832 1938 4899 ὑμεῖς

343 4911 398 4966 δέ
423 4915 544 4968 οὐδὲ
565 4914 654 4969 τὸν
680 4915 811 4969 Θεὸν
841 4917 1170 4988 ἐφοϐήθητε,
1197 4919 1318 4972 οὑδέ
1337 4919 1435 4990 τὴν
1461 4920 1569 4974 τῶν
1593 4922 1937 4992 Χριστιανῶν

344 5003 634 5059 εὐλάϐειαν
659 5006 1077 5078 ἐδυσωπήθητε.
1111 5009 1438 5078 Εἰσαγαγὼν
1476 5010 1532 5064 δέ
1561 5011 1761 5076 αὑτοὺς
1789 5013 1938 5085 αὑτῷ

345 5096 541 5167 κελλίῳ
575 5097 862 5170 παρέθηκε
903 5101 1183 5171 τράπεζαν
1209 5141 1224 5166 ,
1258 5101 1355 5154 καὶ
1390 5101 1660 5157 ἐνουθέτει
1697 5106 1940 5176 μεταϐα-

343 5188 456 5242 λεῖν
497 5189 594 5243 τοῦ
635 5195 862 5264 τρόπον.
907 5196 972 5247 Ui
1005 5195 1064 5248 δὲ
1109 5197 1236 5266 παρ’
1275 5196 1454 5250 αὑτῶν
1500 5202 1940 5268 μεταναστάντες

345 5279 627 5348 κρείττους
660 5282 870 5339 πολλῶν
899 5284 1248 5357 ἀνεφάνησαν
1273 5303 1287 5316 ·
1323 5286 1442 5354 μετ’
1480 5288 1540 5341 ού
1577 5289 1711 5342 πολὺ
1746 5289 1803 5342 δέ
1844 5293 1940 5344 καὶ

346 5375 503 5428 αὑτοὶ
535 5378 604 5429 τὰ
635 5381 777 5434 αὑτά
811 5385 1015 5452 σημεῖα
1049 5384 1430 5448 ἐπιτελοῦντες
1472 5385 1756 5456 ὤφθησαν.

423 5468 648 5522 ¹Ἀλλοτε
668 5472 747 5537 δὲ,
789 5477 944 5545 φησὶ,
982 5477 1224 5547 μεγάλου
1259 5478 1550 5546 δράκοντος
1580 5481 1678 5552 τὴν
1708 5483 1939 5554 πλησίον

349 5557 535 5630 χώραν
565 5563 990 5636 λυμαινομένου,
1023 5571 1118 5624 καί⁹
1148 5571 1214 5623 τὰ
1244 5572 1415 5625 πολλὰ
1447 5571 1554 5625 τῶν
1603 5574 1758 5638 ζώων
1785 5578 1939 5630 ἀναι-

355 5651 598 5721 ροῦντος,
625 5651 790 5727 ἦλθον
815 5660 862 5710 οἱ
897 5665 1321 5731 προσοικοῦντες
1353 5666 1452 5736 τὴν
1499 5667 1706 5740 ἔρημον
1739 5670 1942 5731 πάντες

354 5744 488 5835 ὁμοῦ
525 5748 662 5816 πρὸς
691 5750 784 5803 τὸν
821 5752 1066 5823 Πατέρα,
1095 5755 1337 5826 δεόμενοι
1366 5760 1733 5831 ἀφανισθῆναι
1757 5766 1820 5818 ἐκ
1846 5767 1943 5835 τῆς

355 5832 538 5905 χώρας
587 5837 768 5895 αὐτῶν
798 5841 856 5892 τὸ
885 5841 1095 5913 θηρίον.
1128 5846 1186 5899 ’(³
1225 5847 1281 5899 δέ
1313 5849 1389 5911 ώς
1431 5851 1597 5921 μηδὲν
1641 5832 1940 5928 δυνάμενος

716 5941 988 6003 ΡΑΤιιοι..
1035 5946 1127 6004 Gn
1196 5946 1484 6010 XXXIV.

2042 4645 2368 4717 θαυμαστὸν
2417 4644 2478 4698 τὸ
2529 4645 2664 4715 ἐμὸν
2717 4645 2898 4717 ἔργον,
2935 4640 2981 4699 ὦ
3030 4645 3220 4710 τέκνα,
3267 4647 3403 4714 πρὸς
3429 4644 3488 4697 τὸ
3523 4642 3631 4695 τῶν

2041 4740 2306 4810 Πατέρων
2358 4737 2516 4810 ήμῶν
2557 4739 2878 4808 πολίτευμα.
2921 4739 3035 4791 Καὶ
3093 4737 3171 4802 ὡς
3213 4733 3282 4808 ἦν
3337 4738 3418 4790 ἔτι
3458 4737 3632 4790 ταῦτα

2039 4831 2398 4901 διηγούμενος
2446 4831 2675 4902 Κόπρης
2712 4833 2740 4884 6
2791 4830 3187 4902 πρεσϐύτερος,
3223 4827 3631 4892 ἀπονυστάξας,

2041 4918 2122 4986 εἷς
2146 4924 2206 4990 ἐξ
2258 4924 2412 4995 ὑμῶν
2451 4925 2678 4992 ἀδελφὸς
2725 4923 2955 4994 ἀπιστία
2991 4924 3121 4996 περὶ
3163 4923 3272 4976 τῶν
3323 4921 3632 4990 λεγομένων

2043 5017 2364 5088 φερόμενος,
2390 5017 2494 5088 ὁρᾷ
2521 5017 2703 5086 βίϐλον
2732 5016 3055 5087 θαυμαστὴν
3099 5016 3160 5067 ἐν
3187 5018 3310 5079 ταῖς
3336 5013 3493 5085 χερσὶ
3533 5012 3630 5065 τοῦ

2043 5108 2234 5178 ἀνδρὸς
2260 5110 2618 5178 ἐπικειμένην
2640 5111 2861 5180 χρυσοῖς
2880 5108 3175 5178 γράμμασι
3207 5105 3628 5177 γεγραμμένην,

2043 5200 2141 5254 καὶ
2167 5201 2452 5270 ἐφεστῶτα
2480 5203 2649 5270 ἄνδρα
2672 5200 2794 5254 τινὰ
2826 5201 3009 5254 πολιὸν
3041 5200 3179 5271 μετὰ
3214 5199 3444 5267 ἀπειλῆς
3482 5197 3633 5266 αὐτῷ

2042 5295 2297 5362 λέγοντα·
2334 5296 2450 5348 Οὑκ
2484 5294 2708 5357 ἀκούεις
2747 5293 3034 5365 προσεχῶς
3064 5294 3157 5347 τοῦ
3182 5290 3632 5362 ἀναγνώσματος,

2044 5390 2180 5444 ἀλλὰ
2227 5388 2552 5452 νυστάζειςς
2611 5388 2669 5442 '0
2725 5388 2782 5440 δέ
2824 5385 3120 5458 ταραχθεὶς
3179 5386 3338 5448 εὐθὺς
3396 5375 3527 5455 ἡμῖν
3572 5383 3636 5435 τὺ
3695 5377 3697 5379 ’

2045 5482 2394 5554 ἀκροώμενον
2441 5482 2535 5534 καὶ
2565 5481 2730 5550 όφθέν
2775 5480 3074 5551 Ῥωμαϊστὶ
3109 5479 3389 5548 ἐξέφηνεν.
3427 5478 3545 5530 Ἔτι
3577 5477 3636 5530 δέ

2044 5577 2237 5629 τούτου
2295 5574 2580 5638 λαλοῦντος
2630 5575 2768 5645 πρὸς
2829 5576 2977 5644 ἡμᾶς
3032 5573 3227 5636 ταῦτα,
3289 5569 3494 5639 ἐπῆλθέ
3553 5587 3638 5631 τις
3695 5560 3744 5573 ”

2046 5671 2305 5740 ἀγροῖκος
2346 5668 2581 5722 κάλαθον
2606 5667 2748 5739 ἔχων
2778 5667 2984 5737 μεστὴν
3024 5667 3255 5737 ψάμμου
3273 5682 3286 5697 ·
3315 5666 3410 5717 καὶ
3438 5680 3634 5733 παρει-

2049 5761 2242 5830 στήκει
2284 5759 2638 5830 ἐκδεχόμενος
2689 5758 2979 5828 πληρῶσαι
3028 5755 3193 5812 αὐτὸν
3223 5759 3322 5825 τὴν
3357 5756 3631 5826 διήγησιν.

1985 5927 1988 5932 Ι
2063 5852 2514 5924 Ἑπννθανόμεθα
2541 5853 2597 5906 δὲ
2634 5853 2795 5924 ἡμεῖς
2820 5849 2982 5906 αὑτοῦ
3009 5847 3102 5904 τοῦ
3139 5847 3530 5919 πρεσϐυτέρου,
3568 5843 3633 5896 Τί

3187 5949 3263 6010 3⁵2
