4028 6434
332 360 469 414 1157

1546 359 1814 418 IIISTORI
1835 366 1856 407 \
1904 354 2251 410 LAUSIACA.

3411 358 3543 415 H38

321 480 494 537 ιπηιοη
531 485 633 538 me;
664 529 678 553 ν
726 503 829 541 non
871 489 1149 556 "purum,
1189 501 1270 539 me
1310 480 1528 552 ginriari
1567 478 1704 542 apud
1748 485 1874 526 vns.
1912 469 1954 523 Α
1983 465 2371 556 condonaretur
2400 474 2653 556 erratum,
2688 473 2736 518 et
2765 474 2818 518 ut
2845 465 2990 556 ﬂeret
3016 463 3379 556 Christianus,
3403 466 3543 532 quod

321 590 493 642 neque
518 591 580 629 ea
614 579 889 631 enuntiare
919 594 1033 641 qua:
1065 585 1210 644 gesta
1250 582 1375 627 sunt
1410 587 1438 622 a
1480 568 1722 622 Patribus
1750 581 1763 627 ;
1808 576 1876 615 ne

319 675 495 718 mente
617 664 747 717 elati
845 666 1159 721 amittamus
1266 660 1611 714 mercedem:
1662 661 1878 721 ντοριθτ

315 750 549 803 studium
600 763 776 803 autem
829 761 1059 803 vestrum
1111 762 1163 803 et
1211 750 1521 809 utilitatem,
1575 743 1714 812 quod
1768 750 1872 793 tam

321 838 505 903 procul
536 839 600 890 ad
634 853 730 891 nos
760 838 978 891 venistis
999 879 1013 900 ,
1046 853 1150 891 non
1184 837 1433 890 fraudabo
1476 848 1572 887 vos
1602 830 1871 889 utilitate;

314 924 409 976 sed
440 940 559 993 qua:
591 940 684 993 per
715 941 810 979 nos
838 926 1088 981 Servator
1118 926 1314 993 gessit,
1363 921 1589 976 narrabo
1639 931 1875 987 praesen-

316 1012 455 1064 tibus
485 1012 753 1066 fratribus.

382 1098 586 1154 Sterilis
622 1110 736 1154 erat
763 1117 887 1170 ager
909 1104 999 1172 qui
1031 1111 1113 1156 est
1138 1118 1297 1170 prope
1325 1116 1440 1168 nos,
1475 1109 1529 1155 et
1555 1097 1738 1153 rustici
1786 1097 1875 1164 qui

313 1186 484 1252 ipsum
514 1190 871 1253 possidebant,
920 1192 1265 1256 seminantes,
1299 1192 1389 1243 vix
1429 1204 1610 1243 semen
1639 1187 1876 1253 duplica-

313 1288 420 1329 tum
454 1281 745 1343 metebant;
778 1282 973 1335 vermis
1012 1282 1152 1335 enim
1184 1295 1406 1335 nascens
1433 1281 1486 1333 in
1514 1282 1679 1346 spica,
1710 1286 1872 1329 totam

310 1387 535 1425 messem
566 1374 955 1439 corrumpebat.
987 1373 1246 1441 Agricola;
1274 1382 1452 1425 autem
1489 1369 1817 1424 catechismo
1845 1383 1873 1422 a

310 1461 462 1513 nobis
493 1462 733 1526 instituti,
764 1472 818 1516 et
845 1462 1018 1516 eﬂecti
1048 1463 1360 1526 Christiani,
1393 1470 1644 1529 rogarunt
1673 1475 1771 1513 nos
1814 1467 1872 1511 ut

307 1564 579 1603 oraremus
608 1566 700 1616 pro
726 1568 919 1606 messe.
951 1553 1072 1605 Dixi
1102 1563 1278 1607 autem
1310 1554 1389 1606 eis
1419 1569 1433 1605 :
1468 1552 1521 1605 Si
1550 1551 1757 1603 habetis
1800 1549 1874 1601 fi-

307 1637 428 1691 dem
460 1640 509 1691 in
543 1640 729 1703 Deum,
769 1642 851 1694 vel
882 1656 1039 1695 arena
1072 1642 1266 1693 deserti
1296 1641 1523 1693 fructum
1556 1641 1704 1692 vobis
1743 1638 1873 1690 affe-

308 1736 407 1780 ret.
445 1729 479 1781 li
508 1738 681 1782 autem
716 1730 842 1782 nihil
873 1732 1127 1791 cunctati.
1181 1745 1299 1783 cum
1335 1731 1433 1783 hac
1463 1744 1643 1793 arena,
1689 1743 1807 1796 quae
1843 1741 1871 1779 a

1982 557 2143 609 etiam
2176 554 2367 607 factum
2394 563 2497 607 est.
2532 555 2695 607 Erant
2735 565 2909 608 autem
2944 555 3041 608 hac
3071 556 3182 623 ipsa
3213 554 3340 607 hora
3368 555 3546 621 hospi-

1982 652 2061 698 tes
2094 644 2283 697 fratres
2312 645 2399 710 qui
2451 644 2514 697 ad
2547 660 2644 698 nos
2683 652 2940 698 venerant
2968 661 2981 695 :
3015 653 3227 712 pr0pter
3253 658 3386 711 quos
3415 653 3547 697 tem-

1980 735 2182 801 pestive
2210 734 2491 788 admodum
2518 735 2582 787 ad
2615 750 2710 787 nos
2739 733 2893 786 allata
2924 744 3049 787 sunt
3077 733 3239 787 olera.
3275 738 3402 799 Quae
3424 747 3544 785 cum

1977 824 2417 887 comedissemus,
2463 828 2667 890 egimus
2714 826 2938 878 Domino
2966 825 3181 892 gratias,
3210 824 3403 890 duplici
3450 839 3541 877 ac-

1976 926 2129 982 cepta
2157 916 2356 982 laetitia,
2383 925 2438 970 et
2482 932 2547 971 ex
2576 919 2745 971 salute
2774 917 3027 979 hominis,
3074 923 3129 970 et
3154 932 3220 969 ex
3252 916 3546 970 refectione

1976 1006 2224 1062 fratrum.

2564 1076 2785 1132 CAPUT
2827 1076 2934 1133 LV.

2504 1166 2623 1219 Vita
2650 1168 2840 1221 abbatis
2873 1167 3014 1221 Suri.

2049 1257 2229 1312 Abbas
2256 1265 2432 1310 autem
2458 1258 2645 1318 Surus,
2681 1256 2871 1324 inquit,
2900 1265 2953 1309 et
2982 1255 3143 1309 Isaias
3183 1253 3380 1323 (Ra/72,
3413 1252 3452 1305 ι.
3489 1268 3545 1316 tt,

1975 1364 2091 1415 cap.
2128 1349 2235 1414 IU),
2264 1356 2319 1400 et.
2345 1346 2538 1401 Paulus
2579 1348 2677 1401 sibi
2707 1346 2937 1419 invicem
2959 1356 3179 1415 repetite
3200 1353 3546 1399 occurrerunt

1975 1442 2039 1493 ad
2071 1439 2310 1504 ﬂuvium,
2342 1439 2435 1492 viri
2464 1440 2531 1506 pii
2561 1447 2615 1493 et
2641 1438 2841 1508 egregii
2883 1441 3285 1499 exercitatores,
3318 1433 3543 1488 invisuri

1975 1543 2219 1596 magnum
2265 1520 2507 1581 abbatem
2561 1528 2772 1595 Anuph.
2844 1529 3082 1581 Distabat
3124 1538 3297 1579 autem
3357 1540 3540 1577 eorum

1975 1619 2309 1671 intervallum
2365 1620 2531 1673 tribus
2582 1620 2980 1684 mansionibus;
3029 1628 3083 1672 et
3134 1619 3320 1671 dicunt
3370 1617 3434 1670 ad
3485 1631 3543 1670 se

1974 1707 2199 1760 invicem
2245 1722 2260 1761 :
2292 1707 2547 1761 Ostendat
2578 1710 2937 1777 unusquisque
2968 1717 3204 1761 nostrum
3244 1722 3396 1759 suum
3422 1706 3542 1757 vita:

307 1817 457 1869 nobis
501 1817 753 1883 calcamr’
784 1820 930 1873 sinus
976 1820 1306 1887 implessent,
1340 1820 1645 1883 numerum,
1682 1794 1868 1887 fuga",
1907 1803 1950 1862 Β
1976 1795 2294 1887 institutum,
2332 1806 2383 1849 et
2425 1796 2868 1863 quemadmodum
2899 1796 2995 1849 fuit
3025 1797 3076 1867 in
3112 1796 3341 1887 hacivtta
3378 1811 3404 1846 a
3432 1794 3541 1887 Deo

307 1914 385 1958 tes
427 1916 482 1959 ut
512 1906 963 1963 benediecrcmus.
1000 1910 1278 1977 Postqutm
1320 1918 1496 1961 autem
1539 1923 1655 1961 sum
1686 1922 1871 1975 preca-

306 2003 391 2048 tus
422 2004 475 2048 ut
506 1996 608 2049 illis
636 1996 786 2051 fieret
813 1999 1101 2051 secundum
1133 2000 1365 2065 ipsorum
1411 1996 1589 2063 fidem,
1624 1996 1720 2063 ipsi
1751 2010 1866 2048 eam

304 2098 423 2137 cum
454 2083 716 2138 frumento
743 2086 1068 2139 seminarnnt
1110 2087 1161 2139 in
1192 2086 1332 2138 arvis
1377 2086 1521 2150 suis;
1551 2095 1603 2138 et
1646 2094 1870 2151 repente

304 2186 487 2225 eorum
518 2188 640 2240 ager
672 2175 741 2225 ita
777 2175 1141 2240 multiplicavit
1170 2176 1419 2240 fructum,
1453 2185 1508 2228 ut
1537 2190 1747 2227 omnem
1778 2188 1870 2225 su-

307 2269 518 2325 peraret
572 2259 877 2328 Egyptum.
927 2262 1037 2315 lloe
1082 2277 1210 2330 ergo
1263 2260 1440 2316 facere
1498 2263 1664 2328 soliti,
1720 2262 1871 2315 nobis

302 2348 585 2415 quotannis
624 2350 877 2405 exhibent
906 2352 1220 2404 molestiam.
1260 2353 1427 2405 Unum
1456 2364 1651 2416 autem,
1679 2354 1869 2422 inquit,

306 2452 550 2505 magnum
581 2439 889 2492 miraculum
920 2440 1146 2509 praabuit
1190 2443 1317 2495 mihi
1350 2443 1485 2497 Deus
1513 2446 1693 2499 multis
1736 2462 1872 2515 pra:—

304 2529 563 2582 sentibus.
594 2529 727 2583 Cum
772 2533 911 2583 enim
940 2532 990 2585 in
1036 2532 1300 2587 civitatem
1331 2535 1613 2603 aliquando
1643 2538 1862 2592 descen-

301 2615 521 2682 dissem,
554 2619 729 2672 inveni
763 2623 1041 2687 quemdam
1072 2623 1241 2677 virum
1269 2625 1611 2679 Manicbmum
1636 2629 1723 2695 qui
1766 2645 1867 2698 po-

302 2708 453 2773 pulos
483 2707 793 2776 seduxerat;
824 2727 940 2765 cum
978 2722 1153 2767 autem
1188 2731 1290 2769 non
1326 2731 1539 2783 possmn
1581 2720 1627 2772 ei
1662 2720 1872 2788 publice

304 2799 645 2864 persuadere,
695 2801 798 2854 dixi
832 2816 1116 2856 conversus
1166 2805 1227 2856 ad
1263 2807 1651 2861 multitudinem
1699 2826 1713 2861 :
1760 2809 1870 2862 Ma-

300 2905 457 2955 gnum
486 2905 667 2955 rogum
697 2893 746 2944 in
781 2892 947 2960 platea
981 2894 1268 2963 accendite,
1305 2907 1358 2950 et
1410 2897 1771 2967 ingrediantur
1816 2901 1866 2953 in

302 2981 599 3047 ﬂammam;
628 2994 677 3035 et
702 2986 786 3051 qui
811 2999 872 3037 ex
899 2986 1047 3039 nobis
1070 2987 1263 3041 illmsns
1294 3005 1318 3039 a
1351 2988 1559 3041 ﬂamma
1588 2991 1866 3057 manserit,

299 3069 346 3120 is
391 3070 547 3122 habet
574 3072 760 3123 bonum
792 3075 969 3127 fidem.
1010 3077 1289 3144 Postquam
1328 3093 1501 3132 autem
1537 3083 1637 3133 hoc
1671 3081 1865 3134 factum

301 3168 400 3221 cst,
428 3169 482 3213 et
510 3162 675 3214 turba
704 3178 887 3230 rogum
920 3167 1025 3219 cito
1054 3168 1431 3233 accenderunt,
1465 3173 1632 3238 ipsum
1661 3188 1866 3225 mecum

272 3249 581 3302 trahebant
623 3251 673 3302 in
728 3251 920 3319 ignem.
974 3257 1019 3308 ls
1057 3268 1231 3310 autem
1273 3257 1438 3311 dicit:
1498 3260 1868 3328 Unusquisque

303 3351 543 3391 seorsum
592 3340 933 3410 ingrediatur,
967 3345 1236 3415 deberque
1285 3350 1485 3417 primus
1536 3352 1737 3420 ingredi
1780 3354 1868 3421 qui

301 3427 523 3496 iussisti.
555 3432 682 3485 Cutn
712 3446 886 3489 autem
917 3437 967 3489 in
1021 3441 1232 3493 nomine
1279 3441 1474 3493 Christi
1504 3445 1743 3508 signatus
1784 3461 1867 3497 es-

301 3536 411 3576 sent
443 3525 730 3595 ingressus,
764 3526 969 3580 ﬂamma
1004 3531 1054 3581 in
1088 3533 1221 3583 hanc
1253 3541 1308 3585 et
1356 3534 1497 3585 illam
1534 3544 1733 3599 partem
1782 3537 1860 3587 di-

304 3613 435 3674 visa,
465 3629 549 3667 me
574 3616 708 3666 nulla
734 3616 906 3669 affecit
931 3621 1195 3686 molestia,
1222 3636 1344 3673 cum
1378 3624 1700 3676 semihoram
1730 3626 1780 3677 in
1805 3640 1867 3677 ea

302 3716 475 3755 essem
508 3713 762 3758 moratus.
811 3706 1003 3761 Turba:
1048 3719 1223 3763 autem
1257 3711 1370 3765 viso
1410 3713 1665 3766 miraculo
1694 3716 1869 3770 excla-

301 3804 531 3858 tnarunt,
558 3803 612 3848 et
639 3796 898 3865 cogebant
942 3799 1087 3853 illum
1122 3817 1305 3870 pyram
1344 3805 1659 3872 pervadere,
1690 3808 1733 3860 is
1775 3823 1867 3861 au-

300 3889 405 3935 tem
435 3885 671 3947 nolebat,
705 3887 893 3941 timore
920 3888 1157 3945 atTectus.
1187 3892 1320 3947 Cum
1348 3911 1468 3949 eum
1500 3904 1676 3951 autem
1715 3913 1869 3953 acce-

302 3974 504 4040 pissent
558 3980 756 4044 pepuli,
806 3981 855 4033 in
907 3984 1135 4035 medium
1178 3995 1579 4053 protruserunt;
1633 3999 1689 4044 et
1728 4001 1868 4047 totus

300 4063 510 4116 ﬂamma
541 4068 833 4135 ambustus,
864 4070 1063 4139 eiectus
1096 4086 1226 4129 este
1252 4078 1488 4143 civitate,
1515 4081 1867 4135 clamantibus

300 4157 507 4222 populis
540 4173 554 4210 :
592 4159 809 4214 Planum
842 4164 1107 4219 viventem
1141 4169 1365 4223 exurite.
1398 4170 1478 4224 Me
1500 4183 1675 4226 autem
1702 4174 1867 4227 turba:

298 4248 645 4314 accipientes,
675 4265 730 4305 et
760 4252 1001 4309 laudibus
1026 4271 1423 4328 prosequentes,
1457 4260 1789 4317 deduxerunt
1814 4264 1867 4317 in

298 4339 597 4394 ecclesiam.

368 4429 498 4484 Cum
530 4441 703 4486 autem
732 4450 830 4506 ego
874 4437 1157 4507 aliquando
1188 4456 1282 4510 per
1309 4444 1574 4510 quoddam
1612 4446 1865 4512 templum

1974 1886 2281 1940 honoratus.
2317 1887 2491 1957 Ahbas
2514 1897 2690 1939 autem
2720 1888 2889 1941 Surus
2919 1888 3051 1940 dixit
3073 1888 3150 1939 eis
3176 1904 3189 1938 :
3224 1886 3351 1939 Peto
3375 1901 3403 1937 a
3434 1885 3541 1938 Deo

1972 1976 2191 2044 donum,
2241 1988 2298 2031 ut
2346 1993 2445 2031 nos
2492 1980 2688 2031 virtute
2731 1978 2949 2045 spiritus
2976 1976 3229 2031 indefessi
3273 1976 3338 2029 ad
3368 1976 3539 2029 locum

1973 2070 2374 2137 perveniamus;
2408 2081 2462 2125 et
2489 2086 2607 2125 cum
2652 2071 2765 2137 ipse
2794 2072 2965 2124 solum
2994 2080 3220 2133 orasset,
3268 2069 3536 2121 inventum

1973 2167 2055 2213 est
2098 2161 2336 2229 protinus
2368 2172 2601 2229 paratum
2631 2162 2926 2230 navigium,
2960 2172 3012 2214 et
3036 2170 3226 2215 ventus
3250 2158 3540 2218 secundus,

1973 2259 2026 2305 et
2056 2261 2323 2306 momento
2351 2252 2606 2319 temporis
2633 2252 2836 2307 inventi
2866 2261 2991 2307 sunt
3032 2252 3086 2305 in
3119 2252 3255 2316 loco,
3300 2264 3422 2305 cum
3451 2250 3541 2302 ad-

1974 2356 2129 2396 verso
2157 2342 2372 2397 ﬂumine
2398 2343 2757 2412 navigassmt.

2554 2435 2781 2489 CAPUT
2820 2435 2953 2491 LVI.

2499 2523 2609 2576 Vita
2635 2526 2830 2578 abbatis
2862 2524 3038 2579 Isat'w.

2047 2613 2207 2668 isaias
2234 2624 2409 2667 autem
2440 2615 2567 2669 dicit
2591 2617 2706 2669 eis;
2747 2617 2807 2669 Et
2833 2617 2956 2685 quid
2987 2618 3197 2679 mirum,
3229 2630 3260 2669 0
3288 2614 3467 2678 amici,
3497 2614 3540 2667 si

1973 2707 2053 2757 vir
2082 2706 2233 2758 nobis
2262 2708 2571 2771 occurrerit,
2602 2710 2690 2775 qui
2721 2708 2877 2762 vitam
2926 2719 3104 2763 narret
3132 2709 3545 2777 uniuscujusque

1973 2794 2165 2863 (Ruﬁl,
2187 2796 2275 2865 (ib.
2309 2811 2366 2861 It,
2390 2813 2504 2865 cap.
2536 2798 2663 2866 I0)?

2558 2891 2780 2946 CAPUT
2820 2892 2973 2946 LVII.

2495 2978 2610 3034 Vita
2638 2983 2832 3036 abbatis
2868 2982 3046 3037 Pauli.

2046 3067 2235 3121 Paulus
2264 3079 2438 3125 autem
2472 3073 2597 3128 dicit
2618 3073 2698 3127 eis
2726 3090 2740 3129 :
2768 3074 2820 3130 SI
2868 3075 3010 3129 Deus
3039 3076 3192 3130 nobis
3223 3077 3544 3132 revelaverit

1894 3155 1945 3220 ο
1977 3158 2114 3226 quod
2149 3168 2267 3225 post
2294 3168 2400 3213 tres
2427 3162 2546 3216 dies
2589 3165 2812 3219 assumit
2861 3167 3169 3220 hominem?
3198 3169 3329 3220 Cum
3370 3177 3547 3222 autem

1975 3248 2129 3315 paulo
2155 3250 2374 3303 ulterius
2394 3254 2799 3321 processissent,
2826 3256 2906 3308 vir
2927 3258 3004 3309 eis
3027 3258 3236 3310 obviam
3266 3257 3433 3312 factus
3454 3272 3545 3311 eos

1972 3338 2195 3400 salutat;
2232 3340 2424 3397 Paulus
2467 3353 2642 3399 autem
2674 3347 2723 3400 ei
2750 3347 2878 3401 dicit
2904 3366 2916 3401 :
2954 3347 3047 3403 Dic
3078 3349 3232 3402 nobis
3261 3364 3377 3417 qute
3408 3358 3550 3403 recte

1969 3430 2217 3498 gessisti;
2254 3448 2373 3487 nam
2404 3444 2522 3502 post
2547 3439 2838 3492 crastinum
2881 3438 3021 3494 diem
3066 3439 3237 3495 abibis
3281 3440 3347 3493 ad
3378 3440 3546 3496 Deum

1972 3520 2211 3588 (Ra/flia,
2245 3524 2283 3577 ι.
2317 3536 2375 3586 It,
2405 3540 2517 3593 cap.
2551 3524 2664 3593 I0).

2535 3635 2761 3691 CAPUT
2802 3636 2978 3692 LVIII.

2392 3722 2505 3776 Vita
2531 3726 2725 3780 abbatis
2754 3728 2937 3796 Anuph
2979 3729 3151 3799 (105).

2046 3811 2183 3865 Dixit
2207 3822 2383 3866 autem
2413 3815 2488 3868 eis
2514 3816 2701 3884 Anuph
2730 3834 2743 3868 :
2775 3818 3090 3873 Benedictus
3114 3822 3272 3883 Deus,
3302 3823 3389 3890 qui
3420 3822 3544 3875 mihi

1975 3903 2085 3956 lucc
2112 3919 2321 3973 quoque
2367 3907 2614 3975 signavit,
2649 3918 2700 3961 et
2731 3921 2963 3961 vestrum
2998 3919 3117 3964 Vitae
3161 3912 3457 3965 inStitutum
3492 3924 3544 3965 et

1971 3993 2256 4047 adventum
2287 3994 2522 4066 (Ra/ﬁm,
2558 3999 2593 4050 Ι.
2648 4014 2704 4062 tt,
2732 4016 2847 4070 cap.
2881 4002 2987 4068 πυ).
3023 4003 3154 4056 Cutn
3183 4013 3356 4056 autem
3382 4004 3544 4057 dixis-

1971 4093 2053 4136 set
2080 4097 2197 4151 quaa
2229 4086 2586 4153 unusquisque
2614 4102 2796 4141 eorum
2839 4103 2979 4144 recte
3008 4104 3269 4161 διξερε-ει,
3303 4100 3547 4161 exposuit

1972 4175 2241 4242 deinceps,
2274 4192 2389 4243 quae
2418 4177 2531 4242 ipse
2558 4176 2776 4243 fecerat,
2804 4180 2983 4235 dicens
3010 4199 3023 4234 :
3057 4182 3129 4235 Ex
3160 4198 3264 4251 quo
3296 4184 3543 4238 Servatu-

1973 4266 2044 4314 ris
2076 4280 2107 4314 n
2133 4279 2269 4317 tmen
2317 4264 2585 4330 professus
2628 4282 2743 4319 sum
2778 4270 2830 4320 in
2862 4277 3021 4335 terra,
3072 4287 3137 4324 ex
3169 4287 3261 4325 ore
3290 4288 3409 4325 meo
3440 4287 3544 4328 non

1971 4363 2052 4405 est
2079 4370 2350 4421 egressum
2374 4358 2742 4413 mendacium:
2778 4360 2992 4414 humani
3020 4364 3122 4415 cibi
3151 4364 3279 4417 nihil
3311 4366 3536 4433 sumpsi,

1975 4460 2059 4497 me
2082 4446 2283 4500 ctelesti
2327 4448 2580 4502 alimento
2663 4452 2844 4509 alente
2942 4457 3181 4525 quotidie
3300 4458 3539 4524 angelo:

299 4520 600 4585 transirem,
645 4524 856 4590 quidam
884 4543 945 4579 ex
992 4529 1237 4595 gentibus
1273 4535 1382 4586 suis
1424 4536 1577 4587 idolis
1607 4538 1870 4591 sacrifica-
1903 4520 1955 4583 υ
1980 4537 2172 4590 nullius
2196 4538 2413 4592 alterius
2459 4538 2535 4593 rei
2567 4542 2827 4605 cupiditas
2854 4544 2906 4597 in
2949 4559 3042 4598 cor
3075 4560 3248 4599 meum
3278 4548 3540 4613 ascendit,

300 4607 448 4661 haut.
483 4609 596 4662 Dixi
627 4622 799 4665 autem
827 4614 904 4668 eis
928 4633 940 4668 :
974 4619 1079 4671 Cur
1104 4634 1223 4674 eum
1249 4624 1364 4675 sitis
1390 4627 1671 4693 participes
1702 4630 1864 4682 ratio-

300 4697 403 4764 nis,
436 4702 745 4757 sacrificatis
773 4705 835 4759 its
865 4723 983 4773 qua:
1011 4721 1200 4764 carent
1230 4716 1433 4768 ratione
1459 4735 1471 4767 :
1505 4733 1705 4785 vosque
1735 4726 1865 4775 estis

298 4788 365 4841 de
386 4802 580 4843 caetero
610 4792 672 4844 iis
703 4794 866 4861 magis
895 4810 1140 4863 expertes
1172 4802 1428 4858 rationis?
1454 4805 1527 4857 Illi
1556 4818 1732 4862 autem
1756 4851 1769 4869 ,
1812 4821 1867 4864 ut

298 4879 384 4944 qui
416 4889 561 4934 recte
587 4880 861 4949 dixissem,
893 4903 976 4942 me
1004 4892 1178 4943 statim
1222 4902 1345 4946 sunt
1370 4898 1557 4961 secuti,
1585 4899 1865 4956 credentes

299 4968 591 5025 Servatori.

366 5060 499 5114 Cum
542 5071 719 5117 autem
749 5076 891 5120 esset
934 5069 1063 5123 mihi
1092 5072 1372 5140 aliquando
1419 5076 1604 5130 hortus
1646 5078 1697 5131 in
1733 5094 1862 5148 agro

301 5152 614 5220 propinquo,
649 5166 866 5224 propter
890 5173 1005 5212 eam
1029 5176 1145 5229 qua:
1174 5163 1238 5216 ad
1270 5180 1366 5219 nos
1393 5168 1639 5222 veniebat
1670 5170 1865 5224 frater-

299 5238 537 5306 nitatem,
568 5253 620 5296 et
647 5248 858 5315 quidam
888 5264 1091 5319 pauper
1115 5268 1235 5307 eum
1277 5267 1606 5324 operaretur,
1642 5276 1861 5327 ingres-

298 5342 387 5381 sus
418 5341 499 5385 est
525 5337 734 5402 quidam
764 5343 994 5408 gentilis,
1027 5354 1085 5398 ut
1108 5345 1372 5402 furaretur
1401 5350 1543 5404 olera
1574 5368 1588 5404 :
1623 5353 1711 5407 tibi
1735 5370 1861 5409 vero

298 5430 360 5470 ea
404 5422 690 5480 suffuratus
745 5435 1073 5502 recessisset,
1129 5451 1298 5506 eaque
1351 5440 1519 5493 tribus
1568 5441 1714 5496 horis
1758 5460 1860 5499 non

303 5517 554 5576 potuisset
600 5533 849 5586 coquere,
892 5526 983 5578 sed
1031 5528 1353 5583 mansissent
1384 5532 1434 5583 in
1479 5532 1652 5587 lebete
1692 5536 1862 5602 qualia

299 5616 595 5674 acceperat,
628 5617 809 5676 utpote
837 5618 974 5681 quod
999 5635 1133 5688 aqua
1152 5622 1369 5677 minitne
1396 5624 1681 5688 calefieret,
1701 5629 1783 5680 vir
1806 5642 1864 5681 se

298 5694 576 5768 wlliﬁcm,
607 5712 822 5770 accepta
845 5707 987 5761 olera
1014 5710 1076 5764 ad
1110 5726 1208 5766 nos
1229 5712 1439 5779 detulit,
1468 5729 1660 5783 rogans
1682 5726 1740 5770 ut
1763 5719 1862 5770 sibi

1978 4635 2328 4693 pra-terquam
2356 4627 2478 4691 Dei;
2530 4630 2657 4683 nihil
2697 4646 2760 4685 ex
2805 4632 2963 4685 rebus
2995 4635 3222 4688 terrenis
3265 4638 3546 4689 occultavit

1977 4714 2109 4767 mihi
2162 4714 2318 4781 Deus,
2376 4718 2513 4785 quod
2562 4735 2665 4773 non
2720 4722 3107 4792 significaverit
3150 4736 3205 4779 et
3248 4726 3545 4779 ostenderit

1977 4805 2124 4858 mihi.
2153 4806 2265 4861 Non
2296 4809 2523 4863 interdiu
2546 4825 2790 4865 somnum
2818 4814 2952 4880 cepi,
2980 4830 3084 4868 non
3105 4825 3259 4869 noctu
3282 4818 3538 4885 requievi,

1978 4898 2143 4951 Deum
2194 4917 2475 4967 quaerens:
2523 4901 2633 4957 Una
2686 4904 2811 4957 mihi
2858 4920 3070 4974 semper
3101 4907 3269 4959 adfuit
3298 4909 3537 4976 angelus,

1977 4991 2159 5043 mundi
2191 4993 2477 5046 ostendens
2501 5004 2817 5061 potestates;
2845 4996 3021 5050 lumen
3048 5000 3385 5065 cogitationis
3413 5016 3544 5054 mea:

1977 5096 2243 5151 nunquam
2277 5082 2371 5136 fuit
2398 5086 2749 5150 exstinctum;
2781 5101 2994 5140 omnem
3024 5090 3333 5156 petitionem
3358 5093 3538 5159 accepi

1974 5189 2003 5226 a
2043 5174 2152 5228 Deo
2183 5176 2441 5243 protinus.
2478 5175 2594 5229 Vidi
2635 5191 3003 5242 saepenumero
3067 5180 3174 5232 Deo
3214 5180 3530 5235 assistentes

1975 5266 2240 5333 ntyriades
2261 5266 2591 5332 angelorum,
2618 5266 2724 5320 vidi
2747 5267 2939 5321 choros
2960 5267 3248 5337 iustorum,
3276 5270 3377 5322 vidi
3402 5285 3543 5323 mar-

1977 5364 2150 5423 tyrum
2192 5356 2512 5423 congeriem,
2547 5356 2650 5410 vidi
2683 5357 3061 5411 monachorum
3095 5361 3213 5412 vita:
3252 5360 3540 5413 institutio-

1969 5460 2118 5506 nem;
2154 5446 2263 5497 vidi
2307 5460 2441 5512 opus
2484 5455 2658 5499 autem
2700 5448 2937 5502 omnium
2990 5448 3153 5503 Deum
3186 5450 3537 5504 laudantium.

1971 5536 2086 5589 Vidi
2114 5536 2365 5590 Satanam
2397 5537 2502 5606 igni
2528 5538 2773 5591 traditum
2793 5578 2806 5601 ,
2856 5540 2961 5592 vidi
2990 5541 3206 5608 angelos
3237 5540 3352 5609 ejus
3385 5539 3538 5608 puni-

1971 5634 2073 5690 tos,
2099 5626 2203 5679 vidi
2230 5623 2403 5694 justus
2448 5626 2687 5681 laetantes
2729 5628 2782 5680 in
2811 5637 3087 5683 arternum.
3138 5629 3261 5682 Ilaec
3288 5642 3340 5685 et
3372 5630 3532 5685 multa

1970 5718 2067 5772 alia
2105 5732 2346 5773 narrans.
2384 5718 2545 5775 tertio
2570 5719 2654 5772 die
2687 5719 2845 5774 tradit
2873 5720 3129 5784 animam;
3163 5735 3386 5783 eamque
3424 5733 3524 5772 sta.
