2014 3216
253 164 321 192 1159

981 173 1141 202 PALLADII

1810 175 1879 206 “60

262 230 309 255 tim
322 227 498 261 suscipientes
511 228 599 264 angeli
614 234 641 256 et
655 229 729 256 chori
745 233 903 264 martyrum,
919 237 946 257 tn
961 230 1046 258 cmloa
1061 242 1086 266 Α
1102 231 1236 264 galitatem
1252 232 1407 266 admiratus,
1421 242 1482 262 eum
1496 241 1604 264 secutus
1620 241 1661 265 est
1681 238 1824 267 abeuntem
1843 242 1876 269 ad

262 272 435 307 sustulerunt,
449 273 513 308 ipsis
526 274 676 301 videntibus
701 278 729 301 et
743 274 856 309 hymnos
867 274 1045 302 audientibus.

560 318 671 346 CAPUT
691 318 757 345 LIX.

460 363 517 390 Vita
528 363 625 390 abbatis
640 362 755 390 "euenit
769 363 855 399 (104).

295 407 407 441 Quidam
431 414 518 434 autem
540 408 607 434 alius
630 413 714 441 pater,
738 408 781 441 qui
797 407 941 434 vocabatur
963 407 1046 435 abbas

261 453 351 481 llellen
373 452 453 488 (Ruﬁ
463 464 492 485 1.,
516 454 560 479 lib.
588 460 616 483 Il,
644 461 701 487 cap.
716 452 769 486 ll),
797 460 857 479 cum
877 453 912 480 ab
937 452 1046 480 ineunte

259 503 336 525 :ctate
351 506 380 525 se
392 498 497 525 fortiter
511 498 686 529 exercuisset,
701 505 885 531 smpenumero
898 497 985 532 ignem
998 504 1045 532 ge-

257 544 344 571 stabat
367 545 391 571 in
407 545 475 575 sinu,
493 544 604 571 incitans
628 551 674 570 eos
688 545 732 578 qui
750 551 831 577 prope
846 550 924 570 erant
945 543 1043 571 fratres

256 590 287 616 ad
302 590 465 616 ostendenda
492 590 578 624 signa,
593 590 685 616 dicens
699 590 737 615 eis
750 599 756 615 ;
773 589 801 616 Si
825 597 871 616 vos
886 597 949 616 vere
963 597 1041 617 exer-

256 635 333 668 cetis,
351 635 453 661 virtutis
477 634 553 668 signa
566 635 599 661 de
620 640 718 661 caetero
735 633 876 661 ostendite.
894 634 1042 668 Aliquando

255 687 341 706 autem
356 688 415 707 cum
433 687 481 713 per
496 688 524 706 se
540 684 611 706 esset
625 680 652 706 in
674 679 834 711 solitudine,
851 679 959 705 incessit
981 687 1041 706 eum

256 726 339 751 mellis
354 725 529 758 desiderium;
547 732 605 751 cum
627 732 692 751 vero
707 724 779 751 illico
804 725 880 751 favos
896 724 1043 752 invenisset

254 771 303 797 sub
320 776 402 804 petra,
428 771 494 798 dixit
516 780 522 796 :
540 770 642 798 Recede
658 779 670 797 a
687 778 729 797 me
745 771 925 803 intemperans
940 770 1041 804 cupidi-

254 823 307 848 tas;
323 818 448 850 scriptum
464 821 502 842 est
515 816 604 842 enim:
621 816 722 850 Spiritu
739 815 885 848 ambulate,
899 820 926 842 et
937 816 1039 842 deside-

254 864 319 889 rium
342 862 430 889 carnis
454 870 506 888 non
526 862 669 896 perficietis
682 860 754 895 (Gul.
773 862 811 895 ν),
834 862 926 895 eisque
941 860 1040 887 relictis

1098 275 1220 304 ﬂuvium.
1238 277 1306 305 Cum
1325 283 1415 306 autem
1434 287 1485 314 qua
1507 281 1740 312 transveherentur
1751 287 1875 320 cymbam

1097 326 1150 347 non
1175 321 1349 355 invenissent,
1372 331 1465 351 vocem
1489 326 1575 353 emisit
1589 327 1672 354 abbas
1682 328 1785 362 Hellen,
1797 333 1880 360 advo-

1096 372 1160 392 cans
1172 366 1347 395 crocodilum.
1364 368 1388 396 Is
1399 374 1487 396 autem
1500 370 1525 398 ei
1536 374 1626 399 statim
1638 373 1765 400 obediens
1775 375 1880 408 aderat,

1097 416 1199 445 tergum
1212 413 1388 441 substernens
1401 422 1409 441 :
1431 417 1534 450 rogavit
1547 422 1635 445 autem
1650 418 1838 453 presbyterum
1850 426 1882 449 ut

1095 462 1154 482 cum
1170 463 1202 482 eo
1216 457 1388 491 ascenderet;
1406 460 1427 486 is
1438 467 1501 487 vero
1517 461 1612 489 timore
1624 461 1743 496 allectus,
1757 470 1823 492 cum
1842 466 1882 491 vi-

1095 499 1175 527 disset
1190 500 1315 534 belluam,
1330 504 1494 531 retrocessit.
1518 504 1583 532 Cum
1598 511 1686 534 autem
1697 514 1759 535 eum
1775 512 1882 537 ιωεηι

1094 545 1245 578 admiratio,
1271 552 1299 573 et
1312 554 1358 574 eos
1373 548 1418 582 qui
1434 554 1506 576 trans
1528 551 1635 578 fluvium
1650 551 1804 581 habitabant
1823 553 1882 581 [rae

1095 595 1159 623 tres,
1179 591 1300 619 videntes
1320 600 1382 620 eum
1405 601 1467 621 cum
1488 595 1576 623 bellua
1599 598 1824 626 summittentem
1838 598 1882 627 al-

1094 642 1189 669 veum,
1211 638 1255 664 ille
1274 640 1421 667 ascendens
1434 640 1461 667 in
1477 645 1586 676 terram,
1601 650 1652 669 una
1662 650 1754 670 secum
1769 645 1882 672 attraxit

1095 682 1218 714 belluam,
1235 684 1341 717 dicens,
1356 686 1450 713 melius
1463 693 1524 714 esse
1535 687 1560 715 ei
1575 693 1604 715 ut
1618 695 1781 723 moreretur,
1796 697 1880 725 quam

1094 727 1314 762 interemptarum
1330 731 1479 758 animarum
1491 733 1640 766 acquireret
1652 733 1826 768 supplicium.
1838 735 1876 763 Ea

1093 777 1179 799 autem
1194 774 1301 807 cadens,
1316 776 1437 810 protinus
1449 781 1489 804 est
1501 784 1617 805 mortua.

1128 830 1192 858 Tres
1206 836 1294 858 autem
1310 832 1366 859 dies
1379 841 1538 867 permanens
1549 834 1618 867 apud
1629 833 1737 868 fratres,
1752 834 1879 870 sedebat,

1091 875 1189 902 docens
1207 883 1253 903 eos
1267 882 1409 912 praecepta,
1425 882 1452 904 et
1477 886 1534 912 qua:
1554 884 1632 906 erant
1656 880 1759 907 occulta
1785 881 1880 909 unius-

254 906 329 960 :tllllll.
342 906 409 960 Eum
419 910 516 957 autem.
526 906 652 960 jam'tres-
664 905 842 960 hebdomadas
852 905 1036 960 jejunasEcl-i-n
1056 920 1080 950 Β
1093 920 1220 954 cujusque
1234 905 1345 949 co'nsilia
1355 905 1454 955 ,θυέτω
1468 905 1878 960 θῆηῃιίἐὶκῃέεκὴῶἔῶάέἆ-ἆῖ,

254 952 404 983 solitudine,
419 952 533 979 inventis
545 952 589 986 qui
604 951 708 985 disjecti
719 955 794 977 erant
806 950 946 982 fructibus,
956 950 1038 977 dixit:

250 997 306 1023 Non
332 997 481 1028 comedam,
504 1003 589 1031 neque
612 996 739 1030 attingant
764 995 863 1029 aliquid
878 1002 911 1021 ex
936 995 979 1027 iis,
1006 1002 1040 1022 ne

251 1043 358 1069 fratrem
381 1049 469 1068 meum
483 1041 669 1072 scandalizem,
687 1047 782 1073 nempe
799 1047 884 1066 meam
901 1039 1016 1065 animam
1031 1047 1037 1070 ;

251 1087 378 1119 scriptum
396 1090 437 1112 cst
459 1085 529 1112 enim
553 1094 559 1111 :
584 1084 640 1111 Non
666 1085 692 1111 in
714 1085 841 1111 alimento
864 1084 950 1110 solum
975 1084 1040 1110 vivit

252 1131 331 1156 homo
346 1130 450 1164 (Matth.
466 1137 505 1162 tr;
523 1129 597 1156 Lucw
609 1129 655 1163 tv).
670 1129 735 1156 Cum
752 1133 839 1156 autem
858 1129 946 1156 adhuc
961 1129 1039 1156 aliam

249 1175 395 1210 jejnnaSset
419 1175 623 1207 hebdomadam,
650 1180 740 1209 postea
756 1175 923 1207 dormilavit;
948 1179 974 1201 et
995 1181 1039 1201 ve-

251 1220 327 1246 niens
340 1220 450 1254 angelus
465 1219 490 1246 in
506 1220 623 1252 somnis,
639 1219 663 1246 ei
678 1219 746 1246 dixit
759 1228 766 1246 :
783 1219 868 1254 Surge
882 1224 909 1247 et
932 1220 994 1246 tolle
1008 1227 1038 1246 ea

249 1274 306 1299 quae
322 1266 502 1300 imeniuntur,
530 1270 556 1293 ct
571 1266 692 1293 comede.
710 1266 733 1293 Is
753 1271 841 1292 autem
864 1267 988 1297 surrexit,
1013 1270 1040 1292 et

248 1311 455 1345 circumquaque
468 1311 609 1345 aspiciens,
624 1311 695 1337 videt
712 1310 812 1338 fontem
833 1311 858 1336 in
872 1310 963 1337 orbem
979 1311 1039 1337 her-

250 1357 296 1382 bas
311 1355 438 1382 delvcatas
451 1356 626 1389 germinasse.
642 1356 708 1383 Cum
724 1361 810 1382 autem
823 1360 849 1382 et
863 1361 952 1390 potutn
965 1363 1037 1382 suin-

250 1402 355 1434 psissct,
371 1406 397 1428 et
409 1401 569 1428 comedisset
583 1402 664 1435 olera,
678 1401 827 1428 affirmabat
842 1401 906 1427 nihil
923 1407 1038 1434 unquam

248 1445 296 1472 sibi
309 1445 391 1473 fuisse
402 1445 554 1480 jucundius.
569 1445 635 1472 Cum
651 1453 757 1479 parvam
774 1450 863 1472 autem
882 1446 1037 1479 speluncam

249 1491 274 1517 in
289 1491 347 1518 loco
361 1491 516 1523 invenisset,
532 1492 629 1517 mansit
652 1491 708 1519 illic
732 1499 831 1525 paucos
846 1491 905 1518 dies
918 1491 1035 1525 jejunus.

249 1536 298 1562 Ubi
312 1541 400 1563 autem
419 1537 513 1570 egebat
534 1536 672 1568 alimento,
698 1537 791 1563 orabat
812 1536 889 1563 ﬂexis
903 1536 1036 1570 genibus:

248 1581 272 1607 ei
285 1587 372 1608 autem
389 1582 508 1615 protinus
522 1582 722 1615 apponebantur
736 1582 871 1608 esculenta
887 1581 987 1615 omnia,

249 1627 324 1660 panis
338 1627 449 1659 calidus,
465 1632 491 1653 et
505 1627 592 1658 olivas,
607 1632 633 1654 et
646 1628 713 1654 varii
726 1627 837 1655 fructus.

285 1672 435 1705 Aliquando
449 1677 536 1699 autem
549 1673 641 1699 invisit
655 1673 753 1700 fratres
767 1681 847 1705 suos;
863 1678 890 1700 et
907 1681 967 1700 cum
989 1681 1035 1701 eos

249 1718 361 1744 multum
377 1718 532 1750 monuisset,
546 1718 723 1746 contendebat
747 1719 771 1745 in
799 1719 947 1751 desertum,
971 1719 1035 1746 affe-

250 1771 310 1791 rens
324 1765 446 1798 quat-dam
465 1765 497 1790 ad
519 1772 595 1791 usuin
621 1764 782 1791 necessaria.
797 1765 863 1791 Cum
889 1769 976 1791 autem
995 1765 1035 1791 vi-

248 1809 331 1835 disset
345 1809 474 1843 quosdam
490 1817 604 1843 onagros
619 1813 766 1842 pascentes,
779 1811 815 1835 a‘t
830 1809 894 1843 ipsis
909 1818 914 1834 :
937 1809 964 1836 In
986 1817 1034 1836 no-

251 1854 322 1881 mine
335 1854 396 1881 Jesu
409 1854 519 1887 Christi,
532 1854 620 1881 veniat
633 1863 700 1882 uitus
714 1863 747 1882 ex
762 1855 848 1887 vobis,
869 1859 896 1882 et
907 1855 1035 1889 suscipiat

248 1907 316 1926 onus
328 1908 426 1927 meum.
445 1901 467 1927 Is
475 1905 563 1928 autem
575 1901 663 1928 statim
689 1902 721 1928 ad
736 1901 821 1936 ipsum
835 1902 957 1929 accessit.
969 1902 1034 1929 Cum

249 1951 337 1972 autem
364 1946 555 1979 supellectilem
578 1946 602 1973 ei
624 1946 1033 1980 intposuisset,eteiinsedisset,

248 1998 301 2017 nuo
315 1991 358 2018 die
373 1992 493 2024 pervenit
515 1993 548 2018 ad
564 1992 727 2026 speluncam.
749 1992 776 2020 In
798 1993 854 2019 sole
870 2000 932 2019 vero
954 1993 986 2019 ab
1002 2000 1034 2019 eo

249 2036 340 2068 positis
356 2037 467 2069 panibus
491 2041 518 2063 et
545 2037 688 2068 fructibus,
717 2045 777 2064 cum
801 2037 833 2064 ad
845 2044 876 2064 ea
900 2037 1035 2064 venissent

248 2080 322 2112 fune,
337 2086 363 2106 ut
374 2081 462 2107 solent
474 2081 506 2109 ad
522 2081 632 2115 fontem,
645 2087 669 2108 et
683 2090 763 2116 panes
775 2083 860 2110 solum
874 2082 1032 2116 tetigissent,

248 2131 360 2151 "IOI‘IUJB
372 2131 445 2152 sunt.

284 2170 404 2196 Accessit
419 2175 507 2197 autem
524 2170 666 2205 aliquando
679 2171 711 2198 ad
724 2171 851 2205 quosdam
876 2171 1032 2203 monachos,

247 2220 307 2239 cum
321 2218 394 2240 esset
404 2215 462 2241 dies
473 2215 634 2248 Dominicus,
647 2219 675 2243 et
685 2216 753 2243 dixit
764 2216 817 2244 eis:
828 2216 882 2243 fiur
893 2216 972 2243 hodie
982 2224 1033 2243 non

248 2260 338 2294 egistis
352 2261 488 2294 synaxim?
501 2262 566 2288 Cum
587 2262 605 2289 ii
630 2267 718 2289 autem
731 2267 822 2296 aperte
836 2263 956 2290 dicerent
968 2270 975 2288 :
994 2263 1031 2289 Eo

248 2305 317 2338 quod
343 2313 396 2332 non
424 2307 527 2333 venerit
550 2306 707 2342 presbyter,
736 2307 803 2334 dixit
824 2307 864 2334 eis
891 2307 971 2341 :Ego
989 2307 1033 2334 ibo

248 2356 275 2378 et
300 2359 361 2378 eum
386 2352 494 2379 vocabo.
512 2352 529 2379 Ii
555 2358 644 2380 autem
659 2353 793 2384 dixerunt,
809 2361 861 2379 non
882 2360 960 2386 posse
983 2353 1031 2379 ali-

248 2406 325 2432 quem
359 2401 539 2426 transmittere
572 2393 677 2426 alveum
712 2402 819 2432 propter
853 2398 1030 2424 altitudinem.

247 2445 397 2477 Quinetiam
420 2445 543 2473 dicebant
557 2453 592 2472 eo
605 2445 630 2472 in
647 2445 706 2472 loco
726 2451 786 2471 esse
814 2444 930 2471 belluam
950 2445 1034 2470 maxi-

249 2499 330 2523 mam,
349 2499 444 2526 nempe
467 2492 640 2524 crocodilum,
656 2492 700 2525 qui
711 2491 809 2517 multos
828 2491 949 2517 homines
969 2497 1034 2517 con-

249 2542 407 2570 sumpserat.
424 2537 448 2564 IS
462 2542 550 2564 autetn
567 2544 621 2564 non
637 2541 785 2568 cunctatus,
810 2537 898 2562 statim
922 2543 1035 2570 surgens

251 2583 385 2616 profectus
397 2587 440 2610 est
456 2584 489 2610 ad
511 2584 605 2611 vadum
621 2592 628 2610 :
643 2592 722 2617 quem
749 2591 812 2610 cum
834 2583 919 2610 bellua
945 2583 1034 2610 statim

251 2634 327 2663 tergo
351 2629 511 2663 excepisset,
528 2629 562 2656 ad
588 2634 688 2662 partem
715 2629 780 2663 ripae
795 2629 929 2656 ulterioris
951 2633 1037 2655 trans-

250 2675 331 2700 vexit.
354 2672 420 2700 Cum
432 2679 519 2700 autem
545 2674 570 2700 in
596 2681 660 2708 agro
675 2673 822 2701 invenisset
838 2675 1034 2708 presbyterum,

252 2719 354 2753 rogavit
368 2727 401 2746 ne
418 2719 566 2753 despiceret
580 2718 786 2746 fraternitatem.
803 2718 849 2746 Ille
867 2724 955 2746 autem
972 2726 1033 2745 eum

253 2765 345 2791 videns
357 2766 446 2792 tnultis
458 2766 575 2792 consutis
593 2766 688 2799 pannis
701 2766 828 2796 obsitum,
840 2765 942 2799 rogavit
955 2766 1036 2792 unde-

253 2816 313 2850 rtam
327 2817 440 2844 pannum
453 2811 598 2845 habuisset,
610 2812 701 2839 dicens
713 2821 719 2837 :
731 2812 817 2838 llabes
830 2818 929 2839 restem
940 2812 1036 2838 animm

255 2855 468 2889 palcherritnaut.
483 2865 499 2885 o
515 2858 611 2885 frater-
628 2858 738 2889 eiusque
753 2857 929 2885 humilitatem
945 2862 972 2885 et
983 2857 1037 2885 fru-

1092 973 1156 992 ccns
1168 967 1260 993 vexari
1275 974 1289 993 a
1304 967 1490 1001 fornicatione,
1508 969 1581 996 illum
1595 977 1659 997 vero
1671 977 1685 996 ι
1699 977 1767 997 vana
1778 969 1878 1006 gloria,

1091 1011 1170 1038 alium
1186 1020 1200 1038 a
1213 1012 1328 1045 deliciis,
1344 1014 1424 1040 alium
1436 1014 1469 1040 ab
1485 1014 1534 1049 ira,
1552 1020 1579 1042 et
1591 1014 1672 1042 alium
1688 1016 1797 1050 quidem
1815 1024 1866 1051 pro

1094 1058 1234 1084 nuntiabat
1249 1066 1308 1085 esse
1320 1059 1508 1093 mitem,alium
1523 1068 1587 1088 vero
1598 1062 1738 1095 pacificum
1749 1069 1758 1090 :
1769 1061 1878 1092 illorum

1090 1102 1195 1136 quidem
1212 1104 1284 1135 vitia,
1302 1103 1395 1131 horum
1415 1112 1478 1132 vero
1492 1105 1604 1133 virtutes
1612 1113 1736 1141 arguens.
1752 1106 1819 1135 Hac
1831 1115 1876 1135 au-

1092 1151 1143 1173 tem
1159 1147 1306 1179 audientes,
1329 1149 1493 1176 mirabantur
1506 1149 1619 1176 dicendo
1638 1157 1732 1177 revera
1744 1150 1783 1178 ila
1803 1158 1876 1179 esse.

1090 1190 1134 1217 Eis
1148 1197 1235 1219 autem
1250 1193 1315 1219 dixit
1328 1201 1334 1219 :
1349 1193 1444 1220 Parate
1464 1194 1540 1222 nobis
1554 1194 1637 1228 olera,
1661 1194 1740 1222 hodie
1753 1195 1829 1223 enim
1844 1195 1875 1224 ad

1090 1242 1139 1261 nos
1151 1236 1259 1262 venient
1274 1237 1362 1269 plures
1375 1237 1479 1264 fratres.
1495 1238 1561 1265 Cum
1576 1239 1612 1266 illi
1626 1244 1715 1266 autem
1725 1239 1814 1267 adhuc
1830 1247 1875 1275 pa-

1091 1285 1190 1313 rarent,
1214 1281 1433 1315 supervenientes
1458 1281 1555 1310 fratres
1584 1291 1614 1312 se
1638 1283 1754 1312 invicem
1775 1284 1874 1313 saluta-

1090 1330 1161 1352 runt.

1126 1382 1237 1417 Rogavit
1247 1388 1333 1411 autem
1340 1391 1401 1411 eum
1411 1383 1516 1416 quidam
1526 1391 1558 1412 ex
1567 1383 1704 1420 fratribus,
1715 1384 1811 1413 volens
1821 1393 1872 1413 una

1088 1433 1147 1453 cum
1162 1435 1193 1454 eo
1209 1427 1306 1461 degere
1320 1428 1347 1455 in
1389 1426 1508 1455 deserto.
1546 1427 1586 1455 Eo
1622 1433 1715 1457 autem
1765 1429 1872 1459 diecula

1090 1480 1142 1498 non
1158 1479 1236 1506 posse
1250 1473 1322 1500 illum
1334 1473 1467 1501 sustinere
1483 1475 1644 1502 tentationes
1664 1473 1831 1510 daemonum,
1850 1476 1872 1503 is

1089 1518 1279 1544 contentiosius
1291 1526 1321 1546 se
1335 1518 1425 1546 omnia
1437 1519 1611 1546 toleraturum
1623 1520 1795 1547 asseveravit.
1806 1521 1873 1548 Cum

1089 1570 1149 1589 eum
1174 1569 1264 1590 autem
1280 1564 1441 1598 excepisset,
1461 1564 1541 1598 jussit
1555 1564 1675 1592 habitare
1695 1564 1724 1592 in
1736 1565 1791 1592 alia
1810 1571 1872 1600 ape-

1007 1589 1035 1608 “
1049 1596 1071 1627 (ἶ
1088 1607 1175 1634 lunca.
1191 1607 1231 1635 Ad
1246 1615 1307 1635 eum
1328 1589 1415 1636 autem
1432 1589 1512 1637 noctu
1536 1610 1710 1637 adventantes
1722 1589 1868 1643 damnes,

1086 1660 1146 1679 eum
1156 1652 1288 1680 suffocare
1297 1654 1531 1688 aggrediebantur,
1541 1661 1603 1681 cum
1613 1661 1674 1682 eum
1685 1654 1800 1689 primum
1809 1659 1869 1682 tur-

1086 1699 1163 1732 pibus
1184 1699 1384 1732 perturbassent
1407 1700 1623 1734 cogitationibus.
1645 1699 1694 1727 Ille
1715 1703 1801 1727 aule-
1812 1705 1864 1727 es-

1085 1750 1195 1770 currens
1218 1744 1379 1771 renuntiavit
1403 1745 1492 1772 abbati
1517 1745 1619 1772 Helleni
1637 1751 1696 1781 qu;
1708 1748 1859 1773 evenerint.

1086 1787 1143 1821 Ipse
1155 1791 1242 1814 autem
1254 1795 1314 1814 cum
1328 1788 1386 1816 loco
1397 1789 1507 1823 ﬁguram
1520 1789 1707 1824 impressisset,
1717 1787 1857 1824 lus-sitcum

1085 1832 1180 1859 deinde
1193 1840 1301 1860 manere
1312 1841 1417 1860 secure.
1439 1834 1505 1860 Cum
1519 1839 1606 1861 autem
1631 1832 1769 1869 aliquando
1783 1840 1862 1868 partes

1085 1878 1110 1906 ei
1123 1878 1281 1906 defecissent
1296 1879 1323 1906 in
1345 1880 1482 1913 spelunca,
1499 1880 1646 1908 adventans
1665 1880 1777 1916 angelus
1789 1880 1817 1908 In
1833 1879 1865 1906 a—

1085 1931 1149 1959 gura
1165 1924 1254 1951 fratris
1264 1924 1288 1952 ei
1300 1925 1387 1952 attulit
1401 1926 1593 1954 nutrimentum

1121 1981 1223 2008 Rursus
1235 1986 1324 2009 autem
1339 1982 1426 2015 ipsum
1441 1982 1583 2016 aliquando
1597 1986 1748 2016 quem
1764 1981 1866 2010 Iram

1085 2026 1179 2053 decem
1203 2035 1326 2060 numero,
1342 2027 1469 2055 errabant
1495 2035 1542 2062 per
1561 2027 1874 2063 solitadiuenneptim

1084 2072 1138 2105 jam
1150 2072 1192 2099 die
1204 2071 1287 2107 jejuni
1304 2078 1507 2107 permanentes;
1520 2080 1581 2100 cum
1590 2080 1652 2100 vero
1660 2080 1708 2101 eos
1715 2073 1874 2105 int'euiaset,

1083 2117 1198 2151 jussitin
1211 2117 1339 2151 spelunca
1353 2118 1502 2152 quiescere,
1518 2117 1556 2146 illi
1569 2125 1633 2146 vero
1645 2125 1706 2146 eum
1722 2119 1811 2146 victus
1823 2119 1876 2147 ad-

1086 2166 1257 2189 monuerunt.
1267 2161 1313 2190 Ille
1323 2163 1367 2197 qni
1381 2163 1446 2190 nihl
1459 2163 1573 2190 habebat
1585 2163 1655 2198 quod
1665 2163 1705 2190 eis
1715 2168 1877 2198 apponeret,

1086 2207 1154 2234 dixit
1165 2207 1205 2234 eis
1222 2215 1229 2234 :
1245 2207 1343 2235 Potens
1355 2212 1396 2234 est
1409 2207 1480 2235 Deus
1490 2215 1606 2235 mensam
1617 2208 1745 2243 pararein
1753 2208 1877 2237 deserto.

1086 2251 1180 2279 Statim
1208 2257 1297 2280 autem
1322 2252 1429 2287 quidam
1455 2253 1612 2281 adolescens
1632 2253 1667 2281 de
1680 2259 1799 2287 pomum
1812 2253 1878 2289 ipsis

1087 2298 1225 2325 orantibus
1239 2297 1355 2332 pulsavit
1375 2298 1457 2324 fores.
1471 2297 1538 2325 Cum
1559 2302 1646 2326 autem
1659 2297 1828 2332 aperuisset.
1840 2298 1879 2326 vi-

1087 2343 1184 2370 derunt
1215 2343 1410 2370 adolescentem
1435 2343 1576 2370 habentem
1602 2349 1725 2377 magnam
1753 2349 1879 2378 spor-tata

1088 2389 1163 2423 panis
1176 2394 1202 2416 et
1214 2389 1354 2416 olivarum.
1368 2388 1403 2416 Iis
1421 2394 1511 2416 autem
1532 2388 1673 2423 susceptis,
1689 2387 1878 2421 comedet-at.

1088 2434 1142 2461 Deo
1150 2438 1258 2468 agentes
1265 2434 1375 2468 gratias,
1383 2441 1442 2460 cum
1453 2434 1607 2462 adolescens
1613 2438 1705 2462 statim
1711 2434 1879 2463 evanuisset.

1088 2480 1150 2507 Haec
1161 2485 1188 2507 et
1199 2480 1249 2507 alia
1261 2479 1342 2506 multa
1354 2480 1481 2507 miracula
1491 2487 1553 2507 cum
1566 2479 1644 2508 nobis
1652 2483 1790 2509 narrasset
1797 2479 1882 2509 Pater

1091 2526 1203 2560 Copres,
1219 2533 1320 2559 nosque
1332 2525 1446 2560 benigne
1465 2530 1492 2553 et
1506 2525 1656 2553 humaniter
1669 2528 1827 2560 metam,
1839 2525 1883 2554 iu-

1090 2571 1166 2598 duxit
1191 2571 1217 2597 in
1238 2578 1315 2597 suum
1329 2569 1446 2603 hortum,
1460 2570 1604 2598 ostendens
1616 2569 1694 2597 nobIs
1717 2568 1845 2603 palmae,
1854 2575 1883 2598 et

1088 2616 1153 2642 alias
1167 2616 1277 2642 arbores
1298 2615 1437 2650 frugiferas
1450 2606 1519 2650 quas
1532 2615 1588 2650 ipse
1601 2614 1728 2650 plantavit
1741 2615 1768 2643 in
1782 2615 1884 2644 solitu-

1089 2661 1160 2693 dine,
1171 2661 1322 2688 adm0nitus
1333 2668 1348 2687 a
1364 2661 1415 2688 fide
1426 2661 1598 2693 rusticorum,
1613 2659 1710 2694 quibus
1718 2659 1790 2688 dixit
1802 2668 1814 2687 ε
1829 2659 1885 2688 Po-

1089 2712 1140 2735 test
1155 2708 1288 2735 desertum
1302 2707 1404 2736 fructus
1417 2707 1566 2742 producere
1577 2706 1610 2734 iis
1623 2706 1667 2741 qui
1682 2706 1763 2734 ﬁdem
1775 2705 1884 2735 habent

1087 2754 1114 2780 in
1131 2753 1224 2780 Deum.
1237 2753 1380 2787 Postquam
1391 2753 1462 2781 enim
1473 2752 1539 2786 vidi,
1549 2752 1636 2780 aiebat
1646 2759 1695 2780 eos
1705 2752 1750 2786 qui
1764 2758 1882 2780 arenam

1088 2799 1293 2832 seminaverant,
1309 2804 1336 2827 et
1355 2791 1554 2834 eorum-agrum
1574 2798 1686 2825 fructum
1701 2797 1807 2831 tulisse,
1819 2798 1883 2834 ipse

1089 2853 1193 2881 quoque
1208 2846 1278 2874 idem
1290 2853 1440 2881 aggressus,
1454 2844 1525 2873 idem
1536 2851 1596 2872 sunt
1611 2848 1780 2873 consecutus.
