4028 6428
301 424 430 490 1161

1514 413 1879 493 HISTORIA
1920 437 2309 501 LAUSIACA.

3409 443 3543 505 1162
3598 396 3605 399 ἦ

296 542 453 603 λάκις
502 540 803 609 ἡγούμενος
839 539 933 593 ἐπὶ
963 541 1114 609 τρεῖς
1160 542 1375 611 ἡμέρας
1418 544 1749 613 παραδίδωσι
1776 548 1874 617 τὴν
1902 546 1949 604 Α
1975 552 2479 622 ταπεινοφροσύνην
2527 554 2692 607 αὑτοῦ
2741 555 3027 626 θαυμάσας
3088 556 3181 608 καὶ
3244 555 3540 625 εὐτέλειαν,

296 629 497 696 ψυχήν.
545 629 659 697 Τὴν
692 627 747 680 δὲ
778 626 937 690 εὐθὺς
965 628 1187 695 ἄγγελοι
1219 628 1607 697 ὑποδεξάμενοι
1652 634 1748 685 καὶ
1782 652 1873 702 χο.

1974 634 2159 687 εἵπετο
2192 636 2341 706 αὑτῷ
2391 638 2605 693 ἀπιόντι
2640 642 2720 704 είς
2762 642 2855 695 τὸν
2885 642 3150 711 ποταμόν.
3191 642 3279 705 Ὦς
3326 643 3382 696 δὲ
3412 645 3545 714 πόρ-

300 716 383 783 pol
416 714 729 786 μαρτύρων,
762 716 843 778 εἰς
887 715 1150 786 οὑρανοὺς
1176 716 1378 786 ἀνῆγον
1411 703 1588 770 αὑτῶν
1618 718 1870 788 ὁρώντων
1973 721 2136 790 θμιον
2177 723 2274 793 οὑχ
2312 703 2502 794 νεῦρον,
2552 703 2735 797 φωνὴν
2773 729 2998 797 ἀφίησιν
3032 703 3074 781 ’ὁ
3104 703 3277 792 ἀϐϐἄς
3334 703 3542 796 Ἑλλῆιν,

299 802 394 856 καὶ
414 803 721 857 ἀκουόντων
752 803 879 865 τοὺς
908 802 1132 871 ὕμνους.

883 890 1133 943 ΚΕΦΑΛ.
1189 890 1317 944 ΝΘ’.

746 976 886 1044 Περὶ
944 974 1120 1032 Ἀϐϐᾶ
1164 976 1413 1045 Ἑλλῆν.

369 1066 563 1128 Ἀλλος
588 1065 646 1117 δέ
678 1082 763 1129 τις
789 1065 978 1134 Πατὴρ
1031 1064 1220 1130 Ἀϐϐἆ,
1285 1066 1477 1137 Ἑλλῆν
1511 1069 1864 1140 καλούμενος,

296 1153 552 1208 παιδόθεν
585 1153 687 1222 τήν
706 1150 908 1223 ἀρετὴν
947 1150 1279 1219 ἐξασκήσας,
1310 1156 1421 1216 τοῖς
1445 1154 1671 1223 πλησίον
1702 1160 1867 1213 αὑτοῦ

294 1241 541 1309 ἀδελφοῖς
572 1241 834 1304 πολλάκις
868 1237 981 1309 πῦρ
1029 1240 1087 1292 ἐν
1121 1238 1309 1308 κόλπῳ
1342 1240 1663 1308 ἐϐάσταζεν,
1690 1246 1868 1314 ἐρεθί-

292 1329 403 1395 ζων
431 1329 630 1391 αὐτοὺς
657 1326 971 1397 προϐαίνειν
1014 1326 1094 1387 είς
1129 1325 1387 1389 ἐπίδειξιν
1430 1327 1540 1382 τῶν
1592 1331 1861 1400 σημείων,

289 1419 467 1485 λέγων
485 1418 691 1481 αὑτοῖς,
720 1417 785 1471 El
812 1415 956 1469 κατά
999 1413 1258 1485 ἀλήθειαν
1288 1416 1530 1483 ἀσκεῖτε,
1559 1419 1629 1471 τά
1664 1424 1865 1491 σημεῖα

290 1508 477 1562 λοιπὸν
495 1507 597 1577 τῆς
620 1508 824 1577 ἀρετῆς
849 1504 1213 1571 ἐπιδείξασθε.
1240 1505 1464 1561 Ἀλλοτε
1486 1508 1543 1561 δὲ
1561 1508 1711 1579 αὐτῷ
1742 1512 1863 1565 καθ’

290 1596 484 1650 ἐαυτὸν
504 1596 804 1664 γενομένῳ,
831 1595 890 1648 ἐν
912 1595 977 1663 τῇ
1005 1593 1228 1662 ἐρήμῳ,
1254 1595 1311 1645 ἐν
1332 1593 1595 1666 ἐπιθυμίᾳ
1625 1598 1861 1666 μέλιτος,

287 1683 452 1745 εὐθὺς
512 1682 569 1736 δέ
629 1681 734 1735 ὑπὸ
788 1681 995 1751 πέτραν
1054 1680 1225 1749 κηρία
1279 1680 1620 1751 εὑράμενος,
1672 1687 1859 1755 φησὶν,

292 1770 533 1826 Ἀπελθε
558 1771 655 1824 ἀπ’
695 1768 856 1841 ἐμοῦ,
890 1771 923 1840 ή
976 1768 1277 1832 ἀκόλαστος
1325 1770 1628 1839 ἐπιθυμίαο
1661 1774 1863 1843 γέγρα-

1972 810 2452 880 προσκαλούμενος
2500 814 2590 867 τὸν
2638 815 2997 884 κροκόδειλον.
3047 815 3109 869 Ὀ
3136 817 3193 870 δὲ
3240 817 3401 880 εὐθὺς
3436 820 3542 873 ὑπ-

1972 896 2209 961 ακούσας
2239 900 2428 967 αὑτοῦ,
2462 901 2646 971 παρῆν
2703 901 2795 955 τὸν
2828 904 2997 956 νῶτον
3030 904 3540 974 ὑποστρωσάμενος.

1981 984 2164 1049 Ἦξίου
2187 986 2244 1039 δὲ
2270 988 2361 1040 τὸν
2383 989 2754 1059 πρεσϐύτερον
2779 992 3134 1060 συνεπιϐῆναι
3152 994 3319 1063 αὑτῷ.
3338 995 3543 1065 Ἔμφο-

1968 1072 2064 1137 ϐος
2092 1074 2149 1127 δὲ
2169 1075 2461 1145 γενόμενος
2489 1076 2695 1139 ἐκεῖνος
2729 1079 3087 1148 συνεωρακὼς
3118 1080 3180 1133 τὸ
3207 1081 3412 1152 θηρίον,
3450 1083 3543 1135 ἐπὶ

1967 1162 2037 1216 τὰ
2084 1161 2309 1217 δπισθεν
2339 1162 2631 1234 ὑπεχώρει.
2677 1164 2765 1227 Ὠς
2796 1165 2853 1218 δὲ
2904 1166 3109 1235 θάμϐος
3147 1166 3303 1237 ἔσχεν
3355 1168 3539 1233 αὑτὸν,

1968 1250 2065 1306 καὶ
2087 1250 2214 1312 τοὺς
2243 1250 2543 1320 ἀντιπέραν
2560 1250 2842 1313 οἰκοῦντας
2862 1252 3149 1319 ἀδελφοὺς,
3171 1253 3539 1323 θεασαμένους

1966 1338 2166 1398 αὑτοὺς
2195 1337 2293 1391 σὺν
2320 1337 2398 1406 τῷ
2452 1338 2627 1407 θηρίῳ
2660 1338 2752 1391 τὸν
2782 1339 2949 1405 πόρον
3005 1339 3539 1410 διαπορθμεύσαντα,

1966 1422 2205 1478 ἀνελθὼν
2251 1425 2331 1487 εις
2371 1424 2472 1494 τὴν
2514 1425 2686 1495 ξηράν
2732 1428 3182 1480 συνεπεσπάσατο
3214 1428 3275 1481 τὸ
3318 1428 3538 1499 θηρίον·

1965 1511 2221 1566 τεθνάναι
2259 1511 2431 1580 λέγων
2487 1512 2637 1570 αὑτῶ
2690 1513 2936 1581 ἄμεινον,
2985 1513 3080 1567 καὶ
3129 1516 3389 1585 κερδάναι
3433 1517 3541 1569 τῶν

1964 1598 2354 1669 ἀναιρεθεισῶν
2391 1598 2584 1669 ψυχῶν
2627 1600 2726 1668 τὴν
2755 1599 2931 1669 δίκην.
2975 1600 3048 1652 Τὸ
3101 1600 3156 1653 δὲ
3202 1604 3542 1674 παραχρῆμα

1964 1688 2130 1741 πεσὸν
2160 1688 2407 1757 ἐξέψυξε.

2038 1776 2538 1846 Προσκαρτερήσας
2594 1774 2653 1828 δέ
2690 1774 2905 1843 ἡμέρας
2961 1777 3111 1844 τρεῖς
3146 1778 3261 1839 τοῖς
3294 1777 3541 1845 ἀδελφοῖς

287 1879 423 1917 πται
464 1861 595 1932 γὰρ,
652 1859 929 1928 Πνεύματι
974 1860 1367 1927 περιπατεῖτε,
1412 1859 1508 1911 καὶ
1568 1861 1864 1931 ἐπιθυμίαν
1897 1877 1938 1931 Β
1967 1863 2203 1934 ἐκάθητο
2231 1863 2501 1916 διδάσκων
2551 1862 2750 1923 αὐτοὺς
2782 1860 2879 1923 τὰς
2909 1862 3151 1925 ἐντολάς,
3186 1862 3280 1916 καὶ
3311 1864 3380 1917 τά
3410 1866 3541 1919 ἐκά-

288 1950 492 2020 σαρκὸς
517 1952 576 2003 οὑ
614 1947 692 2018 μὴ
719 1946 996 2016 τελέσητε,
1028 1946 1123 1999 καὶ
1161 1945 1475 1999 καταλιπὼν
1523 1948 1662 2001 αὑτά
1687 1950 1861 2019 ἀπηλ-

284 2037 447 2108 λάγη.
487 2038 628 2108 Ἤδη
658 2036 714 2091 δὲ
752 2035 920 2092 αὑτοῦ
970 2036 1029 2087 ὲν
1062 2035 1127 2103 τῇ
1152 2034 1346 2106 ἐρήμῳ
1380 2036 1531 2104 τρεῖς
1558 2034 1862 2106 ἑϐδομάδας

285 2125 657 2195 νηστεύοντος,
697 2123 920 2193 ὀπώρας
966 2120 1143 2191 εὑρὼν
1175 2123 1537 2191 ἐρριμμένας,
1581 2119 1755 2178 εἶπενο
1783 2126 1860 2179 Οὑ

286 2214 362 2282 μὴ
402 2214 585 2281 φάγω,
629 2211 754 2264 οὑδέ
783 2210 1011 2277 ἅψωμαι
1039 2224 1185 2269 τινος
1215 2208 1274 2273 ἐξ
1314 2210 1514 2273 αὑτῶν,
1545 2209 1631 2264 ἵνα
1659 2211 1736 2283 μὴ
1764 2214 1859 2266 τὸν

281 2300 513 2366 ἀδελφόν
579 2312 681 2363 μου
715 2294 1081 2354 σκανδαλίσω,
1134 2294 1379 2347 τουτέστι
1410 2295 1509 2362 τὴν
1536 2294 1735 2365 ψυχήν.
1767 2298 1862 2350 Γέ-

281 2401 528 2454 γραπται
560 2382 689 2451 γὰρ,
720 2381 834 2432 Οὑκ
863 2380 955 2435 ἐπὶ
1000 2381 1175 2448 τροφῇ
1221 2380 1355 2449 μόνῃ
1394 2381 1617 2449 ζήσεται
1652 2384 1861 2450 ἄνθρω-

282 2489 404 2534 πος.
429 2470 752 2542 Νηστεύσας
772 2467 831 2522 δὲ
858 2468 952 2521 καὶ
978 2466 1145 2535 ἀλλην
1188 2467 1483 2536 ἑϐδομάδα,
1506 2470 1732 2541 ὕστερον
1755 2474 1861 2525 ἀπ-

280 2558 546 2624 ενύσταξε
565 2574 584 2594 ο
606 2557 699 2611 καὶ
714 2554 892 2624 εὑρὼν
924 2556 954 2607 ὁ
978 2554 1211 2622 ἄγγελος
1233 2555 1353 2607 κατ’
1377 2556 1532 2625 δναρ,
1569 2558 1705 2627 φησὶ
1728 2561 1863 2628 πρὸς

278 2645 475 2712 αὑτὸν,
516 2642 779 2706 Ἀναστὰς
826 2641 898 2696 τά
919 2642 1287 2711 εὑρισκόμενα
1318 2642 1479 2710 φάγε.
1520 2643 1577 2696 '0
1612 2644 1669 2698 δέ
1709 2646 1863 2712 ἐξαν-

278 2734 435 2802 έστη,
465 2733 558 2788 καὶ
590 2730 776 2801 κύκλῳ
813 2728 1277 2800 περιϐλεπόμενος
1300 2730 1401 2800 ὁρᾷ
1420 2730 1606 2801 πηγὴν
1634 2732 1862 2802 βοτάνας

278 2820 558 2891 τρυφεράς
608 2819 793 2888 κύκλῳ
843 2818 1243 2888 βλαστήσασαν.
1293 2818 1653 2890 Μετειληφὼς
1683 2822 1741 2876 δὲ
1767 2825 1862 2878 τοῦ

280 2908 449 2960 πότου
477 2908 571 2960 καὶ
616 2907 718 2973 τῆς
777 2906 983 2974 τροφῆς
1017 2904 1129 2957 τῶν
1185 2903 1455 2974 λαχάνων,
1494 2906 1864 2966 διεϐεϐαιοῦτο

283 2992 451 3059 μηδὲν
482 2990 737 3061 ήδύτερον
768 2988 947 3042 αὑτῶν
978 2988 1201 3041 πώποτε
1236 2988 1559 3055 γεύσασθαι.
1591 2993 1864 3064 Σπήλαιον

277 3079 336 3131 δὲ
367 3078 544 3149 εὑρὼν
579 3076 775 3148 μικρὸν
829 3078 889 3129 ἐν
932 3075 1009 3145 τῷ
1042 3075 1213 3145 τόπῳ,
1260 3075 1478 3145 ἔμεινεν
1511 3079 1629 3131 ἐκεῖ
1673 3082 1863 3151 ὀλίγας

276 3168 495 3237 ἡμέρας
524 3168 730 3228 ἄσιτος.
769 3166 857 3228 Ὠς
879 3164 934 3220 δὲ
962 3164 1148 3217 λοιπὸν
1177 3167 1383 3236 τροφῆς
1425 3168 1623 3233 ἐδέετο,
1662 3171 1854 3235 κλίνας

276 3256 344 3309 τά
370 3256 578 3325 γόνατα
626 3253 848 3325 ηὑχετο.
920 3253 1095 3317 Εὑθὺς
1141 3252 1197 3305 δὲ
1235 3254 1386 3323 αὑτῷ
1432 3259 1611 3313 πάντα
1644 3262 1711 3314 τὰ
1749 3262 1858 3317 τῶν

278 3341 581 3413 βρωσίμων
612 3343 964 3413 παρέκειντο,
997 3342 1089 3395 καὶ
1116 3340 1273 3413 ἄρτοι
1298 3341 1510 3413 θερμοὶ,
1540 3347 1635 3399 καὶ
1656 3348 1857 3417 ἐλαῖαι,

274 3431 370 3483 καὶ
398 3432 596 3501 ὀπώρα
622 3448 709 3493 τις
745 3430 1019 3501 διάφορος.

356 3516 735 3586 Ἐπεσκέψατο
773 3516 830 3568 δέ
860 3533 989 3570 ποτε
1028 3515 1153 3579 τοὺς
1214 3514 1410 3570 ἑαυτοῦ
1453 3518 1737 3588 ἀδελφοὺς,
1767 3521 1861 3585 οὓς

273 3603 371 3655 καὶ
428 3603 608 3657 πολλὰ
643 3603 973 3672 νουθετήσας
1026 3602 1121 3655 ἐπὶ
1171 3603 1271 3671 τὴν
1324 3603 1530 3674 ἔρημον
1580 3605 1858 3673 ἔσπευδεν,

270 3678 743 3763 ἐπικομιζόμενός
774 3708 895 3743 τινα
912 3690 1018 3742 τῶν
1061 3691 1143 3752 είς
1174 3690 1272 3752 τὰς
1304 3691 1491 3760 χρείας
1518 3693 1857 3763 ἐπιτηδείων.

282 3778 429 3835 Ἰδὼν
481 3781 537 3833 δὲ
599 3781 865 3848 ὀνάγρους
916 3778 1070 3841 τινάς
1124 3779 1482 3848 βοσκομένας,
1536 3784 1669 3851 φησὶ¹
1726 3785 1863 3854 πρὸς

267 3868 437 3933 αὑτάς
473 3884 488 3901 ο
524 3869 612 3921 Ἐν
650 3868 879 3938 ὀνόματι
908 3866 1003 3920 τοῦ
1032 3866 1268 3938 Χριστοῦ
1293 3869 1475 3936 ἡκέτω
1512 3871 1608 3939 μία
1630 3871 1689 3935 ἐξ
1710 3872 1863 3941 ὑμῶν

269 3955 654 4025 ὑποδεξαμένη
695 3972 794 4023 μου
825 3954 885 4007 τὸ
928 3955 1114 4025 βάρος.
1162 3953 1226 4006 Ἠ
1255 3954 1313 4007 δέ
1359 3955 1520 4019 εὐθὺς
1571 3960 1659 4010 ἐπ’
1700 3961 1863 4014 αὑτὸν

267 4041 562 4113 ὥρμησεν.
626 4042 869 4104 Ἐπιθεὶς
906 4041 962 4095 δὲ
1000 4042 1136 4111 αὑτῇ
1162 4043 1233 4094 τὰ
1267 4042 1459 4112 σκεύη,
1495 4045 1589 4098 καὶ
1615 4048 1862 4102 ἐπικαθί-

273 4141 396 4192 σας,
427 4129 493 4179 ἐν
526 4124 825 4193 μονημέρῳ
848 4124 940 4177 ἐπὶ
962 4124 1022 4176 τὸ
1048 4123 1312 4193 σπήλαιον
1332 4124 1553 4193 ἔφθασε.
1580 4130 1864 4193 Διαθέντος

272 4212 330 4266 δὲ
360 4213 530 4268 αὑτοῦ
563 4211 690 4275 τοὺς
716 4212 915 4279 ἄρτους
946 4212 1040 4263 καὶ
1070 4210 1169 4274 τὰς
1222 4211 1444 4281 ὀπώρας
1475 4216 1533 4268 ἐν
1581 4216 1660 4286 τῷ
1705 4218 1861 4288 ήλίῳ,

272 4295 440 4371 ἦλθεν
467 4304 553 4357 ἐπ’
577 4302 737 4367 αὑτά,
766 4302 841 4365 ὡς
872 4300 992 4365 ἔθος
1021 4296 1110 4372 ἦν,
1140 4302 1209 4354 τά
1234 4302 1396 4372 θηρία
1425 4304 1515 4356 ἐπὶ
1540 4304 1635 4375 τὴν
1659 4306 1860 4377 πηγὴν,

275 4391 371 4441 καὶ
403 4392 661 4461 ἁψάμενα
697 4391 856 4459 μόνον
874 4388 982 4441 τῶν
1015 4388 1195 4458 ἀρτων
1216 4388 1518 4456 ἀπέψυξαν.

347 4477 691 4548 Παραϐαλὼν
740 4477 797 4529 δὲ
853 4478 990 4547 πρός
1046 4492 1201 4537 τινας
1254 4479 1521 4546 μοναχοὺς
1574 4479 1858 4552 Κυριακῆς

1963 1968 2090 2004 στου
2146 1952 2205 2003 ἐν
2234 1948 2467 2019 κρυπτῷ
2510 1948 2857 2019 βουλεύματα
2899 1949 3149 2019 φανερῶς
3179 1950 3538 2018 ἐξαγγέλλων.

1962 2038 2068 2091 Τὸν
2118 2038 2217 2109 μὲν
2273 2036 2379 2089 ὑπὸ
2434 2036 2695 2101 πορνείας
2743 2035 3077 2105 ἐνοχλεῖσθαι
3114 2037 3309 2103 λέγων,
3345 2038 3435 2091 τὸν
3485 2040 3541 2091 δὲ

1962 2126 2067 2178 ὑπὸ
2115 2124 2443 2189 κενοδοξίας,
2493 2123 2652 2179 ἄλλον
2700 2122 2804 2175 ὑπὸ
2852 2122 3088 2192 τρυφῆς,
3124 2122 3312 2193 ἕτερον
3341 2124 3395 2177 δὲ
3437 2125 3545 2177 ὑπὸ

1962 2214 2155 2284 ὀργῆς,
2183 2215 2276 2266 καὶ
2304 2214 2365 2265 δν
2390 2212 2490 2281 μὲν
2515 2214 2714 2282 πρᾶον,
2741 2211 2799 2263 ὃν
2821 2212 2879 2264 δὲ
2906 2212 3182 2281 εἰρηνικὸν
3204 2213 3542 2281 ἀπεφήνατο,

1963 2299 2059 2353 καὶ
2081 2298 2173 2352 τοῦ
2206 2297 2307 2367 μὲν
2323 2297 2422 2365 τὴν
2452 2296 2674 2360 κακίαν,
2699 2295 2796 2348 τοῦ
2812 2297 2867 2349 δὲ
2890 2299 2988 2359 τὰς
3007 2297 3541 2368 ἀρετάςέξελέγχων.

1975 2386 2290 2447 Ἀκούοντες
2345 2385 2401 2438 δὲ
2446 2384 2621 2438 ταῦτα
2678 2381 2990 2451 ἐθαύμαζον
3038 2385 3283 2452 λέγοντες
3328 2387 3543 2454 ἀληθῶς

1962 2472 2135 2534 οὑτως
2191 2468 2355 2524 εἶναι.
2416 2468 2553 2524 Εἷπε
2598 2470 2655 2523 δὲ
2714 2470 2851 2539 πρὸς
2905 2470 3137 2533 αὐτούς’
3186 2471 3542 2541 Ἑτοιμάσατε

1963 2561 2094 2627 ἡμῖν
2141 2558 2384 2628 λάχαναθ
2456 2557 2768 2610 ἐλεύσονται
2822 2557 2931 2627 γὰρ
3006 2560 3246 2629 σήμερον
3298 2559 3542 2624 πλείονες

1964 2646 2186 2715 ἀδελφοὶ
2236 2645 2374 2716 πρὸς
2402 2646 2574 2714 ἡμᾶς.
2626 2645 2690 2697 Οἱ
2721 2644 2778 2696 δέ
2833 2644 2909 2708 ώς
2942 2644 3019 2697 ἔτι
3049 2645 3380 2715 ηὑτρέπιζον
3417 2648 3541 2699 ἐπι-

1966 2736 2210 2790 στάντων
2233 2733 2341 2788 τῶν
2368 2733 2646 2801 ἀδελφῶν,
2676 2733 2942 2802 ἀλλήλους
2972 2733 3301 2802 ἠσπάζοντο.

2046 2820 2228 2885 Ἠξίου
2244 2821 2303 2873 δέ
2323 2838 2407 2883 τις
2434 2821 2615 2874 αὑτῶν
2640 2820 2750 2874 τῶν
2775 2821 3042 2891 ἀδελφῶν,
3068 2824 3375 2890 συνδιάγειν
3395 2823 3543 2891 αὑτῷ

1963 2909 2024 2961 ἐν
2056 2910 2122 2977 τῇ
2175 2907 2373 2976 ἐρήμῳ
2425 2905 2776 2975 βουλόμενος.
2829 2907 3095 2975 Λέγοντος
3132 2908 3188 2960 δέ
3246 2907 3412 2963 αὑτοῦ
3464 2909 3543 2979 μὴ

1964 2996 2226 3052 δύνασθαι
2250 2996 2576 3064 ὑπενεγκεῖν
2598 2996 2725 3059 τοὺς
2744 2997 3089 3066 πειρασμοὺς
3112 2997 3221 3051 τῶν
3246 2998 3541 3067 δαιμόνων,

1982 3084 2417 3153 φιλονεικότερον
2448 3084 2655 3147 ἐκεῖνος
2684 3084 2975 3148 διατεθεὶς,
3008 3086 3187 3137 πάντα
3223 3086 3544 3153 ὑπενεγκεῖν

1887 3203 1928 3259 C
1966 3171 2357 3259 ἐπηγγέλλετο.
2385 3170 2499 3224 Καὶ
2528 3171 2591 3240 δὴ
2624 3171 3024 3259 ὑποδεξάμενος
3059 3172 3223 3225 αὑτὸν
3248 3173 3329 3236 εἰς
3358 3172 3544 3241 ἕτερον

1964 3260 2230 3326 σπήλαιον
2249 3258 2423 3311 οἰκεῖν
2442 3257 2858 3327 παρεκελεύετο.
2890 3260 3243 3324 Ἐπιστάντες
3255 3260 3310 3313 δὲ
3331 3260 3545 3328 νύκτωρ

1961 3350 2010 3401 οἱ
2058 3346 2314 3413 δαίμονες
2369 3345 2585 3413 πνίγειν
2616 3345 2780 3399 αὑτὸν
2837 3346 3181 3416 ἐπεχείρουν,
3221 3348 3284 3400 τὸ
3326 3346 3545 3416 πρῶτον

1963 3433 2210 3501 αἰσχροῖς
2250 3430 2536 3500 λογισμοῖς
2588 3431 2789 3492 ἱκανῶς
2820 3432 3271 3501 διαταράξαντες.
3316 3433 3545 3502 Ἐκδρα-

1966 3518 2083 3589 μὼν
2135 3517 2193 3570 δὲ
2249 3519 2459 3579 ἐκεῖνος
2502 3515 2572 3570 τὰ
2622 3516 2909 3585 συμϐάντα
2962 3518 3235 3588 ἐπήγγελε
3284 3515 3360 3587 τῷ
3403 3518 3544 3570 ἀϐϐἄ

1979 3604 2214 3672 Ἑλλῆνι.
2246 3601 2628 3673 Περιχαράξας
2653 3603 2709 3656 δέ
2730 3604 2938 3667 ἐκεῖνος
2956 3603 3047 3656 τὸν
3074 3603 3264 3669 τόπον,
3290 3604 3544 3659 ἐκέλευσε

1962 3693 2023 3747 τὸ
2060 3692 2249 3746 λοιπὸν
2282 3690 2421 3760 μετά
2441 3689 2627 3751 ἀδείας
2663 3690 2849 3760 μένειν
2874 3691 3060 3745 αὑτόν.

2040 3782 2255 3851 ¹Ἀρτων
2289 3777 2347 3833 δὲ
2394 3775 2591 3841 αὑτούς
2644 3795 2775 3831 ποτε
2806 3777 3168 3832 ἐπιλιπόντων
3207 3779 3265 3831 ἐν
3291 3777 3371 3848 τῷ
3401 3795 3544 3847 σπη-

1964 3868 2123 3936 λαίῳ,
2158 3864 2387 3927 ἐπιστὰς
2420 3864 2656 3933 ἄγγελος
2681 3867 2740 3918 ὲν
2761 3864 2993 3935 ἀδελφοῦ
3024 3867 3264 3936 σχήματι
3290 3865 3545 3937 ἐκόμιζεν

1964 3954 2151 4015 αὑτοῖς
2170 3953 2270 4021 τὴν
2291 3951 2523 4020 τροφήν.
2554 3950 2779 4005 Ἀλλοτε
2807 3950 2862 4003 δέ
2884 3951 3270 4021 ἐπιζητοῦντες
3299 3953 3461 4007 αὑτὸν
3491 3954 3542 4005 οἱ

1964 4040 2186 4109 ἀδελφοὶ
2216 4039 2352 4092 δέκα
2380 4026 2472 4092 τὸν
2500 4038 2755 4109 ἀριθμὸν,
2790 4038 3088 4104 ἐπλάζοντο
3115 4039 3255 4095 κατά
3292 4039 3390 4110 τὴν
3418 4039 3547 4109 ἐρη-

1966 4147 2069 4201 μον
2097 4128 2331 4198 ἑϐδόμην
2365 4126 2581 4199 ἡμέραν
2629 4126 2805 4180 ἀσιτοι
2850 4126 3243 4190 διατελοῦντες.
3278 4126 3468 4197 Εὑρὼν
3489 4126 3545 4179 δὲ

1966 4217 2165 4278 αὑτοὺς
2192 4216 2441 4267 ἐκέλευεν
2472 4212 2853 4266 ἀναπαύεσθαι
2885 4213 2944 4266 ἐν
2979 4212 3054 4281 τῷ
3090 4214 3356 4282 σπηλαίῳ.
3399 4213 3461 4264 υἱ
3490 4212 3545 4265 δὲ

1969 4304 2045 4366 ὼς
2103 4302 2425 4371 ὑπέμνησαν
2475 4299 2605 4371 περὶ
2650 4298 2885 4367 διαίτης,
2942 4299 3149 4361 ἐκεῖνος
3196 4300 3361 4370 μηδὲν
3407 4300 3544 4369 ἔχων

1966 4390 2313 4459 παραθεῖναι,
2376 4387 2531 4455 ἔλεγε
2582 4386 2720 4458 πρὸς
2766 4385 2985 4449 αὑτοὺς,
3042 4386 3277 4449 Δυνατός
3342 4387 3545 4438 ἐστινὸ

1968 4477 2100 4537 Θεὸς
2150 4475 2439 4545 ἑτοιμάσαι
2479 4472 2762 4544 τράπεζαν
2789 4476 2847 4527 ἐν
2872 4474 3087 4546 ἐρήμῳ.
3141 4469 3316 4538 Εὑθὺς
3350 4474 3405 4526 δὲ
3441 4474 3547 4542 πρὸ

272 4530 655 4631 οῠσηέ,ἐλεγε
691 4564 827 4632 πρὸς
860 4530 1054 4624 αὑτούς
1080 4578 1093 4593 ο
1127 4530 1197 4611 Τί
1227 4530 1290 4632 δή
1322 4530 1565 4633 σήμερον
1604 4530 1857 4634 τὴᾯξςεᾷἶ
1886 4530 1934 4590 D
1964 4530 2142 4633 θυρῶν
2193 4530 2324 4625 παῖς
2381 4578 2467 4625 τις
2515 4530 2690 4624 καλὸς
2736 4530 3269 4631 νεανίάςμέπέμενε,
3296 4530 3312 4538 ν
3334 4530 3547 4632 κρούων

274 4646 398 4711 αξιν
444 4652 545 4703 οὑκ
586 4651 978 4715 ἐπιτελέσατε;
1012 4650 1133 4701 Τῶν
1167 4649 1225 4702 δὲ
1249 4650 1569 4717 φασκόντων
1617 4654 1689 4722 μὴ
1736 4655 1860 4724 ἐλη-

272 4730 496 4791 λυθέναι
514 4737 751 4809 πέρηθεν
774 4738 864 4791 τὸν
887 4738 1256 4809 πρεσϐύτερον
1272 4755 1286 4769 ·
1312 4739 1466 4804 ἔλεγε
1487 4739 1623 4809 πρὸς
1644 4741 1859 4804 αὑτούς·

285 4821 570 4879 Ἀπελθὼν
601 4825 815 4879 καλέσω
842 4825 1026 4879 αὑτόν.
1059 4827 1121 4878 Οἱ
1143 4825 1199 4877 δὲ
1231 4825 1473 4897 ἔφασκον
1500 4827 1575 4897 μὴ
1603 4826 1862 4881 δύνασθαί

273 4924 402 4963 τινα
444 4913 750 4969 διαϐαίνειν
791 4914 882 4966 τὸν
918 4915 1085 4983 πόρον
1118 4912 1205 4967 διὰ
1234 4912 1293 4965 τὸ
1333 4912 1517 4983 βάθος.
1564 4914 1724 4969 Ἀλλά
1753 4918 1861 4988 γάρ

273 4996 370 5047 καὶ.
404 4998 595 5072 θηρίον
643 5002 901 5072 μέγιστον
940 4999 1129 5068 ἔλεγον
1159 4996 1298 5052 εἶναι
1342 5001 1401 5051 ἐν
1444 4998 1522 5069 τῷ
1552 5000 1702 5071 τόπῳ
1731 5019 1862 5072 xpo-

274 5081 523 5143 κόδειλόν
564 5108 711 5155 τινα,
757 5088 990 5151 πολλοὺς
1019 5088 1343 5159 ἀνθρώπους
1375 5089 1859 5145 καταναλώσαντα.

286 5164 345 5218 Ὀ
375 5169 435 5224 δὲ
470 5177 546 5246 μὴ
579 5177 876 5246 μελλήσας,
906 5175 1068 5240 εὐθὺς
1100 5177 1338 5238 ἀναστάς
1361 5175 1621 5247 ὥρμησεν
1652 5178 1746 5232 ἐπὶ
1772 5179 1864 5231 τὸν

276 5253 473 5321 πόρον,
522 5265 617 5316 καὶ
666 5264 830 5328 εὐθὺς
877 5262 1041 5317 αὑτὸν
1086 5263 1147 5315 τὸ
1186 5264 1373 5333 θηρίον
1418 5265 1513 5317 ἐπὶ
1560 5264 1655 5318 τοῦ
1691 5265 1862 5320 νώτου

281 5337 687 5425 ὑποδεξάμενον
739 5356 819 5417 είς
863 5354 925 5406 τὸ
965 5353 1140 5423 πέραν
1177 5352 1643 5424 ἀποκατέστησεν.
1673 5353 1863 5425 Εὑρὼν

276 5420 334 5513 δέ
358 5428 452 5481 τὸν
474 5440 847 5511 πρεσϐύτερον
877 5445 934 5495 ἐν
951 5420 1259 5513 τῶνχωρίῳ,
1284 5420 1586 5511 παρεκάλει
1611 5441 1687 5513 μὴ
1716 5420 1863 5512 περι-

278 5510 410 5599 ιβέῖν
482 5526 583 5593 τὴν
656 5510 1013 5599 ἀδελφότηταξ
1052 5510 1222 5581 Ἶδὼν
1290 5510 1377 5581 δέ
1413 5530 1576 5582 αὑτὸν
1612 5510 1623 5513 ”
1658 5510 1862 5592 ἐκεῖνος

278 5596 451 5667 ῥάκος
474 5610 825 5685 ἐνδεδυμένον
855 5596 1222 5689 πολύρραφον,
1260 5619 1392 5689 παρ’
1424 5618 1591 5669 αὑτοῦ
1626 5618 1862 5670 ἐπυνθά-

275 5702 418 5777 ξίετο,
450 5700 621 5755 πόθεν
649 5702 756 5773 ἄρα
780 5704 840 5756 τὸ
874 5706 1040 5775 ῥάκος
1072 5707 1365 5777 ἐκέκτητο·
1394 5706 1660 5770 ἐπειπὼν,
1715 5706 1860 5759 Κάλ-

273 5771 460 5834 λιστον
514 5788 663 5863 ἔχεις
700 5792 914 5863 ἱμάτιον
968 5796 1065 5864 τῆς
1118 5795 1314 5866 ψυχῆς,
1371 5794 1588 5864 ἀδελφέ.
1648 5795 1757 5864 Τὴν
1806 5795 1859 5846 δὲ

1967 4650 2285 4719 εὐχομένων
2315 4648 2518 4702 αὑτῶν.
2569 4647 2904 4714 Ἀνοίξαντες
2936 4648 2992 4701 δὲ
3022 4641 3161 4701 εἶδον
3189 4648 3281 4702 τὸν
3303 4647 3543 4710 νεανίαν,

1963 4738 2196 4807 σπυρίδα
2269 4736 2512 4807 μεγάλην
2576 4735 2781 4808 μεστὴν
2835 4736 3016 4807 ἄρτων
3089 4752 3147 4788 τε
3202 4737 3297 4789 καὶ
3349 4729 3544 4788 ἐλαιῶν

1961 4810 2186 4893 ἔχοντα’·
2234 4822 2623 4893 ὑποδεξάμενοι
2655 4823 2713 4875 δὲ
2745 4823 2886 4876 αὑτά
2918 4822 3352 4893 μετελάμϐανον,
3385 4823 3547 4892 εὐχα-

1966 4910 2274 4981 ριστοῦντες
2324 4911 2401 4981 τῷ
2442 4910 2653 4980 Κυρίῳ,
2700 4910 2794 4962 τοῦ
2855 4908 3045 4972 παιδὸς
3095 4909 3257 4973 εὐθὺς
3307 4909 3546 4979 ἀφανοῦς

1960 5000 2275 5071 γενομένου.
2318 4998 2504 5053 Ταῦτά
2534 5015 2593 5051 τε
2627 4997 2720 5050 καὶ
2764 4996 2899 5052 ἀλλα
2944 4996 3167 5050 πλείονα
3202 4996 3492 5067 θαυμαστά
3519 4999 3547 5049 ό

1963 5088 2146 5159 πατὴρ
2180 5087 2408 5159 Κοπρῆς
2450 5088 2582 5157 ήμῖν
2617 5085 3042 5157 ὑφηγησάμενος
3074 5086 3171 5139 καὶ
3215 5085 3543 5155 φιλοφρονη-

1965 5177 2201 5245 σάμενος
2249 5176 2398 5245 ήμᾶς
2454 5172 2600 5227 κατά
2641 5173 2863 5244 τρόπον,
2897 5174 2977 5235 είς
3019 5172 3111 5225 τὸν
3143 5171 3335 5226 ἑαυτοῦ
3370 5174 3547 5242 κῆπον

1963 5264 2247 5333 εἰσήγαγε,
2285 5262 2546 5314 δεικνύων
2592 5261 2726 5330 ήμῖν
2772 5258 3042 5327 φοίνικας,
3076 5258 3172 5312 καὶ
3216 5258 3353 5312 ἄλλα
3396 5259 3515 5311 όπω

1965 5353 2113 5422 ρικά,
2149 5352 2295 5421 άπερ
2344 5350 2508 5413 αὑτὸς
2544 5350 2601 5401 ἐν
2645 5349 2711 5419 τῇ
2742 5348 2933 5419 ἐρήμῳ
2984 5346 3281 5416 ἐφύτευσεν
3309 5347 3415 5400 ὑπὸ
3445 5350 3547 5418 τῆς

1960 5439 2070 5492 τῶν
2096 5440 2373 5509 ἀγροίκων
2396 5439 2633 5499 πίστεως
2666 5436 3058 5507 ὑπομνησθείς.
3086 5436 3227 5504 Πρὸς
3244 5434 3338 5498 οὓς
3366 5432 3543 5499 εἶπεν,

1962 5526 2041 5579 ὅτι
2072 5526 2307 5580 Δύναται
2339 5524 2434 5578 καὶ
2461 5526 2493 5595 ἡ
2528 5523 2733 5594 ἕρημος
2764 5523 3186 5592 καρποφορῆσαι
3218 5524 3331 5585 τοῖς
3362 5520 3543 5591 ἔχουσι

1964 5614 2146 5665 πίστιν
2203 5616 2281 5675 εἰς
2312 5612 2404 5665 τὸν
2436 5611 2586 5665 Θεόν.
2639 5612 2726 5673 Ὠς
2766 5610 2871 5680 γάρ
2904 5604 3067 5672 εἶδον,
3123 5609 3309 5677 φησὶν,
3347 5608 3542 5671 αὑτοὺς

1963 5702 2061 5769 τὴν
2092 5700 2319 5771 ψάμμον
2358 5700 2711 5769 σπείραντας,
2736 5699 2829 5751 καὶ
2874 5698 2972 5768 τὴν
2994 5694 3178 5765 χώραν
3200 5695 3378 5749 αὑτῶν
3410 5713 3536 5767 καρο

1966 5794 2330 5864 ποφοροῦσαν,
2360 5790 2513 5862 κάγὼ
2538 5792 2595 5843 τὸ
2621 5789 2751 5845 αὑτὸ
2778 5789 3136 5858 ἐπιχειρήσας
3164 5789 3441 5857 ἐπέτυχον.
