4028 6434
485 441 618 503 1163

1014 549 1313 605 ΚΕΦΑΔΑΙ
1324 545 1411 600 0N
1456 542 1508 597 Ξ¹
1519 582 1533 597 .

571 642 713 711 Περὶ
744 641 849 695 τοῦ
891 638 1042 694 ἁϐΕά
1087 636 1351 702 Ἀπέλλη
1380 632 1488 686 τοῦ
1519 625 1953 699 πρεσϐυτέρου.

559 732 767 803 Ἰδομεν
800 730 856 783 δέ
881 730 977 783 καί⁵
1005 728 1194 798 ἕτερον
1221 722 1599 796 πρεσϐύτερον
1645 720 1703 770 ἐν
1730 717 1853 803 τοῖς
1878 711 2071 803 μέρεσι

485 825 597 885 τοῖς
632 802 947 888 ἀνωτέροις,
996 816 1225 885 ὀνόματι
1271 809 1562 878 Ἀπέλλην,
1618 805 1787 875 ἄνδρα
1838 802 2068 888 δίκαιον,

485 911 585 982 τὴν
640 886 1010 978 χαλκευτικὴν
1054 903 1254 974 τέχνην
1308 898 1528 969 πρῶτον
1583 892 1932 982 μετελθόντα,
1978 886 2072 982 καὶ.

486 974 700 1053 ἐκεῖθεν
734 997 815 1059 εἰς
848 995 1082 1061 ἄσκησιν
1102 988 1383 1061 τραπέντα
1406 1003 1421 1016 ο
1449 984 1507 1049 ὃς
1535 982 1784 1041 ἐλθόντος
1814 976 1947 1030 ποτέ
1976 974 2071 1028 τοῦ

486 1087 734 1142 διαϐόλου
781 1084 918 1154 πρὸς
948 1082 1112 1136 αὑτὸν
1143 1081 1200 1131 ἐν
1226 1075 1527 1146 γυναικείῳ
1570 1072 1839 1143 σχήματι,
1871 1068 1947 1130 ώς
1972 1065 2073 1130 τὰς

489 1175 680 1247 χρείας
706 1174 816 1227 τῶν
852 1169 1101 1241 μοναχῶν
1141 1165 1427 1239 χαλκεύων
1456 1162 1778 1231 ἐτύγχανεν,
1816 1157 2075 1229 ἀρπάσας

489 1270 553 1319 ἐκ
582 1264 680 1318 τοῦ
725 1262 900 1331 πυρὸς
952 1256 1353 1328 πεπυρωμένον
1395 1256 1457 1309 τὸ
1498 1253 1745 1321 σιδήριον
1793 1252 1859 1319 τῇ
1905 1247 2072 1318 χειρὶ,

489 1354 578 1407 διὰ
613 1350 851 1418 σπουδῆς
885 1348 945 1401 τὸ
995 1347 1290 1417 πρόσωπον
1322 1344 1494 1413 αὐτῆς
1530 1342 1651 1395 ὅλον
1674 1339 1772 1393 καὶ
1804 1337 1867 1390 τὸ
1914 1334 2075 1403 σῶμα

491 1442 849 1495 κατέκαυσεν.
880 1436 991 1490 Καὶ
1008 1437 1209 1507 Ιἤκουον
1238 1432 1443 1505 ταύτης
1465 1434 1514 1485 οί
1541 1428 1761 1498 ἀδελφοὶ
1790 1422 2076 1488 ὀλολυζού-

494 1546 594 1599 σης
627 1530 684 1581 ἐν
712 1525 791 1596 τῷ
816 1524 1013 1593 κελλίῳ
1034 1541 1047 1555 ο
1081 1522 1142 1587 ἐξ
1167 1521 1378 1575 ἐκείνου
1402 1518 1590 1573 λοιπὸν
1618 1518 1646 1569 ὀ
1676 1517 1816 1585 ἀνὴρ
1844 1512 2076 1599 πάντοτε

491 1597 558 1668 τοί
583 1614 825 1685 σιδήριον
858 1615 925 1682 τῇ
973 1610 1114 1683 χειρὶ
1167 1611 1363 1681 κρατεῖ
1403 1602 1931 1674 πεπυρακτωμένον,
1979 1597 2078 1652 καὶ

497 1704 570 1775 μὴ
598 1703 974 1773 βλαπτόμενος
999 1716 1011 1729 ο
1040 1700 1097 1763 ὃς
1125 1700 1274 1769 ἡμᾶς
1289 1697 1629 1766 φιλοφρόνως
1651 1692 2073 1760 ὑποδεξάμενος,

494 1790 623 1859 περὶ
686 1789 797 1842 τῶν
833 1789 931 1840 σὺν
994 1786 1142 1855 αὑτῷ
1196 1784 1507 1855 γενομένων
1557 1780 1820 1848 ἀξιοθέων
1867 1776 2077 1848 ἀνδρῶν

495 1878 778 1947 ὑφηγεῖτο,
811 1874 892 1928 ἔτι
922 1873 1021 1928 νῦν
1045 1873 1370 1941 περιόντων.

1048 1960 1278 2012 ΚΕΦΑΛ
1290 1999 1301 2011 .
1356 1955 1477 2011 ΞΝ.

923 2047 1063 2116 Περὶ
1095 2045 1243 2101 ἀόὄᾶ
1296 2043 1602 2099 Ἰωάννου.

573 2140 752 2202 Ἐστι,
788 2138 977 2207 φησὶν,
1007 2139 1064 2189 ἐν
1096 2137 1163 2205 τῇ
1197 2134 1391 2205 ἐρήμῳ
1419 2130 1591 2201 ταύτῃ
1622 2127 1851 2198 ἀδελφὸς
1882 2124 2085 2197 ἡμέτε-

502 2247 593 2300 ρος
638 2229 918 2296 Ἰωάννης.
951 2226 1117 2294 ἀλλης
1154 2224 1254 2292 μὲν
1276 2222 1464 2276 λοιπὸν
1492 2220 1708 2290 ἡλικίας
1748 2219 1957 2278 πάντας
1988 2214 2087 2284 μέν

499 2320 625 2379 τοὺς
677 2316 773 2369 νῦν
827 2315 1095 2383 μοναχοὺς
1140 2313 1261 2373 ταῖς
1316 2310 1540 2378 ἀρεταῖς
1609 2305 1987 2377 ὑπερϐάλλων,
2028 2303 2088 2357 ὃν

500 2404 675 2465 οὐδεὶς
699 2401 908 2471 ταχέως
940 2401 1122 2469 εὑρεῖν
1151 2397 1396 2460 δύναται,
1416 2395 1505 2448 διὰ
1526 2395 1586 2448 τὸ
1617 2395 1702 2447 ἀεὶ
1737 2392 2087 2463 μεταϐαίνειν

501 2492 665 2545 αὑτὸν
691 2490 857 2543 τόπον
884 2491 946 2540 ἐκ
972 2488 1139 2540 τόπου
1168 2487 1226 2538 ἐν
1256 2488 1324 2555 τῇ
1358 2484 1571 2552 ἐρήμῳ.
1599 2478 1768 2543 Οὗτος
1782 2479 1846 2533 τὸ
1870 2481 2088 2551 πρῶτον

502 2578 679 2642 ἑστὼς
712 2578 804 2630 ἐπὶ
839 2574 1239 2645 τρισὶν”ἐτεσιν
1279 2570 1384 2623 ὑπὸ
1409 2572 1618 2638 πέτραν
1662 2570 1785 2622 τινὰ
1832 2569 2086 2633 πάντοτε,

503 2664 966 2736 προσευχόμενος,
998 2660 1268 2714 διετέλεσε
1302 2658 1376 2727 μὴ
1421 2656 1653 2719 καθίσας
1685 2656 1826 2717 ὅλος,
1872 2652 1946 2724 μὴ
1975 2670 2089 2705 κοι-

509 2754 725 2825 μηθεὶς,
756 2751 871 2804 ἀλλ’
906 2752 1029 2803 ὅσον
1058 2748 1229 2810 ἑστὼς
1252 2746 1348 2799 τοῦ
1380 2744 1551 2798 ὕπνου
1581 2743 1741 2813 μόνον
1771 2739 2087 2811 ἀφήρπαξε,

505 2844 570 2912 τῇ
616 2841 873 2910 Κυριακῇ
919 2838 1077 2909 μόνον
1113 2837 1211 2905 τῆς
1242 2832 1594 2905 εὐχαριστίας
1629 2828 2088 2901 μεταλαμϐάνων,

505 2932 600 2985 τοῦ
657 2927 1031 3002 πρεσϐυτέρου
1093 2924 1243 2995 αὐτῷ
1301 2920 1695 2992 ἀποφέροντος,
1754 2920 1883 2974 ἄλλο
1938 2919 2092 2972 οὑδέν

506 3023 746 3092 διῃτᾶτο.
773 3018 884 3072 Καὶ
912 3017 976 3087 δὴ
1002 3017 1128 3086 μιᾶς
1153 3012 1504 3083 τῶνὴμερῶν
1531 3008 2093 3079 μετασχηματισάμε-

507 3126 595 3172 νος
628 3108 819 3159 ἐαυτὸν
848 3106 876 3156 ὀ
909 3103 1153 3165 Σατανᾶς
1187 3102 1268 3161 είς
1296 3101 1388 3153 τὸν
1412 3097 1787 3166 πρεσϐύτερον
1808 3094 2092 3164 ταχυτέρω

509 3196 647 3265 πρὸς
675 3194 836 3246 αὑτὸν
873 3191 1084 3251 ἄπεισι,
1136 3186 1607 3258 προσποιούμενος
1639 3183 1789 3254 αύτῷ
1835 3183 1935 3253 τὴν
1974 3199 2091 3236 κοι-
2120 3219 2164 3277 C

510 3285 707 3334 νωνίαν
739 3278 1056 3331 ἐπιδιδόναι.
1103 3276 1391 3342 Ἐπιγνοὺς
1436 3273 1493 3326 δὲ
1524 3273 1689 3325 αὐτὸν
1737 3273 1767 3323 ὀ
1822 3271 2092 3339 μακάριος

521 3368 780 3437 Ἰωάννης
803 3361 924 3420 εἶπε
944 3363 1081 3435 πρὸς
1108 3358 1370 3423 αὑτὸν,Ὦ
1393 3360 1595 3423 παντὸς
1617 3360 1769 3412 δόλου
1796 3359 1891 3411 καὶ
1914 3359 2093 3426 πάσης

513 3456 864 3531 ῥᾳδιουργίας
903 3455 1102 3523 πάτερ,
1152 3451 1315 3522 ἐχθρὲ
1364 3450 1546 3519 πάσης
1602 3447 1975 3518 δικαιοσύνης,
2032 3446 2093 3498 οὐ

511 3546 673 3599 παύει
719 3544 947 3601 ἀπατῶν
980 3544 1079 3605 τὰς
1134 3541 1243 3593 τῶν
1291 3538 1636 3610 Χριστιανῶν
1692 3537 1906 3608 ψυχὰς,
1960 3534 2096 3588 ἀλλά

508 3634 714 3704 τολμᾷς
749 3632 844 3685 καὶ
875 3632 1059 3693 αὐτοῖς
1088 3629 1350 3698 ἐπιϐῆναι
1396 3629 1511 3690 τοῖς
1557 3626 1849 3696 ἀχράντοις
1883 3639 2095 3694 μυστη-

513 3723 686 3793 ρίοις;
735 3724 795 3775 Ὀ
824 3723 881 3775 δέ
930 3721 1066 3790 πρὸς
1097 3719 1261 3773 αὑτὸν
1305 3718 1664 3787 ἀπεκρίνατο’
1700 3716 1857 3784 Παρὰ
1905 3715 2097 3785 μικρὸν

511 3812 782 3881 ἐκέρδησα
812 3810 877 3864 ἄν
914 3826 975 3862 σε
1006 3806 1353 3862 καταλαϐών.
1382 3805 1541 3859 Ούτω
1573 3806 1681 3875 γὰρ
1719 3804 1812 3858 καί
1842 3821 1964 3856 τινα
1988 3802 2098 3855 τῶν

512 3900 622 3952 σῶν
655 3896 904 3967 ἀδελφῶν
944 3896 1331 3965 ἀπεπλάνησα,
1387 3896 1482 3947 καλ⁸
1529 3893 1767 3962 ἔκφρονα
1807 3892 2102 3960 γενόμενον

511 3993 593 4054 εἰς
624 3989 820 4059 μανίαν
850 3987 1153 4054 ἐπήγαγον.
1197 3984 1371 4054 ’Υπὲρ
1392 3978 1453 4037 οῦ
1480 3982 1664 4034 πολλοὶ
1697 3982 1899 4034 δίκαιοι
1931 3978 2101 4032 πολλά

511 4075 948 4147 προσευξάμενοι
998 4072 1152 4143 μόλις
1199 4072 1429 4141 ἴσχυσαν
1493 4069 1655 4121 αὑτὸν
1712 4070 1792 4130 είς
1839 4066 2102 4138 φρόνησιν

511 4168 760 4235 ἀγαγεῖν.
819 4164 930 4216 Καὶ
980 4160 1154 4214 ταῦτα
1217 4158 1389 4213 εἰπὼν
1440 4162 1469 4213 ὀ
1530 4158 1741 4228 δαίμων
1789 4158 1883 4211 ἀπ’
1935 4154 2100 4209 αὑτοῦ

512 4253 690 4325 ἀπηλλ
697 4254 804 4323 άγη
814 4292 828 4306 .

584 4342 1005 4414 Διαῤῥαγέντων
1040 4338 1095 4391 δέ
1125 4336 1292 4391 αὑτοῦ
1318 4337 1425 4390 τῶν
1456 4336 1635 4391 ποδῶν
1682 4345 1745 4388 ἐκ
1775 4334 1876 4404 τῆς
1904 4335 2103 4414 ἀκινη-

514 4432 636 4494 σίας
662 4402 757 4482 τοῦ
794 4402 992 4481 πολλοῦ
1016 4429 1233 4497 χρόνου,
1268 4426 1362 4479 καὶ
1391 4426 1501 4478 τῶν
1522 4425 1735 4495 ἰχώρων
1764 4402 2105 4493 προερχομέ-

1942 413 2029 472 PA
2040 406 2298 468 LLADII

3610 401 3742 471 1164

2100 526 2149 582 Α
2182 521 2587 593 μοναστηρίων,
2611 521 2694 577 ὅτι
2722 525 2869 589 τινὲς
2897 525 3082 580 αὐτῶν
3112 526 3216 581 οὐκ
3246 525 3414 598 ὀρθὴν
3442 524 3624 598 έχουσι
3652 546 3751 581 πο⁸

2182 613 2393 666 λιτείαν
2420 630 2431 643 ·
2462 614 2557 667 καὶ
2596 615 2803 684 γράφει
2848 618 3015 671 πᾶσιν
3044 618 3337 689 ἐπιστολὴν
3366 617 3456 670 διὰ
3488 617 3581 671 τοῦ
3622 636 3755 689 πρε-

2173 704 2465 776 σϐυτέρου,
2503 706 2585 759 ὅτι
2615 707 2666 759 οἱ
2709 706 2809 776 μέν
2834 724 2988 772 τινες
3015 708 3375 780 ρᾳθυμοῦσιν,
3406 711 3455 762 οί
3488 709 3544 763 δὲ
3591 709 3760 763 σπεύ-

2171 795 2322 847 δουσι
2383 794 2522 864 πρὸς
2572 797 2799 865 ἀρετήν.
2865 796 2977 850 Καὶ⁵
3049 797 3248 867 εὑρέθη
3306 797 3535 867 ἀλήθεια
3586 795 3759 859 οὕτως

2173 882 2394 952 ἔχουσα.
2433 882 2639 951 Γράφει
2689 883 2747 936 δὲ
2786 884 2879 936 καὶ
2916 887 3034 948 τοῖς
3064 884 3366 953 Πατράσιν,
3397 885 3480 938 ὅτι
3528 883 3675 946 τινές
3702 884 3761 949 ἐξ

2173 970 2353 1023 αὐτῶν
2379 970 2706 1041 ὀλιγωροῦσι
2732 973 2864 1043 περὶ
2894 976 2993 1044 τῆς
3028 973 3140 1025 τῶν
3162 972 3409 1041 ἀδελφῶν
3444 973 3758 1041 σωτηρίας⁶

2174 1058 2326 1113 ἄλλοι
2367 1059 2425 1111 δέ
2468 1057 2674 1121 ἱκανῶς
2730 1060 3153 1129 παρακαλοῦσι·
3198 1061 3295 1113 καὶ
3329 1059 3609 1130 ἑκατέρων
3664 1058 3763 1122 τὰς

2173 1147 2340 1217 τιμὰς
2368 1148 2461 1200 καὶ
2502 1147 2601 1210 τὰς
2628 1147 2882 1212 κολάσεις
2925 1149 3287 1219 ἀπήγγειλεν.
3319 1148 3433 1202 Καὶ
3471 1147 3639 1202 πάλιν
3669 1146 3765 1199 άλ-

2174 1235 2304 1299 λους
2345 1235 2486 1305 πρὸς
2521 1236 2621 1305 τὴν
2662 1236 3010 1307 τελειοτέραν
3054 1238 3391 1290 κατάστασιν
3425 1232 3768 1306 προσκαλούο

2179 1340 2363 1394 μενος,
2414 1322 2871 1393 ὑπεμίμνησκεν,
2920 1322 3029 1376 ἀπὸ
3081 1323 3188 1376 τῶν
3232 1323 3512 1394 αίσθητῶν
3548 1323 3635 1385 είς
3669 1322 3769 1392 τὴν

2176 1412 2365 1480 νόησιν
2398 1410 2726 1481 ἀναχωρεῖν.
2760 1410 2969 1480 Καιρος
3000 1414 3111 1481 γὰρ
3157 1410 3342 1464 λοιπὸν
3363 1410 3463 1482 τὴν
3504 1408 3770 1480 τοιαύτην

2178 1499 2519 1580 ἐνδείξασθαι
2558 1498 2861 1555 πολιτείαν.
2917 1499 2994 1552 Οὐ
3037 1498 3149 1569 γὰρ
3184 1500 3410 1565 παῖδες,
3458 1499 3620 1569 φησὶ,
3679 1498 3770 1551 καὶ

2178 1591 2364 1658 νήπιοι
2390 1590 2483 1643 τὸν
2511 1589 2690 1643 πάντα
2725 1588 2918 1659 χρόνον
2960 1580 3253 1659 ὀφείλομεν
3292 1588 3588 1657 διαμένειν,
3655 1586 3769 1639 ἀλλ’

2178 1680 2281 1749 ἤδη
2309 1680 2422 1741 τοῖς
2465 1677 2829 1748 τελειοτέροις
2878 1676 3182 1731 ἐπιϐαίνειν
3219 1676 3493 1747 νοήμασι,
3531 1673 3634 1728 καὶ⁵
3673 1674 3769 1741 τῆς

2179 1767 2437 1838 ἀνδρείας
2511 1764 2826 1835 ἐφάψασθαι
2874 1764 2972 1818 καὶ
3023 1766 3143 1827 ταῖς
3216 1762 3507 1833 μεγίσταις
3543 1764 3769 1834 ἀρεταῖς

2111 1881 2155 1937 Β
2186 1858 2465 1927 ἐπιϐῆναι.
2505 1855 2695 1908 Ταῦτα
2741 1853 2838 1905 καὶ
2865 1856 3072 1905 τούτων
3106 1850 3328 1904 πλείονα
3349 1852 3379 1904 ὀ
3415 1851 3611 1921 Πατὴρ
3646 1849 3771 1920 περὶ

2186 1944 2279 1998 τοῦ
2311 1943 2503 2013 ἀνδρὸς
2528 1942 2804 2011 διηγεῖτο*
2845 1939 2992 2010 άπερ
3018 1939 3088 1991 δι’
3134 1937 3446 2010 ὑπερϐολὴν
3494 1937 3771 2007 θαύματος

2188 2033 2406 2085 ἅπαντα
2434 2029 2537 2083 οὐκ
2571 2028 2893 2097 ἐγράψαμεν
2917 2041 2931 2055 ·
2958 2026 3059 2095 οὺχ
3083 2026 3165 2078 ὅτι
3194 2024 3297 2078 οὐκ
3316 2019 3387 2093 ἦν
3414 2023 3621 2094 ἀληθῆ,
3644 2021 3772 2077 ἀλλά

2185 2119 2273 2173 διὰ
2301 2120 2404 2190 τήν
2435 2134 2599 2170 τινων
2624 2115 2908 2169 ἀπιστίαν.
2944 2112 3138 2183 Ἡμεῖς
3170 2112 3230 2165 δέ
3266 2111 3465 2175 ίκανῶς
3494 2112 3771 2181 πεπληρο-

2188 2206 2475 2278 φορήμεθα
2515 2204 2731 2258 πολλῶν
2757 2205 2854 2259 καὶ
2895 2203 3148 2275 μεγάλων
3201 2201 3274 2257 τὰ
3329 2201 3471 2257 αὐτὰ
3506 2201 3650 2273 ἡμῖν
3696 2200 3769 2254 δι-

2188 2293 2529 2366 ηγουμένων,
2561 2292 2655 2346 καὶ
2682 2292 2873 2355 αὑταῖς
2901 2291 3088 2361 ὄψεσιν
3114 2290 3465 2361 ἑωρακότων.

2735 2379 2988 2434 ΚΕΦΑΛ.
3035 2376 3154 2433 ΞΒ¹.

2568 2468 2710 2538 Περὶ
2737 2466 2890 2523 ἀϐϐᾶ
2930 2469 3336 2537 Παφνουτίου.

2273 2557 2657 2625 Ἐθεασάμεθα
2685 2556 2742 2609 δέ
2773 2557 2869 2610 καὶ
2894 2555 3085 2626 ἕτερον
3110 2556 3279 2609 τόπον
3303 2553 3654 2625 Παφνουτίου
3680 2551 3770 2606 τοῦ

2190 2644 2579 2718 ἀναχωρητοῦ,
2620 2645 2813 2716 ἀνδρὸς
2860 2645 3099 2714 μεγάλου
3149 2644 3244 2697 καὶ
3288 2642 3549 2712 ἐναρέτου
3575 2660 3591 2674 ·
3632 2641 3691 2702 ὃς
3712 2639 3769 2693 οὔ

2192 2737 2300 2807 πρὸ
2329 2734 2530 2788 πολλοῦ
2558 2750 2705 2797 τινος
2735 2734 2930 2805 χρόνου
2967 2731 3261 2804 ἐτελειώθη
3292 2734 3351 2787 ἐν
3378 2734 3447 2803 τῇ
3481 2730 3769 2803 περιχώρῳ

2202 2823 2518 2895 Ἠρακλέως
2572 2822 2674 2893 τῆς
2731 2821 3032 2891 Θηϐάῖδος·
3085 2822 3214 2892 περὶ
3268 2813 3333 2875 οὗ
3383 2820 3579 2874 πολλοὶ
3608 2819 3771 2873 πολλά

2192 2913 2539 2986 διηγήσαντο.

2752 2997 3009 3052 ΚΕΦΑΛ.
3065 2999 3183 3055 ΞΓ.

2694 3089 2835 3155 Περὶ
2861 3088 3263 3159 σαλπιγκτοῦ.

2268 3172 2441 3241 Οὗτος
2476 3174 2618 3247 μετὰ
2655 3176 2858 3246 πολλὴν
2894 3176 3128 3247 ἄσκησιν
3166 3177 3344 3231 δέεται
3378 3175 3476 3230 τοῦ
3510 3174 3648 3229 Θεοῦ
3672 3175 3774 3229 τίνι

2196 3265 2307 3319 τῶν
2342 3265 2809 3335 κατορθωσάντων
2833 3266 3003 3333 ἁγίων
3030 3267 3139 3336 ἄρα
3162 3267 3246 3335 εἰη
3280 3265 3483 3335 ὅμοιος.
3512 3266 3769 3334 Ἀγγελος

2196 3358 2253 3417 δὲ
2290 3359 2482 3428 ὀφθεὶς
2515 3354 2673 3410 εἶπεν
2734 3359 2885 3429 αύτῷ
2906 3374 2920 3389 ο
2957 3359 3181 3429 ’Ὁμοιος
3217 3352 3267 3410 εἴ
3291 3354 3428 3426 τῷδε
3460 3353 3536 3425 τῷ
3560 3355 3762 3425 αὐλητῇ

2198 3448 2275 3520 τῷ
2300 3450 2357 3500 ἐν
2405 3449 2533 3517 τῇδε
2588 3452 2654 3519 τῇ
2692 3448 2845 3502 πόλει
2892 3448 3159 3515 διάγοντι.
3195 3446 3255 3500 '0
3283 3446 3343 3499 δέ

2199 3537 2451 3605 ὁρμήσας
2496 3535 2633 3604 πρὸς
2655 3536 2841 3601 αὐτὸν,
2870 3535 3099 3589 ἐπύθετο
3136 3534 3270 3605 παρ’
3300 3530 3453 3587 αὑτοῦ
3471 3528 3564 3600 τὴν
3587 3526 3754 3582 αὑτοῦ

2204 3622 2475 3685 πολιτίαν,
2512 3623 2608 3675 καὶ
2649 3623 2748 3686 τας
2782 3623 3012 3693 πράξεις
3058 3623 3225 3676 αὑτοῦ
3266 3619 3583 3694 διερευνᾶτο.
3618 3613 3752 3668 Ὀδὲ

2202 3710 2337 3779 φησὶ
2362 3710 2498 3781 πρὸς
2543 3711 2728 3777 αὐτὸν,
2763 3712 2900 3781 ὅπερ
2934 3712 3029 3764 καὶ
3075 3708 3141 3782 ἦν
3196 3709 3416 3777 ἀληθὲς,
3454 3703 3765 3779 ἀμαρτωλδν

2203 3798 2398 3850 ἑαυτὸν
2425 3795 2563 3851 εἶναι
2595 3799 2688 3851 καὶ
2728 3799 2985 3868 μέθυσον,
3022 3801 3119 3853 καὶ
3142 3800 3361 3870 πόρνον,
3381 3797 3443 3851 οὐ
3460 3795 3564 3866 πρὸ
3577 3792 3773 3847 πολλοῦ

2200 3903 2347 3947 τινος
2374 3887 2568 3957 χρόνου
2593 3889 2656 3939 ἐκ
2678 3886 2775 3956 τῆς
2796 3886 3097 3957 λῃστρικῆς
3123 3888 3201 3951 είς
3220 3885 3377 3939 τοῦτο
3399 3877 3774 3955 μεταϐληθεὶς.

2218 3973 2305 4036 Ὠς
2350 3973 2407 4026 δὲ
2437 3974 2762 4045 ἡκριϐεύετο
2803 3975 2934 4042 παρ’
2960 3974 3150 4038 αὑτοῦ,
3188 3972 3242 4027 τί
3280 3971 3388 4027 τῶν
3419 3968 3598 4026 καλῶν
3633 3965 3781 4037 αὐτῷ

2204 4061 2541 4132 κατώρθωτό
2571 4060 2816 4127 πώποτε,
2841 4062 3012 4132 ἔφησε
3045 4061 3181 4134 πρὸς
3212 4058 3374 4115 αὐτὸν
3401 4059 3571 4130 μηδὲν
3596 4057 3784 4126 ἕτερον

2204 4155 2382 4224 ἐαυτῷ
2419 4153 2583 4206 καλὸν
2629 4153 2952 4215 συνειδέναι,
3001 4150 3140 4221 πλὴν
3171 4151 3253 4203 ὅτι
3297 4148 3431 4202 ποτὲ
3480 4150 3539 4201 ἐν
3581 4147 3662 4217 τῷ
3693 4144 3789 4219 λη·

2208 4247 2419 4318 στρικῴ
2446 4248 2597 4315 τόπῳ
2630 4244 2891 4312 ὑπάρχων
2920 4242 3191 4312 παρθένον
3224 4237 3461 4311 Χριστοῦ
3487 4238 3790 4308 μέλλουσαν

2206 4338 2312 4389 ὑπὸ
2342 4336 2557 4406 λῃστῶν
2588 4332 2981 4403 διαφθαρῆναι,
3026 4330 3268 4395 ἐξείλατο
3291 4328 3507 4393 νυκτὸς,
3534 4327 3633 4379 καὶ
3664 4329 3788 4397 ἄχρι

2205 4428 2305 4496 τῆς
2330 4426 2523 4494 κώμης
2546 4421 3015 4490 ἀποκατέστησεν.
3040 4418 3264 4472 Ἀλλοτε
3291 4415 3349 4470 δὲ
3372 4414 3536 4470 πάλιν
3556 4419 3791 4482 γυναῖκα

514 4538 642 4584 νων,
680 4516 910 4580 ἐπιστὰς
941 4516 1172 4583 ἄγγελος
1219 4516 1398 4586 ἥψατο
1448 4514 1543 4567 τοῦ
1606 4515 1891 4582 στόματος,
1954 4511 2103 4581 αὐτῷ
2136 4553 2181 4607 υ
2211 4514 2489 4584 εὔμορφον
2543 4508 2718 4579 εὑρὼν
2791 4507 3153 4576 πλανωμένην
3206 4505 3348 4557 κατὰ
3396 4504 3497 4571 τὴν
3564 4503 3788 4572 ἔρημον,

515 4608 711 4675 λέγων,
761 4606 817 4657 Ὀ
848 4604 1057 4674 Κύριος
1091 4603 1244 4655 ἔσται
1280 4620 1361 4655 σοι
1402 4601 1609 4672 ἀληθὴς
1659 4601 1885 4671 βρῶσις,
1916 4600 2008 4652 καὶ
2037 4599 2097 4651 τὸ
2139 4588 2179 4607 υ
2211 4599 2647 4670 φυγαδευθεῖσαν
2679 4595 2785 4648 ὑπὸ
2816 4595 2923 4648 τῶν
2946 4592 3234 4659 ταξεωτῶν
3264 4591 3358 4643 τοῦ
3387 4592 3657 4659 ἄρχοντος
3707 4588 3794 4641 καὶ

518 4696 747 4766 Πνεῦμα
789 4694 851 4747 τὸ
885 4694 1041 4766 ἅγιον
1075 4693 1272 4761 ἀληθὲς
1310 4692 1483 4762 πόμα.
1508 4692 1618 4744 Καὶ
1654 4692 1817 4759 ἀρκεῖ
1852 4708 1933 4742 σοι
1962 4688 2099 4749 τέως

517 4787 553 4855 η
572 4783 919 4855 πνευματικὴ
934 4783 1088 4845 πόσις
1105 4782 1198 4834 καὶ
1214 4780 1411 4851 τροφὴ,
1436 4782 1522 4834 ἵνα
1541 4781 1615 4849 μὴ
1634 4779 1893 4850 πλησθεὶς
1914 4776 2103 4843 ἐξεμέ-

519 4891 619 4945 σῃς
640 4889 654 4903 ⁶
704 4874 798 4926 καί
829 4870 1181 4943 θεραπεύσας
1209 4869 1372 4922 αὑτὸν
1409 4868 1741 4938 μετέστησεν
1772 4869 1835 4919 ἐκ
1876 4866 1971 4917 τοῦ
2010 4864 2100 4917 τόν

518 4980 644 5014 που.
692 4962 860 5030 Διῆγε
900 4961 955 5012 δέ
986 4958 1126 5011 κατὰ
1160 4958 1258 5025 τὴν
1307 4955 1511 5026 ἔρημον
1559 4954 1744 5008 λοιπὸν
1799 4956 2099 5024 περιάγων,

519 5051 613 5103 καὶ
644 5049 842 5102 ἐσθίων
874 5048 1127 5118 βοτάνας.
1160 5044 1239 5116 Τῇ
1271 5046 1528 5115 Κυριακῇ
1579 5044 1636 5098 δέ
1667 5046 1747 5108 εἰς
1803 5044 1896 5096 τὸν
1941 5042 2104 5095 αὑτὸν

519 5138 682 5191 τόπον
752 5136 1048 5205 ηὑρίσκετο
1126 5134 1225 5201 τῆς
1279 5132 1569 5195 κοινωνίας
1643 5130 2102 5201 μεταλαμϐάνων,

520 5226 662 5280 Βαῖα
698 5224 754 5276 δὲ
793 5223 949 5290 ὀλίγα
996 5220 1147 5292 παρά
1177 5220 1270 5273 τοῦ
1311 5220 1682 5291 πρεσϐυτέρου
1718 5219 2103 5289 αἰτησάμενος,

522 5312 697 5379 ζώνας
727 5312 838 5372 τοῖς
868 5308 1027 5373 ζώοις
1051 5308 1355 5379 εἰργάζετο.
1388 5306 1747 5376 Βουληθέντος
1767 5307 1820 5359 δὲ
1851 5306 2107 5358 ἀπελθεῖν

524 5400 659 5470 πρδς
690 5397 852 5451 αὐτὸν
895 5395 1072 5468 χωλοῦ
1113 5412 1257 5457 τινος
1308 5395 1606 5464 θεραπείας
1636 5395 1822 5460 ἕνεκα,
1860 5398 1954 5446 καὶ
1985 5396 2108 5446 ἐπι-

526 5489 718 5548 ϐάντος
757 5486 916 5556 μόνον
953 5485 1032 5554 τῷ
1064 5485 1189 5554 ’qu),
1222 5483 1295 5547 ώς
1341 5484 1387 5535 οἱ
1417 5483 1575 5544 πόδες
1607 5482 1773 5536 αὑτοῦ
1817 5484 1979 5553 μόνον
2010 5485 2109 5554 τῆς

524 5578 701 5648 ζώνης
725 5578 933 5647 ἥψαντο
956 5577 1054 5644 τῆς
1084 5574 1233 5643 παρὰ
1262 5573 1355 5626 τοῦ
1392 5573 1549 5639 ἁγίου
1568 5573 1761 5641 ἀνδρὸς
1784 5574 2107 5644 γενομένης,

528 5666 872 5736 παραχρῆμα
946 5663 1321 5734 ἐθεραπεύθηο
1405 5662 1594 5715 ἄλλοτε
1678 5661 1929 5729 εὐλογίας
2002 5664 2110 5726 τοῖς

529 5757 833 5824 ἀρρώστοις
862 5740 1175 5816 ἀπέστειλε,
1213 5754 1306 5804 καὶ
1340 5752 1740 5822 ἀπηλλάγησαν
1772 5752 1975 5812 εὐθέως
2015 5753 2110 5820 τῆς

531 5844 707 5899 νόσου.
770 5841 1239 5896 Ἀποκαλύπτεται
1291 5843 1347 5895 δέ
1403 5843 1551 5914 αύτῷ
1603 5843 1730 5917 περὶ
1786 5842 1894 5895 τῶν
1946 5841 2109 5895 αὑτοῦ

2215 4689 2327 4740 τῶν
2383 4685 2687 4755 βουλευτῶν
2733 4684 2821 4736 διὰ
2868 4683 3029 4752 χρέος
3070 4679 3331 4750 δημόσιον
3378 4678 3661 4748 ἀνδρικὸν,
3709 4675 3796 4727 καὶ

2217 4778 2386 4831 ἀποδυ
2398 4778 2633 4845 ρομένην
2656 4773 2752 4843 τὴν
2773 4772 3002 4841 πλάνην,
3034 4770 3313 4840 ἐπυθόμην
3344 4767 3474 4838 παρ’
3496 4768 3678 4834 αὐτῆς
3707 4762 3795 4815 τοῦ

2215 4865 2451 4937 ὀδυρμοῦ
2500 4863 2597 4934 τὴν
2638 4862 2837 4916 αἰτίαν.
2890 4861 2952 4913 'll
2981 4862 3036 4913 δέ
3069 4856 3207 4912 εἶπε·
3247 4857 3431 4927 Μηδέν
3482 4873 3549 4925 με
3598 4855 3797 4926 ἐρώτα,

2218 4956 2475 5017 δέσποτα,
2535 4952 2669 5020 μηδέ
2718 4950 2938 5013 ἐξέταζε
2967 4949 3063 5017 τὴν
3108 4945 3322 5007 ἀθλίαν,
3365 4944 3478 4996 ἀλλ’
3528 4943 3605 5004 ὡς
3645 4943 3803 5012 θερα-

2222 5044 2442 5096 παινίδα
2478 5043 2599 5110 σὴν,
2621 5041 2755 5092 ὅπου
2798 5038 2999 5108 βούλει,
3030 5030 3311 5102 ἀπάγαγε.
3335 5032 3443 5084 Τοῦ
3474 5031 3585 5103 γάρ
3611 5030 3804 5101 ἀνδρός

2222 5148 2325 5200 μου
2369 5129 2630 5190 πολλάκις
2666 5125 3059 5196 μαστιχθέντος
3097 5124 3189 5177 ἐπὶ
3225 5122 3376 5192 διετῆ
3414 5118 3610 5190 χρόνον
3668 5119 3806 5186 ὑπὲρ

2217 5219 2409 5289 χρέους
2457 5216 2721 5285 δημοσίου
2766 5214 3040 5283 χρυσίνων
3072 5209 3423 5279 τριακοσίων,
3466 5208 3561 5261 καὶ
3592 5209 3657 5260 ἐν
3706 5224 3807 5273 φυ-

2216 5309 2356 5378 λακῇ
2390 5304 2818 5375 καθειργμένου,
2874 5306 2966 5356 καὶ
2997 5304 3107 5356 τῶν
3147 5301 3422 5369 φιλτάτων
3458 5316 3560 5368 μου
3595 5298 3807 5350 παίδων

2217 5398 2385 5469 τριῶν
2431 5395 2863 5466 διαπραθέντων,
2911 5395 3021 5463 ἐγὼ
3051 5390 3226 5462 φυγὰς
3262 5390 3505 5460 οἴχομαι,
3536 5387 3712 5439 τόπον
3750 5387 3811 5440 ἐκ

2211 5487 2386 5539 ,τόπου
2442 5484 2868 5556 περιερχομένη.
2906 5482 3019 5535 Νῦν
3071 5481 3131 5533 δὲ
3171 5481 3265 5533 καὶ⁹
3297 5478 3440 5532 κατά
3471 5476 3565 5544 τὴν
3596 5478 3813 5545 ἕρημῦν

2214 5575 2538 5645 πλανῶμαι,
2564 5574 2822 5636 πολλάκις
2856 5571 3164 5642 εὑρεθεῖσα,
3196 5569 3286 5622 καὶ
3323 5565 3557 5635 συνεχῶς
3610 5581 3811 5629 μαστιο

2212 5664 2489 5732 ’γωθείσαο
2525 5662 2620 5715 καὶ
2655 5661 2845 5731 τρίτην
2882 5660 2988 5730 ἔχω
3038 5661 3094 5710 ἐν
3133 5662 3197 5729 τῇ
3238 5657 3427 5728 ἐρήμῳ
3460 5654 3651 5713 ἄσιτος
3700 5652 3811 5702 δια-

2228 5751 2480 5820 μείνασα.
2534 5748 2677 5817 Ἐγὼ
2704 5750 2760 5801 δὲ
2786 5749 3013 5817 ἐλεήσας
3044 5745 3235 5817 αὐτὴν,
3269 5746 3361 5797 καὶ
3391 5740 3705 5807 ἀπαγαγὼν
3736 5740 3807 5798 εἰς

2225 5840 2286 5897 τὸ
2310 5840 2595 5911 σπήλαιον,
2616 5838 2735 5903 δούς
2766 5853 2824 5890 τε
2848 5837 2986 5910 αὑτῇ
3002 5835 3134 5899 τοὺς
3154 5848 3498 5906 τριακοσιονς
3515 5830 3810 5901 χρυσίνους
