4028 6426
370 397 501 451 ΙΙϋῦ

945 503 1168 561 CAPUT
1188 502 1299 557 LX.

742 598 855 652 Vita
883 598 1074 649 abbatis
1104 591 1315 661 Appetle
1342 588 1512 661 (105).

425 686 662 743 Vidimus
682 695 859 741 autem
877 685 1037 738 alium
1065 696 1275 749 quoque
1311 676 1676 747 presbyterum
1708 676 1760 729 in
1789 690 1906 742 par-

352 781 492 834 tibus
505 775 789 845 superioris
804 772 1053 842 regionis,
1070 769 1347 838 Appellem
1361 769 1572 823 nomine
1585 765 1776 838 (Ruﬁl,
1793 766 1829 818 ι.
1847 780 1905 829 u,

348 885 460 937 cap.
491 866 606 936 15),
629 867 801 920 virum
846 863 1071 932 justum,
1102 860 1191 928 qui
1236 858 1448 914 fabrica:
1494 859 1698 911 aerariae
1737 863 1907 910 artem

353 959 575 1026 primum
623 955 887 1017 tractavit,
924 960 979 1005 et
1015 950 1208 1006 exinde
1242 962 1532 1003 conversus
1559 957 1642 1001 est
1669 945 1735 1000 ad
1758 960 1910 999 exer-

350 1047 677 1101 citationem.
707 1046 757 1100 Is
783 1058 903 1098 cum
927 1043 995 1097 ad
1019 1056 1139 1097 eum
1150 1040 1382 1095 venisset
1403 1038 1643 1093 diabolus
1673 1038 1723 1091 in
1747 1039 1909 1106 ﬁgura

352 1138 614 1201 muliebri,
647 1150 752 1206 quo
793 1144 1031 1203 tempore
1056 1132 1123 1186 ad
1172 1146 1324 1185 usum
1356 1129 1735 1185 monachorum
1761 1143 1909 1197 qua:-

352 1231 475 1281 dam
519 1226 780 1280 tractabat
807 1224 1045 1286 labrilia;
1068 1224 1232 1277 ferrea
1267 1220 1461 1274 lamina
1487 1234 1551 1274 ex
1579 1220 1700 1287 igne
1732 1226 1906 1287 rapta,

351 1317 510 1385 idque
523 1330 680 1369 manu
709 1324 922 1381 propter
943 1311 1354 1372 festinationem,
1389 1316 1554 1362 totum
1575 1307 1691 1374 ejus
1708 1307 1906 1360 vultum

348 1415 405 1460 et
431 1418 626 1473 corpus
669 1402 979 1464 combussit,
1009 1413 1232 1467 eamque
1263 1396 1543 1451 audierunt
1570 1394 1762 1450 fratres
1791 1395 1909 1448 ulu-

351 1496 547 1550 [antem
572 1494 626 1549 in
667 1494 821 1547 cella.
848 1492 930 1546 Ab
955 1506 1020 1545 eo
1043 1500 1281 1557 tempore
1300 1489 1380 1542 vir
1402 1488 1492 1542 ille
1521 1501 1734 1554 semper
1754 1501 1912 1539 manu

350 1584 561 1640 tenebat
611 1584 807 1637 ferrum
838 1582 1082 1649 ignitum,
1112 1594 1211 1634 nec
1243 1578 1549 1633 lazdebatur.
1579 1577 1627 1630 Is
1670 1590 1789 1631 cum
1817 1591 1913 1631 nos

351 1672 579 1744 benigne
624 1684 679 1727 et
708 1672 1005 1726 humaniter
1055 1671 1367 1737 accepisset,
1398 1668 1629 1721 narravit
1659 1667 1810 1719 nobis
1845 1666 1913 1720 de

351 1766 477 1817 viris
521 1762 793 1830 prasclaris
820 1769 874 1814 et
902 1762 1007 1813 Deo
1035 1760 1205 1827 dignis
1239 1758 1326 1826 qui
1363 1771 1483 1810 eum
1511 1770 1576 1809 eo
1606 1754 1833 1822 fuerant,
1859 1762 1914 1808 et

350 1862 497 1905 erant
518 1852 692 1905 adhuc
718 1851 1049 1919 superstites.

947 1938 1169 1992 CAPUT
1192 1937 1326 1991 LXI.

750 2025 864 2080 Vita
887 2028 1098 2079 alterius
1124 2025 1345 2078 Joannis
1370 2023 1542 2091 (106).

426 2116 540 2180 Est,
564 2116 750 2183 inquit,
774 2114 826 2168 in
856 2116 955 2168 hac
988 2114 1269 2168 solitudine
1294 2111 1458 2168 frater
1482 2121 1683 2177 noster,
1705 2111 1919 2164 nomine

352 2204 583 2258 Joannes
621 2203 819 2275 (Rulli,
862 2206 898 2255 ι.
932 2219 990 2264 ιι,
1020 2220 1068 2258 σ.
1124 2202 1236 2270 I5),
1291 2202 1508 2256 alterius
1552 2200 1765 2268 quidem
1808 2199 1917 2268 jam

353 2294 549 2356 aetatis,
576 2306 761 2345 omnes
788 2302 963 2343 autem
1005 2293 1291 2343 monachos
1311 2302 1566 2357 superans
1594 2288 1875 2342 virtutibus
1901 2304 1915 2338 :

355 2394 515 2445 quem
544 2394 699 2431 nemo
723 2386 895 2444 potest
934 2378 1041 2429 cito
1069 2377 1328 2439 invenire,
1359 2377 1497 2443 quod
1522 2390 1733 2443 semper
1757 2377 1807 2428 in
1830 2389 1920 2429 so-

358 2468 665 2521 litudiuibus
712 2466 885 2519 locum
918 2467 1034 2520 loco
1080 2475 1387 2519 commutet.
1419 2465 1467 2519 Is
1514 2467 1740 2532 primum
1774 2472 1920 2518 stans

356 2568 467 2611 tres
496 2570 661 2610 annos
705 2555 804 2609 sub
853 2557 1081 2624 quadam
1133 2569 1280 2621 rupe,
1313 2568 1470 2608 orans
1505 2561 1782 2621 perpetuo,
1816 2569 1919 2607 non

354 2650 553 2703 sedens
576 2650 811 2713 omnino,
837 2663 941 2701 non
990 2648 1275 2711 dormiens,
1314 2648 1415 2701 nisi
1443 2656 1695 2714 quantum
1745 2646 1921 2699 somni

356 2750 507 2794 stans
552 2740 927 2805 sulfurabatur,
957 2751 1010 2793 et
1061 2738 1327 2793 Dominica
1375 2739 1545 2792 solum
1571 2751 1784 2791 sumens
1818 2737 1922 2790 Eti-

356 2833 949 2896 cbaristiam,alferente
990 2832 1039 2885 ei
1067 2832 1397 2901 presbytero,
1422 2832 1553 2884 nihil
1580 2830 1720 2883 aliud
1748 2844 1924 2884 come-

356 2923 533 2976 debat.
552 2926 720 2990 Atque
747 2921 879 2976 adeo
906 2936 1025 2977 cum
1042 2921 1268 2990 quodam
1290 2922 1376 2975 die
1402 2936 1461 2976 se
1489 2921 1713 2976 Satanas
1739 2929 1908 2974 trans~

360 3015 639 3082 figurasset
690 3014 741 3066 in
794 3014 1180 3081 presbyterum,
1209 3014 1272 3065 ad
1314 3028 1433 3068 eum
1457 3013 1634 3068 abibat
1677 3012 1920 3078 celerius,

361 3116 473 3169 prce
528 3116 585 3155 se
615 3103 789 3156 ferens
831 3116 888 3156 se
916 3103 963 3157 ei
997 3102 1128 3157 velle
1183 3102 1306 3157 dare
1361 3101 1762 3157 Eucharistiam.
1794 3101 1924 3155 Cum

358 3209 483 3248 cum
515 3201 691 3246 autem
745 3196 1043 3261 agnovisset
1091 3194 1274 3247 beatus
1303 3194 1553 3257 Joannes,
1585 3192 1718 3246 dixit
1767 3192 1817 3247 ei
1845 3209 1857 3244 :
1887 3192 1933 3247 Ο
1958 3180 2002 3242 C

358 3288 537 3345 omnis
566 3288 764 3342 fraudis
788 3298 842 3342 et
871 3288 1085 3341 malitia:
1113 3298 1283 3357 pater,
1314 3287 1524 3341 inimice
1553 3287 1727 3342 omnis
1772 3286 1928 3355 justi-

360 3384 472 3442 tiaz,
507 3394 610 3433 non
632 3378 865 3433 cessabis
881 3378 1127 3446 decipere
1155 3380 1360 3431 animas
1380 3378 1817 3442 Christianorum,
1842 3377 1934 3431 sed

357 3467 530 3522 audes
561 3467 754 3520 sanctis
802 3467 1054 3520 insultare
1105 3466 1499 3520 Sacramentis?
1526 3466 1573 3519 Is
1611 3478 1785 3519 autem
1833 3466 1933 3532 ipsi

356 3555 638 3624 respondit
671 3572 683 3607 :
718 3554 905 3609 Parum
944 3554 1109 3608 abfuit
1155 3555 1278 3622 quin
1329 3562 1378 3607 te
1429 3555 1689 3623 dejectum
1722 3553 1933 3608 lucrife-

359 3645 567 3707 cerim;
604 3658 725 3696 nam
753 3644 830 3696 sic
856 3657 1065 3710 quoque
1087 3642 1269 3695 seduxi
1298 3643 1576 3710 quemdam
1604 3658 1669 3695 ex
1702 3644 1805 3696 tuis
1824 3640 1933 3695 fra-

359 3734 653 3795 tribus,et
706 3743 885 3785 mente
933 3742 1129 3785 momm
1179 3729 1373 3784 deduxi
1401 3731 1467 3783 ad
1518 3731 1799 3787 insaniam.
1834 3731 1937 3785 Pro

357 3839 475 3892 quo
504 3836 623 3882 cum
656 3820 804 3874 multi
836 3819 962 3888 justi
980 3820 1197 3872 multum
1228 3828 1520 3887 rogassent,
1540 3820 1627 3873 vix
1656 3828 1939 3888 potuerttnt

356 3913 583 3969 efﬁcere
608 3918 828 3965 utesset
856 3925 995 3963 satu.
1029 3912 1239 3964 mentis.
1274 3911 1504 3978 Ilwcque
1550 3926 1670 3964 cum
1717 3910 1940 3965 dixisset

358 4001 685 4065 da:mon,ab
704 4015 768 4054 eo
798 3999 1034 4053 recessit.

433 4090 577 4144 Cum
604 4098 778 4143 autem
825 4098 1006 4143 essent
1032 4088 1254 4157 disrupti
1276 4088 1394 4158 ejus
1425 4090 1586 4157 pedes
1615 4105 1680 4145 ex
1709 4106 1774 4146 eo
1797 4092 1936 4161 quod

364 4191 523 4241 tanto
554 4190 790 4248 tempore
836 4179 1068 4233 stetisset
1097 4179 1404 4248 immobilis,
1431 4190 1486 4235 et
1538 4182 1711 4235 exiret
1739 4183 1935 4247 sanies,

369 4272 663 4328 adveniens
686 4269 924 4341 angelus,
958 4270 1129 4340 tetigit
1159 4272 1275 4338 ejus
1295 4286 1511 4339 corpus,
1535 4271 1719 4325 dicens
1751 4290 1764 4325 :
1794 4271 1943 4327 Chri-

368 4376 489 4418 stus
518 4364 617 4415 erit
655 4362 745 4414 tibi
777 4377 932 4416 verus
960 4361 1130 4424 cibus,
1161 4374 1213 4414 et
1255 4372 1470 4417 sanctus
1526 4362 1756 4431 Spiritus
1785 4378 1941 4416 verus

371 4464 555 4522 potus,
588 4453 797 4504 interim
837 4461 1013 4504 autem
1046 4451 1135 4505 tibi
1161 4451 1357 4506 sufficit
1383 4453 1620 4520 spiritale
1649 4455 1943 4506 nutrimen-

1574 390 1877 448 IIIS'I‘ORIA
1922 386 2281 449 LAUSIACA.

1928 503 1977 559 Α
2004 500 2215 569 quidem
2242 508 2366 556 sunt
2394 502 2503 556 otio
2532 500 2716 567 dediti,
2746 502 2796 555 hi
2823 517 2948 558 vero
2972 504 3293 558 contendunt
3316 507 3381 560 ad
3412 510 3569 564 virtu-

3417 394 3553 450 “6‘5

2006 602 2135 656 tem,
2157 598 2212 645 et
2237 592 2445 645 inventa
2494 599 2578 645 est
2608 592 2685 646 sic
2705 606 2764 646 se
2787 592 2980 647 habere
3005 593 3222 647 veritas.
3251 594 3445 650 Scribit
3471 614 3566 650 au-

2007 689 2110 733 tem
2140 680 2205 732 ad
2252 695 2435 734 eorum
2464 694 2673 748 quoque
2718 680 2921 745 Patres,
2950 682 3089 751 quod
3133 683 3345 751 quidam
3374 699 3439 738 ex
3485 684 3568 738 his

2005 782 2127 825 sunt
2159 771 2228 825 de
2276 769 2498 825 fratrum
2528 773 2696 826 salute
2730 771 2899 826 minus
2928 772 3160 839 solliciti,
3191 772 3281 826 alii
3304 788 3433 828 vero
3475 788 3569 827 eos

2006 873 2261 930 quantum
2310 864 2440 917 satis
2492 872 2574 917 est
2606 863 2900 932 hortantur,
2931 864 3368 933 annuntiavitque
3416 873 3568 918 utro-

2008 966 2231 1020 rumque
2256 950 2487 1005 honores
2515 959 2572 1006 et
2596 951 2874 1020 supplicia.
2896 951 2963 1005 Et
2990 967 3173 1007 rursus
3201 952 3335 1007 alios
3365 967 3573 1020 quoque

2010 1056 2306 1110 provocans
2356 1041 2423 1095 ad
2453 1050 2646 1095 statum
2693 1042 3081 1110 perfectiorem,
3108 1043 3427 1099 admonebat
3458 1053 3513 1108 ut
3543 1057 3573 1096 a

2008 1134 2290 1189 sensilibus
2356 1148 2417 1189 se
2471 1131 2832 1187 transferrent
2880 1132 2950 1187 ad
3004 1148 3069 1188 ea
3130 1150 3247 1205 qua:
3268 1137 3569 1205 percipiun-

2012 1235 2097 1281 tur
2120 1225 2482 1295 intelligentia.
2506 1224 2738 1294 Tempns
2786 1233 2869 1279 est
2921 1224 3084 1287 enim.
3110 1226 3298 1294 inquit,
3326 1228 3575 1294 deinceps

2012 1319 2117 1374 tale
2141 1319 2260 1373 vita:
2288 1318 2571 1374 ostendere
2615 1318 2935 1372 institutum.
2960 1317 3072 1371 Non
3105 1316 3360 1373 debemus
3410 1318 3573 1378 enim,

2012 1409 2365 1474 inquit,omni
2398 1418 2636 1476 tempore
2678 1421 2991 1475 permanere
3038 1408 3186 1474 pueri
3230 1416 3284 1459 et
3325 1405 3573 1468 infantes,

2012 1502 2105 1555 sed
2132 1501 2240 1568 jam
2273 1514 2368 1554 nos
2397 1498 2805 1567 perfectioribus
2857 1498 3121 1563 applicare
3151 1495 3573 1565 cogitationibus,

2013 1600 2067 1644 et
2100 1589 2275 1659 magni
2303 1598 2355 1642 et
2383 1587 2584 1643 excelsi
2614 1586 2773 1640 animi
2805 1587 3047 1640 virtutem
3080 1586 3355 1654 attingere,
3387 1594 3441 1638 et
3467 1598 3573 1637 ca:-

2015 1686 2156 1731 teras
2184 1676 2439 1729 maximas
2460 1675 2680 1727 virtutes
2710 1672 2940 1741 aggredi.
2964 1673 3084 1726 "9:0
3112 1680 3165 1726 et
3190 1670 3457 1740 complura
3476 1669 3577 1722 alia

2015 1767 2167 1820 nobis
2197 1765 2350 1820 Pater
2384 1765 2452 1819 de
2499 1764 2652 1818 Patre
2676 1765 2951 1827 narrabat,
2978 1779 3095 1832 quae
3121 1763 3337 1833 quidem
3367 1802 3383 1826 ,
3414 1776 3575 1829 prop-

1948 1838 1994 1897 Β
2024 1866 2164 1910 terea
2211 1854 2352 1922 quod
2407 1853 2664 1908 excedant
2714 1853 2947 1905 miraculi
2977 1853 3187 1905 modum
3210 1893 3224 1917 ,
3270 1852 3445 1905 omnia
3475 1865 3577 1903 non

2017 1944 2353 2011 scripsimus;
2380 1956 2485 1994 non
2515 1942 2652 2009 quod
2685 1958 2786 1996 non
2815 1943 2923 1996 sint
2945 1957 3089 2007 vera,
3120 1943 3212 1997 sed
3258 1951 3473 2010 propter
3503 1945 3581 1997 in-

2017 2034 2382 2087 credulitatem
2412 2032 2729 2100 aliquorum.
2754 2031 2857 2085 Nos
2879 2040 3053 2086 autem
3100 2033 3228 2086 satis
3252 2032 3319 2085 de
3360 2032 3443 2086 his
3465 2047 3581 2086 cer-

2018 2127 2180 2177 tiores
2208 2121 2329 2175 facti
2370 2135 2571 2184 sumus,
2602 2134 2723 2174 cum
2749 2120 2898 2173 multi
2926 2128 2982 2175 et
3008 2120 3183 2190 magni
3215 2120 3314 2174 viri
3343 2136 3405 2175 ea
3431 2120 3583 2178 nobis

2021 2211 2373 2274 narraverint,
2403 2209 2491 2279 qui
2518 2208 2630 2263 suis
2652 2208 2894 2263 viderunt
2925 2208 3111 2263 oculis.

2574 2298 2747 2353 CAPU
2769 2302 2796 2351 ι·
2843 2298 2995 2353 LXII.

2406 2386 2483 2441 De
2510 2388 2687 2441 abbate
2709 2387 2997 2458 Paphnutio
3029 2387 3196 2457 (l08).

2094 2478 2331 2531 Vidimus
2385 2486 2560 2531 autem
2611 2479 2783 2530 locum
2814 2492 3022 2545 quoque
3043 2476 3577 2546 Paphnutiianacho-

2023 2576 2171 2630 reue,
2194 2566 2293 2620 viri
2307 2567 2478 2635 magni
2505 2576 2558 2620 et
2582 2566 2776 2620 virtute
2791 2566 3015 2631 praediti,
3040 2568 3127 2636 qui
3152 2568 3288 2621 haud
3321 2568 3390 2621 ita
3421 2568 3585 2623 multo

2023 2656 2215 2709 abhinc
2246 2665 2481 2723 tempore
2510 2664 2906 2709 consummatus
2951 2663 3035 2709 est
3061 2657 3112 2710 in
3134 2658 3349 2725 regione
3370 2666 3580 2724 qnazest

2024 2746 2165 2799 circa
2191 2744 2530 2799 Heracleotes
2560 2744 2877 2809 Thebaidis;
2901 2744 2967 2800 de
2987 2760 3091 2816 quo
3107 2746 3260 2801 multi
3278 2748 3436 2800 multa
3461 2762 3579 2799 tiar-

2027 2844 2204 2890 rarunt
2231 2833 2425 2904 (Ra/7.,
2455 2835 2542 2888 tib.
2565 2849 2623 2901 II,
2649 2850 2763 2902 cap.
2792 2834 2899 2905 16).

2589 2942 2817 2999 CAPUT
2848 2943 3029 3000 LXIII.

2639 3034 2714 3087 De
2741 3034 2991 3088 Tibicine.

2103 3126 2150 3180 Is
2180 3126 2320 3180 enim
2350 3133 2471 3194 post
2498 3126 2711 3178 multum
2741 3123 3171 3179 exercitationem
3199 3122 3363 3178 Deum
3393 3124 3596 3194 rogavit

2036 3226 2091 3270 ut
2117 3216 2161 3269 ei
2194 3215 2573 3285 significaretur
2592 3215 2801 3269 cuinam
2832 3229 2899 3268 ex
2928 3213 2992 3266 iis
3012 3213 3208 3267 sanctis
3236 3212 3326 3283 qui
3361 3228 3419 3269 se
3448 3223 3594 3269 recte

2034 3316 2315 3378 gesserunt
2339 3317 2483 3362 esset
2510 3310 2699 3363 similis
2723 3307 2917 3378 (Ra/7.,
2941 3308 2977 3361 ι.
3012 3323 3070 3371 tt,
3106 3324 3219 3375 cap.
3242 3305 3350 3376 l6).
3370 3306 3601 3376 Angelus

2035 3409 2209 3454 autem
2233 3413 2495 3472 apparens
2514 3401 2562 3453 ei
2593 3399 2728 3453 dixit
2753 3418 2765 3451 :
2799 3400 2868 3452 Es
2895 3398 3083 3452 similis
3110 3397 3310 3451 tibicini
3340 3397 3428 3464 qui
3452 3396 3599 3463 degit

2038 3488 2091 3541 in
2142 3490 2241 3541 hac
2269 3487 2499 3542 civitate.
2533 3488 2579 3543 Is
2600 3498 2773 3541 autem
2803 3487 3044 3541 studiose
3066 3486 3127 3539 ad
3161 3500 3280 3539 eum
3307 3484 3598 3554 profectus.

2038 3579 2153 3647 ejus
2188 3580 2312 3632 vita:
2342 3580 2638 3632 institutum
2686 3579 2752 3633 ab
2779 3594 2843 3633 eo
2879 3587 2961 3632 est
2990 3577 3319 3640 sciscitatus,
3350 3585 3401 3630 et
3427 3574 3601 3628 omnia

2040 3670 2155 3739 ejus
2183 3671 2303 3723 vita;
2333 3670 2466 3723 facta
2492 3679 2575 3725 est
2603 3677 2980 3739 perscrutatus.
3011 3668 3057 3722 Is
3092 3675 3265 3721 autem
3295 3667 3345 3722 ei
3375 3665 3507 3721 dixit
3552 3665 3603 3719 itl

2040 3760 2179 3830 quod
2201 3762 2356 3815 etiam
2388 3770 2504 3815 crat
2533 3776 2737 3828 verum,
2762 3775 2819 3815 se
2840 3776 2957 3816 esse
2982 3772 3333 3829 peccatorem,
3352 3769 3405 3813 et
3433 3759 3604 3813 ebrio.

2040 3868 2178 3917 sum,
2213 3863 2265 3907 et
2296 3862 2671 3916 scortatorem;
2706 3852 2843 3906 haud
2888 3853 2961 3906 ita
2993 3854 3150 3921 longo
3191 3861 3365 3905 autem
3414 3849 3603 3905 abhinc

2043 3953 2301 4011 tempore,
2328 3960 2384 3997 se
2407 3960 2469 3998 ex
2501 3956 2616 3997 arte
2645 3944 2993 3998 latrocinandi
3034 3959 3101 3997 eo
3137 3942 3448 3997 contulisse.
3469 3942 3599 3995 Cum

2042 4043 2217 4088 autem
2244 4043 2486 4088 accurate
2509 4035 2900 4088 examinaretur
2923 4033 3172 4101 quidnam
3199 4046 3428 4101 unquam
3461 4040 3606 4090 recte

2040 4124 2108 4175 ab
2137 4137 2202 4176 eo
2238 4131 2443 4191 gestum
2474 4130 2636 4189 esset,
2660 4122 2789 4175 dixit
2811 4138 2867 4177 se
2905 4123 3098 4175 nullius
3126 4122 3202 4176 rei
3240 4121 3477 4175 honesta:
3506 4121 3606 4174 sibi

2044 4225 2162 4265 esse
2191 4211 2484 4275 Conscium,
2510 4211 2610 4264 nisi
2641 4211 2781 4278 quod
2807 4227 2925 4265 cum
2972 4211 3109 4277 aliqu
3130 4211 3252 4264 mdo
3277 4210 3499 4264 latronis
3530 4209 3604 4262 vi-

2046 4308 2149 4351 tam
2200 4307 2401 4369 ageret,
2432 4299 2643 4353 Christi
2674 4300 2950 4368 virginem,
2983 4300 3066 4353 cui
3102 4308 3215 4351 erat
3245 4313 3272 4349 a
3321 4298 3609 4352 latronibus

2048 4389 2233 4441 vitium
2283 4388 2629 4452 afferendum,
2663 4388 2989 4453 liberaverit,
3012 4398 3066 4442 et
3117 4396 3274 4441 noctu
3328 4387 3393 4441 ad
3434 4388 3605 4442 vicum

2051 4490 2217 4543 usque
2276 4475 2566 4530 reduxerit.
2614 4476 2813 4533 Rursus
2854 4485 3053 4544 autem,
3080 4475 3269 4545 inquit,
3291 4476 3465 4530 inveni
3514 4477 3609 4528 ali-

371 4557 512 4605 tum,
543 4557 611 4594 ue
640 4541 869 4607 repletus
919 4554 1154 4594 evomas.
1181 4541 1245 4594 Et
1269 4556 1388 4594 cum
1426 4557 1546 4594 eum
1571 4551 1831 4606 curasset,
1856 4543 1929 4595 di-

2051 4563 2260 4629 quando
2296 4562 2579 4617 formosam
2620 4566 2892 4619 mulierem
2922 4574 3186 4619 errantem
3218 4565 3269 4619 in
3300 4565 3607 4627 solitudine,

370 4630 545 4687 movit
567 4646 594 4681 a
625 4630 763 4683 loco.
783 4630 1039 4695 Deinceps
1056 4638 1229 4683 autem
1254 4632 1412 4683 vitam
1436 4634 1540 4698 egit
1564 4633 1612 4683 in
1636 4632 1940 4697 solitudine,

370 4720 719 4784 circumiens,
749 4728 804 4772 et
839 4718 1018 4773 herbis
1041 4733 1261 4772 vesceris
1293 4735 1310 4773 :
1345 4721 1612 4773 Dominica
1658 4734 1833 4775 autem
1864 4724 1944 4775 in-

369 4810 689 4868 veniebatur
701 4808 753 4860 in
770 4807 954 4863 eodem
968 4808 1083 4862 loco
1102 4823 1316 4862 sumens
1334 4810 1791 4865 Communionem.
1809 4811 1942 4865 Cum

374 4911 577 4970 paucos
628 4905 800 4949 autem
855 4896 1038 4963 palma:
1085 4911 1260 4949 ramos
1301 4898 1518 4964 petisset
1545 4912 1573 4951 a
1609 4899 1938 4968 presbytero,

373 4989 652 5045 efﬁciebat
686 4986 892 5053 cingula
921 4987 1257 5039 animalibus.
1290 4987 1419 5039 Cum
1451 5003 1573 5042 vero
1624 4990 1783 5043 vellet
1824 4990 1939 5056 qui-

372 5082 503 5134 dam
532 5075 749 5131 claudus
802 5076 867 5128 ad
894 5091 1013 5129 eum
1047 5078 1221 5129 venire
1260 5088 1315 5130 ut
1342 5089 1634 5144 curaretur,
1657 5088 1713 5133 et
1739 5082 1942 5133 asinum

372 5170 718 5225 solummodo
774 5170 1146 5229 inscendisset,
1174 5172 1258 5225 ubi
1298 5173 1519 5239 primum
1540 5174 1657 5242 ejus
1690 5175 1848 5240 pedes
1870 5186 1949 5229 te-

378 5261 552 5326 tigere
591 5258 855 5326 cingulum
904 5259 1042 5327 quod
1092 5260 1258 5314 fuerat
1286 5277 1314 5314 a
1364 5274 1548 5319 sancto
1580 5266 1691 5318 viro
1727 5267 1945 5329 factum,

374 5347 482 5400 fuit
513 5347 651 5400 illico
670 5357 904 5403 curatus.
936 5350 1079 5402 Alias
1103 5358 1278 5402 autem
1304 5354 1517 5419 aegrotis
1540 5355 1773 5409 mittebat
1800 5357 1947 5411 eulo-

374 5438 499 5506 gias
532 5437 703 5505 (107),
732 5448 787 5493 et
811 5455 841 5492 a
880 5442 1077 5495 morbis
1120 5443 1472 5498 liberabantur
1496 5448 1752 5514 protinus.
1784 5448 1947 5501 Porro

377 5534 565 5577 autem
599 5528 925 5582 revelabatur
949 5532 1017 5586 de
1045 5532 1162 5599 ejus
1183 5535 1535 5601 monasteriis,
1566 5539 1702 5605 quod
1732 5541 1945 5608 quidam

374 5631 443 5673 ex
480 5613 552 5668 iis
580 5618 667 5683 qui
699 5618 888 5671 suntin
906 5620 1051 5689 ipsis,
1082 5625 1240 5676 vitam
1269 5640 1370 5678 non
1402 5636 1547 5680 recte
1576 5629 1875 5696 instituunt,
1896 5642 1950 5686 et

378 5720 481 5777 per
514 5704 879 5773 presbyterum
902 5710 966 5762 ad
988 5724 1205 5768 cunctos
1228 5716 1414 5771 scribit
1433 5718 1701 5784 epistolas,
1718 5723 1853 5789 quod
1875 5723 1943 5775 illi

2048 4652 2276 4719 fugatam
2303 4654 2370 4709 ab
2420 4658 2807 4722 apparitoribus
2855 4668 2903 4710 et
2955 4657 3243 4710 curialibus
3293 4656 3531 4725 phasidis
3559 4664 3609 4710 et

2048 4754 2373 4807 senatorum,
2401 4755 2615 4813 propter
2642 4746 2906 4812 publicum
2943 4745 3120 4799 mariti
3163 4745 3394 4799 debitum
3413 4787 3430 4810 ,
3456 4753 3511 4799 et
3530 4760 3615 4799 er-

2046 4846 2219 4885 rorem
2248 4846 2397 4884 suum
2443 4832 2748 4887 deﬂentem.
2778 4832 3084 4888 Sciscitatus
3110 4848 3224 4887 sum
3258 4842 3432 4888 autem
3459 4848 3522 4887 ex
3552 4848 3615 4885 ea

2046 4934 2256 4974 causam
2280 4920 2453 4974 fletus.
2480 4922 2566 4974 Illa
2585 4931 2759 4976 autem
2787 4923 2952 4975 dixit:
2977 4922 3052 4976 Ne
3075 4938 3159 4977 me
3189 4921 3614 4991 roges,domine,

2052 5026 2149 5063 nec
2170 5011 2415 5063 miseram
2443 5010 2746 5076 examines;
2777 5012 2870 5066 sed
2899 5020 3146 5081 tanquam
3188 5012 3432 5065 ancillam
3473 5020 3612 5064 tuam

2053 5100 2281 5154 abducas
2328 5115 2431 5167 quo
2458 5100 2609 5154 velis.
2637 5099 2763 5153 Nam
2795 5116 2914 5155 cum
2956 5101 3174 5156 maritus
3205 5110 3441 5171 tempore
3469 5102 3614 5155 biens-

2054 5188 2124 5241 nii
2179 5188 2248 5242 ob
2295 5188 2529 5242 debitum
2582 5188 2845 5255 publicum
2915 5198 3268 5243 trecentorum
3335 5205 3622 5244 aureorum.

2053 5290 2195 5343 saepe
2223 5275 2381 5329 fuerit
2412 5275 2719 5344 ﬂagellatus,
2753 5277 2875 5331 etin
2905 5292 3121 5332 carcere
3152 5279 3403 5347 inclusus,
3434 5288 3486 5334 et
3509 5289 3613 5334 tres

2056 5368 2183 5420 mihi
2214 5366 2512 5421 cliarissiini
2564 5368 2651 5421 filii
2686 5369 2885 5423 venditi
2937 5370 3153 5436 fuerint,
3187 5388 3285 5443 ego
3316 5374 3511 5428 recedo
3538 5372 3617 5425 fu.

2053 5456 2234 5523 gitiva,
2267 5460 2436 5511 locum
2462 5458 2576 5512 loco
2597 5470 2925 5515 commutatis
2946 5478 2959 5514 :
2984 5475 3122 5516 nunc
3140 5473 3313 5516 autem
3345 5465 3506 5518 etiam
3530 5479 3625 5517 erm

2056 5559 2180 5598 rans
2210 5561 2301 5613 per
2348 5547 2704 5614 solitudinem,
2732 5564 2875 5617 saepe
2920 5550 3128 5604 inventa
3147 5592 3161 5617 ,
3186 5560 3238 5604 et
3280 5552 3491 5606 assidue
3520 5552 3612 5605 lla-

2056 5636 2264 5701 gellata,
2291 5635 2400 5705 jam
2429 5646 2536 5691 tres
2563 5639 2676 5692 dies
2707 5642 2974 5708 permansi
3003 5640 3181 5710 jejuna
3215 5644 3277 5716 in_
3308 5642 3605 5699 solitudine.

2060 5726 2168 5794 Ego
2219 5737 2389 5781 autem
2417 5730 2530 5797 ejus
2556 5744 2675 5783 sum
2721 5731 2986 5796 misertus,
3020 5733 3192 5799 inquit
3226 5732 3392 5795 latro;
3420 5742 3472 5788 et
3491 5746 3620 5787 cuni
