2014 3220
190 186 259 212 H67

917 188 1077 216 PALLADII

1745 189 1818 219 “08

197 254 255 274 cam
271 246 439 274 deduxissem
455 248 481 273 in
498 247 661 281 speluncam,
677 247 735 274 dedi
749 248 773 274 ei
789 252 922 274 trecentos
932 254 980 274 au-
996 248 1021 276 Δ
1036 248 1085 274 viri
1101 249 1211 276 virtutes
1221 242 1347 277 audiisset
1359 248 1535 284 Paphnutius,
1548 250 1606 286 ejus
1619 258 1699 288 caput
1709 259 1815 282 usua-

197 297 268 322 reos,
282 295 309 317 et
322 290 417 317 deduxi
437 297 495 317 eam
513 298 597 324 usque
607 291 639 317 ad
655 292 799 322 civitatem,
810 295 837 317 et
851 299 910 324 ejus
926 299 982 317 ma-

198 335 275 360 ritum
297 335 405 361 liberavi
419 341 479 361 cum
500 335 604 364 liberis,
623 335 688 361 citra
703 336 784 362 ullutn
807 336 932 369 probrum
955 340 982 362 et

195 379 393 405 contumeliam.
408 378 455 406 Cui
470 380 607 412 respondit
622 380 862 414 Paphuutius:Ego
873 380 980 412 quidem

197 424 295 450 nullius
313 425 350 450 rei
372 424 431 450 talis
447 425 510 451 mihi
523 432 580 450 sum
592 426 724 457 conscius,
738 425 763 451 ιιι
791 426 982 453 exercitatione

195 473 282 495 autem
298 470 407 495 omnino
430 469 536 495 audiisti
552 477 593 496 me
606 477 666 496 esse
678 469 827 502 celebrent;
844 478 896 497 non
910 470 979 498 enim

196 513 276 540 vitam
286 513 388 540 traduxi
402 514 428 540 in
440 514 505 540 otio.
518 513 579 540 Milli
593 521 657 548 ergo
669 514 740 541 Deus
753 514 786 541 de
800 519 825 541 te
840 515 979 548 revelavit,

196 563 222 585 te
245 560 324 585 rebus
338 559 418 592 gestis
444 559 525 586 nihilo
539 566 582 585 tne
596 567 656 587 esse
681 560 846 593 interiorem;
861 562 883 587 si
905 568 979 596 ergo,

195 610 211 629 0
226 603 318 635 frater,
336 611 389 629 non
403 611 480 638 parva
509 611 523 629 a
551 604 650 631 Deitatc
672 605 705 631 Iui
720 605 833 632 habetur
855 606 932 637 ratio,
947 614 981 633 ne

197 653 266 679 tuam
282 647 395 674 animam
409 652 509 675 temere
519 649 678 682 neglexeris.
692 649 714 675 Is
722 654 810 676 autem
824 650 912 676 statim
925 658 981 684 pro-

194 693 277 728 jectis
286 701 352 727 quos
369 693 460 720 habuit
471 694 496 719 in
513 694 635 720 manibus
647 694 727 726 tibiis,
740 699 767 721 et
792 695 856 729 lyra:
871 697 980 722 musz

196 739 331 765 harmonia
345 739 370 765 in
383 739 526 772 spiritalem
540 739 659 766 traducta
671 740 821 771 melodiam,
836 741 924 766 virutn
938 747 981 767 se-

193 787 270 809 cutus
285 787 326 810 est
347 783 372 809 in
397 784 542 810 desertum.
560 783 624 810 Cum
648 789 738 810 autem
755 785 837 811 tribus
852 786 928 812 annis
951 793 981 812 se

194 836 240 861 pro
251 829 350 856 viribus
368 830 542 861 exercuisset,
559 834 585 855 et
600 830 625 856 in
643 830 746 864 hymnis
767 836 793 857 et
816 831 979 858 orationibus

194 875 253 900 vita:
265 882 319 900 sum
333 879 438 908 tempus
456 875 610 909 peregisset.
625 875 650 902 in
663 875 761 903 ccelum
775 876 825 902 iter
833 876 939 908 direxit,
951 880 978 903 et

1034 298 1074 320 tus
1100 299 1150 325 est,
1167 295 1257 321 dicens
1272 304 1278 321 :
1292 295 1431 323 benedicat
1455 302 1482 324 te
1500 297 1628 326 Dominus
1640 307 1673 327 ex
1696 300 1774 335 Sion;
1786 307 1816 330 et

1033 338 1121 363 videas
1129 339 1195 365 bona
1209 339 1353 367 Jerusalem
1364 341 1488 369 omnibus
1496 342 1590 370 diebus
1598 343 1813 375 ῆιεωεινωι-

1032 383 1143 416 cum).
1157 383 1184 409 In
1209 384 1240 410 iis
1256 385 1326 411 enim
1341 389 1369 413 te
1389 390 1463 413 recte
1483 386 1588 421 gessisti
1601 395 1609 414 :
1622 394 1704 415 nomn
1721 393 1812 417 autem

1033 427 1082 454 tibi
1095 433 1178 455 restat
1192 430 1260 460 quod
1281 434 1322 457 est
1335 436 1414 464 caput
1425 431 1564 464 virtutum,
1576 436 1672 467 nempe
1681 434 1729 461 na
1738 442 1812 462 ultu

1031 479 1066 498 ex
1079 478 1153 505 parte
1167 474 1274 507 sapiens
1291 475 1420 509 cognitio,
1435 481 1513 509 quam
1529 484 1581 504 non
1597 478 1812 511 poterissiuela-

1031 516 1097 543 bore
1107 518 1243 551 consequi,
1258 519 1308 545 nisi
1322 526 1383 546 cum
1394 519 1506 553 teipsutu
1520 528 1536 548 a
1549 521 1650 549 mundo
1660 524 1812 558 ablegavia.

1031 567 1136 587 crucem
1161 562 1286 595 accipias,
1297 567 1326 590 et
1349 564 1468 598 sequaris
1478 565 1662 594 Senatorum.
1674 566 1700 594 Is
1721 573 1813 596 Idan

1031 607 1075 633 ubi
1089 606 1146 634 haec
1159 608 1251 640 audiit,
1263 610 1354 636 statim
1371 617 1422 638 nec
1433 611 1489 639 suis
1498 612 1606 646 quidem
1620 614 1709 643 value
1719 614 1812 650 jussis.

1030 653 1115 679 virum
1139 659 1246 681 secutus
1258 660 1300 682 est
1323 656 1350 682 in
1365 661 1493 684 montem.
1509 657 1544 685 Et
1555 665 1616 686 eum
1628 661 1767 688 venissent
1778 663 1813 689 ad

1032 696 1151 730 ﬂuvium,
1167 699 1266 733 scapha
1285 707 1337 727 non
1353 701 1457 728 inventa
1479 701 1560 736 jussit
1585 703 1731 738 Paphuttus
1751 713 1814 733 am

1031 742 1128 770 ﬂumen
1143 745 1265 778 traiicere
1286 746 1408 780 pedibus,
1419 748 1488 781 quad
1515 753 1623 783 propter
1644 750 1813 779 altitudinem

1031 795 1108 814 nemo
1130 789 1175 816 illo
1197 795 1316 824 tempore
1341 791 1452 825 pedibus
1470 794 1622 827 traiecerat.
1635 794 1701 823 Cum
1725 802 1814 824 autem

1031 833 1208 865 transiissent,
1222 839 1249 861 et
1263 835 1302 862 eis
1313 836 1474 869 pervenisset
1489 845 1556 870 aqua
1575 846 1662 873 usque
1674 841 1706 867 ad
1718 841 1813 876 εὔυμ-

1031 877 1095 909 lum,
1113 878 1251 904 constituit
1263 887 1322 906 eum
1345 880 1371 907 in
1387 881 1499 913 quodam
1520 882 1590 910 loco.
1603 884 1669 911 Cum
1683 892 1713 913 se
1727 891 1814 913 autem

193 926 251 945 cum
264 918 352 945 choris
375 920 529 953 angelorum
545 925 570 947 et
582 920 714 954 justorum
732 920 868 947 ordinibus
880 928 979 947 tonnu-
997 915 1017 943 Β
1032 926 1189 953 separasset,
1204 922 1285 949 Deum
1308 925 1411 955 rogavit
1430 929 1459 951 ut
1474 926 1603 959 ejusmodi
1617 927 1814 957 δαιιίηῶυῆ-

193 969 320 997 moratus,
329 965 466 998 requievit.

474 1009 588 1038 CAPUT
607 1011 697 1038 LXIV.

469 1055 506 1082 De
522 1055 700 1083 Prolacomite.

229 1099 278 1126 Ubi
292 1108 354 1134 ergo
370 1100 442 1127 illum
459 1102 503 1134 qui
519 1108 548 1128 se
562 1106 719 1128 exercuerat
737 1102 890 1133 virtutibus,
907 1102 979 1135 prius

193 1145 223 1170 ad
238 1145 319 1171 Deum
350 1146 431 1178 misit,
444 1147 538 1180 majori
552 1151 580 1173 et
598 1147 756 1174 accuratiori
769 1147 829 1174 vita:
847 1147 977 1180 instituto,

192 1198 271 1221 quam
297 1191 370 1223 prius
391 1196 472 1223 esset,
488 1191 537 1218 sibi
564 1192 813 1226 imposito.rugavit
843 1193 924 1219 Deum
950 1198 979 1220 ut

192 1235 242 1261 sibi
255 1235 446 1269 signiﬁcaretur
460 1237 564 1262 cuinam
578 1244 612 1263 ex
622 1237 723 1264 sanctis
738 1242 808 1264 esset
823 1236 918 1264 similis
929 1258 935 1269 ,
952 1242 979 1264 et

193 1288 287 1307 rursus
302 1288 353 1307 vox
370 1281 458 1308 divina
483 1281 515 1308 ad
540 1289 600 1308 eum
616 1281 683 1308 facta
708 1287 758 1314 est,
772 1283 878 1309 dicens:
896 1283 930 1310 Es
943 1284 980 1309 si—

194 1325 263 1351 milis
274 1326 351 1352 vicini
373 1327 431 1361 pagi
448 1327 614 1360 protocomiti
631 1327 727 1360 (tiu/7.,
740 1327 758 1354 ι.
774 1335 802 1360 ιι,
817 1337 873 1363 cap.
888 1328 942 1363 Ιϋ).
956 1329 979 1356 Is

192 1375 280 1396 autem
293 1370 325 1396 ad
341 1377 401 1397 eum
417 1371 484 1397 abiit
492 1371 647 1404 celerrime;
663 1377 690 1399 et
704 1380 763 1398 cum
776 1373 833 1406 ipse
847 1373 980 1406 pulsasset

192 1415 300 1447 ostium,
313 1416 442 1449 processit
455 1415 509 1447 ille,
519 1420 548 1442 ut
562 1416 585 1442 ei
603 1424 659 1443 mos
674 1422 743 1450 erat,
752 1418 785 1443 ad
794 1418 977 1451 accipiendum

192 1460 332 1492 hospitem.
351 1461 382 1486 Et
396 1467 455 1487 cum
472 1461 552 1495 pedes
565 1461 623 1494 ejus
636 1462 754 1494 lavisset.
766 1468 793 1490 et
808 1470 979 1495 utensamap-

192 1505 333 1537 posuisset.
358 1504 476 1531 hortatus
502 1511 544 1533 est
566 1512 593 1533 ut
618 1513 783 1535 vesceretur.
799 1508 865 1534 Cum
889 1512 977 1534 autem

192 1549 259 1575 facta
272 1551 330 1582 ejus
351 1551 543 1583 sciscitaretur,
557 1557 584 1577 et
597 1552 620 1578 ei
635 1552 736 1579 diceret
752 1561 758 1578 :
775 1553 856 1579 Narra
873 1552 946 1583 inihi,
961 1560 977 1579 ο

1031 964 1138 991 deretur
1149 969 1326 999 praistanlior.
1338 968 1395 996 Non
1407 970 1488 997 multo
1502 977 1588 998 autem
1602 973 1814 1009 iuteq'sctoletn.

1030 1016 1106 1043 pore,
1123 1011 1184 1037 vidit
1199 1012 1247 1038 viri
1258 1013 1372 1040 animam
1383 1016 1480 1042 assumi
1490 1017 1525 1042 ab
1539 1017 1640 1051 angelis
1662 1018 1745 1047 Deum
1756 1020 1814 1048 lau-

1030 1054 1154 1083 dantibus
1165 1061 1195 1083 et
1216 1057 1367 1085 dicentibus
1378 1068 1386 1085 :
1398 1059 1493 1088 Beatus
1506 1069 1585 1096 quem
1607 1063 1709 1098 elegisti
1722 1069 1752 1092 et
1765 1072 1814 1092 aa—

1029 1101 1327 1134 sumpsistizhahitabit
1354 1103 1380 1130 in
1406 1105 1480 1132 atriis
1505 1106 1557 1133 tuis
1581 1106 1758 1144 (Pratutv).
1776 1109 1814 1136 Et

1031 1153 1121 1173 rursus
1149 1147 1226 1180 iustis
1253 1149 1473 1183 respondentibus
1508 1158 1535 1178 et
1559 1152 1706 1181 dicentibus
1723 1162 1733 1179 τ
1755 1154 1810 1182 Pax

1031 1191 1109 1216 titulis
1125 1191 1292 1225 diligentibus
1303 1194 1385 1228 legent
1400 1199 1482 1228 tuatn,
1493 1200 1521 1223 et
1533 1203 1585 1224 non
1599 1202 1640 1224 est
1649 1198 1688 1226 eis
1701 1199 1813 1226 seanda-

1030 1235 1083 1261 lum
1096 1235 1183 1270 (Paul.
1197 1238 1299 1271 cxvin).
1315 1239 1349 1266 Et
1360 1244 1422 1267 tunc
1432 1243 1556 1276 cognovit
1565 1242 1650 1271 virum
1662 1250 1725 1273 esse
1740 1251 1814 1273 Itth

1030 1283 1113 1306 tuum.

1310 1317 1421 1347 CAPUT
1441 1319 1519 1348 LXV.

1276 1372 1314 1399 Ds
1328 1373 1471 1401 Mercatore
1484 1374 1568 1410 (1099.

1064 1415 1129 1442 Cum
1144 1420 1232 1443 autem
1248 1423 1430 1450 perseveraret
1452 1419 1536 1447 abbas
1548 1419 1712 1455 Paphnutius
1727 1421 1812 1451 Deus-

1030 1462 1148 1488 venerari
1162 1463 1294 1494 precibus.
1307 1462 1517 1498 etmultiplicare
1524 1465 1636 1500 jejunis,
1649 1473 1742 1494 ursus
1750 1475 1815 1496 ora-

1030 1508 1067 1533 vit
1079 1511 1108 1533 ut
1121 1506 1172 1534 sibi
1194 1508 1382 1537 ostenderetur
1396 1511 1500 1537 cuinam
1513 1515 1584 1538 esset
1597 1511 1692 1540 sinitis
1711 1512 1814 1548 (Rusti.

1030 1552 1049 1579 ι.
1065 1559 1098 1585 ιι,
1115 1561 1173 1587 cap.
1188 1553 1226 1587 6).
1245 1554 1311 1581 Dicit
1326 1555 1349 1581 ei
1362 1562 1455 1582 rursus
1470 1562 1520 1582 vox
1533 1555 1621 1584 divina
1635 1564 1644 1583 ι
1657 1556 1762 1585 Similis
1783 1565 1816 1585 ea

192 1595 287 1625 homo,
306 1595 453 1622 institutum
466 1596 527 1623 vitae
550 1601 617 1629 tuae;
634 1598 723 1624 multis
743 1598 814 1624 enim
826 1598 975 1632 monachis,
992 1591 1014 1621 C
1029 1598 1169 1625 mercatori
1180 1599 1308 1632 qumreuti
1319 1600 1400 1626 bonas
1412 1601 1580 1635 margaritas;
1592 1601 1814 1637 sedant-godde-

191 1642 221 1664 ul
234 1638 298 1665 mihi
312 1639 380 1666 Deus
394 1640 520 1672 ostendit,
537 1642 643 1668 evasisti
658 1642 788 1676 superiOr,
804 1640 848 1670 ille
861 1644 926 1670 dixit
949 1651 978 1671 se

192 1689 250 1709 esse
272 1689 437 1717 peccatorem
459 1685 632 1719 etindignnm
648 1686 754 1713 nomine
775 1688 976 1715 monachorum.

191 1728 257 1754 Cum
273 1734 361 1755 autem
385 1729 493 1756 instaret
508 1731 673 1764 percontari,
690 1733 769 1759 homo
780 1734 926 1768 respondit,
938 1734 978 1760 di-

191 1780 252 1798 cens
267 1781 272 1797 :
288 1773 344 1799 Non
360 1773 444 1803 habeo
463 1775 570 1808 quidem
588 1783 698 1804 necesse
720 1785 829 1805 narrare
843 1786 873 1805 ea
889 1786 947 1812 quae
962 1787 977 1806 a

191 1824 232 1845 Cie
255 1818 321 1846 facta
337 1825 411 1851 sunt;
427 1820 475 1847 sed
490 1819 615 1854 quoniam
631 1820 696 1847 dicis
713 1825 738 1848 te
753 1830 766 1848 a
783 1822 837 1850 Deo
858 1824 975 1858 venisse,

191 1870 248 1897 qua:
262 1864 324 1890 mihi
349 1866 447 1891 adsunt
457 1866 580 1892 referam.
593 1866 650 1893 Jam
664 1866 751 1901 agitur
763 1866 914 1901 trigesimus
926 1876 975 1895 an-

191 1916 250 1940 nus,
262 1916 293 1935 ex
314 1917 364 1943 quo
380 1918 422 1937 me
436 1918 450 1937 a
466 1919 524 1938 mea
551 1920 633 1939 uxore
659 1912 789 1946 separavi,
806 1920 866 1939 cum
893 1914 976 1941 tribus

191 1956 268 1980 annis
294 1955 378 1981 solum
394 1963 453 1982 cum
478 1963 511 1983 ea
538 1956 687 1984 habuissem
702 1958 934 1991 consuetudinem,
950 1965 976 1986 et

192 2004 246 2025 tres
260 2007 291 2025 cx
307 2007 335 2027 ea
353 2000 421 2027 ﬁlios
436 2002 674 2036 suscepissem,qui
690 2003 766 2030 etiam
778 2004 842 2030 inihi
856 2005 887 2030 ad
903 2011 976 2031 meos

161 2038 164 2041 ’
192 2051 255 2070 usus
268 2045 431 2077 inserviunt;
451 2046 658 2079 hOSpitalitatetn
676 2053 763 2074 autem
779 2056 914 2083 nunquam
935 2049 976 2075 in-

192 2089 293 2116 termisi
305 2097 387 2124 usque
399 2090 425 2116 in
440 2090 594 2118 hodiernum
616 2092 684 2119 diem
701 2101 708 2119 :
724 2101 775 2120 non
789 2093 916 2127 gloriatur
928 2094 976 2121 ali-

192 2134 251 2166 quis
272 2141 304 2161 ex
327 2135 467 2161 comitibus
481 2143 513 2163 se
530 2137 660 2170 hospitem
684 2142 745 2166 ante
769 2146 811 2165 me
825 2140 975 2174 excepisse.

193 2179 250 2205 Non
276 2187 399 2214 egressus
418 2186 458 2208 est
476 2189 575 2216 pauper
599 2192 648 2210 nec
673 2183 769 2218 hospes
782 2192 814 2211 ex
838 2192 895 2213 mea
916 2187 976 2212 auia

192 2225 282 2251 vacuis
303 2227 435 2259 manibus,
449 2228 493 2261 qui
517 2236 569 2255 non
593 2229 664 2262 prius
687 2230 780 2256 rationi
801 2234 976 2260 Conveniet-te

192 2276 261 2297 esset
280 2271 376 2298 viatico
402 2278 573 2300 sustentatus.
596 2275 651 2301 Non
680 2275 792 2310 adspexi
820 2278 975 2311 prazteriens

193 2322 335 2349 pauperem
360 2316 502 2343 infortunio
517 2319 650 2351 allectum,
662 2321 703 2346 cui
719 2328 770 2347 non
784 2322 974 2356 suppeditaritn

192 2361 262 2394 quod
278 2361 340 2388 satis
359 2362 406 2387 iuit
422 2363 519 2389 solatii.
540 2363 596 2390 Non
611 2365 701 2398 accepi
715 2372 856 2399 personam
871 2366 976 2394 tiliitnei

192 2406 218 2431 in
240 2405 414 2440 judiciu,n0n
430 2408 541 2443 ingressi
562 2413 624 2436 sunt
649 2404 690 2436 ἰιι
726 2408 839 2438 domum
886 2418 973 2439 meam

193 2449 292 2477 [ructus
318 2451 408 2485 alieni,
421 2460 473 2479 nun
489 2452 537 2480 fuit
552 2453 584 2482 lis
597 2448 684 2487 aliqua
698 2461 775 2488 quain
789 2463 843 2482 non
867 2463 976 2490 compo-

192 2496 290 2523 suerim
306 2503 332 2523 et
347 2498 551 2531 paciﬁcavcrim,
566 2507 618 2526 non
632 2499 776 2534 increpavit
789 2501 886 2536 aliquis
900 2509 974 2529 meos

193 2542 261 2569 lilios
280 2542 350 2576 quod
377 2550 406 2570 se
430 2543 568 2574 inhoneste
594 2550 731 2580 gererent,
757 2553 811 2573 non
834 2546 976 2582 tetigerunt

193 2586 295 2614 fructus
316 2587 417 2616 alienos
441 2589 492 2618 mei
518 2597 627 2624 greges,
644 2597 697 2617 non
722 2592 849 2619 seminari
875 2594 976 2626 primus

192 2639 270 2666 agros
298 2641 388 2668 meos,
411 2629 457 2662 scd
473 2642 532 2663 eum
559 2643 605 2663 eos
630 2636 753 2664 omnibus
778 2639 973 2672 proposuissem

192 2674 359 2711 conn-tunes,
383 2679 538 2715 colligebam
561 2688 592 2708 ea
610 2688 669 2715 quzn
694 2686 771 2708 erant
790 2683 902 2716 reliqua.
917 2683 974 2711 Non

193 2725 311 2750 concessi
328 2728 356 2750 ut
377 2732 475 2758 pauper
496 2726 690 2759 opprimeretur
712 2734 727 2752 a
743 2727 860 2760 p0tentia
874 2728 973 2759 divitis.

193 2776 245 2796 non
269 2769 344 2797 alit-ci
359 2770 472 2805 aliquem
499 2764 618 2801 molestia
641 2773 730 2799 invita
754 2780 824 2805 mea,
840 2781 974 2807 nunquam

194 2814 291 2842 malum
309 2810 438 2849 judicium
452 2817 550 2851 protuli
571 2817 598 2845 in
611 2818 738 2852 aliquem.
755 2818 817 2846 Hac
828 2827 845 2845 a
861 2827 904 2847 mo
916 2827 975 2847 esse

195 2855 263 2887 iuta
286 2859 340 2888 Deo
353 2861 458 2896 volente
477 2862 539 2889 mihi
567 2870 625 2890 sum
649 2863 781 2891 conscius.
797 2864 863 2891 Cum
887 2870 974 2892 autem

1030 1650 1102 1676 ceps.
1117 1647 1146 1670 et
1164 1652 1199 1671 ne
1210 1650 1351 1678 cunctare;
1367 1645 1412 1672 tibi
1432 1646 1504 1673 enim
1518 1651 1640 1675 occursat
1779 1655 1812 1678 es

1030 1687 1201 1715 assimilatus.
1215 1687 1281 1715 Cum
1293 1688 1337 1715 ille
1347 1693 1433 1716 autem
1444 1690 1635 1725 descendisset,
1649 1692 1809 1722 vidiuis.-

1027 1733 1170 1766 quemdam
1181 1738 1354 1761 mercatorem
1367 1734 1586 1769 Alexandriaunt,
1596 1733 1805 1770 pia-am

1028 1781 1173 1808 amantem,
1187 1778 1268 1805 vicies
1284 1778 1355 1805 mille
1369 1780 1457 1806 aureis
1470 1780 1658 1813 negotiantem,
1667 1787 1798 1808 usua-

1028 1827 1082 1849 lum
1097 1823 1208 1850 navibus
1229 1823 1434 1851 descendentem
1448 1831 1480 1851 ex
1502 1825 1641 1859 superiore
1656 1823 1804 1858 τωο.

1027 1869 1071 1901 qtti
1085 1877 1177 1896 omnes
1189 1876 1250 1896 suas
1262 1868 1398 1896 facultates
1412 1874 1439 1897 et
1450 1877 1553 1898 merces
1563 1870 1809 1913 distribuerat”—

1029 1915 1145 1948 peribus.
1162 1915 1186 1941 Is
1198 1922 1258 1942 cum
1274 1915 1330 1942 suis
1344 1915 1406 1942 ﬁliis
1427 1915 1520 1942 decem
1533 1911 1627 1943 saccos

1027 1960 1059 1986 ad
1074 1967 1134 1987 eum
1147 1959 1283 1987 atl‘erebat.
1299 1961 1331 1986 Et
1343 1960 1405 1994 qttid
1418 1960 1485 1991 hac.
1497 1961 1623 1989 oamioe?
1636 1960 1745 1990 didi!!!
1756 1961 1811 1990 Pa-

1027 2005 1161 2038 phnutius.
1176 2004 1200 2030 is
1214 2010 1301 2031 autem
1315 2004 1382 2031 dixit
1395 2004 1444 2038 ipsi
1456 2013 1464 2031 :
1476 2005 1542 2032 Sunt
1554 2006 1811 2035 Imm-samer-

1027 2054 1140 2081 taturm,
1157 2050 1200 2083 qui
1218 2049 1272 2076 Deo
1292 2048 1439 2077 offeruntur
1451 2049 1485 2076 ad
1504 2050 1602 2084 justam
1613 2050 1812 2080 traiectionem.

1026 2095 1093 2127 Quid
1108 2099 1197 2121 autem
1213 2095 1280 2125 hate,
1294 2094 1380 2128 inquit
1395 2094 1444 2129 ipsi
1459 2095 1669 2130 Paphnutius.et
1679 2098 1813 2125 tum

1028 2140 1134 2166 nomine
1159 2147 1211 2166 non
1229 2139 1343 2167 frueris!
1355 2140 1378 2167 Is
1391 2146 1480 2168 autem
1492 2141 1627 2169 confessus
1637 2148 1723 2170 otto
1734 2142 1771 2169 Id
1781 2141 1814 2170 id

1027 2185 1146 2212 studiose
1156 2185 1326 2212 contendere.
1338 2185 1367 2212 Ei
1375 2185 1512 2219 respondit
1518 2185 1680 2220 Paphnutius
1691 2186 1809 2220 θρύου-

1027 2238 1079 2264 que
1093 2238 1157 2264 ergo
1181 2235 1208 2256 tit
1235 2235 1365 2257 terrenam
1387 2237 1498 2258 exerces
1518 2231 1736 2266 negotiationem.
1750 2235 1813 2259 ‘ttoe

1027 2275 1145 2302 ctelestia
1170 2276 1276 2309 attingis
1301 2276 1491 2303 mercimonia?
1504 2276 1556 2304 Sed
1569 2276 1629 2304 hac
1777 2283 1812 2304 es

1027 2320 1087 2347 aliis
1098 2320 1274 2352 dimissurus;
1288 2324 1315 2347 tu
1333 2327 1396 2347 vero
1418 2320 1450 2347 iis
1462 2325 1491 2347 te
1509 2319 1811 2356 adjung'ena'q'ul‘aanl

1027 2366 1146 2392 maxime
1164 2369 1331 2400 opportuna,
1346 2372 1458 2399 sequere
1481 2365 1650 2392 Senatorum
1660 2361 1729 2399 me
1744 2370 1811 2393 eam

1027 2414 1155 2437 venturus
1169 2411 1247 2444 paulo
1259 2415 1326 2444 post.
1345 2410 1368 2437 Is
1380 2416 1443 2437 vom
1457 2410 1521 2438 nihil
1535 2406 1811 2446 dM‘L’MIv

1027 2457 1076 2484 lios
1086 2464 1149 2484 suos
1159 2457 1258 2491 reliqua
1269 2456 1388 2484 dividere
1398 2456 1574 2491 pauperibus;
1583 2456 1644 2490 ipse

1029 2502 1054 2527 itt
1069 2506 1186 2528 montem
1199 2502 1374 2533 ascendisset,
1388 2505 1416 2528 et
1429 2501 1544 2536 δαὶμων
1558 2500 1586 2528 ΙΙΙ

1027 2548 1118 2579 sisset,
1132 2547 1176 2574 ubi
1191 2547 1245 2574 duo
1260 2546 1362 2579 priores
1371 2546 1546 2574 consummati
1553 2544 1813 2582 (maniplisth

1028 2592 1103 2618 rabat
1115 2592 1141 2618 in
1155 2591 1327 2618 orationibus.
1351 2587 1438 2618 Parvo
1458 2591 1547 2618 autem

1029 2636 1123 2663 relicto
1135 2644 1264 2670 corpore,
1280 2635 1365 2663 tactus
1377 2641 1420 2663 est
1431 2635 1500 2664 civis
1660 2635 1813 2678 fought

1028 2685 1115 2708 autem
1128 2688 1188 2708 eum
1200 2688 1304 2715 quoque
1317 2680 1482 2715 prmisitin
1492 2680 1750 2716 omlost‘ipse'etil‘m
1760 2678 1815 2708 αι’

1027 2727 1135 2760 spondit
1146 2727 1264 2755 animus
1275 2747 1282 2759 ,
1297 2731 1327 2754 ut
1338 2727 1384 2762 qui
1396 2733 1427 2754 se
1439 2732 1493 2754 nou
1504 2724 1717 2761 posset-amplius
1726 2731 1809 2754 asa"

1028 2780 1100 2800 cere.
1110 2773 1247 2801 Assistens
1256 2778 1345 2801 autem
1358 2773 1468 2808 angelus
1479 2773 1504 2800 ei
1517 2770 1811 2805 dixittﬂu‘cdm

1029 2818 1134 2852 accede,
1150 2819 1209 2845 veni
1223 2824 1248 2846 tu
1257 2826 1372 2853 quoque,
1387 2825 1404 2845 ο
1417 2818 1504 2850 beate,
1517 2818 1651 2846 iam

1029 2865 1130 2897 uacula,
1147 2870 1276 2891 venerunt
1288 2864 1358 2890 enim
1382 2862 1518 2898 prophetae
1535 2867 1562 2891 te
1574 2863 1608 2892 .‘it'l

1748 2961 1974 3220 Δ
