4028 6440
296 400 437 466 1169

1525 400 1896 463 HISTORIA
1936 402 2334 467 LAUSIACA.

3430 400 3568 467 1170

293 514 423 585 ἄχρι
466 512 568 584 τῆς
630 511 839 576 πόλεως
895 512 1189 583 ώδήγησα·
1246 509 1625 580 ἐλευθερώσας
1704 510 1877 580 αὐτὴν
1907 533 1948 586 Α
1981 514 2319 583 ῐιαφνούτιος
2370 513 2473 577 τὰς
2508 512 2604 567 τοῦ
2652 512 2846 585 ἀνδρὸς
2885 513 3107 585 ἀρετὰς,
3163 513 3263 583 τὴν
3322 515 3566 584 κεφαλὴν

300 605 439 676 μετά
463 605 572 659 τῶν
600 606 827 670 τέκνων,
856 606 951 658 καὶ
973 607 1064 657 τὸν
1087 603 1277 673 ἄνδρα.
1298 603 1441 674 Πρὸς
1465 603 1525 655 ὃν
1544 604 1877 673 ἀπεκρίνατο

296 699 324 749 6
355 700 718 766 Παφνούτιοςο
763 695 906 764 Ἐγὼ
950 696 1052 765 μὲν
1087 695 1238 748 οὐδὲν
1274 695 1499 765 ἐμαυτῷ
1530 694 1743 747 σύνοιδα
1768 692 1878 746 τῶν

295 789 552 842 τοιούτων
603 787 1016 852 κατορθωκότι⁶
1052 791 1109 840 ἐν
1164 788 1221 841 δὲ
1249 788 1316 857 τῇ
1368 786 1602 856 ἀσκήσει
1659 786 1878 848 πάντως

295 882 537 951 ἀκήκοάς
577 898 644 951 με
691 876 834 934 εἶναι
877 879 1183 951 διαϐόητον.
1218 879 1292 930 Οὐ
1323 878 1433 948 γὰρ
1470 876 1733 947 ῥᾳθύμως
1779 875 1878 945 τὴν

294 972 531 1042 ἐμαυτοῦ
562 973 705 1043 ζωὴν
733 971 1041 1043 διελήλυθα.
1088 972 1244 1041 Ἐμοὶ
1274 968 1367 1023 οὖν
1402 972 1429 1022 6
1461 969 1596 1031 Θεὸς
1628 968 1758 1039 περὶ
1786 967 1878 1019 σοῦ

278 1063 666 1134 ἀπεκάλυψεν,
701 1064 783 1116 ὅτι
813 1063 963 1118 οὐδὲν
1016 1062 1237 1117 ἔλαττον
1292 1061 1418 1131 ἐμοὶ
1456 1060 1601 1130 ἕχεις
1653 1060 1712 1112 ἐν
1770 1060 1880 1120 τοῖς

296 1156 740 1229 κατορθώμασιν.
764 1157 827 1209 El
852 1156 946 1209 06v
966 1157 1065 1210 οὐκ
1088 1156 1268 1223 ὀλίγος
1295 1155 1475 1222 λόγος,
1502 1152 1720 1219 ἀδελ.φέ,
1753 1151 1882 1221 περὶ

296 1246 393 1300 σοῦ
428 1250 492 1317 τῇ
543 1247 761 1318 θεότητι
790 1248 1024 1316 γίνεται,
1071 1246 1147 1319 μὴ
1181 1248 1279 1316 τῆς
1320 1245 1518 1299 ἐαυτοῦ
1566 1243 1770 1314 ψυχῆς,
1805 1242 1881 1305 ὡς

294 1338 507 1407 ἔτυχεν,
538 1341 987 1411 καταφρονήσῃς.
1044 1341 1105 1393 '0
1136 1339 1192 1392 δὲ
1230 1338 1395 1410 ῥίψας
1429 1336 1591 1399 εὐθὺς
1629 1335 1703 1397 ὡς
1735 1327 1881 1402 εἶχεν

293 1433 354 1484 ἐν
383 1434 503 1495 ταῖς
528 1436 709 1502 χερσὶ
734 1433 864 1495 τοὺς
894 1432 1113 1496 αὐλοὺς,
1152 1433 1248 1487 καὶ
1276 1431 1384 1500 τὴν
1431 1426 1752 1497 ἐναρμόνιον
1782 1424 1879 1494 τῆς

296 1524 565 1593 μουσικῆς
595 1523 741 1593 ᾠδῆς
786 1525 868 1587 είς
911 1524 1294 1594 πνευματικὴν
1329 1520 1651 1593 μεταϐαλὼν
1702 1518 1881 1588 μελῳ-

1980 606 2152 657 αὐτοῦ
2180 605 2380 673 ἐφίλει,
2414 605 2592 673 λέγων
2611 620 2624 635 '
2647 605 2947 673 Εὐλογήσει
2977 620 3036 655 σε
3062 605 3267 673 Κύριος
3303 605 3367 655 ἐκ
3400 604 3563 663 Σιὼν,

1979 696 2074 747 καὶ
2104 695 2235 758 ἴδοις
2275 695 2346 749 τά
2381 695 2566 763 ἀγαθά
2627 695 3012 767 Ἰερουσαλήμ.
3058 694 3322 747 Λείπετσι
3371 694 3427 747 δέ
3485 712 3569 746 σοι

1978 785 2087 838 τῶν
2134 784 2348 856 ἀρετῶν
2392 786 2451 837 τὸ
2497 786 2814 853 κεφάλαιον,
2849 787 2881 855 ἡ
2919 784 3194 848 πάνσοφος
3240 781 3369 849 περὶ
3430 780 3567 832 Θεοῦ

1978 878 2201 946 γνῶσις,
2250 879 2317 949 ἣν
2350 879 2452 931 οὐκ
2499 880 2565 932 ἂν
2596 879 2729 951 δύνῃ
2778 878 2994 941 ἀπόνως
3029 876 3358 946 κτήσασθαι,
3397 874 3445 926 εί
3492 874 3570 942 μὴ

1983 972 2180 1026 σαυτὸν
2211 971 2290 1043 τῷ
2329 973 2521 1043 κόσμῳ
2572 972 3056 1041 ἁπαρνησάμενος,
3106 970 3201 1022 καὶ
3251 965 3431 1021 λαϐὼν
3478 966 3569 1016 τὸν

1984 1061 2218 1132 σταυρὸν
2257 1063 2336 1133 τῷ
2370 1064 2585 1134 Σωτῆρι
2618 1063 3015 1132 ἀκολουθήσῃς.
3063 1058 3120 1112 Ὀ
3161 1059 3216 1111 δὲ
3262 1059 3336 1119 ὡς
3367 1058 3569 1125 ἤκουσε

1981 1155 2175 1219 ταῦτα,
2199 1156 2336 1226 μηδέ
2359 1158 2473 1218 τοῖς
2502 1154 2698 1209 ἐαυτοῦ
2729 1153 3163 1221 ἀποταξάμενος,
3186 1150 3349 1212 εὐθὺς
3381 1150 3571 1201 εἵπετο

1982 1247 2059 1318 τῷ
2089 1247 2244 1319 ἀνδρὶ
2270 1248 2363 1299 ἐπὶ
2390 1247 2449 1299 τὸ
2482 1246 2630 1317 690;.
2666 1248 2774 1302 Καὶ
2820 1245 2882 1316 δὴ
2917 1243 3180 1297 ἐλθόντων
3210 1242 3304 1294 ἐπὶ
3332 1241 3425 1293 τὸν
3471 1257 3571 1292 πο·-

1982 1338 2178 1409 ταμὸν,
2221 1339 2476 1408 μηδαμοῦ
2505 1339 2749 1406 σκάφους
2787 1336 3228 1407 παραφανέντος,
3263 1332 3569 1403 προσέτατ-

1982 1447 2075 1481 τεν
2104 1433 2132 1481 6
2182 1431 2518 1499 Παφνούτιος
2552 1432 2807 1495 πεζεύειν
2836 1431 2928 1483 τὸν
2968 1428 3233 1496 ποταμὸν,
3285 1426 3346 1479 ὃν
3395 1424 3569 1482 οὐδεὶς

1985 1518 2205 1573 πώποτε
2258 1523 2378 1574 κατ’
2428 1524 2635 1575 ἐκεῖνον
2679 1523 2769 1573 τὸν
2824 1522 2986 1573 τόπον
3020 1520 3317 1583 ἐπέζευσεν
3372 1515 3459 1567 διὰ
3510 1514 3571 1564 τὸ

291 1615 435 1678 δίαν,
475 1615 550 1684 τῷ
594 1616 749 1687 ἀνδρὶ
791 1618 870 1679 είς
914 1617 1019 1686 τὴν
1070 1616 1277 1687 ἔρημον
1339 1611 1732 1683 ἠκολούθησεν.
1792 1610 1882 1661 Ἐν
1987 1611 2168 1681 βάθος.
2206 1613 2593 1682 Παρελθόντων
2615 1614 2670 1666 δὲ
2704 1612 2885 1665 αὐτῶν
2918 1613 3012 1665 καὶ
3037 1610 3131 1663 τοῦ
3167 1609 3356 1670 ὓδατος
3385 1608 3569 1667 αὐτοῖς

294 1710 446 1779 τρισὶ
484 1707 541 1761 δέ
571 1708 748 1762 ἐτεσιν
794 1710 935 1772 ὅλοις
967 1711 1109 1762 κατὰ
1139 1708 1340 1779 κράτος
1386 1707 1660 1778 ἀσκήσας,
1701 1703 1797 1756 καὶ
1824 1704 1882 1755 ἐν
1985 1703 2089 1767 ἕως
2119 1704 2216 1775 τῆς
2251 1704 2428 1775 ζώνης
2461 1706 2775 1776 γενομένου,
2827 1705 3163 1772 κατέστησεν
3189 1700 3353 1753 αὐτὸν
3379 1698 3437 1751 ἕν
3464 1715 3571 1750 τινι

293 1798 485 1868 ὕμνοις
522 1802 621 1852 καὶ
666 1804 724 1854 ἐν
776 1804 1110 1872 προσευχαῖς
1164 1801 1257 1854 τὸν
1301 1801 1499 1853 ἐαυτοῦ
1544 1797 1737 1869 χρόνον
1781 1798 1882 1865 τῆς
1985 1797 2154 1866 τόπῳ.
2187 1797 2358 1860 Αὐτὸς
2387 1797 2444 1849 δέ
2494 1797 2655 1849 αὐτὸν
2682 1798 3034 1868 διαχωρίσας,
3069 1796 3238 1847 ἐδεῖτο
3286 1791 3382 1845 τοῦ
3434 1790 3571 1844 Θεοῦ

294 1890 443 1958 ζωῆς
472 1889 809 1956 διατελέσας,
840 1892 975 1961 πρὸς
1007 1893 1105 1961 τὴν
1133 1892 1384 1962 οὐράνιον
1433 1890 1658 1957 πορείαν
1696 1888 1882 1939 ἐστέλ-
1915 1881 1957 1934 Β
1988 1887 2254 1957 κρείττων
2286 1889 2524 1958 φανῆναι
2565 1887 2673 1943 τῶν
2706 1889 2991 1942 τοιούτων.
3031 1888 3168 1941 Μετ’
3203 1885 3263 1938 οὐ
3315 1883 3483 1936 πολὺν
3514 1882 3572 1935 6'5

292 1981 438 2042 λετο,
490 1981 589 2035 σὺν
616 1986 796 2053 χοροῖς
827 1983 1000 2052 ἁγίων
1036 1985 1130 2037 καὶ
1180 1985 1426 2052 τάγμασι
1472 1980 1698 2035 δικαίων
1723 1978 1882 2051 ἀριθ-

220 2116 229 2117 κ
295 2073 492 2144 μηθεὶς
514 2076 880 2131 ἀνεπαύσατο.

878 2170 1139 2223 ΚΕΦᾹᾹ.
1182 2169 1298 2224 EA’.

760 2259 899 2326 Περὶ
929 2262 1414 2327 πρωτοκόμητος.

370 2346 461 2409 Ὦς
493 2346 627 2414 γοῦν
648 2348 857 2400 ἐκεῖνον
889 2347 1269 2413 ἐνασκήσαντα
1299 2343 1485 2407 καλῶς
1512 2346 1634 2409 ταῖς
1659 2347 1884 2415 ἀρεταῖς

290 2419 435 2507 πρὸς
467 2438 602 2491 Θεὸν
634 2437 973 2498 ἀπέστειλεν,
1007 2436 1218 2500 ἐπιθεὶς
1263 2437 1442 2507 ἐαυτῷ
1477 2437 1701 2507 μείζονα
1730 2438 1884 2489 πολι-

286 2529 446 2583 τείαν
479 2532 581 2602 τῆς
629 2529 959 2601 ἔμπροσθεν,
998 2528 1189 2599 ἠρώτα
1217 2529 1307 2581 τὸν
1334 2529 1468 2582 Θεὸν
1514 2528 1678 2581 πάλιν
1710 2528 1885 2593 δηλω-

288 2621 461 2691 θῆναι
490 2622 640 2691 αὐτῷ
665 2622 773 2675 τίνι
802 2621 911 2674 τῶν
950 2622 1123 2689 ἁγίων
1143 2620 1254 2691 ἀρα
1305 2620 1392 2692 εἴη
1418 2621 1624 2691 ὅμοιος
1658 2622 1751 2673 καὶ
1782 2621 1881 2673 πά-

287 2714 376 2767 λιν
428 2716 580 2786 φωνή
628 2732 713 2777 τις
765 2714 959 2783 γέγονε
1019 2714 1159 2777 θεία,
1219 2714 1353 2783 πρὸς
1405 2712 1568 2767 αὐτὸν
1626 2711 1881 2781 λέγουσα·

292 2808 525 2868 Ἔοικας
567 2805 646 2876 τῷ
676 2805 777 2875 τῆς
824 2806 1054 2877 πλησίον
1092 2805 1287 2875 κώμης
1337 2806 1781 2876 πρωτοκωμήτῃ.
1826 2802 1883 2855 Ὀ

286 2899 347 2952 δέ
376 2897 455 2959 ὡς
485 2898 717 2966 τάχιστα
750 2897 887 2968 πρὸς
929 2897 1093 2951 αὐτὸν
1124 2892 1250 2967 ἧκε.
1286 2898 1397 2950 Καὶ
1440 2896 1505 2967 δὴ
1555 2895 1883 2967 κρούσαντος

287 2987 463 3042 αὐτοῦ
500 2988 590 3040 τὸν
633 2987 878 3055 πυλῶνα,
915 2988 1225 3058 προσῆλθεν
1258 2990 1488 3053 ἐκεῖνος,
1513 2988 1655 3040 κατά
1682 2986 1743 3039 τὸ
1762 2986 1884 3047 ἔθος

284 3079 383 3133 τὸν
414 3077 564 3142 ξένον
593 3078 1011 3149 ὑποδεξάμενος.
1043 3078 1221 3148 Νίψας
1248 3079 1305 3131 δέ
1333 3079 1459 3141 τοὺς
1502 3079 1667 3141 πόδας
1693 3076 1878 3142 αὐτοῦ,

1985 1980 2176 2051 χρόνον
2214 1980 2287 2033 ἴδε
2320 1981 2419 2051 τὴν
2459 1979 2638 2050 ψυχὴν
2671 1984 2767 2033 τοῦ
2806 1982 3001 2051 ἀνδρὸς
3032 1979 3137 2031 ὐπὸ
3162 1976 3409 2045 ἀγγέλων
3438 1976 3570 2027 ἀνα-

1986 2070 2431 2141 λαμϐανομένην,
2483 2074 2807 2141 ὐμιουντων
2838 2072 2930 2125 τὸν
2962 2070 3096 2123 Θεὸν
3140 2068 3237 2122 καὶ
3267 2067 3534 2136 λεγόντων
3557 2081 3568 2091 ·

1985 2163 2272 2233 Μακάριος
2297 2163 2355 2217 ὃν
2387 2162 2620 2228 ἐξελέξω
2651 2164 2745 2217 καὶ
2767 2160 3131 2234 προσελάϐου,
3155 2158 3572 2229 κατασκηνώσει

1987 2255 2045 2304 ἐν
2079 2257 2198 2317 ταῖς
2226 2256 2419 2319 αὐλαῖς
2460 2273 2553 2307 σου
2581 2270 2595 2285 ’
2625 2256 2721 2308 καί⁷
2748 2256 2910 2307 πάλιν
2940 2255 3050 2307 τῶν
3084 2253 3311 2307 δικαίων
3344 2253 3576 2322 ἀποκρι-

1986 2347 2230 2416 νομένων
2261 2346 2356 2398 καὶ
2391 2346 2683 2412 λεγόντων,
2718 2346 2926 2415 Εἰρήνη
2974 2343 3142 2413 πολλὴ
3170 2344 3284 2403 τοῖς
3312 2341 3573 2409 ἀγαπῶσι

1985 2439 2048 2492 τὸ
2076 2439 2249 2508 ὄνομά
2283 2456 2399 2493 σου.
2436 2439 2549 2493 Καὶ
2574 2438 2717 2507 ἔγνω
2746 2438 2828 2493 ὅτι
2862 2440 2890 2492 6
2919 2437 3058 2509 ἀνὴρ
3080 2436 3450 2490 τετελείωται.

2569 2532 2824 2586 ΚΕΦΛΛ.
2868 2530 2988 2584 ΞΕ’.

2545 2622 2686 2688 Περὶ
2723 2622 3008 2691 ἐμπόρου.

2072 2715 2156 2777 Ὠς
2211 2715 2267 2767 δὲ
2325 2714 2593 2783 ἐπέμενεν
2655 2716 2685 2767 6
2738 2713 3076 2783 Παφνούτιος
3133 2712 3403 2766 δυσωπῶν
3454 2714 3572 2772 ταῖς

1986 2808 2175 2876 εὐχαῖς
2197 2806 2291 2858 τὸν
2320 2806 2477 2867 Θεὸν,
2506 2808 2603 2858 καὶ
2636 2805 2735 2873 τὴν
2765 2805 3023 2875 νηστείαν
3054 2803 3425 2874 παρατείνων,
3463 2803 3571 2853 πά-

1984 2898 2067 2949 λιν
2093 2898 2245 2967 ἠξίου
2267 2898 2572 2969 δηλωθῆναι
2600 2898 2773 2968 αὐτῷ,
2816 2900 2922 2949 τίνι
2958 2897 3025 2950 ἂν
3066 2896 3151 2965 εἴη
3178 2897 3385 2965 ὅμοιος.
3423 2895 3571 2963 Ἔφη

1983 2990 2043 3041 δὲ
2089 2988 2255 3041 πάλιν
2300 2989 2333 3058 ἡ
2382 2988 2501 3041 θεία
2547 2990 2734 3057 φωνή*
2794 2988 3054 3057 Ἐμπόρῳ
3104 2985 3285 3045 ἔοικας
3320 2980 3574 3052 ζητοῦντι

1985 3081 2187 3144 καλοὺς
2219 3082 2585 3153 μαργαρίτας.
2634 3081 2795 3135 ’Λλλά
2828 3080 3092 3150 ἀνάστηθι
3122 3078 3331 3141 λοιπὸν,
3370 3077 3463 3128 καὶ
3497 3075 3573 3145 μὴ

284 3172 389 3227 καὶ
438 3170 706 3240 παραθεὶς
764 3170 1066 3238 τράπεζαν,
1132 3171 1507 3241 προετρέπετο
1555 3169 1881 3240 μεταλαϐεῖν
1908 3213 1952 3271 c
1988 3174 2171 3242 μέλλε.
2206 3176 2626 3247 Προαπαντήσει
2660 3175 2767 3245 γάρ
2802 3191 2884 3226 σοι
2914 3177 2941 3226 ό
2968 3175 3107 3243 ἀνὴρ
3133 3168 3175 3240 ᾧ
3206 3167 3570 3239 ἀπεικάσθης.

281 3263 401 3315 τῶν
454 3261 753 3328 ἐδωδίμων.
804 3263 1121 3331 Πυθομένου
1154 3264 1212 3314 δὲ
1258 3262 1355 3322 τάς
1404 3263 1634 3333 πράξεις
1688 3261 1878 3329 αὐτοῦ,

282 3353 385 3406 καὶ
444 3350 727 3417 λέγοντοςο
758 3348 831 3403 Ὦ
890 3351 1165 3421 ἄνθρωπε,
1216 3352 1313 3416 τάς
1361 3354 1563 3406 σαυτοῦ
1606 3353 1884 3416 πολιτείας

282 3440 510 3510 φράσον
536 3455 550 3468 ⁸
592 3440 822 3503 πολλοὺς
852 3442 962 3512 γὰρ
997 3444 1285 3512 μοναχοὺς,
1312 3441 1387 3505 ῶς
1423 3460 1515 3511 μοι
1544 3444 1572 3494 6
1599 3443 1734 3506 Θεὸς
1760 3443 1885 3515 ἐδή-

275 3533 489 3598 λωσεν,
522 3532 932 3603 ὐπερϐέϐηκας.
976 3533 1038 3586 '0
1082 3532 1139 3584 δὲ
1184 3533 1372 3599 ἔλεγεν
1402 3532 1596 3585 ἑαυτὸν
1624 3534 1884 3605 ἀμαρτω-

275 3628 375 3679 λὸν
404 3621 577 3683 εἶναι,
612 3626 707 3677 καὶ
751 3625 971 3688 ἀνάξιον
1005 3625 1101 3678 τοῦ
1143 3625 1410 3694 ὀνόματος
1451 3624 1560 3677 τῶν
1609 3626 1879 3695 μοναχῶν.

287 3719 385 3783 Ὠς
430 3718 497 3771 δὲ
526 3718 794 3785 ἐπέμενεν
844 3718 1089 3788 ἐρωτῶν,
1117 3718 1457 3788 ἀπεκρίνατο
1494 3719 1522 3769 6
1573 3718 1880 3788 ἄνθρωπος,

269 3814 466 3881 λέγων
496 3826 510 3838 '
566 3809 709 3877 Ἐγὼ
758 3810 855 3880 μὲν
903 3810 1004 3863 οὐκ
1037 3806 1183 3880 είχον
1228 3810 1475 3879 ἀνάγκην
1515 3810 1587 3863 τὰ
1640 3810 1882 3879 ἐμαυτοῦ

266 3906 550 3975 δράματα
580 3901 967 3970 ἐξαγορεῦσαι.
1014 3901 1235 3971 Ἐπειδὴ
1264 3903 1322 3956 δέ
1357 3902 1509 3973 παρά
1534 3902 1671 3955 Θεοῦ
1703 3903 1882 3969 λέγεις

264 3991 640 4065 ἐληλυθέναι,
688 3992 757 4045 τὰ
800 3993 1076 4061 προσόντα
1112 4010 1202 4063 μοι
1241 3992 1542 4061 ἀπαγγελῶ
1579 4011 1681 4046 σοι.
1729 3995 1884 4063 Ἐμοὶ

263 4083 619 4158 τριακοστὸν
650 4083 751 4153 ῆδη
782 4083 927 4136 τοῦτ’
956 4085 1102 4136 ἐστιν
1143 4084 1285 4148 ἔτος.
1315 4085 1373 4151 ἐξ
1408 4080 1469 4140 o6
1516 4088 1753 4154 ἐμαυτὸν
1782 4091 1883 4153 τῆς

270 4174 544 4248 γαμετῆς
582 4190 684 4243 μου
718 4174 981 4243 ἐχώρισα,
1016 4176 1142 4245 τρία
1170 4176 1308 4246 αὐτῇ
1339 4177 1501 4246 μόνον
1547 4179 1878 4249 προσομιλή-

272 4290 384 4334 σας
417 4269 542 4338 ἐτη,
570 4270 664 4321 καὶ
694 4271 844 4339 τρεῖς
872 4271 1024 4333 υἱοὺς
1047 4271 1104 4337 ἐξ
1136 4272 1307 4340 αὐτῆς
1331 4273 1587 4344 ποιήσας,
1622 4274 1670 4327 οἳ
1699 4274 1763 4344 δὴ
1790 4276 1884 4327 καὶ

267 4365 404 4424 ταῖς
434 4358 653 4429 χρείαις
693 4377 794 4429 μου
829 4360 1231 4432 ὑπηρετοῦσιΨ
1274 4364 1375 4416 οὐκ
1418 4366 1747 4435 ἐπαυσάμην
1784 4368 1883 4432 τῆς

266 4451 602 4526 φιλοξενίας
636 4454 801 4523 μέχρι
828 4455 927 4522 τῆς
949 4456 1210 4523 σήμερον.
1250 4457 1325 4509 Οὐ
1361 4458 1633 4526 καυχᾶταί
1664 4476 1746 4522 τις
1774 4460 1883 4510 τῶν

1986 3266 2278 3322 Κατελθὼν
2304 3268 2360 3320 δέ
2388 3270 2594 3331 ἐκεῖνος
2629 3268 2738 3321 ἴδεν
2764 3269 2931 3337 ἄνδρα
2962 3269 3084 3319 τινὰ
3116 3267 3382 3339 ἔμπορον,
3423 3261 3574 3316 Ἀλε-

1986 3362 2247 3433 ξσνδρέα,
2276 3362 2447 3431 ἄνδρα
2487 3362 2690 3430 εὐλαϐῆ
2724 3362 2819 3414 καὶ
2866 3361 3211 3431 φιλόχριστον
3246 3360 3341 3412 δύο
3377 3361 3576 3428 μυριά-

1981 3446 2077 3509 δας
2100 3448 2375 3517 χρυσίνων
2406 3450 2935 3520 πραγματευόμενον
2968 3454 3107 3518 μετά
3129 3449 3324 3502 ἑκατὸν
3351 3449 3572 3511 πλοίων,

1983 3540 2050 3592 ἐκ
2095 3544 2195 3611 τῆς
2248 3541 2529 3612 ἀνωτέρας
2579 3542 2845 3610 Θηϐαΐδος
2904 3544 3194 3607 κατιόντα,
3246 3544 3430 3594 πᾶσαν
3473 3541 3575 3610 τὴν

1982 3633 2173 3687 οὐσίαν
2208 3633 2373 3687 αὐτοῦ
2422 3634 2521 3686 καὶ
2553 3634 2825 3705 ἐμπορίαν
2854 3637 2968 3695 τοῖς
3010 3635 3249 3703 πτωχοῖς
3278 3633 3374 3686 καὶ
3406 3649 3574 3701 μονα-

1984 3730 2099 3798 χοῖς
2132 3728 2509 3797 διανείμαντα.
2554 3730 2652 3790 Ὃς
2689 3729 2829 3798 μετά
2857 3729 2965 3781 τῶν
3002 3728 3168 3780 αὐτοῦ
3200 3726 3409 3780 παίδων
3442 3726 3574 3780 δέκα

1983 3821 2227 3883 σάκκους
2249 3821 2493 3891 ὀσπρίων
2516 3821 2783 3890 ἀνέφερεν
2804 3821 2940 3890 πρὸς
2964 3820 3146 3873 αὐτόν.
3174 3819 3281 3872 Καὶ
3298 3819 3350 3871 τί
3378 3819 3571 3883 ταῦτα,

1980 3907 2028 3966 ὦ
2073 3914 2227 3983 φίλε;
2262 3913 2367 3985 ἔφη
2423 3914 2558 3984 πρὸς
2606 3915 2768 3967 αὐτὸν
2803 3916 2831 3966 6
2865 3914 3225 3983 Παφνούτιος.
3279 3913 3339 3966 '0
3375 3913 3433 3966 δὲ
3469 3912 3572 3981 ἔφη

1984 4006 2120 4075 πρὸς
2160 4006 2323 4060 αὐτόν
2348 4020 2362 4034 '
2398 4006 2520 4059 Οἵδε
2569 4007 2618 4058 οἱ
2660 4006 2863 4074 καρποὶ
2892 4009 2990 4075 τῆς
3016 4007 3290 4075 ἐμπορίας
3322 4006 3461 4057 εἰσὶν
3493 4006 3575 4063 εἰς
3678 4046 3683 4049 -

1982 4094 2206 4147 δικαίων
2241 4095 2554 4148 ἀνάπαυσιν
2588 4094 2666 4165 τῷ
2713 4094 2833 4165 Θεῷ
2867 4096 3327 4165 προσφερόμενοι.
3374 4095 3440 4147 Τί
3476 4095 3570 4160 δέ;

1984 4184 2151 4254 φησὶν
2175 4185 2313 4255 πρὸς
2344 4184 2506 4238 αὐτὸν
2533 4187 2561 4239 6
2585 4184 2944 4255 Παφνούτιος,
2974 4188 3069 4239 καὶ
3091 4188 3155 4239 σὺ
3186 4185 3280 4239 τοῦ
3308 4187 3574 4256 ὀνόματος

1983 4278 2082 4331 οὐκ
2132 4278 2427 4341 ἀπολαύεις
2483 4279 2578 4331 τοῦ
2626 4281 2933 4350 ἡμετέρους
2973 4280 3030 4333 '0
3062 4280 3117 4333 δέ
3165 4281 3243 4344 ὡς
3281 4281 3374 4335 ἐπὶ
3415 4281 3573 4346 τοῦτο

1986 4368 2239 4421 σπεύδειν
2291 4370 2430 4438 πρὸς
2476 4370 2641 4423 αὐτὸν
2683 4370 2992 4439 ὡμολόγει,
3051 4372 3388 4442 ἀπεκρίνατο
3432 4374 3572 4442 πρίς

1985 4453 2169 4513 αὐτόν.
2203 4461 2385 4531 Μέχρι
2418 4462 2561 4523 τίνος
2594 4461 2687 4514 οῦν
2719 4464 2787 4516 τά
2821 4466 2984 4532 γήϊνα
3018 4465 3427 4533 πραγματεύει,
3462 4465 3572 4517 τῶν

265 4546 551 4615 κομήτων
605 4544 716 4611 πρὸ
758 4544 894 4613 ἐμοῦ
946 4547 1039 4613 τὸν
1088 4547 1238 4609 ξένον
1288 4548 1709 4618 ὑποδεξάμενος.
1764 4551 1880 4603 υύκ
1910 4553 1956 4605 ι)
1984 4552 2253 4620 οὐρανίων
2285 4554 2723 4622 ἐμπορευμάτων
2757 4556 2830 4626 μὴ
2860 4556 3202 4625 ἀπτόμενος;
3236 4557 3371 4609 ἀλλά
3398 4556 3570 4609 ταῦτα

260 4635 483 4707 ἐξῆλθε
516 4632 688 4702 πένης
715 4636 748 4704 ἢ
773 4634 926 4698 ξένος
970 4640 1156 4700 κεναῖς
1180 4639 1339 4709 χερσὶ
1382 4640 1481 4710 τὴν
1509 4642 1650 4712 ἐμὴν
1681 4642 1877 4712 αὐλὴν,

263 4730 351 4802 μὴ
413 4725 692 4796 πρότερον
737 4725 1078 4793 ἐφοδιασθεὶς
1123 4730 1266 4780 κατά
1299 4730 1489 4794 λόγον⁹
1535 4733 1595 4783 οὐ
1650 4732 1877 4801 παρίδον

260 4824 501 4891 πένητα
531 4816 969 4886 δυστυχήσαντα,
1002 4819 1080 4888 μὴ
1106 4819 1299 4891 ἱκανὴν
1330 4822 1690 4892 παραμυθίαν
1725 4822 1875 4893 αὐτῷ

256 4908 607 4986 χορηγήσας
634 4924 647 4937 ·
685 4908 786 4960 οὐκ
813 4908 1005 4962 ἔλαϐον
1039 4912 1329 4980 πρόσωπον
1352 4913 1546 4967 τέκνου
1577 4916 1635 4966 ἐν
1657 4915 1868 4985 κρίσειο

254 5009 371 5062 οὐκ
399 4998 668 5069 εἰσῆλθον
710 5003 790 5064 εἰς
844 5002 935 5053 τὸν
982 4999 1131 5056 οἶκόν
1167 5020 1269 5073 μου
1305 5007 1511 5075 καρποί¹
1556 5006 1869 5078 ἀλλότριοι·

250 5100 369 5153 οὐκ
398 5093 633 5162 ἐγένετο
681 5094 855 5164 μάχη,
891 5095 958 5163 ἢν
994 5094 1071 5165 μὴ
1093 5096 1415 5167 είρήνευσαο
1449 5099 1551 5152 οὐκ
1584 5100 1873 5171 ἐμέμψατό

251 5207 348 5251 τις
384 5184 485 5239 ἐπ’
521 5184 723 5256 ἀτοπία
752 5185 878 5251 τοὺς
926 5186 1093 5255 ἐμοὺς
1120 5189 1316 5250 παῖδας
1336 5205 1351 5221 ο
1393 5190 1491 5261 οὐχ
1521 5190 1730 5261 ἥψαντο
1763 5193 1873 5247 τῶν

250 5274 586 5344 ἀλλοτρίων
611 5276 840 5346 καρπῶν
863 5277 922 5331 αἱ
953 5264 1145 5346 ἀγέλαι
1166 5296 1267 5347 μου
1288 5296 1302 5309 ·
1331 5280 1433 5334 οὐκ
1463 5282 1694 5354 ἔσπειρα
1723 5284 1873 5354 πρῶο

248 5386 353 5432 τος
388 5368 503 5428 τὰς
528 5366 671 5434 ἐμὰς
704 5368 912 5440 χώρας,
940 5370 1076 5423 ἀλλά
1110 5372 1277 5425 πᾶσιν
1311 5372 1486 5437 αὐτὰς
1520 5377 1707 5438 κοινὰς
1740 5393 1874 5447 προ-

247 5463 536 5531 Θέμενος,
582 5457 684 5519 τὰς
711 5460 1137 5532 ὑπολειφθείσας
1180 5466 1600 5538 ἐκαρπωσάμην
1619 5483 1633 5498 ⁸
1663 5468 1724 5520 οὐ
1750 5487 1873 5521 συν-

239 5553 537 5627 εχώρησα
568 5549 1133 5624 καταδυναστευθῆναι
1162 5556 1375 5627 πένητα
1408 5558 1514 5610 ὐπὸ
1564 5558 1826 5614 πλουσίου
1852 5578 1867 5592 ·

238 5650 307 5704 οὺ
345 5637 743 5711 παρελύπησά
774 5659 895 5696 τινα
925 5648 983 5698 ἐν
1009 5647 1088 5713 τῷ
1121 5648 1221 5719 βίῳ
1246 5666 1347 5718 μου
1366 5666 1381 5682 ο
1408 5650 1593 5720 κρίσιν
1623 5653 1871 5722 πονηρὰν

239 5739 379 5797 κατ’
414 5730 653 5797 οὐδενός
678 5736 934 5788 ποτεούκ
966 5739 1291 5810 ἐξενήνοχαο
1317 5742 1491 5797 ταῦτα
1523 5744 1659 5797 Θεοῦ
1691 5744 1870 5797 θέλον-

236 5852 341 5901 ιως
391 5824 633 5883 σύνοιδα
675 5828 902 5903 ἐμαυτῷ
948 5835 1339 5904 πεπραγμένα.
1372 5837 1674 5899 ’Ἀκούσας
1730 5837 1783 5890 δὲ
1839 5841 1866 5890 6

1989 4642 2089 4709 μὲν
2118 4643 2326 4712 ἑτέροις
2354 4643 2567 4712 μέλλων
2594 4646 2836 4713 ἀφεῖναι,
2864 4649 2928 4700 σὺ
2961 4649 3019 4701 δὲ
3053 4648 3159 4701 τῶν
3193 4650 3573 4720 καιριωτάτων

1985 4730 2266 4800 ἐχόμενος,
2298 4732 2669 4802 ἀκολούθησον
2718 4734 2797 4805 τῷ
2846 4737 3082 4807 Σωτῆρι,
3117 4737 3295 4805 ὀλίγον
3346 4736 3572 4809 ὕστερον

1985 4822 2123 4892 πρὸς
2164 4823 2328 4877 αὐτὸν
2367 4825 2715 4895 ἀφιξόμενος.
2767 4827 2829 4881 'U
2869 4828 2926 4881 δὲ
2959 4829 3126 4898 μηδὲν
3164 4829 3568 4900 ὑπερθέμενος,

1981 4920 2094 4979 τοῖς
2124 4916 2320 4970 ἐαυτοῦ
2348 4922 2535 4972 παισὶν
2559 4921 2878 4973 ἀνετέλλετο
2909 4923 2978 4975 τά
3002 4923 3165 4976 λοιπά
3190 4925 3306 4988 τοῖς
3336 4928 3572 4994 πτωχοῖς

1981 5010 2283 5080 διανεῖμαι.
2318 5013 2480 5073 αὐτὸς
2510 5012 2565 5064 δὲ
2597 5012 2838 5066 ἀνελθὼν
2871 5016 2953 5076 εἰς
2983 5015 3045 5068 τὸ
3067 5016 3212 5085 ὅρος,
3251 5015 3344 5068 καὶ
3380 5015 3573 5067 ἐαυτὸν

1982 5099 2041 5151 ἐν
2076 5101 2269 5171 ἐκείνῳ
2301 5102 2382 5173 τῷ
2409 5103 2559 5175 τόπῳ
2585 5104 2884 5175 καθείρξας
2917 5106 3046 5160 ἔνθα
3069 5109 3117 5160 οἱ
3148 5107 3252 5178 πρὸ
3286 5107 3450 5160 αὐτοῦ
3479 5107 3574 5160 δύο

1980 5189 2375 5261 ἐτελειώθησαν
2399 5234 2413 5258 ,
2447 5197 2886 5268 προσεκαρτέρει
2918 5198 2998 5268 τῷ
3030 5198 3149 5268 Θεῷ
3192 5199 3570 5270 προσευχόμε-

1980 5301 2089 5344 νος.
2136 5284 2347 5353 Ὀλίγον
2378 5287 2434 5339 δέ
2454 5288 2878 5354 διιππεύσαντος
2909 5292 3128 5362 χρόνου,
3163 5293 3479 5346 καταλιπὼν
3510 5295 3572 5344 τὸ

1981 5376 2142 5445 σῶμα
2163 5378 2592 5449 οὐρανοπολίτης
2615 5382 2852 5450 ἐγένετο.
2897 5382 2983 5445 Ὠς
3011 5384 3065 5435 δὲ
3087 5383 3183 5435 καὶ
3212 5382 3401 5435 τοῦτον
3436 5399 3570 5450 προ-

1980 5469 2207 5537 πέμψας
2251 5472 2331 5532 51;
2371 5471 2635 5541 οὐρανοὺς
2657 5515 2671 5540 ,
2703 5474 2892 5527 λοιπὸν
2931 5478 3025 5527 καὶ
3054 5476 3217 5539 αὐτὸς
3256 5477 3354 5545 τὴν
3388 5475 3571 5545 ψυχὴν

1979 5558 2332 5621 ἀπελείπετο,
2371 5561 2569 5630 μηκέτι
2604 5562 2767 5614 πλέον
2801 5563 3045 5633 ἀσκῆσαι
3076 5562 3396 5631 δυνάμενος.
3439 5563 3573 5628 ’Λγ-

1980 5651 2133 5719 γελος
2165 5651 2221 5705 δὲ
2254 5655 2539 5722 παραστάς
2576 5652 2728 5708 εἶπεν
2772 5656 2942 5725 αὐτῷ’
2984 5655 3153 5725 Δεῦρο
3189 5656 3252 5725 δὴ
3287 5654 3494 5719 λωπδνν
3527 5649 3570 5705 δ)

1982 5744 2219 5813 μακάριε
2244 5783 2257 5809 ,
2302 5747 2394 5797 καὶ
2436 5749 2498 5799 σὺ
2536 5749 2615 5810 είς
2646 5748 2747 5811 τὰς
2786 5748 3042 5811 αἰωνίους
3089 5747 3313 5817 σκηνάς.
3365 5749 3569 5799 "Hm—1

1980 5839 2086 5908 γὰρ
2115 5842 2160 5891 οἱ
2206 5840 2480 5909 προφῆται
2536 5843 2612 5904 εἰς
2659 5844 2785 5905 τοὺς
2830 5843 3040 5895 ἑαυτῶν
3091 5841 3285 5911 χορούς
3330 5859 3385 5893 σ;
3439 5841 3559 5889 ὐπο-
