4028 6432
373 439 508 491 1173

1595 431 1917 490 HISTORIA
1966 429 2328 488 LAUSIACA.

3497 449 3634 507 1171

357 555 643 621 accepturi.
678 551 790 609 iioe
819 565 992 609 autem
1026 570 1127 606 non
1154 553 1246 606 tibi
1296 551 1442 620 prius
1469 549 1764 614 declaravi,
1794 563 1861 603 ne
1890 547 1935 602 si
1967 547 2020 606 Α
2044 558 2160 598 cem
2189 555 2244 600 et
2275 545 2663 604 Philemonem.
2714 547 3016 604 Ducebatur
3061 564 3190 617 ergo
3239 565 3340 604 una
3385 565 3507 606 curn
3557 556 3638 608 o-tg

358 643 546 697 fuisses
572 645 765 709 elatus,
792 642 860 698 de
884 644 986 697 tuis
1012 643 1381 697 detraheretur
1408 640 1630 693 merit-is.
1657 639 1788 693 Cum
1811 652 1939 705 ergo

357 748 464 786 uno
483 733 600 788 solo
627 735 712 787 die
737 734 1146 802 supervixisset,
1165 743 1214 786 et
1236 746 1331 801 per
1346 731 1721 784 revelationem
1738 729 1802 782 ad
1817 745 1938 782 eum

364 823 636 878 venissent
663 824 879 893 quidam
914 823 1246 892 presbyteri,
1277 822 1523 875 omnibus
1553 820 1656 874 illis
1688 821 1934 884 narratis,

360 915 578 969 tradidit
623 916 877 968 animam.
927 915 1121 982 Aperte
1149 922 1322 967 autem
1355 912 1595 965 videntes
1640 911 1938 978 presbyteri

355 1019 476 1058 eum
505 1005 702 1057 assumi
733 1005 786 1059 in
815 1003 997 1058 choris
1023 1004 1282 1071 justornm
1313 1011 1366 1056 et
1397 1006 1736 1071 angelorum,
1772 1000 1938 1055 Deum

357 1095 659 1151 laudabant.

921 1165 1149 1220 CAPUT
1179 1164 1364 1219 LXVI.

733 1253 849 1308 Vita
875 1254 1069 1308 abbatis
1098 1254 1360 1324 Apollonii
1387 1251 1563 1320 (110).

427 1343 550 1400 Fuit
579 1346 629 1399 in
650 1346 926 1400 Thebaide
950 1344 1164 1413 quidam
1191 1343 1505 1406 monachus,
1535 1341 1750 1395 nomine
1781 1341 1944 1408 Apol-

357 1436 534 1490 lonius
563 1437 758 1504 (Ruﬁl,
785 1437 822 1490 ι.
847 1454 905 1503 tt,
933 1453 1048 1505 cap.
1087 1435 1196 1503 19).
1221 1435 1270 1490 Is
1292 1437 1547 1504 plurimas
1577 1435 1810 1489 ostendit
1834 1434 1943 1488 vir-

357 1535 500 1580 tutes
542 1536 593 1580 et
628 1527 764 1581 facta
807 1528 1040 1596 egregia,
1093 1525 1284 1596 dignus
1331 1540 1542 1594 quoque
1585 1525 1682 1578 fuit
1731 1525 1943 1579 habitus

356 1620 501 1672 dono
529 1620 783 1673 doctrinae
818 1634 978 1687 supra
1011 1619 1207 1672 multos
1241 1616 1330 1686 qui
1363 1627 1486 1670 ιιιιο
1517 1617 1664 1669 fuere
1709 1615 1943 1684 insignes

358 1710 662 1763 virtutibus.
713 1711 760 1762 Is
792 1711 842 1763 in
875 1720 1114 1777 tempore
1152 1707 1542 1776 persecutionis
1585 1707 1788 1760 addens
1830 1707 1943 1760 ani-

359 1814 506 1852 mum
547 1798 741 1852 Christi
779 1798 1198 1863 confessoribus,
1230 1798 1424 1850 multos
1453 1795 1628 1850 effer-it
1657 1805 1938 1864 martyres.

2042 635 2386 702 Apollonius,
2433 649 2485 692 et
2515 639 2731 707 quidam
2763 640 2850 693 alii
2882 637 3240 695 eonfessorcs.
3272 642 3403 696 Cum
3451 657 3635 696 omnes

2041 734 2218 777 autem
2249 727 2348 780 iter
2397 728 2827 795 ingrederentur,
2856 744 2978 783 eum
3010 731 3200 784 invasit
3229 730 3417 798 gratia,
3445 741 3502 787 et
3528 747 3638 788 ete-

2045 817 2120 883 pit
2141 816 2338 871 docere
2369 818 2587 872 milites.
2624 819 2723 873 Ubi
2755 831 2930 875 autem
2962 819 3062 887 ipsi
3083 835 3294 889 quoque
3323 824 3634 890 compuncta

2047 905 2394 959 crediderunt
2420 906 2716 972 Servatori,
2741 917 2891 963 erant
2914 925 3098 963 utnues
3122 924 3226 963 uno
3247 911 3427 964 animo
3449 912 3630 965 vincti.

2041 995 2187 1060 Quos
2213 1011 2399 1050 omnes
2431 1012 2551 1051 cum
2584 998 2807 1052 vidisset
2840 999 3121 1066 praefectus
3150 1015 3180 1051 a
3213 997 3317 1055 ﬁde
3344 1014 3448 1053 non
3479 1013 3640 1068 posse

2043 1086 2325 1151 dimoveri,
2352 1089 2514 1154 jussit
2540 1089 2728 1159 projici
2754 1091 2809 1144 in
2841 1090 3159 1159 profundum
3185 1090 3348 1145 maris
3373 1108 3387 1144 :
3413 1089 3516 1144 hoc
3541 1105 3640 1143 au-

2043 1193 2151 1238 tem
2188 1182 2288 1237 fuit
2317 1187 2395 1239 eis
2423 1185 2630 1253 signum
2662 1185 3019 1253 baptismatis.
3050 1183 3183 1240 Cum
3226 1200 3320 1240 eos
3348 1195 3524 1239 autem
3555 1184 3638 1239 sui

2045 1275 2376 1329 invenissent
2427 1276 2680 1344 disjectos
2731 1276 2783 1330 in
2831 1276 3052 1339 littore,
3101 1275 3342 1330 fecerunt
3385 1275 3638 1328 omnibus

2043 1367 2212 1419 aedem
2245 1381 2439 1430 unam,
2470 1365 2560 1419 ubi
2605 1381 2746 1420 nunc
2793 1366 2972 1420 multae
3017 1367 3242 1420 virtutes
3291 1375 3639 1434 peraguntur.

2045 1455 2211 1510 Tanta
2242 1464 2419 1510 autem
2449 1455 2547 1509 fuit
2575 1457 2672 1510 viri
2701 1459 2890 1524 gratia,
2920 1465 2979 1510 ut
3003 1457 3072 1511 de
3103 1456 3168 1510 iis
3197 1469 3320 1524 qua:
3347 1463 3636 1524 esset'pre-

2046 1556 2216 1613 catus,
2250 1546 2428 1599 statim
2460 1547 2824 1611 exaudiretur,
2855 1561 2976 1601 eum
3008 1548 3085 1601 sic
3119 1547 3416 1600 honorante
3447 1545 3639 1601 Serva-

2046 1646 2182 1692 tore.
2231 1640 2397 1704 Quem
2445 1641 2604 1693 etiam
2651 1655 2748 1693 nos
2793 1640 2845 1693 in
2892 1639 3149 1707 martyrio
3193 1636 3344 1707 (I12)
3392 1636 3590 1704 precati
3617 1675 3634 1700 ,

2045 1733 2273 1788 vidimus
2294 1751 2414 1788 cum
2440 1735 2503 1790 iis
2523 1737 2616 1804 qui
2640 1749 2758 1788 cum
2785 1735 2901 1803 ipso
2926 1738 3137 1788 luerunt
3158 1731 3415 1802 martyrio
3438 1728 3639 1796 allecti,

2046 1835 2101 1880 et
2134 1827 2298 1880 Deum
2330 1827 2635 1894 adorantes,
2661 1843 2848 1882 eorum
2883 1823 3229 1879 tabernacula
3262 1823 3412 1894 (115)
3443 1822 3639 1876 saluta-

359 1888 526 1942 Porro
555 1899 729 1943 autem
763 1890 878 1958 ipse
922 1903 1134 1956 quoque
1159 1888 1580 1954 comprehensus
1608 1886 1942 1940 custodieha-
1977 1908 2019 1967 Β
2052 1920 2226 1973 vimus
2248 1919 2300 1972 .m
2328 1918 2624 1974 Thebaide.

360 1989 448 2032 tur
477 1980 528 2032 in
557 1993 811 2041 carcere;
853 1978 920 2030 ad
947 1993 1104 2045 quem
1133 1977 1416 2029 veniebant
1466 1975 1555 2043 qui
1585 1989 1653 2026 ex
1697 1975 1945 2043 gentibus

359 2078 516 2123 erant
538 2068 840 2137 nequiores.
867 2077 919 2121 et
949 2082 1068 2121 eum
1093 2082 1159 2120 eo
1189 2064 1548 2135 disputabant,
1586 2062 1950 2117 incessebant-

360 2176 467 2229 que
495 2161 811 2224 maledictis,
842 2167 895 2212 et
923 2155 1238 2212 irridebant.

933 2271 1156 2328 CAPUT
1194 2271 1375 2325 LXVI.

364 2385 445 2441 De
480 2385 776 2441 Philemone
804 2386 953 2454 (III)
977 2397 1201 2454 martyre
1226 2395 1270 2438 et
1300 2386 1363 2439 iis
1393 2387 1477 2454 qui
1515 2401 1631 2438 cum
1660 2386 1770 2454 ipso
1814 2384 1952 2453 [uere

991 2456 1320 2524 martyribus.

436 2545 565 2602 Erat
591 2557 765 2600 autem
797 2547 1011 2614 quidam
1041 2562 1107 2600 ex
1140 2548 1268 2614 ipsis
1296 2547 1605 2612 choraules,
1641 2547 1719 2598 vir
1762 2547 1949 2612 nequi-

368 2640 457 2695 tiis
489 2639 743 2701 famosus,
777 2637 864 2705 qui
906 2637 1166 2691 accedens
1187 2652 1307 2690 eum
1355 2639 1639 2705 appetebat
1681 2647 1954 2691 contume—

367 2731 490 2798 liis,
521 2729 702 2782 dicens
731 2744 852 2781 eum
883 2729 1104 2796 impium
1135 2737 1189 2782 et
1217 2729 1584 2796 impostorem,
1615 2736 1670 2781 et
1711 2728 1950 2795 planum,

364 2831 422 2877 et
450 2822 535 2890 qui
567 2825 634 2875 ab
687 2822 932 2874 omnibus
967 2822 1258 2875 habebatur
1287 2822 1441 2888 odio,
1490 2831 1544 2875 et
1587 2821 1678 2890 qui
1726 2820 1956 2874 debebat

367 2913 503 2967 mori
546 2912 700 2966 citius
735 2911 926 2980 (litt/7.,
955 2913 991 2965 ι.
1025 2928 1057 2964 n
1079 2953 1093 2976 ,
1125 2929 1238 2978 cap.
1273 2912 1381 2982 19).
1414 2913 1510 2965 Cui
1555 2912 1681 2966 dicit
1734 2912 1951 2980 Apollo-

366 3002 492 3057 nius
525 3018 540 3056 :
568 3001 901 3056 Miserebitur
949 3002 1026 3055 tui
1059 3003 1344 3068 Dominus,
1384 3017 1417 3056 ο
1447 3002 1637 3068 homo,
1674 3009 1730 3056 et
1770 3017 1954 3056 eorum

367 3108 492 3164 quae
517 3093 656 3146 dicta
685 3102 807 3146 sunt
835 3093 965 3146 nihil
993 3093 1084 3146 tibi
1112 3102 1384 3160 repetetur
1409 3093 1474 3146 ad
1506 3101 1800 3159 peccatum.
1830 3093 1957 3146 Ilaec

366 3193 552 3240 autem
582 3199 700 3237 cum
730 3184 980 3237 audiisset
1009 3183 1103 3237 ille
1138 3183 1442 3249 choraules,
1477 3183 1755 3238 Philemon
1788 3184 1962 3236 nomi-

2599 2006 2827 2062 CAPU'I‘
2867 2005 3098 2061 LXVIII.

2278 2099 2395 2154 Vita
2437 2100 2633 2154 abbatis
2681 2100 2915 2154 Dioscuri
2944 2100 3094 2170 (114)
3129 2099 3432 2168 presbyteri.

2123 2191 2362 2245 Vidimus
2386 2201 2564 2246 autem
2588 2193 2745 2246 alium
2776 2206 2985 2260 quoque
3017 2190 3387 2260 presbyterum
3416 2188 3466 2241 in
3493 2185 3640 2240 'I‘be—

2051 2284 2228 2347 baide,
2258 2283 2471 2336 nomine
2499 2283 2839 2345 Dioscurum,
2871 2283 3084 2337 Patrem
3108 2291 3322 2334 centum
3350 2277 3641 2332 monacho-

2050 2388 2165 2426 rum
2201 2371 2395 2443 (Ila/Il,
2428 2372 2462 2425 Ι.
2494 2388 2562 2437 tt,
2610 2387 2727 2442 cap.
2758 2372 2874 2439 20).
2908 2371 3006 2437 Qui
3048 2386 3168 2425 cum
3202 2370 3264 2422 ad
3301 2369 3390 2422 Dei
3419 2367 3642 2438 gratiam

2049 2470 2234 2514 ess-ent
2276 2463 2572 2525 accessuri,
2607 2461 2818 2516 dicebat
2846 2461 2923 2516 eis
2957 2477 2972 2516 :
3005 2461 3193 2514 Videte
3242 2475 3308 2513 ne
3347 2464 3436 2528 qui
3482 2468 3643 2513 nocte

2054 2555 2384 2621 phantasiam
2410 2551 2594 2605 habuit
2620 2551 2878 2614 mulieris,
2909 2551 3102 2605 audeat
3132 2550 3394 2604 accedere
3421 2549 3486 2601 ad
3515 2563 3639 2601 san-

2054 2656 2136 2700 cta
2166 2645 2530 2700 Sicratnenta.
2563 2644 2638 2697 Ne
2679 2645 2798 2714 quis
2824 2661 2887 2699 ex
2933 2645 3082 2698 vobis
3115 2645 3240 2698 visis
3270 2654 3322 2699 et
3351 2643 3645 2713 phantasiis

2063 2735 2252 2803 pulsus
2279 2735 2648 2788 somniaverit.
2681 2734 2810 2788 Nam
2841 2734 2927 2802 qui
2959 2736 3160 2804 absque
3193 2734 3484 2801 phantasiis
3516 2732 3646 2786 ﬁunt

2057 2823 2233 2877 ﬂuxus
2263 2823 2484 2876 seminis
2507 2865 2520 2885 ,
2551 2838 2676 2877 casu
2709 2824 2874 2889 ﬁunt;
2911 2839 3008 2878 nec
3037 2841 3100 2878 ex
3140 2823 3556 2892 uniuscujusque
3586 2821 3647 2875 li-

2059 2915 2189 2968 bero
2239 2914 2398 2966 animi
2433 2913 2656 2968 arbitrio
2689 2915 2892 2982 insunt,
2944 2916 3036 2970 sed
3089 2915 3290 2984 absque
3338 2916 3648 2978 voluntate;

2059 3005 2356 3075 procedunt
2386 3003 2526 3057 enim
2561 3021 2626 3058 ex
2667 3013 2875 3069 natura,
2911 3015 2964 3061 et
2991 3013 3057 3061 ex
3082 3005 3400 3062 redundauti
3432 3006 3650 3059 materia

2057 3103 2435 3156 excernuntur,
2470 3096 2718 3164 quocirca
2751 3111 2850 3150 nec
2880 3107 3002 3150 sunt
3025 3106 3244 3164 peccato
3273 3096 3486 3150 obnoxii
3519 3113 3532 3149 :
3566 3095 3646 3148 vi-

2059 3200 2115 3239 sa
2163 3196 2340 3239 autem
2372 3201 2430 3239 ac
2463 3186 2758 3254 phantasia:
2791 3189 3088 3255 procedunt
3131 3204 3196 3242 ex
3232 3188 3396 3243 libera
3425 3186 3652 3257 engendi

367 3293 466 3340 ne,
498 3275 844 3328 murdebatur
869 3275 1080 3342 animo,
1129 3289 1156 3326 a
1205 3275 1383 3328 verbis
1421 3275 1536 3342 ejus
1585 3283 1953 3341 compunctus.
1985 3267 2028 3326 C
2059 3278 2354 3341 voluntate,
2408 3289 2458 3330 et
2491 3287 2611 3331 sunt
2645 3288 3017 3346 argumentum
3053 3281 3175 3331 ntali
3215 3279 3397 3332 animi.
3433 3278 3654 3345 Oportet

367 3368 566 3424 Statim
596 3376 770 3419 autem
803 3365 867 3418 ad
902 3365 1131 3420 tribunal
1167 3365 1456 3433 profectus,
1490 3379 1668 3418 coram
1692 3364 1872 3434 judice
1900 3379 1959 3418 se

368 3459 538 3523 sistit,
571 3467 624 3511 et
653 3459 698 3511 ei
741 3458 888 3522 dicit,
925 3457 1120 3525 populo
1150 3463 1410 3525 praesente
1439 3473 1453 3509 :
1487 3455 1685 3524 lnjuste
1732 3455 1862 3508 facis
1882 3496 1896 3519 ,
1927 3468 1961 3509 ο

367 3549 564 3620 iudex,
635 3549 728 3617 qui
784 3551 930 3606 viros
995 3548 1113 3620 pios
1179 3555 1233 3600 et
1298 3545 1424 3599 nulli
1452 3545 1623 3612 culpae
1652 3543 1840 3598 afﬁnes
1870 3559 1963 3612 pu-

371 3647 506 3708 nis;
540 3642 666 3696 nihil
713 3643 851 3695 enim
884 3642 1004 3693 mali
1051 3641 1251 3692 faciunt
1283 3654 1380 3692 nec
1419 3637 1602 3691 dicunt
1648 3637 1958 3692 Christiani.

371 3733 476 3786 Ille
504 3743 677 3784 autem
708 3746 826 3784 cum
857 3731 967 3794 ipse
1000 3730 1114 3783 haec
1140 3729 1361 3790 diceret,
1388 3728 1438 3780 in
1469 3726 1727 3795 principio
1749 3728 1961 3796 quidem

371 3824 720 3879 existimabat
747 3837 866 3875 eum
894 3821 1032 3890 loqui
1061 3820 1261 3874 ironice
1289 3829 1344 3873 et
1373 3818 1660 3882 ludiﬁcari;
1686 3830 1962 3889 postquam

373 3928 558 3969 autem
589 3931 708 3968 eum
736 3915 866 3968 vidit
897 3917 1180 3983 persistere
1215 3930 1228 3966 :
1261 3912 1478 3976 Insanis,
1514 3911 1702 3981 inquit,
1727 3929 1759 3967 ο
1781 3913 1964 3980 homo,

375 4019 434 4063 et
471 4021 618 4059 meus
650 4008 739 4060 tibi
770 4017 986 4074 repente
1029 4015 1112 4058 est
1143 4017 1338 4058 emota.
1371 4004 1462 4058 Ille
1491 4016 1665 4057 antem
1699 4022 1712 4056 :
1741 4006 1852 4058 Non
1884 4007 1965 4059 in-

369 4097 557 4161 sanio,
589 4097 789 4164 inquit,
821 4111 853 4148 ο
879 4095 1046 4165 judex
1090 4095 1453 4162 iniustissime,
1482 4109 1598 4147 sum
1628 4095 1768 4148 enim
1814 4095 1967 4149 Chri-

366 4189 609 4242 stianus.
661 4188 707 4242 Is
735 4199 911 4242 autem
945 4186 1123 4241 multis
1155 4187 1423 4240 blanditiis
1453 4201 1554 4240 una
1585 4201 1704 4240 eum
1737 4187 1886 4240 turba
1918 4187 1964 4242 ei

364 4277 678 4330 conabatur
719 4280 1038 4346 persuadere
1066 4296 1076 4329 :
1110 4275 1590 4347 postquam'autem
1619 4280 1749 4332 vidit
1778 4280 1968 4333 immo-

365 4368 570 4430 Iiilem,
595 4367 642 4422 ei
666 4382 825 4422 omne
854 4383 1022 4436 genus
1053 4377 1313 4420 tormenta
1343 4367 1604 4421 adhibuit.
1633 4367 1765 4422 Cum
1789 4379 1964 4424 autem

368 4460 650 4523 rapuisset
673 4458 1034 4526 Apollonium,
1063 4470 1116 4512 et
1151 4459 1330 4511 multis
1359 4473 1482 4511 eum
1532 4458 1794 4513 affecisset
1841 4476 1966 4515 con-

378 4548 642 4613 tumeliis,
688 4551 857 4616 ipsum
890 4549 1169 4618 torquebat
1200 4560 1450 4617 tanquam
1483 4551 1717 4618 planum.
1753 4553 1970 4619 Apollo-

2063 3377 2262 3431 autem,
2297 3367 2497 3432 inquit,
2527 3368 2844 3421 monachum
2877 3368 3146 3421 transilire
3174 3369 3336 3421 etiam
3361 3367 3531 3435 legem
3561 3381 3652 3420 na-

2064 3465 2231 3521 turae;
2269 3472 2462 3525 corpus
2499 3468 2675 3512 autem
2714 3458 2940 3526 liquare,
2969 3474 3068 3513 nec
3091 3457 3318 3513 inveniri
3350 3459 3403 3513 in
3436 3460 3540 3512 ullo
3571 3459 3653 3512 itt-

2064 3551 2406 3612 qninamento
2456 3551 2663 3612 carnis,
2698 3549 2792 3602 sed
2840 3563 3052 3602 carnem
3104 3563 3395 3614 macerare,
3447 3560 3502 3602 et
3547 3565 3652 3601 non

2065 3642 2362 3693 cum-edere
2387 3640 2513 3692 utin
2538 3640 2650 3705 ipsa
2673 3639 2936 3694 redundet
2960 3641 3202 3692 materia.
3227 3638 3501 3693 Conamlni
3524 3654 3654 3708 ergo

2067 3731 2210 3785 illam
2239 3731 2520 3784 exhaurire
2553 3732 2918 3800 frequentibus
2946 3741 2998 3784 et
3031 3731 3250 3800 prolixis
3291 3730 3539 3799 jejuniis;
3570 3731 3652 3784 sin

2069 3821 2246 3877 minus
2268 3830 2470 3888 autem,
2505 3837 2601 3875 nos
2633 3822 2696 3875 ad
2728 3822 3083 3890 appetitiones
3112 3830 3166 3876 et
3212 3822 3473 3874 desideria
3520 3821 3652 3874 inci-

2070 3922 2201 3965 tant.
2234 3911 2348 3966 Non
2378 3921 2588 3982 oportet
2618 3923 2793 3968 autem
2836 3912 3157 3967 monachum
3186 3914 3447 3983 attingere
3491 3927 3654 3980 appev

2071 4006 2284 4060 titiones
2330 4007 2512 4059 animi.
2563 4005 2618 4059 In
2663 4020 2768 4075 quo
2816 4007 2956 4059 enim
3005 4005 3211 4058 dill‘eret
3260 4020 3289 4057 a
3344 4005 3645 4068 mundanis,

2068 4111 2201 4165 quos
2233 4111 2375 4164 smpe
2402 4096 2644 4150 videmus
2675 4097 2942 4150 abStinere
2972 4111 3002 4150 a
3034 4096 3390 4161 voluptatibus
3433 4104 3651 4164 propter

2071 4189 2354 4242 sanitatem
2397 4189 2659 4256 culparis,
2689 4198 2779 4240 aut
2815 4197 3030 4254 propter
3059 4187 3261 4255 aliquas
3292 4186 3425 4239 alias
3469 4199 3653 4239 causas

2070 4295 2097 4330 a
2129 4278 2334 4331 ratione
2376 4277 2598 4330 minime
2627 4277 2675 4330 al
2700 4276 2865 4330 enas?
2889 4287 3089 4343 quanto
3120 4285 3298 4330 autem
3333 4276 3520 4346 magis,
3573 4275 3652 4328 itt-

2070 4369 2203 4442 quit,
2229 4369 2489 4426 monacho
2520 4369 2749 4424 curanda
2775 4377 2856 4422 est
2883 4369 3076 4422 animat
3101 4370 3302 4423 sanitas
3319 4377 3374 4423 et
3402 4367 3651 4438 spiritus!

2639 4458 2859 4513 CAPUT
2899 4458 3085 4513 LXIX.

2447 4547 2732 4601 Nitrienses
2761 4549 2910 4618 (115)
2934 4549 3284 4602 Anacltoretre.

379 4640 508 4694 nius
540 4652 710 4694 autem
742 4643 789 4695 ei
819 4643 959 4695 dixit
989 4659 1000 4696 :
1035 4643 1308 4711 Optaretn,
1335 4658 1366 4695 0
1391 4642 1572 4710 judex,
1603 4654 1660 4697 ut
1693 4655 1744 4697 tu
1771 4656 1824 4698 et
1853 4663 1968 4700 om-
1999 4634 2049 4693 ῐ)
2147 4641 2463 4695 Devenimus
2507 4655 2716 4707 quoque
2747 4640 2811 4692 ad
2859 4639 3187 4705 Nilrienses,
3234 4641 3320 4694 ubi
3365 4641 3560 4694 multos
3597 4651 3651 4696 et

384 4750 481 4789 nes
510 4744 799 4804 praesentes
843 4735 982 4789 hunc
1013 4752 1187 4788 meum
1220 4751 1456 4790 errorem
1504 4739 1886 4805 sequeremini.
1920 4739 1968 4794 Is

386 4832 564 4878 autem
591 4839 656 4878 eo
701 4824 812 4877 haec
841 4826 1072 4886 dicente,
1098 4824 1257 4894 jus-it
1299 4827 1484 4882 ambos
1517 4829 1621 4898 igni
1668 4830 1823 4895 tradi,
1858 4839 1969 4884 toto

389 4915 702 4983 inspiciente
723 4915 938 4984 p0pnlo.
965 4917 1092 4968 Cum
1119 4929 1294 4969 autem
1321 4918 1372 4970 in
1399 4919 1605 4971 ﬁamma
1629 4928 1810 4972 essent
1833 4937 1969 4989 prat-

390 5018 540 5061 sente
567 5007 775 5075 judice,
809 5023 992 5061 vocem
1024 5008 1088 5061 ad
1125 5009 1288 5061 Deum
1346 5011 1543 5066 emittit
1581 5010 1766 5065 beatus
1807 5013 1969 5080 Apol-

388 5097 586 5162 lonius,
619 5107 729 5150 toto
777 5099 972 5166 populo
1017 5099 1264 5153 audiente
1297 5110 1351 5154 et
1390 5100 1569 5167 judice
1601 5119 1614 5154 :
1643 5101 1719 5155 Ne
1767 5103 1964 5162 tradas.

390 5187 637 5250 Domine,
663 5189 846 5243 bestiis
867 5189 1097 5242 animam
1121 5192 1456 5244 conﬁtentem
1487 5192 1597 5256 tibi,
1626 5193 1716 5245 sed
1743 5195 1966 5262 teipSum

393 5277 545 5331 nobis
572 5290 752 5344 aperte
772 5279 992 5335 OSIende
1015 5278 1187 5344 (Psal.
1223 5279 1436 5351 Lxxttt).
1463 5281 1640 5337 Nubes
1669 5294 1842 5335 autem
1876 5300 1965 5337 r0-

387 5369 531 5422 scida
555 5381 609 5421 et
639 5370 810 5422 lucida
838 5371 1150 5448 adveniens,
1174 5371 1318 5424 viros
1351 5371 1499 5436 texit,
1532 5373 1649 5441 igne
1677 5375 1962 5428 exstincto.

389 5457 679 5511 Admiral-a3
718 5468 890 5512 autem
923 5459 1090 5512 turbat
1132 5468 1187 5513 et
1225 5460 1338 5527 ipse
1383 5458 1565 5527 judex,
1615 5463 1911 5516 clamabant
1947 5480 1960 5514 :

392 5544 536 5599 lJuus
567 5556 649 5600 est
691 5549 827 5601 Deus
856 5549 1304 5613 Christianorum;
1339 5550 1608 5604 maleﬁcus
1656 5568 1784 5607 vero
1814 5555 1960 5623 quis-

391 5639 528 5704 piam
575 5637 688 5694 hinc
715 5642 982 5694 renuntiat
1021 5644 1268 5708 praelecto
1313 5641 1668 5695 Alexandrix.
1712 5643 1960 5708 Quicum

387 5730 630 5785 Crudeles
659 5731 913 5798 quosdam
945 5743 997 5785 et
1044 5735 1301 5787 immanes
1343 5733 1594 5797 elegisset
1638 5745 1962 5802 protectores

383 5825 440 5879 Cl
463 5823 794 5894 apparitores
815 5863 828 5890 ,
861 5836 951 5874 eos
981 5823 1118 5876 misit
1150 5835 1204 5877 ut
1232 5825 1433 5879 vinctos
1464 5824 1784 5879 adducerent
1818 5825 1961 5893 judi-

2073 4743 2293 4797 tnagnos
2325 4730 2552 4781 vidirnns
2583 4730 2963 4793 anachoretas;
2998 4732 3188 4796 partim
3212 4731 3423 4798 quidem
3447 4731 3647 4802 indige-

2074 4838 2189 4888 nas,
2225 4821 2414 4890 partim
2441 4835 2568 4874 vero
2606 4821 2764 4873 etiam
2799 4819 3058 4885 hospites,
3088 4821 3174 4887 qui
3205 4836 3263 4874 se
3309 4823 3532 4875 invicem
3560 4837 3648 4877 su-

2075 4911 2329 4980 perabant
2357 4909 2660 4975 virtu-ibus,
2694 4917 2749 4962 et
2779 4925 2969 4978 magno
2999 4911 3176 4964 Studio
3206 4925 3265 4965 se
3303 4911 3647 4976 exercebant,

2071 5015 2124 5058 et
2166 5005 2216 5058 in
2253 5005 2360 5058 vita
2390 5018 2449 5057 se
2484 5004 2709 5056 invicem
2742 5004 3134 5058 contendebant
3165 5019 3419 5071 superare
3447 5005 3646 5073 (lia/ﬂ,

2068 5097 2107 5150 l.
2142 5111 2201 5160 tt,
2231 5111 2346 5164 cap.
2370 5093 2486 5163 Ἡ).
2521 5095 2584 5147 Ει
2609 5093 2696 5146 alii
2727 5093 2938 5162 quidem
2971 5111 3032 5147 ex
3065 5094 3191 5164 ipsis
3217 5094 3564 5150 versabantur
3593 5097 3647 5150 in

2068 5185 2544 5252 contemplatione,
2571 5183 2659 5237 alii
2692 5199 2816 5239 vero
2862 5186 2912 5239 in
2943 5185 3172 5239 actione.
3202 5185 3333 5239 Cum
3385 5186 3646 5240 vidissent

2069 5286 2242 5330 autem
2275 5279 2439 5346 aliqui
2478 5293 2543 5332 ex
2591 5276 2719 5340 ipsis
2765 5292 2862 5331 nos
2909 5276 3089 5344 procul
3138 5278 3433 5343 venientes,
3478 5277 3644 5347 aliqui

2066 5368 2279 5435 quidem
2311 5370 2463 5424 nobis
2491 5385 2613 5425 cum
2653 5382 2789 5438 aqua
2820 5377 3165 5422 occurrerunt
3189 5384 3202 5431 ;
3231 5376 3286 5421 et
3312 5369 3398 5420 alii
3427 5367 3642 5437 quidem

2069 5461 2230 5529 pedes
2253 5471 2462 5517 nostros
2489 5463 2752 5524 levabant,
2783 5459 2876 5512 alii
2911 5475 3035 5514 vero
3077 5469 3252 5514 vestes
3297 5459 3646 5522 mandabant,

2066 5555 2153 5608 alii
2183 5570 2308 5609 vero
2337 5555 2400 5608 ad
2442 5556 2617 5608 cibum
2647 5553 2956 5616 invitabant,
2991 5552 3079 5605 alii
3111 5563 3282 5604 autem
3309 5551 3374 5604 ad
3402 5560 3640 5604 contem-

2067 5646 2350 5714 plationem
2380 5655 2435 5700 et
2466 5645 2556 5698 Dei
2587 5643 2978 5712 cognitionem,
3011 5651 3068 5696 et
3095 5643 3231 5710 quod
3279 5642 3641 5711 unusquisque

2065 5750 2128 5789 ex
2159 5734 2219 5786 iis
2245 5743 2470 5802 poterat,
2501 5736 2552 5787 in
2582 5749 2646 5787 eo
2676 5732 2923 5786 studebat
2947 5747 3043 5786 nos
3072 5734 3272 5800 jnvare.
3308 5731 3372 5783 Et
3404 5731 3528 5801 quid
3560 5733 3639 5783 di-

2065 5827 2203 5880 xerit
2232 5825 2492 5891 quispiam
2522 5841 2709 5880 omnes
2734 5839 2915 5878 eorum
2950 5825 3189 5890 virtutes,
3221 5839 3340 5878 cum
3367 5822 3638 5884 nihilpue-
