2014 3214
192 196 260 223 1175

925 197 1082 225 I‘ALLADII

1746 196 1818 225 “"6

200 252 236 279 sit
249 251 339 279 dicere
354 258 400 286 pro
414 252 561 288 dig-timet
578 253 702 281 Ilabitant
724 255 812 290 itaque
834 255 922 283 locum
935 256 984 283 de—
997 256 1023 285 Α
1035 254 1142 288 quando
1158 254 1360 290 uniuscuiusque
1371 256 1488 284 venisset
1496 257 1643 291 uenat-tio.
1652 257 1680 287 id
1690 259 1814 288 mins

199 300 312 329 sertum,
327 302 354 324 et
369 297 466 324 habent
483 299 564 325 cellas
580 307 676 334 magno
701 300 770 327 inter
792 308 821 327 se
843 301 985 328 intervallo

199 341 363 374 disiunctas.
378 346 406 368 ut
421 343 508 385 nullus
523 344 605 376 possit
621 345 709 378 procul
723 346 828 378 agnosci
843 346 876 372 ab
889 346 983 378 altero,

199 393 284 423 neque
304 387 356 413 cito
377 387 472 419 videri.
498 396 547 415 nec
570 397 621 416 vox
640 391 741 423 audiri;
763 391 810 417 sed
833 392 932 424 degunt
957 392 983 418 in

199 432 282 458 multa
297 433 400 466 quiete,
422 434 601 469 unusquisque
623 443 671 468 per
690 443 720 462 se
741 436 868 463 inclusus.
892 437 982 463 Solum

197 484 286 506 autem
298 479 415 506 Sabbato
425 484 451 507 et
463 481 599 508 Dominico
609 489 803 516 congregantur
813 483 838 509 itt
851 484 983 514 ecclesiis.

197 529 225 550 et
240 531 270 551 se
292 525 403 552 invicem
424 527 569 560 excipiunt.
593 527 663 554 Multi
688 533 775 555 antem
798 536 830 555 ex
857 530 889 555 iis
912 536 983 562 saepe

195 570 275 596 etiam
291 576 402 603 quatuor
414 572 472 598 dies
487 574 659 600 inveniuntur
678 575 703 600 in
716 575 801 606 cellis,
822 583 855 601 eo
868 575 937 609 quod
954 582 983 602 se

196 613 309 642 invicem
324 624 375 642 non
391 617 506 649 videant,
525 623 698 653 praterquam
714 620 740 646 in
752 620 871 647 collecta.
892 619 924 646 Et
937 620 981 646 alii

195 659 302 693 quidem
322 668 355 687 ex
379 661 418 688 his
443 663 586 690 veniebant
606 664 639 690 ad
659 664 795 691 collectam
817 672 831 691 a
856 667 934 692 tertio
956 671 982 692 et

194 711 288 739 quarto
310 707 410 741 lapide,
427 713 478 735 tam
492 709 570 743 longe
589 715 651 737 sunt
672 711 766 737 remoti
783 718 796 737 a
812 718 841 738 se
857 711 980 738 invicem.

194 751 304 777 Tantam
316 756 404 779 autem
420 753 518 780 habent
533 754 602 781 inter
617 762 646 783 se
659 756 827 788 charitatem.
843 756 924 783 etiam
937 763 982 782 su-

194 804 241 829 pra
256 798 602 832 reliquamfraternitatem,
640 805 669 828 ut
706 801 799 828 multis
835 800 881 836 qui
921 809 980 827 cum

194 843 258 876 ipsis
271 843 335 870 salvi
352 851 410 871 esse
427 845 568 878 voluerint,
587 845 767 880 unusquisque
780 846 886 873 studeat
906 853 980 873 suam

194 887 287 914 cellam
305 888 344 915 eis
362 889 427 916 dare
440 889 473 916 ad
492 897 522 917 se
537 890 709 917 reﬁciendum

477 934 589 962 CAPUT
609 935 690 962 LXX.

212 976 249 1002 De
263 977 356 1003 Abbate
367 978 500 1005 Ammonio
515 980 590 1009 (I16)
604 986 626 1006 et
641 981 673 1007 iis
685 981 729 1010 qui
742 986 814 1007 erant
828 989 884 1007 cum
897 981 962 1015 ipso.

229 1021 350 1049 Vidimus
373 1027 460 1050 autem
486 1024 590 1051 Patrem
613 1033 718 1060 quoque
741 1033 833 1053 eorum
858 1027 902 1060 qui
927 1027 982 1053 illic

192 1073 282 1100 erant,
294 1068 402 1095 nomine
413 1069 594 1103 Ammoniutn,
607 1072 748 1099 habentem
760 1072 872 1099 eximias
887 1071 979 1104 cellas,

193 1116 221 1139 et
231 1112 338 1145 atrium,
354 1119 378 1140 et
391 1118 509 1148 puteum,
533 1120 560 1142 et
572 1116 672 1151 reliqua
684 1118 844 1144 necessaria.
857 1117 922 1143 Cum
934 1125 980 1144 au-

193 1162 245 1184 tetn
268 1158 300 1185 ad
315 1166 374 1185 eum
387 1160 501 1187 venisset
511 1162 618 1195 quidam
630 1162 710 1189 frater
721 1163 763 1195 qni
777 1162 880 1189 volebat
891 1163 981 1190 salvus

193 1205 258 1236 fieri,
271 1210 297 1232 et
311 1206 335 1232 ei
348 1207 448 1233 diceret
462 1212 490 1234 ut
501 1208 550 1241 ipsi
564 1208 694 1235 inveniret
705 1209 799 1236 cellam
811 1209 843 1235 ad
860 1209 980 1235 habitan-

192 1251 266 1283 tlutn,
283 1251 354 1279 illico
382 1260 515 1286 egressus,
543 1256 670 1288 praecepit
683 1255 707 1281 ei
729 1262 762 1282 ne
779 1255 950 1287 egrederetur
966 1262 980 1282 e

191 1295 276 1328 cellis,
292 1297 378 1324 donec
402 1297 450 1331 ipsi
467 1298 612 1326 invenisset
624 1304 713 1333 aptttm
742 1300 937 1330 habitaculum;
954 1304 979 1325 et

193 1342 313 1375 eumipsi
327 1343 476 1377 reliquisset
491 1343 579 1370 omnia
603 1352 662 1378 quae
688 1344 810 1376 habebat,
833 1351 893 1371 cum
917 1344 981 1378 ipsis

192 1387 278 1420 cellis,
294 1388 410 1421 seipsum
436 1388 541 1415 inclusit
567 1389 593 1415 in
607 1396 715 1424 parvam
739 1390 844 1416 cellam.
867 1388 943 1421 Quod
957 1388 979 1415 si

192 1432 283 1466 plures
297 1437 373 1458 erant
394 1433 439 1467 qui
465 1434 660 1460 conveniebant
685 1433 802 1461 volentes
815 1433 881 1460 salvi
911 1433 978 1466 ﬁeri,

193 1477 372 1511 congregabat
384 1478 536 1505 universam
552 1478 757 1511 fraternitatem,
770 1483 797 1505 et
810 1478 857 1505 illo
870 1477 979 1512 quidem

193 1522 314 1550 tradente
341 1524 450 1555 lateres,
474 1523 525 1550 hoc
549 1531 613 1550 vero
640 1531 746 1557 aquam.
776 1522 981 1557 perﬁciebantur

192 1567 268 1593 cellae
283 1568 307 1593 in
319 1575 371 1594 uno
385 1569 439 1594 die.
457 1568 509 1595 Eos
534 1572 622 1595 autem
637 1568 681 1602 qui
696 1572 771 1594 erant
794 1568 936 1594 habitaturi
952 1568 978 1593 in

1037 300 1109 334 pritts
1124 301 1317 334 significantem
1330 307 1359 328 et
1372 309 1403 329 se
1417 302 1604 337 reclinantem,
1618 303 1744 335 dot-mh.

1307 346 1347 372 CA
1353 346 1419 374 I’UT
1438 346 1543 374 LXXII.

1152 390 1210 417 Vita
1224 390 1320 418 abbatis
1333 391 1458 418 Ammona
1473 392 1548 429 (118)
1561 395 1699 430 presbyteri

1070 436 1117 463 Est
1135 441 1224 462 autem
1239 437 1289 462 alia
1304 444 1410 470 quoque
1423 437 1538 465 solitudo
1551 438 1577 466 in
1593 437 1718 474 Rupta,
1734 438 1816 467 mlli-

1035 481 1097 507 titna
1110 481 1229 515 quidem,
1244 481 1290 508 sed
1305 481 1473 514 difﬁcillima,
1488 483 1515 510 in
1529 490 1580 517 qua
1601 483 1677 512 multi
1688 489 1717 512 et
1728 483 1817 519 magni

1035 525 1154 552 habitant
1167 526 1349 559 anachoreta,
1360 535 1419 561 qua:
1433 532 1567 562 estprope
1587 529 1680 556 urbem
1707 529 1816 558 Dida»

1035 571 1132 605 (Half,
1147 572 1166 598 Ι.
1183 580 1212 605 II,
1239 581 1295 607 cap.
1310 571 1354 603 32.
1371 573 1411 599 cui
1421 573 1513 601 dicitur
1529 573 1684 609 Pictum).
1698 574 1816 602 Vidimus

1034 621 1118 642 autem
1134 616 1187 643 illic
1202 617 1385 651 presbyterum
1399 617 1484 645 virum
1496 622 1618 646 sanctum
1636 623 1665 646 et
1677 618 1754 647 valde
1766 618 1825 646 hui

1033 661 1133 691 milem,
1145 665 1172 687 et
1182 661 1289 688 assidue
1301 661 1435 689 videntem
1446 662 1573 696 visiones,
1589 663 1699 690 nomine
1707 664 1817 690 Ammo-

1033 713 1104 734 nam.
1127 706 1151 732 Is
1175 706 1318 740 aliquando
1341 706 1457 734 offerens
1471 707 1526 735 Deo
1542 707 1702 735 sacriﬁcium
1728 707 1815 742 (H9).

1033 751 1103 777 videt
1113 751 1235 785 angelum
1249 756 1364 778 stantem
1376 759 1390 778 a
1404 752 1507 780 dextris
1518 752 1622 781 altaria.
1639 756 1667 780 et
1678 757 1814 780 notantem

1033 794 1128 822 fratres
1141 796 1298 823 accedentes
1313 796 1345 822 ad
1359 798 1484 831 gratiam.
1498 802 1525 824 et
1537 796 1695 825 scribentem
1706 797 1733 824 in
1746 796 1817 824 libra

1032 848 1124 867 eorum
1141 841 1258 869 nomina.
1271 841 1337 867 Cum
1353 847 1441 868 autent
1456 849 1508 868 non
1523 841 1668 868 adfuissent
1689 841 1770 876 aliqui
1786 841 1815 868 in

1033 887 1136 921 synaxi,
1154 887 1220 913 vidit
1244 887 1326 914 deleri
1351 894 1444 914 eorum
1471 887 1589 919 nomina,
1610 888 1655 922 qui
1679 892 1739 920 post
1760 893 1816 914 una

996 930 1019 959 B
1032 932 1088 959 dies
1099 935 1161 958 sunt
1175 932 1282 959 mortui.
1309 931 1374 959 Eum
1389 940 1459 965 saepe
1472 936 1624 966 torquentes
1637 931 1772 960 damma
1785 932 1815 959 in

1033 983 1132 1003 tantam
1146 976 1313 1004 adduxerunt
1323 977 1542 1010 imbecillitatem,
1556 981 1586 1004 ut
1598 984 1650 1005 non
1661 977 1817 1012 possetipoe

1031 1026 1103 1049 stare
1117 1022 1150 1048 ad
1165 1029 1249 1055 aram,
1264 1028 1314 1049 nec
1326 1021 1425 1049 oﬁ‘erre
1440 1030 1448 1048 :
1470 1022 1579 1056 angelus
1592 1026 1681 1049 autem
1694 1022 1817 1055 ναιίωι.

1032 1067 1091 1100 ejus
1104 1074 1182 1093 manu
1207 1067 1386 1100 apprehensa,
1406 1067 1525 1101 protinus
1553 1074 1614 1094 eum
1638 1066 1816 1098 conﬁt-avia.

1032 1117 1058 1138 et
1072 1119 1164 1138 sanum
1176 1111 1208 1137 ad
1218 1118 1290 1137 aram
1302 1111 1403 1138 statuit.
1418 1110 1500 1146 Cujus
1514 1115 1644 1139 tormenta
1659 1118 1719 1139 cum
1732 1109 1820 1138 vidis-

1032 1163 1090 1186 sent
1102 1157 1210 1191 fratres,
1225 1158 1430 1192 obstupuerunt.

1304 1213 1416 1242 CAPUT
1435 1211 1553 1241 LXXIII.

1247 1258 1286 1286 De
1300 1259 1389 1286 abbate
1400 1259 1502 1286 Joanne
1516 1257 1606 1293 (I20).

1070 1303 1193 1332 Vidimus
1206 1309 1295 1331 autem
1317 1303 1397 1330 alium
1411 1303 1518 1337 quoque
1532 1302 1558 1329 in
1571 1300 1671 1334 Diolon.
1686 1300 1815 1329 Ima

1030 1349 1137 1375 nomine
1151 1348 1275 1382 (Ra/72,1.
1289 1355 1318 1381 ιι,
1333 1355 1391 1382 cap.
1404 1347 1462 1381 33),
1474 1351 1574 1380 patrem
1586 1346 1814 1376 monasteﬁoram.

1031 1394 1075 1427 qni
1091 1394 1147 1426 ipse
1163 1401 1268 1428 quoque
1279 1393 1389 1420 multam
1401 1392 1516 1420 habebat
1525 1391 1648 1427 gratiam,
1662 1395 1691 1418 et
1701 1390 1815 1418 Alanis:

1031 1439 1160 1472 habitum,
1175 1443 1203 1465 et
1217 1438 1325 1465 barbam
1343 1439 1442 1466 Aaron.
1457 1435 1595 1464 Efﬁciebat
1604 1439 1692 1464 autem
1704 1434 1817 1463 virtutes

1030 1490 1110 1518 atque
1124 1484 1286 1516 curationes,
1298 1488 1326 1511 ut
1336 1484 1380 1518 qui
1395 1482 1495 1511 multos
1506 1482 1609 1510 curavit
1619 1481 1780 1517 paralytico
1789 1486 1816 1510 et

1031 1529 1144 1563 podagra
1161 1529 1323 1557 laborantes.

1292 1573 1405 1601 CAPUT
1438 1571 1555 1600 LXXIV.

191 1612 631 1644 cellis,inecclesiamvocabantad
639 1612 977 1646 convivia;dumqueillise
1069 1618 1128 1646 γίια
1141 1619 1237 1646 abbati,
1253 1617 1393 1653 Ρίιννίοπίε
1405 1621 1428 1644 ει
1440 1617 1515 1652 (ﬁt)
1529 1624 1618 1644 eorum
1629 1616 1673 1652 qui
1682 1615 1817 1653 mipo

192 1661 315 1683 recreant
332 1660 359 1684 et
375 1657 533 1690 exhilarant,
550 1658 732 1692 unusquisque
744 1665 803 1684 cum
821 1666 836 1685 e
849 1664 894 1684 Sun
910 1658 976 1685 cella

190 1701 296 1728 ovillam
308 1710 383 1729 suam
399 1704 496 1737 pellem
518 1709 563 1731 aut
578 1709 696 1739 sportam
721 1712 788 1738 pane
810 1705 851 1731 vel
873 1705 977 1731 cnteris

191 1747 325 1781 implesset
340 1749 509 1781 necessariis,
524 1749 677 1777 deferebant
699 1750 732 1776 ad
747 1757 829 1776 novas
843 1750 935 1782 cellas,
949 1753 978 1776 ut

191 1792 256 1818 nulli
271 1797 331 1818 nota
344 1798 415 1819 esset
432 1793 637 1828 uniuscujusque
659 1794 767 1821 oblatio.
781 1794 866 1821 Noctu
888 1800 976 1820 autem

191 1838 330 1864 venientes
345 1838 487 1865 habitaturi
501 1846 563 1866 suas
576 1840 670 1872 cellas,
685 1844 795 1872 repente
807 1839 977 1867 inveniebant

184 1884 276 1922 omnia
288 1885 450 1911 necessaria.
465 1885 537 1911 Multi
550 1888 639 1912 autem
653 1893 686 1912 ex
701 1886 764 1919 ipsis
778 1893 865 1919 neque
879 1893 975 1919 panetn

182 1929 363 1956 'cometlebant
381 1937 428 1956 ncc
452 1930 562 1962 fructus,
579 1930 625 1956 sed
646 1930 729 1957 solum
746 1930 836 1964 intyha
849 1930 973 1964 agrestia.

189 1973 301 2006 Quidam
324 1980 412 2001 autem
426 1982 458 2001 ex
473 1974 537 2008 ipsis
554 1979 607 2001 tota
631 1980 707 2002 nocte
723 1983 774 2001 non
790 1976 975 2007 dormiebant;

188 2019 235 2046 seti
249 2019 372 2047 sedentes
387 2021 429 2048 vel
450 2025 550 2049 stantes
575 2029 658 2055 usque
672 2022 703 2048 ad
720 2029 807 2056 mane,
820 2028 977 2056 persevera-

190 2065 253 2092 bant
267 2066 292 2092 Ill
308 2066 440 2093 oratione.

469 2113 582 2149 CAPUT
602 2112 695 2140 LXXI.

192 2155 251 2183 Vita
263 2155 360 2184 abbatis
371 2156 467 2184 Isidori
477 2158 552 2192 (II'I)
563 2163 585 2184 et
599 2166 685 2184 earum
698 2158 741 2193 qui
754 2162 826 2184 erant
838 2165 895 2184 cum
907 2159 973 2190 ipsa.

225 2202 343 2230 Vidimus
355 2208 441 2229 autem
454 2204 480 2229 in
489 2203 624 2231 Thebaide
635 2203 824 2230 monasterium
837 2203 973 2236 cujusdam

189 2247 278 2282 magni
294 2247 397 2278 Isidori.
426 2248 495 2282 quod
521 2248 591 2274 intus
607 2248 719 2275 habebat
733 2248 806 2275 mille
828 2247 973 2274 monachos

1384 1657 1465 1679 erant.

1065 1698 1185 1726 Vidimus
1198 1703 1286 1725 autem
1302 1697 1327 1724 in
1343 1697 1481 1725 Thebaide
1504 1696 1587 1724 altum
1606 1694 1813 1724 montum

1028 1745 1222 1777 imminentem,
1236 1742 1312 1770 valde
1327 1742 1470 1770 terribilem
1485 1747 1513 1769 et
1526 1736 1801 1776 praecipitandu-

1028 1790 1127 1817 nachos
1136 1789 1190 1817 illic
1199 1789 1320 1816 viventes
1333 1789 1357 1814 in
1369 1786 1501 1822 speluncis
1508 1786 1605 1823 (Ra/ﬁ,
1618 1787 1638 1814 ι.
1651 1782 1803 1820 n,up.$i).

1029 1834 1128 1861 Eorum
1151 1837 1239 1860 autem
1256 1836 1331 1867 pater
1349 1837 1407 1859 erat
1428 1833 1538 1859 nomine
1558 1831 1686 1867 Pityrion,
1698 1830 1744 1866 qui
1759 1827 1808 1857 fuit

1028 1886 1096 1906 unus
1107 1886 1139 1906 ex
1149 1878 1286 1912 discipulis
1296 1877 1415 1910 Antonii,
1429 1882 1455 1904 et
1467 1877 1562 1904 tertius
1573 1876 1620 1912 qui
1633 1875 1707 1904 illum
1721 1874 1809 1904 locum

1027 1925 1149 1958 excepit;
1164 1924 1207 1958 qui
1222 1923 1327 1958 quidem
1341 1923 1437 1949 multas
1447 1923 1560 1949 virtutes
1571 1921 1711 1954 efﬁciebat,
1721 1920 1812 1949 etet!-

1027 1971 1126 1997 caeiter
1140 1970 1248 2004 spiritus
1276 1967 1435 2003 expellebat.
1460 1967 1528 1994 Cum
1546 1967 1617 1995 enim
1640 1966 1813 1997 successisset

1028 2017 1143 2044 Antonio
1167 2022 1194 2043 et
1217 2016 1275 2051 ejus
1298 2014 1430 2048 discipulo
1450 2013 1600 2047 Ammona,
1623 2013 1718 2041 merito
1731 2013 1813 2041 etiam

1027 2061 1157 2088 successit
1177 2060 1323 2087 ltwreditati
1349 2059 1478 2086 donorum
1500 2067 1507 2085 :
1524 2058 1568 2092 qui
1592 2057 1691 2085 multos
1704 2056 1813 2092 quidem

1030 2115 1043 2134 a
1049 2108 1211 2141 liosqunque
1221 2108 1294 2142 apud
1300 2105 1453 2134 nosbaba'it
1459 2105 1679 2140 sermones,-quin
1686 2104 1767 2133 etiam
1777 2104 1814 2132 do

1028 2153 1190 2180 discretione
1205 2151 1345 2186 spirituum
1360 2156 1483 2178 accurate
1497 2150 1633 2183 disseruit,
1647 2150 1740 2178 dicens
1751 2157 1814 2179 esse

1027 2199 1129 2233 aliquos
1141 2198 1276 2224 dzemones
1292 2196 1336 2231 qui
1348 2200 1494 2231 sequuntur
1505 2195 1586 2222 animi
1595 2201 1692 2228 mo'ns,
1705 2198 1734 2222 et
1746 2202 1812 2222 noo-

1032 2248 1087 2270 tras
1103 2243 1256 2270 affectiones
1270 2241 1303 2268 ad
1317 2242 1414 2268 malum
1425 2247 1498 2276 saepe
1507 2243 1673 2268 convertant.
1687 2239 1814 2276 Quisquis

187 2293 284 2327 (Ra/)2,
299 2294 317 2320 ι.
330 2301 359 2326 tt,
372 2302 431 2327 cap.
450 2294 503 2328 I7).
521 2294 637 2322 llabebat
652 2298 740 2321 autem
756 2295 826 2322 intus
841 2298 934 2328 puteus
950 2299 976 2320 et
991 2289 1016 2318 D
1029 2297 1102 2323 ergo,
1117 2296 1134 2315 0
1147 2288 1204 2320 lilii.
1220 2288 1326 2315 dicebal
1337 2287 1360 2314 IS
1375 2287 1462 2319 “Obiit
1475 2286 1530 2314 “III
1542 2286 1649 2321 elisere
1659 2285 1806 2318 dmum.

188 2339 289 2370 hortos,
299 2345 324 2366 et
332 2347 496 2374 quacunque
504 2340 601 2367 suntad
611 2347 686 2367 usum
695 2341 855 2372 neceSsaria,
867 2339 974 2366 nemine

189 2385 342 2419 egrediente
356 2391 430 2412 extra
460 2386 650 2413 monasterium
666 2393 673 2411 :
692 2386 739 2412 scd
764 2391 822 2412 erat
836 2385 975 2419 presbyter

186 2429 298 2464 ianitor,
312 2431 355 2465 qui
370 2431 469 2457 nullutn
485 2431 652 2464 permittebat
666 2431 767 2466 egredi,
783 2438 868 2465 neque
891 2432 973 2457 alium

188 2474 302 2508 ingredi,
318 2480 494 2509 praeterquam
509 2475 531 2502 si
545 2477 605 2510 quis
618 2475 695 2502 vellet
713 2482 797 2510 usque
812 2475 844 2501 ad
857 2480 973 2502 mortem

187 2519 241 2545 illic
259 2527 416 2554 permanere
432 2527 560 2555 nusquam
576 2519 759 2555 progrediens.
787 2520 870 2547 Porro
884 2524 972 2546 autem

186 2571 233 2591 eos
243 2564 288 2598 qui
301 2569 404 2599 portam
417 2565 664 2599 ingrcdiebanturin
675 2571 758 2599 parvo
769 2563 921 2591 nabitaculo
932 2570 973 2590 ex-

185 2609 301 2643 cipiebat
313 2609 444 2644 hospitio;
458 2614 485 2636 et
498 2617 558 2636 cum
573 2617 650 2636 mane
666 2609 784 2637 dedisset
792 2609 921 2645 eulogias,
946 2609 972 2635 in

187 2661 252 2687 pace
264 2653 422 2682 deducebat.
434 2654 491 2682 Duo
506 2660 593 2681 autem
609 2662 641 2682 ex
651 2655 715 2690 ipsis
731 2654 879 2690 presbyteri
888 2655 972 2681 solum

185 2699 298 2727 exibant.
318 2707 398 2734 opera
413 2698 522 2727 fratrum
539 2700 765 2733 administrantes,
781 2703 808 2727 et
822 2699 974 2727 referebant

184 2751 216 2771 ea
228 2752 287 2778 qua:
301 2750 376 2771 erant
393 2744 458 2779 ipsis
474 2745 506 2771 ad
532 2753 608 2771 usum
623 2745 783 2773 necessaria.
800 2745 870 2772 Dixit
884 2750 971 2772 autem

187 2787 251 2814 mihi
263 2789 285 2814 is
296 2788 339 2822 qui
351 2796 452 2823 portam
461 2790 627 2817 custodiebat
636 2791 784 2825 presbyter,
792 2797 837 2817 eos
846 2790 891 2825 qui
902 2790 973 2819 intus

186 2836 250 2858 sunt
256 2838 361 2860 sanctos
367 2841 426 2860 esse
434 2835 510 2866 tales,
520 2839 549 2861 ut
557 2835 656 2869 possint
665 2841 758 2862 omnes
765 2835 840 2870 signa
848 2834 956 2862 efﬁcere
965 2844 970 2867 ;

186 2881 212 2904 et
232 2877 365 2904 nemiuem
376 2883 438 2907 ante
454 2879 592 2907 decessum
602 2880 628 2907 in
644 2880 765 2908 morbum
779 2879 911 2911 incidere;
925 2879 972 2907 scd

1028 2336 1100 2369 prius
1115 2336 1141 2361 in
1153 2334 1307 2361 servitutem
1319 2331 1420 2366 redigat
1430 2331 1582 2360 affectiones
1594 2330 1691 2364 animi;
1704 2332 1811 2366 qualem

1027 2382 1097 2408 enim
1110 2380 1169 2414 quis
1179 2379 1311 2412 superarit
1323 2377 1500 2409 aﬁ‘ectionem,
1512 2376 1570 2411 ejus
1584 2372 1690 2414 quoque
1702 2375 1812 2408 expellit

1028 2427 1186 2453 dzemonem.
1197 2425 1307 2458 Oportet
1319 2428 1406 2450 autem
1415 2430 1463 2450 vos
1472 2421 1598 2457 paulatim
1612 2422 1717 2450 vincere
1728 2421 1812 2451 alec-

1029 2472 1126 2503 tiones,
1141 2475 1169 2497 ut
1182 2476 1273 2496 earnm
1281 2468 1422 2503 eapellatis
1429 2467 1575 2495 daemones.
1583 2467 1707 2502 Sequitur
1718 2467 1810 2501 gulam

1026 2517 1141 2543 daemon.
1170 2515 1199 2543 Si
1222 2515 1281 2549 quis
1299 2521 1364 2548 ergo
1389 2513 1478 2548 gulam
1500 2512 1673 2548 superaverit,
1709 2510 1812 2547 expel-

1026 2560 1058 2588 lit
1095 2560 1155 2596 ejus
1213 2561 1373 2589 daemonem.
1395 2561 1422 2589 Is
1445 2563 1534 2588 autem
1555 2557 1710 2588 medellas
1724 2554 1811 2589 lia-tn

1027 2607 1203 2640 hebdomada,
1215 2606 1350 2634 Dominica
1361 2610 1389 2633 et
1398 2605 1491 2640 quinta
1504 2602 1581 2638 ferta,
1591 2600 1697 2640 pinam
1706 2601 1808 2645 pﬂlell

1025 2661 1057 2681 ex
1074 2653 1156 2679 farina
1171 2652 1263 2688 (res);
1285 2658 1333 2679 nec
1355 2654 1458 2685 poterat
1471 2647 1573 2685 aliquid
1593 2644 1665 2677 aliud
1686 2644 1809 2678 natae.

1025 2703 1164 2733 propterea
1176 2698 1244 2732 quod
1257 2704 1333 2723 suum
1346 2695 1464 2723 habitum
1478 2694 1513 2722 ita
1522 2694 1672 2722 Idi-mauu.

1293 2740 1406 2770 canor
1426 2739 1530 2768 Lxxv.
1652 2772 1653 2777 η
1691 2735 1702 2742 "

1063 2791 1065 2805 ι
1208 2787 1264 2814 Vita
1280 2786 1383 2822 Eulogii
1398 2785 1473 2822 (ηδ)
1487 2784 1634 2821 presbyteri.
1659 2822 1663 2825 _
1699 2821 1701 2823 ι

1062 2833 1182 2860 Vidimus
1192 2837 1280 2860 autem
1289 2833 1369 2859 alium
1380 2838 1484 2871 quoque
1496 2829 1687 2871 presbyter-am,
1696 2825 1813 2857 nomine

1028 2879 1180 2912 Eulogium,
1192 2878 1235 2913 qui
1246 2879 1271 2905 in
1283 2877 1425 2906 afferendis
1436 2869 1492 2907 lico
1506 2875 1582 2906 donis
1594 2870 1695 2903 tutum
1705 2873 1814 2911 accepit
