4028 6440
364 378 497 443 1177

1607 368 1978 430 HISTORIA
2017 360 2409 426 LAUSIACA.

3478 363 3621 429 1178

360 495 452 547 καὶ
497 490 566 544 τά
604 490 790 544 κελλία
822 491 886 541 ἐκ
915 488 1278 558 διαστήματος
1322 487 1537 557 ἑχουσιν
1560 505 1574 518 ·
1620 487 1696 545 ὡς
1731 485 1825 535 καὶ
1864 484 1939 553 μὴ
1967 478 2016 535 Λ
2043 478 2155 528 ἀλλ’
2193 478 2322 531 ὅταν
2349 480 2583 534 ἑκάστου
2616 481 2648 549 ἡ
2691 479 2981 549 μετάθεσις
3026 480 3249 552 ἤρχετο,
3294 484 3628 552 προμηνύων

356 573 807 644 διαγνωρίζεσθαι
845 574 1127 643 πόρρωθεν
1157 573 1248 641 ὑφ’
1260 573 1496 640 ἐτέρου,
1533 570 1669 639 μηδέ
1703 569 1935 638 ὁρᾶσθαι
2040 563 2216 619 ἅπασι
2246 565 2601 623 κατακλιθεὶς
2632 565 2920 633 ἐκοιμᾶτο.

356 658 597 727 ταχέως,
637 657 771 726 μηδέ
807 658 989 725 φωνῆς
1021 656 1336 721 ἐπακούειν,
1371 656 1604 708 ἑκάστου
1649 655 1770 707 καθ’
1807 656 1937 707 ἑαυ-

356 743 449 794 τὸν
494 742 917 810 καθειργμένου.
956 740 1132 794 Μόνον
1177 743 1234 795 δέ
1288 744 1345 794 ἐν
1388 742 1652 809 Σαϐϐάτῳ
1679 742 1775 794 καὶ
1821 741 1931 793 Ku-

361 827 524 895 ριακῇ
554 827 611 877 ἐν
643 827 763 886 ταῖς
802 825 1121 890 ἐκκλησίαις
1160 826 1508 890 συνάγονται,
1548 826 1643 877 καὶ
1676 822 1940 893 ἀλλήλους

359 907 858 976 άπολαμϐάνουσιν.
915 910 1108 963 Πολλοὶ
1165 910 1220 964 δὲ
1280 910 1469 964 αὐτῶν
1523 909 1787 971 πολλάκις
1846 907 1941 960 καὶ

356 993 666 1062 τεταρταῖοι
723 993 782 1043 ἐν
843 995 955 1055 τοῖς
1006 994 1239 1059 κελλίοις
1297 995 1478 1049 αὐτῶν
1545 992 1937 1061 εὑρίσκονται,

359 1077 425 1129 ἐκ
476 1075 571 1128 τοῦ
628 1074 703 1144 μὴ
737 1076 870 1145 ὀρᾷν
916 1076 1179 1146 ἀλλήλους
1217 1079 1352 1147 πλὴν
1400 1080 1458 1130 ἐν
1491 1080 1612 1141 ταῖς
1662 1077 1935 1141 συνάξεσι.

361 1161 468 1212 Καὶ
490 1160 539 1211 οἰ
571 1158 671 1228 μὲν
704 1159 881 1212 αὐτῶν
911 1160 1018 1212 ἀπὸ
1047 1162 1215 1229 τριῶν
1251 1162 1494 1230 σημείων
1535 1161 1629 1214 καί
1664 1160 1942 1229 τεσσάρων

358 1245 438 1304 εἰς
483 1242 582 1313 τὴν
634 1242 857 1305 σύναξιν
911 1242 1192 1312 ἔρχονται,
1251 1244 1508 1296 τοσοῦτον
1566 1243 1785 1313 μακρὰν
1826 1241 1941 1294 ἀλλ’

358 1324 604 1395 ἀλλήλων
647 1325 1017 1393 διεστήκασιν.
1079 1325 1325 1395 Ἀγάπην
1352 1328 1409 1379 δέ
1448 1326 1718 1394 τοσαύτην
1759 1325 1944 1395 έχουσι

358 1408 496 1478 πρὸς
552 1407 835 1478 ἀλλήλους,
868 1409 965 1460 καὶ
1019 1410 1149 1478 περὶ
1182 1410 1283 1480 τὴν
1329 1409 1526 1477 λοιπὴν
1570 1410 1941 1477 ἀδελφότητα,

358 1492 434 1554 ὼς
467 1489 682 1553 πολλοῖς
741 1490 1133 1559 συμϐουλεύειν
1174 1494 1361 1553 αὐτοῖς
1392 1492 1743 1561 συσσωθῆναι
1766 1532 1780 1552 ,
1815 1492 1945 1543 ἐκα-

360 1590 483 1626 στον
501 1574 561 1627 τὸ
583 1573 781 1628 ἑαυτοῦ
809 1574 1018 1626 κελλίον
1041 1575 1295 1627 σπεύδειν
1322 1577 1510 1638 αὐτοῖς
1541 1577 1618 1639 είς
1635 1564 1945 1628 ἀνάπαυσιν

357 1658 560 1711 δοῦναι.

962 1785 1213 1839 ΚΕΦΑΛ.
1258 1786 1335 1839 Ο¹.

406 1867 545 1938 Περὶ
564 1867 671 1923 τοῦ
714 1867 863 1923 ἁόὄᾶ
906 1867 1238 1938 Ἀμμωνίου
1273 1870 1371 1923 καί
1411 1868 1532 1923 τῶν
1576 1868 1699 1923 σὺν
1719 1865 1902 1931 αὐτῷ.

432 1966 644 2034 Ἴδομεν
666 1964 723 2018 δέ
758 1966 850 2019 καὶ
876 1967 1091 2036 Πατέρα
1126 1969 1247 2021 τινα
1298 1968 1406 2021 τῶν
1432 1969 1572 2029 ἐκεῖ,
1638 1965 1948 2035 ’Δμμώνιον

358 2046 607 2118 ὀνόματι.
666 2049 921 2121 ἐξαίρετα
975 2051 1166 2102 κέλλια
1222 2051 1415 2121 ἔχοντα
1472 2052 1567 2103 καὶ
1634 2049 1805 2117 αὐλὴν
1854 2047 1948 2099 καὶ

360 2134 539 2203 φρέαρ
588 2133 681 2185 καὶ
716 2134 815 2196 τὰς
860 2133 1057 2197 λοιπάς
1103 2133 1312 2203 χρείας.
1373 2133 1651 2195 Ἐλθὸντος
1699 2132 1757 2184 δέ
1811 2130 1948 2200 πρὸς

358 2216 523 2268 αὐτόν
546 2233 693 2274 τινος
729 2217 983 2282 ἀδελφοῦ,
1017 2219 1257 2285 σωθῆναι
1305 2218 1683 2282 σπεύδοντος,⁸
1709 2217 1803 2268 καί¹
1860 2215 1948 2266 λέ-

358 2315 549 2365 γοντος
588 2297 740 2365 αὐτῷ
782 2301 1019 2351 ἐπινοεῖν
1066 2300 1217 2369 αύτῴ
1267 2300 1483 2353 κελλίον
1532 2303 1669 2371 πρὸς
1708 2300 1946 2371 οἴκησιν,

359 2380 417 2443 ὃς
450 2382 542 2432 ἐπὶ
596 2380 770 2449 τούτῳ
819 2381 1074 2444 ἐξελθὼν,
1107 2384 1482 2451 παρήγγειλεν
1511 2382 1659 2452 αὐτῷ
1707 2382 1781 2451 μὴ
1825 2383 1952 2433 ἀνα-

362 2466 561 2533 χωρεῖν
587 2465 747 2516 αὑτὸν
778 2466 842 2516 ἐκ
897 2465 1005 2516 τῶν
1047 2466 1301 2525 κελλίων.
1330 2467 1491 2536 ἄχρις
1523 2467 1588 2519 ἂν
1618 2466 1756 2537 εὕρῃ
1800 2464 1950 2535 αὑτῷ

361 2548 669 2619 ἐπιτήδειον
708 2548 1078 2615 καταγώγιονο
1120 2548 1215 2601 καὶ
1246 2549 1565 2602 καταλιπὼν
1598 2550 1746 2617 αὐτῷ
1771 2549 1950 2601 πάντα

360 2634 461 2686 ὅσα
492 2628 605 2703 εἶχε
627 2634 722 2685 σὺν
749 2634 932 2696 αὐτοῖς
975 2636 1087 2695 τοῖς
1118 2633 1374 2697 κελλίοις.
1418 2633 1609 2687 ἐαυτὸν
1640 2634 1719 2695 είς
1754 2634 1948 2703 μικρόν

359 2734 411 2769 τι
444 2717 655 2770 κελλίον
708 2720 927 2786 μακράν
977 2717 1190 2770 ἐκεῖθεν
1230 2718 1582 2771 ἀπέκλεισεν.
1640 2718 1701 2768 Εἰ
1747 2717 1805 2769 δὲ
1858 2719 1948 2769 καὶ

362 2799 610 2862 πλείονες
649 2796 791 2870 ἦσαν
842 2801 890 2851 οἰ
938 2802 1327 2869 συνερχόμενοι
1382 2802 1623 2869 σωθῆναι
1679 2800 1945 2863 θέλοντες,

362 2883 559 2951 συνῆγε
592 2885 774 2935 πᾶσαν
811 2884 913 2954 τὴν
958 2884 1320 2953 ἀδελφότητα·
1381 2884 1476 2935 καὶ
1514 2884 1605 2935 τοῦ
1642 2884 1739 2953 μὲν
1791 2881 1950 2935 πλίν-

362 2964 487 3028 θους
515 2966 866 3029 ἐπιδιδόντος,
895 2966 990 3019 τοῦ
1021 2966 1077 3017 δέ
1098 2967 1264 3036 ὕδωρ,
1298 2968 1355 3018 ἐν
1387 2966 1571 3037 ἡμέρᾳ
1606 2968 1705 3037 μιᾷ
1730 2966 1798 3019 τὰ
1828 2966 1951 3018 κελ-

360 3048 450 3099 λία
494 3050 935 3118 άπεπληροῦντο.
996 3051 1137 3112 Τοὺς
1185 3050 1241 3102 δέ
1310 3051 1605 3119 μέλλοντας
1650 3053 1819 3103 οἰκεῖν
1877 3050 1948 3102 τὰ

362 3132 548 3232 κελλία
593 3134 821 3232 ἐκνάλουν
882 3134 1017 3203 πρὸς
1077 3135 1173 3205 τὴν
1212 3135 1510 3205 ἐκκλησίαν
1540 3138 1619 3198 είς
1674 3135 1942 3204 εὐωχίαν·
1976 3172 2020 3232 c

361 3217 459 3269 καί⁵
512 3217 587 3278 ὡς
644 3216 725 3269 ἐτι
766 3218 966 3269 ἐκεῖνοι
1013 3219 1397 3288 ηὑφραίνοντο,
1436 3220 1668 3282 ἕκαστος
1724 3221 1790 3272 ἐκ
1852 3218 1945 3271 τοῦ

361 3300 566 3353 οἰκείου
599 3300 811 3353 κελλίου
842 3303 1077 3369 γεμίσας
1118 3302 1316 3355 ἐαυτοῦ
1353 3304 1453 3372 τὴν
1488 3306 1748 3375 μηλωτὴν
1779 3303 1811 3373 ἢ
1852 3302 1949 3372 τὴν

362 3385 601 3454 σπυρίδα
658 3385 859 3456 ἄρτων,
904 3386 936 3455 ἢ
995 3387 1103 3437 τῶν
1133 3386 1341 3438 λοιπῶν
1373 3388 1717 3455 ἐπιτηδείων,
1752 3390 1831 3450 εἰς
1882 3386 1953 3438 τά

361 3466 457 3519 νέα
484 3467 668 3519 κελλία
699 3468 988 3539 ἐπέφερεν,
1025 3469 1111 3522 ἵνα
1153 3470 1373 3538 μεηδενί
1401 3471 1633 3540 φανερὸν
1662 3470 1888 3539 γένηται
1916 3472 1948 3539 ή

362 3550 594 3602 ἑκάστου
627 3553 998 3621 καρποφορία.
1036 3553 1355 3622 Ἐρχόμενοι
1390 3553 1446 3604 δέ
1496 3555 1575 3615 εἰς
1608 3554 1849 3621 ἑσπέραν
1902 3554 1953 3604 οἰ

364 3633 649 3701 μέλλοντες
673 3638 841 3687 οἰκεῖν
865 3636 933 3686 τά
963 3635 1171 3699 κελλία,
1205 3635 1467 3708 ηὕρισκον
1496 3634 1757 3707 ἐξαίφνης
1779 3636 1953 3689 πάντα

360 3716 429 3768 τὰ
460 3717 761 3787 ἐπιτήδεια.

434 3802 625 3854 Πολλοί
653 3819 711 3853 τε
738 3802 916 3855 αὐτῶν
949 3800 1070 3855 οὔτε
1109 3801 1203 3875 [οἱ.
1245 3802 1302 3856 δέ
1332 3804 1441 3858 τῶν
1471 3805 1649 3857 ἐκεῖσε
1692 3804 1953 3875 Πατέρων

360 3884 482 3955 οὐκ]
517 3887 679 3957 ἄρτον
707 3888 919 3959 ἤσθιον,
952 3888 1073 3942 οὔτε
1102 3890 1346 3960 ὀπώρας,
1384 3889 1521 3942 ἀλλά
1560 3891 1815 3961 πικρίδας
1854 3891 1952 3961 μό-

360 3986 472 4025 νον.
505 3971 660 4032 Τινές
689 3971 743 4024 δὲ
771 3972 951 4025 αὐτῶν
982 3972 1101 4025 οὑδέ
1133 3971 1423 4025 ἐκάθευδον
1462 3973 1589 4044 ὃλην
1622 3974 1721 4043 τὴν
1757 3973 1951 4040 νύκτα,

362 4054 498 4106 ἀλλά
553 4054 853 4125 καθήμενοι
908 4058 943 4128 ἢ
1011 4056 1244 4120 ἑστῶτες
1280 4056 1408 4128 ἄχρι
1443 4056 1593 4129 πρωῒ
1622 4058 1954 4129 ἐκαρτέρουν

363 4138 809 4209 προσευχόμενοι.

946 4270 1198 4323 ΚΕΦΔΛ.
1229 4272 1350 4325 OA'.

795 4366 937 4432 Περί
975 4366 1126 4423 ἀϐὄᾶ
1173 4368 1504 4440 Ἰσιδώρου.

439 4446 654 4515 Ἷδομεν
691 4448 787 4501 καὶ
822 4450 962 4503 κατά
985 4452 1084 4518 τὴν
1110 4452 1357 4521 Θηϐαΐδα
1386 4458 1554 4525 μονὴν
1582 4456 1704 4510 τινὰ
1746 4455 1946 4511 Ἰσιδώ-

2632 671 2887 724 ΚΕΦΑΛ.
2943 669 3064 722 UB’.

2560 755 2699 822 Περὶ
2770 752 3106 822 Ἀμμωνᾶν.

2118 858 2393 912 Ἔστικαί
2423 858 2557 929 ἄλλη
2590 860 2796 930 ἐρημος
2828 863 2883 914 ἐν
2910 860 3199 928 Αἰγύπτῳ,
3231 860 3495 932 παράλιος
3522 861 3623 931 μὲν

2042 939 2198 1006 οὖσα,
2256 943 2395 996 ἀλλὰ
2448 945 2842 1014 χαλεπωτάτη’
2870 941 2986 1017 ἐνῇ
3019 946 3201 998 πολλοὶ
3255 948 3349 999 καὶ
3397 947 3623 1015 μεγάλοι

2044 1030 2398 1098 ἀναχωρηταὶ
2462 1028 2810 1083 κατοικοῦσιο
2880 1029 3111 1101 πλησίον
3161 1031 3484 1101 ὑπάρχουσα
3523 1027 3627 1097 τῆς

2043 1113 2249 1182 Διόλκῳ
2279 1111 2507 1175 πόλεως.
2536 1112 2750 1182 Ἰδομεν
2778 1112 2835 1164 δὲ
2855 1115 2970 1166 ἐκεῖ
3001 1113 3374 1182 πρεσϐύτερον
3407 1110 3631 1178 Πατέρα

2044 1195 2221 1263 ἅγιον,
2257 1198 2349 1248 καὶ
2382 1195 2500 1247 λίαν
2536 1196 2711 1265 μέγαν
2745 1196 3172 1266 ταπεινόφρονα,
3217 1198 3312 1249 καὶ
3359 1193 3628 1253 ὀπτασίας

2049 1280 2289 1349 συνεχεῖς
2321 1278 2555 1349 ὁρῶντα,
2597 1280 2821 1348 ὀνόματι
2864 1280 3183 1349 Ἀμμωνᾶν.
3240 1273 3410 1340 Οὗτος
3456 1292 3629 1347 προσ-

2048 1364 2227 1432 φέρων
2276 1363 2353 1432 τῷ
2385 1362 2503 1431 Θεῷ
2558 1363 2704 1427 άπαξ
2756 1364 2855 1425 τάς
2908 1364 3185 1433 λατρείας,
3244 1364 3348 1432 ὁρᾷ
3401 1359 3630 1430 ἄγγελον

2047 1446 2258 1499 ἐστῶτα
2290 1449 2352 1499 ἐκ
2380 1446 2570 1510 δεξιῶν
2599 1445 2693 1498 τοῦ
2729 1446 3144 1517 θυσιαστηρίου,
3181 1447 3274 1499 καὶ
3305 1445 3433 1507 τοὺς
3460 1460 3632 1516 προσ-

2048 1530 2374 1599 ερχομένους
2408 1532 2473 1601 τῇ
2524 1531 2707 1600 χάριτι
2752 1531 3015 1598 ἀδελφοὺς
3067 1530 3490 1600 σημειούμενον,
3539 1527 3637 1577 καὶ

2049 1616 2326 1683 γράφοντα
2360 1614 2536 1667 αὐτῶν
2569 1616 2635 1667 τά
2675 1616 2916 1685 ὀνόματα
2964 1616 3020 1667 ἐν
3058 1615 3269 1683 βιϐλίῳ.
3304 1614 3395 1682 Μὴ
3448 1628 3632 1683 παρα-

2047 1700 2355 1765 γενομένων
2396 1698 2452 1750 δέ
2515 1717 2677 1751 τινων
2740 1701 2797 1751 ἐν
2855 1698 3095 1761 συνάξει,
3153 1699 3226 1750 ἴδε
3276 1697 3347 1749 τὰ
3397 1696 3637 1765 ὀνόματα.

2052 1784 2231 1835 αὐτῶν
2266 1784 2702 1854 άπαλειφόμενα.
2750 1785 2812 1837 Οί
2850 1784 2905 1837 δὲ
2940 1783 3077 1853 μετά
3100 1784 3385 1851 δεκατρεῖς
3419 1781 3637 1850 ἡμέρας

2052 1867 2431 1936 ἐτελεύτησαν,
2482 1868 2685 1919 Τοῦτον
2732 1868 2993 1929 πολλάκις
3025 1868 3074 1918 οί
3113 1867 3369 1935 δαίμονες
3408 1863 3637 1934 βασανί-

2052 1966 2244 2011 σαντες
2278 1950 2520 2020 τοσαύτῃ
2547 1951 2806 2022 ἀσθενείᾳ
2852 1949 3236 2021 περιέϐαλλον,
3288 1948 3363 2010 ὡς
3420 1948 3495 2016 μὴ
3542 1945 3634 1996 δύ-

2050 2034 2244 2087 νασθαι
2269 2034 2433 2087 αὐτὸν
2458 2035 2650 2104 στῆναι
2684 2035 2837 2104 ἐντῷ
2870 2034 3264 2102 θυσιαστηρίῳ,
3297 2031 3433 2101 μηδέ
3467 2045 3635 2099 προσ-

2051 2117 2261 2186 φέρειν.
2306 2118 2571 2186 Ἀγγελος
2598 2119 2654 2171 δὲ
2679 2117 2847 2171 ἐλθὼν
2882 2119 2974 2170 καὶ
3005 2116 3304 2185 λαϐόμενος
3341 2113 3505 2166 αὑτοῦ
3535 2114 3635 2181 τῆς

2052 2201 2252 2270 χειρὸς,
2280 2201 2689 2270 ἐνεδυνάμωσεν
2740 2201 2903 2254 αὐτὸν
2953 2201 3317 2270 παραχρῆμα,
3366 2198 3462 2249 καὶ
3503 2196 3635 2265 ὑγιῆ

2050 2284 2126 2350 τῷ
2151 2284 2524 2353 θυσιαστηρίῳ
2558 2284 2922 2353 παρέστησεν,
2957 2279 3018 2335 οὗ
3054 2284 3151 2346 τάς
3189 2282 3458 2351 βασάνους
3506 2277 3635 2331 05a-

2052 2369 2279 2437 σάμενοι
2311 2367 2363 2419 οἰ
2385 2367 2609 2434 ἀδελφοὶ
2644 2367 2917 2436 ἐξεπλάγη
2930 2384 3046 2419 σαν.

2640 2494 2888 2547 ΚΕΦΑΛ.
2937 2494 3055 2547 οΓ⁹.

2509 2594 2648 2661 Περὶ
2678 2592 2828 2649 ἀϐϐἄ
2872 2594 3172 2648 Ἰωάννου.

2128 2698 2341 2769 ’Ἱδομεν
2365 2698 2423 2751 δέ
2460 2700 2555 2752 καὶ
2587 2700 2746 2753 ἄλλον
2788 2700 3043 2771 Ἰωάννην
3082 2701 3139 2753 ἐν
3169 2698 3379 2770 Διόλκῳ
3416 2698 3635 2769 Πατέρα

2052 2783 2456 2852 μοναστηρίων,
2487 2784 2582 2836 καὶ
2612 2784 2775 2837 αὑτὸν
2799 2785 3001 2854 πολλὴν
3036 2786 3197 2854 χάριν
3224 2785 3433 2853 ἔχοντα,
3471 2783 3535 2835 τό
3573 2798 3636 2833 τε

2064 2867 2422 2936 Ἀϐραμιαῖον
2455 2867 2662 2935 σχῆμα,
2691 2870 2784 2920 καὶ
2816 2868 2907 2921 τὸν
2937 2871 3177 2935 πώγωνα
3204 2858 3440 2936 ’Δαρὼν,
3471 2866 3635 2918 δυνά-

2054 2967 2176 3019 μεις
2221 2967 2279 3001 τε
2343 2950 2439 3002 καὶ
2518 2952 2693 3013 ἰάσεις
2764 2953 3179 3014 ἐπιτελέσαντα,
3241 2954 3337 3003 καὶ
3407 2949 3637 3010 πολλοὺς

2054 3050 2133 3087 πα
2144 3032 2471 3105 ραλυτικοὺς
2499 3035 2592 3087 καί
2617 3034 2924 3106 ποδαγροὺς
2954 3034 3393 3103 θεραπεύσαντα.

2642 3140 2896 3194 ΚΕΦΑΛ.
2933 3143 3048 3193 OA’.

2475 3244 2615 3313 Περὶ
2648 3243 2800 3301 ἀϐϐἆ.
2833 3248 2883 3298 Π
2888 3262 2937 3297 ιτ
2948 3245 3215 3312 υρίωνος.

2130 3348 2344 3419 Ἴδομεν
2366 3350 2423 3402 δέ
2450 3350 2591 3402 κατὰ
2615 3350 2715 3419 τὴν
2749 3348 3015 3419 Θηϐαΐδα,
3046 3349 3173 3419 ὅρος
3204 3347 3407 3417 ὑψηλὸν
3435 3345 3648 3418 τῷοπο-

2054 3432 2216 3502 ταμῷ
2258 3434 2637 3501 ἐπικείμενον,
2696 3434 2927 3502 φοϐερὸν
2971 3432 3113 3498 ἄγαν
3169 3435 3262 3485 καὶ
3293 3433 3641 3502 κρημνῶδες,

2056 3518 2149 3566 καὶ
2206 3517 2476 3584 μοναχοὺς
2553 3517 2669 3567 ἐκεῖ
2718 3516 2965 3584 βιοῦντας
3024 3517 3082 3567 ἐν
3133 3519 3263 3578 τοῖς
3315 3517 3638 3585 σπηλαίοις.

2058 3602 2248 3669 Πατὴρ
2283 3603 2340 3654 δέ
2368 3596 2435 3670 ἦν
2467 3619 2551 3664 τις
2574 3602 2755 3654 αὐτῶν
2791 3600 3017 3669 ὀνόματι
3057 3600 3362 3670 Πιτυρίων,
3405 3596 3489 3662 εἷς
3532 3601 3647 3653 τῶν

2061 3686 2317 3754 μαθητῶν
2362 3687 2645 3739 Ἀντωνίου
2671 3687 2960 3755 γένομενος
2985 3701 2999 3716 ο
3035 3687 3127 3737 καὶ
3153 3686 3336 3753 τρίτος
3362 3688 3453 3739 τὸν
3478 3686 3649 3740 τόπον

2056 3770 2262 3821 ἐκεῖνον
2301 3768 2707 3839 διαδεξάμενος,
2737 3769 2794 3831 ὃς
2828 3768 3090 3829 πολλάκις
3139 3769 3233 3821 καὶ
3280 3770 3446 3832 ἄλλας
3483 3769 3644 3823 δυνά-

2061 3869 2182 3922 μεις
2217 3854 2502 3914 ἐπιτελῶν,
2528 3854 2629 3922 τὴν
2659 3852 2769 3905 τῶν
2798 3852 3128 3919 πνευμάτων
3152 3852 3374 3906 ἐλασίαν
3403 3854 3643 3924 ἐνεργῶς

2058 3936 2310 3988 ἐποιεῖτο.
2340 3935 2733 4005 Διαδεξάμενος
2766 3934 2874 4005 γὰρ
2918 3935 3204 3988 ’Λντώνιον
3236 3938 3331 3988 καὶ
3382 3936 3474 3989 τὸν
3514 3937 3648 3989 τού-

2056 4036 2150 4073 του
2191 4019 2443 4091 μαθητὴν
2480 4020 2799 4090 ’Λμμωνᾶν,
2832 4018 3057 4082 εἰκότως
3091 4020 3181 4072 καὶ
3233 4023 3333 4088 τὴν
3382 4020 3640 4089 κληρονο-

2059 4104 2188 4172 μίαν
2218 4103 2327 4156 τῶν
2355 4104 2709 4174 χαρισμάτων
2739 4102 3055 4166 ὑπεδέξατο,
3083 4103 3141 4165 ὃς
3169 4103 3395 4166 πολλοὺς
3426 4104 3525 4173 μὲν
3548 4103 3650 4156 καὶ

2056 4188 2249 4250 ἄλλους
2278 4189 2414 4257 πρὸς
2457 4189 2605 4256 ἡμᾶς
2650 4188 2944 4257 ἐποιήσατο
2982 4188 3191 4253 λόγους.
3237 4188 3311 4240 Οὐ
3346 4190 3453 4257 μὴν
3500 4187 3641 4241 ἀλλά

2055 4273 2151 4325 καὶ
2192 4272 2320 4342 περὶ
2346 4272 2443 4340 τῆς
2476 4272 2582 4324 τῶν
2630 4271 2958 4339 πνευμάτων
3015 4271 3339 4340 διακρίσεως
3398 4271 3634 4340 ἰσχυρῶς

2054 4356 2325 4421 διεδέξατο
2371 4356 2630 4425 δαίμονας
2684 4349 2824 4407 εἷναί
2880 4372 3036 4417 τινας
3088 4356 3213 4417 τοὺς
3266 4357 3376 4416 τοῖς
3406 4355 3634 4407 πάθεσιν

2058 4440 2510 4503 ἀκολουθοῦντας,
2535 4440 2626 4492 καὶ
2658 4441 2726 4491 τά
2761 4438 2905 4507 πάθη
2930 4496 2931 4499 η
2959 4438 3118 4508 ἡμῶν
3154 4437 3416 4499 πολλάκις
3456 4438 3548 4490 ἐπὶ
3575 4437 3639 4491 τὸ

365 4546 462 4598 pou
493 4507 639 4590 τινὸς
697 4531 920 4602 μεγάλῳ
973 4507 1142 4602 τείχει
1178 4507 1502 4592 ’πλινθίνων-
1537 4507 1943 4611 γώχ-υρ-ωμένην,
1971 4507 2024 4565 D
2056 4526 2222 4611 κακὸν
2264 4525 2698 4611 ,διατρέῖτοῖθίταθ
2738 4523 2987 4611 ’Ὃς-τις*
3010 4521 3123 4611 ᾠνν
3169 4515 3213 4573 ὦ
3274 4521 3641 4611 ῖέκΫαῆφησὶ

363 4611 565 4681 χιλίους
607 4615 874 4683 μοναχοὺς
900 4615 1051 4667 ἔνδον
1080 4616 1340 4687 ἔχουσαν.
1377 4619 1502 4692 Εἶχε
1559 4625 1615 4677 δὲ
1660 4626 1806 4679 ἔνδον
1852 4627 1947 4679 καὶ

364 4695 597 4765 φρέατα,
640 4697 733 4748 καὶ
761 4697 1144 4767 παραδείσους,
1180 4704 1275 4755 καὶ
1322 4704 1421 4757 ὅσα
1460 4708 1607 4758 ἐστίν
1648 4710 1943 4776 ἀναγκαῖα,

369 4781 596 4849 μηδενὸς
646 4782 752 4847 ἔξω
806 4786 936 4838 ποτὲ
999 4787 1105 4840 τῶν
1161 4788 1411 4857 μοναχῶν
1461 4790 1736 4855 ἐξιόντων.
1785 4792 1948 4845 Ἀλλά

364 4865 737 4937 πρεσϐύτερος
765 4862 832 4937 ἦν
856 4869 884 4919 ὁ
914 4870 1180 4941 θυρωρὸς,
1230 4873 1433 4941 μηδένα
1481 4876 1782 4944 συγχωρῶν
1811 4876 1949 4940 ἐξιέ-

364 4965 473 5012 ναι,
510 4949 646 5019 μηδέ
675 4952 903 5004 εἰσιέναι
937 4954 1115 5018 ἄλλον,
1155 4955 1294 5025 πλὴν
1324 4957 1377 5009 ετ
1408 4975 1508 5009 που
1558 4975 1643 5020 τις
1695 4959 1948 5013 ἐϐούλετο

364 5031 491 5101 ἄχρι
520 5032 778 5102 τελευτῆς
816 5037 935 5089 ἐκεῖ
962 5039 1301 5107 παραμένειν
1355 5040 1618 5109 μηδαμοῦ
1674 5044 1943 5115 προερχό-

370 5133 525 5183 μενος
554 5133 569 5147 ⁶
605 5118 663 5181 ὃς
693 5118 755 5189 δὴ
790 5120 883 5171 καὶ
912 5121 1048 5191 πρὸς
1073 5121 1164 5174 τὸν
1195 5121 1425 5175 πυλῶνα
1452 5126 1531 5186 εἰς
1564 5127 1757 5195 μικρὸν
1784 5145 1951 5181 κατα-

365 5197 567 5265 γώγιον
600 5202 725 5265 τοὺς
755 5204 1078 5273 ἐρχομένους
1109 5204 1335 5269 ἐξένιζε,
1378 5210 1472 5259 καὶ
1503 5208 1678 5272 διδοὺς
1699 5210 1950 5278 εὐλογίας

368 5282 511 5349 πρωϊ
542 5285 600 5335 ἐν
645 5287 838 5360 εἰρήνῃ
881 5289 1228 5357 προέπεμπε.
1264 5290 1366 5341 Δύο
1395 5291 1450 5345 δέ
1492 5291 1552 5356 ἐξ
1600 5293 1779 5345 αὐτῶν
1811 5310 1949 5364 πρε-

372 5366 621 5436 σ’ϐύτεροι
662 5369 821 5437 μόνον
868 5372 936 5423 τά
963 5371 1099 5441 ἔργα
1127 5372 1234 5425 τῶν
1286 5375 1551 5444 ἀδελφῶν
1622 5377 1951 5441 διοικοῦντες

368 5446 601 5513 ἐξίεσαν,
639 5452 734 5503 καὶ
785 5453 885 5515 τὰς
929 5455 1233 5522 ἀναγκαίας
1288 5458 1472 5521 αὐτοῖς
1509 5459 1699 5528 χρείας
1748 5462 1952 5514 ἀπεκό-

370 5530 805 5618 μιζονῃ.,”Ελεγεν
835 5537 888 5589 δὲ
922 5540 1059 5618 ,ἡμῖν
1103 5541 1233 5618 δ’τῷ
1264 5542 1469 5594 πυλῶνι
1524 5546 1950 5616 προσκαρτερῶν

371 5603 761 5675 πρεσϐύτερος,
791 5603 1065 5671 τοιούτους
1104 5603 1243 5665 εἶναι
1274 5614 1398 5674 τοὺς
1450 5603 1605 5666 ἔνδον
1635 5603 1853 5681 ἁγίους,
1877 5617 1951 5679 ὡς

367 5682 625 5738 δύνασθαι
677 5689 885 5751 πάντας
937 5694 1138 5761 σημεῖα
1184 5695 1471 5760 ἐπιτελεῖν,
1511 5697 1606 5748 καὶ
1640 5698 1844 5766 μηδένα
1891 5698 1951 5765 ἐξ

368 5770 547 5823 αὐτῶν
592 5776 962 5843 προεμπεσεῖν
1002 5778 1081 5840 είς
1126 5780 1280 5835 νόσον
1341 5780 1446 5851 πρὸ
1504 5781 1603 5852 τῆς
1654 5782 1946 5853 τελευτῆς·

2050 4610 2186 4681 πρὸς
2248 4610 2420 4678 ἡμᾶς,
2478 4607 2729 4677 βούλεται
2781 4606 2906 4667 τοὺς
2964 4605 3223 4674 δαίμονας
3286 4606 3638 4667 ἀπελαύνειν,

2051 4695 2315 4764 πρότερον
2355 4691 2425 4746 τά
2452 4690 2603 4763 πάθη
2632 4690 2896 4760 δουλώσῃ.
2952 4683 3026 4743 Οῧ
3059 4689 3168 4759 γάρ
3202 4689 3267 4741 ἂν
3307 4689 3511 4753 πάθους
3548 4707 3632 4752 τις

2053 4778 2431 4846 περιγένηται,
2474 4774 2663 4827 τούτου
2716 4774 2811 4826 καὶ
2858 4771 2948 4824 τὸν
3010 4772 3240 4841 δαίμονα
3295 4773 3635 4825 ἀπελαύνει*

2052 4860 2146 4913 καὶ
2168 4862 2248 4913 δεῖ
2277 4860 2418 4913 κατά
2449 4859 2642 4930 μικρὸν
2679 4858 2822 4925 ὑμᾶς
2874 4855 3145 4908 δουλῶσαι
3200 4858 3266 4911 τά
3324 4859 3492 4928 πάθη,
3546 4857 3633 4909 ἵνα

2052 4945 2257 4999 τούτων
2285 4945 2410 5007 τοὺς
2468 4943 2729 5012 δαίμονας
2768 4940 2907 4992 ἁπελ
2924 4941 3115 5010 άσητε.
3152 4942 3382 4995 Ἕπεται
3421 4942 3635 5013 δαίμων

2050 5032 2115 5099 τῇ
2149 5026 2582 5099 γαστριμαργίᾳ.
2622 5025 2746 5077 Ἐὰν
2785 5025 2875 5077 οὖν
2900 5023 2999 5090 τῆς
3029 5026 3468 5095 γαστριμαργίας
3498 5044 3637 5096 κρα-

2053 5116 2278 5183 τήσητε,
2303 5110 2636 5165 ἀπελαύνετε
2691 5110 2896 5181 ταύτης
2943 5112 3045 5164 τὸν
3099 5111 3352 5180 δαίμονα.
3406 5111 3633 5164 Ἦσθιεν

2053 5198 2109 5249 δέ
2141 5198 2168 5248 ὁ
2191 5195 2329 5265 ἀνὴρ
2344 5196 2441 5264 τῆς
2470 5192 2763 5262 ἑϐδομάδος
2785 5194 3073 5264 δεύτερον,
3093 5195 3148 5247 ἐν
3178 5213 3237 5247 τε
3261 5198 3324 5265 τῇ
3356 5196 3633 5265 Κυριακῇ,

2054 5282 2149 5335 καὶ
2178 5283 2244 5350 τῇ
2298 5280 2544 5348 πέμπτῃ,
2595 5277 2778 5345 ζωμὸν
2832 5278 3099 5345 ἀλεύρου,
3158 5280 3388 5349 μηδενὸς
3440 5280 3635 5348 ἐτέρου

2058 5366 2497 5435 μεταλαμϐάνειν
2548 5362 2867 5430 δυνάμενος,
2911 5364 3001 5417 διὰ
3048 5363 3110 5416 τὸ
3166 5363 3262 5435 τὴν
3316 5363 3427 5429 ἕξιν
3466 5363 3635 5419 αὑτοῦ

2056 5450 2115 5505 οὗ
2126 5469 2197 5503 τω
2224 5449 2617 5503 τετυπωκέναι.

2646 5532 2897 5586 ΚΕΦΑΛ.
2926 5533 3045 5585 OE'.

2299 5616 2436 5683 Περὶ
2473 5614 2622 5672 ἀϐϐᾶ
2661 5618 2958 5686 Ενὺλογίου
2998 5616 3429 5684 πρεσϐυτέρου.

2132 5701 2344 5769 Ἴδομεν
2372 5700 2428 5753 δὲ
2470 5703 2565 5753 καὶ
2611 5701 2769 5754 ἄλλον
2804 5718 2903 5772 πρε
2929 5701 3191 5771 σϐύτερον
3236 5702 3496 5768 Εύλόγιον
3526 5700 3634 5750 όνό-

2060 5802 2209 5857 ματι,
2230 5783 2285 5847 ὃς
2318 5785 2373 5837 ἐν
2396 5782 2475 5851 τῷ
2501 5784 2830 5855 προσφέρειν
2849 5785 2923 5856 τῷ
2946 5784 3064 5856 Θεῷ
3082 5787 3145 5838 τά
3163 5783 3330 5857 δῶρα,
3366 5781 3633 5851 τοσαύτην
