4028 6436
398 367 530 432 1179

1861 347 2215 407 PALLADII

3529 342 3668 410 1180

397 483 558 551 χάριν
580 477 882 548 ἐλάμϐανεν
909 473 1186 545 γνώσεως,
1213 473 1287 534 ὡς
1338 467 1568 522 ἐκάστου
1605 462 1715 551 τῶν
1741 473 1981 551 προσερ-
2010 457 2062 514 Α
2085 453 2180 551 τεῦ
2206 457 2519 551 πνεύματος
2543 459 2714 551 αὐτὴν
2747 459 3149 530 συντρίϐοντος.
3202 456 3672 529 Δαιμονιζομένης

394 539 640 634 Ξομένων
672 539 932 629 μοναχῶν
981 559 1077 620 τὰς
1110 554 1338 625 γνώμας
1370 551 1592 604 εἰδέναι.
1647 539 1816 634 Οὗτος
1853 541 1981 634 ἰδὼν

396 623 686 708 πολλάκις-
714 623 1006 712 μέλλοντας
1054 623 1324 710 μοναχοῦς
1368 650 1521 694 τινας
1566 627 1854 698 προσιέναι

397 709 790 799 θυσιαστηρίῳ,
824 724 1068 794 ἐπισχὼν
1093 721 1314 783 αὐτούς,
1349 719 1524 785 ἐλεγε-
1551 712 1676 776 Πῶς
1713 709 1983 799 κατατολ-

401 816 538 885 prin
589 793 701 875 τοῖς
740 793 928 879 *ἁγίοις
961 793 1297 878 προσελθεῖν
1347 800 1690 885 μυστηρίοις,
1739 793 1986 885 πονηράς

397 877 496 960 τὰς
517 896 758 959 διανοίας
795 877 1052 964 ἐχοντεςγς
1101 891 1194 944 καί
1232 889 1296 942 σὺ
1366 887 1464 955 μέν
1517 877 1986 964 ἐλογίσωῌταύτῃ

398 981 498 1050 τήν
527 979 750 1050 ἀπρεπῆ
780 961 879 1048 τῆς
914 976 1170 1046 πορνείας
1213 971 1534 1040 ἐνθύμησιν.
1574 967 1633 1018 '0
1669 964 1737 1050 66
1773 961 1985 1050 ἕτερος,

402 1044 589 1133 φησὶν,
610 1044 903 1130 ’ἐλογίσατο
935 1044 1084 1131 ἐνντῇ
1122 1055 1319 1111 ἐαυτοῦ
1354 1052 1566 1122 διανοίᾳ
1592 1049 1746 1102 οὐδὲν
1793 1044 1982 1133 διαφέῖ

406 1126 518 1216 ῥείν
541 1147 640 1200 κᾶν
663 1126 984 1216 ἁμαρτωλὸν
1013 1126 1117 1197 κέν
1172 1143 1384 1196 δίκαιον
1425 1132 1749 1216 προσελθεῖν
1786 1132 1861 1216 *τῇ
1893 1126 1988 1180 τοῦ

402 1214 538 1284 Θεοῦ
562 1214 870 1301 χάριτιξὈ
906 1230 963 1282 δὲ
994 1229 1156 1290 ἄλλος
1198 1221 1453 1295 διεκρίθη
1503 1218 1641 1290 πρὸς
1683 1215 1746 1268 1:6
1780 1214 1988 1301 δῶρον·

405 1291 804 1384 ’Λρανάγιάσει
845 1331 912 1383 με
962 1291 1367 1382 προσελθόντα;
1407 1301 1834 1372 Ὑποχωρήσατε
1899 1291 1994 1384 οῦν

409 1383 601 1468 μικρὸν
626 1398 734 1451 τῶν
763 1397 934 1465 ἁγίων
983 1393 1322 1466 μυστηρίων,
1359 1390 1455 1466 καὶ
1509 1386 1880 1457 μετανοήσατε
1930 1383 1995 1434 ἐκ

402 1465 605 1552 ψυχῆς,
634 1482 720 1535 ἵνα
740 1481 936 1552 ἄφεσις
975 1465 1103 1550 ύμῖν
1150 1465 1379 1546 γένηται
1420 1471 1527 1525 τῶν
1563 1467 1869 1552 ἁμαρτιῶν,
1900 1465 1996 1552 καί

404 1548 802 1636 ἄξιοινγένησθε
831 1566 931 1634 τῆς
971 1548 1067 1616 τοῦ
1117 1558 1358 1633 Χριστοῦ
1407 1553 1716 1614 κοινωνίας.
1751 1551 1882 1636 Ἐάν
1939 1548 1997 1600 δὲ

408 1651 483 1721 μὴ
515 1633 729 1720 πρῶτον
757 1649 856 1713 τὰς
889 1633 1226 1716 ἐνθυμήσεις
1257 1641 1559 1710 καθάρητε,
1613 1636 1674 1721 ού
1705 1633 1779 1706 μὴ
1831 1633 1997 1704 δυνή-

408 1720 568 1787 σεσθε
599 1733 924 1804 προσελθεῖν
951 1733 1016 1801 τῇ
1057 1731 1242 1800 χάριτι
1271 1724 1367 1779 τοῦ
1399 1720 1660 1793 Χριστοῦ.

977 1827 1232 1883 ΚΕΦΑΛ.
1266 1826 1405 1891 οςῖν.

513 1919 652 1986 Περὶ
690 1915 840 1972 ἀσϐᾶ,
876 1914 1255 1982 Σεραπίων-ος
1281 1907 1388 1963 τοῦ
1431 1903 1867 1974 πρεσϐυτέρου.

481 2015 693 2084 Ἰδομεν
712 2013 769 2066 δὲ
799 2013 856 2065 ἐν
881 2012 994 2073 τοῖς
1019 2007 1216 2079 μέρεσι
1248 2004 1340 2059 τοῦ
1381 2001 1725 2075 ’Λρσενοΐτου
1757 1996 1999 2084 πρεσϐύ-

406 2098 565 2168 τερόν
597 2077 746 2161 τινα,
795 2077 1030 2165 ὀνόματι
1075 2077 1424 2160 Σεραπίωνα,
1493 2085 1712 2168 πατέρα
1784 2077 2000 2168 πολλῶν

413 2166 814 2251 μοναστηρίων,
861 2178 956 2231 καί
999 2174 1307 2247 ἡγούμενον
1364 2170 1569 2239 πολλῆς
1604 2166 1998 2251 ἀδελφότητος,

411 2248 486 2328 ώς
523 2248 946 2336 μιᾶς-μυριάδος
969 2260 1142 2313 ὅντων
1167 2257 1257 2312 τὸν
1280 2254 1542 2326 ἀριθμόν·
1569 2251 1774 2322 πολλήν
1805 2267 1866 2336 τε
1912 2248 2002 2302 διὰ

411 2335 915 2420 τῆςγάδελφότητος
979 2342 1309 2398 ἐκτελοῦντα
1362 2336 1721 2407 οἰκονομίαν,
1783 2335 2004 2388 πάντων

412 2417 549 2505 ὁμοῦ
575 2435 634 2486 ἐν
666 2431 842 2503 καιρῷ
870 2425 1134 2500 θερισμοῦ
1162 2422 1606 2494 συγκομιζόντων
1632 2420 1759 2482 τοὺς
1790 2417 2006 2470 ἐαυτῶν

414 2503 663 2589 καρποὺς
684 2517 823 2588 πρὸς
851 2515 1038 2577 αὑτὸν,
1089 2511 1182 2574 οὓς
1229 2509 1323 2562 ἐπὶ
1362 2505 1539 2578 μισθῷ
1579 2505 1774 2574 θέρους
1818 2503 2006 2572 ἐκομί-

423 2604 582 2668 ζοντο
625 2602 858 2663 ἕκαστος
889 2596 1230 2658 ἐνιαυσιαίας
1265 2593 1414 2646 σίτου
1450 2589 1697 2662 ἀρτάϐας
1749 2589 2005 2654 δεκαδύο,

416 2687 492 2749 ὼς
519 2685 932 2757 τεσσαράκοντα
978 2681 1107 2743 τοὺς
1148 2675 1281 2748 παρ’
1329 2677 1464 2746 ἡμῖν
1513 2671 2008 2757 μοδίου-ςλλεγομές

415 2784 576 2834 νους·
623 2755 718 2822 καί
767 2766 944 2820 ταῦτα
994 2767 1076 2828 εἰς
1105 2760 1385 2816 διακονίαν
1419 2756 1654 2826 πτωχῶν
1692 2755 1762 2808 δι’
1813 2755 2006 2810 ἐαυτοῦ

424 2850 793 2923 χορηγοῦντα,
827 2849 902 2912 ὼς
937 2847 1138 2918 μηδένα
1167 2843 1430 2898 πένεσθαι
1452 2840 1639 2893 λοιπὸν
1661 2841 1718 2892 ἐν
1748 2841 1815 2910 τῇ
1847 2857 2006 2910 περι-

421 2936 607 3006 χώρῳ,
677 2935 819 2988 ἀλλά
865 2931 962 2985 καὶ
1010 2932 1125 2994 τοῖς
1175 2931 1256 2990 εἰς
1317 2923 1730 2994 Ἀλεξάνδρειαν
1773 2925 2009 2994 πτωχοῖς

421 3017 852 3089 διαπέμπεσθαι.
878 3016 951 3069 Οὐ
995 3015 1101 3084 μὴν
1134 3012 1256 3065 ούδέ
1308 3011 1358 3062 οί
1398 3008 1804 3079 προῤῥηθέντες
1835 3008 2010 3061 Πατέ-

428 3121 541 3173 ρες,
573 3103 714 3157 κατὰ
741 3103 922 3154 πᾶσαν
944 3101 1044 3165 τὴν
1077 3095 1354 3164 Αἴγυπτον
1377 3093 1665 3162 ἠμέλησάν
1713 3108 1846 3144 ποτε
1879 3090 2011 3144 ταύ-

2087 535 2183 592 οῦν
2211 543 2312 610 τῆς
2339 543 2621 610 γυναικὸς,
2647 546 2676 596 6
2709 545 2849 613 ἀνὴρ
2877 543 3083 612 ταύτης
3140 542 3367 612 ἐπέστη,
3397 541 3493 594 καί
3527 557 3675 612 παρ-

2088 624 2275 676 εκάλει
2327 626 2420 678 τὸν
2465 627 2622 694 ἀγιον
2661 627 3034 680 Ποσειδώνιον
3081 626 3176 678 τοῦ
3237 619 3670 695 παραγενέσθαι.

2090 707 2457 763 Εἰσελθόντων
2478 711 2572 764 οῦν
2597 711 2759 780 ἡμῶν
2787 710 2905 780 ἃμα
2923 709 3200 774 εῦξασθαι,
3227 710 3357 773 στὰς
3375 711 3469 762 καὶ
3497 725 3674 779 προσ-

2089 789 2390 861 ευξάμενος
2435 796 2576 864 μετά
2617 795 2878 862 δευτέραν
2913 795 3266 864 γονυκλισίαν
3313 792 3566 859 ἐξέϐαλεν
3611 793 3676 845 1:6

2090 874 2335 944 πνεῦμα.
2372 877 2508 932 Τότε
2538 879 2779 941 ἀναστὰς
2807 879 2959 946 λέγει
2991 879 3143 948 ἡμῖν·
3199 876 3463 943 Εὕξασθε,
3501 892 3677 944 παρα-

2092 957 2265 1022 καλῶ,
2323 959 2472 1031 ἄρτι.
2537 963 2660 1026 Ὧς,
2691 965 2801 1033 γὰρ
2872 962 3160 1016 ἐλαύνεται
3224 961 3287 1014 τὸ
3359 959 3679 1030 ἀκάθαρτον

2093 1044 2335 1113 πνεῦμα,
2367 1047 2595 1115 σημεῖον
2627 1047 2762 1114 ἡμῖν
2797 1045 2913 1116 ἔχει
2953 1064 3006 1098 τι
3045 1044 3310 1114 ὑπάρξαι,
3343 1045 3432 1096 ἵνα
3469 1043 3675 1113 πληρο-

2095 1128 2424 1198 φορηθῶμεν
2449 1130 2530 1182 ὅτι
2578 1130 2739 1184 τοῦτο
2783 1131 2954 1194 οὕτως
2989 1130 3125 1200 ἔχει.
3159 1131 3268 1183 Kal
3323 1127 3484 1192 εὐθὺς
3526 1126 3684 1195 ἐξερ-

2095 1211 2328 1280 χόμενος
2375 1213 2404 1264 6
2440 1211 2654 1281 δαίμων
2705 1213 2815 1265 ἀπὸ
2854 1211 3123 1280 θεμελίων
3179 1212 3300 1264 ὅλον
3358 1209 3453 1262 τὸν
3499 1211 3684 1278 τοῖχον

2095 1295 2194 1361 τῆς
2249 1294 2418 1364 αὐλῆς
2457 1295 2650 1348 ἔϐαλεν
2701 1296 2873 1350 κάτω.
2902 1291 3008 1348 Ἦν
3050 1296 3109 1348 δὲ
3165 1294 3324 1346 τοῦτο
3349 1294 3408 1345 τὸ
3456 1291 3684 1361 γύναιον

2098 1375 2349 1440 ἑξαετίαν
2383 1376 2457 1447 μὴ
2487 1377 2752 1445 λαλῆσαν.
2789 1379 2944 1430 Μετά
2967 1378 3022 1431 δὲ
3057 1379 3118 1430 1:6
3165 1376 3407 1442 ἐξελθεῖν
3434 1378 3528 1430 τὸν
3563 1375 3685 1429 δαί.-

2103 1475 2263 1530 μονα,
2295 1459 2482 1513 ἔτεκεν
2512 1459 2573 1514 τὸ
2600 1460 2840 1528 γύναιον,
2866 1463 2962 1515 καὶ
2992 1462 3245 1532 ἐλάλησε.

2680 1543 2931 1598 ΚΕΦΑΛ.
2970 1544 3096 1597 οΗ’.

2613 1626 2752 1695 Περὶ
2796 1627 3170 1696 Ἱερωνύμου.

2174 1710 2380 1765 Τούτου
2414 1710 2506 1764 τοῦ
2531 1711 2745 1782 ἀνδρὸς,
2767 1709 2908 1778 λέγω
2935 1710 3020 1781 δή,
3047 1710 3401 1764 Ποσειδωνίου
3447 1711 3543 1764 τοῦ
3569 1712 3686 1763 ἀοι-

2023 1825 2072 1885 Β
2103 1795 2282 1866 δίμου,
2461 1794 2802 1885 προφητείαν
2833 1795 3003 1862 ἔγνων
3027 1794 3158 1863 ἐγώ.
3207 1794 3533 1864 Ἱερώνυμος
3577 1795 3687 1863 γάρ

2102 1895 2188 1942 τις
2213 1877 2587 1949 πρεσϐύτερος
2618 1876 2753 1949 ᾤκει
2780 1879 2860 1941 είς
2893 1879 3016 1941 τοὺς
3034 1879 3236 1941 τόπους
3265 1878 3528 1943 ἐκείνους,
3558 1879 3690 1946 ἀρε-

2101 1967 2167 2032 τῇ
2199 1963 2376 2031 λόγων
2407 1963 2732 2034 Ῥωμαϊκῶν
2761 1963 2930 2033 πολλῇ
2951 1963 3386 2034 κεκοσμημένος,
3405 1963 3500 2016 καὶ
3529 1962 3692 2032 ἰκανῇ

2105 2049 2324 2118 εὐφυΐᾳ.
2363 2047 2646 2116 Τοσαύτην
2677 2047 2734 2100 δέ
2765 2046 2924 2117 ἔσχεν
2947 2046 3274 2116 βασκανίαν,
3321 2048 3397 2111 ὼς
3427 2047 3533 2100 ὑπὸ
3557 2048 3688 2100 ταύ-

2104 2147 2205 2201 της
2246 2130 2619 2184 καλύπτεσθαι
2651 2131 2761 2184 τῶν
2804 2129 2977 2198 λόγων
3022 2129 3122 2202 τὴν
3147 2131 3371 2201 ἀρετήν.
3409 2131 3698 2202 Συγχρονί·

2108 2232 2208 2279 σας
2235 2211 2329 2268 οὖν
2362 2214 2536 2285 τούτῳ
2565 2214 2593 2266 6
2619 2215 2773 2283 ἃγιος
2797 2213 3151 2277 Ποσειδώνιος
3199 2215 3413 2285 ἡμέρας
3454 2215 3698 2280 πλείους,

2107 2297 2258 2368 λέγει
2287 2315 2380 2370 μοι
2416 2297 2552 2368 πρὸς
2574 2297 2638 2351 τὸ
2658 2293 2774 2361 οὖς.

2705 2380 2958 2437 ΚΕΦΑΔ.
2989 2381 3110 2437 08'.

2669 2465 2809 2533 Περὶ
2848 2465 3113 2532 Παύλης.

2183 2549 2309 2603 Ὀτι
2337 2548 2371 2619 ἡ
2404 2549 2504 2619 μὲν
2532 2546 2796 2619 ἐλευθέρα
2823 2545 3031 2611 Παῦλα,
3058 2549 3091 2616 ή
3112 2545 3476 2616 φροντίζουσα
3509 2547 3698 2611 αὑτοῦ.

2111 2631 2560 2703 προτελευτήσει,
2595 2631 2977 2699 ἀπαλλαγεῖσα
3021 2630 3185 2683 αὑτοῦ
3223 2631 3322 2700 τῆς
3351 2631 3654 2699 βασκανία,
3684 2671 3700 2690 ,

2110 2717 2186 2778 ὡς
2208 2711 2385 2787 οἶμαι.
2436 2715 2613 2786 Χάριν
2660 2713 2719 2767 δέ
2747 2713 2942 2767 τούτου
2987 2713 3083 2767 τοῦ
3118 2713 3310 2785 ἀνδρὸς
3337 2715 3397 2767 οὐ
3431 2714 3506 2785 μὴ
3547 2714 3704 2784 ἆγιος

2111 2799 2251 2870 ἀνὴρ
2289 2801 2369 2862 εἰς
2407 2797 2534 2860 τοὺς
2575 2797 2776 2860 τόπους
2809 2798 3042 2866 οἰκήσει,
3072 2797 3208 2851 ἀλλά
3245 2796 3444 2865 φθάσει
3473 2798 3641 2852 αὑτοῦ
3674 2801 3705 2851 6

2113 2884 2308 2954 φθόνος
2340 2881 2436 2936 καὶ
2459 2883 2622 2954 μέχρι
2649 2881 2744 2936 τοῦ
2775 2881 2904 2936 ἰδίου
2927 2880 3180 2950 ἀδελφοῦ.
3225 2881 3314 2934 Ἐν
3341 2875 3424 2944 οἷς
3456 2883 3554 2934 καὶ
3579 2899 3710 2936 συν·

2113 2969 2212 3040 έ6η
2243 2968 2306 3022 τὸ
2344 2968 2576 3039 πρᾶγμα
2589 3004 2606 3020 .

2728 3035 2980 3090 ΚΕΦΑΔ.
3016 3033 3100 3090 Π’.

2578 3120 2720 3191 Περὶ
2759 3120 3244 3189 Ὄξυπερεντίου.

422 3205 525 3280 της
551 3186 650 3256 τῆς
679 3185 1024 3280 διοικήξῖεωςρ
1058 3179 1174 3280 fax
2039 3185 2086 3245 (ἶ
2191 3208 2303 3262 Καὶ
2323 3205 2433 3280 γὰρ
2483 3173 3166 3275 καί-’ὄξυπερέντιῦντδν
3194 3173 3485 3278 μακάριον
3505 3207 3715 3279 ἤλασεν

426 3270 659 3338 φότητος
712 3265 889 3336 μεστά
954 3264 1118 3316 πλοῖα
1192 3261 1344 3313 σίτου
1401 3259 1497 3311 καὶ
1553 3257 1881 3328 ἀμφιάσεως
1933 3258 2015 3320 εἰς

438 3351 850 3422 Ἀλεξάνδρειαν
894 3350 1007 3410 τοῖς
1059 3345 1300 3414 πτωχοῖς
1351 3341 1770 3406 ἀποστέλλουσι,
1819 3339 1909 3394 διὰ
1953 3339 2016 3392 τὸ

430 3437 690 3500 σπανίους
718 3431 857 3490 εἶναι
888 3430 1018 3503 παρ’
1044 3430 1227 3492 αὐτοῖς
1253 3428 1379 3489 τοὺς
1401 3425 1594 3497 χρείαν
1625 3424 1872 3496 ἔχοντας.

1011 3520 1267 3576 ΚΕΦΛΛ.
1325 3521 1448 3574 OZ'.

908 3615 1048 3683 Περί
1077 3610 1507 3668 Ποσειδωνίου.

503 3712 586 3765 Τὰ
619 3709 761 3765 κατά
784 3706 1139 3762 Ποσειδώνιον
1164 3706 1255 3758 τὸν
1276 3703 1515 3772 Θηϐαῖον
1557 3703 1728 3774 ἄνδρα
1776 3700 2018 3772 δοκιμώ-

432 3813 592 3850 τατον
624 3796 719 3848 καί
742 3789 1245 3864 καρτερικώτατον,
1281 3786 1450 3838 πολλά
1475 3786 1575 3855 μὲν
1603 3786 1699 3839 καὶ
1725 3786 2017 3856 ἀδιήγητα,

433 3879 553 3943 πῶς
607 3895 668 3932 τε
725 3871 794 3947 ἦν
825 3877 1020 3946 πρᾶος,
1077 3873 1170 3927 καὶ
1215 3873 1365 3933 ὅπως
1411 3870 1886 3942 ἀσκητικώτατοτ,
1925 3873 2023 3926 καὶ

436 3969 610 4037 πόσην
640 3960 765 4015 τινὰ
791 3961 850 4012 ἐν
875 3955 1050 4025 ἐαυτῷ
1073 3951 1218 4025 εἶχεν
1251 3955 1352 4025 τὴν
1385 3955 1642 4020 ἀκακίαν,
1678 3955 1780 4006 οὐκ
1817 3951 1934 4006 οἶδα
1974 3955 2024 4007 εἰ

440 4036 818 4114 συντετύχηκά
841 4058 946 4094 τινι
974 4038 1219 4093 πώποτε.
1249 4037 1530 4107 Συνέζησσι
1565 4040 1675 4108 γάρ
1709 4036 1819 4105 ἐγὼ
1847 4037 2022 4108 τούτῳ

440 4137 533 4189 ἐπὶ
567 4133 686 4194 ἔτος
707 4129 765 4182 ἓν
795 4130 853 4180 ἐν
883 4123 1153 4194 Βηθλεέμ.
1182 4123 1419 4192 ὁπηνίκα
1439 4119 1733 4185 ἐκαθέζετο
1765 4120 2027 4175 ἐπέκεινα

437 4217 533 4272 τοῦ
559 4211 873 4284 Ποιμενίου.
911 4208 1021 4262 Kal
1055 4204 1258 4268 πολλὰς
1303 4204 1494 4258 τούτου
1542 4204 1762 4258 κατίδον
1802 4204 2026 4274 ἀρετὰς,

441 4305 502 4356 ἐν
537 4297 619 4363 οἷς
649 4316 738 4369 μοι
772 4298 830 4348 ἐν
864 4293 966 4364 μιᾷ
1004 4290 1112 4344 τῶν
1143 4288 1371 4360 ἡμερῶν
1406 4288 1569 4352 αὐτὸς
1623 4289 1888 4359 διηγεῖτο,
1917 4289 2028 4340 ὅτι-

443 4403 549 4457 περ
607 4385 702 4445 Εἰς
735 4381 828 4433 τὸν
877 4374 1231 4446 Πορφυρίτην
1283 4373 1450 4457 τύπον
1479 4372 1714 4457 οἰκήσας
1770 4370 1890 4434 ἔτος
1945 4370 2028 4433 ἓν,

443 4453 717 4538 ἀνθρώπῳ
735 4465 794 4516 οὐ
818 4461 1189 4527 συντετύχηκα
1217 4457 1276 4509 ἐν
1301 4456 1408 4526 ὅλῳ
1434 4456 1511 4524 τῷ
1531 4454 1665 4517 ἔτει,
1691 4455 1792 4524 οὐχ
1814 4453 2031 4524 ὁμιλίας

446 4554 680 4623 ἀκήκοα,
709 4549 809 4601 οὐκ
839 4547 1007 4616 ἄρτου
1041 4543 1292 4614 ἡψάμην,
1325 4539 1442 4594 ἀλλ’
1482 4539 1515 4610 ἢ
1570 4539 1801 4623 βραχέσι
1852 4555 2030 4608 φοινι-

447 4617 586 4700 κίοις
619 4632 954 4702 διεγινόμην,
984 4629 1080 4682 καί
1109 4625 1265 4678 εἵπου
1302 4624 1535 4695 βοτάνας
1579 4617 1749 4694 ηὗρον
1794 4623 1995 4693 ἀγρίας
2019 4639 2033 4654 ·

448 4724 505 4774 ἐν
525 4715 606 4782 οἷς
623 4733 753 4770 ποτε
783 4712 1115 4766 ἐκλιπόντων
1161 4726 1263 4779 μου
1299 4707 1407 4760 τῶν
1439 4707 1771 4776 βρωμάτων,
1807 4705 2034 4775 ἐξῆλθον

448 4805 542 4860 τοῦ
579 4799 847 4870 σπηλαίου
886 4797 1062 4850 ἐλθεῖν
1091 4799 1170 4856 εἰς
1199 4793 1298 4864 τὴν
1329 4791 1681 4861 οἰκουμένην.
1733 4791 1840 4843 Kal
1875 4808 2037 4860 περι-

452 4890 703 4958 πατήσας
754 4885 842 4938 διά
903 4881 1085 4951 πάσης
1139 4879 1240 4949 τῆς
1301 4877 1546 4947 ἡμέρας,
1590 4875 1746 4945 μόλις
1795 4876 2037 4945 ἀπέσχον

362 4961 365 4964 ”
450 4971 547 5026 τοῦ
574 4969 841 5040 σπηλαίου
902 4965 1058 5036 μίλια
1112 4963 1228 5015 δύο.
1281 4958 1769 5030 Περιϐλεψάμενος
1821 4959 1877 5012 δὲ
1922 4959 2034 5030 ὁρῶ

455 5058 626 5112 ἰππέα
659 5049 989 5124 στρατιώτου
1025 5048 1220 5118 ἔχοντα
1251 5044 1461 5114 σχῆμα,
1480 5043 1810 5113 τιαροφόρον
1836 5043 2039 5112 κράνος

453 5142 547 5196 ἐπί⁷
573 5139 673 5208 τῆς
702 5133 946 5204 κεφαλῆς
1009 5131 1223 5202 ἔχοντα.
1285 5129 1399 5181 Kal
1449 5127 1835 5197 προσδοκήσας
1876 5128 2040 5180 αὐτὸν

455 5222 596 5279 εἶναι
629 5220 992 5293 στρατιώτην,
1026 5216 1264 5286 ὥρμησα
1292 5211 1455 5266 πάλιν
1483 5211 1588 5274 ἕως
1614 5211 1708 5263 τοῦ
1747 5211 2037 5279 σπηλαίου.

456 5309 570 5364 Kal
600 5304 879 5368 εἰσελθὼν,
913 5296 1072 5372 εὗρον
1095 5297 1398 5370 κάρταλλον
1428 5296 1717 5364 σταφυλῶν
1744 5295 1838 5348 καὶ
1864 5295 2042 5347 συκῶν

456 5391 806 5462 νεοτμήτωνο
866 5387 903 5441 ἀ
958 5383 1164 5448 λαϐὼν,
1235 5383 1333 5435 καί
1373 5379 1684 5451 περιχαρὴς
1732 5379 2040 5448 γενόμενος

461 5475 718 5530 εἰσελθὼν
758 5475 815 5526 ἐν
861 5470 940 5541 τῷ
986 5467 1240 5538 σπηλαίῳ
1270 5466 1528 5534 ἐνοίκησα
1562 5465 1656 5516 ἐπὶ
1694 5462 1871 5533 μῆνας
1927 5464 2042 5526 δύο,

461 5559 602 5628 ἕῃον
643 5558 713 5610 τὰ
748 5555 1012 5626 βρώματα
1052 5553 1237 5606 ἐκεῖνα
1289 5547 1698 5620 παραμύθημα.
1763 5547 1935 5599 Τοῦτο
1991 5547 2046 5600 δέ

465 5643 766 5713 πεποίηκεν
803 5641 990 5710 θαῦμα
1043 5641 1102 5692 ἐν
1159 5635 1409 5705 Βηθλεέμ
1449 5635 1478 5685 ὁ
1515 5632 1820 5702 θαυμάσιος
1865 5632 2050 5684 Ποσει-

465 5725 673 5787 δώνιος·
707 5725 849 5792 Γυνή
882 5741 966 5787 τις
1006 5720 1266 5790 ἐγκύμων
1292 5713 1438 5789 εἶχεν
1464 5715 1681 5786 πνεῦμα
1709 5715 2044 5785 ἀκάθαρτον,

468 5809 560 5860 καὶ
597 5810 652 5861 ἐν
688 5807 836 5877 αὑτῷ
869 5805 947 5876 τῷ
989 5805 1204 5877 μέλλειν
1256 5802 1462 5856 τίκτειν
1516 5801 1688 5872 αὐτὴν
1737 5798 2041 5867 ἐδυστόκει,

2118 3285 2274 3355 οὗτος
2300 3290 2454 3344 ἐνθεν
2489 3291 2581 3345 τὸν
2606 3289 2836 3344 Ἰταλόν.

2703 3382 2959 3438 ΚΕΦΑΛ.
2998 3383 3127 3438 ΠΝ.

2714 3467 2856 3535 Περί
2887 3465 3141 3536 Πέτρου.

2195 3563 2304 3618 Kal
2325 3562 2533 3633 Πέτρον
2556 3559 2719 3616 ἄλλον
2746 3559 2866 3614 τινὰ
2892 3559 3215 3628 Αἰγύπτιον.

2708 3656 2959 3711 ΚΕΦΑΛ.
2999 3657 3124 3710 ΠΒ’.

2688 3741 2830 3811 Περί
2857 3740 3196 3811 Συμεῶνος.
3301 3804 3316 3812 ί

2195 3832 2308 3886 Kal
2345 3829 2632 3901 Συμεῶνα,
2662 3827 3002 3898 θαυμασίους
3034 3828 3260 3898 ἄνδρας,
3295 3827 3396 3894 οὓς
3431 3829 3572 3895 τέως
3601 3831 3715 3901 ἐγὼ

2126 3915 2589 3987 ἐπεσημηνάμην.
2617 3905 2788 3973 Οὗτός
2818 3929 2908 3981 μοι
2955 3911 3196 3981 διηγεῖτο
3239 3913 3714 3984 ἐγκρατικιῖωτος

2125 4004 2226 4066 τῆς
2253 3999 2458 4070 ἀρετῆς
2484 3999 2729 4069 ἀσκητὴς
2767 3995 3145 4061 Ποσειδώνιος,
3195 3996 3272 4060 ὡς
3300 3995 3470 4068 ἄρτου
3511 4001 3718 4071 πεῖραν

2133 4085 2208 4157 μὴ
2234 4086 2374 4155 έχων
2394 4083 2503 4137 ἀπὸ
2526 4078 2970 4151 τεσσαρακοστοῦ
3000 4079 3156 4143 ἔτους
3176 4095 3190 4110 ο
3215 4079 3355 4151 μήτε
3379 4080 3488 4153 μὴν
3509 4100 3722 4156 μνησι-

2129 4171 2384 4242 κακήσας
2403 4167 2528 4222 τινά
2551 4167 2656 4228 ἕως
2687 4165 2904 4236 ἡμέρας
2929 4165 3190 4235 ἡμισείας
3220 4163 3412 4221 ταῦτα.

2203 4255 2285 4309 Τὰ
2312 4249 2452 4308 ἆθλα
2492 4251 2588 4306 καὶ
2615 4252 2685 4304 τὰ
2710 4251 2914 4320 σημεῖα
2940 4247 3036 4300 τοῦ
3065 4249 3312 4316 γενναίου
3352 4248 3448 4302 τοῦ
3477 4251 3724 4322 Χριστοῦ

2132 4338 2366 4411 ἀθλητοῦ
2401 4335 2784 4398 Ποσειδωνίου,
2821 4333 2859 4388 ἀ
2910 4332 3228 4405 προμηθείᾳ
3259 4337 3360 4403 τῆς
3388 4337 3584 4389 πασῶν
3612 4338 3728 4391 τῶν

2132 4424 2416 4494 δυνάμεων
2445 4422 2687 4491 μείζονος
2710 4417 3007 4489 εἰργάσατο
3042 4418 3236 4471 ταῦτα.
3275 4417 3386 4472 Kal
3423 4421 3482 4472 ἐν
3505 4421 3729 4488 τούτοις

2065 4530 2108 4586 D
2137 4511 2198 4564 τὸ
2227 4509 2472 4579 ἀοίδιμον
2491 4505 2586 4558 τοῦ
2615 4503 2885 4576 μακαρίου
2916 4502 3092 4573 πέρας
3129 4501 3224 4556 τοῦ
3250 4501 3388 4573 βίου.

2721 4595 2976 4649 ΚΕΦΑΛ.
3009 4593 3134 4650 Ill”.

2658 4687 2801 4755 Περὶ
2829 4687 3226 4756 Σεραπίωνος.

2211 4783 2498 4856 Σεραπίων
2543 4799 2630 4843 τις
2684 4781 2914 4850 ὀνόματι
2964 4778 3211 4847 γέγονεν,
3268 4778 3347 4850 τῷ
3376 4779 3523 4848 γένει
3553 4781 3734 4849 Αἰγύ-

2140 4888 2319 4936 πτιος,
2346 4867 2638 4936 ἐπίκλητος
2667 4863 2934 4926 Σινδόνιος
2968 4863 3265 4934 (παρεκτὸς
3302 4863 3411 4933 γὰρ
3464 4865 3737 4921 σινδονίου

2139 4956 2262 5010 οὐδέ
2281 4971 2412 5010 ποτε
2429 4953 2584 5006 οὐδὲν
2603 4951 2731 5006 ἀλλο
2753 4946 3149 5015 nepa-266.1516)-
3173 4947 3232 5010 ὃς
3260 4949 3463 5017 πολλὴν
3495 4950 3708 5021 ἐξήσκη
3721 4983 3740 4992 -

2143 5059 2236 5096 σεν
2257 5042 2397 5108 ἀκτη
2407 5038 2663 5108 μοσύνην·
2682 5034 2761 5088 διὸ
2778 5034 2874 5086 καὶ
2889 5031 3127 5101 Ἀπαθὴς
3142 5031 3451 5098 ἐπελέγετο.
3470 5035 3746 5106 Εύγράμ..

2147 5142 2316 5196 ματος
2340 5125 2396 5178 δὲ
2428 5122 2504 5176 ὣν
2536 5121 2900 5185 ἁπεστήθιζεν
2927 5119 3106 5182 πάσας
3144 5121 3244 5180 τὰς
3279 5117 3430 5179 θείας
3462 5118 3692 5189 Γραφάς
3721 5135 3741 5150 ο

2143 5211 2202 5272 ὃς
2233 5209 2342 5264 ἀπὸ
2391 5207 2594 5276 πολλῆς
2630 5206 3021 5273 ἀκτημοσύνης
3054 5205 3148 5254 καὶ
3175 5201 3402 5271 μελέτης
3439 5202 3599 5254 θείων
3629 5203 3752 5256 Ao-

2145 5295 2280 5362 γίων
2300 5292 2395 5346 τοῦ
2420 5290 2735 5362 Πνεύματος
2752 5289 2872 5341 οὐδὲ
2894 5286 3171 5358 ἠρεμῆσαι
3193 5286 3410 5355 ἴσχυσεν
3431 5285 3489 5336 ἐν
3514 5284 3748 5356 κελλίῳ,

2147 5378 2213 5430 ἵν’
2237 5379 2295 5428 ὲν
2326 5375 2424 5450 ὕλῃ
2461 5376 2538 5445 μὴ
2568 5375 2926 5442 περισπᾶται.
2977 5369 3118 5422 Ἀλλ’
3163 5368 3523 5422 ἀποστολικὸν
3549 5366 3755 5450 Ῠήδέως

2152 5461 2342 5532 μετῄει
2377 5449 2511 5529 βίον.
2545 5457 2978 5528 Περιερχόμενος
3008 5453 3105 5523 τὴν
3129 5451 3478 5522 οἰκουμένην,
3509 5449 3608 5520 τὴν
3632 5451 3758 5521 τῆς

2149 5547 2327 5617 ἄκρας
2356 5547 2495 5613 ἀκτη
2506 5541 2744 5612 μοσύνης
2762 5537 3126 5608 κατώρθωσεν
3148 5537 3372 5604 ἀρετήν’
3391 5535 3466 5597 ὡς
3494 5536 3754 5606 παντελῆ

2152 5630 2425 5685 ἀπάθειαν
2448 5627 2639 5681 τοῦτον
2666 5623 2989 5694 κεκτῆσθαι.
3015 5621 3230 5691 Ταύτης
3250 5621 3358 5690 γὰρ
3379 5620 3618 5688 ἐγεγόνει
3643 5625 3759 5675 καὶ

2151 5715 2250 5785 τῆς
2289 5713 2477 5777 ἕξεως.
2527 5708 2794 5779 Διαφοραὶ
2831 5707 2940 5778 γάρ
2980 5708 3117 5758 εἰσιν
3151 5705 3338 5768 ἕξεων,
3390 5705 3489 5756 οὐκ
3515 5703 3756 5756 οὐσιῶν.

2153 5795 2446 5869 Διηγοῦνςο
2473 5795 2529 5849 δὲ
2553 5795 2601 5848 οἱ
2635 5791 2902 5862 Πατὲρες,
2936 5789 3017 5844 ὅτι
3039 5785 3214 5842 λαϐών
3245 5803 3364 5842 τινα
3387 5785 3754 5858 συμπαίκτην
