4028 6448
337 370 462 427 ll8l

330 582 525 638 debent
547 581 818 634 monachis
832 590 1058 634 mentem
1075 593 1412 649 cognosceret
1436 581 1629 652 (Ra/72,
1654 582 1691 635 ι.
1712 599 1770 648 II,
1784 600 1893 651 cap.

333 670 445 739 ﬂ).
476 668 527 723 Is
552 683 672 723 cum
704 684 847 736 sepe
874 670 1091 723 vidisset
1111 671 1315 738 aliquos
1339 673 1627 724 monachos
1653 673 1716 724 ad
1754 689 1899 726 aram

330 779 658 828 accessuros,
693 777 785 817 eos
816 764 1054 827 retinuit,
1086 764 1268 816 dicens
1320 780 1333 816 :
1386 763 1664 829 Quomodo
1694 765 1898 818 audetis

328 861 602 917 adsancta
632 858 888 913 accedere
919 867 1270 921 sacramenta,
1299 871 1419 909 cum
1469 856 1704 910 habeatis
1734 858 1899 909 malas

327 948 713 1018 cogitationes?
742 947 804 999 Et
836 956 887 998 tu
916 944 1131 1014 quidem
1157 944 1255 998 hac
1286 954 1442 998 nocte
1463 946 1644 998 animo
1675 946 1895 998 versasti

329 1046 536 1107 turpem
587 1035 948 1090 fornicationis
993 1034 1398 1102 cogitationem;
1444 1035 1578 1088 alius
1618 1046 1792 1087 autem
1843 1035 1896 1088 in

324 1130 504 1183 animo
526 1142 626 1182 suo
654 1125 935 1195 reputavit,
958 1125 1141 1178 dicens
1174 1124 1306 1177 nihil
1333 1124 1538 1178 referre
1560 1139 1626 1178 an
1652 1135 1896 1193 peccator

323 1234 390 1272 au
418 1216 593 1287 justus
621 1216 839 1270 accedat
867 1215 933 1267 ad
964 1214 1058 1268 Dei
1103 1214 1361 1282 gratiam;
1414 1215 1548 1269 alius
1598 1224 1773 1268 autem
1831 1215 1896 1266 de

321 1308 462 1362 dono
492 1306 774 1369 dubitavit,
827 1304 1013 1358 dicens
1069 1320 1082 1355 :
1135 1303 1378 1371 Nunquid
1420 1319 1505 1357 me
1554 1303 1893 1357 accedentem

321 1396 713 1453 sanctifieabit‘l
744 1396 933 1449 Parum
966 1408 1091 1462 ergo
1120 1394 1352 1448 secedite
1397 1408 1426 1446 a
1474 1394 1672 1445 sanctis
1724 1407 1897 1445 sacra-

324 1491 535 1557 mentis,
578 1499 632 1545 et
658 1505 723 1544 ex
752 1491 930 1543 animo
959 1490 1097 1559 agite
1127 1488 1517 1556 ptenitentiam,
1552 1497 1608 1540 ut
1652 1489 1722 1540 sit
1747 1486 1895 1540 vobis

319 1582 561 1635 remissio
610 1589 972 1648 peccatorum,
1003 1587 1055 1633 et
1095 1578 1209 1631 sitis
1237 1578 1381 1647 digni
1432 1579 1622 1631 Christi
1654 1593 1893 1631 commu-

319 1672 500 1726 nione.
526 1671 635 1725 Nisi
667 1670 806 1723 enim
855 1670 1082 1738 primum
1113 1668 1495 1723 Inundaveritis
1526 1670 1889 1739 cogitationes,

317 1776 420 1817 nou
444 1763 685 1829 poteritis
705 1762 768 1816 ad
792 1760 983 1815 Christi
1006 1762 1228 1828 gratiam
1254 1761 1530 1815 accedere.

836 1850 1059 1905 CAPUT
1101 1851 1331 1904 LXXVI.

621 1942 739 1996 Vita
770 1942 1065 2010 Serapionis
1091 1942 1240 2011 (124)
1264 1942 1561 2012 presbyteri.

388 2036 625 2091 Vidimus
650 2052 778 2090 vero
808 2037 967 2091 etiam
999 2052 1051 2089 In
1084 2036 1318 2103 partibus
1344 2038 1637 2090 Arsenoita:
1670 2036 1891 2106 presby-

312 2137 478 2181 terum
509 2128 814 2195 queindam,
870 2129 1085 2182 nomine
1135 2128 1479 2196 Serapionem
1538 2127 1793 2196 (Ra/72,1.
1826 2144 1886 2193 Ir,

311 2234 427 2287 cap.
463 2218 577 2286 18),
610 2218 822 2272 Patrem
874 2219 1158 2270 multorum
1219 2218 1685 2280 monasteriorum,
1720 2229 1771 2271 et
1799 2220 1886 2285 qui

312 2317 505 2373 praeest
558 2305 734 2358 multa:
791 2305 1129 2367 fraternitati,
1162 2315 1219 2357 ut
1266 2310 1353 2373 qui
1399 2307 1505 2359 sint
1532 2306 1712 2359 decies
1743 2307 1888 2361 mille

312 2410 555 2462 numero,
607 2408 958 2463 magnamque
990 2409 1081 2460 per
1109 2394 1297 2448 fratres
1326 2397 1632 2463 exsequitur
1675 2398 1886 2465 dispen-

311 2485 595 2550 sationem,
615 2501 736 2539 cum
760 2499 945 2538 omnes
970 2485 1147 2550 simul,
1181 2497 1416 2553 tempore
1452 2489 1667 2552 messis,
1699 2502 1885 2543 omnes

310 2590 437 2631 suos
460 2577 658 2630 fructus
687 2576 753 2629 ad
781 2575 955 2644 ipsum
988 2575 1228 2639 afferant,
1254 2592 1388 2646 quos
1421 2593 1513 2645 pro
1535 2579 1719 2632 messis
1747 2594 1885 2634 mer-

309 2668 440 2720 cede
465 2674 808 2733 acceperunt,
837 2667 1199 2735 unusquisque
1229 2667 1478 2721 frumenti
1514 2683 1719 2722 annuas
1745 2670 1883 2723 duo-

311 2755 482 2809 decim
510 2756 722 2809 artabas
754 2755 926 2823 (19.5),
952 2756 1041 2823 qui
1066 2766 1189 2809 sunt
1217 2756 1385 2811 veluti
1417 2757 1760 2826 quadraginta
1792 2760 1881 2826 qui

309 2841 447 2910 apud
477 2857 575 2895 nos
603 2841 854 2895 dicuntur
875 2842 1070 2907 modii;
1106 2855 1158 2897 et
1186 2857 1248 2897 ea
1277 2846 1340 2896 ad
1366 2845 1718 2899 ministerium
1750 2864 1880 2917 pau-

308 2945 494 3000 perum
531 2946 623 2999 per
652 2946 711 2986 se
732 2932 1024 3000 dispensat,
1057 2934 1189 2988 adeo
1215 2943 1273 2988 ut
1301 2934 1554 3003 deinceps
1591 2939 1640 2990 in
1670 2953 1730 2991 ea
1763 2955 1880 3007 qua:

305 3031 387 3077 est
415 3023 758 3076 circumcirca
794 3024 1006 3092 regione
1038 3024 1211 3078 nullus
1239 3025 1307 3078 sit
1348 3041 1567 3095 pauper,
1596 3028 1690 3081 sed
1717 3031 1877 3083 etiam

308 3112 482 3166 tnittat
502 3112 565 3166 ad
589 3126 682 3167 eos
711 3113 799 3181 qui
827 3120 953 3166 sunt
980 3112 1317 3167 Alexandria:
1342 3130 1623 3182 pauperes.
1657 3119 1758 3172 Sed
1786 3136 1879 3172 ne-

309 3218 413 3271 que
457 3202 695 3271 praadicti
744 3202 928 3256 Patres
981 3219 1073 3270 per
1105 3212 1266 3257 totam
1317 3205 1600 3275 [Egyptum
1648 3225 1876 3277 unquam
1908 3198 1951 3260 C

312 3294 657 3361 neglexerunt
675 3294 808 3346 hanc
829 3293 1346 3350 administrationem
1368 3313 1381 3361 ;
1400 3299 1491 3349 sed
1514 3313 1579 3351 ex
1608 3298 1878 3355 laboribus

310 3380 680 3448 fraternitatis,
711 3382 913 3450 navigia
946 3383 1097 3450 plena
1129 3384 1398 3438 frumento
1457 3396 1510 3441 et
1550 3391 1880 3446 vestimentis

309 3473 629 3541 pauperibus
676 3475 933 3527 miserunt
981 3475 1380 3543 Alexandriam,
1435 3488 1711 3548 pr0pterea
1738 3483 1877 3548 quod

308 3565 412 3618 rari
435 3574 612 3620 essent
642 3566 782 3636 apud
811 3567 955 3632 ipsos
981 3570 1068 3633 qui
1108 3580 1343 3638 egexent.

836 3658 1058 3712 CAPUT
1101 3659 1353 3715 LXXVII.

776 3746 891 3800 Vita
914 3750 1104 3803 abbatis
1126 3749 1412 3807 Posidonii.

380 3839 643 3895 Posidonii
677 3840 913 3895 Thebani
963 3844 1121 3895 multa
1153 3845 1365 3911 quidem
1391 3854 1534 3909 sunt,
1560 3861 1730 3913 eaque
1757 3863 1879 3901 nar-

308 3944 423 3985 ratu
466 3930 719 3999 diIIicilia,
754 3933 1195 4000 quemadmodum
1238 3945 1353 3987 erat
1412 3939 1578 3999 mitis,
1635 3939 1771 3990 etin
1820 3953 1878 3993 se

308 4022 606 4077 exercendo
646 4022 955 4085 acerrimus,
1007 4033 1061 4076 et
1090 4033 1281 4091 quanta
1335 4025 1491 4077 fuerit
1538 4026 1588 4078 in
1620 4041 1685 4080 eo
1726 4028 1878 4081 inno-

306 4116 503 4167 centia.
524 4113 713 4167 Nescio
739 4128 803 4165 an
829 4114 989 4166 ullum
1017 4115 1172 4167 talem
1198 4115 1561 4189 convenerim.
1591 4114 1709 4168 Vixi
1735 4118 1875 4170 enim

305 4219 427 4257 cum
449 4219 515 4258 eo
568 4218 708 4256 anno
737 4218 843 4256 uno
876 4203 928 4254 in
984 4203 1277 4269 Bethleem,
1335 4206 1547 4272 quando
1574 4206 1710 4259 sedit
1743 4208 1876 4261 ultra

313 4296 642 4351 Ptemenium
676 4294 847 4365 (126),
871 4303 925 4348 ct
953 4296 1143 4348 multas
1166 4294 1269 4347 vidi
1301 4294 1415 4363 ejus
1444 4296 1693 4361 virtutes;
1720 4309 1879 4365 atque

308 4390 449 4441 inter
494 4396 688 4441 caetera
738 4387 851 4453 ipse
883 4385 1006 4439 mihi
1040 4386 1264 4455 quodam
1292 4386 1377 4441 die
1408 4389 1683 4440 narravit:
1741 4388 1874 4441 Cum

312 4479 624 4542 habitarem,
657 4478 848 4546 inquit,
881 4480 930 4529 Ill
963 4477 1078 4530 loco
1101 4477 1413 4546 Porphyrite
1445 4492 1587 4530 anno
1604 4493 1728 4541 uno,
1763 4487 1876 4532 toto

1564 381 1877 437 HISTORIA
1926 385 2282 445 LAUSIACA.

331 490 553 563 gratiam
579 488 914 559 cognitionis,
934 498 990 543 ut
1034 490 1425 559 unuscujusque
1448 506 1509 545 ex
1557 492 1619 546 iis
1644 494 1732 561 qui
1754 508 1902 549 acee-
1930 505 1977 561 Α

1926 1847 1973 1906 Β

3428 410 3564 466 1182

2080 501 2187 554 lloc
2239 512 2413 557 autem
2446 510 2758 563 miraculum
2789 507 2911 565 fecit
2957 513 3141 568 beatus
3165 516 3476 573 Posidonius
3518 520 3572 576 iu

2010 587 2302 644 Bethleem.
2327 590 2579 656 Quaedam
2612 598 2799 651 mulier
2818 602 3032 667 gravida
3056 602 3284 657 ha'h‘ebat
3324 607 3566 673 spiritum

2006 674 2355 741 immundum,
2386 691 2440 733 et
2493 682 2543 735 in
2576 683 2690 751 ipso
2724 695 2964 757 tempore
3012 705 3116 759 quo
3147 701 3262 745 erat
3313 696 3564 762 paritura,

2003 764 2276 819 laborabat
2318 767 2370 820 in
2416 780 2590 837 partu,
2625 773 2789 840 ipsam
2840 787 3146 831 conterente
3191 781 3395 848 spiritu.
3426 783 3559 835 Cum

2001 869 2128 919 ergo
2156 870 2183 905 a
2206 856 2449 911 daemone
2479 874 2758 917 vexaretur
2789 868 2998 931 mulier,
3028 869 3240 921 advenit
3268 870 3382 939 ejus
3410 873 3570 924 Inari-

2003 951 2105 1006 tus,
2131 955 2182 998 et
2233 948 2437 1016 rogavit
2483 964 2722 1006 sanctum
2768 956 2912 1008 illum
2947 967 3002 1009 Iit
3031 958 3242 1014 adesset
3277 978 3288 1011 :
3320 972 3372 1014 et
3419 964 3569 1015 nobis

2000 1034 2252 1101 ingressis
2306 1041 2369 1092 ad
2413 1045 2707 1109 orandum,
2769 1062 2888 1101 eum
2948 1054 3179 1105 stetisset
3225 1064 3277 1107 et
3328 1066 3569 1122 pret-atus

2001 1134 2163 1188 esset,
2199 1137 2318 1194 post
2342 1131 2629 1185 secundam
2654 1137 3104 1204 genuflexiouem,
3125 1144 3279 1208 ejecit
3303 1144 3566 1211 spiritum.

2000 1218 2235 1284 Surgens
2261 1228 2435 1273 autem
2467 1222 2596 1275 dixit
2626 1225 2779 1279 nobis
2834 1244 2846 1279 :
2904 1229 3085 1293 Orate,
3116 1231 3274 1284 modo
3298 1234 3441 1285 enim
3471 1248 3566 1285 cx-
3600 1250 3605 1253 ·

1999 1306 2209 1371 pellitur
2234 1308 2537 1363 immundus
2566 1314 2806 1380 Spiritus.
2841 1317 3063 1385 Oportet
3104 1330 3280 1373 autem
3309 1336 3428 1375 es~e
3459 1322 3559 1375 ali-

1996 1396 2135 1463 quod
2190 1398 2397 1461 signum
2444 1412 2500 1454 ut
2532 1403 2599 1457 de
2652 1420 2716 1458 eo
2746 1405 2932 1462 fiamus
2962 1410 3241 1465 certiores.
3278 1412 3567 1479 Egrediens

1996 1482 2170 1540 autem
2203 1490 2431 1557 daemon,
2465 1494 2676 1549 diruita
2700 1498 3045 1555 fundamento
3073 1513 3237 1556 totum
3291 1506 3425 1556 anlze
3472 1519 3564 1573 pa-

1996 1581 2204 1635 rietem.
2252 1582 2443 1640 Mulier
2493 1596 2668 1642 autem
2707 1594 2964 1645 sexennio
2997 1609 3101 1648 non
3159 1594 3329 1647 fuerat
3359 1596 3565 1657 locuta;

1995 1685 2269 1739 postquam
2300 1686 2475 1732 autem
2518 1693 2763 1747 egressus
2794 1693 2877 1737 est
2916 1684 3146 1753 diemon,
3176 1694 3229 1739 et
3260 1688 3481 1753 peperit,
3514 1696 3567 1739 et

1994 1765 2166 1819 locuta
2189 1778 2290 1821 est.

2527 1840 2749 1915 carur
2783 1842 3063 1898 LXXVIII.

2472 1928 2543 1981 De
2570 1928 2876 2000 Hieronymo
2904 1932 3069 2001 (127).

2066 2014 2231 2085 Hujus
2256 2029 2427 2072 sancti
2452 2023 2573 2073 novi
2608 2021 2743 2075 hanc
2785 2038 2995 2092 quoque
3048 2024 3417 2093 prophetiam;
3443 2027 3564 2081 Ilie-

1991 2119 2246 2174 runyuius
2271 2107 2413 2161 enim
2464 2109 2676 2177 quidam
2729 2114 3004 2181 presbyter
3035 2113 3310 2169 habitabat
3354 2117 3406 2169 in
3460 2118 3562 2170 illis

1990 2196 2143 2261 locis,
2174 2199 2260 2266 qui
2310 2200 2360 2250 in
2414 2214 2663 2255 sermone
2698 2201 2939 2257 Romano
2990 2220 3176 2273 magna
3204 2216 3319 2260 erat
3366 2208 3561 2260 virtute

1992 2306 2232 2359 ornatus,
2262 2304 2314 2347 et
2345 2298 2606 2364 pra-claro
2649 2303 2890 2367 ingenio;
2922 2302 3017 2357 sed
3048 2313 3187 2357 tanta
3221 2308 3316 2358 fuit
3345 2307 3457 2373 ejus
3481 2307 3561 2359 in-

1993 2387 2153 2448 vidia,
2187 2396 2243 2441 ut
2270 2389 2336 2441 ab
2367 2404 2426 2442 ea
2452 2395 2766 2446 obrueretur
2787 2396 2954 2448 virtus
2976 2396 3252 2449 doctrina}.
3275 2397 3406 2450 CIIIII
3430 2413 3555 2465 ergo

1986 2478 2163 2530 multis
2186 2479 2373 2533 diebus
2404 2495 2520 2534 cum
2552 2496 2618 2534 eo
2649 2492 2890 2537 versatus
2928 2491 3073 2539 esset
3102 2494 3311 2538 sanctus
3342 2485 3559 2540 Posido-

1988 2569 2127 2632 nius,
2159 2568 2287 2622 dicit
2316 2571 2443 2623 mihi
2477 2572 2527 2625 in
2557 2587 2738 2626 aurem
2770 2590 2783 2629 τ

2511 2682 2737 2738 CAPUT
2769 2672 3003 2740 LXXIX.

2527 2792 2601 2845 De
2633 2793 2800 2847 Paula
2830 2796 3002 2865 (128).

2059 2880 2288 2946 Ingentta
2319 2882 2530 2950 quidem
2557 2885 2738 2953 Paula,
2758 2902 2874 2954 quae
2893 2888 3006 2955 ejus
3028 2904 3205 2942 curam
3228 2889 3381 2959 gerit,
3412 2904 3549 2956 prte-

1984 2972 2238 3023 morietttr-
2265 2973 2481 3027 liberata
2508 2975 2574 3028 ab
2597 2974 2709 3043 ejus
2733 2976 2951 3028 invidia.
2984 2977 3050 3031 Ut
3076 2987 3252 3032 autem
3285 2981 3514 3032 arbitror
3534 3020 3549 3043 ,

1983 3072 2196 3129 propter
2226 3061 2370 3118 hunc
2416 3066 2585 3117 virum
2639 3081 2743 3118 non
2806 3067 3059 3121 habitabit
3110 3072 3191 3121 vir
3237 3078 3449 3123 sanctus
3497 3070 3547 3122 in

1985 3151 2065 3204 his
2117 3151 2266 3216 locis,
2322 3152 2415 3206 sed
2467 3153 2582 3223 ejus
2635 3157 2884 3222 pervadet
2936 3158 3128 3212 invidia
3161 3161 3243 3215 vel
3274 3174 3441 3230 usque
3478 3163 3546 3214 ad

1984 3248 2253 3312 proprium
2308 3244 2545 3300 fratrem.
2593 3246 2801 3316 Resque
2831 3251 2897 3302 ita
2929 3250 3136 3304 accidit.

2533 3362 2753 3419 CAPUT
2792 3362 2983 3416 LXXX

2532 3473 2606 3524 De
2632 3474 2745 3542 Oa‘y
2753 3478 2993 3534 percutio.

2057 3559 2261 3611 Etenim
2292 3560 2503 3614 beatum
2553 3563 2967 3631 Oxyperentium
3018 3568 3199 3621 ltaium
3225 3570 3267 3623 is
3304 3569 3425 3623 hinc
3453 3585 3546 3623 ex-

1983 3651 2132 3717 pttlil.

2509 3720 2733 3775 CAPUT
2794 3724 3027 3780 LXXXI.

2616 3813 2693 3865 De
2747 3813 2896 3867 Petro

2038 3902 2104 3956 Et
2133 3901 2347 3957 Petrum
2376 3900 2536 3957 alium
2568 3904 2846 3971 quemdam
2876 3902 3203 3973 Egyptium.

2510 4012 2732 4066 CAPUT
2764 4013 3027 4075 LXXXII.

2582 4100 2659 4155 De
2684 4104 2939 4157 Simeone.

2044 4188 2109 4239 Et
2129 4187 2462 4256 Simeonem,
2478 4190 2619 4243 viros
2633 4192 2992 4255 admirabiles,
3007 4209 3139 4266 quos
3157 4209 3254 4262 ego
3274 4195 3544 4247 adnotavi.

2052 4277 2296 4332 Narravit
2326 4281 2453 4333 mihi
2508 4281 2595 4335 hic
2643 4282 2956 4337 Posidonius
2979 4285 3462 4340 continentissimus
3495 4296 3548 4341 et

1981 4372 2192 4424 virtutis
2240 4372 2771 4434 observantissimus,
2794 4374 2933 4442 quod
2982 4376 3325 4446 quadraginta
3350 4377 3544 4431 abhinc

1982 4462 2134 4515 annis
2179 4477 2365 4529 panem
2396 4479 2500 4515 non
2533 4472 2818 4532 gustasset,
2849 4479 3021 4532 neque
3067 4476 3299 4534 accepta:
3340 4468 3547 4535 iujuriat

308 4582 451 4621 anno
479 4568 678 4620 nullutn
710 4565 979 4619 hominem
1003 4566 1247 4629 canveui,
1281 4581 1383 4617 non
1407 4567 1581 4620 audivi
1614 4570 1870 4622 sermoci-
1904 4572 1958 4631 D
1981 4556 2050 4607 είι
2075 4554 2378 4607 Γθοοτάθίυε
2400 4570 2564 4623 usque
2591 4555 2654 4609 ad
2684 4557 2788 4611 diei
2812 4556 3108 4611 dimidium-

313 4664 601 4727 nationem,
635 4675 740 4713 non
772 4674 960 4728 panem
990 4660 1215 4726 gustavi,
1251 4658 1350 4710 nisi
1382 4660 1423 4712 si
1454 4660 1667 4725 quando
1696 4664 1879 4728 paucis

310 4763 491 4804 uterer
519 4749 765 4818 dactylis,
798 4757 852 4802 et
880 4749 1045 4801 sicubi
1078 4748 1267 4800 herbas
1287 4748 1585 4801 invenirem
1617 4758 1875 4817 agrestes.

309 4846 426 4907 Quo
465 4842 678 4911 quidem
712 4850 950 4908 tempore
978 4854 1097 4893 cum
1144 4840 1245 4893 mei
1286 4854 1449 4908 panes
1476 4840 1758 4908 aliquando
1787 4844 1877 4896 de-

312 4936 585 5002 fecissent,
616 4949 861 5003 egressus
910 4951 1025 4987 sum
1053 4938 1379 5002 espelunca,
1425 4946 1483 4989 ut
1534 4940 1772 4991 venirem
1823 4939 1877 4992 in

312 5030 496 5082 urbem
529 5037 683 5080 teme
713 5025 1074 5088 habitabilem,
1105 5033 1159 5080 et
1184 5040 1304 5079 cum
1333 5036 1443 5081 toro
1488 5027 1576 5080 die
1602 5028 1873 5083 ambulas-

316 5133 455 5183 sem,
486 5120 571 5171 vix
598 5117 813 5171 aberam
848 5132 877 5170 a
904 5118 1151 5184 spelunca
1174 5116 1280 5169 duo
1298 5117 1560 5171 milliaria.
1586 5120 1715 5171 Cum
1748 5134 1877 5187 ergo

316 5210 836 5279 circumspexissem,
857 5208 1013 5263 video
1036 5209 1264 5277 equitem
1291 5210 1473 5263 militis
1503 5212 1735 5264 habitum
1769 5227 1877 5279 prie

314 5318 373 5357 se
396 5301 673 5367 ferentem,
702 5300 984 5354 habentem
1029 5314 1082 5352 In
1108 5300 1281 5366 capite
1314 5300 1516 5368 galeam
1554 5300 1872 5366 tiariferam;

308 5400 511 5447 etcum
542 5390 925 5458 conjectassem
972 5403 1095 5442 eum
1135 5402 1254 5441 esse
1309 5389 1552 5454 militem,
1610 5391 1875 5456 profectus

307 5497 427 5536 sum
471 5495 635 5551 usque
662 5479 725 5533 ad
763 5482 1091 5549 speluncam,
1122 5486 1176 5532 et
1204 5477 1384 5533 inveni
1432 5479 1719 5532 canistrum
1753 5494 1875 5531 uva-

312 5588 430 5626 rum
456 5581 510 5628 et
538 5571 731 5625 ficuum
760 5587 926 5640 nuper
947 5571 1316 5639 decerptarum
1351 5586 1545 5638 :quern
1578 5586 1695 5625 cum
1724 5585 1867 5623 accc.

314 5662 534 5731 pissem,
566 5662 719 5714 laetus
750 5662 865 5714 veni
911 5661 975 5713 ad
1022 5661 1351 5728 Speluncam,
1408 5661 1613 5715 habens
1666 5660 1873 5715 duobus

309 5750 584 5809 mensibus
613 5752 758 5805 cibos
788 5750 904 5804 illos
934 5753 997 5804 ad
1022 5767 1189 5806 meatu
1222 5751 1586 5807 refectionem.

2051 4645 2176 4698 Ilaec
2202 4654 2326 4699 sunt
2345 4649 2638 4701 certamina
2663 4660 2715 4703 et
2738 4652 2883 4717 signa
2904 4651 3143 4716 praeclari
3159 4650 3350 4704 Christi
3375 4652 3547 4705 athle-

1977 4743 2043 4787 te
2071 4734 2359 4801 Posidonii,
2388 4753 2504 4805 qua:
2533 4738 2651 4791 fecit
2680 4739 3008 4807 providentia
3035 4741 3150 4807 ejus
3171 4756 3288 4809 quae
3316 4749 3403 4795 est
3424 4757 3543 4795 om-

1976 4826 2120 4878 nium
2169 4825 2415 4879 virtutum
2464 4829 2718 4892 maxima;
2753 4836 2807 4883 et
2863 4828 2914 4882 in
2944 4830 3025 4884 his
3058 4840 3139 4883 est
3168 4829 3389 4899 insignis
3421 4831 3538 4884 finis

1985 4913 2104 4967 vita:
2135 4912 2291 4982 hujus
2323 4916 2481 4967 beati.

2496 5025 2718 5081 CAPUT
2748 5026 3029 5080 LXXXIII.

2294 5113 2404 5166 Vita
2436 5115 2728 5183 Serapionis
2759 5116 2906 5185 (129)
2941 5118 3249 5173 Sindonita'.

2056 5201 2175 5255 Fuit
2204 5203 2337 5255 alius
2364 5202 2578 5271 quidam
2606 5205 2861 5272 Serapion
2891 5206 3194 5259 Sindonites
3232 5206 3374 5275 (nam
3414 5220 3523 5274 pra:

1984 5304 2064 5345 ter
2098 5292 2372 5347 sindouem
2414 5293 2544 5348 nihil
2595 5310 2821 5364 unquam
2854 5296 3150 5367 induebat),
3183 5298 3269 5366 qui
3312 5298 3548 5352 exercuit

1987 5398 2228 5451 magnam
2279 5386 2671 5452 possessionum
2727 5395 2780 5440 et
2829 5386 3132 5441 facultatum
3182 5388 3547 5441 vacuitatem:

1983 5490 2139 5540 quam
2168 5475 2237 5529 ob
2264 5491 2476 5530 causam
2511 5487 2564 5531 et
2595 5477 2936 5545 impa~sibilis
2961 5479 3265 5534 vocabatur.
3294 5479 3425 5532 Cum
3454 5493 3545 5533 es—

1983 5578 2063 5621 set
2106 5576 2281 5619 autem
2331 5567 2605 5635 imperitus
2652 5567 2967 5631 litterarum,
3010 5568 3317 5622 memoriter
3342 5566 3549 5621 dicebat

1980 5673 2167 5713 omnes
2196 5644 2515 5726 Scripturas.
2553 5660 2613 5712 Et
2634 5672 2803 5726 neque
2822 5658 2891 5713 ob
2923 5661 3309 5725 possessionum
3339 5667 3547 5725 egesta-

1981 5756 2088 5803 tent
2118 5758 2171 5805 et
2216 5748 2605 5818 Scripturarum
2655 5748 3049 5805 meditationem
3098 5748 3267 5816 potuit
3310 5748 3365 5801 in
3413 5748 3548 5800 cella
