4028 6432
329 411 463 476 1185

1549 414 1911 479 HISTORIA
1951 413 2039 472 LA
2050 414 2335 479 USIACA.

3469 412 3604 479 1186

325 530 591 601 ἁσκητὴν,
614 532 897 602 πέπρακεν
926 533 1117 588 ἑαυτὸν
1136 533 1193 587 ἐν
1218 551 1324 588 τινι
1349 533 1502 586 πόλει
1532 533 1742 602 μίμοις,
1774 529 1903 581 ’Έλ-
1937 528 1984 585 Δ
2011 528 2206 597 γυρίας
2234 532 2327 583 καὶ
2385 531 2661 602 πορνείας.
2720 533 2859 585 Οὔτε
2888 533 2997 603 γὰρ
3039 530 3240 603 χρυσὸν
3291 529 3424 601 έχω,
3474 530 3600 585 οῦτε

326 616 481 684 λησιν
506 612 682 679 οὖσιν,
712 614 884 669 εἴκοσι
909 618 1283 687 νομισμάτων.
1309 618 1419 671 Καὶ
1466 616 1908 687 σφραγισάμενος

324 699 392 751 τά
425 698 754 768 νομίσματα,
781 698 1077 767 ἐφύλαττεν
1108 703 1239 771 παρ’
1271 702 1469 771 ἐαυτῷ.
1512 701 1635 752 Ἐπί
1655 698 1908 751 τοσοῦτον

323 781 380 834 δὲ
411 782 765 853 παρέμεινεν,
804 782 998 853 μέχρις
1058 777 1121 837 οὗ
1176 786 1270 836 καὶ
1302 785 1663 854 Χριστιανοὺς
1709 783 1908 845 αὐτοὺς

324 868 547 935 ποιήσῃ,
579 863 674 917 καὶ
699 865 792 917 τοῦ
824 864 1054 937 θεάτρου
1077 867 1273 930 αὑτοὺς
1302 868 1611 939 ἀποστήσῃ,
1636 864 1905 934 παρεκτὸς

322 946 489 1014 ὄρτου
513 946 608 999 καὶ
628 946 819 1010 ὕδατος
842 948 1069 1017 μηδενὸς
1088 948 1250 1002 ἀλλου
1276 949 1589 1020 λαμϐάνων,
1616 948 1750 1019 μηδὲ
1777 949 1907 1015 ἡσυ-

321 1028 504 1096 χάζων
524 1028 602 1097 τῷ
623 1030 853 1099 στόματι
874 1031 983 1084 ἀπὸ
1016 1032 1247 1101 μελέτης
1266 1032 1427 1086 θείων
1449 1032 1703 1103 Γραφῶν.
1720 1029 1906 1090 Οὕτως

318 1113 374 1164 δὲ
402 1112 613 1175 τούτοις
636 1115 664 1165 6
695 1114 969 1185 μακάριος
998 1117 1346 1187 παραμείνας
1374 1118 1453 1187 τῷ
1479 1115 1675 1187 μακρῷ
1708 1115 1902 1185 χρόνῳ,

321 1198 537 1265 πρῶτον
558 1198 853 1263 κατένυξεν
884 1199 975 1253 τὸν
1001 1202 1187 1270 μῖμον,
1233 1196 1353 1252 εἶτα
1378 1201 1479 1269 τὴν
1525 1198 1755 1270 μιμάδα,
1786 1191 1905 1248 εἶτα

318 1280 409 1331 τὸν
464 1281 756 1349 σύμπαντα
807 1278 957 1334 οἷκον
1006 1283 1208 1336 αὐτῶν.
1275 1283 1523 1350 Ἑλέγετο
1577 1282 1634 1335 δὲ
1696 1283 1753 1333 ἐν
1796 1281 1904 1347 ὅσῳ

316 1364 545 1431 ἠγνόουν
580 1364 741 1417 αὑτὸν
764 1365 1094 1435 ἀμφοτέρων
1119 1366 1331 1420 νίπτειν
1361 1368 1487 1429 τοὺς
1512 1367 1700 1427 πόδας.
1739 1364 1901 1417 Ἐκάο

314 1463 464 1513 τεροι
493 1443 587 1500 οὖν
624 1446 1015 1517 βαπτισθέντες
1062 1449 1385 1520 ἀπέστησαν
1432 1451 1526 1503 καὶ
1558 1449 1651 1501 τοῦ
1685 1448 1903 1516 θεατρί-

316 1528 432 1591 ζειν
456 1528 663 1593 λοιπὸν,
688 1530 783 1583 καὶ
803 1532 895 1582 ἐπὶ
924 1532 1015 1584 τδν
1039 1532 1237 1602 σεμνὸν
1258 1534 1352 1586 καὶ
1371 1532 1593 1600 θεοφιλῆ
1617 1531 1903 1591 ἐλάσαντες

316 1609 429 1678 βίον
470 1613 673 1684 σφόδρα
702 1614 927 1684 ᾐδοῦντο
956 1615 1047 1667 τὸν
1088 1614 1279 1686 ἄνδρα,
1325 1616 1421 1667 καὶ
1453 1616 1703 1682 λέγουσιν
1733 1613 1898 1681 αὐτῷ·

314 1693 506 1764 Δεῦρο,
526 1696 744 1764 ἀδελφέ,
778 1698 1221 1769 ἐλευθερώσομέν
1246 1716 1306 1750 σε
1335 1698 1543 1762 λοιπὸν,
1573 1697 1760 1766 ἐπειδὴ
1798 1697 1903 1748 ἀπὸ

312 1778 547 1847 αἰσχρᾶς
578 1781 724 1849 ἡμᾶς
752 1780 996 1843 δουλείας
1026 1782 1189 1844 αὐτὸς
1225 1781 1629 1851 ἡλευθέρωσας.
1657 1780 1789 1831 Τότε
1813 1779 1903 1831 λέ-

2010 610 2139 663 ἄλλο
2166 629 2219 665 τι
2245 614 2520 685 κέκτημαι
2545 631 2557 643 ·
2594 617 2654 668 οὐ
2682 615 2899 685 τρυφῆς
2959 613 3236 677 ἀπολαύω,
3273 613 3374 682 τῆς
3403 614 3596 682 τροφί-

2011 712 2114 763 μου
2150 695 2356 767 ταύτης
2382 699 2480 767 τῆς
2506 699 2661 751 νόσου
2684 715 2695 728 ·
2737 700 2819 751 διὸ
2851 698 3035 750 οὐκέτι
3072 715 3140 765 με
3187 697 3457 767 ὀχλοῦσιν.
3487 698 3595 749 Γα-

2008 781 2382 849 στριμαργίας
2411 782 2468 834 δὲ
2514 782 2896 850 ἀπαλλαγῆναι
2934 782 2996 833 οὐ
3029 780 3284 850 δύναμαι.
3311 780 3595 850 Τετάρτην

2009 862 2118 931 γὰρ
2145 863 2359 933 ἡμέραν
2391 865 2499 934 ἔχω
2535 868 2775 935 σήμερον
2801 865 2874 934 μὴ
2909 865 3123 933 φαγὼν,
3163 865 3257 917 καὶ
3286 864 3596 934 παραμένει

2010 961 2100 1013 μοι
2131 944 2204 1008 ὡς
2230 946 2502 1016 αὐστηρὸς
2529 948 2815 1016 δανειστὴς
2848 950 2879 1013 ἡ
2916 947 3152 1018 γαστὴρ,
3199 948 3463 1016 ἀγχουσα,
3500 949 3598 1001 καὶ

2006 1027 2315 1081 ἀπαιτοῦσα
2357 1029 2418 1081 16
2473 1030 2703 1100 σύνηθες
2760 1032 2937 1099 χρέος,
2969 1032 3107 1099 ὅπερ
3153 1030 3249 1084 ἐὰν
3276 1030 3351 1099 μὴ
3383 1029 3590 1093 ἀποδῶ,

2006 1107 2168 1177 ζῆσαι
2217 1111 2278 1163 οὐ
2335 1116 2609 1182 συγχωρεῖ
2658 1131 2769 1183 μοι.
2799 1115 2932 1166 Τότε
2977 1114 3123 1177 τινὲς
3150 1112 3259 1165 τῶν
3282 1112 3591 1179 φιλοσόφων

2005 1192 2263 1262 ἐνόμισαν
2284 1195 2489 1265 σκηνὴν
2507 1193 2728 1250 εἶναιτὸ
2748 1198 3001 1266 πρᾶγμα,
3016 1196 3164 1266 ὅμως
3181 1195 3419 1248 διδόασιν
3440 1195 3592 1264 αύτῷ

2004 1275 2248 1345 νόμισμα
2277 1278 2354 1331 έν.
2401 1279 2457 1332 Ὀ
2488 1280 2545 1333 δέ
2582 1279 2739 1333 τοῦτο
2778 1280 3070 1350 δεξάμενος
3096 1279 3294 1349 έθηκεν
3324 1280 3383 1331 ἐν
3432 1280 3593 1349 ἀρτο-

2005 1359 2242 1430 πωλείῳ,
2268 1360 2362 1414 καί
2390 1361 2569 1416 λαϐὼν
2599 1364 2696 1419 ἕνα
2724 1364 2887 1436 ἄρτον
2919 1362 3269 1434 ἀνεχώρησεν
3301 1365 3594 1433 παραχρῆ-

2007 1461 2083 1511 μα
2116 1444 2341 1507 ὁδεύσας
2374 1446 2475 1516 τῆς
2516 1448 2742 1513 πόλεως,
2776 1449 2871 1501 καὶ
2922 1449 3120 1517 μηκέτι
3146 1449 3225 1510 είς
3252 1447 3419 1517 αὐτὴν
3455 1449 3591 1499 ὑπο-

2005 1528 2262 1599 στρέψας.
2293 1530 2426 1583 Τότε
2456 1530 2700 1598 έγνωσαν
2732 1532 2780 1585 οἰ
2812 1532 3089 1599 φιλόσοφοι
3115 1533 3197 1585 ὅτι
3248 1531 3462 1601 ἀληθῶς
3498 1532 3590 1585 ἐν-

2004 1610 2199 1681 άρετον
2226 1611 2340 1680 βίον
2356 1613 2621 1684 κέκτηται
2647 1616 2673 1666 6
2702 1616 2986 1684 ἄνθρωπος
3016 1610 3191 1676 οὗτος.
3209 1614 3319 1667 Καὶ
3349 1613 3592 1667 δεδωκό-

2000 1709 2093 1755 τες
2121 1695 2320 1747 ἐκεῖνοι
2343 1696 2437 1748 τοῦ
2468 1696 2639 1766 άρτου
2663 1696 2724 1750 16
2754 1697 2991 1767 τίμημα,
3022 1697 3214 1749 ἔλαϐον
3244 1696 3303 1749 τὸ
3322 1697 3587 1767 νόμισμα.

2087 1776 2288 1830 Ἐλθὼν
2319 1778 2413 1832 οῦν
2442 1781 2470 1833 6
2507 1782 2780 1851 μακάριος
2804 1781 3016 1834 ἐκεῖθεν
3050 1782 3130 1843 εἰς
3164 1782 3290 1844 τοὺς
3313 1782 3443 1852 περί
3481 1783 3593 1835 Λα-

309 1877 399 1928 γει
436 1863 619 1926 αὐτοῖς
647 1864 675 1915 6
702 1864 876 1933 μέγας
910 1865 1195 1933 Σεραπίων
1216 1882 1228 1895 ο
1285 1864 1506 1931 Ἐπειδὴ
1538 1863 1840 1932 ἐνήργησεν
1878 1863 1904 1912 6
1936 1874 1980 1929 Β
2008 1860 2302 1931 κεδαίμονα
2329 1863 2551 1927 τόπους,
2576 1864 2809 1934 ἡκουσέν
2831 1880 2955 1917 τινα
2979 1864 3086 1917 τῶν
3108 1864 3343 1934 πρώτων
3365 1864 3463 1933 τῆς
3490 1864 3592 1917 πό-

310 1943 447 2007 Θεός
476 1962 603 2014 μου,
626 1947 721 2000 καί
742 1948 897 2016 ὑμεῖς
927 1949 1336 2019 συνηργήσατε,
1357 1948 1452 2001 καὶ
1473 1944 1653 2014 ἐσώθη
1677 1944 1743 1996 δι’
1771 1943 1905 2012 ἐμοῦ

309 2030 344 2099 ἡ
371 2028 518 2101 ψυχὴ
547 2030 701 2099 ὑμῶν
721 2069 737 2095 ,
773 2030 959 2083 λοιπὸν
997 2034 1137 2084 εἴπω
1168 2031 1298 2101 ὑμῖν
1340 2030 1487 2083 ἅπαν
1516 2028 1579 2080 16
1610 2029 1909 2098 μυστήριον

304 2111 406 2165 τ’όῦ
437 2114 713 2183 δράματος
736 2128 750 2142 ·

394 2196 536 2263 Ἐγὼ
567 2198 1029 2267 κατοικτει.ρήσας
1058 2199 1157 2270 τὴν
1208 2196 1387 2268 ψυχὴν
1439 2195 1594 2265 ὑμῶν
1624 2196 1683 2247 ἐν
1729 2193 1900 2264 πολλῇ

308 2277 489 2346 πλάνῃ
522 2278 836 2345 διάγουσαν,
895 2280 1180 2350 ἐλεύθερος
1235 2280 1311 2334 ὢν
1348 2280 1615 2348 ἀσκητὴς,
1649 2278 1727 2347 τῷ
1759 2279 1906 2345 γένει

306 2358 630 2425 Αἰγύπτιος,
664 2361 826 2429 χάριν
856 2361 951 2413 τοῦ
988 2362 1229 2429 σωθῆναι
1252 2362 1420 2430 ὑμᾶς,
1454 2361 1713 2429 πέπρακα
1734 2361 1908 2429 ἐμαυ-

309 2442 424 2506 τὸν,
452 2442 539 2497 ἶνα
562 2446 721 2513 ὑμεῖς
749 2443 1152 2514 ἐλευθερωθῆτε
1174 2446 1281 2497 ἀπὸ
1307 2445 1557 2513 μεγάλων
1592 2444 1900 2513 ἁμαρτιῶν.

319 2525 545 2595 Ἐπειδὴ
574 2526 629 2577 δέ
656 2525 815 2578 τοῦτο
844 2526 1147 2595 πεποίηκεν
1177 2528 1204 2579 ὁ
1232 2527 1365 2589 Θεὸς
1396 2527 1485 2579 διὰ
1515 2527 1615 2594 τῆς
1642 2527 1779 2595 ἐμῆς
1810 2544 1904 2579 τα-

308 2608 645 2671 πεινώσεως,
674 2608 871 2677 χαίρω.
901 2608 1112 2662 Λάϐετε
1147 2605 1239 2662 οὖν
1267 2609 1419 2679 ὑμῶν
1449 2608 1511 2661 16
1544 2608 1788 2678 χρυσίον,
1816 2609 1903 2661 ἵνα

306 2690 406 2743 καὶ
432 2690 613 2754 ἄλλοις
647 2690 901 2746 ἀπελθὼν
937 2691 1212 2761 βοηθήσω.
1242 2693 1306 2744 Οἰ
1336 2692 1394 2744 δὲ
1419 2691 1765 2761 παρεκάλουν
1806 2693 1904 2744 αύ-

304 2774 421 2833 τὸν,
455 2773 719 2843 δεόμενοι,
757 2776 850 2826 καὶ
896 2772 1398 2843 διαϐεϐαιούμενοι,
1436 2774 1519 2825 ὅτι
1560 2773 1650 2835 Ὠς
1689 2773 1902 2842 πατέρα

308 2874 369 2909 σε
400 2857 598 2926 ἕξομεν
628 2856 722 2910 τοῦ
769 2855 979 2922 λοιποῦ,
1030 2858 1122 2909 καὶ
1162 2857 1429 2927 δεσπότην
1462 2856 1569 2909 τῶν
1615 2856 1900 2926 ἡμετέρων

302 2940 519 3009 ψυχῶν,
567 2940 728 3010 μόνον
768 2943 950 3010 μεῖνον
984 2940 1102 3009 μεθ’
1132 2941 1311 3010 ἡμῶν.
1344 2943 1459 2993 Οὑκ
1491 2939 1809 3009 ἰσχύσαντες
1842 2938 1900 2990 δὲ

303 3024 475 3077 αὑτὸν
529 3026 733 3087 πεῖσαι,
793 3024 1045 3091 λέγουσιν
1092 3025 1274 3095 αὐτῷ’
1313 3024 1413 3087 Δὸς
1466 3041 1531 3076 συ
1581 3023 1642 3075 τὸ
1674 3023 1899 3093 χρυσίον

304 3109 568 3175 πτωχοῖς,
598 3107 723 3159 ἐπεὶ¹
756 3107 1015 3178 ἀρραϐὼν
1047 3110 1179 3179 ἡμῖν
1201 3108 1418 3175 ἐγένετο
1465 3106 1738 3175 σωτηρίας
1762 3117 1776 3133 ⁸
1809 3104 1898 3158 λέ-

302 3207 395 3257 γει
429 3189 817 3276 αύτοῖςςᾳΔότε
838 3190 1000 3244 τοῦτο
1034 3192 1193 3261 ὑμεῖς
1213 3206 1251 3276 ’ν
1276 3191 1542 3276 ὑμέτερον
1588 3188 1893 3276 γάρμέστιν⁶
1922 3216 1966 3276 c

302 3273 421 3339 ἐγὼ
453 3272 563 3343 γὰρ
620 3272 881 3344 ἀλλότρια
912 3276 1174 3345 χρήματα
1205 3275 1266 3327 οὐ
1320 3274 1618 3343 χαρίζομαι
1644 3273 1893 3341 πένησιν.

270 3390 275 3391 κ
318 3354 451 3407 Ἐπὶ
485 3354 698 3418 τούτοις
747 3356 1092 3427 παρεκάλουν
1123 3358 1306 3424 αὑτὸν,
1343 3357 1590 3425 λέγοντες
1611 3371 1625 3385 ο
1663 3353 1781 3408 Κᾶν
1807 3352 1896 3407 διά

298 3439 560 3492 ἐνιαυτοῦ
585 3442 733 3510 ἡμᾶς
761 3442 885 3513 ὅρα.

370 3516 547 3586 Οὗτος
580 3525 607 3576 6
639 3525 786 3587 ὅσιος
807 3524 994 3589 δοῦλος
1018 3527 1257 3597 Χριστου
1284 3528 1402 3589 ταῖς
1436 3528 1715 3594 συνεχέσιν
1758 3528 1893 3580 ἀπο-

292 3605 531 3677 δημίαις
557 3608 900 3678 κατήντησέν
933 3626 1064 3662 ποτε
1096 3613 1193 3663 καὶ
1231 3611 1313 3672 εἰς
1350 3613 1449 3681 τὴν
1496 3611 1746 3674 Ἐλλάδα,
1798 3610 1894 3663 καὶ

289 3690 597 3762 διατρίψας
648 3695 799 3763 τρεῖς
846 3694 1059 3764 ἡμέρας
1112 3697 1168 3747 ἐν
1210 3695 1486 3765 Ἀθήναις,
1533 3695 1635 3747 οὑκ
1682 3692 1890 3766 ἠξιώθη

292 3776 458 3845 παρά
483 3770 626 3837 τινός
655 3776 844 3846 ἄρτου,
875 3776 996 3829 οὐδὲ
1030 3776 1213 3846 κέρμα
1257 3777 1575 3842 ἐϐάσταζεν.
1615 3778 1751 3831 Οὐδὲ
1781 3777 1891 3847 γὰρ

288 3854 445 3927 εῖχεν
488 3860 517 3909 6
550 3858 702 3920 ᾰϐιος
743 3852 899 3922 οὗτος
943 3860 1004 3913 ού
1037 3862 1240 3931 πήραν,
1277 3863 1338 3914 οὑ
1373 3861 1650 3932 μηλωτὴν,
1701 3860 1760 3913 οὑ
1790 3860 1885 3930 pa.

287 3944 440 4003 ϐδον,
478 3942 584 3994 οὐδ’
620 3943 758 4004 ὅλως
808 3960 861 3995 τι
890 3944 996 3996 τῶν
1038 3944 1313 4009 τοιούτων,
1346 3945 1379 4013 ἦ
1413 3945 1577 4012 μόνον
1604 3944 1665 3997 16
1710 3943 1887 3996 σινδό-

286 4043 425 4091 νιον,
464 4025 492 4077 6
525 4026 935 4097 περιεϐέϐλητο.
990 4028 1270 4098 Τετάρτης
1306 4024 1400 4081 οὖν
1444 4029 1884 4098 ἐπιλαμϐανομέ-

284 4130 388 4180 νης
436 4109 622 4181 τούτῳ
674 4112 909 4182 ἡμέρας,
948 4112 1153 4181 σφόδρα
1200 4113 1510 4178 ἐπείνασεν,
1567 4113 1795 4185 μηδενὸς
1830 4115 1889 4166 έν

281 4196 529 4257 ταύταις
576 4195 931 4266 γευσάμενος.
973 4197 1129 4267 Δεινὴ
1155 4197 1261 4267 γάρ
1312 4198 1460 4251 ἐστιν
1486 4198 1737 4260 ἀκούσιος
1790 4216 1888 4267 νη-

283 4281 445 4334 στεία
464 4317 480 4343 ,
514 4278 801 4348 σύμμαχον
832 4278 1028 4348 έχουσα
1050 4282 1147 4349 τὴν
1173 4280 1452 4335 ἀπιστίαν.
1490 4281 1600 4333 Καὶ
1629 4281 1761 4344 στὰς
1794 4282 1886 4334 ἐπί

284 4381 439 4426 τινος
468 4360 749 4431 γεωλόφου
775 4363 871 4432 τῆς
896 4363 1126 4427 πόλεως,
1154 4362 1282 4415 ένθα
1307 4365 1355 4415 οἰ
1382 4366 1441 4416 ὲν
1468 4364 1614 4418 τέλει
1641 4365 1751 4418 τῶν
1771 4366 1889 4417 ἐκεῖ

288 4442 437 4517 ἦσαν
468 4444 966 4515 συναθροιζόμενοι,
993 4446 1195 4517 ἤρξατο
1220 4447 1444 4515 κράζειν
1483 4448 1575 4500 καὶ
1616 4448 1884 4516 ἀποδύρε-

2010 1940 2146 2005 λεως
2206 1945 2505 2015 Μανιχαῖον
2556 1942 2808 2017 εἶναιτῷ
2864 1947 3116 2017 δόγματι,
3151 1947 3268 2016 ἅμα
3323 1948 3487 2000 παντί
3513 1945 3594 2016 τῷ

2008 2025 2142 2094 οἴκῳ
2166 2026 2355 2091 αὑτοῦ,
2383 2028 2636 2098 ἐνάρετον
2652 2030 2820 2100 ἄνδρα
2842 2030 2911 2083 τὰ
2935 2030 3091 2084 ἀλλα.
3111 2022 3283 2094 Οὗτος
3311 2032 3340 2084 6
3366 2029 3589 2102 ἀριστος

2006 2108 2115 2161 τῶν
2145 2108 2394 2179 μοναχῶν
2418 2111 2595 2182 τούτῳ
2625 2112 2785 2166 πάλιν
2816 2113 3101 2185 πέπρακεν
3126 2115 3319 2168 ἐαυτὸν
3354 2114 3495 2168 κατά
3525 2113 3585 2166 16

2008 2191 2224 2260 πρῶτον
2253 2192 2459 2264 δρᾶμα,
2501 2198 2593 2248 καὶ
2620 2196 2770 2260 ἐντὸς
2804 2196 2898 2251 δύο
2920 2197 3055 2250 ἐτῶν
3084 2199 3399 2268 ἀποστήσας
3428 2197 3593 2252 αὑτὸν

2005 2275 2104 2345 τῆς
2133 2276 2419 2347 αἱρέσεως,
2478 2282 2571 2331 καὶ
2600 2278 2699 2349 τὴν
2724 2279 2914 2333 τούτου
2942 2280 3238 2350 ἐλευθέραν
3273 2282 3390 2349 ἆμα
3438 2280 3589 2352 πάσῃ

2005 2361 2069 2426 τῇ
2102 2360 2248 2431 οἰκία
2276 2359 2463 2423 αὑτοῦ,
2519 2362 2872 2432 προσήγαγεν
2911 2362 3137 2427 τούτους
3167 2367 3231 2433 τῇ
3267 2364 3588 2435 Ἐκκλησία.

2005 2442 2216 2504 υἴτινες
2269 2442 2457 2495 τοῦτον
2499 2444 2795 2513 ἠγάπησαν
2850 2444 3036 2497 οὐκέτι
3085 2445 3161 2508 ώς
3191 2447 3433 2515 οἰκέτην,
3468 2447 3585 2499 ἀλλ’

2006 2524 2145 2594 ὑπὲρ
2176 2525 2395 2595 γνήσιον
2434 2526 2662 2595 ἀδελφὸν
2695 2530 2791 2581 καί
2823 2529 3055 2598 πατέρα,
3086 2528 3299 2597 ἔχοντες
3329 2530 3491 2583 αὑτὸν
3529 2532 3590 2583 ἐν

2006 2608 2220 2679 μεγάλῃ
2250 2613 2408 2679 τιμῇ,
2442 2611 2534 2663 καὶ
2562 2611 2878 2677 δοξάζοντες
2909 2612 3025 2682 μετ’
3061 2612 3228 2666 αὑτοῦ
3260 2614 3349 2667 τὸν
3378 2613 3530 2669 Θεόν.

2073 2693 2205 2744 Μετ’
2234 2691 2413 2759 ὀλίγον
2442 2693 2603 2746 πάλιν
2633 2696 2823 2764 χρόνον
2846 2696 3238 2765 παρακαλέσας
3271 2696 3443 2749 πολλὰ
3466 2698 3587 2751 τού-

2002 2791 2147 2838 τους,
2181 2775 2276 2827 καὶ
2301 2776 2662 2846 ἀναχωρήσας
2697 2778 2725 2829 6
2758 2779 3129 2847 πνευματικὸς
3158 2780 3372 2849 ἀδάμας
3406 2781 3580 2850 Σερα-

2002 2856 2161 2922 πίων,
2200 2858 2389 2910 ἐϐαλεν
2419 2860 2607 2913 ἐαυτὸν
2649 2862 2728 2923 εἰς
2780 2862 2984 2926 πλοῖον,
3040 2863 3437 2933 ἀπεμπολήσας
3488 2865 3586 2918 καὶ

2001 2941 2211 3003 τούτοις
2244 2942 2445 3010 ὁμοίως
2469 2945 2580 3003 τοῖς
2613 2943 2899 3005 δεσπόταις
2924 2946 2986 2999 16
3019 2946 3256 3015 τίμημα,
3286 2949 3407 3016 μηδ’
3448 2947 3584 3011 ὅλως

2000 3041 2052 3076 τι
2109 3024 2585 3095 ἐπικομιζόμενος,
2644 3026 2719 3089 ώς
2777 3028 3008 3095 ὀφείλων
3061 3028 3155 3082 ἐπὶ
3201 3030 3299 3099 τὴν
3360 3030 3584 3100 Ῥώμην

2001 3106 2254 3161 πλεῦσαι.
2294 3110 2355 3160 Οἰ
2394 3107 2487 3160 οῦν
2512 3109 2758 3162 ναυτικοὶ
2808 3109 2999 3162 τοῦτον
3060 3110 3259 3174 ἰδόντες
3320 3113 3582 3166 ὑπενόουν

2002 3187 2164 3240 αὑτὸν
2198 3186 2340 3255 ἐχειν
2361 3187 2627 3253 δαπάνας,
2653 3190 2748 3242 καὶ
2771 3191 2827 3241 ἐν
2854 3189 2930 3260 τῷ
2956 3190 3129 3260 πλοίῳ
3161 3193 3580 3263 εἰσενηνοχέναι,

1998 3270 2031 3342 ἢ
2065 3272 2157 3323 καὶ
2181 3273 2237 3324 ἐν
2269 3273 2456 3343 χρυσῷ
2488 3272 2786 3343 κεκτῆσθαι
2813 3275 2984 3328 πολλά
3011 3275 3346 3346 ἀναλώματα
3373 3278 3579 3333 τοῦτον.

1997 3355 2089 3407 Διὸ
2116 3355 2209 3407 καὶ
2259 3356 2608 3426 ἀπεριέργως
2637 3357 2799 3410 αὑτὸν
2845 3358 3194 3425 ὑπεδέξαντο,
3227 3359 3387 3423 ἄλλος
3422 3360 3583 3415 ἄλλον

1998 3439 2227 3508 νομίσας
2254 3440 2537 3511 εἰληφέναι
2574 3441 2741 3495 αὑτοῦ
2777 3440 2847 3494 τά
2876 3443 3069 3511 σκεύη.
3104 3443 3193 3495 Ἐν
3221 3443 3297 3513 τῷ
3321 3440 3414 3497 οῦν
3444 3445 3582 3498 ἀπο-

1996 3522 2228 3575 πλεῦσαι
2260 3523 2479 3588 αὑτοὺς,
2508 3524 2602 3576 καί
2626 3524 2880 3592 γενέσθαι
2912 3526 2987 3587 ώς
3026 3525 3134 3579 ἀπὸ
3172 3527 3402 3580 σταδίων
3450 3545 3583 3581 πεν-

1996 3606 2265 3660 τακοσίων
2291 3606 2391 3675 τῆς
2433 3607 2863 3676 Ἀλεξανδρείας,
2901 3608 3086 3662 λοιπὸν
3114 3609 3345 3680 ἤρξαντο
3371 3612 3419 3664 οἰ
3458 3613 3581 3665 ἐπι-

1997 3688 2158 3743 ϐάται
2184 3690 2314 3760 περὶ
2340 3689 2548 3760 δυσμὰς
2576 3690 2728 3761 ἡλίου
2766 3691 2965 3743 ἐσθίειν
2997 3691 3228 3754 ἕκαστος
3249 3732 3263 3756 ,
3315 3694 3423 3746 τῶν
3453 3712 3582 3748 ναυ-

1994 3772 2161 3824 τικῶν
2190 3772 2607 3842 προφαγόντων.
2639 3773 2863 3833 Ἰδόντες
2890 3774 2947 3827 δὲ
2976 3774 3139 3828 αὑτὸν
3165 3774 3247 3827 ὅτι
3269 3776 3369 3828 οὑκ
3390 3776 3581 3845 ἤσθιεν

1994 3855 2092 3924 τὴν
2146 3855 2371 3925 πρώτην
2405 3856 2640 3927 ἡμέραν,
2674 3858 3087 3932 προσεδόκησαν
3140 3858 3332 3929 ἀηδίαν
3359 3860 3480 3913 τινὰ
3514 3864 3580 3914 ἐκ

1993 3940 2087 3992 τοῦ
2131 3940 2293 4005 πλοὸς
2326 3941 2475 4011 αύτῷ
2516 3942 3027 4012 προσγεγενῆσθαι·
3086 3942 3289 4011 ὁμοίως
3339 3945 3432 3997 καί
3480 3947 3579 4015 τὴν

1992 4023 2249 4093 δευτέραν
2273 4040 2286 4053 ·
2320 4026 2414 4077 καὶ
2438 4024 2598 4077 πάλιν
2635 4025 2735 4094 τὴν
2755 4026 2966 4095 τρίτην,
2988 4019 3107 4077 εἶτα
3139 4025 3235 4077 καί⁵
3262 4025 3358 4095 τὴν
3384 4028 3578 4098 τετάρ-

1992 4123 2110 4176 την.
2146 4108 2223 4177 Τῇ
2254 4103 2347 4159 οὖν
2379 4107 2608 4177 πέμπτῃ
2644 4109 2827 4178 ἡμέρα
2866 4109 3085 4162 πάντων
3129 4108 3419 4162 ἐσθιόντων
3454 4110 3576 4179 βλέ-

1994 4206 2155 4244 πουσι
2189 4191 2351 4245 πάλιν
2379 4191 2571 4244 τοῦτον
2611 4191 2977 4261 καθεζόμενον
3010 4194 3185 4263 ἡσυχῆ
3206 4210 3221 4223 '
3259 4195 3354 4246 καὶ
3386 4194 3576 4262 λέγου-

1993 4290 2078 4325 σιν
2109 4273 2259 4343 αὐτῷ
2282 4291 2293 4303 ·
2319 4274 2419 4328 Διά
2446 4277 2500 4327 τί
2520 4274 2620 4326 οὐκ
2638 4275 2859 4341 ἐσθίεις,
2880 4274 3133 4345 ἄνθρωπε
3156 4294 3170 4342 ;
3195 4275 3344 4343 λέγει
3367 4278 3572 4335 αὐτοῖς’

1997 4356 2116 4409 Ὀτι
2142 4358 2242 4411 οὐκ
2270 4358 2401 4429 έχω.
2420 4357 2779 4421 Ἀκούσαντες
2802 4358 2857 4411 δὲ
2878 4358 3035 4410 τοῦτο
3057 4359 3106 4410 οἰ
3126 4360 3390 4425 ναυτικοὶ,
3417 4377 3577 4430 περι-

1990 4439 2311 4508 ειργάζοντο
2348 4441 2636 4511 ἀλλήλους,
2670 4441 2752 4505 τίς
2801 4441 2967 4495 αὑτοῦ
3002 4442 3111 4513 ἄρα
3153 4442 3346 4496 ἐλαϐεν
3384 4445 3441 4496 ἐν
3490 4443 3574 4513 τῷ

289 4529 423 4582 σθαι
453 4528 577 4581 λίαν
600 4528 739 4596 μετά
768 4530 963 4598 κρότου
987 4529 1207 4600 χειρῶν,
1241 4530 1435 4597 λέγων·
1466 4531 1690 4599 ’Ἄνδρες
1720 4531 1881 4598 Ἀθη·
1910 4547 1964 4607 D
1990 4522 2258 4607 πλοίῳ-τα
2290 4524 2645 4593 ἀναλώματα.
2689 4524 2777 4588 Ὦς
2812 4525 2869 4578 δὲ
2898 4520 3054 4595 εὖρον
3099 4526 3182 4578 ὅτι
3225 4526 3400 4588 οὐδεὶς
3431 4525 3572 4595 (οὐδὲ

287 4616 458 4677 ναῖοι,
485 4611 756 4681 βοηθεῖτε.
789 4611 1191 4682 Συνδραμόντες
1222 4613 1279 4665 δέ
1318 4613 1518 4676 πάντες
1544 4614 1636 4683 ὑφ’
1674 4614 1731 4667 ἓν
1760 4632 1881 4683 τρι-

285 4696 600 4765 ϐωνοφόροι
634 4712 693 4747 τε
746 4696 842 4748 καὶ
899 4695 1251 4767 βυρροφόροι,
1310 4697 1560 4764 λέγουσιν
1596 4696 1766 4767 αύτῷ⁸
1815 4695 1881 4749 Τί

282 4781 463 4850 ἔχεις,
502 4775 796 4849 ἀνθρωπες
854 4779 888 4849 ἢ
932 4780 1096 4832 πόθεν
1121 4776 1265 4851 εἷ;ἢ
1320 4782 1373 4835 τί
1424 4784 1687 4851 πάσχεις;
1718 4782 1880 4848 Λέγει

278 4866 508 4929 αὐτοῖς·
553 4862 695 4930 Ἐγὼ
731 4862 830 4932 μέν
864 4866 979 4935 εἰμι
1011 4866 1089 4935 τῷ
1114 4867 1262 4932 γένει
1294 4868 1610 4936 Αἰγύπτιος,
1648 4869 1880 4939 μοναχὸς

278 4949 340 5001 δὲ
373 4952 445 5019 τῇ
478 4945 748 5016 πολιτείᾳ.
791 4944 998 5015 Ἀφόῦ
1024 4948 1081 5001 δὲ
1112 4950 1214 5020 τῆς
1240 4953 1511 5022 σαρκικῆς
1540 4970 1643 5022 μου
1680 4952 1880 5023 πατρί-

275 5034 374 5096 δος
402 5031 679 5099 ἀπέστην,
707 5030 853 5101 τρισὶ
878 5031 1182 5097 δανεισταῖς
1214 5036 1521 5106 περιέπεσα
1541 5052 1554 5065 ·
1581 5036 1676 5090 καὶ
1700 5038 1749 5089 οἰ
1777 5037 1878 5106 μὲν

275 5118 376 5173 δύο
400 5113 543 5185 ὁμοῦ
570 5114 984 5185 ἀπηλλάγησαν,
1020 5117 1401 5190 πληρωθέντος
1422 5119 1515 5173 τοῦ
1542 5122 1756 5193 χρέους,
1778 5122 1877 5175 ούκ

274 5202 508 5272 ἔχοντες
537 5198 566 5250 ὃ
592 5199 930 5266 ἐγκάλεσωσί
952 5218 1041 5270 με.
1071 5200 1128 5255 '0
1151 5194 1207 5255 δὲ
1234 5203 1413 5272 τρίτος
1444 5222 1544 5273 μου
1573 5206 1673 5258 ούκ
1696 5206 1874 5260 ἀπαλ-

273 5286 566 5347 λάττεται,
600 5284 693 5335 καὶ
719 5283 819 5335 οὑκ
848 5282 955 5353 έχω
987 5283 1109 5337 ὃθεν
1142 5286 1333 5339 τοῦτον
1368 5286 1870 5360 πληροφορὴσαιμι.

270 5365 862 5434 Φιλοπραγμονοῦντες
911 5367 967 5419 δὲ
1016 5370 1214 5421 ἐκεῖνοι
1257 5370 1390 5432 τοὺς
1442 5371 1745 5437 δανειστὰς,
1783 5374 1871 5426 ἵνα

270 5452 482 5510 αὐτοὺς
532 5448 1041 5520 πληροφορήσωσιν,
1080 5452 1307 5520 ἠρώτων
1352 5455 1536 5519 αὑτὸν,
1586 5457 1871 5525 λέγοντες·

272 5534 389 5589 11δῦ
451 5532 561 5584 εἰσι
615 5535 709 5586 καὶ
769 5534 913 5597 τίνες
950 5537 999 5588 οἱ
1048 5537 1380 5607 διοχλοῦντές
1410 5556 1506 5605 σε;
1539 5540 1709 5605 δεῖξον
1742 5542 1872 5611 ἡμῖν

266 5615 511 5678 αὐτοὺς,
570 5614 657 5667 ἴνα
704 5632 787 5667 σοι
841 5615 1222 5691 βοηθήσωμεν.
1278 5622 1412 5674 Τότε
1464 5622 1611 5692 λέγει
1644 5624 1867 5688 αὐτοῖς·

268 5696 558 5769 ’Ὢχλησέν
591 5714 681 5768 μοι
712 5699 776 5751 ἐκ
804 5700 1057 5770 νεότητος
1089 5702 1448 5774 φιλαργυρία,
1479 5709 1574 5760 καὶ
1610 5710 1865 5778 πορνεία,

268 5784 366 5838 καὶ
396 5782 856 5851 γαστριμαργίαο
892 5783 999 5836 τῶν
1026 5784 1117 5838 οῦν
1160 5786 1254 5839 δύο
1286 5788 1631 5861 ἀπηλλάγην,
1675 5792 1866 5863 φιλαρ-

601 5896 871 5959 ΡΑτιιοι..
917 5901 1032 5961 Gn.
1083 5905 1381 5966 XXXIV.

1988 4605 2097 4674 γὰρ
2138 4602 2284 4675 εἶχέν
2317 4606 2391 4675 τι)
2426 4607 2663 4677 ἤρξαντο
2706 4608 2869 4661 αὑτοῦ
2897 4608 3259 4679 διαμάχεσθαι
3294 4607 3570 4675 λέγοντες,

1986 4688 2059 4740 Σὺ
2097 4688 2216 4752 πῶς
2254 4689 2502 4760 εἰσῆλθες
2541 4690 2727 4744 ἐνθάδε
2772 4690 2902 4743 ἄνευ
2939 4691 3345 4760 ἀναλωμάτων;
3374 4690 3567 4743 τοσοῦ-

1983 4790 2074 4825 τον
2096 4772 2152 4824 δὲ
2173 4771 2344 4825 πλοῦν
2377 4774 2540 4827 πόθεν
2566 4772 2709 4844 ἔχεις
2744 4774 3165 4845 οἰκονομηθῆναι
3187 4813 3201 4838 ,
3244 4774 3340 4827 καὶ
3393 4774 3570 4838 ἄλλως

1983 4858 2116 4927 ἡμῖν
2144 4857 2203 4911 16
2234 4856 2431 4911 ναῦλον
2463 4857 2627 4911 πόθεν
2653 4857 2797 4927 ἐχεις
2824 4852 3111 4927 πληρῶσαι
3134 4873 3149 4922 ;
3194 4857 3251 4910 Ὀ
3273 4857 3330 4909 δὲ
3359 4859 3570 4929 μακρό-

1984 4942 2157 5011 θυμος
2210 4942 2361 5011 λέγει
2387 4943 2601 5005 αὐτοῖς·
2662 4940 2802 5009 Ἐγὼ
2858 4943 3093 5010 πρᾶγμα
3138 4941 3237 4992 οὑκ
3263 4940 3390 5009 ἔχω.
3433 4942 3568 4993 Ἀπ-

1983 5027 2245 5095 ενέγκατέ
2284 5044 2376 5096 με,
2404 5026 2500 5078 καὶ
2524 5026 2715 5097 ῥίψατε
2745 5026 2877 5078 ὅπου
2912 5042 2980 5093 με
3011 5024 3223 5094 εὕρετε.
3258 5027 3321 5078 Ol
3352 5025 3408 5077 δέ
3440 5043 3569 5077 ναυ-

1979 5111 2123 5163 τικοὶ
2143 5109 2317 5179 τούτῳ
2346 5109 2603 5177 λέγουσι·
2645 5109 2822 5171 Χολᾶς
2847 5110 2898 5162 τί
2933 5125 3099 5173 ποτε;
3131 5107 3259 5162 οὔτε
3289 5110 3337 5161 εἰ
3373 5110 3568 5162 ἑκατὸν

1979 5198 2165 5259 ἐδίδως
2220 5195 2472 5266 χρύσινα,
2520 5195 2681 5247 τοῦτο
2728 5192 3025 5260 ἐποιοῦμεν
3077 5193 3269 5264 ἡδέως,
3298 5193 3567 5263 τοσαύτης

1978 5284 2116 5353 ἡμῖν
2163 5281 2251 5335 διὰ
2307 5278 2401 5333 τοῦ
2439 5278 2573 5331 Θεοῦ
2627 5277 2793 5346 οῦσης
2828 5278 3103 5340 εὐπλοτας.
3145 5277 3434 5347 Ἐχώμεθα
3470 5277 3565 5330 οῦν

1976 5365 2072 5419 τοῦ
2112 5362 2341 5425 σκοποῦ,
2377 5363 2445 5414 τὰ
2480 5361 2816 5431 προκείμενα
2847 5361 2978 5432 ἡμῖν
3013 5360 3351 5425 ἐξανύοντες.
3373 5360 3563 5425 Οῦτως

1975 5445 2069 5503 οὖν
2108 5445 2176 5520 ἦν
2205 5451 2262 5502 ἐν
2286 5446 2364 5517 τῷ
2398 5445 2567 5515 πλοίῳ
2606 5446 2934 5515 ἁμέριμνος,
2966 5447 3062 5499 καὶ
3109 5446 3157 5499 οἰ
3189 5447 3433 5499 ναυτικοί
3472 5447 3563 5499 εὑ-

1978 5533 2219 5604 ρέθησαν
2279 5531 2385 5592 έως
2446 5528 2662 5598 Ῥώμης
2713 5528 3031 5598 τρέφοντες.
3075 5529 3350 5583 Εἰσελθὼν
3400 5529 3492 5582 οὖν
3533 5530 3563 5582 6

1973 5617 2219 5688 ἀθλητὴς
2272 5614 2367 5668 τοῦ
2405 5613 2645 5686 Χριστοῦ
2691 5615 2748 5667 ἐν
2800 5612 2988 5685 Ῥώμῃ
3052 5614 3472 5684 περιειργάςετο
3502 5615 3563 5666 ἐν

1972 5704 2136 5773 αὐτῇ,
2170 5700 2253 5762 τίς
2293 5698 2403 5771 ἄρα
2457 5699 2605 5751 ἐστὶν
2634 5696 2856 5765 ἄριστος
2876 5697 2983 5751 τῶν
3015 5698 3274 5769 ἀσκητῶν
3305 5698 3476 5769 μέγας
3519 5692 3557 5763 ἢ

1972 5790 2067 5843 καὶ
2092 5787 2367 5857 ἁσκήτρια
2397 5785 2455 5838 ἐν
2485 5786 2551 5855 τῇ
2580 5784 2754 5838 πόλει.

3201 5897 3279 5959 38
