4028 6430
484 416 616 479 1187

1086 524 1344 578 ΚΕΦΛΛ.
1386 524 1507 576 ΠΔἏ

1042 610 1183 678 Περὶ
1213 610 1528 678 Δομνίνου.

567 697 656 751 Ἐν
686 690 765 759 οἷς
794 694 1039 764 Δομνίνῳ
1064 695 1174 745 τινὶ
1196 690 1430 762 γενναίῳ
1463 692 1521 742 ἐν
1542 690 1609 758 τῇ
1632 687 1861 755 ἀσκήσει
1896 680 2072 751 ἀνδρὶ,

486 779 703 851 μαθητῇ
758 776 1070 848 Ὧριγένους
1098 774 1415 845 περιέτυχε,
1434 772 1659 843 ,μεγάλῃ
1710 768 1943 851 ἀσκήσει
1972 781 2075 817 πε-

484 846 776 932 πονημένῳ
796 846 976 930 (περὶ
1032 853 1094 913 οῦ
1127 860 1284 928 φήμη
1316 857 1561 925 διέτρεχε
1614 851 1788 905 πολλά
1817 846 2075 932 θαύματα

485 930 870 1013 πεποιηκέναι.
908 934 983 995 Οὖ
1014 943 1047 1012 ή
1078 942 1236 1011 κλίνη
1266 940 1361 993 καὶ
1394 938 1533 1010 μετὰ
1566 937 1658 990 τὸν
1696 936 1925 989 θάνατον
1946 930 2075 984 τού-

484 1047 577 1082 του
612 1028 832 1095 ἐλέγετο
854 1026 1045 1089 νόσους
1078 1026 1287 1078 ίάσθαι.

1073 1122 1332 1176 ΚΕΦΛΛ.
1370 1120 1498 1174 ΠΕ’.

777 1208 918 1279 Περὶ
952 1207 1063 1277 τῆς
1094 1208 1165 1260 ἐν
1202 1206 1393 1276 Ῥώμῃ
1428 1202 1755 1272 παρθένου.

558 1293 872 1364 Περιτυχὼν
899 1288 992 1346 οῦν
1018 1292 1190 1363 αὐτῷ,
1222 1291 1318 1344 καὶ
1341 1285 1721 1358 οἰκοδομηθεὶς
1751 1284 1884 1354 παρ’
1908 1280 2074 1337 αὑτοῦ

488 1379 649 1449 (ἀνὴρ
679 1378 790 1446 γὰρ
839 1372 908 1447 ἦν
947 1374 1366 1447 τετορνευμένος
1401 1373 1458 1425 έν
1486 1388 1544 1424 τε
1570 1370 1693 1440 ’ήθει
1725 1370 1818 1422 καὶ
1849 1366 2075 1435 γνώσει,

486 1463 581 1515 καὶ
607 1462 752 1530 λόγῳ
774 1461 868 1514 καὶ
904 1460 1024 1530 βίῳ)
1048 1459 1268 1530 ἐρωτῶν
1305 1474 1364 1510 τε
1398 1456 1592 1526 μαθεῖν
1619 1455 1749 1525 παρ’
1795 1451 1960 1505 αὑτοῦ
1992 1450 2077 1512 τίς

485 1547 593 1617 ἀρα
628 1547 711 1617 εῐη
739 1547 855 1598 ἐκεῖ
887 1544 1048 1607 ἄλλος
1077 1543 1325 1613 ἀσκητὴς
1357 1541 1391 1613 ἢ
1416 1540 1694 1608 ἀσκήτρια
1716 1580 1731 1603 ,
1772 1536 1914 1604 ἔγνω
1945 1532 2075 1603 παρ’

486 1627 651 1683 αὑτοῦ
676 1631 803 1699 περὶ
837 1625 1219 1698 ήσυχαζούσης
1245 1625 1390 1687 τινὸς
1414 1622 1713 1692 παρθένου,
1738 1621 1813 1683 ὼς
1835 1622 1921 1687 είη
1940 1617 2078 1688 αὑτὴ

484 1712 729 1765 εἰκοστὸν
747 1711 996 1781 πέμπτον
1026 1711 1235 1778 ἄγουσα
1262 1708 1380 1770 ἔτος
1406 1703 1990 1774 ἐγκατακεκλεισμένη
2020 1703 2078 1753 ἐν

483 1793 649 1865 κέλλῃ
677 1794 948 1865 μηδέποτε
981 1792 1174 1863 μηδενὶ
1224 1790 1687 1860 συντυγχάνουσα.
1726 1787 1933 1842 Μαθὼν
1986 1784 2081 1837 οῦν

1973 400 2327 462 PALLADII

2108 512 2157 568 A
2187 514 2344 565 ποιῶο
2373 515 2451 576 εἰς
2483 513 2645 566 τοῦτο
2675 513 2782 581 γὰρ
2805 510 2864 564 τὸ
2896 511 3093 581 μέτρον
3111 510 3211 563 οὐκ
3239 504 3409 579 ἦλθον
3440 508 3649 578 ἀκμὴν,
3676 510 3773 564 εὕ-

3640 396 3776 462 1188

2184 612 2352 665 χομαι
2382 596 2439 648 δὲ
2462 596 2659 649 ἐλθεῖν.
2698 595 2831 648 Τότε
2868 594 3020 662 λέγει
3047 594 3186 663 αὐτῇ
3221 594 3249 644 6
3290 591 3480 653 δοῦλος
3512 591 3607 644 τοῦ
3633 592 3769 644 Θεοῦ

2181 678 2467 749 Σεραπίων
2494 680 2521 732 6
2538 676 2927 748 ἀπροσπαθής·
2960 675 3135 729 Βλέπε
3161 674 3275 737 οῦν,
3304 675 3530 743 ἀδελφὴ,
3569 675 3774 743 μηκέτι

2185 761 2581 833 μεγαλοφρόνει
2606 762 2700 815 ἐπὶ
2724 763 2925 832 σεαυτῇ
2954 759 3030 823 ὼς
3052 760 3271 813 πάντων
3297 759 3434 811 οὖσα
3468 758 3774 827 ἀγιωτέρα,

2180 847 2278 898 καὶ
2315 846 2644 915 καυχωμένη
2691 846 2768 907 ὡς
2803 843 2883 914 τῷ
2922 845 3114 914 κόσμῳ
3148 842 3326 911 τούτῳ
3378 841 3733 894 ἀποθανοῦσα
3756 856 3773 870 ·

2180 927 2382 997 ἔμαθες
2404 929 2511 998 γάρ
2541 928 2623 982 ὅτι
2659 927 2779 998 ζῇς,
2816 928 2911 981 καὶ
2934 926 3118 996 ἀκμὴν
3154 924 3464 996 ἀνθρώποις
3485 926 3771 995 ἀρέσκεις.

2193 1010 2334 1080 Ἐγὼ
2364 1012 2471 1083 γάρ
2497 1028 2591 1065 σου
2616 1011 2853 1081 δύναμαι
2878 1012 3198 1080 νεκρότερος
3231 1006 3393 1073 εἶναι,
3431 1010 3575 1079 ἔργῳ
3608 1009 3777 1062 δυνὰο

2184 1112 2341 1164 μενος
2370 1095 2543 1159 δεῖξαι
2595 1096 2677 1148 ὅτι
2727 1095 2805 1166 τῷ
2833 1095 3026 1164 κόσμῳ
3055 1092 3350 1157 ἀπέθανον,
3395 1092 3773 1161 ἀπροσπαθῶς

2179 1180 2318 1249 ἔχων
2349 1180 2421 1232 τὰ
2450 1179 2589 1250 πρὸς
2622 1178 2808 1232 αὐτόν.
2868 1176 3340 1246 ’Λνεπαισχύντως
3396 1177 3504 1246 γάρ
3531 1175 3774 1244 δύναμαι

2181 1263 2278 1317 καὶ
2307 1261 2749 1325 ἀσκανδαλίστως
2772 1260 2932 1315 τοῦτο
2962 1261 3185 1329 ποιῆσαι
3214 1262 3351 1330 ὅπερ
3390 1260 3635 1323 ἐπέταξά
3663 1276 3773 1316 σοι.

2194 1348 2328 1401 Ἀπὸ
2359 1346 2564 1402 τούτων
2596 1347 2705 1401 τῶν
2731 1345 2907 1415 λόγων
2936 1346 3236 1411 παιδεύσας
3271 1345 3442 1416 αὐτὴν
3483 1349 3541 1398 ἐν
3574 1362 3775 1398 ταπειο

2180 1432 2509 1504 νοςρροσύνῃ,
2540 1433 2663 1486 τότε
2695 1431 2990 1486 κατέλιπεν
3024 1430 3227 1501 ταύτην
3252 1430 3485 1493 τελείαν,
3512 1432 3608 1483 καὶ
3638 1428 3776 1482 κλά-

2181 1533 2277 1579 σας
2309 1516 2479 1587 αύτῆς
2506 1516 2568 1569 τὸ
2591 1516 2821 1586 φύσημα
2843 1514 2938 1569 τοῦ
2971 1514 3163 1584 τύφου,
3206 1514 3378 1577 οὕτως
3404 1512 3573 1581 αὐτῆς
3604 1514 3635 1564 6
3668 1529 3777 1582 μα-

2181 1602 2373 1671 κάριος
2424 1600 2794 1670 ἀνεχώρησεν.
2852 1594 3074 1662 Οῦτοςό
3111 1597 3221 1667 βίος
3269 1596 3622 1667 Σεραπίωνος
3679 1593 3775 1649 τοῦ

2181 1683 2427 1747 ἀπαθοῦς
2452 1686 2548 1737 καὶ
2576 1685 2880 1753 ἀκροτάτου
2920 1684 3249 1752 ἀκτήμονος.

2254 1767 2433 1819 Πολλά
2461 1769 2518 1821 δέ
2542 1770 2637 1821 καὶ
2665 1768 2898 1839 λαμπρά
2929 1766 2965 1820 ἀ
2991 1765 3294 1837 πεποίηκεν
3317 1763 3603 1834 θαυμάσια
3631 1764 3774 1834 πρά-

485 1848 658 1947 0616;
677 1848 717 1930 ,ό
740 1848 994 1947 ἀοίδιμος
1027 1848 1183 1939 οὗτος
1242 1874 1333 1928 τὸν
1365 1848 1538 1938 οίῖον,
1558 1871 1802 1943 ἀπῆλθεν
1824 1872 1959 1933 ἐκεῖ,
1986 1868 2078 1921 καὶ
2111 1867 2152 1923 Β
2180 1867 2367 1920 Ὑματα
2462 1853 2719 1947 ένςίρξξος
2755 1850 2852 1905 τοῦ
2876 1849 3117 1947 ymo?
3164 1848 3426 1947 ξῖοφιξῖξῂς
3452 1848 3530 1947 τὲ
3553 1849 3769 1947 ξυντεί-

483 1959 632 2029 λέγει
650 1962 716 2031 τῇ
740 1960 1160 2031 ύπηρετουμένῃ
1185 1960 1324 2029 αὐτῇ
1353 1958 1536 2027 γραῖδι
1556 1973 1569 1987 ·
1591 1954 1757 2008 Εἰπὸν
1778 1956 1845 2025 τῇ
1871 1951 2080 2021 παρθέ-

485 2060 582 2113 νῳ.
623 2043 705 2095 ὅτι
730 2042 1000 2107 Μονάζων
1029 2058 1113 2105 τις
1140 2042 1451 2109 ἀναγκαίως
1479 2057 1560 2092 σοι
1594 2038 1739 2091 θέλει
1774 2038 2078 2105 συντυχεῖν.

485 2124 719 2178 Δεδώκει
757 2126 813 2177 δὲ
843 2124 992 2196 αύτῷ
1025 2126 1317 2195 ἀπόκρισιν
1372 2126 1406 2195 ἠ
1432 2122 1629 2193 γραῦς,
1660 2122 1741 2174 ὅτι
1774 2121 1838 2174 ἐκ
1869 2118 2081 2172 πολλῶν

486 2210 622 2261 ἐτῶν
646 2210 821 2263 οὐδενὶ
849 2210 1272 2280 συντετύχηκεν.
1295 2208 1460 2275 Λέγει
1489 2207 1649 2276 αὐτῇ·
1690 2199 1858 2258 Εἶπον
1912 2202 2076 2271 αὐτῇ,

486 2294 569 2346 ὃτι
595 2294 680 2347 ἵνα
708 2310 787 2347 σοι
815 2293 1065 2364 συντύχω
1088 2310 1100 2323 ·
1129 2295 1158 2345 6
1179 2292 1312 2355 Θεὸς
1357 2292 1468 2361 γάρ
1496 2306 1561 2359 με
1594 2286 1914 2342 ἀπέστειλεν
1942 2286 2082 2356 πρὸς

487 2376 569 2429 σέ.
603 2373 667 2428 Ἢ
698 2376 753 2429 δὲ
782 2377 902 2429 ούδέ
933 2376 1107 2439 οὕτως
1132 2376 1415 2446 ἠνέσχετο.
1459 2371 1817 2443 Παραμείνας
1845 2371 1901 2423 δέ
1931 2370 2079 2439 τρεῖς

484 2458 697 2528 ἡμέρας
725 2461 790 2530 τῇ
825 2460 1044 2529 εὐτονίᾳ
1075 2459 1303 2529 ὕστερον
1334 2458 1472 2527 αὐτῇ
1511 2456 1825 2522 συνέτυχεν,
1847 2450 2080 2505 καὶὶδὼν

486 2543 679 2614 αὐτὴν,
740 2544 911 2613 λέγει’
974 2544 1040 2596 Τί
1104 2540 1315 2613 καθέξῃ
1378 2539 1652 2605 ἐνταῦθα;
1698 2535 2080 2606 ’Λποκρίνεται

488 2627 639 2698 αὐτῷ
672 2630 856 2698 ἐκείνη
889 2628 1160 2696 λέγουσα’
1197 2627 1275 2680 Ού
1328 2625 1657 2695 καθέζομαι,
1710 2622 1846 2675 ἀλλά
1886 2620 2077 2673 ὁδεύω.

488 2712 652 2781 Λέγει
676 2717 812 2784 αὑτῇ
838 2715 1065 2776 ἐκεῖνος,
1091 2712 1201 2766 Ποῦ
1230 2710 1434 2772 όδεύεις
1462 2726 1475 2775 ;
1503 2709 1667 2776 Λέγει
1711 2706 1859 2775 αὐτῷ
1885 2706 1920 2775 ἡ
1946 2722 2083 2773 παρ-

488 2795 672 2860 θένος’
711 2798 856 2868 Πρὸς
887 2797 978 2851 τὸν
1006 2797 1138 2850 Θεόν
1176 2812 1300 2867 μου.
1334 2795 1500 2862 Λέγει
1543 2794 1682 2861 αὐτῇ
1716 2792 1743 2842 6
1772 2788 1957 2850 δοῦλος
1984 2788 2079 2841 τοῦ

487 2881 657 2934 Θεοῦσ
711 2883 839 2953 Ζῇς,
892 2881 927 2953 ἢ
961 2881 1272 2947 ἀπέθανες;
1328 2878 1493 2946 Λέγει
1533 2875 1684 2945 αὑτῷ
1730 2874 1914 2944 ἐκείνη
1940 2890 1954 2904 ’
1983 2876 2080 2927 Πι-

488 2964 666 3017 στεύω
688 2966 766 3025 είς
802 2963 894 3017 τὸν
918 2963 1051 3017 Θεόν
1077 2981 1178 3034 μου
1202 2966 1283 3017 ὅτι
1304 2961 1578 3016 ἀπέθανον
1613 2958 1690 3028 τῷ
1713 2957 1927 3027 κόσμῳ.
1964 2956 2083 3010 Ζῶν

488 3047 597 3118 γὰρ
626 3050 693 3118 τῇ
716 3049 879 3116 σαρκὶ
906 3046 967 3099 οὺ
1003 3047 1077 3117 μὴ
1113 3046 1310 3117 όδεύσῃ
1333 3044 1471 3115 πρὸς
1495 3043 1589 3096 τὸν
1616 3042 1772 3094 Θεόν.
1816 3039 2082 3102 Ἀκούσας

487 3130 547 3181 δὲ
570 3128 742 3181 ταῦτα
772 3130 799 3180 6
826 3131 1096 3200 μακάριος
1122 3130 1431 3200 Σεραπίων,
1463 3126 1612 3195 λέγει
1639 3126 1778 3195 αὐτῇ
1800 3140 1815 3155 ’
1847 3122 2079 3186 Οὐκοῦν,

2182 1950 2342 1987 νοντα
2388 1937 2469 1999 είς
2512 1936 2806 2002 ἀπάθειαν,
2873 1935 3032 1989 ἅτινα
3080 1934 3190 1987 ἀπὸ
3225 1933 3438 1988 πολλῶν
3482 1933 3645 1999 ὀλίγα
3677 1950 3772 2000 γε·

2183 2017 2495 2087 γράφαμεν,
2527 2018 2590 2071 τὸ
2630 2018 2871 2091 καθαρὸν
2900 2018 2992 2072 τοῦ
3036 2017 3153 2087 βίου
3178 2016 3371 2070 τούτου
3402 2016 3767 2086 δηλώσαντες.

2183 2097 2353 2166 Οὗτος
2402 2104 2432 2155 6
2484 2103 2753 2165 ἀθάνατος
2803 2103 3027 2168 τελευτᾷ
3057 2102 3207 2169 ἄγων
3251 2101 3350 2171 τῆς
3391 2099 3615 2170 ἡλικίας
3655 2100 3769 2163 ἔτος

2182 2184 2495 2255 ἑξηκοστὸν,
2526 2186 2584 2237 ἐν
2622 2186 2762 2257 αὐτῇ
2795 2189 2860 2257 τῇ
2893 2187 3085 2257 ἐρήμῳ
3108 2185 3323 2254 ταφείς.

2748 2286 2999 2339 ΚΕΦΑΛ.
3064 2285 3201 2350 oq'.

2714 2368 2858 2435 Περὶ
2891 2367 3211 2436 ΕὐαγῬίου.

2253 2450 2334 2505 Τά
2365 2451 2505 2505 κατὰ
2537 2449 2811 2521 Εύάγριον
2845 2451 2935 2504 τὸν
2958 2451 3201 2520 ἀοίδιμον
3230 2449 3478 2503 διάκονον
3508 2448 3603 2503 τοῦ
3633 2452 3767 2521 Χρι-

2184 2534 2342 2597 στοῦ,
2394 2534 2563 2605 ἄνδρα
2599 2535 2901 2604 βεϐιωκότα
2948 2534 3089 2587 κατὰ
3122 2535 3247 2597 τοὺς
3280 2534 3614 2597 ἀποστόλους
3639 2574 3655 2596 ,
3708 2537 3768 2588 ού

2181 2616 2390 2671 δίκαιον
2435 2618 2743 2688 ήσυχάσαι,
2797 2618 2935 2671 ἀλλά
2974 2618 3148 2672 ταῦτα
3192 2620 3378 2688 γραφῇ
3432 2618 3767 2687 παραδοῦναι

2181 2704 2259 2766 είς
2301 2702 2589 2774 οἰκοδομὴν
2635 2702 2744 2755 τῶν
2795 2704 3253 2773 ἐντυγχανόντων,
3305 2703 3400 2755 καὶ
3458 2701 3617 2766 δόξαν
3670 2703 3768 2773 τῆς

2152 2799 2165 2805 ‘
2182 2784 2520 2854 ἀγαθότητος
2547 2784 2640 2837 τοῦ
2674 2785 2925 2855 Σωτῆρος
2950 2784 3130 2856 ήμῶν,
3156 2784 3363 2837 δίκαιον
3390 2785 3765 2855 ἡγησάμενος,

2182 2868 2388 2923 ἄνωθεν
2427 2867 2745 2937 ἐκτίθεμαι,
2793 2867 2912 2931 πῶς
2960 2885 3019 2920 τε
3066 2864 3231 2938 ἦλθεν
3280 2870 3373 2921 ἐπὶ
3424 2870 3517 2921 τὸν
3554 2872 3767 2939 μονήρη

2184 2952 2407 3019 σκοπὸν,
2441 2952 2535 3005 καὶ
2583 2954 2732 3014 ὅπως
2783 2952 2949 3015 ἀξίως
2994 2950 3090 3005 τοῦ
3140 2951 3559 3021 ἐπαγγέλματος
3608 2953 3771 3005 αὑτὸν

2182 3036 2494 3108 ἐξασκήσας
2522 3037 2751 3108 τελευτᾷ
2802 3036 2940 3089 ἐτῶν
2974 3038 3316 3105 πεντήκοντα
3360 3038 3670 3105 τεσσάρων,
3716 3039 3773 3089 ἐν

2181 3123 2250 3192 τῇ
2299 3123 2525 3192 ἐρήμῳ,
2575 3122 2720 3175 κατὰ
2772 3119 2833 3173 τὸ
2872 3119 3299 3191 γεγραμμένονο
3338 3119 3665 3179 Τελειωθεὶς
3716 3121 3772 3172 ἐν

491 3209 579 3264 ἵνα
613 3228 681 3280 με
713 3212 1140 3282 πληροφορήσῃς
1173 3213 1255 3265 ὅτι
1287 3209 1559 3271 ἀπέθανες
1588 3209 1666 3280 τῷ
1689 3209 1903 3277 κόσμῳ,
1925 3206 2084 3277 ποίη·
2113 3208 2160 3270 C
2190 3205 2356 3276 ὀλίγῳ
2388 3207 2673 3277 ἐπλήρωσε
2703 3205 2930 3275 χρόνους
2972 3203 3236 3275 μακρούς.
3280 3202 3509 3273 Ἀρεστὴ
3546 3204 3657 3273 γὰρ
3682 3202 3770 3256 δν-

491 3310 582 3346 σον
611 3294 638 3347 ὃ
660 3293 771 3363 ἐγὼ
796 3296 956 3351 ποιῶ.
982 3297 1146 3364 Λέγει
1164 3295 1316 3365 αύτῷ
1342 3294 1546 3364 ἐκείνη·
1566 3291 1777 3345 Δυνατά
1806 3307 1897 3361 μοι
1924 3290 2084 3360 μόνον

487 3370 762 3445 ἐπίταξον,
784 3380 878 3432 καὶ
907 3377 1066 3433 ποιῶ.
1085 3378 1445 3449 Ἀπεκρίνατο
1468 3377 1603 3448 αὐτῇ
1630 3377 1857 3437 ἐκεῖνος’
1887 3371 2085 3445 Νεκρῷ

487 3460 689 3517 δυνατά
713 3466 830 3517 ἐστι
866 3464 1047 3518 πάντα
1068 3462 1146 3534 τῷ
1172 3463 1311 3517 κατά
1337 3461 1422 3529 σὲ,
1449 3461 1723 3532 παρεκτὸς
1750 3457 1846 3512 τοῦ
1881 3458 2083 3528 ἀσεὸῆ-

489 3565 602 3603 σαι.
632 3544 765 3601 Εἶτα
793 3548 941 3615 λέγει
966 3547 1126 3619 αύτῇ’
1158 3545 1405 3601 Κάτελθε
1429 3547 1523 3599 καὶ
1549 3544 1799 3615 πρόελθε.
1826 3543 2084 3613 Ἀπεκρί-

488 3649 617 3685 νατο
648 3630 795 3701 αὐτῷ
826 3632 1032 3700 ἐκείνη·
1068 3632 1329 3683 Εἰκοστὸν
1366 3630 1615 3699 πέμπτον
1644 3627 1762 3691 έτος
1785 3626 1890 3697 ἔχω
1923 3625 2085 3696 μηδέ-

488 3733 619 3768 ποτε
641 3713 1002 3786 προελθοῦσα,
1027 3714 1120 3766 καὶ
1144 3714 1230 3766 ἵνα
1257 3713 1309 3765 τί
1330 3715 1568 3782 σήμερον
1602 3711 1883 3781 προέλθω;
1920 3711 2082 3776 Λέγει

487 3799 625 3870 αὐτῇ
656 3799 861 3861 ἐκεῖνος
882 3813 897 3826 ·
945 3798 1101 3859 Οὐαὶ,
1134 3798 1232 3849 οὐκ
1259 3793 1432 3861 εἴπες,
1469 3796 1550 3848 ὃτι
1593 3794 1734 3863 Ἐγὼ
1763 3794 1840 3864 τῷ
1894 3794 2084 3862 κόσμῳ

486 3883 663 3952 τούτῳ
683 3880 990 3946 ἀπέθανον;
1017 3880 1177 3951 δῆλον
1214 3881 1434 3944 πάντως
1463 3881 1546 3933 ὅτι
1586 3881 1679 3933 καὶ
1702 3879 1784 3931 σοὶ
1818 3879 1846 3930 6
1876 3878 2081 3947 κόσμος

486 3965 589 4018 οὐκ
638 3964 804 4018 ἔστιν.
837 3964 901 4016 El
930 3963 1023 4017 οῦν
1051 3964 1208 4016 τοῦτό
1239 3967 1389 4017 ἐστιν
1410 4003 1425 4029 ,
1451 3963 1645 4033 νεκρὸς
1673 3962 1887 4024 οὐδενὸς
1924 3963 2081 4013 ἐπαι-

489 4047 767 4101 σθάνεται.
799 4047 1008 4099 Ταυτόν
1044 4063 1126 4099 σοι
1151 4045 1241 4099 οὖν
1273 4048 1419 4099 ἐστιν
1441 4045 1535 4099 καὶ
1562 4044 1846 4114 προελθεῖν
1881 4044 1974 4096 καὶ
2004 4042 2080 4113 μὴ

487 4130 794 4201 προελθεῖν.
830 4130 1147 4201 Α’Λκούσασα
1185 4130 1243 4184 δὲ
1273 4129 1447 4183 ταῦτα
1483 4131 1516 4197 ή
1558 4128 1847 4200 παρθένος,
1880 4127 2079 4199 προῆλο

490 4213 603 4266 θενο
637 4216 778 4285 μετά
806 4213 863 4266 δὲ
893 4214 950 4267 τὸ
985 4214 1273 4285 προελθεῖν
1305 4215 1476 4282 αὐτὴν
1503 4212 1628 4277 ἔξω,
1654 4211 1751 4264 καὶ
1772 4210 1947 4263 ἐλθεῖν
1974 4210 2081 4274 ἕως

489 4296 787 4363 ἐκκλησίας
839 4296 1009 4364 τινὸς,
1070 4294 1239 4350 ἐλθὼν
1262 4299 1290 4350 6
1315 4296 1586 4367 μακάριος
1623 4290 1781 4364 εὗρεν
1819 4292 1989 4364 αὐτὴν
2023 4296 2081 4346 ἐν

487 4381 555 4447 τῇ
604 4380 888 4452 ἐκκλησίᾳ,
936 4383 1029 4434 καὶ
1082 4381 1230 4449 λέγει
1282 4382 1422 4451 αὐτῇ
1450 4398 1464 4411 ο
1491 4379 1552 4431 El
1585 4379 1754 4439 ὅντως
1797 4376 1971 4438 θέλεις
1996 4393 2080 4428 τε-

487 4462 649 4526 λείως
680 4463 1094 4535 πληροφορῆσαί
1121 4480 1188 4533 με
1216 4465 1298 4517 ὅτι
1319 4462 1610 4527 ἀπέθανες,
1641 4461 1736 4515 καὶ
1772 4460 1955 4513 οὐκέτι
1980 4458 2077 4530 ζῇς

2185 3309 2293 3355 τως
2321 3290 2544 3360 γέγονεν
2567 3292 2601 3360 ή
2631 3289 2777 3359 ψυχὴ
2812 3287 2978 3340 αὑτοῦ
3001 3287 3081 3358 τῷ
3112 3287 3322 3357 Κυρίῳ.
3357 3282 3525 3349 Οὗτος
3562 3287 3640 3356 τῷ
3670 3285 3769 3354 μὲν

2187 3378 2333 3445 γένει
2358 3376 2547 3444 γέγονε
2572 3373 2850 3436 Ποντικὸς,
2876 3372 3089 3434 πόλεως
3124 3371 3231 3440 ’16ή
3243 3388 3371 3441 ρων,
3393 3372 3506 3433 υίὸς
3535 3369 3766 3439 πρεσϐυ-

2184 3462 2367 3529 τέρου,
2400 3458 2755 3528 ἀναγνώστης
2780 3456 3079 3527 προαχθεὶς
3111 3456 3262 3525 παρά
3283 3454 3379 3508 τοῦ
3410 3454 3560 3523 ἀγίου
3596 3454 3757 3506 Βασι-

2185 3544 2331 3596 λείου
2358 3542 2452 3597 τοῦ
2484 3543 2789 3595 ἐπισκόπου
2815 3541 2919 3609 τῆς
2953 3540 3280 3610 Ἑκκλησίας
3307 3538 3631 3608 Καισαρείας
3658 3535 3750 3602 τῆς

2186 3629 2323 3699 πρὸς
2363 3627 2423 3680 τὸ
2457 3628 2697 3696 Ἀργεω.
2737 3624 2893 3681 Μετά
2925 3625 2983 3678 δὲ
3031 3624 3130 3694 τὴν
3173 3624 3433 3694 κοίμησιν
3474 3622 3561 3675 τοῦ
3608 3618 3748 3687 ἁγίου

2185 3714 2486 3766 ἐπισκόπου
2503 3711 2788 3765 Βασιλεὶου
2810 3710 3095 3779 προσέχων
3113 3707 3280 3760 αὑτοῦ
3293 3709 3359 3776 τῇ
3375 3705 3759 3774 ἐπιτηδειότητι

2183 3798 2212 3850 6
2237 3795 2567 3864 σοφώτατος,
2593 3796 2688 3847 καὶ
2708 3792 3085 3856 ἀπαθέστατος
3110 3791 3204 3844 καλ⁵
3224 3791 3374 3863 πάσῃ
3396 3789 3613 3858 παιδεία
3631 3789 3766 3856 λάμ-

2186 3897 2304 3934 πων
2320 3884 2349 3934 6
2369 3880 2528 3947 ἅγιος
2549 3880 2853 3949 Γρηγόριος
2874 3880 2903 3930 ό
2920 3878 3206 3940 Νυσσαεὺς
3226 3875 3525 3937 ἐπίσκοπος
3542 3872 3769 3940 ἀδελρὸς

2183 3965 2276 4019 τοῦ
2319 3966 2378 4016 ἐν
2414 3967 2549 4035 τιμῇ
2585 3963 2693 4015 τῶν
2722 3962 3039 4015 ἀποστόλων
3071 3959 3352 4012 Βασιλείου
3402 3957 3497 4011 τοῦ
3544 3956 3768 4009 ἐπισκό-

2185 4065 2313 4114 που,
2350 4049 2757 4120 προχειρίζεται
2784 4045 2976 4098 τοῦτον
3024 4045 3292 4099 διάκονον.
3334 4042 3577 4095 Ἐκεῖθεν
3602 4039 3771 4093 ἐλθὼν

2184 4132 2212 4184 6
2245 4132 2399 4200 ἀγιος
2423 4132 2721 4201 Γρηγόριος
2745 4132 2773 4182 6
2796 4130 3115 4193 ἐπίσκοπος,
3149 4130 3207 4181 ἐν
3232 4130 3299 4196 τῇ
3332 4126 3541 4198 μεγάλῃ
3572 4124 3771 4193 συνόδῳ

2182 4218 2249 4286 τῇ
2288 4215 2428 4268 κατά
2471 4214 3072 4275 Κωνσταντινούπολιν,
3125 4210 3529 4279 καταλιμπάνει
3572 4208 3770 4270 αὑτὸν,

2183 4298 2473 4368 Νεκταρίῳ
2507 4298 2584 4367 τῷ
2632 4298 2888 4368 μακαρίῳ
2933 4297 3240 4367 ἐπισκόπῳ,
3274 4292 3773 4348 διαλεκτικώτατον

2185 4384 2315 4436 ὅντα
2343 4385 2486 4437 κατὰ
2523 4383 2714 4436 πασῶν
2750 4380 2858 4435 τῶν
2904 4381 3191 4450 αἱρέσεων.
3229 4376 3419 4432 Ἤνθει
3451 4376 3587 4444 γοῦν
3614 4377 3674 4428 ἐν
3703 4378 3773 4446 τῇ

2190 4466 2402 4539 μεγάλῃ
2434 4466 2609 4530 πόλει,
2639 4466 2818 4533 λόγοις
2842 4465 3252 4533 νεανιευόμενος
3289 4461 3429 4513 κατὰ
3474 4460 3653 4529 πάσης
3689 4461 3775 4512 αἱ·

488 4546 799 4616 ἀνθρώποις
823 4550 1156 4619 ἀρέσκουσα,
1191 4548 1419 4619 ποίησον
1445 4547 1474 4600 ὃ
1508 4545 1618 4615 ἐγὼ
1639 4545 1875 4615 δύναμαι
1920 4545 2079 4612 ποιῆ-
2112 4554 2155 4611 ι)
2187 4554 2412 4623 ρέσεως,
2467 4550 2676 4621 Συνέϐη
2723 4545 2817 4603 οὖν
2842 4548 3031 4601 τοῦτον
3078 4546 3351 4617 ὑπερῆολῇ
3388 4545 3607 4610 τρόπων
3634 4560 3776 4613 χρη-

492 4647 605 4695 σαι,
628 4631 723 4684 καλ⁵
740 4632 861 4684 τότε
879 4630 987 4701 πλη
997 4632 1321 4702 ροφορήσεις
1348 4647 1416 4701 με
1438 4631 1519 4683 ὅτι
1544 4629 1761 4700 ἀληθῶς
1782 4627 1861 4696 τῷ
1885 4627 2079 4698 κόσμῳ

488 4712 665 4786 τούτῳ
705 4714 996 4779 ἀπέθανες.
1056 4718 1166 4768 Καὶ
1196 4717 1228 4785 ή
1279 4714 1548 4785 παρθένος
1576 4713 1783 4777 λοιπὸν,
1809 4712 1873 4763 Τί
1900 4711 2074 4773 θέλεις

490 4800 703 4869 ποιήσω
724 4812 740 4863 ;
761 4799 925 4867 Λέγει
963 4798 1101 4869 αὐτῇ
1130 4800 1337 4861 ἐκεῖνος
1356 4814 1370 4828 ο
1409 4796 1786 4866 Ἐκδυσαμένη
1812 4794 1987 4848 πάντα
2008 4792 2077 4846 τά

492 4880 687 4951 ἱμάτιά
712 4896 829 4949 σου,
851 4882 925 4945 ὡς
957 4880 1091 4950 ἐγὼ,
1122 4884 1215 4935 ἐπὶ
1240 4883 1351 4934 τῶν
1388 4880 1555 4952 ὤμων
1582 4896 1676 4932 σου
1714 4878 1825 4945 θὲς,
1850 4877 1947 4931 καὶ
1984 4893 2077 4930 πε-

492 4966 671 5035 ρίελθε
704 4967 877 5039 μέσην
905 4968 1004 5038 τὴν
1024 4967 1200 5031 πόλιν,
1217 4967 1350 5039 ἐμοῦ
1371 4965 1670 5036 δυναμένου
1701 4965 2076 5033 ἀναισχύντως

488 5051 899 5123 προλαμϐάνειν
957 5068 1016 5105 σε
1044 5050 1124 5123 τῷ
1169 5055 1413 5123 σχήματι
1465 5051 1664 5120 τούτῳ.
1705 5050 1887 5117 Λέγει
1925 5049 2075 5118 αὐτῷ

486 5136 675 5208 ἐκείνη
693 5152 706 5166 ·
751 5136 892 5190 Ἀλλ’
913 5137 1026 5205 ἐγὼ
1043 5136 1108 5190 ἂν
1139 5138 1295 5191 τοῦτο
1316 5136 1549 5206 ποιήσω,
1581 5131 1920 5197 σκανδαλίζω
1944 5131 2076 5184 πολ-

484 5222 613 5289 λοὺς
642 5222 736 5277 ἐπὶ
764 5224 842 5296 τῷ
867 5225 1104 5296 ἀσχήμῳ
1136 5224 1230 5278 τοῦ
1259 5225 1584 5295 πράγματος
1606 5236 1621 5251 °
1654 5222 1749 5275 καὶ
1771 5220 1956 5290 ἔχουσι
1988 5218 2072 5271 λέ-

484 5324 605 5377 γειν
623 5309 791 5375 τινὲς,
808 5309 891 5361 ὅτι
910 5307 1136 5377 Ἐξέστη
1155 5308 1251 5362 καὶ
1274 5306 1611 5380 δαιμονιῶσά
1632 5307 1801 5359 ἐστιν.
1815 5302 2076 5375 Ἀποκρί-

484 5408 638 5446 νεται
666 5393 694 5445 6
723 5393 994 5462 μακάριος
1023 5392 1333 5462 Σεραπίων,
1352 5390 1447 5445 καὶ
1474 5392 1623 5459 λέγει
1651 5390 1787 5461 αὐτῇ
1810 5405 1825 5421 ο
1853 5387 1963 5441 Καί
1990 5404 2071 5441 σοι

483 5477 538 5530 τί
584 5477 740 5548 μέλει
786 5478 881 5531 ἐὰν
913 5476 1073 5531 τοῦτο
1109 5478 1373 5543 εἴπωσινς
1429 5479 1493 5531 σὺ
1522 5476 1631 5547 γὰρ
1662 5479 1868 5543 αὐτοῖς,
1891 5477 1965 5539 ὡς
1986 5476 2075 5529 λέ-

486 5575 628 5627 γεις,
662 5563 958 5625 ἀπέθανες.
980 5562 1180 5634 Νεκρῷ
1206 5564 1261 5617 δὲ
1286 5562 1541 5615 οὐδέποτε
1576 5562 1725 5632 μέλει
1751 5563 1804 5614 εἴ
1835 5579 1919 5623 τις
1945 5559 2071 5615 τοῦ-

486 5661 578 5699 τον
600 5647 884 5719 λοιδορεῖῆ
921 5651 1222 5720 καταγελᾷο
1265 5648 1591 5719 ἀναίσθητος
1615 5650 1724 5720 γὰρ
1759 5650 1871 5713 τοῖς
1904 5651 2072 5703 πᾶσίν

488 5730 659 5783 ἐστιν.
680 5732 815 5786 Τότε
843 5733 991 5803 λέγει
1026 5735 1175 5805 αὐτῷ
1207 5738 1241 5806 ἡ
1296 5736 1567 5806 παρθένος
1616 5735 1823 5804 ἐκείνη·
1871 5735 2073 5805 Δέομαί

492 5827 610 5879 σου,
637 5815 691 5867 εῐ
717 5833 769 5868 τι
816 5818 945 5871 ἀλλο
999 5819 1175 5881 θέλεις
1202 5821 1260 5873 ἐν
1310 5824 1378 5893 τῇ
1414 5820 1666 5892 ἀσκήσει,
1694 5820 1947 5875 κέλευσον
1975 5822 2072 5874 καὶ

2187 4636 2445 4704 στὸτητος
2473 4634 2783 4703 τιμώμενον
2817 4633 2971 4702 παρά
3012 4632 3191 4700 πάσης
3226 4629 3328 4697 τῆς
3372 4628 3579 4689 πόλεως
3615 4643 3775 4696 περι-

2187 4723 2430 4791 παγῆναι
2486 4719 2692 4789 εἰδώλῳ
2743 4716 3070 4786 γυναικικῆς
3124 4713 3439 4783 ἐπιθυμίας,
3476 4712 3549 4773 ὡς
3607 4711 3773 4771 αὐτὸς

2184 4806 2317 4876 ἡμῖν
2375 4805 2616 4876 διηγεῖτο
2664 4800 2891 4871 ὕστερον
2942 4796 3327 4869 ἐλευθερωθεὶς
3388 4796 3448 4848 τὸ
3511 4794 3771 4876 φρονοῦν.

2195 4874 2531 4959 Ἇντεράσθη
2584 4888 2640 4940 δὲ
2683 4886 2875 4940 τούτου
2908 4883 3072 4935 πάλιν
3119 4881 3180 4934 τὸ
3230 4880 3452 4949 γύναιον
3474 4896 3487 4909 ο
3522 4874 3589 4949 ἦν
3618 4878 3676 4931 δὲ
3714 4878 3772 4930 ἓν

2182 4972 2340 5026 τοῦτο
2368 4972 2476 5024 τῶν
2512 4970 2872 5042 μεγιστάνων.
2919 4968 2977 5019 Ὀ
3000 4966 3055 5019 δὲ
3085 4965 3355 5035 Εὐάγριος
3389 4962 3485 5015 καὶ
3510 4962 3603 5013 τὸν
3631 4962 3772 5014 Θεὸν

2184 5055 2541 5125 φοϐούμενος,
2584 5055 2679 5108 καὶ
2708 5053 2771 5107 τὸ
2802 5049 3000 5105 ἐαυτοῦ
3034 5048 3273 5110 συνειδὸς
3304 5045 3640 5114 αἰδούμενος,
3671 5045 3773 5097 καὶ

2183 5140 2291 5210 πρὸ
2330 5140 2625 5210 ὀφθαλμῶν
2652 5139 2714 5193 τὸ
2756 5136 2956 5200 ὄνειδος
2991 5136 3092 5205 τῆς
3116 5129 3504 5203 ἀσχημοσύνης
3538 5128 3773 5196 θέμενος
3816 5188 3821 5191 ,

2183 5226 2277 5278 καὶ
2316 5227 2377 5279 τὸ
2409 5229 2743 5297 χαιρέκακον
2793 5224 2903 5277 τῶν
2947 5221 3230 5291 αἱρέσεων,
3266 5213 3469 5285 ηὔξατο
3507 5213 3596 5265 τὸν
3630 5212 3772 5297 φεὸν

2185 5295 2466 5377 ἱκετεύσας
2496 5295 2892 5385 ἐμποδισθῆναι
2922 5305 3053 5377 παρ’
3082 5300 3380 5361 αύτοῦ,τοῦ
3400 5295 3773 5367 προκειμένου

2188 5399 2397 5452 σκώλου
2422 5382 2805 5469 τῆς-γυναικὸς
2832 5390 3185 5462 ἐπικειμένης
3208 5385 3357 5455 αὐτῷ
3390 5382 3775 5469 συμπράττειν

2182 5488 2248 5555 τῇ
2275 5466 2565 5555 ἐπιθυμίᾳ,
2585 5484 2682 5535 καὶ
2710 5479 2993 5548 λυττὼσης
3011 5473 3089 5545 τῷ
3116 5471 3299 5534 πάθει,
3324 5469 3490 5555 θέλων
3506 5484 3565 5519 τε
3592 5466 3775 5555 αὐτῆς

2185 5551 2622 5640 ὑπαναχωρῆσαι
2665 5567 2765 5619 οὐκ
2819 5566 3024 5634 ἴσχυεν,
3066 5558 3285 5626 δεσμοῖς
3334 5555 3430 5624 τῆς
3466 5551 3772 5640 θεραπείας

2184 5654 2352 5722 αὐτῆς
2372 5636 2765 5723 κατεχόμενος.
2804 5648 2940 5703 Μετ’
2973 5647 3033 5699 οὑ
3063 5643 3199 5697 πολὺ
3229 5642 3287 5694 δὲ
3314 5641 3413 5709 τῆς
3453 5636 3769 5723 προσευχῆς

2181 5718 2348 5790 αὐτοῦ
2382 5718 2733 5807 πτωχὸψάσης
2773 5734 2881 5803 πρὸ
2928 5732 3029 5798 τῆς
3058 5728 3152 5782 τοῦ
3194 5726 3518 5795 πράγματος
3563 5718 3765 5786 πείρας

2184 5822 2388 5892 ἐπέστη
2440 5821 2591 5891 αὐτῷ
2641 5816 2908 5887 ἀγγελικὴ
2951 5813 3184 5869 ὀπτασία
3215 5812 3272 5864 ἐν
3321 5808 3557 5879 σχήματι
3595 5817 3764 5871 στρα-
