4028 6434
340 445 474 501 H89

835 564 1059 622 CAPUT
1099 560 1379 618 LXXXIV.

764 653 883 710 Vita
923 653 1118 707 abbatis
1156 647 1475 703 Domitianis,

408 742 551 801 inter
576 758 712 814 quos
739 743 927 799 incidit
957 744 1011 797 in
1046 742 1325 809 quemdam
1358 738 1704 792 Domnionem
1723 734 1902 788 tortis-

342 838 537 892 simum
557 844 717 903 atque
739 832 1270 894 abstinentissimum,
1295 827 1535 896 Origenis
1560 824 1898 893 discipulum,

340 940 497 994 quem
518 939 701 980 rumor
727 932 843 979 erat
872 923 1035 977 multa
1069 920 1320 975 miracula
1369 916 1631 983 edidisse,
1664 923 1718 970 et
1744 913 1898 982 cujus

342 1015 510 1070 lectus
533 1014 734 1069 curavit
754 1022 980 1081 aegrotos
1011 1018 1128 1077 post
1150 1019 1393 1062 mortem.

855 1100 1079 1156 CAPUT
1118 1097 1377 1153 LXXXV.

566 1252 567 1255 η
857 1191 931 1245 De
954 1191 1164 1260 Virgine
1187 1188 1383 1242 silente.

412 1287 543 1342 Cum
573 1300 700 1355 ergo
738 1285 790 1339 in
820 1299 939 1339 eum
980 1282 1287 1345 incidisset,
1331 1288 1385 1332 et
1430 1294 1493 1333 ex
1522 1292 1587 1332 eo
1616 1275 1903 1330 utilitatem

343 1379 638 1445 accepisset
664 1377 803 1445 (erat
824 1376 967 1430 enim
999 1375 1078 1428 vir
1098 1381 1153 1427 et
1182 1372 1417 1428 moribus
1438 1379 1676 1438 ornatus,
1708 1379 1763 1423 et
1785 1384 1907 1424 eru-

343 1470 545 1525 ditione
580 1477 634 1523 et
658 1482 904 1523 sermone
932 1474 986 1519 et
1018 1463 1169 1532 vita),
1200 1472 1253 1516 et
1277 1464 1342 1515 ab
1372 1476 1437 1515 eo
1456 1460 1729 1513 didicisset
1756 1460 1905 1526 quis-

344 1574 464 1614 nam
493 1566 665 1615 .esset
698 1558 806 1612 illic
858 1557 990 1610 alius
1028 1554 1347 1609 exercitator
1398 1561 1487 1604 aut
1531 1550 1902 1613 exercitatrix,

345 1650 593 1718 cognovit
622 1663 741 1703 esse
764 1647 1045 1717 quamdam
1078 1645 1336 1713 virginem
1370 1641 1639 1696 silentium
1663 1649 1903 1707 agentem

343 1747 399 1793 et
427 1739 807 1808 quiescentem,
833 1751 950 1805 quae
967 1738 1075 1804 jam
1100 1733 1277 1804 viginti
1300 1734 1530 1800 quinque
1550 1732 1701 1783 annis
1727 1731 1779 1783 in
1800 1730 1909 1783 cel-

344 1830 394 1883 la
420 1839 534 1882 erat
564 1828 763 1881 inclusa
783 1866 797 1889 ,
829 1836 884 1879 et
911 1840 1031 1879 cum
1064 1826 1272 1879 nemine
1301 1838 1533 1893 unquam
1564 1822 1899 1891 colloqueba-

1564 444 1880 501 HISTORIA
1920 441 2263 499 LAUSIACA

1928 552 2116 620 Aipsa
2141 551 2365 606 ostendo
2392 566 2476 606 me
2527 566 2649 607 esse
2696 564 2962 610 mortuum
2991 554 3211 624 mundo,
3267 567 3389 608 nam
3438 557 3573 612 citra

3438 447 3573 507 H90

2004 642 2163 694 ullam
2192 641 2352 693 animi
2399 642 2849 709 perturbationem
2886 653 2939 698 et
2982 644 3239 712 pudorem
3267 642 3372 697 hoc
3407 642 3562 697 iacio.

2002 731 2153 786 Tunc
2173 746 2291 785 cum
2305 746 2421 786 eam
2450 732 2514 786 ad
2534 732 2884 788 humilitatem
2904 736 3239 799 instituisset,
3262 745 3315 790 et
3331 733 3449 803 ejus
3470 736 3572 789 ire-

2003 824 2562 895 gissetarrogantiam,
2596 829 2843 882 recessit.

2073 914 2206 967 Sunt
2232 925 2408 967 autem
2444 916 2609 967 multa
2635 931 2847 983 quoque
2877 916 2980 970 alia
3010 930 3201 983 magna
3244 923 3300 970 et
3347 913 3574 969 illustria

2005 1003 2140 1058 facta
2169 1003 2323 1056 istius
2352 1001 2551 1057 Christi
2642 1002 2883 1059 doctoris
2914 1043 2929 1069 ,
3033 1003 3233 1060 virtute
3344 1003 3575 1075 praediti,

2005 1108 2125 1162 quae
2171 1092 2441 1162 pertinent
2494 1091 2559 1146 ad
2606 1092 3078 1159 impatibilttatem,
3120 1107 3238 1162 qua
3283 1108 3349 1148 ex
3395 1094 3577 1147 multis

2007 1195 2171 1249 pauca
2199 1181 2394 1235 selecta
2441 1181 2880 1249 perscripsimus,
2934 1192 2988 1234 ut
3017 1197 3083 1234 ex
3115 1184 3180 1235 iis
3222 1182 3422 1252 puritas
3461 1183 3579 1252 ejus

2006 1275 2127 1327 vitae
2151 1273 2442 1342 pateﬁeret.
2470 1273 2519 1327 ls
2546 1274 2777 1328 decessit
2800 1290 2963 1343 agens
2992 1290 3186 1329 annum
3215 1278 3386 1331 aetatis
3417 1290 3576 1331 sexa-

2007 1365 2293 1433 gesimum,
2325 1367 2378 1419 in
2404 1366 2534 1420 locis
2564 1365 2789 1420 desertis
2819 1368 3060 1434 sepultus
3092 1377 3195 1424 est.

2520 1477 2745 1533 CAPUT
2782 1478 3061 1533 LXXXVI.

2275 1564 2349 1619 De
2374 1568 2395 1595 ’
2419 1565 2638 1635 Evagrio
2667 1566 2817 1635 (155)
2844 1567 3024 1620 celebri
3060 1568 3294 1621 diacono.

2084 1655 2156 1709 De
2189 1657 2414 1724 EVagrio
2455 1657 2598 1710 claro
2626 1655 2822 1711 Christi
2850 1656 3092 1722 diacono,
3130 1660 3216 1723 qui
3246 1656 3369 1711 vixit
3412 1658 3577 1712 instar

2010 1749 2392 1814 apostolorum,
2446 1764 2547 1802 non
2589 1758 2670 1803 est
2699 1764 2905 1817 aequum
2942 1758 3146 1812 tacere;
3176 1749 3268 1803 sed
3300 1764 3358 1802 ea
3389 1750 3578 1803 litteris

2015 1841 2264 1891 mandare
2287 1840 2349 1893 ad
2384 1840 2786 1893 aaditicationem
2813 1856 2993 1894 eorum
3018 1842 3105 1909 qui
3143 1851 3265 1894 sunt
3301 1840 3506 1897 lecturi.
3529 1849 3580 1892 et

347 1930 448 1973 tur.
482 1920 613 1973 Cum
644 1927 819 1971 autem
867 1917 983 1986 ejus
1023 1916 1239 1971 domum
1288 1915 1596 2004 didicisset,
1647 1912 1824 1980 venit,
1857 1926 1907 1968 et
1942 1908 1989 1967 B
2015 1929 2079 1982 ad
2121 1929 2370 1982 bonitatis
2411 1928 2711 1983 servatoris
2751 1929 2917 1982 ηοειτί
2962 1908 3178 1997 ebriam
3209 1944 3415 2004 (equum
3445 1928 3583 1988 mm,

344 2010 475 2065 dicit
520 2010 711 2063 vetula:
740 2022 858 2078 qua:
886 2008 935 2062 ei
965 2006 1284 2061 inserviebat
1312 2021 1325 2057 :
1359 2004 1454 2059 Dic
1482 2003 1670 2073 virgini
1710 2019 1795 2058 me
1822 2020 1908 2058 ne-

341 2117 493 2156 cesse
524 2102 720 2155 habere
765 2115 882 2153 eam
916 2100 1223 2153 convenire.
1263 2098 1410 2151 Anus
1434 2111 1563 2151 vero
1595 2111 1907 2163 responsum

341 2190 573 2245 reddidit
619 2189 761 2242 illam
801 2204 864 2243 ex
897 2189 1075 2242 multis
1104 2188 1257 2240 annis
1288 2189 1554 2241 neminem
1576 2189 1908 2241 convenisse.

337 2281 479 2336 Tum
508 2280 582 2332 ait
612 2279 688 2333 illi
724 2296 736 2329 :
771 2278 863 2331 Dic
892 2278 940 2330 ei
976 2285 1036 2329 ut
1064 2276 1371 2329 conveniam
1402 2276 1567 2339 illam,
1592 2274 1733 2329 Deus
1770 2274 1909 2328 enim

343 2385 441 2425 me
470 2369 630 2425 misit.
664 2370 732 2422 At
763 2368 849 2420 illa
877 2381 944 2420 ne
970 2366 1046 2419 sic
1080 2366 1294 2433 quidem
1331 2365 1616 2433 acquievit.
1657 2364 1790 2419 Cum
1817 2380 1911 2417 au-

346 2472 461 2515 tem
505 2461 638 2515 duos
672 2458 757 2513 vel
807 2466 914 2512 tres
952 2456 1070 2510 dies
1112 2454 1511 2517 intermisisset,
1561 2470 1678 2508 eam
1714 2471 1913 2509 conve-

337 2553 426 2606 nit
467 2560 667 2619 postea.
721 2549 783 2602 Et
820 2548 868 2602 ei
907 2547 1081 2601 dixit:
1113 2546 1237 2615 quid
1282 2545 1473 2599 Sedes?
1506 2546 1577 2599 Ea
1625 2560 1751 2603 vero
1788 2546 1916 2603 dicit

338 2642 629 2712 ipsi:‘Non
680 2641 863 2703 sedeo,
906 2639 999 2692 sed
1046 2637 1281 2694 ambulo.
1339 2637 1389 2695 is
1438 2652 1564 2695 vero
1590 2636 1718 2694 dicit
1752 2659 1763 2693 :
1797 2641 1913 2705 Quo

338 2732 620 2787 ambulas?
652 2730 741 2786 Illa
772 2747 898 2785 vera
929 2730 1058 2783 dicit
1090 2747 1103 2782 :
1132 2731 1210 2784 Ad
1238 2731 1420 2784 Deum.
1463 2730 1510 2783 ls
1540 2738 1715 2783 autem
1745 2731 1912 2783 dicit:

342 2823 592 2892 Vivisne,
641 2837 707 2875 an
738 2837 797 2876 es
844 2822 1091 2874 mortua?
1120 2821 1210 2875 illa
1233 2835 1357 2875 vero
1373 2822 1421 2875 ei
1444 2820 1571 2873 dicit
1604 2838 1616 2872 :
1648 2820 1821 2874 Credo
1861 2822 1914 2874 in

346 2917 511 2969 Deum
537 2930 621 2969 me
636 2930 757 2970 esse
778 2924 1037 2969 mortuam
1063 2914 1290 2968 mundo:
1310 2913 1406 2978 Qui
1424 2914 1566 2966 enim
1591 2927 1750 2967 carne
1763 2913 1914 2979 vivit,

347 3021 452 3059 non
483 3013 656 3073 potest
676 3004 741 3059 ad
778 3005 943 3059 Deum
972 3005 1263 3059 ambulare.
1289 3004 1337 3058 ls
1378 3013 1552 3057 autem
1576 3004 1704 3056 dicit
1727 3004 1774 3057 ei
1801 3018 1815 3054 :
1848 3003 1916 3057 Ut

347 3114 434 3151 me
455 3112 580 3164 ergo
608 3097 889 3150 certiorem
932 3095 1121 3149 reddas
1153 3104 1206 3148 te
1247 3109 1366 3149 esse
1394 3100 1656 3147 mortuam
1692 3092 1913 3159 mundo,

351 3189 438 3242 iac
466 3187 603 3254 quod
635 3186 789 3241 facio.
818 3186 891 3239 Ea
922 3184 995 3239 illi
1028 3184 1155 3240 dicit
1182 3202 1196 3239 :
1229 3185 1433 3253 Impera
1479 3184 1605 3238 mihi
1648 3200 1767 3253 quae
1791 3199 1915 3253 pos-

2016 2029 2204 2081 tratus,
2235 2018 2301 2071 ab
2326 2019 2432 2070 alto
2459 2033 2688 2085 expono,
2737 2027 2791 2074 et
2818 2018 3262 2091 quemadmodum
3289 2026 3491 2080 venerit
3515 2026 3581 2078 ad

2015 2106 2309 2160 institutum
2358 2107 2736 2179 IIIOIIaSlicum,
2785 2124 2836 2166 et
2873 2114 3141 2182 quomodo
3178 2130 3297 2169 cum
3340 2129 3398 2168 se
3425 2114 3585 2181 digne

2014 2196 2368 2263 exercuisset,
2396 2203 2619 2255 moritur
2647 2203 3022 2271 quinquaginta
3045 2214 3269 2272 quatuor
3296 2219 3464 2257 annos
3494 2219 3585 2257 na-

2015 2293 2119 2347 tus,
2175 2283 2226 2335 in
2269 2288 2553 2343 Solitudine
2586 2306 2599 2342 :
2627 2291 2738 2357 qui,
2774 2298 2829 2342 ut
2876 2291 3131 2359 scriptum
3176 2302 3278 2356 est,
3333 2292 3387 2345 In
3436 2292 3585 2346 brevi

2014 2386 2431 2442 consummatus,
2457 2379 2690 2447 implevit
2715 2380 2869 2446 longa
2891 2389 3130 2445 tempora
3154 2381 3309 2450 (Sap.
3339 2383 3434 2448 tv).
3462 2380 3583 2437 Fuit

2014 2472 2156 2526 enim
2188 2489 2370 2528 revera
2395 2474 2511 2542 ejus
2539 2475 2710 2528 anima
2735 2484 2878 2543 grata
2913 2476 3151 2529 Domino.
3175 2473 3221 2528 Is
3244 2490 3436 2545 genere
3460 2475 3578 2543 qui-

2016 2558 2137 2615 dem
2157 2564 2248 2615 fuit
2270 2562 2520 2617 Ponticus
2542 2564 2768 2617 civitatis
2787 2565 3053 2618 Iberorum
3072 2563 3243 2635 (154),
3269 2566 3406 2618 [ilius
3430 2580 3585 2632 pres-

2016 2651 2221 2721 byteri,
2269 2652 2435 2705 lector
2482 2659 2755 2720 promotus
2804 2668 2833 2706 a
2864 2661 3047 2706 sancto
3097 2653 3289 2706 Basilio
3340 2654 3585 2721 episcopo

2016 2743 2258 2795 ecclesia:
2298 2739 2557 2795 Caesarea:
2583 2742 2646 2794 ad
2677 2744 2900 2809 Argeum
2930 2741 3099 2811 (l35).
3153 2742 3277 2795 Post
3304 2742 3582 2796 decessum

2018 2841 2193 2885 autem
2220 2834 2388 2886 sancti
2420 2831 2597 2886 Basilii
2629 2832 2885 2899 episconi,
2919 2833 3194 2886 attendens
3233 2833 3348 2900 ejus
3386 2834 3580 2900 aptituo

2018 2922 2215 2987 dinem,
2266 2923 2723 2990 sapientissimus,
2754 2932 2807 2975 et
2837 2937 2866 2975 a
2898 2922 3384 2990 perturbationibus
3424 2922 3586 2976 animi

2019 3012 2261 3078 alienus,
2306 3020 2360 3065 et
2392 3012 2535 3064 omni
2565 3012 2806 3064 doctrina
2844 3012 3018 3064 clarus
3055 3011 3343 3080 Gregorius
3383 3012 3586 3078 episco-

2022 3115 2120 3165 pus
2150 3098 2419 3168 Nyssenus
2448 3099 2622 3167 (156),
2673 3098 2836 3151 frater
2864 3100 3096 3167 episcopi
3125 3100 3207 3152 cui
3237 3100 3390 3153 datur
3420 3099 3587 3153 honor

2024 3193 2160 3244 inter
2204 3190 2490 3260 apostolos,
2542 3206 2660 3243 eum
2691 3191 2899 3244 ordinat
2939 3191 3243 3245 diaconum.
3279 3192 3426 3245 Illinc
3471 3205 3588 3247 cum

347 3287 473 3331 sunt
498 3277 632 3341 ﬁeri,
664 3286 718 3331 et
746 3276 956 3331 faciam.
980 3276 1027 3330 ls
1052 3285 1229 3330 autem
1243 3274 1373 3329 dicit
1398 3272 1445 3329 ei
1468 3292 1483 3333 :
1508 3274 1646 3329 Nihil
1665 3284 1746 3329 est
1775 3273 1914 3343 quod
1944 3267 1989 3328 C
2020 3283 2251 3335 venisset
2278 3292 2489 3335 sanctus
2515 3279 2799 3349 Gregorius
2822 3282 3105 3349 episcopus
3128 3282 3179 3334 in
3192 3296 3434 3350 magnam
3458 3296 3588 3352 syn-

348 3386 457 3423 non
483 3370 649 3435 possit
678 3377 943 3433 mortuus,
975 3367 1175 3437 absque
1204 3383 1267 3422 eo
1293 3367 1433 3436 quod
1467 3383 1568 3421 non
1600 3375 1770 3434 potest
1795 3381 1917 3421 esse

347 3462 563 3529 impius.
592 3460 741 3513 Tunc
774 3458 904 3515 dicit
930 3460 978 3514 ei
1011 3477 1024 3512 :
1060 3460 1354 3526 Descende,
1387 3470 1441 3515 et
1466 3461 1806 3529 progredere.
1844 3461 1916 3513 Ea

349 3567 484 3606 vero
507 3551 786 3617 respondit
809 3568 821 3604 :
856 3550 969 3605 Jam
996 3550 1171 3619 agitur
1197 3549 1486 3619 vigesimus
1513 3552 1728 3618 quintus
1749 3564 1921 3605 annus

347 3658 413 3697 ex
436 3657 543 3710 quo
573 3656 676 3694 non
705 3655 819 3693 sum
851 3654 1149 3709 progressa,
1176 3652 1228 3693 et
1254 3654 1348 3694 cur
1367 3640 1711 3709 progrediar?
1738 3642 1796 3693 Ei
1825 3656 1921 3694 au-

350 3743 459 3787 tem
491 3731 619 3784 dicit
647 3745 664 3785 :
695 3729 810 3782 Vah
834 3730 847 3783 !
875 3744 1049 3782 nonne
1096 3737 1151 3782 tu
1174 3728 1374 3795 dixisti,
1400 3737 1609 3781 mortua
1631 3743 1751 3783 sum
1801 3728 1919 3783 huic

349 3821 554 3877 mundo
569 3822 589 3874 Ι
602 3820 738 3875 unde
754 3829 806 3872 et
832 3818 1166 3872 manifestum
1185 3828 1265 3872 est
1291 3829 1342 3872 et
1367 3818 1623 3872 mundum
1656 3819 1749 3871 tibi
1777 3834 1920 3873 mor-

351 3925 503 3969 tuum
524 3926 664 3967 esse.
698 3911 756 3965 Si
788 3911 889 3964 hoc
929 3910 1143 3977 quidem
1195 3923 1381 3963 verum
1425 3917 1529 3973 est,
1577 3920 1632 3963 et
1681 3921 1922 3965 mortuus

352 4003 490 4059 nihil
518 4003 715 4066 sentit,
760 4000 896 4055 idem
924 4010 1008 4054 est
1034 4000 1127 4053 tibi
1158 3998 1403 4067 progredi
1431 4009 1483 4052 et
1506 4014 1609 4052 non
1646 4000 1919 4068 progredi;

347 4107 485 4163 ergo
502 4090 842 4160 progredere.
861 4089 951 4143 llla
969 4104 1096 4143 vero
1117 4102 1391 4158 progressa
1404 4098 1506 4142 est.
1534 4088 1602 4142 Et
1642 4102 1920 4159 postquam

351 4200 637 4257 progressa
662 4184 758 4239 fuit
787 4199 953 4253 usque
981 4183 1046 4238 ad
1075 4182 1356 4252 quamdam
1387 4183 1691 4249 ecclesiam,
1718 4185 1765 4239 ei
1797 4184 1925 4238 dicit

353 4282 414 4334 in
447 4278 678 4332 ecclesia
704 4294 716 4329 :
745 4276 799 4330 Si
830 4277 911 4329 vis
943 4290 1072 4343 ergo
1108 4290 1193 4329 me
1216 4274 1496 4328 certiorem
1536 4274 1761 4330 reddere
1785 4275 1921 4343 quod

350 4383 487 4424 vere
514 4358 586 4421 sis
615 4377 845 4429 mortua,
878 4375 933 4419 et
960 4380 1065 4419 non
1095 4362 1322 4433 amplius
1350 4363 1481 4418 vivis
1505 4364 1720 4433 placens
1748 4364 1923 4417 homi-

350 4460 546 4521 nibus,
580 4455 661 4509 iac
683 4456 823 4524 quod
851 4454 1005 4520 facio,
1043 4462 1097 4507 et
1135 4454 1300 4508 sciam
1334 4463 1385 4508 te
1411 4467 1529 4507 esse
1557 4463 1843 4508 mortuam.
1866 4453 1928 4507 Ei

352 4553 428 4605 ita
472 4530 541 4601 ne
568 4546 692 4600 dicit
719 4562 732 4598 :
760 4546 973 4598 Exuens
1003 4543 1139 4597 sicut
1161 4558 1259 4612 ego
1281 4545 1459 4615 omnia
1492 4546 1828 4608 vestimenta,
1864 4560 1926 4599 ea

2023 3372 2181 3425 odum
2248 3371 2908 3439 Constantinopolitanam,
2979 3373 3228 3441 relinquit
3265 3388 3385 3426 eum
3435 3372 3590 3427 beato

2024 3464 2266 3517 Nectario
2288 3463 2558 3531 episeopo,
2578 3477 2697 3515 cum
2725 3473 2866 3516 esset
2890 3462 3124 3516 omnium
3146 3463 3440 3517 disserendi
3464 3464 3590 3516 artis

2022 3554 2397 3623 peritissimus.
2434 3551 2635 3604 Floruit
2665 3566 2791 3617 ergo
2821 3550 2873 3603 in
2909 3566 3094 3618 magna
3122 3552 3363 3620 civitate,
3398 3553 3449 3604 in
3482 3554 3591 3605 dis-

2025 3642 2387 3709 putationibus
2430 3641 2734 3708 juveniliter
2783 3641 3056 3695 exsultans
3084 3636 3353 3695 adversus
3383 3658 3591 3695 omnem

2025 3733 2288 3786 haeresim.
2342 3731 2546 3785 Accidit
2569 3741 2740 3784 autem
2767 3741 2822 3784 ut
2852 3731 2896 3784 is
2919 3731 3005 3798 qui
3034 3741 3248 3799 propter
3271 3748 3474 3785 morum
3505 3732 3590 3785 in-

2025 3825 2229 3893 signem
2256 3823 2546 3877 bonitatem
2570 3824 2928 3876 honorabatur
2941 3837 2969 3875 a
2987 3831 3095 3877 tota
3108 3823 3337 3887 civitate,
3362 3823 3594 3891 conlige-

2027 3924 2174 3970 retur
2199 3931 2226 3966 a
2258 3914 2541 3975 simulacro
2569 3914 2843 3967 muliebris
2879 3914 3318 3981 concupiscentia:
3338 3956 3351 3978 ,
3396 3924 3452 3967 ut
3480 3914 3594 3982 ipse

2027 4006 2179 4058 nobis
2230 4006 2469 4059 narravit
2496 4016 2700 4071 postea,
2742 4019 2863 4058 cum
2906 4015 3049 4059 esset
3076 4021 3226 4059 mens
3256 4005 3371 4073 ejns
3401 4006 3590 4059 libera.

2029 4096 2161 4149 Eum
2210 4106 2387 4148 autem
2414 4096 2643 4148 vicissim
2670 4098 2862 4149 amavit
2895 4096 3224 4151 muliercula.
3271 4097 3398 4148 Erat
3422 4110 3594 4151 autem

2027 4200 2088 4241 ea
2130 4200 2229 4237 una
2261 4201 2322 4238 ex
2348 4186 2550 4252 primis.
2595 4184 2849 4252 Evagrius
2876 4196 3051 4238 autem
3099 4194 3150 4238 et
3180 4185 3343 4238 Deum
3377 4185 3589 4249 timens,

2028 4284 2082 4331 et
2116 4290 2263 4329 suam
2288 4277 2485 4328 veritus
2506 4275 2907 4338 conscientiam,
2954 4284 3007 4328 et
3037 4275 3235 4328 habens
3265 4284 3387 4328 ante
3409 4274 3596 4329 oculos

2029 4366 2258 4420 dedecus
2308 4365 2669 4433 turpitudinis,
2722 4375 2775 4419 et
2813 4380 2967 4433 quam
3015 4366 3245 4419 haereses
3294 4366 3361 4419 de
3408 4366 3595 4419 alienis

2031 4456 2183 4509 malis
2204 4456 2510 4523 concipiunt
2546 4454 2805 4519 lmtitiam,
2838 4457 2999 4509 Deum
3046 4458 3266 4523 supplex
3312 4457 3513 4523 rogavit
3541 4466 3598 4509 ut

2032 4546 2100 4599 ab
2146 4546 2261 4613 ipso
2300 4545 2650 4611 impediretur
2694 4558 2883 4612 scopus
2912 4560 3065 4609 quem
3107 4545 3206 4598 sibi
3254 4556 3597 4614 preposuerat

352 4644 575 4710 impone
599 4638 858 4704 humeris,
893 4647 949 4689 et
977 4635 1143 4688 transi
1176 4634 1402 4689 mediam
1431 4636 1723 4700 civitatem,
1755 4652 1839 4690 me
1871 4637 1925 4690 in
1956 4628 2008 4687 D
2035 4634 2241 4697 mulier,
2267 4648 2385 4701 qua:
2414 4648 2534 4686 eum
2574 4634 2791 4702 urgebat
2837 4634 3143 4701 cupiditate,
3178 4645 3229 4688 et
3258 4638 3372 4703 ejus
3411 4638 3596 4689 insano

355 4735 465 4786 lini:
485 4731 663 4783 habitu
691 4739 957 4795 praeeunte
990 4726 1030 4779 ⁸.
1053 4725 1142 4778 Illa
1162 4739 1288 4778 vero
1313 4726 1363 4778 ei
1391 4724 1522 4778 dicit
1547 4740 1560 4777 :
1596 4725 1705 4779 Hac
1731 4740 1791 4780 re
1827 4728 1927 4778 mi-

352 4827 506 4880 nime
537 4821 758 4874 honesta
809 4818 1006 4870 multos
1046 4814 1333 4879 offendam,
1369 4825 1421 4868 et
1468 4822 1715 4883 poterunt
1750 4814 1929 4868 dicere

354 4930 450 4969 me
478 4924 597 4965 esse
620 4916 812 4964 emotae
839 4904 1027 4960 mentis
1052 4916 1104 4959 et
1125 4906 1530 4959 dmmoniacam.
1565 4906 1610 4959 Is
1640 4914 1815 4959 autem
1845 4904 1928 4959 di-

353 5006 435 5059 cit
461 5002 512 5056 ei
545 5018 559 5052 :
587 5001 650 5054 Et
665 4998 790 5068 quid
812 4998 900 5050 tibi
922 5005 1002 5049 est
1029 5010 1193 5059 curae,
1215 4995 1258 5048 si
1288 4995 1520 5048 dixerint
1554 5005 1604 5049 te
1634 5010 1753 5050 esse
1781 5010 1928 5050 emo-

354 5107 431 5149 ta:
462 5089 656 5145 mentis
679 5098 732 5143 et
761 5084 1179 5141 daemoniacam?
1206 5093 1261 5138 tu
1294 5086 1435 5137 enim
1484 5099 1542 5137 es
1581 5087 1659 5139 eis
1692 5095 1926 5150 mortua;

354 5195 577 5241 mortuo
624 5194 756 5235 vero
787 5193 891 5231 non
934 5186 1015 5230 est
1045 5190 1194 5242 cura,
1235 5177 1277 5227 si
1303 5177 1421 5243 quis
1447 5176 1493 5228 ei
1529 5175 1611 5229 vel
1640 5175 1931 5229 detraxerit

354 5276 443 5330 vel
474 5286 595 5327 eum
625 5268 884 5332 irriserit;
910 5264 1041 5319 nihil
1070 5266 1212 5319 enim
1239 5272 1410 5332 potest
1439 5265 1931 5319 sentire.Tuncilla

356 5370 408 5422 ei
443 5365 607 5418 dicit:
640 5362 734 5416 Die
764 5361 808 5415 si
849 5359 974 5428 quid
995 5358 1135 5412 aliud
1167 5359 1319 5421 velis,
1345 5373 1517 5424 neque
1542 5360 1680 5411 enim
1706 5359 1771 5412 ad
1798 5359 1937 5411 hunc

357 5468 536 5521 usque
556 5450 770 5505 modum
798 5464 891 5502 me
925 5448 1133 5501 venisse
1162 5445 1383 5516 glorior.
1413 5448 1558 5500 Tunc
1588 5448 1637 5502 ei
1668 5447 1797 5503 dicit
1840 5450 1938 5502 Se-

361 5546 556 5614 rapion
583 5540 926 5610 impassibilis
958 5556 971 5590 :
1007 5539 1143 5592 Ecce
1180 5551 1328 5605 ergo,
1355 5552 1418 5590 ne
1442 5538 1669 5605 amplius
1694 5547 1743 5592 te
1770 5540 1938 5605 jactes

360 5647 425 5692 et
457 5636 551 5689 tibi
584 5634 817 5701 placeas,
842 5641 1092 5697 tanquam
1117 5629 1365 5681 omnibus
1393 5628 1556 5696 magis
1588 5628 1669 5695 pia
1700 5637 1755 5681 et
1782 5644 1937 5681 mun—

358 5730 436 5784 do
468 5732 693 5780 intortua.
731 5724 840 5793 Ego
867 5722 1008 5775 enim
1048 5736 1163 5773 sum
1194 5730 1244 5773 te
1284 5720 1450 5789 magis
1494 5728 1765 5776 mortuus:
1799 5728 1851 5775 et
1881 5736 1938 5775 re

443 5839 460 5869 ¹
493 5833 785 5889 Mirandum
818 5833 936 5896 hoc,
972 5845 1075 5884 non
1108 5828 1441 5882 imitandum.

2036 4723 2316 4777 tenebatur
2365 4722 2651 4776 desiderio.
2680 4723 2920 4789 Cumque
2943 4724 3105 4777 vellet
3132 4724 3196 4776 ab
3235 4739 3295 4776 ea
3328 4726 3599 4786 recedere.

2034 4828 2139 4866 non
2171 4821 2397 4879 poterat,
2430 4814 2588 4880 utqui
2616 4813 2732 4881 ejus
2762 4812 3003 4879 obsequii
3046 4813 3248 4866 blandis
3270 4814 3600 4867 detineretur

2036 4902 2277 4955 vinculis.
2304 4901 2453 4955 Haud
2488 4902 2652 4955 multo
2676 4913 2791 4968 post
2820 4911 2994 4954 autem
3027 4917 3143 4954 eam
3190 4919 3304 4969 qua:
3331 4906 3602 4971 praeceSsit

2033 4993 2347 5057 orationem,
2391 5001 2671 5059 antequam
2698 5006 2808 5043 rem
2856 5000 2998 5045 esset
3047 5007 3322 5058 expertus,
3361 4993 3525 5046 astitit
3554 4993 3603 5046 ei

2034 5084 2171 5138 visio
2200 5083 2458 5152 angelica,
2489 5096 2597 5151 pra
2638 5096 2697 5136 se
2735 5082 2908 5136 ferens
2940 5085 3168 5149 speciem
3202 5082 3425 5137 militum
3469 5099 3606 5152 prae-

2036 5174 2180 5237 l'ecti,
2213 5186 2330 5241 qua:
2359 5186 2479 5226 eum
2509 5175 2665 5239 rapit,
2712 5179 2765 5225 et
2794 5172 2934 5224 ducit
2965 5183 3209 5239 tanquam
3243 5174 3293 5227 in
3318 5174 3597 5241 judicium,

2039 5272 2096 5318 et
2112 5264 2326 5331 conjicit
2348 5277 2469 5317 eum
2498 5263 2549 5315 in
2577 5278 2693 5315 eam
2722 5276 2838 5330 quae
2863 5263 3056 5316 dicitur
3077 5263 3392 5327 custodiam,
3420 5262 3604 5318 collari

2042 5355 2219 5409 ferreo
2249 5352 2365 5422 ejus
2407 5353 2543 5408 collo
2586 5353 2797 5421 injecto,
2845 5361 2899 5404 et
2933 5362 3121 5407 catena
3171 5350 3343 5407 ferrea
3379 5353 3608 5423 alligatis

2043 5446 2305 5511 manibus,
2339 5444 2404 5498 iis
2434 5443 2685 5498 videlicet
2709 5445 2795 5511 qui
2820 5443 2883 5498 ad
2911 5444 3082 5513 ipsum
3116 5456 3386 5507 venerant,
3409 5448 3457 5498 ei
3479 5459 3606 5498 cau-

2043 5554 2156 5591 sam
2205 5538 2422 5590 minime
2442 5534 2760 5589 dicentibus.
2794 5533 2909 5601 Ipse
2953 5542 3130 5588 autem
3161 5533 3249 5602 qni
3278 5532 3609 5601 pungebatur

2045 5628 2392 5689 conscientia,
2423 5624 2762 5680 existimabat
2786 5640 2845 5678 se
2870 5639 2931 5677 ea
2960 5625 3136 5678 subire
3161 5623 3275 5693 ejus
3304 5625 3491 5694 gratia,
3521 5638 3609 5676 ar-

2048 5722 2249 5774 bitrans
2282 5720 2524 5771 maritum
2558 5717 2795 5771 mulieris
2824 5716 2891 5770 de
2921 5716 3017 5770 hac
3061 5731 3118 5772 re
3155 5714 3384 5785 jndiecm
3413 5728 3606 5769 conve-

2116 5832 2133 5861 ²
2149 5827 2459 5898 .Origcnisla
2488 5826 2574 5881 hic
2601 5824 2717 5880 iuit.
