2014 3217
204 218 269 245 “9i

941 211 981 239 ΡΑ
987 208 1099 238 LLADII

1761 200 1832 227 “92

209 279 292 306 "isse.
309 277 396 305 Animi
420 275 510 309 itaque
521 272 664 301 admodum
685 269 780 297 anxius
792 267 912 296 constitit
924 266 996 294 Eva-
1011 266 1035 295 Α
1049 264 1114 291 Cum
1132 265 1219 299 itaque
1240 265 1348 292 vixisset
1365 265 1565 299 qttatuordeciut
1580 264 1657 292 annis
1677 265 1703 292 in
1716 250 1759 291 iis
1773 273 1833 299 qua

208 324 299 359 grius,
308 323 371 349 dum
385 321 419 349 de
429 320 480 347 alia
492 325 570 346 causa
582 321 714 352 ageretur,
729 319 757 342 et
769 314 803 341 de
816 313 874 340 aliis
888 315 996 346 propter

211 370 262 396 tale
275 368 378 396 crimen
403 366 546 393 haberetur
564 363 686 398 quazstio.
704 361 766 388 Post
785 366 910 394 magnum
932 364 997 392 ergo

212 414 286 440 illum
311 416 410 439 tltctum
423 414 450 438 et
470 416 602 436 sumntum
629 405 711 433 animi
735 411 871 439 angorem,
887 403 997 437 angelus

211 459 255 493 qui
269 459 302 486 ab
317 457 391 484 initio
407 455 556 490 prmbuerat
568 453 708 485 visionem,
731 452 766 478 ita
783 450 995 480 transformatur,

210 508 241 530 ut
263 503 397 530 videretur
423 501 517 527 adesse
539 505 682 534 germanus
701 504 728 524 et
754 497 875 523 sincerus
894 495 998 521 amicus

214 549 329 585 Evagrii,
342 547 420 575 valde
440 545 651 580 obstupefactus,
673 547 701 570 et
716 542 819 569 tristitia
835 540 943 568 allectus
960 539 997 585 iob

213 584 312 621 tantam
323 592 487 620 vinculorum
506 590 652 622 infamiam,
674 592 701 615 et
718 587 810 614 dicens
821 586 846 613 ei
859 586 948 612 vincto
958 584 994 610 in-

214 645 253 666 ter
279 641 385 664 catenas
410 635 584 670 quadraginta
613 640 718 660 reorum
735 631 810 659 :Cur
839 638 900 658 cum
926 633 997 656 tanta

214 683 354 719 ignominia
371 682 497 709 detineris
516 688 577 707 cunt
593 679 657 711 rcis,
674 678 782 706 domine
806 676 937 704 diacone?
954 675 996 702 illiI

213 729 236 755 ei
252 728 315 755 dicit
329 736 335 754 :
353 728 453 754 Revera
469 726 575 761 quidem
590 725 694 755 nescio;
719 722 840 757 suspicor
853 727 941 748 autent
953 720 997 753 N.,

214 774 308 807 quiest
320 781 351 800 ex
368 772 515 806 praefectis,
540 779 582 798 me
596 769 739 800 detulisse.
756 771 855 795 motum
870 766 999 800 zelotypia

213 820 278 846 citra
293 818 373 845 ullam
389 817 519 844 rationem
532 825 539 848 ;
555 820 582 843 et
597 822 691 842 vereor
706 821 739 841 ne
753 813 922 847 magistratus
944 810 1000 837 fue-

214 865 247 891 rit
257 864 290 891 ab
303 871 335 891 eo
356 866 497 896 corruptus
513 861 635 895 pecunia,
652 864 680 887 et
700 866 743 886 me
765 858 881 885 maximo
900 856 1001 883 afﬁciat

212 909 351 943 supplicio.
369 908 435 935 lticit
453 907 477 934 ei
495 908 517 934 is
532 906 576 941 qui
600 905 677 932 amici
698 905 809 939 ﬁguram
823 906 999 936 susceperat:

1048 310 1172 336 dicuntur
1186 310 1287 343 Celliis,
1303 310 1458 337 comedebat
1482 310 1589 344 quidem
1604 310 1680 345 panis
1695 310 1790 338 librant
1805 311 1832 337 in

1048 356 1108 387 die;
1137 356 1262 382 trimestri
1286 361 1374 382 autern
1390 360 1507 388 tempore
1527 355 1580 382 olei
1608 355 1764 388 sextarium,
1790 364 1832 382 v-r

1048 400 1092 433 qui
1113 401 1137 426 in
1158 401 1228 426 molli
1250 401 1362 427 delicata
1381 405 1408 427 et
1429 400 1496 426 lattla
1515 400 1569 426 vita
1589 400 1675 428 fuerat
1691 401 1830 428 educatus.

1050 446 1175 472 Faciebat
1186 451 1274 473 autem
1286 453 1392 473 centum
1407 446 1551 478 orationes,
1565 446 1685 473 scribens
1697 446 1831 473 annuatim

1050 492 1161 523 pretium
1188 492 1272 517 solum
1301 499 1392 518 eorum
1422 499 1480 525 quae
1505 491 1677 523 eotnedebat;
1698 492 1833 526 eleganter

1050 536 1120 562 enim
1135 537 1265 561 scribebat
1289 537 1405 563 celerem
1425 537 1617 563 characterem.
1637 535 1701 563 Cum
1716 544 1778 572 ergo
1795 537 1835 564 in—

1051 586 1088 606 tra
1104 581 1252 614 quindecim
1269 588 1398 608 annorum
1419 585 1531 615 spatium
1555 587 1667 608 tuentem
1690 581 1833 615 expiasset.

1050 627 1144 660 dignus
1160 632 1201 653 est
1216 627 1319 653 habitus
1333 627 1402 653 dono
1424 627 1584 661 cognitionis
1606 632 1632 654 et
1646 628 1792 662 sapientia,
1808 633 1835 655 et

1051 673 1217 699 discretionis
1238 673 1389 706 spirituum.
1412 672 1435 699 is
1453 673 1603 707 composuit
1625 678 1679 700 tres
1696 680 1787 701 sacros
1803 673 1836 700 li-

1052 718 1113 744 bros
1130 719 1317 744 monachorum
1328 740 1334 749 ,
1358 719 1401 752 qui
1422 718 1516 745 dicitur
1526 719 1713 756 ’Δντιρῥήτιχαν
1729 719 1778 745 hoc
1794 723 1836 746 est

1052 763 1275 794 Coutradictoria,
1301 764 1472 798 suppeditans
1499 769 1570 791 artes
1593 765 1686 798 quibus
1707 763 1739 791 sit
1761 769 1836 791 uten-

1051 808 1114 834 dum
1137 808 1263 834 adversus
1278 808 1422 836 daemones.
1442 809 1471 835 Ei
1485 809 1626 843 aliquando
1639 817 1744 844 gravem
1759 810 1835 837 exhi-

1053 853 1108 879 buit
1128 853 1275 880 molestiam
1296 853 1400 880 dmino"
1420 854 1614 884 fornicationis.
1637 859 1663 881 ut
1682 855 1739 889 ipse
1759 854 1836 882 nobis

1053 899 1183 929 narravit;
1210 904 1236 925 et
1260 903 1313 925 tota
1339 904 1416 926 nocte
1431 900 1504 926 stetit
1529 900 1554 926 in
1581 905 1658 932 puteo
1683 907 1742 926 cum
1765 905 1835 927 esset

212 941 344 982 Sita-udias
356 954 481 985 anticum,
501 952 547 980 tibi
559 951 688 982 consulo;
705 957 758 977 non
772 949 819 976 tibi
832 948 939 982 expedit
954 947 1000 974 de-
1015 941 1038 971 Β
1053 945 1149 976 hiems,
1172 945 1239 971 adeo
1265 949 1293 971 ut
1312 944 1368 978 ejus
1388 952 1481 971 carnes
1501 946 1561 980 gelu
1583 946 1835 979 constringerentur.

212 1009 276 1036 gere
289 1001 315 1027 in
334 1000 383 1027 hac
402 999 519 1027 civitate.
539 997 607 1024 Dicit
619 997 644 1025 ei
658 996 786 1030 Evagrius
800 1004 807 1022 :
824 995 852 1022 Si
867 995 937 1021 Deus
957 1001 999 1020 tne

213 1044 365 1072 liberaverit
375 1044 408 1070 ab
423 1044 471 1070 hac
484 1042 644 1074 calamitate,
659 1046 739 1068 etme
754 1040 853 1067 videris
868 1039 1000 1067 Constan-

213 1090 335 1123 tinopoli,
351 1089 419 1116 scias
433 1096 474 1115 me
487 1088 548 1123 jure
560 1086 650 1114 subire
662 1087 711 1113 hoc
721 1085 891 1120 supplicium,
904 1088 1000 1111 etesse

212 1136 320 1170 dignum
334 1134 386 1161 alio
402 1133 513 1168 majore.
538 1132 607 1159 Dicit
629 1132 653 1159 ei
668 1131 770 1158 amicus
784 1139 790 1157 :
806 1130 833 1157 Si
851 1129 885 1156 ita
910 1128 1000 1159 habet,

213 1180 270 1207 fero
280 1180 313 1206 ad
323 1184 347 1206 te
361 1183 480 1206 sanctum
493 1177 658 1212 evangelium
670 1185 677 1209 ;
691 1177 751 1210 jura
766 1175 830 1202 mihi
846 1175 870 1201 iu
884 1181 916 1202 eo
929 1173 998 1208 quod

213 1226 323 1253 recedes
334 1226 367 1253 ab
382 1225 432 1253 hac
444 1226 552 1252 civitate
561 1245 569 1257 ,
585 1229 612 1252 et
623 1228 675 1251 tua:
697 1223 793 1251 animat
805 1228 896 1249 curant
908 1228 1000 1255 εει-θη

213 1276 240 1297 et
257 1275 281 1297 te
296 1270 321 1297 li!
333 1271 414 1297 crabo
433 1270 467 1297 ab
484 1270 533 1297 hac
548 1270 717 1296 necessitate.
743 1267 872 1302 Evagrius
887 1272 975 1294 autem
992 1274 998 1292 :

215 1315 289 1350 Rogo
304 1320 339 1348 te,
355 1315 451 1350 inquit,
466 1315 561 1348 jurabo
577 1319 605 1341 ιιι
624 1313 756 1345 volueris;
774 1320 816 1339 mc
831 1311 1001 1339 solummodo

216 1361 297 1388 libera
311 1361 344 1387 ab
356 1360 404 1387 hac
416 1361 485 1387 nube
499 1359 650 1387 tenebrosa.
663 1359 771 1386 interim
785 1361 873 1384 autent
884 1356 908 1383 ei
924 1355 1001 1382 affert

211 1411 331 1433 sanctum
343 1405 520 1440 evangelium,
532 1409 557 1432 et
572 1404 652 1437 exigit
661 1402 856 1437 jusjurandum.
869 1400 1000 1436 Evagrius

210 1455 298 1477 autem
312 1451 335 1477 ei
351 1451 420 1483 jurat
439 1457 485 1484 per
499 1449 666 1483 evangelium
682 1448 771 1475 verbis
785 1447 824 1475 sic
836 1445 973 1479 conceptis
990 1453 998 1477 ;

210 1495 269 1523 Non
284 1495 398 1522 manebo
413 1495 455 1522 hic
476 1499 572 1529 praeter
586 1501 668 1521 unum
682 1493 765 1525 diem,
788 1492 866 1527 idque
883 1495 913 1518 ut
927 1498 999 1518 meas

213 1544 304 1568 vestes
320 1540 345 1566 in
358 1546 452 1567 navem
466 1538 617 1565 immittam.
641 1538 708 1565 Cum
722 1543 810 1565 autem
827 1536 1001 1570 proceSsisset

212 1584 404 1620 jusjurandum,
427 1584 460 1611 ad
480 1591 508 1611 se
523 1584 600 1611 rediit
620 1584 655 1610 ab
675 1583 772 1611 ecstasi
797 1590 856 1617 quae
877 1582 902 1609 ei
919 1587 998 1609 ttoetu

1052 990 1201 1023 Aliquando
1222 994 1311 1016 autem
1328 998 1419 1017 rursus
1440 990 1464 1017 ei
1479 990 1625 1017 molestiam
1640 990 1761 1017 exhibuit
1783 989 1837 1024 spi-

1052 1036 1117 1061 ritus
1145 1035 1330 1068 blasphcmitc;
1357 1039 1383 1061 et
1403 1035 1575 1070 quadraginta
1598 1036 1692 1063 diebus
1718 1044 1770 1063 non
1794 1040 1837 1064 est

1051 1083 1149 1106 tectum
1175 1080 1318 1114 iltgreSsuS,
1347 1085 1376 1106 ut
1400 1080 1456 1113 ipse
1477 1081 1553 1108 nobis
1576 1082 1701 1115 narravit,
1725 1082 1793 1109 adeo
1809 1087 1837 1109 ut

1051 1132 1147 1158 corpus
1162 1127 1230 1159 ejus,
1251 1133 1302 1151 non
1318 1132 1395 1152 secus
1414 1133 1444 1152 ac
1465 1133 1561 1159 corpus
1579 1126 1693 1153 ferarum
1717 1127 1838 1154 animan-

1052 1170 1129 1201 tium,
1145 1170 1235 1196 ricinis
1248 1175 1361 1197 scateret
1378 1172 1463 1204 (157).
1481 1170 1510 1197 Ei
1525 1176 1579 1197 tres
1593 1176 1773 1205 apparuerunt
1784 1172 1838 1198 day

1053 1222 1146 1240 mones
1162 1215 1186 1240 in
1203 1215 1292 1241 habitu
1315 1215 1488 1248 clericorum,
1510 1215 1544 1243 de
1559 1216 1609 1243 fide
1626 1224 1686 1243 cttttt
1704 1225 1736 1243 eo
1752 1217 1838 1251 inqui-

1053 1264 1155 1289 rentcs;
1173 1265 1199 1285 et
1216 1267 1282 1286 unus
1295 1260 1400 1293 quidem
1416 1260 1521 1287 diccbat
1541 1269 1602 1288 euttt
1617 1269 1676 1288 esse
1692 1262 1833 1295 Arianutn,

1052 1305 1120 1332 alter
1148 1314 1210 1332 vero
1238 1307 1442 1339 Eunomianum,
1470 1307 1565 1334 tertius
1588 1313 1675 1335 autem
1702 1309 1837 1341 Apollina-

1053 1350 1161 1382 ristam,
1178 1356 1205 1378 et
1231 1358 1278 1378 eos
1300 1351 1391 1385 paucis
1416 1353 1553 1386 superavit
1572 1353 1665 1387 spiritu
1689 1354 1836 1388 sapientiae.

1053 1395 1153 1422 liursus
1177 1403 1237 1422 cuin
1260 1397 1374 1430 quodam
1393 1396 1436 1423 die
1456 1398 1578 1430 periisset
1601 1398 1683 1425 clavis
1704 1399 1838 1432 ecclesia,

1052 1448 1110 1466 sera
1123 1448 1201 1467 cruce
1214 1441 1326 1475 signata,
1339 1449 1419 1468 manu
1432 1442 1541 1468 trudens
1556 1450 1613 1469 eam
1628 1444 1740 1477 aperuit,
1757 1442 1836 1470 Chri-

1052 1493 1093 1513 sto
1110 1488 1241 1514 invocato.
1269 1488 1290 1514 is
1308 1495 1322 1514 a
1337 1488 1502 1515 dmtnmtibus
1521 1489 1589 1517 adeo
1611 1488 1658 1515 fuit
1677 1489 1838 1522 ﬁagellatus,

1052 1537 1079 1559 et
1098 1532 1233 1559 variorum
1253 1533 1401 1561 titcmonum
1425 1540 1523 1563 tantum
1550 1536 1613 1562 fecit
1633 1536 1840 1569 experientiam,

1052 1581 1081 1602 ut
1094 1578 1109 1602 ii
1126 1585 1178 1603 tton
1195 1578 1299 1611 possint
1318 1578 1396 1605 facile
1410 1581 1571 1606 enumerari.
1589 1580 1639 1607 Uni
1649 1587 1682 1607 ex
1699 1579 1842 1614 discipulis

210 1616 347 1657 evenerat.
361 1629 480 1663 Cumque
503 1628 672 1662 surrexisset,
696 1627 823 1662 cogitavit
838 1635 845 1654 :
863 1628 919 1654 Etsi
936 1628 999 1654 mibi
1012 1616 1036 1648 α
1052 1622 1117 1654 SUiS.
1133 1631 1192 1657 ante
1209 1630 1265 1656 post
1287 1624 1379 1651 decem
1400 1629 1426 1650 et
1447 1630 1507 1651 octo
1522 1633 1605 1652 annos
1620 1630 1696 1653 erant
1710 1630 1840 1654 eventura

212 1675 360 1702 fuit-datum
372 1674 558 1709 jusjurandum
575 1674 601 1701 in
610 1674 719 1707 ecstasi,
732 1674 819 1707 juravi
832 1678 929 1700 tamen.
941 1675 1000 1700 (lm-

214 1721 292 1748 ttibus
302 1728 365 1756 ergo
379 1728 438 1755 quae
451 1720 564 1747 habebat
582 1720 607 1747 in
628 1726 695 1746 nave
709 1718 848 1754 conjectis,
868 1719 942 1745 venit
957 1718 999 1745 Je-

212 1766 356 1801 rosolyma,
374 1770 400 1793 et
415 1766 469 1793 illic
482 1766 638 1801 excipitura
652 1765 728 1793 beata
742 1764 853 1792 Melania
869 1764 1000 1791 Romana.

212 1812 314 1839 Rursus
333 1819 394 1839 cum
413 1812 533 1839 diabolus
555 1812 614 1847 ejus
640 1818 688 1839 cor
710 1815 836 1845 tanquam
857 1810 1002 1837 Pharaonis

214 1860 372 1892 intimasset,
386 1863 478 1893 utpote
500 1858 677 1885 adolescentis
692 1862 720 1885 et
736 1861 815 1884 aetate
829 1856 999 1887 luxuriantis,

212 1912 273 1931 eum
285 1911 376 1931 rursus
389 1904 499 1932 incessit
510 1903 649 1936 dubitatio,
665 1906 692 1930 et
705 1902 787 1929 animi
803 1901 851 1929 fuit
864 1901 1000 1935 ancipitis,

213 1957 273 1976 eum
292 1954 381 1977 tamen
399 1949 498 1977 nemini
515 1949 659 1984 quidquam
678 1948 801 1976 dixisset.
820 1948 879 1980 Quo
902 1948 1000 1974 factum

213 2000 254 2023 est
268 1999 297 2022 ut
318 1998 346 2021 et
360 1999 448 2022 vestes
471 2002 564 2022 rursus
585 1998 709 2025 mutaret,
726 1998 751 2021 et
768 1993 793 2020 in
816 1992 964 2020 ditTerendo
977 1993 1002 2020 ei

214 2047 352 2069 veternum
364 2040 472 2068 all‘etret
485 2048 551 2067 vana
563 2040 646 2074 gloria
662 2048 668 2066 :
683 2039 729 2066 sed
746 2039 817 2065 Deus
831 2038 875 2073 qui
891 2038 1003 2072 impedit

215 2088 334 2115 omniunt
347 2093 466 2114 tt05trum
482 2086 629 2119 interitum,
644 2085 669 2112 ei
681 2092 773 2111 rursus
785 2083 874 2111 attulit
886 2083 1000 2110 calami-

216 2138 309 2165 talem,
321 2139 413 2159 rursus
428 2133 453 2157 itt
461 2130 562 2159 febrem
575 2130 730 2165 conjicicns,
744 2135 771 2157 et
785 2129 882 2156 deinde
896 2129 923 2156 in
938 2128 1002 2156 lon-

213 2184 275 2212 gum
288 2177 410 2205 tnorbum
422 2197 429 2209 ,
444 2181 563 2210 tempore
583 2175 705 2202 semestri
720 2175 778 2207 ejus
790 2181 899 2202 carnem
915 2181 1003 2201 mace-

215 2229 288 2254 ratis,
311 2229 370 2256 quae
389 2222 413 2248 ci
432 2221 559 2249 afferebat
578 2221 795 2255 impedimentum
818 2220 851 2247 ad
864 2220 1001 2252 virtutem,

215 2268 325 2295 medicis
340 2267 533 2298 dubitantibus.
559 2272 587 2294 et
610 2275 662 2294 non
679 2266 876 2294 invenientibus
892 2266 999 2293 modum

1053 1668 1088 1697 ei,
1102 1668 1177 1700 dixit,
1200 1669 1288 1695 omnia
1303 1670 1326 1696 ei
1342 1669 1487 1702 praedicens
1509 1670 1534 1696 in
1553 1671 1652 1704 specie.
1667 1671 1777 1698 Dicebat
1791 1679 1838 1699 au-

1055 1717 1105 1739 tent
1123 1713 1164 1739 hic
1178 1713 1272 1740 beatus
1285 1723 1291 1740 :
1306 1714 1343 1741 Ex
1359 1723 1410 1747 quo
1422 1715 1480 1741 veni
1496 1716 1521 1742 in
1534 1716 1715 1749 solitudinem,
1730 1725 1778 1744 nou
1792 1722 1834 1744 te-

1054 1758 1098 1791 tigi
1112 1758 1249 1789 lactucam,
1268 1767 1319 1785 non
1336 1761 1465 1786 minutum
1479 1760 1548 1792 olus,
1566 1768 1618 1787 non
1632 1760 1730 1795 aliquid
1741 1760 1830 1793 viride,

1054 1811 1105 1828 non
1122 1803 1247 1836 fructum,
1263 1811 1314 1830 non
1325 1812 1412 1837 uvam,
1429 1812 1481 1831 non
1497 1805 1641 1839 lavacrum,
1656 1814 1708 1832 non
1719 1813 1833 1838 carnem,

1054 1857 1106 1875 tton
1122 1858 1226 1882 panem,
1244 1857 1296 1876 non
1313 1850 1412 1882 vinum,
1431 1859 1516 1885 neque
1529 1852 1637 1878 omnino
1651 1852 1748 1885 aliquid
1763 1860 1795 1879 ex
1806 1852 1836 1880 iit

1053 1904 1111 1930 qua:
1140 1905 1185 1930 per
1210 1897 1296 1932 ignem
1325 1902 1470 1930 transeunt,
1498 1904 1593 1932 praeter
1620 1899 1738 1933 quaedam
1765 1899 1838 1926 olera

1053 1942 1145 1974 cruda,
1171 1947 1197 1968 et
1213 1943 1345 1969 modicum
1366 1950 1450 1976 aquae.
1474 1943 1568 1970 Postea
1587 1948 1674 1970 autem
1695 1949 1771 1970 sexto
1791 1945 1839 1971 de-

1053 1989 1123 2015 cinto
1138 1996 1208 2014 anno
1223 1988 1337 2015 instituti
1350 1989 1411 2014 vitae
1425 1995 1480 2015 suae
1495 1993 1560 2015 actae
1571 1988 1669 2023 absque
1681 1989 1840 2017 decoctiune

1054 2034 1132 2069 ignis,
1157 2041 1215 2060 cum
1232 2041 1308 2066 caro,
1332 2040 1438 2067 propter
1454 2034 1662 2061 imbecillitatem
1680 2035 1801 2068 corporis
1813 2040 1841 2062 et

1054 2079 1196 2110 stomachi,
1219 2086 1285 2112 opus
1300 2079 1410 2106 haberet
1423 2084 1451 2105 ιιι
1465 2078 1562 2113 aliquid
1575 2084 1693 2106 sumeret
1707 2079 1776 2113 quod
1793 2087 1841 2113 per

1055 2125 1142 2157 ignem
1157 2125 1315 2156 transiisset,
1333 2132 1427 2158 panettt
1444 2125 1549 2157 quidem
1563 2125 1657 2159 tetigit,
1674 2132 1841 2160 nequaquam

1054 2175 1141 2195 autent
1167 2170 1280 2202 sumpsit
1302 2175 1376 2196 cocta
1398 2170 1488 2202 olera;
1514 2172 1560 2197 scd
1582 2170 1621 2196 vel
1645 2170 1840 2202 ptisanam,vel

1056 2215 1186 2248 leg.mtina
1203 2215 1269 2241 duos
1284 2222 1378 2241 annos.
1396 2215 1423 2241 ltt
1440 2215 1481 2242 Itis
1501 2222 1597 2249 corpus
1611 2215 1783 2242 consumebat
1796 2215 1841 2243 hic

1054 2259 1158 2291 beatus,
1178 2260 1312 2286 viviﬁcans
1340 2261 1456 2286 animam
1477 2265 1569 2287 sancto
1593 2260 1705 2294 Spiritu,
1726 2260 1754 2288 in
1777 2260 1842 2295 Epi-

213 2313 368 2340 εητηιίοηίε,
383 2312 452 2340 Dici;
465 2319 528 2345 ergo
542 2312 565 2339 ei
581 2312 658 2339 beata
673 2311 830 2339 Melanium;
845 2311 902 2338 Non
916 2311 1004 2345 place;
1017 2307 1044 2338 1)
1057 2305 1160 2340 pltaniis
1177 2306 1202 2331 in
1219 2305 1330 2332 ecclesia
1346 2305 1556 2332 communicans.
1580 2305 1661 2333 Nobis
1680 2311 1767 2333 autent
1782 2313 1844 2333 nar-

214 2358 291 2390 mihi,
303 2357 351 2389 ﬁli,
364 2358 473 2384 morbus
485 2361 545 2384 tuus
559 2356 718 2388 diuturnus;
730 2356 773 2384 dic
782 2364 848 2391 ergo
859 2357 923 2384 mihi
937 2365 999 2391 quat

217 2405 300 2431 habes
312 2404 337 2430 io
349 2404 449 2435 animo,
462 2410 515 2430 non
526 2407 567 2429 est
577 2402 647 2428 enim
660 2408 740 2429 verus
753 2401 795 2428 ltie
806 2406 866 2429 tuus
881 2401 1000 2429 morbus.

214 2451 358 2478 Con‘essus
371 2453 413 2476 est
425 2456 489 2483 ergo
501 2448 525 2474 ei
536 2455 592 2475 rem
605 2454 664 2482 qua;
674 2446 723 2473 sibi
735 2450 862 2474 evenerat
873 2446 1003 2474 Constan-

214 2495 335 2530 tittopoli.
376 2494 445 2522 Dicit
490 2494 515 2522 ei
565 2493 644 2521 beata
666 2498 672 2517 :
696 2492 827 2519 Promitte
848 2491 911 2519 mitti
937 2497 1004 2520 teste

214 2542 340 2574 Domino,
353 2545 379 2567 tc
393 2540 453 2566 vita:
467 2539 620 2565 tnonasticte
633 2545 742 2572 scopum
756 2545 817 2564 esse
835 2542 1002 2572 secuturum,

195 2592 241 2622 ,et
251 2587 371 2621 egolicet
382 2584 528 2619 peccatrix.
544 2583 627 2610 orabo
638 2583 731 2616 Deum,
746 2587 774 2609 ut
786 2583 864 2610 detur
879 2583 926 2611 tibi
939 2588 1005 2611 tem-

216 2639 264 2666 pus
278 2636 455 2662 eommeatus,
478 2633 506 2657 et
519 2628 580 2656 vitat
592 2628 732 2656 terminus.
758 2628 783 2656 is
801 2632 890 2656 autem
906 2633 950 2656 est
964 2637 1006 2656 as-

216 2683 321 2704 sensus.
346 2675 413 2703 Cum
433 2681 465 2702 ea
487 2677 576 2701 autem
600 2677 713 2706 orasset,
740 2673 808 2700 intra
828 2681 928 2708 paucos
948 2674 1006 2701 dies

215 2720 368 2751 convaluit;
394 2726 507 2753 cumque
530 2718 552 2745 is
574 2718 744 2750 surrexisset,
764 2718 798 2744 ab
822 2718 865 2746 illa
888 2719 944 2753 ipsa
965 2723 1007 2746 est

216 2767 314 2794 amictu
329 2763 610 2795 ntonasticoindutus,
636 2768 662 2791 et
690 2771 801 2798 peregre
827 2764 1006 2798 proﬁciscitur

219 2812 245 2838 in
258 2816 374 2838 montem
395 2811 497 2844 Nitrite,
518 2811 564 2846 qui
581 2810 662 2837 estin
677 2809 793 2845 Egypto
809 2818 815 2836 :
835 2811 860 2837 in
873 2818 926 2845 quo
941 2819 1001 2839 cum

221 2855 367 2883 habitasset
389 2855 518 2890 biennio,
545 2854 624 2883 tertio
650 2855 798 2889 ittgreditur
820 2855 1004 2885 solitudinem.

254 2900 369 2928 ‘Simile
383 2908 473 2934 supra,
488 2902 514 2929 in
531 2901 631 2936 Pelag.,
649 2901 730 2929 libell.
746 2909 764 2934 l,
780 2908 853 2928 num.
870 2901 898 2928 5.

1057 2352 1131 2377 rabat
1146 2350 1188 2377 hic
1199 2358 1343 2385 generosus
1356 2350 1452 2377 (.hristi
1468 2351 1565 2377 athleta
1577 2351 1648 2378 circa
1661 2356 1764 2385 tempus
1777 2359 1844 2380 utor-

1058 2397 1088 2423 tis
1106 2404 1112 2423 :
1134 2396 1191 2422 .lam
1215 2401 1277 2423 sunt
1302 2400 1355 2427 tres
1370 2396 1431 2422 anni
1453 2403 1484 2423 ex
1505 2404 1557 2430 quo
1580 2404 1632 2423 non
1651 2404 1709 2424 sunt
1729 2397 1844 2431 amplius

1056 2445 1167 2468 vexatus
1181 2449 1195 2467 a
1211 2441 1355 2475 cupiditate
1370 2441 1469 2468 carnis.
1493 2441 1522 2469 Si
1538 2446 1626 2468 autent
1642 2447 1702 2477 post
1712 2442 1792 2469 vitattt
1806 2443 1844 2470 ita

1057 2496 1090 2515 ex
1106 2488 1204 2515 virtute
1230 2493 1326 2520 actam,
1352 2492 1378 2514 et
1398 2488 1556 2515 immensum
1574 2488 1691 2516 laborem
1715 2488 1845 2516 exercita-

1058 2535 1147 2566 tionis,
1169 2542 1283 2568 eumque
1298 2535 1337 2561 vel
1354 2534 1468 2561 maxime
1484 2533 1667 2567 inﬂexibilem,
1680 2538 1707 2562 et
1727 2534 1844 2562 sobriam

1058 2585 1186 2614 perpetuo
1201 2581 1359 2611 oratiOttcm,
1376 2580 1446 2607 huttc
1468 2580 1646 2608 immortalem
1665 2580 1732 2608 adeo
1745 2581 1845 2608 invasit

1058 2627 1134 2654 bonis
1148 2627 1258 2653 init-stus
1270 2632 1296 2653 et
1312 2627 1440 2654 exitiosus
1453 2626 1575 2660 daemon;
1596 2627 1657 2662 qttid
1671 2627 1704 2655 ab
1716 2635 1841 2655 exsecra-

1058 2672 1103 2700 bili
1122 2674 1243 2700 dmtnone
1261 2673 1313 2706 pati
1336 2678 1459 2706 putamus
1472 2681 1517 2700 eos
1531 2674 1573 2707 qui
1588 2679 1648 2700 sunt
1662 2673 1841 2706 socordiam.

1059 2725 1168 2754 propter
1182 2727 1255 2746 suam
1278 2719 1480 2754 negligentiam?
1503 2719 1569 2746 Huic
1582 2724 1677 2746 sancto
1695 2719 1844 2753 signiﬁcata

1057 2769 1098 2792 est
1113 2765 1254 2799 aliquando
1271 2773 1342 2792 mors
1358 2766 1440 2799 patris
1454 2765 1492 2792 sui
1504 2785 1512 2797 ,
1529 2770 1555 2792 et
1571 2765 1636 2792 dicit
1650 2766 1674 2792 ei
1690 2766 1731 2800 qui
1746 2772 1847 2792 renun—

1058 2813 1132 2839 tiavit
1146 2822 1151 2839 :
1168 2813 1261 2839 Desine
1275 2813 1470 2846 blaspltetnare,
1482 2820 1556 2839 meus
1570 2812 1639 2839 enim
1655 2811 1732 2839 Pater
1743 2815 1784 2839 est
1794 2811 1847 2838 itn-

1058 2860 1177 2886 mortalis
1190 2860 1209 2887 '.
1227 2860 1307 2885 Deum
1324 2864 1411 2886 autent
1427 2859 1541 2887 dicebat.
1560 2858 1700 2892 ﬂuensque
1710 2865 1751 2886 est
1762 2864 1846 2885 exac-
