4028 6476
378 412 515 479 1193

1595 410 1964 473 HISTORIA
2001 410 2395 473 LAUSIACA.

3504 405 3645 470 1194

377 524 575 578 τιώτου
603 523 698 579 τοῦ
729 525 971 596 ἐπάρχου
994 540 1006 554 ⁸
1056 523 1152 578 καὶ
1197 524 1436 594 ἁρπάζει
1479 523 1663 588 αὑτὸν,
1701 524 1797 578 καλ⁵
1833 523 1956 591 ἄγει
1985 525 2033 582 Α
2058 520 2216 589 λόγον
2244 520 2339 573 ἐπὶ
2369 517 2575 589 Κυρίου
2599 518 2681 571 ὅτι
2716 516 2817 589 ἔχῃ
2850 514 2948 571 τοῦ
2982 513 3188 572 σκοποῦ
3208 515 3401 571 τούτου
3444 517 3524 582 εἰς
3552 520 3645 572 τὸν

370 608 445 672 ὡς
469 611 527 663 ἐν
555 608 913 679 δικαστηρίῳ,
949 608 1041 661 καὶ
1068 606 1251 679 βάλλει
1280 607 1443 661 αὑτὸν
1472 608 1554 671 είς
1582 606 1682 678 τὴν
1716 606 1954 677 λεγομέ-

370 708 471 761 νην
497 691 829 744 κουστωδίαν
854 691 1069 753 κλοιοὺς
1092 689 1346 761 σιδηροῦς
1366 689 1492 744 κατ’
1510 689 1717 760 αὐχένα
1747 688 1948 759 βαλὼν,

371 775 468 828 καὶ
512 775 699 829 ἁλύσει
741 776 937 847 σιδηρᾷ
980 774 1403 845 καταδησάντων
1457 774 1556 837 τὰς
1598 776 1806 844 χεῖρας,
1841 774 1949 827 τῶν

373 855 461 909 ἐπ’
492 857 657 911 αὑτὸν
699 857 858 929 δῆθεν
911 858 1199 922 ἐλθόντων,
1234 858 1333 929 τὴν
1369 858 1549 911 αἰτίαν
1580 855 1729 927 αὑτῷ
1770 856 1833 908 o6
1865 856 1953 909 λεα-

373 939 581 1006 γόντων
601 957 617 972 ο
651 940 814 1005 αὑτὸς
836 940 893 994 δὲ
916 943 983 1012 τῇ
1020 942 1326 1011 συνειδήσει
1347 940 1709 1012 κεντούμενος
1738 940 1959 1009 ἐνόμιζε

371 1022 547 1077 ταῦτα
593 1025 755 1094 χάριν
804 1024 907 1093 τῆς
953 1026 1285 1094 προφάσεως
1333 1025 1552 1093 ἐκείνης
1607 1023 1957 1093 ὑφίστασθαι,

371 1108 751 1179 προσδοκήσας
786 1108 879 1163 τὸν
931 1108 1027 1162 τοῦ
1071 1108 1295 1176 γυναίου
1337 1107 1508 1179 ἄνδρα
1547 1109 1962 1177 ἐντετυχηκέναι

374 1192 505 1263 περὶ
544 1192 644 1262 τῆς
679 1192 990 1255 ὑποθέσεως
1030 1193 1237 1262 ταύτης
1279 1192 1360 1263 τῷ
1391 1191 1640 1262 δικαστῇ.
1684 1192 1773 1244 Ἐν
1798 1191 1857 1245 δέ
1884 1192 1961 1261 τῷ

372 1276 597 1330 ἑστάναι
633 1276 797 1330 αὑτὸν
830 1276 959 1329 λίαν
1011 1276 1329 1345 ἀγωνιῶντα
1351 1315 1367 1341 ,
1403 1275 1570 1346 ἄλλης
1608 1275 1768 1346 δίκης
1799 1275 1961 1346 δῆθεν

373 1360 782 1431 πραττομένης,
805 1361 899 1413 καὶ
921 1360 1365 1430 βασανιζομένων
1388 1358 1593 1429 ἑτέρων
1621 1359 1717 1411 ἐπὶ
1734 1357 1962 1428 τοιούτῳ

370 1440 715 1513 ἐγκλήματι,
767 1443 962 1514 ἐμενεν
1010 1445 1039 1497 6
1093 1443 1363 1513 Εὑάγριος
1414 1441 1622 1513 σφόδρα
1676 1440 1953 1509 ἀγωνιῶν.

372 1525 528 1579 Μετά
575 1526 632 1579 δὲ
661 1525 752 1579 τὸν
811 1526 980 1581 πολὺν
1012 1526 1178 1596 φόϐον
1216 1528 1426 1580 ἐκεῖνον
1470 1526 1566 1579 καὶ
1588 1525 1686 1597 τὴν
1716 1525 1957 1595 ἄμετρον

371 1608 615 1678 ἀγωνίαν
647 1610 1190 1682 μετασχηματίζεται
1221 1612 1250 1665 6
1280 1609 1514 1679 ἄγγελος
1567 1612 1597 1663 6
1641 1610 1733 1664 τὸν
1792 1611 1961 1664 πολὺν

372 1691 524 1762 αύτῷ
554 1691 719 1761 φόϐον
750 1694 809 1748 ἐν
850 1696 918 1766 τῇ
958 1693 1200 1766 ὀπτασίᾳ
1247 1693 1571 1764 παρασχὼν,
1620 1695 1702 1756 είς
1749 1710 1958 1764 παρου-

372 1775 498 1828 σίαν
547 1775 773 1847 γνησίου
821 1777 979 1845 φίλου
1016 1778 1154 1848 πρὸς
1202 1776 1493 1848 ἐπίσκεψιν
1540 1778 1768 1847 ἥκοντος
1820 1778 1960 1849 πρὸς

2063 604 2273 674 μονήρη
2297 602 2441 673 βίον,
2474 602 2588 664 καὶ,
2622 601 2672 654 εί
2697 602 2792 657 καὶ
2820 601 3146 672 ἁμαρτωλός
3172 602 3314 672 είμι,
3348 601 3646 670 προσεύξο-

2065 704 2164 758 μαι
2199 687 2339 757 πρὺς
2366 686 2457 739 τὸν
2486 686 2691 757 Κύριον
2729 685 2819 738 ἵνα
2849 702 2931 738 σοι
2957 684 3086 755 δοθῇ
3117 686 3311 755 καιρὸς
3348 684 3638 754 κομιάτου,

2064 772 2159 826 καὶ
2189 770 2497 842 προθεσμία
2539 767 2704 839 ζωῆς.
2747 770 2807 822 Ὀ
2837 769 2893 822 66
2925 768 3197 824 συνέθετο.
3234 769 3555 841 Εὑξαμένης
3587 771 3645 823 66

2061 856 2252 925 αὐτῆς,
2284 855 2434 917 ἐντὸς
2461 853 2659 921 ὀλίγων
2686 853 2911 925 ἡμερῶν
2945 854 3185 920 ὑγίανεν.
3219 854 3330 905 Καὶ
3372 854 3646 917 ἀναστάς,

2062 939 2195 1007 παρ’
2235 937 2409 1006 αὑτῆς
2457 932 2698 1006 ἐκείνης’
2728 936 3144 1006 μετημφιάδνθη,
3203 937 3299 989 καὶ
3358 936 3646 1007 ἐξέρχεται

2061 1022 2381 1092 ἐκδημήσας
2412 1022 2493 1082 είς
2524 1021 2585 1073 τὸ
2622 1020 2747 1089 δρος
2779 1021 2878 1089 τῆς
2911 1020 3141 1089 Νιτρίας
3179 1019 3241 1072 τὸ
3267 1021 3325 1072 ἐν
3358 1021 3643 1090 Αἰγύπτῳ,

2063 1106 2123 1158 ἐν
2147 1098 2192 1171 ᾧ
2223 1105 2453 1174 οἰκήσας
2477 1101 2730 1173 δεύτερον
2762 1101 2906 1166 ἔτος,
2946 1102 3024 1172 τῷ
3056 1101 3230 1173 τρίτῳ
3262 1102 3537 1156 εἰσϐάλλει
3563 1105 3646 1166 είς

2060 1188 2160 1260 τὴν
2186 1187 2412 1259 ἔρημον.
2446 1189 2627 1258 Ζήσας
2651 1183 2743 1240 οῦν
2769 1187 3143 1257 δεκατέσσαρα
3187 1188 3282 1257 ἐτη
3316 1189 3374 1240 ἐν
3399 1187 3513 1250 τοῖς
3556 1187 3646 1240 λε-

2062 1275 2317 1344 γομένοις
2349 1272 2603 1337 κελλίοις,
2635 1272 2792 1342 ῆσθιε
2823 1271 2923 1341 μὲν
2951 1271 3119 1342 ἄρτου
3146 1272 3350 1341 λύτραν
3374 1272 3474 1342 τήν
3505 1274 3648 1343 ήμέ-

2064 1375 2198 1429 ραν·
2250 1359 2309 1410 ἐν
2336 1355 2672 1427 τριμηνιαίῳ
2714 1356 2771 1408 66
2810 1356 2988 1425 χρόνῳ
3016 1355 3215 1424 ξέστην
3259 1356 3476 1409 ἐλαίου·
3505 1357 3646 1428 ἀνὴρ

2061 1440 2170 1494 61:6
2216 1439 2559 1510 ἀϐροδιαίτου
2602 1439 2696 1491 καὶ
2735 1437 3013 1509 τρυφηλοῦ
3058 1438 3176 1508 βίου
3216 1440 3310 1492 καὶ
3339 1439 3644 1510 ὑγροτάτου

2060 1524 2319 1595 ἠγμένος.
2360 1522 2566 1575 Ἐποίει
2592 1521 2648 1573 66
2677 1522 2841 1590 εὐχὰς
2865 1522 3059 1575 ἑκατὸν
3079 1560 3094 1584 ,
3121 1522 3349 1591 γράφων
3369 1522 3462 1575 τοῦ
3489 1524 3644 1586 ἐτους

2060 1609 2161 1681 τὴν
2200 1605 2367 1676 τιμὴν
2400 1605 2561 1675 μόνον
2609 1596 2683 1659 ὧν
2713 1604 2938 1681 ἢσθιεν·
2993 1605 3208 1674 εὐφυῶς
3238 1606 3348 1676 γάρ
3400 1607 3644 1678 ἔγραφεν

2059 1679 2153 1745 τδν
2185 1689 2485 1759 ὀξύρυγχον
2517 1690 2863 1760 χαρακτῆρα.
2896 1679 3077 1752 Ἐντὸς
3108 1688 3201 1743 οῦν
3251 1692 3644 1745 πεντεκαίδεκα

2061 1775 2198 1830 ἑτῶν
2240 1772 2588 1844 καθαρεύσας
2619 1772 2710 1824 τὸν
2755 1771 2902 1836 νοῦν,
2950 1774 3263 1843 κατηξιώθη
3300 1775 3645 1846 χαρίσματος

369 1859 664 1923 αὑτόν.¹’ος
692 1861 788 1915 καὶ
816 1861 1026 1931 σφόδρα
1048 1861 1220 1933 δῆθεν
1241 1861 1541 1929 ἐκπλαγεὶς
1557 1861 1653 1914 καὶ
1674 1862 1964 1931 γενόμενος
1995 1867 2039 1924 Β
2066 1860 2321 1930 γνώσεως
2340 1861 2435 1913 καὶ
2458 1858 2648 1928 σοφίας
2673 1858 2765 1911 καὶ
2783 1856 3107 1928 διακρίσεως
3136 1859 3481 1928 πνευμάτων.
3507 1860 3641 1913 Συν-

370 1943 624 2014 κατηφὴς
638 1945 705 2015 τῇ
731 1943 972 2016 τοσαύτῃ
996 1945 1192 2016 ἀτιμίᾳ
1217 1943 1327 1997 τῶν
1357 1943 1575 2014 δεσμῶν
1607 1942 1705 1996 τοῦ
1727 1944 1952 2012 γνησίου

370 2025 551 2093 φίλου,
574 2025 722 2096 λέγει
746 2026 899 2097 αὐτῷ
919 2027 1195 2098 δεδεμένῳ
1233 2026 1439 2098 μεταξὺ
1473 2028 1662 2097 σειρᾶς
1687 2027 1955 2096 τεσσαρά-

371 2126 539 2163 κοντα
581 2109 910 2163 καταδίκωψ
948 2110 1015 2162 Τί
1061 2109 1234 2173 οὓτως
1274 2108 1487 2180 ἀτίμως
1525 2109 1666 2179 μετά
1711 2109 1820 2163 τῶν
1854 2127 1954 2163 κα-

368 2192 605 2246 ταδίκων
631 2192 860 2265 κατέχῃ.
896 2193 1055 2264 κύριε
1081 2193 1331 2259 διάκονε;
1360 2194 1523 2261 Λέγει
1549 2192 1700 2263 αὑτῷ
1724 2192 1953 2258 ἑκείνοςο

372 2275 534 2328 Κατά
576 2274 673 2345 μὲν
698 2276 959 2343 ἀλήθειαν
1002 2277 1105 2329 οὑκ
1147 2277 1486 2346 ἐπίσταμαιο
1537 2276 1763 2330 ὑπόνοια
1794 2278 1852 2331 δέ
1884 2296 1954 2348 με

372 2357 488 2426 ἔχει
524 2358 606 2410 ὅτι
638 2358 668 2410 6
696 2357 847 2410 δεῖνα
889 2358 919 2410 6
955 2358 1065 2411 61:6
1094 2360 1351 2431 ἐπάρχων
1400 2359 1620 2429 ἐνέτυχε
1652 2360 1772 2413 κατ’
1814 2360 1952 2430 ἐμοῦ

373 2439 555 2510 ἀλόγῳ
603 2438 910 2512 ζηλοτυπίᾳ
963 2440 1216 2510 πληγεὶς,
1262 2441 1357 2493 καὶ
1414 2441 1633 2495 δέδοικα
1672 2443 1885 2512 μήποτε
1925 2445 1955 2497 6

372 2523 557 2593 ἄρχων
612 2524 891 2595 χρήμασιν
938 2523 1031 2577 ὑπ’
1057 2521 1225 2576 αὑτοῦ
1262 2522 1555 2594 διαφθαρῇ,
1587 2526 1681 2577 καὶ
1713 2527 1956 2599 τιμωρίᾳ

376 2624 445 2678 με
475 2607 749 2681 περιϐάλῃ
784 2608 1040 2682 μεγίστῃ.
1076 2607 1243 2676 Λέγει
1276 2607 1425 2678 αὐτῷ
1458 2611 1486 2662 6
1518 2608 1673 2677 φίλος
1701 2611 1779 2680 τῷ
1820 2613 1955 2682 axi]-

376 2708 506 2760 ματι
526 2707 541 2722 ⁸
586 2692 653 2748 EE
695 2691 916 2756 ἀκούεις
944 2692 1039 2745 τοῦ
1062 2692 1219 2761 φίλου
1261 2709 1379 2757 σου,
1412 2693 1805 2763 συμϐουλεύσω
1836 2711 1952 2748 σοι·

370 2775 433 2827 οὑ
465 2774 736 2846 συμφέρει
776 2790 859 2827 σοι
892 2776 951 2827 ἐν
990 2777 1057 2846 τῇ
1106 2775 1261 2829 πόλει
1301 2775 1478 2848 ταύτῃ
1510 2778 1738 2847 διάγειν.
1788 2779 1954 2848 Λέγει

372 2856 522 2927 αὑτῷ
548 2858 578 2911 6
619 2857 925 2929 Εὑάγριοςο
971 2858 1096 2910 Ἐὰν
1139 2860 1168 2911 6
1199 2858 1333 2921 Θεός
1361 2877 1429 2929 με
1457 2860 1664 2932 ταύτης
1684 2862 1786 2932 τῆς
1816 2879 1957 2932 συμ-

378 2940 553 3009 φορᾶς
572 2939 879 3012 ἀπαλλάξῃ,
916 2941 1011 2994 καὶ
1037 2941 1153 3012 ἴδῃς
1180 2958 1249 3012 με
1277 2943 1335 2995 ἐν
1362 2945 1954 3012 Κωνσταντινουπόλει,

373 3022 544 3087 γνῶθι
575 3022 660 3075 ὅτι
694 3022 933 3091 εὐλόγως
970 3023 1276 3094 ὑφίσταμαι
1302 3024 1509 3096 ταύτην
1536 3027 1636 3098 τὴν
1661 3028 1953 3097 τιμωρίαν,

374 3106 469 3159 καὶ
504 3107 703 3177 ἐτέρας
742 3107 987 3177 μείζονος
1028 3106 1178 3171 ἄξιος
1208 3105 1305 3163 ῶν.
1334 3109 1499 3183 Λέγει
1531 3110 1680 3181 αὐτῷ
1705 3114 1734 3165 6
1764 3111 1917 3181 φίλος
1938 3128 1953 3143 ο

2054 1934 2238 2000 τάττει
2269 1943 2362 1997 οῦν
2389 1934 2543 2005 οὗτος
2566 1941 2694 2012 τρία
2722 1939 2899 2010 βιϐλία
2923 1979 2937 2002 ,
2958 1939 3121 2009 Ἱερὰ,
3148 1941 3416 2011 Μοναχὸν,
3434 1944 3645 2015 Ἀντιρ-

2060 2027 2281 2099 ρητικὸν
2303 2024 2491 2103 ,⁸οῦτω
2519 2024 2829 2092 καλούμενα
2848 2037 2861 2052 ⁸
2896 2022 2996 2085 τὰς
3028 2024 3163 2092 πρὸς
3209 2026 3337 2088 τοὺς
3382 2025 3645 2094 δαίμονας

2056 2111 2394 2188 ὑποθέμενος
2425 2109 2639 2178 τέχνας.
2673 2108 2861 2177 Τούτῳ
2886 2106 3101 2178 ῶχλησέ
3147 2125 3278 2161 ποτε
3305 2110 3386 2171 είς
3417 2110 3583 2180 βάρος
3614 2114 3644 2165 6

2056 2194 2157 2263 τῆς
2192 2192 2448 2262 πορνείας
2486 2192 2719 2261 δαίμων,
2748 2192 2827 2253 ὡς
2869 2192 3032 2255 αὐτὸς
3084 2192 3218 2261 ἡμῖν
3250 2192 3510 2261 διηγεῖτο,
3547 2198 3644 2247 καὶ

2055 2276 2145 2345 διᾲ
2173 2277 2354 2348 πάσης
2386 2277 2580 2338 νυκτὸς
2608 2276 2812 2346 γυμνὸς
2843 2278 2972 2347 ἔστη
2999 2278 3056 2329 ἐν
3083 2275 3162 2345 τῷ
3190 2277 3404 2345 φρέατι,
3439 2279 3643 2348 χειμῶ-

2058 2379 2147 2425 νος
2179 2361 2349 2425 ὄντος,
2382 2360 2457 2423 ὡς
2496 2360 2741 2428 παγῆναι
2796 2358 2962 2412 αὑτοῦ
2996 2360 3095 2422 τὰς
3141 2359 3374 2430 σάρκας.
3414 2363 3641 2417 Ἀλλοτε

2058 2442 2219 2498 πάλιν
2260 2442 2505 2513 ῶχλησεν
2558 2442 2710 2512 αὐτῷ
2763 2442 2982 2510 πνεῦμα
3035 2442 3420 2513 βλασφημίας,
3458 2451 3551 2499 καὶ
3583 2450 3642 2500 ἐν

2053 2527 2465 2597 τεσσαράκοντα
2495 2525 2731 2596 ἡμέραις
2757 2526 2862 2577 61:6
2896 2526 3097 2595 στέγην
3136 2527 3235 2579 οὑκ
3263 2529 3531 2598 εἰσῆλθεν,
3564 2532 3641 2593 ὡς

2056 2612 2229 2664 καὶτὸ
2248 2610 2407 2680 σῶμα
2438 2610 2628 2674 αὐτοῦ,
2655 2610 2907 2679 καθάπερ
2930 2611 3039 2663 τῶν
3065 2610 3274 2680 ἀγρίων
3306 2610 3480 2679 ζώων,
3506 2618 3638 2687 κρό-

2053 2710 2233 2757 τωνας
2275 2693 2564 2764 ἐκϐράσαι.
2615 2694 2804 2763 Τούτῳ
2853 2696 3002 2761 τρεῖς
3033 2695 3340 2765 ἐπέστησαν
3374 2699 3431 2749 ἐν
3456 2699 3641 2770 ἡμέρᾳ

2056 2774 2340 2846 δαίμονες,
2371 2780 2431 2830 ἐν
2480 2777 2722 2846 σχήματι
2756 2777 3055 2847 κληρικῶν,
3093 2779 3222 2846 περὶ
3271 2779 3508 2843 πίστεως
3544 2799 3641 2834 συ-

2057 2860 2347 2931 ζητοῦντες
2377 2860 2556 2929 αὐτῷ·
2587 2862 2679 2913 καὶ
2707 2862 2735 2913 6
2761 2861 2859 2930 μὲν
2891 2860 3076 2929 ἔλεγεν
3106 2862 3301 2916 ἑαυτὸν
3340 2864 3640 2934 Ἀρειανόν,

2054 2948 2083 2998 6
2110 2946 2165 2997 66
2199 2945 2552 3015 Εὑνομιανὸν,
2588 2945 2615 2997 6
2644 2945 2701 2998 66
2744 2945 3247 3019 Ἀπολλιναριστήν.
3297 2948 3409 3000 Καὶ
3437 2948 3643 3003 τούτων

2056 3029 2403 3098 περιεγένετο
2432 3028 2520 3081 διά
2550 3030 2798 3100 βραχέων
2826 3033 2892 3101 τῇ
2926 3034 3270 3103 πνευματικῇ
3309 3033 3492 3104 σοφίᾳ.
3530 3035 3643 3087 Πά-

2055 3112 2139 3165 λιν
2187 3114 2315 3181 μιᾶς
2361 3111 2470 3166 τῶν
2526 3112 2749 3183 ἡμερῶν
2776 3113 2873 3181 τῆς
2922 3114 3131 3177 κλειδὸς
3157 3116 3503 3186 ἀπολομένης
3537 3118 3645 3186 τῆς

373 3189 438 3287 εἰ
461 3187 794 3287 οὑτωςκέχει,
824 3190 977 3259 φέρω
1006 3190 1069 3287 τὸ
1098 3191 1456 3287 ΙιΞύαγχέλιονο
1488 3195 1585 3287 καὶ
1617 3194 1830 3265 ὡμοσόν
1864 3213 1955 3267 μοι
1986 3230 2027 3287 C
2074 3192 2423 3262 Ἐκκλησίας,
2454 3193 2845 3287 σφραγίσαςκτὸ
2874 3194 3163 3261 πρόσωπον
3189 3194 3283 3287 τοῦ
3310 3184 3640 3267 ήλωταρίοὺ,

373 3272 433 3325 ἐν
462 3270 615 3342 αὐτῷ
639 3273 724 3327 ὅτι
752 3273 1061 3342 ἀναχωρεῖς
1081 3274 1181 3343 τῆς
1203 3275 1415 3339 πόλεως
1436 3275 1660 3348 ταύτης,
1686 3279 1778 3331 καὶ
1798 3296 1960 3349 φρον-

373 3356 547 3421 τίζεις
576 3376 671 3412 σου
693 3360 795 3429 τῆς
821 3360 1021 3430 ψυχῆς,
1055 3361 1150 3413 καὶ
1170 3360 1504 3416 ἀπαλλάσσω
1530 3379 1591 3414 σε
1622 3361 1734 3431 ἐγὼ
1758 3363 1961 3435 ταύτης

371 3442 473 3511 τῆς
504 3442 771 3515 ἀνάγκης.
803 3443 860 3499 '0
887 3443 944 3497 66
964 3444 1263 3514 Εὑάγριος’
1298 3444 1501 3515 Δέομαί
1519 3446 1860 3518 σου,όμνυμί
1880 3466 1962 3503 σοι

369 3527 447 3589 ῶς
476 3527 671 3593 θέλεις,
705 3528 867 3598 μόνον
894 3546 962 3599 με
989 3529 1298 3596 ἀπάλλαξον
1335 3528 1529 3582 τούτου
1560 3531 1654 3583 τοῦ
1680 3532 1960 3586 σκοτεινοῦ

371 3610 589 3677 νέφους.
617 3611 727 3663 Καὶ
754 3613 812 3664 ἐν
836 3610 1050 3675 τούτοις
1080 3611 1299 3681 κομίζει
1329 3612 1478 3682 αὑτῷ
1508 3613 1569 3666 τὸ
1599 3615 1957 3683 Εὐαγγέλιον,

371 3694 469 3745 καὶ
491 3693 719 3747 ἀπαιτεῖ
749 3694 840 3747 τὸν
867 3694 1053 3764 ὅρκον.
1094 3695 1151 3748 '0
1177 3694 1234 3747 66
1262 3695 1534 3764 Εὐάγριος
1555 3697 1782 3766 ὄμνυσιν
1810 3698 1961 3770 αὑτῷ

373 3777 516 3829 κατά
542 3776 635 3830 τοῦ
671 3777 1006 3847 Εὑαγγελίου
1027 3817 1043 3843 ,
1074 3778 1155 3831 ὅτι
1185 3778 1466 3849 Παρεκτὸς
1503 3780 1632 3849 μιᾶς
1658 3780 1874 3851 ἡμέρας
1896 3783 1958 3835 οὐ

374 3860 453 3931 μὴ
502 3861 674 3932 μείνω
705 3862 924 3928 ἐνθάδε,
974 3862 1069 3915 καὶ
1098 3860 1325 3933 ταύτης,
1355 3862 1444 3915 ἵνα
1481 3862 1671 3931 φθάσω
1697 3865 1959 3933 ἐμϐαλεῖν

374 3961 480 4014 μου
503 3946 572 3997 τά
603 3945 795 4015 ἱμάτια
822 3946 880 4000 ἐν
904 3945 985 4014 τῷ
1011 3945 1203 4016 πλοίῳ.
1226 3947 1333 3998 Τοῦ
1356 3947 1523 4017 ὅρκου
1546 3943 1639 4000 οὖν
1664 3950 1956 4020 προχωρή-

374 4045 591 4093 σαντος,
622 4028 917 4098 ἐναγώνιος
946 4028 1022 4081 ὢν
1041 4029 1345 4099 ἐπανῆλθεν
1378 4030 1487 4083 61:6
1516 4030 1617 4100 τῆς
1648 4033 1959 4097 ἐκστάσεως

369 4111 475 4180 τῆς
504 4114 802 4183 γενομένης
830 4114 981 4185 αύτῷ
1014 4115 1073 4167 ἐν
1100 4117 1168 4185 τῇ
1202 4115 1380 4171 νυκτί.
1427 4115 1536 4168 Καὶ
1570 4115 1811 4180 ἀναστὰς
1841 4118 1957 4170 ἐλο-

371 4195 587 4263 γίσατο,
613 4197 697 4250 ὅτι
747 4197 811 4251 El
847 4197 945 4250 καὶ
976 4197 1234 4251 ἐκστάσει
1272 4197 1497 4265 γέγονεν
1546 4197 1576 4250 6
1604 4198 1789 4267 ὅρκος,
1840 4201 1956 4253 ἀλλ’

369 4280 525 4349 ὅμως
560 4279 773 4350 ὤμοσα.
823 4280 1014 4335 Βαλὼν
1063 4276 1158 4335 οῦν
1186 4282 1365 4336 πάντα
1395 4282 1431 4336 ἀ
1464 4278 1610 4353 εῖχεν
1637 4286 1718 4347 είς
1751 4284 1956 4349 πλοῖον,

370 4362 593 4433 ἔρχεται
621 4365 703 4427 είς
733 4364 1106 4434 Ἰεροσόλυμα,
1126 4367 1221 4418 καὶ
1239 4367 1356 4418 ἐκεῖ
1382 4365 1655 4430 δεξιοῦται
1680 4368 1831 4439 παρά
1858 4370 1959 4438 τῆς

374 4447 652 4517 μακαρίας
680 4448 938 4518 Μελάνης
961 4450 1063 4519 τῆς
1104 4450 1409 4521 Ῥωμαίας.
1437 4451 1614 4506 Πάλιν
1645 4451 1739 4505 τοῦ
1776 4453 1959 4507 διαϐό-

370 4530 465 4584 λου
497 4532 899 4604 σκληρύναντος
934 4533 1098 4588 αὑτοῦ
1148 4534 1249 4605 τὴν
1282 4535 1535 4606 καρδίαν,
1574 4536 1828 4607 καθάπερ
1858 4538 1953 4591 τοῦ

368 4614 600 4684 Φαραὼ,
732 4616 837 4687 νέῳ
866 4593 963 4670 καὶ
1002 4593 1306 4687 σφριγῶντι
1353 4593 1453 4689 τὴν
1481 4593 1723 4689 ἠλικίαν,
1758 4593 1952 4689 γέγονε
1984 4593 2030 4648 D

370 4700 535 4753 πάλιν
565 4700 865 4769 ἐνδυασμὸς
884 4740 897 4763 ,
929 4703 1024 4753 καὶ
1058 4700 1401 4771 ἐδυσψύχησε
1447 4703 1638 4771 μηδενὶ
1678 4703 1847 4772 μηδὲν
1878 4704 1956 4756 εί-

372 4780 558 4852 ρηκώς
579 4799 593 4812 ·
625 4784 848 4835 κάκεῖσε
871 4782 1033 4836 πάλιν
1061 4781 1409 4848 ἐξαλλάσσων
1430 4786 1545 4846 τοῖς
1575 4784 1830 4854 ἱματίοις,
1859 4784 1955 4837 καὶ

370 4868 432 4919 ἐν
469 4869 535 4937 τῇ
582 4865 849 4936 διαλέκτῳ
904 4867 1246 4937 καρούμενος
1302 4868 1409 4920 61:6
1464 4868 1565 4936 τῆς
1622 4868 1950 4931 κενοδοξίας.

383 4948 524 5002 Ἀλλ’
571 4952 600 5004 6
655 4950 986 5022 ἑμποδιστὴς
1035 4952 1135 5022 τῆς
1193 4954 1411 5007 πάντων
1466 4952 1623 5020 ήμῶν
1677 4951 1953 5015 ἀπωλείας

369 5035 536 5100 Θεὸς,
560 5034 817 5089 ἐνέϐαλεν
847 5035 1010 5088 αὑτὸν
1043 5039 1139 5088 καλ⁵
1169 5036 1405 5089 ἐνταῦθα
1443 5039 1522 5097 εἰς
1560 5036 1755 5106 ἑτέραν
1790 5036 1952 5108 περί-

372 5137 589 5185 στάσιν,
624 5117 904 5173 ἐπιϐαλὼν
932 5118 1083 5190 αὑτῷ
1110 5120 1368 5189 πυρετὸν,
1400 5119 1656 5172 κάκεῖθεν
1688 5119 1769 5183 είς
1798 5120 1954 5173 νόσον

376 5202 595 5274 μακρὰν
628 5205 685 5257 ἐν
734 5202 1076 5273 ἑξαμηνιαίῳ
1108 5202 1287 5273 χρόνῳ
1333 5202 1663 5274 ταριχεύσας
1694 5203 1860 5257 αὑτοῦ
1892 5203 1954 5257 1:6

375 5286 623 5356 σαρκίον,
671 5287 738 5340 δι’
793 5279 856 5340 οὗ
901 5285 1241 5349 ἐνεποδίζετο
1300 5286 1377 5348 εἰς
1430 5286 1654 5356 ἀρετήν.
1705 5286 1827 5340 Τῶν
1860 5280 1954 5339 οὖν

377 5368 580 5437 ίατρῶν
607 5367 980 5439 ἀπορούντων,
1015 5368 1111 5422 καὶ
1138 5368 1342 5437 τρόπον
1371 5368 1673 5438 θεραπείας
1697 5368 1773 5439 μὴ
1801 5370 1955 5440 εὑρι-

375 5451 639 5517 σκόντων,
688 5451 834 5521 λέγει
867 5453 902 5523 ἡ
958 5451 1207 5522 μακαρία
1250 5452 1548 5505 Μελάνιον·
1585 5452 1700 5506 Οὐκ
1727 5452 1955 5522 ἀρέσκει

381 5549 493 5602 μοι,
538 5536 643 5600 υίὲ,
694 5536 729 5607 ή
762 5536 830 5607 σὴ
882 5534 1252 5607 μακρονοσία·
1287 5534 1409 5589 είπέ
1438 5532 1532 5589 οὖν
1564 5553 1653 5606 μοι
1688 5536 1757 5589 τά
1803 5537 1860 5589 ἐν
1885 5538 1951 5608 τῇ

377 5617 589 5689 διανοίᾳ
636 5634 756 5672 σου.
808 5618 924 5672 061:
974 5620 1089 5672 ἐστι
1138 5617 1246 5690 γάρ
1278 5617 1507 5690 ἀληθείᾳ
1541 5619 1678 5690 αῦτη
1711 5620 1744 5689 ή
1779 5619 1953 5682 νόσος.

394 5700 759 5775 Ὤμολόγησεν
788 5697 882 5757 οὖν
912 5703 1052 5775 αὐτῇ
1097 5703 1159 5756 τὸ
1188 5704 1335 5757 κατά
1380 5701 1958 5756 Κωνσταντινούπολιν

382 5786 534 5856 αὑτῷ
579 5787 811 5860 συμϐάν.
850 5786 1013 5857 Λέγει
1054 5786 1204 5859 αὑτῷ
1256 5789 1290 5859 ή
1350 5789 1673 5859 μακαρῖτις·
1732 5788 1833 5851 Δός
1867 5805 1957 5857 μοι

2062 3277 2157 3329 καὶ
2212 3279 2279 3347 τῇ
2344 3278 2489 3347 χειρὶ
2536 3275 2706 3339 ῶσας,
2765 3276 2999 3347 ῆνοιξεν,
3048 3278 3513 3349 ἐπικαλεσάμενος
3554 3281 3646 3334 τὸν

2061 3360 2106 3412 Χ
2117 3359 2317 3429 ριστόν.
2366 3360 2618 3413 Τοσαῦτα
2648 3360 3001 3429 ἐμαστιγώθη
3031 3355 3185 3424 οὗτος
3210 3361 3316 3415 ὑπὸ
3349 3362 3645 3433 δαιμόνων,

2060 3443 2158 3496 καὶ
2200 3442 2452 3496 τοσοῦτον
2486 3442 2647 3496 ἑλαϐε
2696 3447 2894 3512 πεῖραν
2938 3443 3211 3513 δαιμόνων
3240 3445 3536 3511 ποικίλων,
3568 3446 3647 3508 ὡς

2064 3526 2139 3596 μὴ
2174 3526 2372 3596 ῥᾳδίως
2400 3525 2624 3589 τούτους
2657 3526 3053 3597 ἀριθμηθῆναι.
3086 3528 3201 3580 'Ev‘:
3229 3528 3286 3580 66
3316 3529 3426 3582 τῶν
3448 3530 3645 3582 ἑαυτοῦ

2063 3609 2321 3679 μαθητῶν
2346 3609 2416 3662 τὰ
2442 3610 2580 3680 μετὰ
2604 3610 2737 3663 δέκα
2762 3608 2906 3662 ὀκτὼ
2935 3611 3029 3681 ἐτη
3056 3612 3447 3682 συμϐησόμενα
3469 3613 3643 3683 τούτῳ

2062 3697 2289 3762 προεῖπε
2323 3694 2521 3755 πάντα,
2552 3694 2672 3747 κατ’
2698 3690 2838 3755 εἶδος
2867 3695 3253 3765 προφητεύσας
3284 3696 3454 3766 αὐτῷ.
3488 3697 3646 3749 Ἕλε-

2058 3793 2155 3844 γεν
2176 3778 2231 3829 δὲ
2265 3778 2293 3829 6
2329 3778 2601 3848 μακάριος
2637 3772 2815 3841 οὗτος,
2851 3778 2935 3831 ὅτι
2968 3778 3085 3847 Ἀφ’
3121 3771 3182 3830 οῦ
3213 3779 3509 3832 κατέλαϐον
3539 3778 3640 3849 τὴν

2059 3859 2285 3929 ἔρημον,
2321 3860 2381 3912 o6
2418 3860 2697 3932 θριδακίου
2728 3861 2978 3931 ἡψάμην,
3007 3861 3068 3913 ού
3099 3862 3524 3931 λεπτολαχάνου,
3578 3865 3639 3917 o6

2058 3942 2269 4014 χλωροῦ
2296 3961 2464 4009 τινος,
2487 3945 2588 3996 οὑκ
2614 3944 2861 4014 ὀπώρας,
2883 3945 2944 3997 o6
2972 3944 3270 4013 σταφυλῆς,
3303 3948 3361 3998 o6
3388 3946 3640 4019 λουτροῦ,

2056 4030 2119 4083 o6
2145 4031 2345 4099 κρεῶν,
2372 4031 2473 4084 οὑκ
2497 4030 2683 4100 ἄρτου,
2716 4031 2819 4084 οὑκ
2858 4031 3022 4098 οἴνου,
3054 4031 3162 4084 οὐδ’
3195 4032 3331 4094 ὅλως
3355 4033 3502 4095 τινὸς
3530 4033 3642 4085 τῶν

2058 4112 2148 4168 διά
2177 4116 2347 4186 πυρὸς
2375 4114 2762 4184 διερχομένων,
2797 4113 2935 4183 πλὴν
2969 4115 3149 4185 ῥητῶν
3176 4115 3424 4185 λαχάνων
3450 4117 3638 4186 ὠμῶν,

2058 4200 2152 4252 καὶ
2174 4198 2449 4268 ἐμμέτρου
2478 4196 2692 4261 ὓδατος.
2718 4200 2811 4261 Είς
2838 4197 3065 4268 ὕστερον
3089 4198 3145 4250 66
3164 4198 3242 4269 τῷ
3271 4199 3642 4271 ἑκκαιδεκάτῳ

2058 4282 2170 4335 ἑτει
2196 4281 2297 4350 τῆς
2330 4280 2623 4347 πολιτείας,
2649 4283 2748 4351 τῆς
2774 4282 2902 4333 ἄνευ
2926 4283 3097 4351 πυρὸς
3125 4281 3424 4351 ἑψήματος,
3456 4281 3641 4334 λοιπὸν

2059 4366 2250 4437 χρείαν
2276 4364 2503 4433 ἐχούσης
2533 4362 2697 4415 αὑτοῦ
2730 4364 2827 4431 τῆς
2858 4364 3061 4434 σαρκὸς
3090 4364 3177 4418 διά
3207 4365 3302 4436 τὴν
3331 4365 3639 4432 ἀσθένειαν,

2060 4449 2155 4501 καὶ
2177 4449 2275 4518 τὴν
2301 4446 2394 4500 τοῦ
2420 4446 2689 4517 στομάχου
2716 4447 3051 4516 ἀνωμαλίαν,
3078 4449 3170 4501 τοῦ
3204 4450 3643 4520 μεταλαμϐάνειν

2060 4532 2146 4585 διά
2196 4530 2389 4600 πυρὸς,
2434 4528 2601 4599 ἄρτου
2658 4531 2758 4600 μὲν
2817 4530 3015 4602 ἥψατο,
3063 4531 3247 4584 οὐκέτι
3292 4533 3350 4586 66
3395 4532 3643 4603 λαχάνων

2064 4614 2470 4686 μετελάμϐανεν
2492 4614 2779 4684 ἐψημένων
2800 4633 2814 4648 ο
2845 4617 2961 4670 ἀλλ’
2984 4616 3018 4687 ἣ
3048 4617 3313 4687 πτισάνης
3336 4618 3368 4688 ἢ
3398 4621 3643 4690 ὀσπρίων

2062 4699 2154 4750 ἐπὶ
2183 4697 2275 4748 δύο
2303 4696 2418 4765 ἐτη.
2467 4696 2555 4748 Ἐν
2589 4696 2799 4760 τούτοις
2846 4699 3075 4770 τελευτᾷ
3105 4700 3165 4752 τὸ
3207 4701 3366 4771 σῶμα
3396 4705 3423 4755 6
3460 4706 3641 4771 μακά-

2059 4798 2196 4851 ριος,
2246 4779 2344 4850 τὴν
2386 4779 2562 4850 ψυχὴν
2616 4782 2959 4851 ζωοποιήσας
3007 4782 3084 4852 τῷ
3132 4783 3275 4855 ἁγίῳ
3322 4786 3639 4856 Πνεύματι·

2054 4864 2392 4933 κοινωνήσας
2422 4867 2488 4933 τῇ
2521 4865 2684 4933 ἑορτῇ
2714 4863 2823 4916 τῶν
2867 4865 3204 4935 Ἐπιφανίων
3227 4870 3285 4921 ἐν
3314 4871 3378 4938 τῇ
3412 4870 3645 4938 Ἐκκλη-

2055 4950 2169 5018 σίᾳ.
2232 4947 2523 5015 Ἀφηγεῖτο
2586 4946 2679 5000 οὖν
2735 4949 2867 5018 ήμῖν
2907 4948 2937 5000 6
2968 4952 3219 5016 γενναῖος
3270 4951 3365 5003 τοῦ
3400 4953 3641 5022 Χριστοῦ

2055 5030 2293 5101 ἀθλητὴς
2321 5032 2451 5101 περὶ
2472 5034 2562 5083 τὸν
2584 5030 2837 5093 θάνατον,
2862 5032 2945 5086 ὅτι
2971 5033 3167 5103 Τρίτον
3194 5033 3312 5097 ἔτος
3334 5034 3443 5105 ἑχω
3470 5037 3563 5103 ἀφ’
3580 5029 3642 5089 οῦ

2055 5114 2239 5168 οὐκέτι
2288 5114 2542 5185 ώχλήθην
2594 5113 2701 5167 ὑπὸ
2747 5114 3047 5185 ἐπιθυμίας
3087 5120 3375 5188 σαρκικῆς.
3410 5119 3472 5170 Εἰ
3503 5121 3645 5187 μετά

2056 5200 2312 5253 τοσοῦτον
2342 5199 2547 5267 ἀρετῆς
2579 5198 2693 5268 βίον
2737 5201 2835 5253 καὶ
2863 5200 3150 5271 ἀσκήσεως
3192 5202 3352 5258 πόνον
3382 5205 3640 5274 ἄμετρον,

2057 5283 2153 5339 καλ⁵
2195 5283 2364 5336 κόπον
2401 5283 2850 5352 ἀκαμπέστατον,
2900 5285 2995 5338 καὶ
3020 5286 3332 5356 προσευχήν
3366 5289 3644 5358 νήφουσαν

2064 5367 2435 5431 ἀδιάλειπτον,
2478 5366 2575 5420 καὶ
2603 5367 2697 5419 ἐπὶ
2737 5366 2994 5421 τοσοῦτον
3027 5368 3057 5421 6
3088 5370 3382 5439 μισόκαλος
3416 5372 3511 5426 καὶ
3559 5370 3642 5423 δι-

2062 5451 2407 5521 εφθαρμένος
2437 5451 2649 5520 δαίμων
2679 5450 2856 5523 τούτῳ
2882 5452 2960 5521 τῷ
2981 5453 3114 5523 ὁσίῳ
3144 5454 3646 5518 ἑπέθετο,τίτοίνυν

2065 5535 2298 5604 πάσχειν
2326 5535 2453 5597 τοὺς
2484 5534 2893 5605 ρᾳθυμοτέρους
2913 5535 3139 5606 οἰόμεθα
3160 5536 3265 5589 61:6
3280 5536 3373 5589 τοῦ
3396 5539 3643 5609 μυσαροῦ

2060 5616 2396 5687 δαίμονος,ἢ
2428 5618 2533 5670 ὑπὸ
2560 5618 2660 5686 τῆς
2700 5617 2894 5670 ἑαυτοῦ
2956 5618 3248 5686 ἀμελείας;
3285 5619 3528 5690 ἐμηνύθη
3564 5620 3644 5689 τῷ

2062 5701 2205 5771 ἁγίῳ
2235 5699 2413 5769 τούτῳ
2435 5700 2566 5753 ποτὲ
2598 5701 2631 5768 ή
2650 5700 2876 5770 τελευτὴ
2909 5700 3001 5752 τοῦ
3030 5702 3223 5754 ἑαυτοῦ
3243 5703 3498 5773 πατέρος.
3534 5704 3645 5755 Καὶ

2060 5785 2208 5854 λέγει
2236 5783 2313 5857 τῷ
2347 5783 2755 5855 ἀναγγείλαντι,
2796 5783 3008 5841 Παῦσαι
3037 5785 3375 5861 βλασφημῶν
3397 5803 3409 5816 ·
3460 5790 3488 5843 6
3530 5788 3643 5861 γὰρ
