4028 6484
385 348 519 406 H97

1598 350 1915 409 HISTORIA
1956 348 2308 405 LAUSIACA.

3488 358 3623 413 “98

384 462 645 524 tisstmom
675 475 728 524 et
762 465 1203 538 perfectissimum
1240 467 1362 520 vitae
1393 464 1691 519 institutum
1723 463 1946 534 insignis
1974 464 2025 520 Α
2056 460 2131 514 illi
2173 460 2279 517 vim
2328 457 2564 512 facerent
2613 463 2672 510 ut
2708 455 2816 510 illic
2856 455 3194 522 comederet,
3229 468 3335 509 non
3369 454 3543 524 potuit
3572 455 3625 511 in

384 557 607 621 Evagrii.

872 624 1096 680 CAPUT
1154 622 1458 679 LXXXVII.

478 788 481 791 ,
821 734 938 788 Vita
963 734 1155 788 abbatis
1184 734 1311 785 Pior
1346 733 1519 800 (158).

456 824 677 894 Quidam
705 823 828 879 Pior
849 827 1065 878 nomine
1099 823 1293 895 (Ra/)2,
1329 825 1367 877 ι.
1402 839 1481 887 ιιι,
1513 840 1566 875 n.
1599 822 1701 888 Si;
1734 820 1947 891 Pelag.,

385 916 543 971 libetl.
588 932 659 985 tv,
703 932 756 971 η.
789 915 903 987 54),
943 915 1225 985 [Egyptius
1253 930 1472 984 genere,
1518 923 1675 969 etate
1718 914 1948 983 juvenis,

383 1023 503 1063 cum
534 1008 731 1062 mundo
762 1009 1139 1071 renuntiasset,
1180 1007 1313 1065 exiit
1338 1020 1369 1061 e
1398 1005 1558 1061 domo
1588 1015 1812 1073 paterna
1837 1022 1850 1067 ;
1896 1016 1951 1061 et

387 1108 603 1168 propter
634 1099 893 1167 insignem
936 1112 1170 1152 amorem
1216 1098 1530 1167 spiritalem,
1582 1097 1692 1151 Deo
1723 1106 1808 1151 est
1830 1111 1952 1165 pro-

388 1190 565 1248 fessus
585 1205 647 1247 se
675 1190 879 1247 nullum
906 1205 976 1247 ex
998 1190 1111 1247 suis
1128 1190 1365 1244 visurum
1395 1188 1642 1257 amplius.
1675 1188 1948 1258 Quinqua-

381 1283 526 1347 ginta
567 1293 698 1349 ergo
728 1287 847 1351 post
877 1280 1050 1345 anuis,
1084 1294 1239 1335 soror
1266 1279 1381 1347 ejus
1412 1294 1532 1348 quae
1570 1287 1946 1346 consenuerat,

383 1377 438 1423 et
465 1368 533 1423 ab
570 1368 750 1437 aliquo
780 1368 1070 1423 resciverat
1108 1367 1325 1425 fratrem
1355 1382 1507 1421 suum
1534 1366 1741 1433 vivere,
1772 1366 1948 1421 venie-

384 1456 475 1511 bat
498 1458 552 1510 iu
583 1457 778 1512 mentis
808 1468 998 1512 emota)
1029 1458 1355 1526 periculum,
1388 1458 1492 1512 nisi
1524 1458 1693 1526 ipsum
1722 1457 1947 1511 videret.

383 1546 513 1599 Cum
542 1555 718 1603 autem
750 1561 857 1603 non
892 1557 1071 1614 posset
1103 1548 1290 1603 venire
1331 1549 1383 1601 in
1420 1557 1624 1601 vastum
1658 1547 1951 1613 desertum,

382 1635 586 1700 rogavit
628 1636 770 1691 illius
796 1637 897 1692 loci
929 1639 1236 1707 episcopum
1267 1647 1323 1692 ut
1352 1638 1610 1693 scriberet
1640 1638 1707 1692 ad
1735 1647 1952 1692 sanctos

384 1721 571 1781 Patres
591 1725 679 1793 qui
708 1734 865 1781 erant
889 1726 941 1779 itt
966 1726 1273 1793 solitudine,
1301 1735 1360 1779 ut
1386 1727 1556 1794 ipsum
1585 1727 1875 1793 mitterent,
1899 1734 1956 1779 et

2053 549 2285 602 animum
2313 546 2585 611 inducere,
2614 545 2798 600 dicens
2826 561 2843 597 :
2871 544 3094 613 Pr0pter
3119 544 3259 612 quod
3290 543 3483 599 missus
3506 558 3627 599 sunt

2054 637 2205 707 (Ml)
2235 637 2335 690 hoc
2375 635 2571 689 factum
2612 643 2714 689 est.
2736 632 2835 687 Ha:
2857 642 2982 687 sunt
3021 648 3109 687 res
3131 632 3472 688 admirabiles
3499 632 3629 688 Pior

2054 728 2326 795 praeclara:
2354 728 2617 779 columnae
2647 724 2979 788 tolerantiae;
3010 734 3063 777 et
3103 723 3186 777 hic
3226 733 3309 778 est
3340 721 3460 778 finis
3488 723 3630 777 illius

2052 816 2298 879 virtutis,
2324 814 2411 883 qui
2452 828 2549 883 pro
2578 828 2759 867 amaro
2788 813 2932 866 fonte
2980 810 3173 865 fruitur
3218 820 3475 880 perpetuo
3505 811 3630 866 dul-

2053 906 2258 962 cedinis
2285 906 2482 960 fluento
2511 918 2629 958 cum
2662 917 2853 971 magno
2878 902 3107 970 spiritali
3134 902 3331 970 gaudio

2561 1014 2787 1072 CAPUT
2819 1012 3104 1067 LXXXIX.

2450 1101 2569 1155 Vita
2599 1100 2794 1153 abbatis
2822 1098 3031 1153 Chrunt'i
3069 1096 3245 1171 (142).

2124 1192 2351 1259 Quidam
2387 1190 2480 1263 qui
2506 1191 2781 1246 dicebatur
2800 1191 3091 1252 Chronius,
3121 1204 3182 1241 ex
3229 1188 3349 1243 vico
3379 1185 3470 1255 qui
3493 1185 3629 1239 dioi-

2055 1292 2140 1336 tur
2168 1280 2390 1336 Phoenix
2413 1321 2428 1346 ,
2459 1295 2579 1335 cum
2608 1295 2637 1340 a
2667 1295 2765 1335 suo
2797 1280 2913 1333 vico
2943 1278 3035 1348 qui
3074 1288 3157 1331 est
3190 1291 3354 1345 prope
3381 1275 3625 1329 solitudi—

2054 1388 2197 1439 nem,
2215 1387 2429 1426 menstts
2451 1380 2595 1426 esset
2614 1370 2917 1440 quindecim
2938 1368 3104 1422 millia
3129 1382 3377 1434 passuum
3401 1365 3629 1420 dextero

2055 1462 2191 1532 pede
2239 1470 2666 1525 numeratorum,
2702 1458 2809 1514 illic
2846 1466 3089 1527 precatus
3126 1456 3257 1510 fodit
3295 1465 3547 1524 puteum;
3578 1466 3635 1509 et

2053 1566 2174 1607 cum
2227 1567 2416 1622 aquam
2465 1550 2751 1604 invenisset
2792 1551 3077 1619 Optimam,
3110 1564 3226 1616 quae
3268 1547 3319 1599 in
3360 1546 3628 1612 profundo

2053 1643 2236 1697 aberat
2272 1650 2479 1711 septem
2507 1642 2664 1719 ulnis,
2698 1640 2805 1694 illic
2832 1654 3045 1709 quoque
3075 1638 3173 1692 sibi
3199 1636 3481 1690 aedificavit
3508 1650 3649 1704 par--

2053 1749 2178 1787 vum
2210 1733 2574 1802 hospitiolum.
2617 1733 2683 1788 Et
2708 1747 2773 1787 ex
2815 1746 2919 1798 quo
2953 1731 3042 1783 die
3071 1729 3309 1794 seipsum
3354 1726 3648 1781 collocavit‘

378 1826 500 1867 θυτη
530 1815 751 1872 Videre“
796 1816 926 1872 Cum
956 1831 1087 1885 ετεο
1115 1817 1164 1871 εί
1191 1818 1273 1871 Vis
1301 1831 1490 1886 magna
1520 1815 1821 1880 θσθιτθῑυτφ
1850 1816 1954 1871 Ρθ·
1986 1828 2035 1889 Β
2059 1826 2112 1881 in
2143 1826 2490 1892 monasterio,
2528 1825 2694 1880 Deum
2740 1823 2945 1893 rogavit
2987 1837 3052 1875 ne
3080 1828 3434 1875 reverteretur
3472 1819 3525 1873 in
3557 1819 3636 1873 lo-

381 1904 551 1961 tribus
580 1907 856 1972 obediens,
881 1907 1065 1963 statuit
1096 1922 1203 1965 uno
1225 1908 1330 1963 alio
1360 1914 1658 1976 assumpto,
1692 1906 1873 1971 abire;
1904 1916 1961 1963 et

384 1996 701 2065 significavit
741 1998 920 2053 domui
952 1998 1159 2054 sororis
1189 1998 1405 2051 fratrem
1448 2011 1600 2052 suum
1638 1997 1761 2053 Pior
1796 1996 1959 2051 adue-

391 2088 527 2151 nire,
560 2096 617 2142 et
648 2086 780 2143 foris
805 2099 968 2144 stare.
1010 2089 1144 2144 Cum
1174 2099 1349 2143 autem
1380 2089 1643 2142 sensisset
1677 2088 1957 2155 strepitum

386 2177 533 2243 ostii,
549 2185 605 2232 et
627 2178 769 2245 quod
788 2178 903 2247 ejus
928 2193 1081 2233 soror
1096 2178 1144 2233 ei
1164 2180 1367 2234 veniret
1387 2178 1625 2243 obviam,
1645 2177 1789 2245 Pior,
1813 2177 1961 2232 clau-

379 2264 458 2318 sis
486 2263 685 2326 oculis.
728 2266 973 2321 clamavit
1001 2265 1068 2321 ad
1095 2266 1263 2334 ipsam
1286 2282 1303 2320 :
1326 2267 1370 2321 Ο
1399 2281 1554 2321 soror
1580 2267 1670 2330 N.,
1712 2281 1810 2335 ego
1838 2280 1955 2320 sum

386 2353 510 2407 Pior
544 2353 706 2409 frater
732 2364 875 2420 tuus,
904 2371 1002 2425 ego
1027 2370 1143 2411 sum
1172 2373 1186 2410 :
1219 2371 1365 2421 ecce,
1405 2357 1557 2421 vide,
1586 2359 1764 2424 aspice
1785 2373 1955 2425 quan-

380 2454 492 2503 tum
517 2446 670 2501 velis.
705 2446 801 2500 Illa
836 2460 963 2514 ergo
996 2445 1132 2501 facta
1166 2451 1365 2502 certior
1407 2448 1572 2503 Deum
1612 2447 1953 2516 glorificavit,

378 2543 434 2589 et
458 2549 579 2592 cum
614 2537 776 2591 multa
807 2536 1060 2602 fecisset,
1101 2552 1209 2592 non
1243 2537 1427 2605 potuit
1463 2538 1513 2591 ei
1545 2537 1864 2607 persuadere
1897 2545 1959 2595 ut

378 2623 594 2681 domum
628 2626 1036 2695 ingrederetur:
1086 2626 1181 2681 sed
1213 2628 1457 2681 oratione
1496 2627 1632 2680 facta
1664 2626 1716 2679 in
1750 2625 1957 2693 limine,

382 2729 637 2771 reversus
665 2726 747 2770 est
781 2716 834 2769 in
870 2715 1236 2781 solitudinem,
1287 2716 1555 2786 propriam
1600 2714 1820 2782 patriam
1852 2715 1959 2770 illic

378 2805 481 2860 sibi
508 2806 703 2865 virtute
742 2820 1080 2874 comparans.
1121 2806 1233 2861 Hoc
1260 2805 1375 2876 ejus
1416 2800 1584 2858 fertur
1613 2806 1957 2871 miraculum,

378 2904 521 2967 quod
550 2913 669 2952 cum
707 2898 928 2953 fodisset
957 2899 1010 2952 in
1054 2899 1173 2952 loco
1203 2913 1358 2968 quem
1400 2897 1703 2961 aedificavit,
1758 2897 1959 2953 Invenit

379 3004 573 3055 aquam
610 2990 1022 3055 amarissimam,
1063 2999 1117 3045 et
1154 2990 1329 3045 donec
1372 2990 1630 3056 decessit,
1678 2987 1787 3043 illic
1840 3002 1958 3053 per-

382 3078 600 3144 mansit,
618 3086 900 3135 contentus
918 3077 1146 3132 inventis
1166 3077 1603 3132 amaritudinibus
1620 3090 1769 3149 aqua:
1786 3074 1956 3145 (159),

382 3178 441 3225 ut
470 3167 719 3236 generosi
757 3167 917 3237 hujus
949 3169 1227 3222 tolerantia
1263 3168 1644 3222 innotesceret.
1687 3166 1832 3220 Multi
1864 3179 1956 3218 au-
1984 3154 2032 3218 C

382 3268 492 3317 tem
515 3260 760 3315 monachi
790 3267 911 3328 Ροθι
932 3260 1047 3328 ejus
1075 3270 1299 3314 mortem
1324 3273 1444 3313 cum
1490 3260 1543 3312 in
1571 3258 1705 3313 cella
1744 3273 1961 3311 manere

380 3347 811 3413 contendissent,
844 3363 951 3405 non
991 3357 1279 3417 potuerunt
1316 3364 1479 3405 unum
1523 3364 1721 3403 annum
1759 3347 1813 3402 id
1840 3347 1957 3401 eftia

381 3450 525 3495 cere.
559 3438 651 3492 Est
692 3438 835 3495 enim
862 3439 1011 3493 locus
1050 3439 1338 3509 terribilis,
1371 3447 1427 3494 et
1466 3438 1675 3493 alienus
1704 3438 1771 3491 ab
1812 3437 1960 3491 omni

383 3527 769 3589 consolatione.

880 3597 1105 3652 CAPUT
1136 3596 1469 3652 LXXXVIII.

678 3706 797 3764 Vita
820 3707 1017 3763 abbatis
1039 3707 1236 3778 Μουκία
1260 3707 1438 3777 (140)
1467 3707 1666 3778 Libyci.

515 3819 727 3893 Moyses
860 3822 1093 3895 Libycus
1210 3818 1309 3873 fuit
1372 3820 1452 3873 vir
1509 3818 1849 3886 mitissimus,
1913 3830 1966 3877 et

388 3907 616 3960 maxima
635 3907 897 3961 cbaritate
919 3907 1203 3977 praeditus:
1220 3907 1265 3961 is
1289 3909 1476 3977 dignus
1502 3918 1584 3962 est
1600 3909 1807 3963 habitus
1824 3910 1966 3964 dono

385 3999 741 4052 curationum.
792 3999 840 4052 Is
867 3997 968 4053 hoc
998 3999 1236 4052 narravit
1260 4014 1274 4051 :
1298 3998 1354 4052 In
1384 4000 1746 4067 monasterio,
1766 4000 1964 4069 inquit,

386 4102 531 4142 eram
557 4088 710 4141 valde
733 4086 944 4156 juvenis
968 4128 983 4152 ,
1014 4096 1070 4142 et
1094 4087 1360 4142 fodiebam
1391 4088 1679 4142 maximum
1713 4100 1926 4156 puteum
1950 4130 1962 4152 ,

386 4175 551 4231 Istum
583 4178 767 4245 viginti
815 4177 980 4246 pedes
1013 4195 1024 4229 :
1056 4177 1111 4231 in
1135 4191 1201 4231 eo
1225 4191 1346 4231 cum
1374 4184 1482 4231 tres
1509 4177 1624 4232 dies
1652 4176 1967 4232 fodissetnus

386 4267 487 4320 viri
516 4269 807 4336 octoginta,
837 4276 891 4321 et
918 4282 1108 4339 venam
1135 4277 1473 4333 consuetam,
1504 4276 1559 4323 et
1588 4282 1709 4337 quae
1736 4269 1965 4336 aspicie-

387 4355 544 4411 batur
573 4359 973 4412 transiissemns
992 4358 1138 4412 circa
1166 4357 1435 4425 cubitum,
1464 4372 1656 4427 aquam
1685 4372 1789 4413 non
1820 4362 1969 4413 inve-

390 4432 588 4505 nimus.
611 4448 805 4517 Magna
841 4463 972 4517 ergo
1004 4447 1179 4503 affecti
1220 4448 1462 4503 molestia
1490 4489 1506 4514 ,
1537 4448 1968 4503 deliberabamus

390 4538 458 4595 de
484 4540 792 4595 desistendo
823 4540 891 4593 ab
934 4553 1097 4605 opere
1124 4556 1139 4604 ;
1170 4538 1405 4607 dumque
1441 4539 1510 4593 de
1535 4553 1602 4595 eo
1640 4538 1968 4597 deliberare-

391 4644 541 4693 mus,
570 4629 635 4683 ad
663 4644 762 4683 nos
802 4628 1093 4682 adveniens
1129 4628 1253 4681 Pior
1292 4642 1358 4681 ex
1387 4634 1534 4682 vasta
1563 4627 1884 4690 solitudine,
1914 4628 1968 4682 in

391 4719 504 4787 ipsa
543 4728 695 4773 sexta
719 4718 847 4770 hora
879 4725 1073 4779 astus,
1104 4730 1225 4769 cum
1271 4724 1413 4770 esset
1442 4731 1603 4771 senex
1634 4716 1847 4771 indutus
1873 4731 1967 4770 sua

390 4809 531 4878 pelle
560 4808 720 4863 ovilla
742 4850 757 4873 ,
788 4816 842 4860 et
871 4822 991 4869 eum
1023 4821 1119 4860 nos
1159 4808 1442 4860 salutasset
1466 4846 1481 4868 ,
1508 4805 1635 4859 dicit
1669 4805 1819 4859 nobis
1852 4814 1971 4871 post

392 4900 765 4955 salutationem
795 4914 808 4951 :
834 4899 970 4962 Quid
998 4898 1232 4951 animum
1266 4895 1555 4964 abjeeistis,
1584 4895 1825 4949 homines
1855 4910 1969 4949 mo-

393 4991 527 5045 diem
554 4988 714 5045 ﬁdei?
757 4987 868 5041 vidi
892 4989 1031 5047 enim
1060 5001 1159 5043 vos
1195 4986 1302 5054 jam
1334 4984 1401 5039 ab
1431 4984 1682 5038 hesterno
1704 4983 1792 5039 die
1821 4983 1951 5052 abje

393 5080 534 5134 cisse
579 5079 837 5137 animum.
881 5076 1030 5144 Quod
1074 5091 1194 5132 cum
1219 5075 1479 5138 dixisset,
1511 5073 1565 5127 in
1603 5074 1742 5141 putei
1769 5075 1965 5128 fossam

394 5171 572 5223 statim
602 5168 817 5223 demisit
845 5170 1048 5230 scalas,
1080 5176 1275 5223 etcum
1304 5166 1381 5220 eis
1407 5165 1531 5220 facit
1559 5165 1883 5229 orationem;
1915 5172 1970 5217 et

396 5269 614 5327 accepto
651 5261 824 5325 ligone
846 5299 859 5322 ,
892 5265 946 5311 et
976 5257 1131 5313 tertio
1174 5257 1280 5313 ictu
1324 5258 1537 5311 incusso
1564 5297 1578 5320 ,
1621 5255 1757 5309 dixit
1785 5273 1796 5307 :
1829 5256 1970 5309 Deus

396 5362 701 5403 sanctorum
735 5348 1175 5415 patriarcharum,
1209 5363 1275 5402 ne
1309 5349 1514 5405 irritum
1545 5355 1601 5400 et
1628 5347 1869 5401 inutilem
1892 5345 1971 5402 fe-

395 5439 537 5492 ceris
580 5438 811 5499 laboretn
862 5453 1136 5491 servorum
1180 5446 1389 5495 tuorum
1416 5479 1431 5503 ,
1475 5436 1571 5497 sed
1612 5439 1758 5495 mitte
1786 5436 1851 5489 ad
1878 5450 1971 5490 eos

400 5542 552 5582 usum
584 5543 757 5595 aquae.
793 5529 859 5582 Et
886 5532 1062 5583 statim
1092 5542 1225 5595 aqua
1270 5526 1399 5585 exiit
1425 5567 1439 5589 ,
1467 5535 1525 5579 ut
1562 5540 1659 5579 nos
1693 5540 1878 5578 omnes
1909 5539 1969 5578 ea

397 5630 820 5684 aspergeremur.
851 5616 916 5670 Et
944 5631 1063 5671 cum
1093 5629 1280 5672 rorans
1310 5624 1536 5681 orasset,
1570 5615 1718 5677 abiit,
1744 5614 1930 5669 dit-ens
1955 5629 1967 5664 :

402 5707 509 5762 Hac
538 5708 605 5763 de
632 5722 789 5763 causa
812 5706 1004 5773 missus
1030 5722 1169 5763 sum.
1196 5707 1255 5762 Et
1280 5717 1461 5775 aperta
1494 5712 1594 5761 est.
1632 5708 1760 5761 Cum
1793 5713 1970 5758 autem

2060 1931 2182 1972 cum
2205 1918 2291 1985 qui
2316 1916 2604 1971 habitatur.
2626 1915 2759 1969 Cum
2800 1915 2952 1983 pauci
2981 1924 3157 1966 autem
3184 1910 3311 1965 anni
3344 1910 3632 1979 prateriis-

2058 2018 2198 2070 sent,
2221 2009 2410 2077 dignus
2457 2009 2555 2062 fuit
2600 2007 2810 2063 habitus
2854 2008 3225 2076 presbyteratu
3245 2047 3261 2071 ,
3291 2004 3503 2059 circiter
3531 2012 3633 2058 ttu-

2058 2108 2336 2153 centorum
2376 2098 2613 2152 virorum
2662 2099 2802 2151 circa
2836 2097 3008 2166 ipsum
3038 2105 3353 2164 congregata
3386 2094 3634 2148 fraterni-

2060 2197 2187 2244 tate.
2212 2188 2335 2242 Haec
2364 2203 2491 2257 ergo
2517 2189 2688 2245 fertur
2709 2188 2824 2257 ejus
2840 2188 3005 2241 virtus
3027 2184 3420 2241 exercitationis
3438 2226 3453 2247 ,
3476 2182 3618 2251 quod

2059 2293 2177 2341 cum
2206 2280 2479 2348 sexaginta
2505 2278 2658 2332 annis
2680 2292 2788 2331 arte
2814 2277 3101 2331 assedisset
3122 2276 3347 2343 fungens
3376 2272 3626 2327 sacerdo-

2061 2368 2168 2432 tio,
2200 2382 2305 2422 non
2334 2381 2579 2435 egressus
2607 2376 2690 2421 est
2734 2383 2764 2420 e
2790 2366 3002 2420 deserto
3021 2406 3036 2431 ,
3082 2380 3188 2420 non
3220 2374 3367 2419 extra
3394 2362 3630 2418 laborem

2058 2472 2313 2512 manuum
2342 2457 2577 2512 comedit
2603 2472 2665 2526 pa
2675 2472 2812 2509 nem.

2642 2563 2865 2621 CAPUT
2909 2563 3020 2620 XC.

2562 2654 2681 2710 Vita
2712 2656 2905 2713 abbatis
2936 2654 3138 2711 Jacobi.

2128 2746 2261 2807 Cum
2289 2762 2354 2803 eo
2382 2746 2639 2801 habitavit
2674 2747 2889 2815 quidam
2916 2745 3081 2802 Jacob
3105 2759 3137 2801 e
3171 2743 3396 2815 vicinis,
3426 2744 3513 2812 qui
3538 2757 3630 2799 co—

2059 2840 2403 2911 gnominatus
2442 2846 2527 2894 est
2547 2838 2814 2904 Claudus,
2844 2839 2922 2897 vir
2944 2852 3149 2894 summa
3172 2836 3471 2905 cognitione
3500 2851 3635 2905 prte—

2060 2930 2221 2985 ditus.
2251 2929 2416 2984 Erant
2432 2938 2608 2984 autem
2631 2930 2788 2985 ambo
2809 2930 2918 2983 noti
2951 2928 3103 2989 beato
3125 2921 3378 2987 Antonio.

2646 3041 2872 3097 CAPUT
2912 3039 3049 3094 XCI.

2285 3133 2405 3187 Vita
2437 3132 2629 3187 abbatis
2668 3131 2952 3201 Paphnutii
2983 3130 3209 3200 Capitale
3231 3128 3409 3199 (145).

2134 3223 2267 3278 Cum
2296 3238 2423 3291 ergo
2449 3223 2677 3292 quodam
2707 3223 2797 3278 die
2833 3222 3174 3277 convenisset
3197 3221 3358 3276 etiam
3395 3219 3640 3290 Paphnu-

2065 3314 2170 3368 tius
2202 3314 2284 3367 vir
2312 3313 2571 3367 mirabilis
2601 3312 2692 3383 qui
2722 3312 2999 3367 dicebatur
3026 3312 3277 3379 Cephala,
3310 3310 3400 3379 qui
3420 3311 3661 3379 quidem;

2067 3401 2249 3456 habuit
2291 3404 2489 3457 donum
2533 3402 2851 3470 cognitionis
2898 3401 3196 3457 divinarum
3237 3390 3661 3467 Scripturarum;

2066 3492 2273 3548 Veteris
2301 3504 2355 3548 et
2376 3494 2506 3548 Novi
2536 3494 2885 3557 Testamenti,
2916 3506 3104 3547 omnes
3126 3507 3217 3547 eas
3239 3492 3598 3559 interpretans
3619 3480 3661 3556 ,⁷

2066 3600 2187 3639 cum
2220 3601 2323 3639 non
2363 3585 2577 3653 legisset
2620 3584 2958 3652 Scripturas:
2990 3592 3105 3637 erat
3131 3592 3309 3637 autem
3336 3583 3470 3641 adeo
3522 3597 3642 3636 mo-

2067 3673 2274 3739 destus,
2309 3682 2366 3727 ut
2402 3674 2601 3727 celaret
2634 3674 2880 3726 virtutem
2912 3670 3299 3740 propheticam.
3330 3672 3401 3724 De
3427 3686 3533 3739 quo
3554 3671 3637 3726 di-

2067 3763 2230 3827 citur,
2259 3764 2400 3832 quod
2448 3763 2715 3833 octoginta
2765 3762 2921 3815 annis
2964 3776 3072 3816 non
3104 3760 3287 3815 habuit
3316 3760 3474 3815 simul
3505 3761 3638 3815 duas

2071 3854 2295 3905 tunicas.
2326 3852 2455 3906 Cum
2499 3867 2601 3905 una
2634 3852 2732 3906 hos
2760 3850 3197 3907 convenissemus
3223 3890 3239 3915 ,
3271 3866 3370 3919 ego
3406 3858 3459 3905 et
3500 3851 3645 3907 beati

2068 3942 2276 3996 diaconi
2301 3942 2556 4011 Evagrius
2570 3950 2622 3995 et
2636 3942 2861 3996 Albinus
2876 3980 2891 4004 ,
2908 3941 3279 4010 quaerebamus
3300 3941 3442 3995 scire
3456 3955 3647 3995 causas

2070 4030 2291 4087 ftatrum
2320 4034 2411 4103 qui
2433 4033 2748 4088 decidebant
2763 4032 2843 4084 vel
2875 4032 3187 4087 labebantur
3214 4032 3499 4095 inhonesta
3512 4032 3643 4087 vita.

2659 4121 2885 4178 CAPUT
2918 4121 3071 4176 XCII.

2651 4212 2727 4267 De
2754 4213 3066 4267 Cheremone

2143 4304 2354 4360 Accidit
2381 4304 2527 4359 enim
2565 4301 2672 4357 illis
2702 4303 2892 4357 diebus
2916 4313 2975 4355 ut
3002 4301 3301 4355 Cheremon
3328 4302 3649 4363 exercitator

2070 4398 2263 4452 sedens
2291 4396 2615 4461 decederet,
2645 4402 2701 4448 et
2739 4392 3072 4447 inveniretur
3098 4400 3341 4447 mortuus
3368 4392 3565 4448 sedens
3595 4392 3650 4446 in

1997 4515 2044 4572 ο
2073 4488 2325 4543 cathedra
2350 4525 2366 4552 ,
2398 4493 2453 4540 et
2471 4493 2655 4539 tenens
2683 4497 2818 4551 opus
2847 4482 2899 4535 in
2928 4481 3183 4535 manibus.

2630 4572 2856 4629 CAPUT
2911 4573 3093 4627 XCIII.

2737 4663 2814 4719 De
2836 4664 2961 4718 alio.

2145 4757 2353 4813 Accidit
2399 4756 2562 4811 etiam
2622 4763 2681 4810 ut
2723 4756 2858 4810 alius
2910 4754 3077 4809 frater
3129 4754 3334 4811 fodiens
3390 4760 3601 4820 puteum
3642 4789 3659 4814 ,

2074 4850 2389 4903 obrueretur
2412 4860 2443 4898 a
2473 4853 2654 4915 puteo.

2638 4931 2866 4989 CAPUT
2914 4931 3094 4985 XCIV.

2724 5024 2797 5078 De
2822 5024 2941 5077 alio.
3266 5078 3269 5079 ν

2148 5119 2352 5174 Accidit
2377 5119 2540 5174 etiam
2571 5124 2633 5171 ut
2660 5116 2793 5171 alius
2823 5116 3054 5170 veniens
3083 5128 3110 5167 a
3146 5113 3305 5169 Scete
3334 5156 3347 5181 ,
3377 5112 3466 5166 siti
3505 5125 3653 5181 aqua:

2077 5221 2393 5266 ιιιυτθτθιυτ.

2646 5295 2874 5351 CAPUT
2930 5294 3084 5349 XCV.

2472 5409 2549 5462 De
2590 5407 2854 5476 Stephano
2904 5405 3047 5474 lapso
3090 5402 3261 5475 (I44).

2151 5525 2293 5578 Inter
2342 5536 2475 5592 quos
2530 5518 3067 5575 commemoravimus
3094 5516 3252 5568 etiam
3291 5511 3618 5580 Stephanum
3642 5551 3659 5577 ,

2082 5616 2170 5684 qui
2202 5615 2253 5668 in
2284 5624 2489 5682 turpem
2518 5613 2695 5681 lapsus
2735 5618 2816 5663 est
2845 5605 3306 5675 intemperantiam
3332 5644 3349 5668 ,
3380 5614 3433 5658 et
3459 5601 3659 5656 Eucar-

2089 5722 2261 5777 ptum,
2296 5716 2346 5762 et
2379 5706 2639 5759 llerunem
2670 5700 3093 5755 Alexandrinum
3164 5707 3220 5754 ct
3247 5695 3526 5751 Valentem
3556 5694 3656 5750 Pav
