4028 6432
458 325 593 379 1199

1924 332 2240 387 PALLADll

3569 343 3706 398 1200

468 459 754 520 uestinum,
783 473 834 514 et
863 461 1202 514 Ptolomaeum
1229 460 1530 529 .Egyptium
1560 461 1647 528 qui
1677 468 1792 513 erat
1818 459 1867 510 in
1889 457 2020 511 Sce-
2053 459 2100 512 A
2131 463 2274 506 tuum
2300 452 2469 520 (Ρωι.
2501 454 2620 522 ιθῃ
2653 454 2846 506 Eorum
2875 455 3016 508 enim
3045 458 3234 509 anima:
3255 455 3345 524 qui
3375 456 3516 510 vitiis
3545 459 3692 514 labo-

464 557 515 600 te
537 548 576 601 ί.
627 548 795 602 Simul
845 564 971 618 ergo
1017 551 1316 618 rogavimus
1370 563 1611 618 qumnam
1655 558 1796 602 esset
1829 563 2022 611 causa,

469 637 610 701 quod
648 639 734 705 qui
763 642 838 692 sic
865 641 1048 693 vivunt
1077 643 1125 693 in
1156 641 1459 705 solitudine,
1489 654 1551 694 ex
1591 641 1654 692 iis
1697 639 1783 691 alii
1813 638 2023 703 quidem

471 734 647 780 mente
668 728 1028 794 decipiuntur,
1071 731 1158 783 alii
1201 745 1326 784 vero
1367 739 1646 798 erumpunt
1680 729 1730 780 in
1768 729 2025 792 intempe-

467 818 712 868 rantiam.
743 816 852 871 Hoc
879 833 1008 885 ergo
1028 835 1335 886 responsum
1366 819 1517 871 nobis
1545 818 1803 871 dederunt
1833 828 1881 869 et
1905 831 2023 868 cum

465 904 570 958 illis
597 916 812 960 sanctus
837 907 1186 975 Paphnutius,
1217 909 1295 960 vir
1316 908 1543 960 maxima
1565 906 1866 974 cognitione
1890 919 2025 972 pra:-

463 996 606 1048 ditus
639 1014 649 1047 :
686 997 1023 1064 Quaacunque
1051 997 1218 1061 ﬁunt,
1254 998 1304 1050 in
1335 998 1438 1050 duo
1478 996 1807 1060 dividuntur,
1842 996 1890 1047 in
1931 995 2024 1047 Dei

464 1086 734 1154 placitum,
783 1095 835 1140 et
881 1087 974 1141 Dei
1025 1088 1444 1155 permissionem.
1477 1088 1649 1154 Atque
1697 1100 2026 1154 quaecunque

460 1177 672 1243 quidem
706 1175 836 1229 ﬁunt
859 1191 921 1228 ex
954 1176 1151 1229 virtute
1177 1176 1242 1229 ad
1276 1177 1361 1228 Dei
1391 1175 1610 1244 gloriam
1636 1216 1650 1238 ,
1679 1188 1742 1227 ea
1765 1174 1894 1226 ﬁunt
1927 1171 2025 1225 Dei

460 1265 656 1333 placito
691 1283 703 1317 :
738 1281 855 1332 quae
895 1279 1019 1318 vero
1049 1265 1331 1329 damnosa,
1361 1263 1661 1334 periculosa
1681 1305 1695 1326 ,
1728 1272 1780 1316 et
1807 1278 1924 1330 quae
1947 1262 2025 1314 in-

460 1355 687 1408 l'ortunia
711 1366 763 1408 et
785 1369 938 1408 casus
961 1355 1266 1422 important,
1290 1369 1352 1408 ea
1378 1356 1506 1406 liunt
1535 1353 1625 1407 Dei
1656 1353 2021 1420 permissione.

461 1446 748 1499 l’ermissio
768 1454 944 1499 autem
976 1462 1039 1499 ex
1070 1456 1305 1513 egestate
1334 1446 1574 1511 rationis,
1604 1445 1682 1498 vel
1713 1445 2025 1499 inﬁdelitate

457 1548 641 1587 eorum
672 1535 761 1602 qui
790 1535 1132 1588 deseruntur.
1161 1534 1300 1588 Fieri
1334 1535 1477 1588 enim
1509 1548 1612 1587 non
1652 1543 1821 1600 potest
1859 1534 2024 1600 utqui

459 1623 543 1690 pie
564 1623 691 1677 vivit
711 1636 760 1676 et
784 1634 927 1678 recte
948 1625 1163 1693 cogitat,
1187 1623 1383 1677 incidat
1410 1624 1462 1676 in
1516 1623 1817 1691 ignominia:
1848 1624 2025 1690 lapsus

457 1713 536 1765 vel
578 1715 886 1780 imposturte
925 1715 1248 1768 daemonum.
1299 1711 1607 1782 Quicunque
1668 1728 1794 1782 ergo
1852 1729 2021 1782 pravo

2129 553 2281 606 rant,
2307 553 2431 596 sunt
2479 559 2664 597 revera
2713 544 2935 596 diversis
2968 544 3196 598 fontibus
3231 547 3520 602 assimiles.
3558 548 3688 603 Nam

2125 633 2214 700 qui
2244 631 2521 699 suntgula:
2541 640 2594 683 ct
2623 632 2745 683 vino
2775 630 2938 684 dediti
2963 672 2977 694 ,
3005 632 3273 685 lutulentis
3304 633 3568 699 fontibus;
3601 639 3689 702 qui

2125 737 2251 773 vero
2295 731 2542 775 tenentur
2580 721 2799 773 avaritia
2834 730 2886 773 et
2918 720 3066 786 plura
3103 719 3328 774 habendi
3367 722 3685 788 cupiditate,

2125 809 2363 863 fontibus
2392 824 2549 862 ranas
2581 810 2925 868 habentibus;
2953 809 3114 861 invidi
3142 821 3345 877 autem,
3377 812 3464 878 qui
3495 812 3691 865 habent

2126 898 2477 965 aptitudinem
2500 899 2841 965 cognitionis,
2866 897 3093 950 fontibus
3109 908 3384 966 serpentes
3405 901 3686 965 alentibus,

2127 986 2178 1037 in
2205 986 2397 1053 quibus
2414 1000 2623 1054 semper
2646 987 2866 1040 ﬁuctuat
2888 986 3052 1050 ratio;
3078 998 3353 1057 propterea
3377 991 3511 1057 quod
3531 1005 3686 1044 nemo

2127 1077 2298 1129 haurit
2345 1092 2410 1130 ex
2458 1077 2623 1144 ipsis,
2656 1087 2869 1146 propter
2918 1092 3123 1132 morum
3175 1080 3552 1146 acerbitatem,
3601 1081 3686 1134 vel

2125 1178 2338 1235 promer
2383 1167 2692 1234 injustarum
2738 1169 3002 1221 actionum
3035 1169 3274 1223 odorem.
3307 1168 3558 1234 Quovirca
3590 1171 3688 1223 tria

2125 1268 2273 1325 rogat
2300 1257 2459 1309 David
2489 1272 2516 1309 a
2551 1260 2661 1311 Deo
2682 1258 2884 1325 doceri,
2919 1259 3230 1323 bonitatem,
3253 1269 3305 1314 et
3333 1260 3686 1327 disciplinam,

2125 1354 2177 1397 et
2205 1345 2560 1413 cognitionem
2591 1344 2772 1414 (Psal.
2805 1344 3021 1415 cxvin).
3056 1346 3186 1401 Nam
3229 1348 3430 1415 absque
3458 1350 3688 1403 bonitate

2124 1433 2355 1499 cognitio
2385 1441 2466 1485 est
2488 1431 2718 1495 inutilis;
2750 1442 2803 1486 et
2830 1434 2874 1487 si
2911 1443 3183 1489 correctus
3211 1435 3426 1504 quidem
3467 1436 3620 1489 fuerit
3642 1438 3688 1491 is

2124 1518 2213 1586 qui
2258 1528 2338 1572 est
2388 1520 2689 1587 hujusmodi
2718 1561 2732 1586 ,
2784 1521 3022 1589 deposita
3072 1537 3230 1577 causa
3287 1524 3684 1587 derelictionis,

2126 1623 2317 1674 nempe
2346 1611 2666 1676 arrogantia,
2691 1619 2746 1662 et
2770 1601 3111 1676 assumpserit
3135 1611 3507 1678 humilitatem,
3535 1615 3688 1666 etsui

2127 1703 2338 1753 modum
2366 1703 2697 1769 cognoverit,
2735 1717 2906 1770 neque
2934 1701 3187 1756 adversus
3223 1703 3452 1770 aliquem
3473 1719 3531 1756 se
3557 1703 3682 1757 elle-

455 1816 617 1868 scopo
637 1815 698 1854 ac
725 1802 970 1856 instituto
989 1842 1004 1866 ,
1034 1817 1225 1869 nempe
1256 1811 1313 1854 ut
1336 1802 1634 1856 hominibus
1662 1803 1936 1870 placeant,
1968 1810 2016 1855 et

2125 1804 2268 1854 rens,
2296 1799 2351 1844 et
2379 1791 2488 1843 Deo
2511 1806 2672 1860 agens
2694 1790 2910 1858 gratias,
2936 1791 3001 1844 ad
3029 1806 3148 1845 eum
3178 1807 3364 1847 rursus
3385 1795 3683 1856 revertitur,

454 1892 721 1956 arroganti
753 1891 1095 1959 cogitatiOne,
1119 1892 1366 1943 virtutem
1389 1890 1634 1943 videntur
1656 1890 1888 1957 aggredi,
1918 1890 1950 1942 ii
1973 1892 2024 1944 in

463 1997 620 2037 casus
667 1984 939 2050 incidunt,
985 1984 1095 2037 Deo
1176 1997 1270 2035 eos
1343 1979 1629 2034 descrente
1703 1980 1768 2034 ad
1836 1996 2023 2034 eorum

458 2075 769 2140 utilitatem;
817 2084 872 2128 ut
909 2089 1028 2128 cum
1073 2089 1166 2141 per
1220 2074 1619 2126 derelictionem
1679 2074 2022 2125 mutationem

455 2163 746 2226 senserint,
791 2171 883 2215 aut
921 2162 1249 2230 propositum
1279 2200 1293 2224 ,
1325 2171 1414 2213 aut
1447 2161 1706 2213 actionem
1733 2161 2020 2229 corrigam.

456 2252 586 2305 Nam
636 2251 917 2319 aliquando
947 2250 1158 2319 quidem
1205 2260 1385 2318 peccat
1412 2250 1742 2316 propositum
1769 2292 1782 2312 ,
1812 2249 2025 2316 quando

457 2346 514 2395 lit
545 2342 684 2394 malo
722 2355 907 2410 scopo;
942 2351 995 2392 ut
1034 2355 1176 2406 saepe
1231 2339 1425 2392 accidit
1452 2341 1885 2404 intemperantem
1909 2355 2022 2405 pra-

455 2447 523 2485 το
565 2446 727 2500 sc0po
785 2433 960 2486 facere
1019 2430 1412 2498 eleemosynam
1485 2430 1537 2483 in
1597 2430 2024 2484 adulescentulas

454 2528 673 2588 propter
705 2529 908 2587 turpem
940 2519 1135 2572 ﬁnem:
1165 2527 1219 2571 et
1242 2519 1504 2572 actionem
1534 2533 1651 2572 esse
1679 2521 1865 2572 rationi
1897 2533 2025 2572 con-

453 2620 784 2674 sentaneam,
810 2619 866 2663 ut
882 2609 1158 2678 orphante,
1190 2618 1380 2677 etquae
1407 2619 1693 2663 exercetur
1723 2613 2021 2673 monachae,

452 2703 581 2756 dare
608 2701 884 2756 auxilium.
911 2700 1119 2755 Accidit
1145 2708 1324 2753 autem
1357 2708 1502 2753 recto
1524 2714 1733 2768 quoque
1761 2714 1926 2768 scopo
1948 2701 2023 2753 fa-

450 2806 574 2846 cere
619 2793 1014 2859 eleemosynam
1041 2830 1054 2852 ,
1088 2790 1140 2843 in
1191 2797 1420 2856 aegrotos
1462 2789 1544 2842 vel
1579 2804 1673 2842 eos
1709 2789 1801 2857 qui
1850 2788 2022 2842 eversi

448 2890 574 2934 sunt
599 2881 750 2934 bonis
772 2921 786 2946 ,
821 2881 903 2934 vel
935 2894 1028 2933 eos
1058 2878 1146 2947 qui
1179 2890 1572 2933 consenuerunt
1603 2895 1614 2929 :
1645 2880 1736 2931 sed
1773 2893 1931 2946 parce
1968 2885 2023 2932 et

447 2983 568 3022 cum
595 2968 1044 3030 murmuratione;
1076 2979 1129 3022 et
1153 2983 1271 3022 esse
1298 2983 1518 3037 scopum
1544 2968 1755 3036 quidem
1784 2978 1984 3021 rectum
2002 3007 2018 3032 ,

445 3061 710 3114 actionem
735 3069 914 3115 autem
947 3074 1111 3126 scopo
1137 3058 1427 3127 indignam.
1450 3060 1675 3125 Oportet
1696 3057 1834 3111 enim
1861 3059 2020 3111 mise-

2127 1895 2245 1947 qute
2301 1880 2601 1933 testimonio
2651 1878 2875 1933 fulcitur
2921 1881 3171 1949 cognitio.
3219 1882 3502 1935 Orationes
3542 1883 3681 1935 enim

2125 1968 2416 2036 spiritales,
2443 1983 2562 2036 qum
2581 1984 2684 2021 non
2715 1969 2908 2022 habent
2926 1970 3084 2024 vitam
3109 1972 3383 2025 honestam
3404 1981 3456 2026 et
3487 1982 3685 2038 tempe-

2125 2067 2328 2110 rantem
2351 2058 2508 2110 simul
2531 2059 2872 2126 equitantem,
2898 2067 3020 2112 sunt
3054 2061 3214 2127 spica!
3248 2076 3366 2130 quae
3388 2077 3414 2113 a
3434 2071 3589 2115 vento
3615 2062 3686 2114 in-

2126 2155 2350 2212 tereunt,
2377 2161 2492 2215 quae
2512 2147 2704 2200 habent
2727 2149 2939 2216 quidem
2958 2150 3222 2215 spicarum
3245 2150 3591 2220 ﬁguram,sed
3617 2152 3686 2204 ab

2124 2238 2202 2292 eis
2233 2249 2471 2306 ereptum
2502 2249 2583 2292 est
2618 2239 2951 2292 alimentum.
2981 2242 3164 2294 Omnis
3194 2257 3320 2310 ergo
3352 2242 3553 2310 lapsus,
3575 2246 3686 2296 sive

2127 2330 2219 2382 ﬁat
2242 2343 2336 2396 per
2362 2329 2618 2396 linguam,
2641 2329 2754 2382 sive
2786 2345 2878 2395 per
2905 2345 3140 2393 sensum,
3172 2332 3284 2385 sive
3310 2347 3402 2398 per
3426 2334 3680 2397 actiones,

2123 2420 2236 2474 sive
2260 2434 2352 2486 per
2373 2428 2538 2472 totum
2573 2433 2788 2486 corpus.
2821 2421 3208 2473 convenienter
3249 2421 3568 2486 proportioni
3598 2435 3682 2472 ar-

2124 2511 2397 2578 rogantiae,
2431 2512 2488 2562 ﬁt
2531 2524 2623 2579 per
2653 2509 2746 2563 Dei
2773 2510 3179 2564 derelictionem
3217 2513 3480 2579 parcentis
3507 2512 3568 2563 iis
3591 2510 3680 2579 qui

2123 2601 2581 2669 derelinquuntur.
2630 2601 2684 2656 Si
2724 2602 2865 2655 enim
2891 2616 3009 2654 cum
3043 2605 3477 2671 intemperantia,
3499 2617 3676 2655 eorum

2122 2706 2333 2759 quoque
2353 2691 2567 2745 bonitati
2596 2691 2791 2760 ingenii
2817 2690 3071 2744 Dominus
3097 2694 3275 2746 tulerit
3301 2694 3675 2756 testimonium,

2122 2781 2510 2849 suppeditando
2549 2782 2925 2851 eloquentiam,
2970 2782 3241 2838 daemones
3269 2785 3408 2851 ipsos
3439 2785 3566 2838 facit
3590 2799 3682 2836 su-

2124 2874 2326 2942 perbia,
2356 2889 2414 2927 se
2438 2875 2755 2928 extollentes
2782 2890 2900 2927 cum
2927 2875 3280 2928 immunditia.

2192 2965 2317 3018 Haec
2345 2981 2554 3033 quoque
2581 2966 2832 3019 dicebant
2864 2967 3018 3018 nobis
3047 2967 3098 3018 hi
3130 2969 3296 3020 sancti
3325 2966 3440 3029 viri,
3467 2975 3521 3021 et
3547 2969 3683 3035 opti—

2122 3054 2192 3107 mi
2224 3053 2408 3108 Patres
2439 3072 2450 3107 :
2476 3070 2594 3108 cum
2612 3053 3084 3122 videritisaliquem
3110 3056 3211 3108 vita
3233 3056 3440 3123 quidem
3464 3070 3686 3123 perver-

446 3151 712 3205 ricordem
737 3150 979 3204 misereri
1011 3150 1061 3202 in
1093 3149 1362 3202 hilaritate
1391 3157 1442 3200 et
1466 3148 1727 3215 largitate.
1756 3147 1865 3200 Hoc
1886 3162 2015 3215 quo-
2041 3148 2088 3210 C
2120 3157 2260 3205 sum,
2287 3143 2524 3196 oratione
2541 3153 2714 3195 autem
2737 3151 2915 3208 aptum
2945 3144 3008 3195 ad
3039 3144 3479 3210 persuadendum,
3505 3158 3688 3197 recor-

447 3254 550 3306 que
575 3239 788 3291 dicebat
821 3253 835 3289 :
871 3239 926 3290 In
971 3237 1151 3289 multis
1198 3237 1391 3288 animis
1421 3245 1542 3288 sunt
1589 3236 1740 3289 dotes
1777 3238 2017 3304 quaedam

447 3329 727 3396 praecipua:
750 3367 765 3391 ,
800 3328 852 3380 in
881 3325 1000 3378 aliis
1027 3325 1242 3393 quidem
1287 3324 1494 3377 bonitas
1538 3325 1733 3392 ingenii
1762 3340 1776 3389 ;
1806 3325 1867 3377 in
1897 3324 2018 3377 aliis

447 3435 574 3473 vero
605 3418 845 3486 aptitudo
871 3417 935 3470 ad
979 3417 1448 3479 exercitationem;
1479 3417 1572 3469 sed
1599 3417 1810 3484 quando
1833 3433 1937 3469 non
1959 3417 2019 3471 ﬁt

445 3520 664 3578 promer
692 3511 864 3578 ipsum
897 3508 1092 3562 bonum
1124 3516 1179 3561 et
1199 3522 1262 3560 ex
1291 3507 1470 3560 divino
1497 3521 1657 3574 scopo
1683 3545 1698 3570 ,
1732 3521 1902 3575 neque
1929 3521 2018 3560 ac-

443 3603 539 3668 tio,
570 3616 742 3670 neque
771 3600 966 3669 ingenii
999 3599 1227 3663 b0nitas,
1252 3613 1424 3665 neque
1456 3596 1493 3651 ii
1521 3599 1608 3666 qui
1639 3598 1790 3651 dotes
1818 3597 2016 3650 habent

443 3694 757 3762 praecipuas,
788 3706 891 3745 non
923 3693 1178 3745 bonorum
1200 3690 1371 3743 datori
1403 3689 1513 3743 Deo
1546 3690 1896 3756 ascribentes,
1921 3691 2014 3744 sed

442 3797 540 3837 suo
560 3782 729 3836 libero
753 3781 999 3844 arbitrio,
1027 3780 1262 3849 ingenio,
1294 3787 1349 3833 et
1374 3778 1735 3842 sufﬁcientius;
1763 3779 1853 3847 qui
1885 3781 2015 3834 tales

440 3880 586 3936 sunt,
619 3869 792 3924 relicti
823 3883 852 3921 a
895 3867 1224 3935 providentia
1249 3907 1266 3932 ,
1298 3865 1534 3920 incidunt
1565 3867 1615 3920 in
1641 3866 1778 3921 facta
1809 3869 2011 3936 turpia,

442 3970 624 4028 turpes
647 3959 1040 4029 perpessiones,
1068 3957 1365 4025 probraque
1386 3964 1439 4010 et
1460 3956 1741 4010 dedecora.
1766 3957 2012 4012 Derelicti

439 4065 692 4118 ergo,per
705 4047 1072 4103 advenientem
1092 4048 1439 4100 humilitatem
1453 4055 1507 4101 et
1521 4049 1771 4115 pudorem
1782 4092 1797 4117 ,
1813 4051 2011 4103 sensim

441 4141 621 4192 nescio
648 4137 914 4206 quomodo
940 4137 1215 4205 expellunt
1242 4136 1619 4204 arrogantiam,
1645 4153 1801 4207 quam
1827 4154 2012 4193 susce-

440 4239 628 4296 perant
653 4243 720 4281 ex
749 4242 811 4280 ea
840 4241 959 4295 qua:
991 4225 1158 4278 virtus
1187 4225 1532 4292 reputabatur
1558 4243 1572 4290 ;
1601 4243 1704 4280 non
1737 4228 1789 4280 in
1821 4228 2011 4295 seipsis

439 4319 624 4373 conﬁsi
647 4318 898 4385 amplius.
923 4318 1016 4371 sed
1043 4318 1174 4381 Deo,
1208 4318 1295 4382 qui
1326 4328 1513 4371 cuncta
1545 4317 1782 4386 largitur,
1811 4320 2010 4373 beneﬁ-

438 4411 577 4463 cium
603 4423 695 4461 sua
721 4407 1053 4461 confessione
1079 4407 1335 4460 tribuunt.
1359 4409 1456 4471 Qui
1487 4411 1628 4461 enim
1660 4420 1738 4462 est
1770 4410 2001 4474 inﬂatus,

2126 3235 2324 3287 deinlni
2355 3235 2611 3287 ἁιιξιιιοιιὶε
2641 3234 2727 3302 qui
2764 3233 2815 3286 in
2838 3248 2985 3286 sacra
3019 3233 3289 3300 Scriptura
3317 3248 3436 3286 cum
3467 3231 3680 3286 Christo

2127 3326 2382 3392 loquitur,
2400 3332 2455 3377 et
2473 3322 2908 3390 testimoniiquod
2939 3321 3066 3376 dicit
3090 3339 3104 3374 :
3130 3325 3354 3390 Serpens
3377 3333 3552 3375 autem
3569 3331 3681 3376 erat

2131 3415 2569 3484 prudentissimus
2610 3415 2844 3468 omnium
2894 3413 3180 3467 bestiarum
3216 3430 3331 3481 qua:
3355 3425 3507 3468 erant
3524 3429 3674 3481 super

2121 3517 2317 3560 terram
2339 3504 2578 3576 (Gemit).
2601 3506 2696 3559 Cui
2715 3507 2989 3575 prudentia
3013 3508 3181 3572 potius
3207 3507 3565 3559 detrimentum
3584 3513 3659 3556 at-

2119 3597 2392 3661 tulit,cum
2415 3598 2516 3650 alia
2542 3598 2709 3650 virtus
2738 3611 2841 3650 non
2870 3606 3229 3650 concurreret.
3271 3597 3489 3665 Oportet
3536 3596 3664 3651 enim

2117 3702 2238 3742 eum
2269 3687 2357 3754 qui
2380 3696 2462 3742 est
2492 3686 2658 3740 ﬁdelis
2684 3696 2737 3739 et
2761 3687 2928 3740 bonus
2957 3701 3018 3740 ea
3047 3687 3254 3756 quidem
3277 3689 3456 3741 animo
3481 3687 3676 3741 sentire

2115 3793 2233 3847 qua:
2259 3779 2348 3831 dat
2376 3778 2535 3841 Deus,
2556 3776 2699 3844 loqui
2733 3785 2909 3829 autem
2933 3793 3049 3843 qu:e
3092 3787 3273 3840 sentit,
3303 3777 3477 3830 facere
3501 3787 3674 3830 autem

2115 3882 2234 3935 qua:
2291 3866 2544 3934 loquitur.
2579 3867 2632 3918 Si
2664 3865 2804 3918 enim
2832 3881 2952 3919 cum
2987 3867 3203 3920 veritate
3241 3869 3519 3920 verborum
3562 3882 3664 3920 non

2114 3965 2400 4012 concurrat
2432 3957 2553 4008 vitae
2577 3955 2846 4024 cognatio,
2879 3957 3030 4023 panis
3059 3965 3142 4009 est
3168 3957 3284 4009 sine
3312 3955 3442 4018 sale,
3467 3965 3524 4008 ut
3546 3956 3674 4009 dicit

2114 4050 2214 4104 Job
2239 4047 2481 4117 (Job.vn);
2510 4049 2598 4115 qui
2617 4059 2698 4101 est
2721 4058 2898 4101 autem
2925 4049 3063 4110 talis,
3089 4049 3307 4101 minime
3330 4048 3636 4101 comedetur
3660 4064 3675 4099 :

2112 4140 2252 4208 quod
2279 4139 2322 4192 si
2341 4140 2502 4191 etiam
2530 4137 2861 4202 comedatnr,
2878 4136 3096 4205 conjicit
3119 4151 3235 4189 eum
3257 4136 3344 4204 qui
3370 4136 3601 4190 comedit
3625 4137 3677 4191 in

2112 4231 2303 4284 malam
2336 4229 2716 4283 habitudinem.
2741 4228 3119 4282 Sicomedetur
3143 4229 3305 4289 enim,
3324 4228 3512 4296 inquit,
3529 4227 3676 4296 panis

2111 4325 2228 4375 sine
2255 4322 2386 4385 sale,
2405 4321 2519 4374 etsi
2548 4329 2630 4373 est
2661 4329 2844 4388 gustus
2875 4319 2926 4370 in
2959 4318 3134 4370 verbis
3163 4317 3432 4383 inanibus,
3468 4317 3567 4371 hoc
3595 4327 3676 4372 est

2118 4429 2223 4467 non
2266 4413 2332 4465 ad
2375 4412 2656 4465 utilitatem
2681 4409 2866 4477 (“5),
2899 4409 3133 4476 impletis
3161 4408 3421 4460 bonorum
3456 4421 3673 4475 operum

437 4499 527 4567 qui
555 4499 622 4550 de
670 4497 904 4550 bonitate
934 4499 1146 4562 inquam
1197 4497 1394 4564 ingenii
1423 4497 1661 4559 effertur,
1686 4506 1739 4551 et
1779 4499 1884 4551 Deo
1906 4514 2008 4552 non
2039 4501 2089 4560 D
2119 4502 2442 4556 testimonio.
2496 4499 2907 4554 Derelictionuin
2947 4514 3072 4565 ergo
3103 4498 3282 4566 plnies
3318 4508 3437 4550 sunt
3461 4512 3672 4550 causae:

440 4587 658 4642 ascribit
678 4585 966 4638 bonitatem
1001 4584 1224 4652 ingenii,
1259 4602 1429 4653 neque
1457 4600 1574 4638 eam
1604 4603 1719 4652 quin
1759 4589 1856 4640 sibi
1888 4604 2012 4657 sup-

440 4681 705 4748 peditatur
751 4679 1128 4749 cognitionem,
1185 4681 1275 4733 sed
1342 4681 1423 4733 vel
1467 4696 1577 4734 sine
1624 4683 1984 4736 exercitationi

439 4774 521 4827 vel
581 4781 812 4837 naturae,
852 4771 1067 4825 abducit
1112 4771 1178 4824 ab
1227 4786 1292 4824 eo
1349 4771 1487 4826 Deus
1543 4774 1787 4841 angelum
1838 4776 2011 4843 provi-

437 4863 667 4926 dentiae,
698 4862 819 4914 huic
859 4862 1046 4929 gratiae
1098 4862 1425 4929 praefectum.
1467 4863 1581 4927 Quo
1610 4878 1818 4931 averso,
1853 4879 2009 4932 supe-

438 4963 584 5005 ratus
605 4968 632 5003 a
660 4953 861 5005 viribus
883 4952 1176 5005 adversarii
1206 4954 1250 5004 is
1275 4953 1361 5020 qui
1391 4951 1604 5006 effertur
1624 4954 1695 5007 ob
1719 4955 2006 5010 bonitatem

439 5042 678 5110 ingenii,
711 5042 897 5096 incidit
926 5042 976 5093 in
1024 5041 1482 5109 intemperantiam
1515 5051 1732 5111 propter
1777 5046 2009 5099 insolen-

438 5138 585 5200 tiam,
612 5146 672 5187 ut
699 5134 870 5187 ablata
897 5141 1030 5186 teste
1055 5133 1427 5200 temperantia,
1454 5149 1556 5186 non
1582 5134 1862 5190 videantur
1890 5152 2007 5189 cre-

436 5227 618 5281 dibilia
650 5240 768 5292 quae
787 5225 1039 5277 dicuntur
1069 5226 1135 5276 ab
1162 5225 1314 5291 ipsis,
1345 5224 1664 5292 fugientibus
1685 5227 1789 5293 piis
1819 5227 2009 5294 doctri-

436 5333 559 5370 nam
592 5333 710 5385 quae
733 5331 797 5368 ex
841 5314 932 5366 tali
962 5330 1052 5366 ore
1097 5315 1371 5382 procedit,
1406 5324 1651 5383 tanquam
1684 5317 1880 5371 fontem
1915 5318 2005 5383 qui

435 5420 603 5464 scatet
652 5407 1002 5469 hirudinibus,
1038 5417 1094 5458 ut
1121 5407 1398 5474 impleatur
1435 5409 1575 5476 quod
1605 5410 1856 5477 scriptum
1879 5420 2002 5464 est:

441 5501 712 5555 l‘eccatori
741 5509 915 5552 autem
937 5498 1067 5550 dixit
1094 5499 1230 5551 Deus
1261 5517 1271 5550 :
1297 5497 1402 5552 Cur
1429 5509 1480 5552 tu
1511 5515 1729 5554 enarras
1751 5502 2008 5570 justiﬁca-

439 5591 612 5645 tiones
651 5605 799 5645 meas
822 5632 836 5655 ,
870 5598 924 5644 et
952 5588 1178 5644 assumis
1218 5597 1590 5643 testamentum
1621 5605 1796 5645 meum
1827 5607 1920 5660 per
1946 5607 2007 5647 os

2119 4609 2220 4646 una
2252 4591 2466 4661 quidem
2499 4601 2582 4644 est
2612 4600 2671 4644 ut
2701 4591 2866 4642 virtus
2895 4603 2976 4642 0οι
2996 4589 3159 4642 ultata
3189 4589 3556 4641 manifestetur
3579 4625 3593 4650 ,
3623 4595 3678 4640 ut

2115 4685 2282 4736 virtus
2311 4682 2444 4745 Job,
2475 4681 2586 4735 Deo
2634 4680 3000 4747 respondente
3047 4689 3100 4732 et
3128 4676 3342 4731 dicente
3383 4675 3504 4743 (Job'
3547 4675 3674 4745 XL):

2114 4777 2190 4829 Ne
2212 4774 2422 4841 rejicias
2441 4772 2698 4840 judicium
2730 4784 2928 4835 meum,
2963 4783 3134 4834 neque
3166 4778 3322 4835 putes
3347 4782 3430 4820 me
3456 4766 3545 4818 tibi
3579 4765 3674 4816 ali-

2116 4874 2196 4921 ter
2226 4866 2585 4932 respondisse,
2621 4863 2715 4916 sed
2769 4873 2824 4914 ut
2867 4862 3039 4929 justus
3085 4873 3388 4927 apparens;
3433 4873 3491 4912 es
3538 4858 3675 4909 enim

2115 4957 2246 5012 mihi
2272 4965 2429 5009 notus
2455 4955 2541 5022 qui
2588 4955 2708 5006 ncvi
2750 4951 2990 5015 occulta,
3035 4959 3089 5002 et
3119 4948 3380 5016 profunda
3409 4945 3676 5014 cogitatio-

2115 5065 2239 5103 num
2298 5049 2508 5101 intueor
2560 5047 2934 5098 humanarum.
2985 5041 3087 5097 Sed
3128 5043 3379 5110 quoniam
3425 5039 3680 5108 ignoraris

2113 5142 2181 5194 ab
2213 5138 2516 5192 hominibus
2546 5175 2562 5200 ,
2601 5136 2942 5202 suspicantur
2986 5134 3127 5186 enim
3171 5144 3544 5197 nonnunquam
3597 5141 3678 5179 me

2113 5248 2142 5284 a
2177 5242 2232 5285 te
2261 5230 2366 5284 coli
2394 5237 2611 5297 propter
2640 5226 2871 5288 divitias,
2900 5225 3019 5278 ideo
3044 5222 3144 5276 feci
3183 5229 3239 5276 ut
3281 5223 3335 5274 in
3379 5217 3675 5286 huiusmodi

2115 5335 2297 5374 casum
2329 5318 2614 5372 incideres.
2652 5314 2925 5368 Demessui
2946 5313 3182 5379 divitias,
3215 5321 3272 5363 ut
3297 5309 3570 5365 ostendam
3599 5306 3676 5359 eis

2114 5422 2259 5466 tuam
2311 5409 2604 5478 gratiarum
2656 5405 2917 5460 actionem
2971 5414 3044 5458 et
3088 5401 3500 5471 philosophiam.
3562 5397 3678 5452 Alia

2113 5513 2290 5558 autem
2324 5507 2541 5570 propter
2582 5495 2924 5561 avertendam
2972 5495 3298 5562 superbiam,
3331 5501 3387 5547 nt
3415 5493 3466 5544 in
3498 5489 3678 5544 Paulo.

2117 5595 2374 5648 Relictus.
2387 5598 2472 5644 est
2496 5587 2640 5642 enim
2669 5586 2861 5639 Paulus
2882 5584 3093 5637 casibus
3114 5625 3128 5649 ,
3157 5593 3212 5637 et
3237 5582 3576 5652 colaphorum
3598 5580 3685 5634 in-

512 5707 528 5738 ¹
562 5707 637 5762 De
667 5708 898 5772 llerone,
931 5721 1104 5776 supra,
1134 5721 1248 5762 can.
1277 5705 1362 5758 32.
1413 5707 1488 5766 De,
1513 5706 1752 5769 Valente.
1797 5723 1953 5782 supra
1984 5753 1996 5775 ,
2037 5727 2158 5784 cap.
2179 5711 2266 5766 '51.
2305 5711 2377 5763 De
2410 5704 2721 5770 Ptolomaeo,
2750 5714 2934 5771 supra,
2967 5713 3086 5769 cap.
3125 5697 3214 5753 33.
