  <div class='ocr_page' id='page_1' title='image "/cluster/home/n/w/nwhite01/storage/ocr_20150623/34/coo.31924054869312/612.png"; bbox 0 0 4028 6468; ppageno 0'>
   <div class='ocr_carea' id='block_1_1' title="bbox 400 382 535 448">
    <p class='ocr_par' dir='ltr' id='par_1_1' title="bbox 400 382 535 448">
     <span class='ocr_line' id='line_1_1' title="bbox 400 382 535 448; baseline 0 0"><span class='ocrx_word' id='word_1_1' title='bbox 400 382 535 448; x_wconf 76' lang='grc'>1201</span> 
     </span>
    </p>
   </div>
   <div class='ocr_carea' id='block_1_2' title="bbox 1622 384 2427 475">
    <p class='ocr_par' dir='ltr' id='par_1_2' title="bbox 1622 384 2427 475">
     <span class='ocr_line' id='line_1_2' title="bbox 1622 384 2427 475; baseline 0.001 -27"><span class='ocrx_word' id='word_1_2' title='bbox 1622 385 1991 448; x_wconf 78' lang='lat' dir='ltr'>HISTORIA</span> <span class='ocrx_word' id='word_1_3' title='bbox 2032 384 2427 475; x_wconf 83' lang='lat' dir='ltr'>LAUSI_ACA.</span> 
     </span>
    </p>
   </div>
   <div class='ocr_carea' id='block_1_3' title="bbox 3528 396 3670 462">
    <p class='ocr_par' dir='ltr' id='par_1_3' title="bbox 3528 396 3670 462">
     <span class='ocr_line' id='line_1_3' title="bbox 3528 396 3670 462; baseline 0.021 -3"><span class='ocrx_word' id='word_1_4' title='bbox 3528 396 3670 462; x_wconf 77' lang='lat'>1202</span> 
     </span>
    </p>
   </div>
   <div class='ocr_carea' id='block_1_4' title="bbox 392 500 3665 583">
    <p class='ocr_par' dir='ltr' id='par_1_4' title="bbox 392 500 3665 583">
     <span class='ocr_line' id='line_1_4' title="bbox 392 500 3665 583; baseline 0.002 -25"><span class='ocrx_word' id='word_1_5' title='bbox 392 502 644 558; x_wconf 80' lang='grc' dir='ltr'>εὐδοκίαν</span> <span class='ocrx_word' id='word_1_6' title='bbox 666 500 825 566; x_wconf 88' lang='grc' dir='ltr'>Θεοῦ,</span> <span class='ocrx_word' id='word_1_7' title='bbox 849 503 944 557; x_wconf 80' lang='grc' dir='ltr'>καί</span> <span class='ocrx_word' id='word_1_8' title='bbox 975 502 1346 574; x_wconf 79' lang='grc' dir='ltr'>συγχώρησιν.</span> <span class='ocrx_word' id='word_1_9' title='bbox 1378 504 1523 558; x_wconf 86' lang='grc' dir='ltr'>Ὅσα</span> <span class='ocrx_word' id='word_1_10' title='bbox 1555 505 1733 557; x_wconf 90' lang='grc' dir='ltr'>τοίνυν</span> <span class='ocrx_word' id='word_1_11' title='bbox 1767 504 1973 570; x_wconf 86' lang='grc' dir='ltr'>γίνεται</span> <span class='ocrx_word' id='word_1_12' title='bbox 2006 504 2051 557; x_wconf 79' lang='grc' dir='ltr'>Α</span> <span class='ocrx_word' id='word_1_13' title='bbox 2080 502 2205 583; x_wconf 87' lang='grc' dir='ltr'>γαῖς</span> <span class='ocrx_word' id='word_1_14' title='bbox 2250 503 2405 572; x_wconf 77' lang='grc' dir='ltr'>ὄφεις</span> <span class='ocrx_word' id='word_1_15' title='bbox 2431 507 2782 575; x_wconf 81' lang='grc' dir='ltr'>τρεφούσαις,</span> <span class='ocrx_word' id='word_1_16' title='bbox 2829 503 2919 572; x_wconf 79' lang='grc' dir='ltr'>αίς</span> <span class='ocrx_word' id='word_1_17' title='bbox 2955 509 3042 563; x_wconf 70' lang='grc' dir='ltr'>ἀεὶ</span> <span class='ocrx_word' id='word_1_18' title='bbox 3083 510 3393 583; x_wconf 79' lang='grc' dir='ltr'>ἐνλιμνάζει</span> <span class='ocrx_word' id='word_1_19' title='bbox 3416 515 3445 565; x_wconf 78' lang='lat'>6</span> <span class='ocrx_word' id='word_1_20' title='bbox 3472 512 3665 583; x_wconf 84' lang='grc' dir='ltr'>λόγος,</span> 
     </span>
    </p>
   </div>
   <div class='ocr_carea' id='block_1_5' title="bbox 392 587 1972 659">
    <p class='ocr_par' dir='ltr' id='par_1_5' title="bbox 392 587 1972 659">
     <span class='ocr_line' id='line_1_5' title="bbox 392 587 1972 659; baseline -0.003 -16"><span class='ocrx_word' id='word_1_21' title='bbox 392 590 516 643; x_wconf 87' lang='grc' dir='ltr'>κατ’</span> <span class='ocrx_word' id='word_1_22' title='bbox 574 587 777 659; x_wconf 81' lang='grc' dir='ltr'>ἀρετὴν</span> <span class='ocrx_word' id='word_1_23' title='bbox 822 591 905 650; x_wconf 90' lang='grc' dir='ltr'>είς</span> <span class='ocrx_word' id='word_1_24' title='bbox 950 587 1110 652; x_wconf 89' lang='grc' dir='ltr'>δόξαν</span> <span class='ocrx_word' id='word_1_25' title='bbox 1162 588 1256 641; x_wconf 87' lang='grc' dir='ltr'>τοῦ</span> <span class='ocrx_word' id='word_1_26' title='bbox 1314 588 1487 653; x_wconf 81' lang='grc' dir='ltr'>Θεοῦ,</span> <span class='ocrx_word' id='word_1_27' title='bbox 1538 589 1712 642; x_wconf 79' lang='grc' dir='ltr'>ταῦτα</span> <span class='ocrx_word' id='word_1_28' title='bbox 1762 587 1972 655; x_wconf 81' lang='grc' dir='ltr'>γίνεται</span> 
     </span>
    </p>
   </div>
   <div class='ocr_carea' id='block_1_6' title="bbox 395 668 1975 745">
    <p class='ocr_par' dir='ltr' id='par_1_6' title="bbox 395 668 1975 745">
     <span class='ocr_line' id='line_1_6' title="bbox 395 668 1975 745; baseline -0.003 -19"><span class='ocrx_word' id='word_1_29' title='bbox 395 672 613 745; x_wconf 86' lang='grc' dir='ltr'>εὐδοκίᾳ</span> <span class='ocrx_word' id='word_1_30' title='bbox 641 671 777 726; x_wconf 88' lang='grc' dir='ltr'>Θεοῦ</span> <span class='ocrx_word' id='word_1_31' title='bbox 798 690 813 705; x_wconf 77' lang='grc' dir='ltr'><strong>ο</strong></span> <span class='ocrx_word' id='word_1_32' title='bbox 867 674 969 727; x_wconf 85' lang='grc' dir='ltr'>ὅσα</span> <span class='ocrx_word' id='word_1_33' title='bbox 1000 672 1045 724; x_wconf 85' lang='grc' dir='ltr'>δ’</span> <span class='ocrx_word' id='word_1_34' title='bbox 1081 668 1149 726; x_wconf 80' lang='grc' dir='ltr'>αὖ</span> <span class='ocrx_word' id='word_1_35' title='bbox 1184 674 1348 725; x_wconf 88' lang='grc' dir='ltr'>πάλιν</span> <span class='ocrx_word' id='word_1_36' title='bbox 1377 673 1647 743; x_wconf 74' lang='grc' dir='ltr'>ἐπιζήμια</span> <span class='ocrx_word' id='word_1_37' title='bbox 1667 714 1682 737; x_wconf 95' lang='grc'>,</span> <span class='ocrx_word' id='word_1_38' title='bbox 1713 672 1807 725; x_wconf 80' lang='grc' dir='ltr'>καὶ</span> <span class='ocrx_word' id='word_1_39' title='bbox 1852 671 1975 723; x_wconf 82' lang='grc' dir='ltr'>ἐπι-</span> 
     </span>
    </p>
   </div>
   <div class='ocr_carea' id='block_1_7' title="bbox 395 757 1971 830">
    <p class='ocr_par' dir='ltr' id='par_1_7' title="bbox 395 757 1971 830">
     <span class='ocr_line' id='line_1_7' title="bbox 395 757 1971 830; baseline -0.003 -19"><span class='ocrx_word' id='word_1_40' title='bbox 395 758 636 823; x_wconf 89' lang='grc' dir='ltr'>κίνδυνα,</span> <span class='ocrx_word' id='word_1_41' title='bbox 668 758 761 812; x_wconf 76' lang='grc' dir='ltr'>καὶ</span> <span class='ocrx_word' id='word_1_42' title='bbox 802 758 1186 830; x_wconf 76' lang='grc' dir='ltr'>περιστατικά,</span> <span class='ocrx_word' id='word_1_43' title='bbox 1222 757 1395 812; x_wconf 90' lang='grc' dir='ltr'>ταῦτα</span> <span class='ocrx_word' id='word_1_44' title='bbox 1430 758 1639 826; x_wconf 86' lang='grc' dir='ltr'>γίνεται</span> <span class='ocrx_word' id='word_1_45' title='bbox 1669 757 1811 809; x_wconf 84' lang='grc' dir='ltr'>κατά</span> <span class='ocrx_word' id='word_1_46' title='bbox 1841 772 1971 822; x_wconf 85' lang='grc' dir='ltr'>συγ-</span> 
     </span>
    </p>
   </div>
   <div class='ocr_carea' id='block_1_8' title="bbox 394 841 1973 915">
    <p class='ocr_par' dir='ltr' id='par_1_8' title="bbox 394 841 1973 915">
     <span class='ocr_line' id='line_1_8' title="bbox 394 841 1973 915; baseline -0.001 -19"><span class='ocrx_word' id='word_1_47' title='bbox 394 843 637 915; x_wconf 84' lang='grc' dir='ltr'>χώρησιν</span> <span class='ocrx_word' id='word_1_48' title='bbox 666 841 801 897; x_wconf 83' lang='grc' dir='ltr'>Θεοῦ</span> <span class='ocrx_word' id='word_1_49' title='bbox 823 859 836 872; x_wconf 86' lang='grc'><strong>·</strong></span> <span class='ocrx_word' id='word_1_50' title='bbox 883 845 917 912; x_wconf 85' lang='grc' dir='ltr'>ή</span> <span class='ocrx_word' id='word_1_51' title='bbox 947 842 1003 897; x_wconf 81' lang='grc' dir='ltr'>δὲ</span> <span class='ocrx_word' id='word_1_52' title='bbox 1048 841 1394 913; x_wconf 84' lang='grc' dir='ltr'>συγχώρησις</span> <span class='ocrx_word' id='word_1_53' title='bbox 1433 841 1492 907; x_wconf 88' lang='grc' dir='ltr'>ἐξ</span> <span class='ocrx_word' id='word_1_54' title='bbox 1523 843 1743 909; x_wconf 86' lang='grc' dir='ltr'>ἀλογίας</span> <span class='ocrx_word' id='word_1_55' title='bbox 1775 843 1808 913; x_wconf 84' lang='grc' dir='ltr'>ἢ</span> <span class='ocrx_word' id='word_1_56' title='bbox 1844 844 1973 896; x_wconf 88' lang='grc' dir='ltr'>ἀπι-</span> 
     </span>
    </p>
   </div>
   <div class='ocr_carea' id='block_1_9' title="bbox 396 926 1974 998">
    <p class='ocr_par' dir='ltr' id='par_1_9' title="bbox 396 926 1974 998">
     <span class='ocr_line' id='line_1_9' title="bbox 396 926 1974 998; baseline -0.001 -16"><span class='ocrx_word' id='word_1_57' title='bbox 396 929 552 991; x_wconf 86' lang='grc' dir='ltr'>στίας</span> <span class='ocrx_word' id='word_1_58' title='bbox 576 929 684 981; x_wconf 90' lang='grc' dir='ltr'>τῶν</span> <span class='ocrx_word' id='word_1_59' title='bbox 716 928 1369 996; x_wconf 83' lang='grc' dir='ltr'>ἐγκαταλιμπανομένων.</span> <span class='ocrx_word' id='word_1_60' title='bbox 1418 926 1706 979; x_wconf 85' lang='grc' dir='ltr'>Ἀδύνατον</span> <span class='ocrx_word' id='word_1_61' title='bbox 1744 933 1851 998; x_wconf 75' lang='grc' dir='ltr'>γὰρ</span> <span class='ocrx_word' id='word_1_62' title='bbox 1882 929 1974 981; x_wconf 89' lang='grc' dir='ltr'>τὸν</span> 
     </span>
    </p>
   </div>
   <div class='ocr_carea' id='block_1_10' title="bbox 394 1009 1976 1082">
    <p class='ocr_par' dir='ltr' id='par_1_10' title="bbox 394 1009 1976 1082">
     <span class='ocr_line' id='line_1_10' title="bbox 394 1009 1976 1082; baseline 0 -19"><span class='ocrx_word' id='word_1_63' title='bbox 394 1012 571 1078; x_wconf 88' lang='grc' dir='ltr'>ὀρθῶς</span> <span class='ocrx_word' id='word_1_64' title='bbox 625 1011 961 1082; x_wconf 81' lang='grc' dir='ltr'>φρονοῦντα,</span> <span class='ocrx_word' id='word_1_65' title='bbox 1000 1013 1093 1065; x_wconf 77' lang='grc' dir='ltr'>καὶ</span> <span class='ocrx_word' id='word_1_66' title='bbox 1140 1010 1384 1074; x_wconf 83' lang='grc' dir='ltr'>εὐσεϐῶς</span> <span class='ocrx_word' id='word_1_67' title='bbox 1432 1009 1681 1080; x_wconf 82' lang='grc' dir='ltr'>βιοῦντα,</span> <span class='ocrx_word' id='word_1_68' title='bbox 1736 1012 1976 1078; x_wconf 91' lang='grc' dir='ltr'>ἐγκατα-</span> 
     </span>
    </p>
   </div>
   <div class='ocr_carea' id='block_1_11' title="bbox 396 1093 1973 1165">
    <p class='ocr_par' dir='ltr' id='par_1_11' title="bbox 396 1093 1973 1165">
     <span class='ocr_line' id='line_1_11' title="bbox 396 1093 1973 1165; baseline 0 -18"><span class='ocrx_word' id='word_1_69' title='bbox 396 1094 722 1164; x_wconf 84' lang='grc' dir='ltr'>λειφθῆναι,</span> <span class='ocrx_word' id='word_1_70' title='bbox 757 1096 852 1149; x_wconf 81' lang='grc' dir='ltr'>καὶ</span> <span class='ocrx_word' id='word_1_71' title='bbox 884 1097 1201 1165; x_wconf 77' lang='grc' dir='ltr'>περιπεσεῖν</span> <span class='ocrx_word' id='word_1_72' title='bbox 1250 1094 1554 1162; x_wconf 80' lang='grc' dir='ltr'>πταίσματι</span> <span class='ocrx_word' id='word_1_73' title='bbox 1587 1093 1852 1164; x_wconf 80' lang='grc' dir='ltr'>αἰσχύνης</span> <span class='ocrx_word' id='word_1_74' title='bbox 1874 1136 1890 1159; x_wconf 93' lang='grc'>,</span> <span class='ocrx_word' id='word_1_75' title='bbox 1938 1096 1973 1165; x_wconf 75' lang='grc' dir='ltr'>ἢ</span> 
     </span>
    </p>
   </div>
   <div class='ocr_carea' id='block_1_12' title="bbox 398 1176 1971 1252">
    <p class='ocr_par' dir='ltr' id='par_1_12' title="bbox 398 1176 1971 1252">
     <span class='ocr_line' id='line_1_12' title="bbox 398 1176 1971 1252; baseline -0.003 -18"><span class='ocrx_word' id='word_1_76' title='bbox 398 1181 576 1252; x_wconf 81' lang='grc' dir='ltr'>πλάνῃ</span> <span class='ocrx_word' id='word_1_77' title='bbox 610 1180 902 1251; x_wconf 79' lang='grc' dir='ltr'>δαιμόνων.</span> <span class='ocrx_word' id='word_1_78' title='bbox 934 1181 1089 1233; x_wconf 85' lang='grc' dir='ltr'>Ὅσοι</span> <span class='ocrx_word' id='word_1_79' title='bbox 1129 1179 1310 1232; x_wconf 81' lang='grc' dir='ltr'>τοίνυν</span> <span class='ocrx_word' id='word_1_80' title='bbox 1345 1176 1729 1248; x_wconf 75' lang='grc' dir='ltr'>διεφθαρμένῳ</span> <span class='ocrx_word' id='word_1_81' title='bbox 1762 1178 1971 1248; x_wconf 84' lang='grc' dir='ltr'>σκοπῷ,</span> 
     </span>
    </p>
   </div>
   <div class='ocr_carea' id='block_1_13' title="bbox 395 1260 1976 1337">
    <p class='ocr_par' dir='ltr' id='par_1_13' title="bbox 395 1260 1976 1337">
     <span class='ocr_line' id='line_1_13' title="bbox 395 1260 1976 1337; baseline -0.001 -20"><span class='ocrx_word' id='word_1_82' title='bbox 395 1266 430 1337; x_wconf 81' lang='grc' dir='ltr'><strong>ἦ</strong></span> <span class='ocrx_word' id='word_1_83' title='bbox 477 1265 618 1334; x_wconf 88' lang='grc' dir='ltr'>νόσῳ</span> <span class='ocrx_word' id='word_1_84' title='bbox 665 1263 1217 1335; x_wconf 87' lang='grc' dir='ltr'>ἀνθρωπαρεσκείας,</span> <span class='ocrx_word' id='word_1_85' title='bbox 1257 1260 1351 1314; x_wconf 79' lang='grc' dir='ltr'>καὶ</span> <span class='ocrx_word' id='word_1_86' title='bbox 1398 1260 1660 1331; x_wconf 78' lang='grc' dir='ltr'>αὐθαδείᾳ</span> <span class='ocrx_word' id='word_1_87' title='bbox 1700 1261 1976 1332; x_wconf 81' lang='grc' dir='ltr'>λογισμῶν</span> 
     </span>
    </p>
   </div>
   <div class='ocr_carea' id='block_1_14' title="bbox 399 1340 1975 1423">
    <p class='ocr_par' dir='ltr' id='par_1_14' title="bbox 399 1340 1975 1423">
     <span class='ocr_line' id='line_1_14' title="bbox 399 1340 1975 1423; baseline -0.003 -17"><span class='ocrx_word' id='word_1_88' title='bbox 399 1352 759 1423; x_wconf 82' lang='grc' dir='ltr'>μετέρχεσθαι</span> <span class='ocrx_word' id='word_1_89' title='bbox 784 1350 1000 1405; x_wconf 89' lang='grc' dir='ltr'>δοκοῦσι</span> <span class='ocrx_word' id='word_1_90' title='bbox 1022 1350 1123 1419; x_wconf 85' lang='grc' dir='ltr'>τὴν</span> <span class='ocrx_word' id='word_1_91' title='bbox 1152 1348 1375 1419; x_wconf 81' lang='grc' dir='ltr'>ἀρετὴν,</span> <span class='ocrx_word' id='word_1_92' title='bbox 1404 1340 1551 1399; x_wconf 77' lang='grc' dir='ltr'>οὗτοι</span> <span class='ocrx_word' id='word_1_93' title='bbox 1579 1347 1673 1399; x_wconf 72' lang='grc' dir='ltr'>καί</span> <span class='ocrx_word' id='word_1_94' title='bbox 1699 1347 1975 1417; x_wconf 83' lang='grc' dir='ltr'>σφάλματι</span> 
     </span>
    </p>
   </div>
   <div class='ocr_carea' id='block_1_15' title="bbox 396 1430 1972 1507">
    <p class='ocr_par' dir='ltr' id='par_1_15' title="bbox 396 1430 1972 1507">
     <span class='ocr_line' id='line_1_15' title="bbox 396 1430 1972 1507; baseline -0.004 -17"><span class='ocrx_word' id='word_1_95' title='bbox 396 1438 857 1507; x_wconf 82' lang='grc' dir='ltr'>περιπίπτουσιν,</span> <span class='ocrx_word' id='word_1_96' title='bbox 912 1433 1006 1487; x_wconf 89' lang='grc' dir='ltr'>τοῦ</span> <span class='ocrx_word' id='word_1_97' title='bbox 1051 1432 1187 1486; x_wconf 86' lang='grc' dir='ltr'>Θεοῦ</span> <span class='ocrx_word' id='word_1_98' title='bbox 1238 1432 1374 1502; x_wconf 91' lang='grc' dir='ltr'>πρὸς</span> <span class='ocrx_word' id='word_1_99' title='bbox 1434 1431 1528 1483; x_wconf 88' lang='grc' dir='ltr'>τὸν</span> <span class='ocrx_word' id='word_1_100' title='bbox 1570 1430 1792 1483; x_wconf 76' lang='grc' dir='ltr'>ἐκείνων</span> <span class='ocrx_word' id='word_1_101' title='bbox 1837 1450 1972 1484; x_wconf 87' lang='grc' dir='ltr'>κατ-</span> 
     </span>
    </p>
   </div>
   <div class='ocr_carea' id='block_1_16' title="bbox 395 1514 1976 1590">
    <p class='ocr_par' dir='ltr' id='par_1_16' title="bbox 395 1514 1976 1590">
     <span class='ocr_line' id='line_1_16' title="bbox 395 1514 1976 1590; baseline -0.003 -15"><span class='ocrx_word' id='word_1_102' title='bbox 395 1520 777 1590; x_wconf 87' lang='grc' dir='ltr'>εστραμμένον</span> <span class='ocrx_word' id='word_1_103' title='bbox 810 1519 1011 1572; x_wconf 83' lang='grc' dir='ltr'>σκοπὸν</span> <span class='ocrx_word' id='word_1_104' title='bbox 1048 1514 1623 1585; x_wconf 86' lang='grc' dir='ltr'>ἐγκαταλιμπάνοντος</span> <span class='ocrx_word' id='word_1_105' title='bbox 1647 1515 1865 1579; x_wconf 83' lang='grc' dir='ltr'>αὐτοὺς,</span> <span class='ocrx_word' id='word_1_106' title='bbox 1889 1516 1976 1571; x_wconf 85' lang='grc' dir='ltr'>ἴνα</span> 
     </span>
    </p>
   </div>
   <div class='ocr_carea' id='block_1_17' title="bbox 393 1598 1976 1673">
    <p class='ocr_par' dir='ltr' id='par_1_17' title="bbox 393 1598 1976 1673">
     <span class='ocr_line' id='line_1_17' title="bbox 393 1598 1976 1673; baseline -0.01 -15"><span class='ocrx_word' id='word_1_107' title='bbox 393 1605 480 1658; x_wconf 82' lang='grc' dir='ltr'>διά</span> <span class='ocrx_word' id='word_1_108' title='bbox 512 1606 611 1673; x_wconf 85' lang='grc' dir='ltr'>τῆς</span> <span class='ocrx_word' id='word_1_109' title='bbox 661 1601 1105 1671; x_wconf 77' lang='grc' dir='ltr'>ἐγκαταλείψεως</span> <span class='ocrx_word' id='word_1_110' title='bbox 1146 1598 1456 1667; x_wconf 77' lang='grc' dir='ltr'>αἰσθόμενοι</span> <span class='ocrx_word' id='word_1_111' title='bbox 1495 1599 1593 1667; x_wconf 82' lang='grc' dir='ltr'>τὴν</span> <span class='ocrx_word' id='word_1_112' title='bbox 1624 1599 1690 1651; x_wconf 87' lang='grc' dir='ltr'>ἐκ</span> <span class='ocrx_word' id='word_1_113' title='bbox 1731 1599 1834 1667; x_wconf 81' lang='grc' dir='ltr'>τῆς</span> <span class='ocrx_word' id='word_1_114' title='bbox 1882 1618 1976 1669; x_wconf 85' lang='grc' dir='ltr'>με-</span> 
     </span>
    </p>
   </div>
   <div class='ocr_carea' id='block_1_18' title="bbox 389 1680 1971 1755">
    <p class='ocr_par' dir='ltr' id='par_1_18' title="bbox 389 1680 1971 1755">
     <span class='ocr_line' id='line_1_18' title="bbox 389 1680 1971 1755; baseline -0.003 -14"><span class='ocrx_word' id='word_1_115' title='bbox 389 1688 627 1755; x_wconf 80' lang='grc' dir='ltr'>ταϐολῆς</span> <span class='ocrx_word' id='word_1_116' title='bbox 671 1687 978 1750; x_wconf 89' lang='grc' dir='ltr'>ἀλλοίωσιν,</span> <span class='ocrx_word' id='word_1_117' title='bbox 1015 1681 1418 1753; x_wconf 89' lang='grc' dir='ltr'>διορθώσωνται</span> <span class='ocrx_word' id='word_1_118' title='bbox 1449 1680 1481 1749; x_wconf 81' lang='grc' dir='ltr'>ἦ</span> <span class='ocrx_word' id='word_1_119' title='bbox 1517 1681 1615 1749; x_wconf 82' lang='grc' dir='ltr'>τὴν</span> <span class='ocrx_word' id='word_1_120' title='bbox 1642 1682 1903 1751; x_wconf 81' lang='grc' dir='ltr'>πρόθεσιν</span> <span class='ocrx_word' id='word_1_121' title='bbox 1938 1684 1971 1754; x_wconf 81' lang='grc' dir='ltr'>ἢ</span> 
     </span>
    </p>
   </div>
   <div class='ocr_carea' id='block_1_19' title="bbox 392 1762 1973 1842">
    <p class='ocr_par' dir='ltr' id='par_1_19' title="bbox 392 1762 1973 1842">
     <span class='ocr_line' id='line_1_19' title="bbox 392 1762 1973 1842; baseline -0.003 -17"><span class='ocrx_word' id='word_1_122' title='bbox 392 1772 492 1842; x_wconf 77' lang='grc' dir='ltr'>τὴν</span> <span class='ocrx_word' id='word_1_123' title='bbox 526 1770 725 1840; x_wconf 81' lang='grc' dir='ltr'>πρᾶξιν</span> <span class='ocrx_word' id='word_1_124' title='bbox 747 1786 763 1802; x_wconf 74' lang='grc' dir='ltr'><strong>ο</strong></span> <span class='ocrx_word' id='word_1_125' title='bbox 800 1770 929 1823; x_wconf 84' lang='grc' dir='ltr'>ποτὲ</span> <span class='ocrx_word' id='word_1_126' title='bbox 961 1769 1058 1838; x_wconf 81' lang='grc' dir='ltr'>μὲν</span> <span class='ocrx_word' id='word_1_127' title='bbox 1088 1765 1197 1834; x_wconf 81' lang='grc' dir='ltr'>γὰρ</span> <span class='ocrx_word' id='word_1_128' title='bbox 1226 1766 1259 1835; x_wconf 83' lang='grc' dir='ltr'>ἡ</span> <span class='ocrx_word' id='word_1_129' title='bbox 1290 1762 1551 1834; x_wconf 83' lang='grc' dir='ltr'>πρόθεσις</span> <span class='ocrx_word' id='word_1_130' title='bbox 1583 1764 1973 1835; x_wconf 75' lang='grc' dir='ltr'>ἐξαμαρτάνει,</span> 
     </span>
    </p>
   </div>
   <div class='ocr_carea' id='block_1_20' title="bbox 2078 582 3666 665">
    <p class='ocr_par' dir='ltr' id='par_1_20' title="bbox 2078 582 3666 665">
     <span class='ocr_line' id='line_1_20' title="bbox 2078 582 3666 665; baseline 0.011 -32"><span class='ocrx_word' id='word_1_131' title='bbox 2078 582 2331 656; x_wconf 89' lang='grc' dir='ltr'>καθάπερ</span> <span class='ocrx_word' id='word_1_132' title='bbox 2395 586 2539 658; x_wconf 77' lang='grc' dir='ltr'>ὕδωρ</span> <span class='ocrx_word' id='word_1_133' title='bbox 2593 589 2716 653; x_wconf 75' lang='grc' dir='ltr'>ὄζον</span> <span class='ocrx_word' id='word_1_134' title='bbox 2770 593 2828 645; x_wconf 85' lang='grc' dir='ltr'>ἐν</span> <span class='ocrx_word' id='word_1_135' title='bbox 2867 592 3053 664; x_wconf 87' lang='grc' dir='ltr'>λίμνῃ,</span> <span class='ocrx_word' id='word_1_136' title='bbox 3088 594 3162 665; x_wconf 79' lang='grc' dir='ltr'>τῷ</span> <span class='ocrx_word' id='word_1_137' title='bbox 3206 582 3412 665; x_wconf 82' lang='grc' dir='ltr'>μηδένα</span> <span class='ocrx_word' id='word_1_138' title='bbox 3457 582 3666 650; x_wconf 84' lang='grc' dir='ltr'>ἐκεῖθεν</span> 
     </span>
    </p>
   </div>
   <div class='ocr_carea' id='block_1_21' title="bbox 2076 666 3667 748">
    <p class='ocr_par' dir='ltr' id='par_1_21' title="bbox 2076 666 3667 748">
     <span class='ocr_line' id='line_1_21' title="bbox 2076 666 3667 748; baseline 0.011 -32"><span class='ocrx_word' id='word_1_139' title='bbox 2076 666 2251 734; x_wconf 82' lang='grc' dir='ltr'>ἡδέως</span> <span class='ocrx_word' id='word_1_140' title='bbox 2276 669 2578 740; x_wconf 88' lang='grc' dir='ltr'>ἀρύεσθαι,</span> <span class='ocrx_word' id='word_1_141' title='bbox 2606 673 2693 726; x_wconf 88' lang='grc' dir='ltr'>διά</span> <span class='ocrx_word' id='word_1_142' title='bbox 2723 673 2824 744; x_wconf 83' lang='grc' dir='ltr'>τὴν</span> <span class='ocrx_word' id='word_1_143' title='bbox 2855 678 3084 747; x_wconf 88' lang='grc' dir='ltr'>πικρίαν</span> <span class='ocrx_word' id='word_1_144' title='bbox 3110 678 3203 731; x_wconf 88' lang='grc' dir='ltr'>τοῦ</span> <span class='ocrx_word' id='word_1_145' title='bbox 3234 680 3419 748; x_wconf 82' lang='grc' dir='ltr'>ήθους,</span> <span class='ocrx_word' id='word_1_146' title='bbox 3454 681 3548 733; x_wconf 74' lang='grc' dir='ltr'>κοτὶ</span> <span class='ocrx_word' id='word_1_147' title='bbox 3579 681 3667 734; x_wconf 63' lang='grc' dir='ltr'>διὰ</span> 
     </span>
    </p>
   </div>
   <div class='ocr_carea' id='block_1_22' title="bbox 2074 748 3666 829">
    <p class='ocr_par' dir='ltr' id='par_1_22' title="bbox 2074 748 3666 829">
     <span class='ocr_line' id='line_1_22' title="bbox 2074 748 3666 829; baseline 0.009 -28"><span class='ocrx_word' id='word_1_148' title='bbox 2074 748 2175 819; x_wconf 80' lang='grc' dir='ltr'>τήν</span> <span class='ocrx_word' id='word_1_149' title='bbox 2207 751 2384 822; x_wconf 85' lang='grc' dir='ltr'>ὀσμὴν</span> <span class='ocrx_word' id='word_1_150' title='bbox 2412 754 2521 808; x_wconf 87' lang='grc' dir='ltr'>τῶν</span> <span class='ocrx_word' id='word_1_151' title='bbox 2550 756 2878 827; x_wconf 81' lang='grc' dir='ltr'>ἀκαθάρτων</span> <span class='ocrx_word' id='word_1_152' title='bbox 2923 761 3199 829; x_wconf 88' lang='grc' dir='ltr'>πράξεων.</span> <span class='ocrx_word' id='word_1_153' title='bbox 3244 761 3410 815; x_wconf 80' lang='grc' dir='ltr'>Ὅθεν</span> <span class='ocrx_word' id='word_1_154' title='bbox 3436 766 3463 815; x_wconf 98' lang='lat'>6</span> <span class='ocrx_word' id='word_1_155' title='bbox 3505 764 3666 816; x_wconf 76' lang='grc' dir='ltr'>Δαϐἰδ</span> 
     </span>
    </p>
   </div>
   <div class='ocr_carea' id='block_1_23' title="bbox 2077 836 3665 915">
    <p class='ocr_par' dir='ltr' id='par_1_23' title="bbox 2077 836 3665 915">
     <span class='ocr_line' id='line_1_23' title="bbox 2077 836 3665 915; baseline 0.01 -30"><span class='ocrx_word' id='word_1_156' title='bbox 2077 836 2379 904; x_wconf 89' lang='grc' dir='ltr'>παρεκάλει</span> <span class='ocrx_word' id='word_1_157' title='bbox 2409 839 2535 909; x_wconf 89' lang='grc' dir='ltr'>τρία</span> <span class='ocrx_word' id='word_1_158' title='bbox 2568 841 2735 894; x_wconf 88' lang='grc' dir='ltr'>αἰτῶν</span> <span class='ocrx_word' id='word_1_159' title='bbox 2766 843 3083 915; x_wconf 83' lang='grc' dir='ltr'>χαρίσματα</span> <span class='ocrx_word' id='word_1_160' title='bbox 3108 845 3263 915; x_wconf 88' lang='grc' dir='ltr'>παρά</span> <span class='ocrx_word' id='word_1_161' title='bbox 3297 846 3391 899; x_wconf 89' lang='grc' dir='ltr'>τοῦ</span> <span class='ocrx_word' id='word_1_162' title='bbox 3421 846 3558 901; x_wconf 88' lang='grc' dir='ltr'>Θεοῦ</span> <span class='ocrx_word' id='word_1_163' title='bbox 3584 848 3665 901; x_wconf 92' lang='grc' dir='ltr'>δι-</span> 
     </span>
    </p>
   </div>
   <div class='ocr_carea' id='block_1_24' title="bbox 2075 918 3661 997">
    <p class='ocr_par' dir='ltr' id='par_1_24' title="bbox 2075 918 3661 997">
     <span class='ocr_line' id='line_1_24' title="bbox 2075 918 3661 997; baseline 0.011 -29"><span class='ocrx_word' id='word_1_164' title='bbox 2075 918 2369 988; x_wconf 84' lang='grc' dir='ltr'>δαχθῆναι,</span> <span class='ocrx_word' id='word_1_165' title='bbox 2414 924 2798 994; x_wconf 82' lang='grc' dir='ltr'>χρηστότητα,</span> <span class='ocrx_word' id='word_1_166' title='bbox 2846 927 2942 980; x_wconf 82' lang='grc' dir='ltr'>καὶ</span> <span class='ocrx_word' id='word_1_167' title='bbox 2988 928 3273 994; x_wconf 84' lang='grc' dir='ltr'>παιδείαν,</span> <span class='ocrx_word' id='word_1_168' title='bbox 3306 931 3400 982; x_wconf 76' lang='grc' dir='ltr'>καί</span> <span class='ocrx_word' id='word_1_169' title='bbox 3437 930 3661 997; x_wconf 89' lang='grc' dir='ltr'>γνῶσιν.</span> 
     </span>
    </p>
   </div>
   <div class='ocr_carea' id='block_1_25' title="bbox 2080 1000 3666 1083">
    <p class='ocr_par' dir='ltr' id='par_1_25' title="bbox 2080 1000 3666 1083">
     <span class='ocr_line' id='line_1_25' title="bbox 2080 1000 3666 1083; baseline 0.01 -32"><span class='ocrx_word' id='word_1_170' title='bbox 2080 1000 2243 1053; x_wconf 81' lang='grc' dir='ltr'>Ἀνευ</span> <span class='ocrx_word' id='word_1_171' title='bbox 2267 1004 2374 1075; x_wconf 86' lang='grc' dir='ltr'>γὰρ</span> <span class='ocrx_word' id='word_1_172' title='bbox 2396 1006 2764 1078; x_wconf 83' lang='grc' dir='ltr'>χρηστότητος</span> <span class='ocrx_word' id='word_1_173' title='bbox 2784 1010 2986 1077; x_wconf 88' lang='grc' dir='ltr'>γνῶσις</span> <span class='ocrx_word' id='word_1_174' title='bbox 3003 1012 3275 1082; x_wconf 82' lang='grc' dir='ltr'>ἄχρηστος</span> <span class='ocrx_word' id='word_1_175' title='bbox 3296 1031 3309 1043; x_wconf 88' lang='grc'><strong>·</strong></span> <span class='ocrx_word' id='word_1_176' title='bbox 3338 1014 3430 1066; x_wconf 78' lang='grc' dir='ltr'>καὶ</span> <span class='ocrx_word' id='word_1_177' title='bbox 3453 1013 3547 1066; x_wconf 82' lang='grc' dir='ltr'>ἐὰν</span> <span class='ocrx_word' id='word_1_178' title='bbox 3567 1015 3666 1083; x_wconf 87' lang='grc' dir='ltr'>μέν</span> 
     </span>
    </p>
   </div>
   <div class='ocr_carea' id='block_1_26' title="bbox 2075 1084 3667 1167">
    <p class='ocr_par' dir='ltr' id='par_1_26' title="bbox 2075 1084 3667 1167">
     <span class='ocr_line' id='line_1_26' title="bbox 2075 1084 3667 1167; baseline 0.01 -32"><span class='ocrx_word' id='word_1_179' title='bbox 2075 1084 2435 1167; x_wconf 83' lang='grc' dir='ltr'>διορθὼσηται</span> <span class='ocrx_word' id='word_1_180' title='bbox 2457 1092 2484 1142; x_wconf 90' lang='grc' dir='ltr'>ὁ</span> <span class='ocrx_word' id='word_1_181' title='bbox 2505 1090 2767 1155; x_wconf 86' lang='grc' dir='ltr'>τοιοῦτος,</span> <span class='ocrx_word' id='word_1_182' title='bbox 2790 1094 2889 1163; x_wconf 84' lang='grc' dir='ltr'>τὴν</span> <span class='ocrx_word' id='word_1_183' title='bbox 2912 1095 3093 1148; x_wconf 78' lang='grc' dir='ltr'>αἰτίαν</span> <span class='ocrx_word' id='word_1_184' title='bbox 3110 1097 3207 1166; x_wconf 83' lang='grc' dir='ltr'>τῆς</span> <span class='ocrx_word' id='word_1_185' title='bbox 3225 1097 3667 1167; x_wconf 78' lang='grc' dir='ltr'>ἐγκαταλείψεως</span> 
     </span>
    </p>
   </div>
   <div class='ocr_carea' id='block_1_27' title="bbox 2075 1166 3667 1253">
    <p class='ocr_par' dir='ltr' id='par_1_27' title="bbox 2075 1166 3667 1253">
     <span class='ocr_line' id='line_1_27' title="bbox 2075 1166 3667 1253; baseline 0.008 -34"><span class='ocrx_word' id='word_1_186' title='bbox 2075 1166 2437 1253; x_wconf 83' lang='grc' dir='ltr'>ἀποθέμενος,</span> <span class='ocrx_word' id='word_1_187' title='bbox 2464 1174 2715 1227; x_wconf 81' lang='grc' dir='ltr'>τουτέστι</span> <span class='ocrx_word' id='word_1_188' title='bbox 2739 1176 2831 1228; x_wconf 90' lang='grc' dir='ltr'>τὸν</span> <span class='ocrx_word' id='word_1_189' title='bbox 2856 1175 3046 1247; x_wconf 87' lang='grc' dir='ltr'>τύφον,</span> <span class='ocrx_word' id='word_1_190' title='bbox 3078 1181 3171 1232; x_wconf 79' lang='grc' dir='ltr'>καὶ</span> <span class='ocrx_word' id='word_1_191' title='bbox 3202 1180 3447 1253; x_wconf 87' lang='grc' dir='ltr'>ἀναλάϐῃ</span> <span class='ocrx_word' id='word_1_192' title='bbox 3474 1166 3667 1233; x_wconf 85' lang='grc' dir='ltr'>ταπει-</span> 
     </span>
    </p>
   </div>
   <div class='ocr_carea' id='block_1_28' title="bbox 2076 1252 3665 1335">
    <p class='ocr_par' dir='ltr' id='par_1_28' title="bbox 2076 1252 3665 1335">
     <span class='ocr_line' id='line_1_28' title="bbox 2076 1252 3665 1335; baseline 0.009 -33"><span class='ocrx_word' id='word_1_193' title='bbox 2076 1252 2456 1323; x_wconf 86' lang='grc' dir='ltr'>νοφροσύνην,</span> <span class='ocrx_word' id='word_1_194' title='bbox 2495 1258 2592 1310; x_wconf 71' lang='grc' dir='ltr'>καί⁸</span> <span class='ocrx_word' id='word_1_195' title='bbox 2640 1259 2848 1329; x_wconf 78' lang='grc' dir='ltr'>ἐπιγνῷ</span> <span class='ocrx_word' id='word_1_196' title='bbox 2901 1260 3095 1314; x_wconf 89' lang='grc' dir='ltr'>ἐαυτοῦ</span> <span class='ocrx_word' id='word_1_197' title='bbox 3154 1264 3223 1315; x_wconf 83' lang='grc' dir='ltr'>τὰ</span> <span class='ocrx_word' id='word_1_198' title='bbox 3277 1265 3485 1333; x_wconf 83' lang='grc' dir='ltr'>μέτρα,</span> <span class='ocrx_word' id='word_1_199' title='bbox 3525 1265 3665 1335; x_wconf 88' lang='grc' dir='ltr'>μήτε</span> 
     </span>
    </p>
   </div>
   <div class='ocr_carea' id='block_1_29' title="bbox 2076 1336 3662 1416">
    <p class='ocr_par' dir='ltr' id='par_1_29' title="bbox 2076 1336 3662 1416">
     <span class='ocr_line' id='line_1_29' title="bbox 2076 1336 3662 1416; baseline 0.007 -28"><span class='ocrx_word' id='word_1_200' title='bbox 2076 1336 2221 1389; x_wconf 84' lang='grc' dir='ltr'>κατά</span> <span class='ocrx_word' id='word_1_201' title='bbox 2252 1353 2397 1400; x_wconf 89' lang='grc' dir='ltr'>τινος</span> <span class='ocrx_word' id='word_1_202' title='bbox 2424 1340 2807 1410; x_wconf 88' lang='grc' dir='ltr'>ἐπαιρόμενος,</span> <span class='ocrx_word' id='word_1_203' title='bbox 2843 1342 2981 1397; x_wconf 87' lang='grc' dir='ltr'>ἀλλά</span> <span class='ocrx_word' id='word_1_204' title='bbox 3016 1345 3112 1397; x_wconf 74' lang='grc' dir='ltr'>καὶ</span> <span class='ocrx_word' id='word_1_205' title='bbox 3149 1345 3267 1412; x_wconf 88' lang='grc' dir='ltr'>Θεῷ</span> <span class='ocrx_word' id='word_1_206' title='bbox 3295 1347 3662 1416; x_wconf 82' lang='grc' dir='ltr'>εὐχαριστῶν,</span> 
     </span>
    </p>
   </div>
   <div class='ocr_carea' id='block_1_30' title="bbox 2078 1421 3665 1500">
    <p class='ocr_par' dir='ltr' id='par_1_30' title="bbox 2078 1421 3665 1500">
     <span class='ocr_line' id='line_1_30' title="bbox 2078 1421 3665 1500; baseline 0.006 -28"><span class='ocrx_word' id='word_1_207' title='bbox 2078 1421 2441 1489; x_wconf 77' lang='grc' dir='ltr'>ἐπανέρχεται</span> <span class='ocrx_word' id='word_1_208' title='bbox 2462 1423 2626 1475; x_wconf 90' lang='grc' dir='ltr'>πάλιν</span> <span class='ocrx_word' id='word_1_209' title='bbox 2653 1426 2733 1486; x_wconf 88' lang='grc' dir='ltr'>εἰς</span> <span class='ocrx_word' id='word_1_210' title='bbox 2754 1425 2917 1479; x_wconf 82' lang='grc' dir='ltr'>αὑτὸν</span> <span class='ocrx_word' id='word_1_211' title='bbox 2943 1428 3297 1500; x_wconf 87' lang='grc' dir='ltr'>ἐμμάρτυρος</span> <span class='ocrx_word' id='word_1_212' title='bbox 3321 1430 3543 1495; x_wconf 90' lang='grc' dir='ltr'>γνῶσις.</span> <span class='ocrx_word' id='word_1_213' title='bbox 3566 1430 3665 1481; x_wconf 83' lang='grc' dir='ltr'>Λό-</span> 
     </span>
    </p>
   </div>
   <div class='ocr_carea' id='block_1_31' title="bbox 2079 1505 3664 1582">
    <p class='ocr_par' dir='ltr' id='par_1_31' title="bbox 2079 1505 3664 1582">
     <span class='ocr_line' id='line_1_31' title="bbox 2079 1505 3664 1582; baseline 0.017 -38"><span class='ocrx_word' id='word_1_214' title='bbox 2079 1521 2167 1573; x_wconf 76' lang='grc' dir='ltr'>γοι</span> <span class='ocrx_word' id='word_1_215' title='bbox 2201 1505 2310 1575; x_wconf 77' lang='grc' dir='ltr'>γὰρ</span> <span class='ocrx_word' id='word_1_216' title='bbox 2343 1508 2705 1575; x_wconf 86' lang='grc' dir='ltr'>πνευματικοί</span> <span class='ocrx_word' id='word_1_217' title='bbox 2753 1509 2869 1577; x_wconf 83' lang='grc' dir='ltr'>βίον</span> <span class='ocrx_word' id='word_1_218' title='bbox 2900 1512 3097 1579; x_wconf 90' lang='grc' dir='ltr'>σεμνὸν</span> <span class='ocrx_word' id='word_1_219' title='bbox 3146 1512 3241 1566; x_wconf 74' lang='grc' dir='ltr'>καὶ</span> <span class='ocrx_word' id='word_1_220' title='bbox 3283 1514 3537 1582; x_wconf 86' lang='grc' dir='ltr'>σώφρονα</span> <span class='ocrx_word' id='word_1_221' title='bbox 3586 1512 3664 1581; x_wconf 80' lang='grc' dir='ltr'>μὴ</span> 
     </span>
    </p>
   </div>
   <div class='ocr_carea' id='block_1_32' title="bbox 2076 1590 3665 1666">
    <p class='ocr_par' dir='ltr' id='par_1_32' title="bbox 2076 1590 3665 1666">
     <span class='ocr_line' id='line_1_32' title="bbox 2076 1590 3665 1666; baseline 0.006 -25"><span class='ocrx_word' id='word_1_222' title='bbox 2076 1590 2290 1659; x_wconf 74' lang='grc' dir='ltr'>ἔχοντες</span> <span class='ocrx_word' id='word_1_223' title='bbox 2322 1590 2753 1654; x_wconf 72' lang='grc' dir='ltr'>συνιππάζοντα,</span> <span class='ocrx_word' id='word_1_224' title='bbox 2783 1594 3013 1663; x_wconf 83' lang='grc' dir='ltr'>στάχυές</span> <span class='ocrx_word' id='word_1_225' title='bbox 3039 1596 3176 1648; x_wconf 89' lang='grc' dir='ltr'>εἰσιν</span> <span class='ocrx_word' id='word_1_226' title='bbox 3197 1596 3578 1666; x_wconf 88' lang='grc' dir='ltr'>ἀνεμόφθοροι,</span> <span class='ocrx_word' id='word_1_227' title='bbox 3603 1599 3665 1649; x_wconf 85' lang='grc' dir='ltr'>τὸ</span> 
     </span>
    </p>
   </div>
   <div class='ocr_carea' id='block_1_33' title="bbox 2078 1672 3663 1749">
    <p class='ocr_par' dir='ltr' id='par_1_33' title="bbox 2078 1672 3663 1749">
     <span class='ocr_line' id='line_1_33' title="bbox 2078 1672 3663 1749; baseline 0.006 -26"><span class='ocrx_word' id='word_1_228' title='bbox 2078 1672 2179 1743; x_wconf 82' lang='grc' dir='ltr'>μὲν</span> <span class='ocrx_word' id='word_1_229' title='bbox 2208 1674 2393 1742; x_wconf 81' lang='grc' dir='ltr'>σχῆμα</span> <span class='ocrx_word' id='word_1_230' title='bbox 2420 1672 2673 1744; x_wconf 83' lang='grc' dir='ltr'>σταχύων</span> <span class='ocrx_word' id='word_1_231' title='bbox 2702 1675 2943 1745; x_wconf 78' lang='grc' dir='ltr'>ἔχοντες,</span> <span class='ocrx_word' id='word_1_232' title='bbox 2972 1678 3033 1730; x_wconf 86' lang='grc' dir='ltr'>τὸ</span> <span class='ocrx_word' id='word_1_233' title='bbox 3052 1679 3106 1731; x_wconf 82' lang='grc' dir='ltr'>δὲ</span> <span class='ocrx_word' id='word_1_234' title='bbox 3140 1680 3404 1749; x_wconf 82' lang='grc' dir='ltr'>τρόφιμον</span> <span class='ocrx_word' id='word_1_235' title='bbox 3432 1680 3533 1746; x_wconf 84' lang='grc' dir='ltr'>τῆς</span> <span class='ocrx_word' id='word_1_236' title='bbox 3555 1683 3663 1749; x_wconf 85' lang='grc' dir='ltr'>Δη-</span> 
     </span>
    </p>
   </div>
   <div class='ocr_carea' id='block_1_34' title="bbox 2081 1758 3665 1833">
    <p class='ocr_par' dir='ltr' id='par_1_34' title="bbox 2081 1758 3665 1833">
     <span class='ocr_line' id='line_1_34' title="bbox 2081 1758 3665 1833; baseline 0.004 -25"><span class='ocrx_word' id='word_1_237' title='bbox 2081 1758 2298 1827; x_wconf 88' lang='grc' dir='ltr'>μήτρας</span> <span class='ocrx_word' id='word_1_238' title='bbox 2332 1758 2761 1822; x_wconf 88' lang='grc' dir='ltr'>ὑποκλαπέντες.</span> <span class='ocrx_word' id='word_1_239' title='bbox 2797 1761 2955 1814; x_wconf 84' lang='grc' dir='ltr'>Πᾶσα</span> <span class='ocrx_word' id='word_1_240' title='bbox 2984 1760 3077 1814; x_wconf 79' lang='grc' dir='ltr'>οὖν</span> <span class='ocrx_word' id='word_1_241' title='bbox 3104 1763 3343 1826; x_wconf 87' lang='grc' dir='ltr'>πτῶσις,</span> <span class='ocrx_word' id='word_1_242' title='bbox 3374 1764 3483 1816; x_wconf 79' lang='grc' dir='ltr'>εἴτε</span> <span class='ocrx_word' id='word_1_243' title='bbox 3516 1766 3548 1833; x_wconf 85' lang='grc' dir='ltr'>ή</span> <span class='ocrx_word' id='word_1_244' title='bbox 3575 1763 3665 1815; x_wconf 70' lang='grc' dir='ltr'>διὰ</span> 
     </span>
    </p>
   </div>
   <div class='ocr_carea' id='block_1_35' title="bbox 394 1837 3661 1925">
    <p class='ocr_par' dir='ltr' id='par_1_35' title="bbox 394 1837 3661 1925">
     <span class='ocr_line' id='line_1_35' title="bbox 394 1837 3661 1925; baseline 0.005 -42"><span class='ocrx_word' id='word_1_245' title='bbox 394 1837 525 1909; x_wconf 52' lang='grc' dir='ltr'>πότὲ</span> <span class='ocrx_word' id='word_1_246' title='bbox 554 1837 610 1909; x_wconf 59' lang='grc' dir='ltr'>δὲ</span> <span class='ocrx_word' id='word_1_247' title='bbox 635 1857 669 1925; x_wconf 65' lang='grc' dir='ltr'>ἡ</span> <span class='ocrx_word' id='word_1_248' title='bbox 700 1855 899 1925; x_wconf 66' lang='grc' dir='ltr'>πρᾶξις</span> <span class='ocrx_word' id='word_1_249' title='bbox 924 1869 939 1883; x_wconf 95' lang='grc'>.</span> <span class='ocrx_word' id='word_1_250' title='bbox 965 1837 1109 1904; x_wconf 52' lang='grc' dir='ltr'>ὃταν</span> <span class='ocrx_word' id='word_1_251' title='bbox 1134 1850 1519 1919; x_wconf 75' lang='grc' dir='ltr'>διεφθαρμένῳ</span> <span class='ocrx_word' id='word_1_252' title='bbox 1549 1850 1758 1920; x_wconf 63' lang='grc' dir='ltr'>σκοπῷ,</span> <span class='ocrx_word' id='word_1_253' title='bbox 1783 1851 1816 1921; x_wconf 76' lang='grc' dir='ltr'>ἦ</span> <span class='ocrx_word' id='word_1_254' title='bbox 1850 1854 1972 1906; x_wconf 72' lang='grc' dir='ltr'>καθ’</span> <span class='ocrx_word' id='word_1_255' title='bbox 2006 1838 2050 1891; x_wconf 87' lang='grc' dir='ltr'><strong>Β</strong></span> <span class='ocrx_word' id='word_1_256' title='bbox 2078 1837 2353 1925; x_wconf 82' lang='grc' dir='ltr'>γλώσσης,</span> <span class='ocrx_word' id='word_1_257' title='bbox 2381 1842 2491 1894; x_wconf 75' lang='grc' dir='ltr'>εἴτε</span> <span class='ocrx_word' id='word_1_258' title='bbox 2519 1844 2553 1911; x_wconf 85' lang='grc' dir='ltr'>ή</span> <span class='ocrx_word' id='word_1_259' title='bbox 2583 1842 2651 1895; x_wconf 89' lang='grc' dir='ltr'>δι’</span> <span class='ocrx_word' id='word_1_260' title='bbox 2681 1842 3005 1913; x_wconf 80' lang='grc' dir='ltr'>ὀράσεως,ἠ</span> <span class='ocrx_word' id='word_1_261' title='bbox 3039 1846 3228 1916; x_wconf 80' lang='grc' dir='ltr'>ἀκοῆς,</span> <span class='ocrx_word' id='word_1_262' title='bbox 3261 1845 3294 1916; x_wconf 81' lang='grc' dir='ltr'>ἢ</span> <span class='ocrx_word' id='word_1_263' title='bbox 3320 1847 3661 1917; x_wconf 86' lang='grc' dir='ltr'>ὀσφρήσεως,</span> 
     </span>
    </p>
   </div>
   <div class='ocr_carea' id='block_1_36' title="bbox 391 1936 1975 2012">
    <p class='ocr_par' dir='ltr' id='par_1_36' title="bbox 391 1936 1975 2012">
     <span class='ocr_line' id='line_1_36' title="bbox 391 1936 1975 2012; baseline -0.003 -16"><span class='ocrx_word' id='word_1_264' title='bbox 391 1945 451 1997; x_wconf 79' lang='grc' dir='ltr'>ὃν</span> <span class='ocrx_word' id='word_1_265' title='bbox 489 1945 569 1996; x_wconf 86' lang='grc' dir='ltr'>δεῖ</span> <span class='ocrx_word' id='word_1_266' title='bbox 604 1943 803 2012; x_wconf 90' lang='grc' dir='ltr'>τρόπον</span> <span class='ocrx_word' id='word_1_267' title='bbox 856 1939 930 2010; x_wconf 84' lang='grc' dir='ltr'>μὴ</span> <span class='ocrx_word' id='word_1_268' title='bbox 959 1938 1185 2005; x_wconf 88' lang='grc' dir='ltr'>γένηται</span> <span class='ocrx_word' id='word_1_269' title='bbox 1208 1952 1221 1966; x_wconf 81' lang='grc'><strong>⁸</strong></span> <span class='ocrx_word' id='word_1_270' title='bbox 1265 1938 1403 2006; x_wconf 85' lang='grc' dir='ltr'>ὅπερ</span> <span class='ocrx_word' id='word_1_271' title='bbox 1439 1936 1726 2004; x_wconf 89' lang='grc' dir='ltr'>συμϐαίνει</span> <span class='ocrx_word' id='word_1_272' title='bbox 1774 1939 1975 1993; x_wconf 88' lang='grc' dir='ltr'>πολλά-</span> 
     </span>
    </p>
   </div>
   <div class='ocr_carea' id='block_1_37' title="bbox 393 2020 1976 2091">
    <p class='ocr_par' dir='ltr' id='par_1_37' title="bbox 393 2020 1976 2091">
     <span class='ocr_line' id='line_1_37' title="bbox 393 2020 1976 2091; baseline 0 -14"><span class='ocrx_word' id='word_1_273' title='bbox 393 2045 500 2091; x_wconf 85' lang='grc' dir='ltr'>κις,</span> <span class='ocrx_word' id='word_1_274' title='bbox 533 2028 624 2079; x_wconf 68' lang='grc' dir='ltr'>καὶ</span> <span class='ocrx_word' id='word_1_275' title='bbox 665 2028 756 2079; x_wconf 85' lang='grc' dir='ltr'>τὸν</span> <span class='ocrx_word' id='word_1_276' title='bbox 791 2025 1112 2087; x_wconf 84' lang='grc' dir='ltr'>ἀκόλαστον,</span> <span class='ocrx_word' id='word_1_277' title='bbox 1159 2020 1542 2090; x_wconf 83' lang='grc' dir='ltr'>διεφθαρμένῳ</span> <span class='ocrx_word' id='word_1_278' title='bbox 1570 2020 1758 2091; x_wconf 85' lang='grc' dir='ltr'>σκοπῷ</span> <span class='ocrx_word' id='word_1_279' title='bbox 1800 2025 1976 2077; x_wconf 84' lang='grc' dir='ltr'>ποιεῖν</span> 
     </span>
    </p>
   </div>
   <div class='ocr_carea' id='block_1_38' title="bbox 390 2106 1973 2181">
    <p class='ocr_par' dir='ltr' id='par_1_38' title="bbox 390 2106 1973 2181">
     <span class='ocr_line' id='line_1_38' title="bbox 390 2106 1973 2181; baseline -0.003 -15"><span class='ocrx_word' id='word_1_280' title='bbox 390 2114 492 2177; x_wconf 71' lang='grc' dir='ltr'>τὴν</span> <span class='ocrx_word' id='word_1_281' title='bbox 538 2111 911 2181; x_wconf 79' lang='grc' dir='ltr'>ἐλεημοσύνην</span> <span class='ocrx_word' id='word_1_282' title='bbox 963 2109 1055 2161; x_wconf 76' lang='grc' dir='ltr'>ἐπὶ</span> <span class='ocrx_word' id='word_1_283' title='bbox 1088 2108 1361 2175; x_wconf 89' lang='grc' dir='ltr'>νεωτέρας</span> <span class='ocrx_word' id='word_1_284' title='bbox 1404 2106 1494 2159; x_wconf 89' lang='grc' dir='ltr'>διά</span> <span class='ocrx_word' id='word_1_285' title='bbox 1539 2107 1694 2168; x_wconf 80' lang='grc' dir='ltr'>τέλος</span> <span class='ocrx_word' id='word_1_286' title='bbox 1728 2109 1973 2179; x_wconf 87' lang='grc' dir='ltr'>αἰσχρόν.</span> 
     </span>
    </p>
   </div>
   <div class='ocr_carea' id='block_1_39' title="bbox 396 2187 1977 2262">
    <p class='ocr_par' dir='ltr' id='par_1_39' title="bbox 396 2187 1977 2262">
     <span class='ocr_line' id='line_1_39' title="bbox 396 2187 1977 2262; baseline 0 -19"><span class='ocrx_word' id='word_1_287' title='bbox 396 2193 602 2262; x_wconf 77' lang='grc' dir='ltr'>Ιῐρᾶξιν</span> <span class='ocrx_word' id='word_1_288' title='bbox 653 2192 709 2243; x_wconf 85' lang='grc' dir='ltr'>δέ</span> <span class='ocrx_word' id='word_1_289' title='bbox 756 2189 1013 2256; x_wconf 82' lang='grc' dir='ltr'>εὑλογον,</span> <span class='ocrx_word' id='word_1_290' title='bbox 1070 2188 1130 2241; x_wconf 94' lang='grc' dir='ltr'>τὸ</span> <span class='ocrx_word' id='word_1_291' title='bbox 1177 2187 1253 2249; x_wconf 87' lang='grc' dir='ltr'>ώς</span> <span class='ocrx_word' id='word_1_292' title='bbox 1298 2188 1509 2257; x_wconf 84' lang='grc' dir='ltr'>ὀρφανῇ</span> <span class='ocrx_word' id='word_1_293' title='bbox 1561 2188 1655 2239; x_wconf 77' lang='grc' dir='ltr'>καὶ</span> <span class='ocrx_word' id='word_1_294' title='bbox 1701 2188 1837 2259; x_wconf 89' lang='grc' dir='ltr'>μόνῃ</span> <span class='ocrx_word' id='word_1_295' title='bbox 1881 2189 1977 2243; x_wconf 79' lang='grc' dir='ltr'>καὶ</span> 
     </span>
    </p>
   </div>
   <div class='ocr_carea' id='block_1_40' title="bbox 395 2269 1976 2342">
    <p class='ocr_par' dir='ltr' id='par_1_40' title="bbox 395 2269 1976 2342">
     <span class='ocr_line' id='line_1_40' title="bbox 395 2269 1976 2342; baseline -0.001 -16"><span class='ocrx_word' id='word_1_296' title='bbox 395 2274 711 2342; x_wconf 86' lang='grc' dir='ltr'>ἀσκουμένῃ</span> <span class='ocrx_word' id='word_1_297' title='bbox 763 2273 960 2323; x_wconf 89' lang='grc' dir='ltr'>διδόναι</span> <span class='ocrx_word' id='word_1_298' title='bbox 1013 2269 1357 2337; x_wconf 86' lang='grc' dir='ltr'>ἐπικουρίαν.</span> <span class='ocrx_word' id='word_1_299' title='bbox 1421 2269 1717 2338; x_wconf 87' lang='grc' dir='ltr'>Συμϐαίνει</span> <span class='ocrx_word' id='word_1_300' title='bbox 1776 2270 1833 2323; x_wconf 87' lang='grc' dir='ltr'>δὲ</span> <span class='ocrx_word' id='word_1_301' title='bbox 1881 2275 1976 2325; x_wconf 77' lang='grc' dir='ltr'>καὶ</span> 
     </span>
    </p>
   </div>
   <div class='ocr_carea' id='block_1_41' title="bbox 397 2351 1973 2423">
    <p class='ocr_par' dir='ltr' id='par_1_41' title="bbox 397 2351 1973 2423">
     <span class='ocr_line' id='line_1_41' title="bbox 397 2351 1973 2423; baseline -0.001 -16"><span class='ocrx_word' id='word_1_302' title='bbox 397 2354 585 2423; x_wconf 84' lang='grc' dir='ltr'>σκοπῷ</span> <span class='ocrx_word' id='word_1_303' title='bbox 627 2353 772 2423; x_wconf 82' lang='grc' dir='ltr'>ὀρθῷ</span> <span class='ocrx_word' id='word_1_304' title='bbox 802 2355 973 2404; x_wconf 90' lang='grc' dir='ltr'>ποιεῖν</span> <span class='ocrx_word' id='word_1_305' title='bbox 1017 2353 1114 2420; x_wconf 84' lang='grc' dir='ltr'>μὲν</span> <span class='ocrx_word' id='word_1_306' title='bbox 1142 2351 1513 2419; x_wconf 79' lang='grc' dir='ltr'>ἐλεημοσύνην</span> <span class='ocrx_word' id='word_1_307' title='bbox 1552 2354 1631 2415; x_wconf 91' lang='grc' dir='ltr'>εἰς</span> <span class='ocrx_word' id='word_1_308' title='bbox 1661 2352 1973 2419; x_wconf 85' lang='grc' dir='ltr'>νοσοῦντας,</span> 
     </span>
    </p>
   </div>
   <div class='ocr_carea' id='block_1_42' title="bbox 394 2432 1977 2510">
    <p class='ocr_par' dir='ltr' id='par_1_42' title="bbox 394 2432 1977 2510">
     <span class='ocr_line' id='line_1_42' title="bbox 394 2432 1977 2510; baseline -0.002 -19"><span class='ocrx_word' id='word_1_309' title='bbox 394 2440 429 2510; x_wconf 81' lang='grc' dir='ltr'>ἦ</span> <span class='ocrx_word' id='word_1_310' title='bbox 464 2436 871 2507; x_wconf 87' lang='grc' dir='ltr'>γεγηρακότας,</span> <span class='ocrx_word' id='word_1_311' title='bbox 904 2434 938 2505; x_wconf 80' lang='grc' dir='ltr'>ἢ</span> <span class='ocrx_word' id='word_1_312' title='bbox 972 2432 1397 2495; x_wconf 86' lang='grc' dir='ltr'>ἐκπεπτωκότας</span> <span class='ocrx_word' id='word_1_313' title='bbox 1431 2433 1540 2486; x_wconf 87' lang='grc' dir='ltr'>ἀπὸ</span> <span class='ocrx_word' id='word_1_314' title='bbox 1564 2433 1793 2486; x_wconf 90' lang='grc' dir='ltr'>πλούτου</span> <span class='ocrx_word' id='word_1_315' title='bbox 1819 2453 1832 2465; x_wconf 75' lang='grc' dir='ltr'><strong><em>ο</em></strong></span> <span class='ocrx_word' id='word_1_316' title='bbox 1860 2454 1977 2503; x_wconf 77' lang='grc' dir='ltr'>φει-</span> 
     </span>
    </p>
   </div>
   <div class='ocr_carea' id='block_1_43' title="bbox 396 2512 1977 2588">
    <p class='ocr_par' dir='ltr' id='par_1_43' title="bbox 396 2512 1977 2588">
     <span class='ocr_line' id='line_1_43' title="bbox 396 2512 1977 2588; baseline -0.001 -14"><span class='ocrx_word' id='word_1_317' title='bbox 396 2521 577 2574; x_wconf 59' lang='grc' dir='ltr'>δωλῶς</span> <span class='ocrx_word' id='word_1_318' title='bbox 610 2520 664 2571; x_wconf 83' lang='grc' dir='ltr'>δὲ</span> <span class='ocrx_word' id='word_1_319' title='bbox 687 2560 700 2579; x_wconf 85' lang='grc'>,</span> <span class='ocrx_word' id='word_1_320' title='bbox 737 2517 830 2571; x_wconf 77' lang='grc' dir='ltr'>καί</span> <span class='ocrx_word' id='word_1_321' title='bbox 888 2516 1027 2585; x_wconf 86' lang='grc' dir='ltr'>μετά</span> <span class='ocrx_word' id='word_1_322' title='bbox 1055 2514 1397 2584; x_wconf 84' lang='grc' dir='ltr'>γογγυσμοῦ,</span> <span class='ocrx_word' id='word_1_323' title='bbox 1430 2516 1525 2569; x_wconf 80' lang='grc' dir='ltr'>καὶ</span> <span class='ocrx_word' id='word_1_324' title='bbox 1565 2512 1705 2569; x_wconf 86' lang='grc' dir='ltr'>εἶναι</span> <span class='ocrx_word' id='word_1_325' title='bbox 1740 2518 1830 2569; x_wconf 91' lang='grc' dir='ltr'>τὸν</span> <span class='ocrx_word' id='word_1_326' title='bbox 1877 2520 1977 2588; x_wconf 84' lang='grc' dir='ltr'>μὲν</span> 
     </span>
    </p>
   </div>
   <div class='ocr_carea' id='block_1_44' title="bbox 398 2597 1973 2671">
    <p class='ocr_par' dir='ltr' id='par_1_44' title="bbox 398 2597 1973 2671">
     <span class='ocr_line' id='line_1_44' title="bbox 398 2597 1973 2671; baseline 0.001 -15"><span class='ocrx_word' id='word_1_327' title='bbox 398 2604 602 2657; x_wconf 88' lang='grc' dir='ltr'>σκοπὸν</span> <span class='ocrx_word' id='word_1_328' title='bbox 630 2601 811 2671; x_wconf 85' lang='grc' dir='ltr'>ὀρθὸν,</span> <span class='ocrx_word' id='word_1_329' title='bbox 842 2599 941 2670; x_wconf 78' lang='grc' dir='ltr'>τὴν</span> <span class='ocrx_word' id='word_1_330' title='bbox 990 2599 1047 2651; x_wconf 87' lang='grc' dir='ltr'>δὲ</span> <span class='ocrx_word' id='word_1_331' title='bbox 1091 2598 1291 2667; x_wconf 82' lang='grc' dir='ltr'>πρᾶξιν</span> <span class='ocrx_word' id='word_1_332' title='bbox 1341 2597 1435 2650; x_wconf 88' lang='grc' dir='ltr'>τοῦ</span> <span class='ocrx_word' id='word_1_333' title='bbox 1468 2598 1672 2651; x_wconf 85' lang='grc' dir='ltr'>σκοποῦ</span> <span class='ocrx_word' id='word_1_334' title='bbox 1727 2601 1973 2666; x_wconf 79' lang='grc' dir='ltr'>ἀναξίαν.</span> 
     </span>
    </p>
   </div>
   <div class='ocr_carea' id='block_1_45' title="bbox 398 2681 1975 2752">
    <p class='ocr_par' dir='ltr' id='par_1_45' title="bbox 398 2681 1975 2752">
     <span class='ocr_line' id='line_1_45' title="bbox 398 2681 1975 2752; baseline 0 -15"><span class='ocrx_word' id='word_1_335' title='bbox 398 2690 490 2739; x_wconf 87' lang='grc' dir='ltr'>Δεῖ</span> <span class='ocrx_word' id='word_1_336' title='bbox 520 2686 627 2752; x_wconf 77' lang='grc' dir='ltr'>γὰρ</span> <span class='ocrx_word' id='word_1_337' title='bbox 660 2685 750 2736; x_wconf 90' lang='grc' dir='ltr'>τὸν</span> <span class='ocrx_word' id='word_1_338' title='bbox 801 2683 1072 2750; x_wconf 88' lang='grc' dir='ltr'>ἐλεήμονα</span> <span class='ocrx_word' id='word_1_339' title='bbox 1118 2683 1176 2734; x_wconf 89' lang='grc' dir='ltr'>ἐν</span> <span class='ocrx_word' id='word_1_340' title='bbox 1230 2681 1507 2751; x_wconf 79' lang='grc' dir='ltr'>ἱλαρότητι</span> <span class='ocrx_word' id='word_1_341' title='bbox 1534 2682 1739 2749; x_wconf 82' lang='grc' dir='ltr'>ἐλεεῖν,</span> <span class='ocrx_word' id='word_1_342' title='bbox 1784 2684 1877 2736; x_wconf 76' lang='grc' dir='ltr'>καὶ</span> <span class='ocrx_word' id='word_1_343' title='bbox 1917 2687 1975 2738; x_wconf 92' lang='grc' dir='ltr'>ἐν</span> 
     </span>
    </p>
   </div>
   <div class='ocr_carea' id='block_1_46' title="bbox 404 2764 1975 2841">
    <p class='ocr_par' dir='ltr' id='par_1_46' title="bbox 404 2764 1975 2841">
     <span class='ocr_line' id='line_1_46' title="bbox 404 2764 1975 2841; baseline -0.003 -18"><span class='ocrx_word' id='word_1_344' title='bbox 404 2770 643 2841; x_wconf 81' lang='grc' dir='ltr'>ἀφειδίᾳ.</span> <span class='ocrx_word' id='word_1_345' title='bbox 675 2768 900 2835; x_wconf 87' lang='grc' dir='ltr'>Ἔλεγον</span> <span class='ocrx_word' id='word_1_346' title='bbox 928 2767 984 2819; x_wconf 85' lang='grc' dir='ltr'>δὲ</span> <span class='ocrx_word' id='word_1_347' title='bbox 1008 2766 1103 2819; x_wconf 75' lang='grc' dir='ltr'>καὶ</span> <span class='ocrx_word' id='word_1_348' title='bbox 1127 2764 1285 2818; x_wconf 82' lang='grc' dir='ltr'>τοῦτο</span> <span class='ocrx_word' id='word_1_349' title='bbox 1311 2766 1361 2817; x_wconf 90' lang='grc' dir='ltr'>οί</span> <span class='ocrx_word' id='word_1_350' title='bbox 1389 2765 1558 2833; x_wconf 79' lang='grc' dir='ltr'>ἅγιοι,</span> <span class='ocrx_word' id='word_1_351' title='bbox 1590 2767 1673 2819; x_wconf 88' lang='grc' dir='ltr'>δτι</span> <span class='ocrx_word' id='word_1_352' title='bbox 1703 2767 1975 2838; x_wconf 86' lang='grc' dir='ltr'>Προτερή-</span> 
     </span>
    </p>
   </div>
   <div class='ocr_carea' id='block_1_47' title="bbox 400 2850 1975 2924">
    <p class='ocr_par' dir='ltr' id='par_1_47' title="bbox 400 2850 1975 2924">
     <span class='ocr_line' id='line_1_47' title="bbox 400 2850 1975 2924; baseline -0.001 -17"><span class='ocrx_word' id='word_1_353' title='bbox 400 2856 547 2924; x_wconf 80' lang='grc' dir='ltr'>ματά</span> <span class='ocrx_word' id='word_1_354' title='bbox 591 2855 729 2907; x_wconf 89' lang='grc' dir='ltr'>εἰσιν</span> <span class='ocrx_word' id='word_1_355' title='bbox 767 2855 827 2907; x_wconf 89' lang='grc' dir='ltr'>ἐν</span> <span class='ocrx_word' id='word_1_356' title='bbox 868 2851 1089 2913; x_wconf 85' lang='grc' dir='ltr'>πολλαῖς</span> <span class='ocrx_word' id='word_1_357' title='bbox 1115 2850 1351 2919; x_wconf 78' lang='grc' dir='ltr'>ψυχαῖς·</span> <span class='ocrx_word' id='word_1_358' title='bbox 1396 2852 1454 2903; x_wconf 89' lang='grc' dir='ltr'>ἐν</span> <span class='ocrx_word' id='word_1_359' title='bbox 1477 2851 1598 2913; x_wconf 91' lang='grc' dir='ltr'>ταῖς</span> <span class='ocrx_word' id='word_1_360' title='bbox 1623 2850 1743 2919; x_wconf 84' lang='grc' dir='ltr'>μὲν,</span> <span class='ocrx_word' id='word_1_361' title='bbox 1777 2852 1975 2918; x_wconf 82' lang='grc' dir='ltr'>εὐφυΐα</span> 
     </span>
    </p>
   </div>
   <div class='ocr_carea' id='block_1_48' title="bbox 391 2934 1971 3006">
    <p class='ocr_par' dir='ltr' id='par_1_48' title="bbox 391 2934 1971 3006">
     <span class='ocr_line' id='line_1_48' title="bbox 391 2934 1971 3006; baseline -0.001 -13"><span class='ocrx_word' id='word_1_362' title='bbox 391 2939 666 3003; x_wconf 88' lang='grc' dir='ltr'>διανοίας,</span> <span class='ocrx_word' id='word_1_363' title='bbox 724 2938 783 2989; x_wconf 89' lang='grc' dir='ltr'>ἐν</span> <span class='ocrx_word' id='word_1_364' title='bbox 833 2938 953 2999; x_wconf 89' lang='grc' dir='ltr'>ταῖς</span> <span class='ocrx_word' id='word_1_365' title='bbox 1005 2935 1063 2988; x_wconf 89' lang='grc' dir='ltr'>δέ</span> <span class='ocrx_word' id='word_1_366' title='bbox 1100 2934 1478 3003; x_wconf 81' lang='grc' dir='ltr'>ἐπιτηδειότης</span> <span class='ocrx_word' id='word_1_367' title='bbox 1508 2935 1608 3003; x_wconf 87' lang='grc' dir='ltr'>τῆς</span> <span class='ocrx_word' id='word_1_368' title='bbox 1662 2936 1971 3006; x_wconf 88' lang='grc' dir='ltr'>ἀσκήσεως.</span> 
     </span>
    </p>
   </div>
   <div class='ocr_carea' id='block_1_49' title="bbox 407 3017 1976 3091">
    <p class='ocr_par' dir='ltr' id='par_1_49' title="bbox 407 3017 1976 3091">
     <span class='ocr_line' id='line_1_49' title="bbox 407 3017 1976 3091; baseline 0.002 -20"><span class='ocrx_word' id='word_1_369' title='bbox 407 3021 547 3081; x_wconf 76' lang='grc' dir='ltr'>Ἀλλ’</span> <span class='ocrx_word' id='word_1_370' title='bbox 578 3022 706 3074; x_wconf 84' lang='grc' dir='ltr'>ὅταν</span> <span class='ocrx_word' id='word_1_371' title='bbox 739 3020 812 3091; x_wconf 80' lang='grc' dir='ltr'>μὴ</span> <span class='ocrx_word' id='word_1_372' title='bbox 844 3020 1070 3088; x_wconf 87' lang='grc' dir='ltr'>γένηται</span> <span class='ocrx_word' id='word_1_373' title='bbox 1098 3017 1165 3070; x_wconf 81' lang='grc' dir='ltr'>δι’</span> <span class='ocrx_word' id='word_1_374' title='bbox 1194 3017 1328 3069; x_wconf 84' lang='grc' dir='ltr'>αὐτὸ</span> <span class='ocrx_word' id='word_1_375' title='bbox 1350 3019 1410 3069; x_wconf 86' lang='grc' dir='ltr'>τὸ</span> <span class='ocrx_word' id='word_1_376' title='bbox 1439 3018 1626 3081; x_wconf 88' lang='grc' dir='ltr'>καλὸν,</span> <span class='ocrx_word' id='word_1_377' title='bbox 1663 3018 1799 3088; x_wconf 81' lang='grc' dir='ltr'>μηδέ</span> <span class='ocrx_word' id='word_1_378' title='bbox 1833 3020 1976 3073; x_wconf 87' lang='grc' dir='ltr'>κατὰ</span> 
     </span>
    </p>
   </div>
   <div class='ocr_carea' id='block_1_50' title="bbox 393 3100 1969 3172">
    <p class='ocr_par' dir='ltr' id='par_1_50' title="bbox 393 3100 1969 3172">
     <span class='ocr_line' id='line_1_50' title="bbox 393 3100 1969 3172; baseline -0.001 -15"><span class='ocrx_word' id='word_1_379' title='bbox 393 3106 536 3157; x_wconf 86' lang='grc' dir='ltr'>θεῖον</span> <span class='ocrx_word' id='word_1_380' title='bbox 567 3104 767 3157; x_wconf 89' lang='grc' dir='ltr'>σκοπὸν</span> <span class='ocrx_word' id='word_1_381' title='bbox 792 3144 806 3167; x_wconf 92' lang='grc'>,</span> <span class='ocrx_word' id='word_1_382' title='bbox 859 3103 1001 3172; x_wconf 86' lang='grc' dir='ltr'>μήτε</span> <span class='ocrx_word' id='word_1_383' title='bbox 1042 3102 1106 3153; x_wconf 90' lang='grc' dir='ltr'>ἐκ</span> <span class='ocrx_word' id='word_1_384' title='bbox 1133 3100 1229 3153; x_wconf 91' lang='grc' dir='ltr'>τοῦ</span> <span class='ocrx_word' id='word_1_385' title='bbox 1280 3100 1698 3169; x_wconf 82' lang='grc' dir='ltr'>προτερήματος</span> <span class='ocrx_word' id='word_1_386' title='bbox 1741 3103 1969 3171; x_wconf 80' lang='grc' dir='ltr'>πρᾶξις,</span> 
     </span>
    </p>
   </div>
   <div class='ocr_carea' id='block_1_51' title="bbox 2081 1923 3664 1997">
    <p class='ocr_par' dir='ltr' id='par_1_51' title="bbox 2081 1923 3664 1997">
     <span class='ocr_line' id='line_1_51' title="bbox 2081 1923 3664 1997; baseline 0.002 -23"><span class='ocrx_word' id='word_1_387' title='bbox 2081 1923 2115 1993; x_wconf 83' lang='grc' dir='ltr'><strong>ἢ</strong></span> <span class='ocrx_word' id='word_1_388' title='bbox 2152 1923 2426 1992; x_wconf 89' lang='grc' dir='ltr'>πράξεως,</span> <span class='ocrx_word' id='word_1_389' title='bbox 2475 1926 2586 1977; x_wconf 74' lang='grc' dir='ltr'>εἴτε</span> <span class='ocrx_word' id='word_1_390' title='bbox 2624 1927 2657 1994; x_wconf 86' lang='grc' dir='ltr'>ή</span> <span class='ocrx_word' id='word_1_391' title='bbox 2704 1926 2771 1977; x_wconf 87' lang='grc' dir='ltr'>δι’</span> <span class='ocrx_word' id='word_1_392' title='bbox 2806 1926 2929 1980; x_wconf 83' lang='grc' dir='ltr'>ὅλου</span> <span class='ocrx_word' id='word_1_393' title='bbox 2958 1927 3054 1979; x_wconf 89' lang='grc' dir='ltr'>τοῦ</span> <span class='ocrx_word' id='word_1_394' title='bbox 3088 1928 3364 1997; x_wconf 90' lang='grc' dir='ltr'>σώματος,</span> <span class='ocrx_word' id='word_1_395' title='bbox 3399 1929 3535 1997; x_wconf 88' lang='grc' dir='ltr'>πρὸς</span> <span class='ocrx_word' id='word_1_396' title='bbox 3563 1928 3664 1997; x_wconf 80' lang='grc' dir='ltr'>τὴν</span> 
     </span>
    </p>
   </div>
   <div class='ocr_carea' id='block_1_52' title="bbox 2077 2006 3666 2081">
    <p class='ocr_par' dir='ltr' id='par_1_52' title="bbox 2077 2006 3666 2081">
     <span class='ocr_line' id='line_1_52' title="bbox 2077 2006 3666 2081; baseline 0.002 -22"><span class='ocrx_word' id='word_1_397' title='bbox 2077 2006 2369 2073; x_wconf 89' lang='grc' dir='ltr'>ἀναλογίαν</span> <span class='ocrx_word' id='word_1_398' title='bbox 2390 2010 2491 2076; x_wconf 84' lang='grc' dir='ltr'>τῆς</span> <span class='ocrx_word' id='word_1_399' title='bbox 2521 2008 2979 2080; x_wconf 79' lang='grc' dir='ltr'>ὑπερηφανίας,ἤ</span> <span class='ocrx_word' id='word_1_400' title='bbox 3010 2010 3110 2079; x_wconf 81' lang='grc' dir='ltr'>τῆς</span> <span class='ocrx_word' id='word_1_401' title='bbox 3138 2013 3388 2081; x_wconf 87' lang='grc' dir='ltr'>οἰήσεως,</span> <span class='ocrx_word' id='word_1_402' title='bbox 3424 2010 3543 2064; x_wconf 78' lang='grc' dir='ltr'>κατ’</span> <span class='ocrx_word' id='word_1_403' title='bbox 3574 2011 3666 2077; x_wconf 88' lang='grc' dir='ltr'>ἐγ-</span> 
     </span>
    </p>
   </div>
   <div class='ocr_carea' id='block_1_53' title="bbox 2079 2092 3663 2166">
    <p class='ocr_par' dir='ltr' id='par_1_53' title="bbox 2079 2092 3663 2166">
     <span class='ocr_line' id='line_1_53' title="bbox 2079 2092 3663 2166; baseline 0.003 -23"><span class='ocrx_word' id='word_1_404' title='bbox 2079 2092 2401 2161; x_wconf 76' lang='grc' dir='ltr'>κατάλειψιν</span> <span class='ocrx_word' id='word_1_405' title='bbox 2442 2093 2652 2161; x_wconf 89' lang='grc' dir='ltr'>γίνεται</span> <span class='ocrx_word' id='word_1_406' title='bbox 2685 2094 2821 2147; x_wconf 88' lang='grc' dir='ltr'>Θεοῦ</span> <span class='ocrx_word' id='word_1_407' title='bbox 2856 2095 3174 2166; x_wconf 80' lang='grc' dir='ltr'>φειδομένου</span> <span class='ocrx_word' id='word_1_408' title='bbox 3199 2098 3307 2150; x_wconf 90' lang='grc' dir='ltr'>τῶν</span> <span class='ocrx_word' id='word_1_409' title='bbox 3330 2098 3663 2165; x_wconf 86' lang='grc' dir='ltr'>ἐγκαταλιμ-</span> 
     </span>
    </p>
   </div>
   <div class='ocr_carea' id='block_1_54' title="bbox 2080 2177 3666 2251">
    <p class='ocr_par' dir='ltr' id='par_1_54' title="bbox 2080 2177 3666 2251">
     <span class='ocr_line' id='line_1_54' title="bbox 2080 2177 3666 2251; baseline 0.002 -23"><span class='ocrx_word' id='word_1_410' title='bbox 2080 2178 2421 2246; x_wconf 87' lang='grc' dir='ltr'>πανομένων.</span> <span class='ocrx_word' id='word_1_411' title='bbox 2443 2178 2506 2230; x_wconf 84' lang='grc' dir='ltr'>Εἰ</span> <span class='ocrx_word' id='word_1_412' title='bbox 2526 2177 2633 2249; x_wconf 88' lang='grc' dir='ltr'>γάρ</span> <span class='ocrx_word' id='word_1_413' title='bbox 2655 2178 2794 2248; x_wconf 79' lang='grc' dir='ltr'>μετὰ</span> <span class='ocrx_word' id='word_1_414' title='bbox 2816 2178 2916 2247; x_wconf 78' lang='grc' dir='ltr'>τῆς</span> <span class='ocrx_word' id='word_1_415' title='bbox 2938 2179 3234 2242; x_wconf 86' lang='grc' dir='ltr'>ἀκολασίας</span> <span class='ocrx_word' id='word_1_416' title='bbox 3258 2181 3351 2233; x_wconf 71' lang='grc' dir='ltr'>καὶ</span> <span class='ocrx_word' id='word_1_417' title='bbox 3374 2182 3439 2251; x_wconf 77' lang='grc' dir='ltr'>τῇ</span> <span class='ocrx_word' id='word_1_418' title='bbox 3468 2180 3666 2251; x_wconf 87' lang='grc' dir='ltr'>εὐφυΐᾳ</span> 
     </span>
    </p>
   </div>
   <div class='ocr_carea' id='block_1_55' title="bbox 2078 2261 3662 2335">
    <p class='ocr_par' dir='ltr' id='par_1_55' title="bbox 2078 2261 3662 2335">
     <span class='ocr_line' id='line_1_55' title="bbox 2078 2261 3662 2335; baseline 0.001 -21"><span class='ocrx_word' id='word_1_419' title='bbox 2078 2261 2259 2315; x_wconf 90' lang='grc' dir='ltr'>αὐτῶν</span> <span class='ocrx_word' id='word_1_420' title='bbox 2292 2264 2619 2335; x_wconf 81' lang='grc' dir='ltr'>μαρτυρήσῃ</span> <span class='ocrx_word' id='word_1_421' title='bbox 2656 2265 2722 2332; x_wconf 80' lang='grc' dir='ltr'>τῇ</span> <span class='ocrx_word' id='word_1_422' title='bbox 2754 2263 2990 2333; x_wconf 85' lang='grc' dir='ltr'>χορηγίᾳ</span> <span class='ocrx_word' id='word_1_423' title='bbox 3026 2264 3137 2316; x_wconf 91' lang='grc' dir='ltr'>τῶν</span> <span class='ocrx_word' id='word_1_424' title='bbox 3162 2265 3335 2333; x_wconf 91' lang='grc' dir='ltr'>λόγων</span> <span class='ocrx_word' id='word_1_425' title='bbox 3364 2266 3393 2318; x_wconf 87' lang='grc' dir='ltr'>ὀ</span> <span class='ocrx_word' id='word_1_426' title='bbox 3422 2264 3625 2335; x_wconf 83' lang='grc' dir='ltr'>Κύριος</span> <span class='ocrx_word' id='word_1_427' title='bbox 3645 2306 3662 2328; x_wconf 95' lang='grc'>,</span> 
     </span>
    </p>
   </div>
   <div class='ocr_carea' id='block_1_56' title="bbox 2076 2344 3665 2419">
    <p class='ocr_par' dir='ltr' id='par_1_56' title="bbox 2076 2344 3665 2419">
     <span class='ocr_line' id='line_1_56' title="bbox 2076 2344 3665 2419; baseline 0.003 -22"><span class='ocrx_word' id='word_1_428' title='bbox 2076 2344 2339 2413; x_wconf 88' lang='grc' dir='ltr'>δαίμονας</span> <span class='ocrx_word' id='word_1_429' title='bbox 2380 2346 2578 2407; x_wconf 83' lang='grc' dir='ltr'>αὐτοὺς</span> <span class='ocrx_word' id='word_1_430' title='bbox 2627 2345 2694 2397; x_wconf 85' lang='grc' dir='ltr'>ἂν</span> <span class='ocrx_word' id='word_1_431' title='bbox 2734 2346 3112 2415; x_wconf 85' lang='grc' dir='ltr'>ἀπεργάσαιτο</span> <span class='ocrx_word' id='word_1_432' title='bbox 3147 2348 3544 2418; x_wconf 83' lang='grc' dir='ltr'>ἐπαιρομένους</span> <span class='ocrx_word' id='word_1_433' title='bbox 3585 2348 3665 2419; x_wconf 82' lang='grc' dir='ltr'>τῷ</span> 
     </span>
    </p>
   </div>
   <div class='ocr_carea' id='block_1_57' title="bbox 2077 2428 2807 2497">
    <p class='ocr_par' dir='ltr' id='par_1_57' title="bbox 2077 2428 2807 2497">
     <span class='ocr_line' id='line_1_57' title="bbox 2077 2428 2807 2497; baseline 0.003 -17"><span class='ocrx_word' id='word_1_434' title='bbox 2077 2428 2232 2497; x_wconf 88' lang='grc' dir='ltr'>τύφῳ</span> <span class='ocrx_word' id='word_1_435' title='bbox 2270 2428 2411 2497; x_wconf 83' lang='grc' dir='ltr'>μετὰ</span> <span class='ocrx_word' id='word_1_436' title='bbox 2448 2429 2807 2497; x_wconf 86' lang='grc' dir='ltr'>ἀκαθαρσίας.</span> 
     </span>
    </p>
   </div>
   <div class='ocr_carea' id='block_1_58' title="bbox 2151 2509 3665 2587">
    <p class='ocr_par' dir='ltr' id='par_1_58' title="bbox 2151 2509 3665 2587">
     <span class='ocr_line' id='line_1_58' title="bbox 2151 2509 3665 2587; baseline 0.002 -23"><span class='ocrx_word' id='word_1_437' title='bbox 2151 2514 2259 2565; x_wconf 79' lang='grc' dir='ltr'>Καὶ</span> <span class='ocrx_word' id='word_1_438' title='bbox 2284 2513 2456 2565; x_wconf 87' lang='grc' dir='ltr'>ταῦτα</span> <span class='ocrx_word' id='word_1_439' title='bbox 2482 2514 2537 2565; x_wconf 87' lang='grc' dir='ltr'>δέ</span> <span class='ocrx_word' id='word_1_440' title='bbox 2562 2511 2746 2579; x_wconf 77' lang='grc' dir='ltr'>ἔλεγον</span> <span class='ocrx_word' id='word_1_441' title='bbox 2772 2515 2906 2582; x_wconf 83' lang='grc' dir='ltr'>ἡμῖν</span> <span class='ocrx_word' id='word_1_442' title='bbox 2932 2514 2983 2565; x_wconf 86' lang='grc' dir='ltr'>οἰ</span> <span class='ocrx_word' id='word_1_443' title='bbox 3006 2514 3143 2568; x_wconf 87' lang='grc' dir='ltr'>δσιοι</span> <span class='ocrx_word' id='word_1_444' title='bbox 3171 2515 3363 2587; x_wconf 78' lang='grc' dir='ltr'>ἄνδρες</span> <span class='ocrx_word' id='word_1_445' title='bbox 3396 2509 3539 2569; x_wconf 74' lang='grc' dir='ltr'>οὗτοι</span> <span class='ocrx_word' id='word_1_446' title='bbox 3567 2515 3665 2569; x_wconf 77' lang='grc' dir='ltr'>καὶ</span> 
     </span>
    </p>
   </div>
   <div class='ocr_carea' id='block_1_59' title="bbox 2082 2595 3663 2668">
    <p class='ocr_par' dir='ltr' id='par_1_59' title="bbox 2082 2595 3663 2668">
     <span class='ocr_line' id='line_1_59' title="bbox 2082 2595 3663 2668; baseline -0.001 -19"><span class='ocrx_word' id='word_1_447' title='bbox 2082 2596 2294 2666; x_wconf 85' lang='grc' dir='ltr'>ἄριστοι</span> <span class='ocrx_word' id='word_1_448' title='bbox 2322 2595 2430 2647; x_wconf 88' lang='grc' dir='ltr'>τῶν</span> <span class='ocrx_word' id='word_1_449' title='bbox 2464 2597 2746 2666; x_wconf 89' lang='grc' dir='ltr'>Πατέρων·</span> <span class='ocrx_word' id='word_1_450' title='bbox 2782 2597 2952 2649; x_wconf 83' lang='grc' dir='ltr'>Ὀταν</span> <span class='ocrx_word' id='word_1_451' title='bbox 2983 2597 3150 2667; x_wconf 85' lang='grc' dir='ltr'>ίδητε,</span> <span class='ocrx_word' id='word_1_452' title='bbox 3190 2600 3359 2667; x_wconf 72' lang='grc' dir='ltr'>φασὶ,</span> <span class='ocrx_word' id='word_1_453' title='bbox 3400 2599 3519 2651; x_wconf 87' lang='grc' dir='ltr'>τινὰ</span> <span class='ocrx_word' id='word_1_454' title='bbox 3561 2598 3663 2668; x_wconf 80' lang='grc' dir='ltr'>βίῳ</span> 
     </span>
    </p>
   </div>
   <div class='ocr_carea' id='block_1_60' title="bbox 2081 2679 3659 2751">
    <p class='ocr_par' dir='ltr' id='par_1_60' title="bbox 2081 2679 3659 2751">
     <span class='ocr_line' id='line_1_60' title="bbox 2081 2679 3659 2751; baseline 0.001 -19"><span class='ocrx_word' id='word_1_455' title='bbox 2081 2680 2179 2749; x_wconf 82' lang='grc' dir='ltr'>μὲν</span> <span class='ocrx_word' id='word_1_456' title='bbox 2216 2679 2469 2747; x_wconf 86' lang='grc' dir='ltr'>χαλεπὸν,</span> <span class='ocrx_word' id='word_1_457' title='bbox 2502 2679 2681 2748; x_wconf 83' lang='grc' dir='ltr'>λόγοις</span> <span class='ocrx_word' id='word_1_458' title='bbox 2723 2679 2781 2731; x_wconf 84' lang='grc' dir='ltr'>δὲ</span> <span class='ocrx_word' id='word_1_459' title='bbox 2823 2680 3070 2743; x_wconf 85' lang='grc' dir='ltr'>πιθανὸν,</span> <span class='ocrx_word' id='word_1_460' title='bbox 3114 2682 3525 2751; x_wconf 88' lang='grc' dir='ltr'>μνημονεύσατε</span> <span class='ocrx_word' id='word_1_461' title='bbox 3564 2682 3659 2734; x_wconf 85' lang='grc' dir='ltr'>τοῦ</span> 
     </span>
    </p>
   </div>
   <div class='ocr_carea' id='block_1_61' title="bbox 2076 2761 3659 2835">
    <p class='ocr_par' dir='ltr' id='par_1_61' title="bbox 2076 2761 3659 2835">
     <span class='ocr_line' id='line_1_61' title="bbox 2076 2761 3659 2835; baseline 0 -20"><span class='ocrx_word' id='word_1_462' title='bbox 2076 2763 2327 2832; x_wconf 89' lang='grc' dir='ltr'>δαίμονος</span> <span class='ocrx_word' id='word_1_463' title='bbox 2358 2761 2453 2813; x_wconf 86' lang='grc' dir='ltr'>τοῦ</span> <span class='ocrx_word' id='word_1_464' title='bbox 2500 2765 2559 2815; x_wconf 89' lang='grc' dir='ltr'>ἐν</span> <span class='ocrx_word' id='word_1_465' title='bbox 2592 2763 2669 2832; x_wconf 85' lang='grc' dir='ltr'>τῷ</span> <span class='ocrx_word' id='word_1_466' title='bbox 2698 2763 3014 2835; x_wconf 87' lang='grc' dir='ltr'>Εύαγγελίῳ</span> <span class='ocrx_word' id='word_1_467' title='bbox 3047 2765 3126 2835; x_wconf 78' lang='grc' dir='ltr'>τῷ</span> <span class='ocrx_word' id='word_1_468' title='bbox 3168 2766 3358 2835; x_wconf 82' lang='grc' dir='ltr'>Κυρίῳ</span> <span class='ocrx_word' id='word_1_469' title='bbox 3393 2781 3659 2835; x_wconf 87' lang='grc' dir='ltr'>προσομι-</span> 
     </span>
    </p>
   </div>
   <div class='ocr_carea' id='block_1_62' title="bbox 2076 2846 3657 2918">
    <p class='ocr_par' dir='ltr' id='par_1_62' title="bbox 2076 2846 3657 2918">
     <span class='ocr_line' id='line_1_62' title="bbox 2076 2846 3657 2918; baseline 0 -21"><span class='ocrx_word' id='word_1_470' title='bbox 2076 2846 2318 2909; x_wconf 86' lang='grc' dir='ltr'>λοῦντος,</span> <span class='ocrx_word' id='word_1_471' title='bbox 2363 2847 2458 2898; x_wconf 81' lang='grc' dir='ltr'>καὶ</span> <span class='ocrx_word' id='word_1_472' title='bbox 2486 2846 2584 2915; x_wconf 80' lang='grc' dir='ltr'>τῆς</span> <span class='ocrx_word' id='word_1_473' title='bbox 2619 2846 2887 2915; x_wconf 86' lang='grc' dir='ltr'>λεγούσης</span> <span class='ocrx_word' id='word_1_474' title='bbox 2920 2849 3028 2900; x_wconf 87' lang='grc' dir='ltr'>τῶν</span> <span class='ocrx_word' id='word_1_475' title='bbox 3059 2848 3291 2918; x_wconf 80' lang='grc' dir='ltr'>Γραφῶν</span> <span class='ocrx_word' id='word_1_476' title='bbox 3320 2846 3624 2917; x_wconf 85' lang='grc' dir='ltr'>μαρτυρίας</span> <span class='ocrx_word' id='word_1_477' title='bbox 3644 2864 3657 2876; x_wconf 88' lang='grc'><strong>·</strong></span> 
     </span>
    </p>
   </div>
   <div class='ocr_carea' id='block_1_63' title="bbox 2088 2925 3661 3000">
    <p class='ocr_par' dir='ltr' id='par_1_63' title="bbox 2088 2925 3661 3000">
     <span class='ocr_line' id='line_1_63' title="bbox 2088 2925 3661 3000; baseline -0.001 -19"><span class='ocrx_word' id='word_1_478' title='bbox 2088 2930 2147 2981; x_wconf 83' lang='grc' dir='ltr'>Ὀ</span> <span class='ocrx_word' id='word_1_479' title='bbox 2170 2930 2227 2981; x_wconf 89' lang='grc' dir='ltr'>δὲ</span> <span class='ocrx_word' id='word_1_480' title='bbox 2252 2930 2373 2997; x_wconf 83' lang='grc' dir='ltr'>ὸφις</span> <span class='ocrx_word' id='word_1_481' title='bbox 2401 2925 2469 2999; x_wconf 79' lang='grc' dir='ltr'>ἦν</span> <span class='ocrx_word' id='word_1_482' title='bbox 2494 2929 2903 2999; x_wconf 82' lang='grc' dir='ltr'>φρονιμώτατος</span> <span class='ocrx_word' id='word_1_483' title='bbox 2931 2932 3147 2983; x_wconf 89' lang='grc' dir='ltr'>πάντων</span> <span class='ocrx_word' id='word_1_484' title='bbox 3172 2932 3279 2983; x_wconf 89' lang='grc' dir='ltr'>τῶν</span> <span class='ocrx_word' id='word_1_485' title='bbox 3314 2931 3520 3000; x_wconf 89' lang='grc' dir='ltr'>θηρίων</span> <span class='ocrx_word' id='word_1_486' title='bbox 3551 2928 3661 2981; x_wconf 85' lang='grc' dir='ltr'>τῶν</span> 
     </span>
    </p>
   </div>
   <div class='ocr_carea' id='block_1_64' title="bbox 2077 3006 3663 3085">
    <p class='ocr_par' dir='ltr' id='par_1_64' title="bbox 2077 3006 3663 3085">
     <span class='ocr_line' id='line_1_64' title="bbox 2077 3006 3663 3085; baseline -0.001 -18"><span class='ocrx_word' id='word_1_487' title='bbox 2077 3015 2170 3067; x_wconf 76' lang='grc' dir='ltr'>ἐπὶ</span> <span class='ocrx_word' id='word_1_488' title='bbox 2197 3014 2291 3082; x_wconf 75' lang='grc' dir='ltr'>τῆς</span> <span class='ocrx_word' id='word_1_489' title='bbox 2322 3013 2426 3083; x_wconf 84' lang='grc' dir='ltr'>γῆς</span> <span class='ocrx_word' id='word_1_490' title='bbox 2454 3029 2467 3042; x_wconf 93' lang='grc'><strong>·</strong></span> <span class='ocrx_word' id='word_1_491' title='bbox 2498 3006 2595 3083; x_wconf 85' lang='grc' dir='ltr'>ᾦή</span> <span class='ocrx_word' id='word_1_492' title='bbox 2628 3014 2890 3084; x_wconf 88' lang='grc' dir='ltr'>φρόνησις</span> <span class='ocrx_word' id='word_1_493' title='bbox 2922 3016 3123 3084; x_wconf 79' lang='grc' dir='ltr'>μᾶλλον</span> <span class='ocrx_word' id='word_1_494' title='bbox 3149 3016 3229 3079; x_wconf 92' lang='grc' dir='ltr'>εἰς</span> <span class='ocrx_word' id='word_1_495' title='bbox 3260 3015 3465 3085; x_wconf 89' lang='grc' dir='ltr'>βλάϐην</span> <span class='ocrx_word' id='word_1_496' title='bbox 3487 3012 3663 3081; x_wconf 83' lang='grc' dir='ltr'>τούτῳ</span> 
     </span>
    </p>
   </div>
   <div class='ocr_carea' id='block_1_65' title="bbox 2078 3096 3659 3170">
    <p class='ocr_par' dir='ltr' id='par_1_65' title="bbox 2078 3096 3659 3170">
     <span class='ocr_line' id='line_1_65' title="bbox 2078 3096 3659 3170; baseline 0.001 -22"><span class='ocrx_word' id='word_1_497' title='bbox 2078 3098 2406 3166; x_wconf 83' lang='grc' dir='ltr'>γεγένηται,</span> <span class='ocrx_word' id='word_1_498' title='bbox 2441 3096 2607 3167; x_wconf 80' lang='grc' dir='ltr'>ἄλλης</span> <span class='ocrx_word' id='word_1_499' title='bbox 2640 3099 2840 3167; x_wconf 84' lang='grc' dir='ltr'>ἀρετῆς</span> <span class='ocrx_word' id='word_1_500' title='bbox 2874 3100 3049 3169; x_wconf 88' lang='grc' dir='ltr'>τούτῳ</span> <span class='ocrx_word' id='word_1_501' title='bbox 3098 3100 3172 3170; x_wconf 86' lang='grc' dir='ltr'>μὴ</span> <span class='ocrx_word' id='word_1_502' title='bbox 3222 3096 3659 3168; x_wconf 84' lang='grc' dir='ltr'>συνδραμούσης.</span> 
     </span>
    </p>
   </div>
   <div class='ocr_carea' id='block_1_66' title="bbox 396 3180 3662 3258">
    <p class='ocr_par' dir='ltr' id='par_1_66' title="bbox 396 3180 3662 3258">
     <span class='ocr_line' id='line_1_66' title="bbox 396 3180 3662 3258; baseline -0.002 -17"><span class='ocrx_word' id='word_1_503' title='bbox 396 3192 534 3258; x_wconf 83' lang='grc' dir='ltr'>μήτε</span> <span class='ocrx_word' id='word_1_504' title='bbox 565 3190 599 3258; x_wconf 85' lang='grc' dir='ltr'>ή</span> <span class='ocrx_word' id='word_1_505' title='bbox 645 3188 863 3256; x_wconf 80' lang='grc' dir='ltr'>εὐφυΐα,</span> <span class='ocrx_word' id='word_1_506' title='bbox 894 3186 1030 3256; x_wconf 87' lang='grc' dir='ltr'>μήτε</span> <span class='ocrx_word' id='word_1_507' title='bbox 1073 3188 1119 3237; x_wconf 91' lang='grc' dir='ltr'>οἱ</span> <span class='ocrx_word' id='word_1_508' title='bbox 1145 3184 1241 3254; x_wconf 80' lang='grc' dir='ltr'>τὴν</span> <span class='ocrx_word' id='word_1_509' title='bbox 1270 3182 1524 3249; x_wconf 81' lang='grc' dir='ltr'>εὐκλειαν</span> <span class='ocrx_word' id='word_1_510' title='bbox 1565 3183 1739 3253; x_wconf 90' lang='grc' dir='ltr'>λόγων</span> <span class='ocrx_word' id='word_1_511' title='bbox 1770 3203 1973 3257; x_wconf 86' lang='grc' dir='ltr'>κεκτη-</span> <span class='ocrx_word' id='word_1_512' title='bbox 2004 3180 2045 3238; x_wconf 89' lang='lat' dir='ltr'><strong><em>C</em></strong></span> <span class='ocrx_word' id='word_1_513' title='bbox 2082 3184 2173 3233; x_wconf 78' lang='grc' dir='ltr'>Δεῖ</span> <span class='ocrx_word' id='word_1_514' title='bbox 2200 3182 2307 3251; x_wconf 83' lang='grc' dir='ltr'>γὰρ</span> <span class='ocrx_word' id='word_1_515' title='bbox 2330 3181 2423 3233; x_wconf 83' lang='grc' dir='ltr'>τὸν</span> <span class='ocrx_word' id='word_1_516' title='bbox 2444 3180 2634 3234; x_wconf 84' lang='grc' dir='ltr'>πιστὸν</span> <span class='ocrx_word' id='word_1_517' title='bbox 2658 3184 2752 3233; x_wconf 79' lang='grc' dir='ltr'>καὶ</span> <span class='ocrx_word' id='word_1_518' title='bbox 2781 3182 2986 3249; x_wconf 80' lang='grc' dir='ltr'>ἀγαθὸν</span> <span class='ocrx_word' id='word_1_519' title='bbox 3010 3186 3227 3253; x_wconf 88' lang='grc' dir='ltr'>φρονεῖν</span> <span class='ocrx_word' id='word_1_520' title='bbox 3260 3183 3359 3252; x_wconf 83' lang='grc' dir='ltr'>μέν</span> <span class='ocrx_word' id='word_1_521' title='bbox 3389 3184 3425 3236; x_wconf 79' lang='grc' dir='ltr'>δι</span> <span class='ocrx_word' id='word_1_522' title='bbox 3447 3183 3662 3234; x_wconf 88' lang='grc' dir='ltr'>δίδωσιν</span> 
     </span>
    </p>
   </div>
   <div class='ocr_carea' id='block_1_67' title="bbox 397 3269 1975 3341">
    <p class='ocr_par' dir='ltr' id='par_1_67' title="bbox 397 3269 1975 3341">
     <span class='ocr_line' id='line_1_67' title="bbox 397 3269 1975 3341; baseline -0.001 -17"><span class='ocrx_word' id='word_1_523' title='bbox 397 3272 583 3341; x_wconf 87' lang='grc' dir='ltr'>μένοι,</span> <span class='ocrx_word' id='word_1_524' title='bbox 620 3273 720 3325; x_wconf 86' lang='grc' dir='ltr'>οὐκ</span> <span class='ocrx_word' id='word_1_525' title='bbox 762 3271 1129 3341; x_wconf 89' lang='grc' dir='ltr'>ἐπιγράφουσι</span> <span class='ocrx_word' id='word_1_526' title='bbox 1175 3269 1274 3338; x_wconf 83' lang='grc' dir='ltr'>τὴν</span> <span class='ocrx_word' id='word_1_527' title='bbox 1324 3269 1482 3338; x_wconf 90' lang='grc' dir='ltr'>χάριν</span> <span class='ocrx_word' id='word_1_528' title='bbox 1528 3269 1606 3340; x_wconf 84' lang='grc' dir='ltr'>τῷ</span> <span class='ocrx_word' id='word_1_529' title='bbox 1645 3270 1829 3340; x_wconf 83' lang='grc' dir='ltr'>δοτῆρι</span> <span class='ocrx_word' id='word_1_530' title='bbox 1866 3270 1975 3323; x_wconf 90' lang='grc' dir='ltr'>τῶν</span> 
     </span>
    </p>
   </div>
   <div class='ocr_carea' id='block_1_68' title="bbox 392 3353 1973 3425">
    <p class='ocr_par' dir='ltr' id='par_1_68' title="bbox 392 3353 1973 3425">
     <span class='ocr_line' id='line_1_68' title="bbox 392 3353 1973 3425; baseline -0.001 -15"><span class='ocrx_word' id='word_1_531' title='bbox 392 3356 617 3424; x_wconf 86' lang='grc' dir='ltr'>ἀγαθῶν</span> <span class='ocrx_word' id='word_1_532' title='bbox 650 3356 789 3425; x_wconf 80' lang='grc' dir='ltr'>Θεῷ,</span> <span class='ocrx_word' id='word_1_533' title='bbox 827 3354 963 3407; x_wconf 86' lang='grc' dir='ltr'>ἀλλά</span> <span class='ocrx_word' id='word_1_534' title='bbox 1000 3356 1066 3425; x_wconf 78' lang='grc' dir='ltr'>τῇ</span> <span class='ocrx_word' id='word_1_535' title='bbox 1109 3353 1285 3424; x_wconf 82' lang='grc' dir='ltr'>οἰκείᾳ</span> <span class='ocrx_word' id='word_1_536' title='bbox 1312 3355 1652 3424; x_wconf 78' lang='grc' dir='ltr'>προαιρέσει,</span> <span class='ocrx_word' id='word_1_537' title='bbox 1681 3357 1775 3407; x_wconf 79' lang='grc' dir='ltr'>καὶ</span> <span class='ocrx_word' id='word_1_538' title='bbox 1805 3355 1973 3409; x_wconf 89' lang='grc' dir='ltr'>εὑπα-</span> 
     </span>
    </p>
   </div>
   <div class='ocr_carea' id='block_1_69' title="bbox 394 3430 1975 3511">
    <p class='ocr_par' dir='ltr' id='par_1_69' title="bbox 394 3430 1975 3511">
     <span class='ocr_line' id='line_1_69' title="bbox 394 3430 1975 3511; baseline 0 -20"><span class='ocrx_word' id='word_1_539' title='bbox 394 3440 534 3511; x_wconf 79' lang='grc' dir='ltr'>θείᾳ,</span> <span class='ocrx_word' id='word_1_540' title='bbox 566 3440 664 3492; x_wconf 76' lang='grc' dir='ltr'>καὶ</span> <span class='ocrx_word' id='word_1_541' title='bbox 693 3438 970 3506; x_wconf 89' lang='grc' dir='ltr'>ίκανότητι</span> <span class='ocrx_word' id='word_1_542' title='bbox 988 3453 1001 3467; x_wconf 85' lang='grc'><strong>·</strong></span> <span class='ocrx_word' id='word_1_543' title='bbox 1028 3437 1124 3489; x_wconf 78' lang='grc' dir='ltr'>καὶ</span> <span class='ocrx_word' id='word_1_544' title='bbox 1148 3430 1293 3490; x_wconf 75' lang='grc' dir='ltr'>οὗτοι</span> <span class='ocrx_word' id='word_1_545' title='bbox 1317 3437 1840 3505; x_wconf 84' lang='grc' dir='ltr'>ἐγκαταλειφθέντες</span> <span class='ocrx_word' id='word_1_546' title='bbox 1869 3437 1975 3491; x_wconf 89' lang='grc' dir='ltr'>ὑπὸ</span> 
     </span>
    </p>
   </div>
   <div class='ocr_carea' id='block_1_70' title="bbox 391 3521 1972 3593">
    <p class='ocr_par' dir='ltr' id='par_1_70' title="bbox 391 3521 1972 3593">
     <span class='ocr_line' id='line_1_70' title="bbox 391 3521 1972 3593; baseline -0.002 -16"><span class='ocrx_word' id='word_1_547' title='bbox 391 3525 491 3593; x_wconf 86' lang='grc' dir='ltr'>τῆς</span> <span class='ocrx_word' id='word_1_548' title='bbox 546 3523 809 3592; x_wconf 86' lang='grc' dir='ltr'>Προνοίας</span> <span class='ocrx_word' id='word_1_549' title='bbox 878 3522 1245 3591; x_wconf 85' lang='grc' dir='ltr'>ἐμπίπτουσιν</span> <span class='ocrx_word' id='word_1_550' title='bbox 1302 3523 1383 3584; x_wconf 93' lang='grc' dir='ltr'>εἰς</span> <span class='ocrx_word' id='word_1_551' title='bbox 1452 3521 1879 3593; x_wconf 87' lang='grc' dir='ltr'>αἰσχρουργίαν,</span> <span class='ocrx_word' id='word_1_552' title='bbox 1939 3522 1972 3593; x_wconf 83' lang='grc' dir='ltr'>ἢ</span> 
     </span>
    </p>
   </div>
   <div class='ocr_carea' id='block_1_71' title="bbox 393 3604 1974 3678">
    <p class='ocr_par' dir='ltr' id='par_1_71' title="bbox 393 3604 1974 3678">
     <span class='ocr_line' id='line_1_71' title="bbox 393 3604 1974 3678; baseline -0.003 -16"><span class='ocrx_word' id='word_1_553' title='bbox 393 3606 824 3678; x_wconf 87' lang='grc' dir='ltr'>αἰσχροπάθειαν</span> <span class='ocrx_word' id='word_1_554' title='bbox 876 3606 971 3659; x_wconf 76' lang='grc' dir='ltr'>καί</span> <span class='ocrx_word' id='word_1_555' title='bbox 1013 3605 1299 3675; x_wconf 84' lang='grc' dir='ltr'>αἰσχύνην.</span> <span class='ocrx_word' id='word_1_556' title='bbox 1368 3606 1839 3673; x_wconf 87' lang='grc' dir='ltr'>Καταλειφθέντες</span> <span class='ocrx_word' id='word_1_557' title='bbox 1881 3604 1974 3658; x_wconf 86' lang='grc' dir='ltr'>οὑν</span> 
     </span>
    </p>
   </div>
   <div class='ocr_carea' id='block_1_72' title="bbox 392 3687 1976 3759">
    <p class='ocr_par' dir='ltr' id='par_1_72' title="bbox 392 3687 1976 3759">
     <span class='ocr_line' id='line_1_72' title="bbox 392 3687 1976 3759; baseline -0.002 -15"><span class='ocrx_word' id='word_1_558' title='bbox 392 3692 483 3744; x_wconf 69' lang='grc' dir='ltr'>διὰ</span> <span class='ocrx_word' id='word_1_559' title='bbox 520 3689 619 3759; x_wconf 84' lang='grc' dir='ltr'>τῆς</span> <span class='ocrx_word' id='word_1_560' title='bbox 648 3687 1039 3758; x_wconf 83' lang='grc' dir='ltr'>ἐπιγενομένης</span> <span class='ocrx_word' id='word_1_561' title='bbox 1080 3689 1264 3751; x_wconf 91' lang='grc' dir='ltr'>αὑτοῖς</span> <span class='ocrx_word' id='word_1_562' title='bbox 1295 3687 1701 3753; x_wconf 83' lang='grc' dir='ltr'>ταπεινώσεως,</span> <span class='ocrx_word' id='word_1_563' title='bbox 1732 3688 1827 3742; x_wconf 68' lang='grc' dir='ltr'>καί⁵</span> <span class='ocrx_word' id='word_1_564' title='bbox 1855 3689 1976 3743; x_wconf 90' lang='grc' dir='ltr'>ἀτι-</span> 
     </span>
    </p>
   </div>
   <div class='ocr_carea' id='block_1_73' title="bbox 397 3770 1973 3844">
    <p class='ocr_par' dir='ltr' id='par_1_73' title="bbox 397 3770 1973 3844">
     <span class='ocr_line' id='line_1_73' title="bbox 397 3770 1973 3844; baseline -0.001 -18"><span class='ocrx_word' id='word_1_565' title='bbox 397 3774 545 3843; x_wconf 90' lang='grc' dir='ltr'>μίας,</span> <span class='ocrx_word' id='word_1_566' title='bbox 576 3772 762 3841; x_wconf 80' lang='grc' dir='ltr'>ὴρέμα</span> <span class='ocrx_word' id='word_1_567' title='bbox 806 3789 925 3835; x_wconf 89' lang='grc' dir='ltr'>πως</span> <span class='ocrx_word' id='word_1_568' title='bbox 952 3774 1047 3825; x_wconf 71' lang='grc' dir='ltr'>καὶ</span> <span class='ocrx_word' id='word_1_569' title='bbox 1079 3770 1221 3824; x_wconf 85' lang='grc' dir='ltr'>κατὰ</span> <span class='ocrx_word' id='word_1_570' title='bbox 1250 3772 1447 3841; x_wconf 89' lang='grc' dir='ltr'>μικρὸν</span> <span class='ocrx_word' id='word_1_571' title='bbox 1482 3772 1574 3824; x_wconf 91' lang='grc' dir='ltr'>τὸν</span> <span class='ocrx_word' id='word_1_572' title='bbox 1602 3774 1695 3826; x_wconf 82' lang='grc' dir='ltr'>ἐπὶ</span> <span class='ocrx_word' id='word_1_573' title='bbox 1718 3775 1781 3844; x_wconf 79' lang='grc' dir='ltr'>τῇ</span> <span class='ocrx_word' id='word_1_574' title='bbox 1824 3791 1973 3843; x_wconf 88' lang='grc' dir='ltr'>νομι-</span> 
     </span>
    </p>
   </div>
   <div class='ocr_carea' id='block_1_74' title="bbox 394 3855 1974 3930">
    <p class='ocr_par' dir='ltr' id='par_1_74' title="bbox 394 3855 1974 3930">
     <span class='ocr_line' id='line_1_74' title="bbox 394 3855 1974 3930; baseline -0.001 -19"><span class='ocrx_word' id='word_1_575' title='bbox 394 3858 603 3930; x_wconf 74' lang='grc' dir='ltr'>ζομένῃ</span> <span class='ocrx_word' id='word_1_576' title='bbox 638 3858 807 3927; x_wconf 76' lang='grc' dir='ltr'>ἀρετῇ</span> <span class='ocrx_word' id='word_1_577' title='bbox 847 3856 1054 3909; x_wconf 89' lang='grc' dir='ltr'>ἐαυτῶν</span> <span class='ocrx_word' id='word_1_578' title='bbox 1097 3855 1491 3923; x_wconf 86' lang='grc' dir='ltr'>ἀποτρίϐονται</span> <span class='ocrx_word' id='word_1_579' title='bbox 1517 3856 1717 3924; x_wconf 79' lang='grc' dir='ltr'>τῦφον,</span> <span class='ocrx_word' id='word_1_580' title='bbox 1775 3859 1974 3929; x_wconf 81' lang='grc' dir='ltr'>μηκέτι</span> 
     </span>
    </p>
   </div>
   <div class='ocr_carea' id='block_1_75' title="bbox 394 3938 1975 4013">
    <p class='ocr_par' dir='ltr' id='par_1_75' title="bbox 394 3938 1975 4013">
     <span class='ocr_line' id='line_1_75' title="bbox 394 3938 1975 4013; baseline -0.001 -17"><span class='ocrx_word' id='word_1_581' title='bbox 394 3942 482 4013; x_wconf 74' lang='grc' dir='ltr'>ἐφ’</span> <span class='ocrx_word' id='word_1_582' title='bbox 510 3942 725 4005; x_wconf 83' lang='grc' dir='ltr'>ἐαυτοῖς</span> <span class='ocrx_word' id='word_1_583' title='bbox 752 3939 1092 4004; x_wconf 89' lang='grc' dir='ltr'>πεποιθότες,</span> <span class='ocrx_word' id='word_1_584' title='bbox 1124 3938 1261 3992; x_wconf 88' lang='grc' dir='ltr'>ἀλλά</span> <span class='ocrx_word' id='word_1_585' title='bbox 1283 3938 1361 4008; x_wconf 84' lang='grc' dir='ltr'>τῷ</span> <span class='ocrx_word' id='word_1_586' title='bbox 1385 3939 1503 4010; x_wconf 86' lang='grc' dir='ltr'>Θεῷ</span> <span class='ocrx_word' id='word_1_587' title='bbox 1528 3940 1604 4011; x_wconf 82' lang='grc' dir='ltr'>τῷ</span> <span class='ocrx_word' id='word_1_588' title='bbox 1630 3941 1975 4013; x_wconf 79' lang='grc' dir='ltr'>χαριζομένῳ</span> 
     </span>
    </p>
   </div>
   <div class='ocr_carea' id='block_1_76' title="bbox 390 4022 1975 4095">
    <p class='ocr_par' dir='ltr' id='par_1_76' title="bbox 390 4022 1975 4095">
     <span class='ocr_line' id='line_1_76' title="bbox 390 4022 1975 4095; baseline -0.001 -16"><span class='ocrx_word' id='word_1_589' title='bbox 390 4026 465 4081; x_wconf 78' lang='grc' dir='ltr'>τὰ</span> <span class='ocrx_word' id='word_1_590' title='bbox 505 4025 684 4078; x_wconf 86' lang='grc' dir='ltr'>πάντα</span> <span class='ocrx_word' id='word_1_591' title='bbox 723 4022 1111 4094; x_wconf 83' lang='grc' dir='ltr'>ὁμολογοῦντες</span> <span class='ocrx_word' id='word_1_592' title='bbox 1154 4023 1253 4089; x_wconf 87' lang='grc' dir='ltr'>τὴν</span> <span class='ocrx_word' id='word_1_593' title='bbox 1298 4023 1481 4093; x_wconf 84' lang='grc' dir='ltr'>χάριν.</span> <span class='ocrx_word' id='word_1_594' title='bbox 1524 4024 1741 4095; x_wconf 81' lang='grc' dir='ltr'>Ἐπειδὴ</span> <span class='ocrx_word' id='word_1_595' title='bbox 1795 4026 1904 4095; x_wconf 82' lang='grc' dir='ltr'>γὰρ</span> <span class='ocrx_word' id='word_1_596' title='bbox 1946 4026 1975 4078; x_wconf 93' lang='lat'>6</span> 
     </span>
    </p>
   </div>
   <div class='ocr_carea' id='block_1_77' title="bbox 396 4105 1975 4179">
    <p class='ocr_par' dir='ltr' id='par_1_77' title="bbox 396 4105 1975 4179">
     <span class='ocr_line' id='line_1_77' title="bbox 396 4105 1975 4179; baseline -0.002 -16"><span class='ocrx_word' id='word_1_597' title='bbox 396 4108 810 4179; x_wconf 83' lang='grc' dir='ltr'>πεφυσιωμένος</span> <span class='ocrx_word' id='word_1_598' title='bbox 838 4106 931 4159; x_wconf 75' lang='grc' dir='ltr'>ἐπὶ</span> <span class='ocrx_word' id='word_1_599' title='bbox 965 4106 1153 4175; x_wconf 83' lang='grc' dir='ltr'>εὐροίᾳ</span> <span class='ocrx_word' id='word_1_600' title='bbox 1178 4105 1354 4172; x_wconf 86' lang='grc' dir='ltr'>λόγων</span> <span class='ocrx_word' id='word_1_601' title='bbox 1382 4106 1765 4177; x_wconf 82' lang='grc' dir='ltr'>ἐπαιρόμενος,</span> <span class='ocrx_word' id='word_1_602' title='bbox 1791 4110 1975 4162; x_wconf 84' lang='grc' dir='ltr'>οὐκέτι</span> 
     </span>
    </p>
   </div>
   <div class='ocr_carea' id='block_1_78' title="bbox 396 4188 1976 4263">
    <p class='ocr_par' dir='ltr' id='par_1_78' title="bbox 396 4188 1976 4263">
     <span class='ocr_line' id='line_1_78' title="bbox 396 4188 1976 4263; baseline -0.001 -16"><span class='ocrx_word' id='word_1_603' title='bbox 396 4193 695 4263; x_wconf 77' lang='grc' dir='ltr'>ἐπιγράφει</span> <span class='ocrx_word' id='word_1_604' title='bbox 719 4190 796 4260; x_wconf 83' lang='grc' dir='ltr'>τῷ</span> <span class='ocrx_word' id='word_1_605' title='bbox 821 4188 943 4259; x_wconf 86' lang='grc' dir='ltr'>Θεῷ</span> <span class='ocrx_word' id='word_1_606' title='bbox 967 4191 1066 4260; x_wconf 81' lang='grc' dir='ltr'>τὴν</span> <span class='ocrx_word' id='word_1_607' title='bbox 1095 4189 1301 4258; x_wconf 85' lang='grc' dir='ltr'>δωρεὰν</span> <span class='ocrx_word' id='word_1_608' title='bbox 1327 4190 1425 4259; x_wconf 85' lang='grc' dir='ltr'>τῆς</span> <span class='ocrx_word' id='word_1_609' title='bbox 1451 4191 1696 4259; x_wconf 82' lang='grc' dir='ltr'>εὐφυΐας,</span> <span class='ocrx_word' id='word_1_610' title='bbox 1730 4191 1851 4244; x_wconf 87' lang='grc' dir='ltr'>οὐδέ</span> <span class='ocrx_word' id='word_1_611' title='bbox 1876 4193 1976 4262; x_wconf 82' lang='grc' dir='ltr'>τήν</span> 
     </span>
    </p>
   </div>
   <div class='ocr_carea' id='block_1_79' title="bbox 394 4271 1972 4348">
    <p class='ocr_par' dir='ltr' id='par_1_79' title="bbox 394 4271 1972 4348">
     <span class='ocr_line' id='line_1_79' title="bbox 394 4271 1972 4348; baseline -0.001 -19"><span class='ocrx_word' id='word_1_612' title='bbox 394 4276 658 4348; x_wconf 89' lang='grc' dir='ltr'>χορηγίαν</span> <span class='ocrx_word' id='word_1_613' title='bbox 707 4277 808 4345; x_wconf 81' lang='grc' dir='ltr'>τῆς</span> <span class='ocrx_word' id='word_1_614' title='bbox 830 4272 1108 4342; x_wconf 81' lang='grc' dir='ltr'>γνώσεως,</span> <span class='ocrx_word' id='word_1_615' title='bbox 1143 4271 1280 4324; x_wconf 79' lang='grc' dir='ltr'>ἀλλὰ</span> <span class='ocrx_word' id='word_1_616' title='bbox 1331 4276 1396 4343; x_wconf 77' lang='grc' dir='ltr'>τῇ</span> <span class='ocrx_word' id='word_1_617' title='bbox 1428 4274 1623 4327; x_wconf 83' lang='grc' dir='ltr'>ἐαυτοῦ</span> <span class='ocrx_word' id='word_1_618' title='bbox 1652 4276 1903 4345; x_wconf 82' lang='grc' dir='ltr'>ἀσκήσει,</span> <span class='ocrx_word' id='word_1_619' title='bbox 1939 4277 1972 4347; x_wconf 81' lang='grc' dir='ltr'>ἢ</span> 
     </span>
    </p>
   </div>
   <div class='ocr_carea' id='block_1_80' title="bbox 396 4354 1976 4430">
    <p class='ocr_par' dir='ltr' id='par_1_80' title="bbox 396 4354 1976 4430">
     <span class='ocr_line' id='line_1_80' title="bbox 396 4354 1976 4430; baseline -0.001 -17"><span class='ocrx_word' id='word_1_620' title='bbox 396 4361 580 4430; x_wconf 84' lang='grc' dir='ltr'>φύσει,</span> <span class='ocrx_word' id='word_1_621' title='bbox 624 4359 827 4427; x_wconf 80' lang='grc' dir='ltr'>ἀφιστᾷ</span> <span class='ocrx_word' id='word_1_622' title='bbox 852 4358 881 4409; x_wconf 89' lang='lat'>6</span> <span class='ocrx_word' id='word_1_623' title='bbox 912 4356 1044 4417; x_wconf 85' lang='grc' dir='ltr'>Θεὸς</span> <span class='ocrx_word' id='word_1_624' title='bbox 1072 4356 1163 4407; x_wconf 82' lang='grc' dir='ltr'>τὸν</span> <span class='ocrx_word' id='word_1_625' title='bbox 1198 4354 1429 4424; x_wconf 79' lang='grc' dir='ltr'>ἄγγελον</span> <span class='ocrx_word' id='word_1_626' title='bbox 1475 4359 1573 4427; x_wconf 86' lang='grc' dir='ltr'>τῆς</span> <span class='ocrx_word' id='word_1_627' title='bbox 1604 4359 1860 4427; x_wconf 90' lang='grc' dir='ltr'>προνοίας</span> <span class='ocrx_word' id='word_1_628' title='bbox 1883 4361 1976 4412; x_wconf 88' lang='grc' dir='ltr'>τὸν</span> 
     </span>
    </p>
   </div>
   <div class='ocr_carea' id='block_1_81' title="bbox 395 4433 1976 4512">
    <p class='ocr_par' dir='ltr' id='par_1_81' title="bbox 395 4433 1976 4512">
     <span class='ocr_line' id='line_1_81' title="bbox 395 4433 1976 4512; baseline -0.002 -16"><span class='ocrx_word' id='word_1_629' title='bbox 395 4444 490 4496; x_wconf 77' lang='grc' dir='ltr'>ἐπὶ</span> <span class='ocrx_word' id='word_1_630' title='bbox 525 4442 697 4512; x_wconf 86' lang='grc' dir='ltr'>ταύτῃ</span> <span class='ocrx_word' id='word_1_631' title='bbox 743 4443 809 4510; x_wconf 81' lang='grc' dir='ltr'>τῇ</span> <span class='ocrx_word' id='word_1_632' title='bbox 862 4440 1047 4509; x_wconf 90' lang='grc' dir='ltr'>χάριτι</span> <span class='ocrx_word' id='word_1_633' title='bbox 1094 4439 1468 4508; x_wconf 82' lang='grc' dir='ltr'>τεταγμένον’</span> <span class='ocrx_word' id='word_1_634' title='bbox 1520 4433 1581 4493; x_wconf 76' lang='grc' dir='ltr'>οὗ</span> <span class='ocrx_word' id='word_1_635' title='bbox 1638 4442 1976 4505; x_wconf 88' lang='grc' dir='ltr'>ἀποστάντος</span> 
     </span>
    </p>
   </div>
   <div class='ocr_carea' id='block_1_82' title="bbox 2077 3264 3663 3335">
    <p class='ocr_par' dir='ltr' id='par_1_82' title="bbox 2077 3264 3663 3335">
     <span class='ocr_line' id='line_1_82' title="bbox 2077 3264 3663 3335; baseline -0.001 -17"><span class='ocrx_word' id='word_1_636' title='bbox 2077 3268 2105 3318; x_wconf 90' lang='grc' dir='ltr'><strong>ὁ</strong></span> <span class='ocrx_word' id='word_1_637' title='bbox 2135 3266 2287 3327; x_wconf 82' lang='grc' dir='ltr'>Θεὸς,</span> <span class='ocrx_word' id='word_1_638' title='bbox 2324 3265 2505 3319; x_wconf 86' lang='grc' dir='ltr'>λαλεῖν</span> <span class='ocrx_word' id='word_1_639' title='bbox 2534 3266 2589 3319; x_wconf 78' lang='grc' dir='ltr'>δὲ</span> <span class='ocrx_word' id='word_1_640' title='bbox 2621 3264 2657 3318; x_wconf 78' lang='grc' dir='ltr'>ἀ</span> <span class='ocrx_word' id='word_1_641' title='bbox 2691 3269 2905 3335; x_wconf 87' lang='grc' dir='ltr'>φρονεῖ,</span> <span class='ocrx_word' id='word_1_642' title='bbox 2944 3270 3119 3319; x_wconf 88' lang='grc' dir='ltr'>ποιεῖν</span> <span class='ocrx_word' id='word_1_643' title='bbox 3163 3268 3219 3319; x_wconf 86' lang='grc' dir='ltr'>δέ</span> <span class='ocrx_word' id='word_1_644' title='bbox 3251 3266 3287 3319; x_wconf 79' lang='grc' dir='ltr'><strong>ἃ</strong></span> <span class='ocrx_word' id='word_1_645' title='bbox 3326 3266 3495 3318; x_wconf 90' lang='grc' dir='ltr'>λαλεῖ.</span> <span class='ocrx_word' id='word_1_646' title='bbox 3536 3266 3663 3318; x_wconf 83' lang='grc' dir='ltr'>Ἐἀν</span> 
     </span>
    </p>
   </div>
   <div class='ocr_carea' id='block_1_83' title="bbox 2074 3348 3664 3421">
    <p class='ocr_par' dir='ltr' id='par_1_83' title="bbox 2074 3348 3664 3421">
     <span class='ocr_line' id='line_1_83' title="bbox 2074 3348 3664 3421; baseline 0.001 -20"><span class='ocrx_word' id='word_1_647' title='bbox 2074 3350 2183 3419; x_wconf 77' lang='grc' dir='ltr'>γὰρ</span> <span class='ocrx_word' id='word_1_648' title='bbox 2214 3348 2289 3419; x_wconf 80' lang='grc' dir='ltr'>μὴ</span> <span class='ocrx_word' id='word_1_649' title='bbox 2316 3353 2383 3419; x_wconf 81' lang='grc' dir='ltr'>τῇ</span> <span class='ocrx_word' id='word_1_650' title='bbox 2419 3348 2649 3420; x_wconf 85' lang='grc' dir='ltr'>ἀληθείᾳ</span> <span class='ocrx_word' id='word_1_651' title='bbox 2676 3350 2786 3402; x_wconf 90' lang='grc' dir='ltr'>τῶν</span> <span class='ocrx_word' id='word_1_652' title='bbox 2812 3352 2986 3417; x_wconf 88' lang='grc' dir='ltr'>λόγων</span> <span class='ocrx_word' id='word_1_653' title='bbox 3004 3352 3038 3419; x_wconf 86' lang='grc' dir='ltr'>ή</span> <span class='ocrx_word' id='word_1_654' title='bbox 3070 3350 3239 3421; x_wconf 81' lang='grc' dir='ltr'>ἀρετὴ</span> <span class='ocrx_word' id='word_1_655' title='bbox 3262 3352 3358 3403; x_wconf 88' lang='grc' dir='ltr'>τοῦ</span> <span class='ocrx_word' id='word_1_656' title='bbox 3388 3351 3503 3421; x_wconf 88' lang='grc' dir='ltr'>βίου</span> <span class='ocrx_word' id='word_1_657' title='bbox 3534 3366 3664 3402; x_wconf 88' lang='grc' dir='ltr'>συν·</span> 
     </span>
    </p>
   </div>
   <div class='ocr_carea' id='block_1_84' title="bbox 2074 3437 3658 3508">
    <p class='ocr_par' dir='ltr' id='par_1_84' title="bbox 2074 3437 3658 3508">
     <span class='ocr_line' id='line_1_84' title="bbox 2074 3437 3658 3508; baseline 0.001 -20"><span class='ocrx_word' id='word_1_658' title='bbox 2074 3438 2267 3507; x_wconf 81' lang='grc' dir='ltr'>τρέχῃ,</span> <span class='ocrx_word' id='word_1_659' title='bbox 2304 3437 2397 3489; x_wconf 70' lang='grc' dir='ltr'>καὶ</span> <span class='ocrx_word' id='word_1_660' title='bbox 2430 3438 2463 3505; x_wconf 88' lang='grc' dir='ltr'>ή</span> <span class='ocrx_word' id='word_1_661' title='bbox 2497 3438 2663 3506; x_wconf 83' lang='grc' dir='ltr'>λοιπὴ</span> <span class='ocrx_word' id='word_1_662' title='bbox 2690 3437 2801 3489; x_wconf 89' lang='grc' dir='ltr'>τῶν</span> <span class='ocrx_word' id='word_1_663' title='bbox 2838 3438 3094 3507; x_wconf 87' lang='grc' dir='ltr'>χρηστῶν</span> <span class='ocrx_word' id='word_1_664' title='bbox 3123 3440 3343 3508; x_wconf 87' lang='grc' dir='ltr'>τρόπων</span> <span class='ocrx_word' id='word_1_665' title='bbox 3386 3438 3658 3505; x_wconf 85' lang='grc' dir='ltr'>εὐγένεια,</span> 
     </span>
    </p>
   </div>
   <div class='ocr_carea' id='block_1_85' title="bbox 2074 3520 3663 3591">
    <p class='ocr_par' dir='ltr' id='par_1_85' title="bbox 2074 3520 3663 3591">
     <span class='ocr_line' id='line_1_85' title="bbox 2074 3520 3663 3591; baseline 0.001 -19"><span class='ocrx_word' id='word_1_666' title='bbox 2074 3520 2237 3588; x_wconf 83' lang='grc' dir='ltr'>ἄρτος</span> <span class='ocrx_word' id='word_1_667' title='bbox 2262 3521 2414 3572; x_wconf 76' lang='grc' dir='ltr'>ἐστὶν</span> <span class='ocrx_word' id='word_1_668' title='bbox 2436 3521 2565 3573; x_wconf 81' lang='grc' dir='ltr'>ἀνευ</span> <span class='ocrx_word' id='word_1_669' title='bbox 2582 3522 2728 3586; x_wconf 89' lang='grc' dir='ltr'>ἀλὸς,</span> <span class='ocrx_word' id='word_1_670' title='bbox 2759 3522 2901 3573; x_wconf 85' lang='grc' dir='ltr'>κατὰ</span> <span class='ocrx_word' id='word_1_671' title='bbox 2924 3522 3014 3573; x_wconf 89' lang='grc' dir='ltr'>τὸν</span> <span class='ocrx_word' id='word_1_672' title='bbox 3042 3523 3310 3591; x_wconf 87' lang='grc' dir='ltr'>μακάριον</span> <span class='ocrx_word' id='word_1_673' title='bbox 3344 3521 3484 3575; x_wconf 85' lang='grc' dir='ltr'>Ἰώϐ.</span> <span class='ocrx_word' id='word_1_674' title='bbox 3523 3521 3581 3573; x_wconf 86' lang='grc'>’0</span> <span class='ocrx_word' id='word_1_675' title='bbox 3605 3521 3663 3573; x_wconf 84' lang='grc' dir='ltr'>δὲ</span> 
     </span>
    </p>
   </div>
   <div class='ocr_carea' id='block_1_86' title="bbox 2073 3601 3664 3675">
    <p class='ocr_par' dir='ltr' id='par_1_86' title="bbox 2073 3601 3664 3675">
     <span class='ocr_line' id='line_1_86' title="bbox 2073 3601 3664 3675; baseline 0.001 -20"><span class='ocrx_word' id='word_1_676' title='bbox 2073 3601 2312 3664; x_wconf 88' lang='grc' dir='ltr'>τοιοῦτος</span> <span class='ocrx_word' id='word_1_677' title='bbox 2340 3601 2681 3673; x_wconf 88' lang='grc' dir='ltr'>βρωθήσεται</span> <span class='ocrx_word' id='word_1_678' title='bbox 2707 3603 2959 3672; x_wconf 81' lang='grc' dir='ltr'>οὐδαμῶς</span> <span class='ocrx_word' id='word_1_679' title='bbox 2986 3620 2999 3634; x_wconf 89' lang='grc'><strong>·</strong></span> <span class='ocrx_word' id='word_1_680' title='bbox 3026 3603 3085 3667; x_wconf 87' lang='grc' dir='ltr'>ὀς</span> <span class='ocrx_word' id='word_1_681' title='bbox 3108 3605 3210 3657; x_wconf 81' lang='grc' dir='ltr'>κᾶν</span> <span class='ocrx_word' id='word_1_682' title='bbox 3232 3605 3414 3675; x_wconf 84' lang='grc' dir='ltr'>βρωθῇ</span> <span class='ocrx_word' id='word_1_683' title='bbox 3440 3605 3517 3666; x_wconf 87' lang='grc' dir='ltr'>είς</span> <span class='ocrx_word' id='word_1_684' title='bbox 3535 3604 3664 3657; x_wconf 87' lang='grc' dir='ltr'>πολ-</span> 
     </span>
    </p>
   </div>
   <div class='ocr_carea' id='block_1_87' title="bbox 2076 3685 3662 3759">
    <p class='ocr_par' dir='ltr' id='par_1_87' title="bbox 2076 3685 3662 3759">
     <span class='ocr_line' id='line_1_87' title="bbox 2076 3685 3662 3759; baseline -0.001 -20"><span class='ocrx_word' id='word_1_685' title='bbox 2076 3686 2175 3757; x_wconf 88' lang='grc' dir='ltr'>λὴν</span> <span class='ocrx_word' id='word_1_686' title='bbox 2208 3686 2466 3755; x_wconf 78' lang='grc' dir='ltr'>καχεξίαν</span> <span class='ocrx_word' id='word_1_687' title='bbox 2501 3685 2763 3755; x_wconf 87' lang='grc' dir='ltr'>ἐμϐάλλει</span> <span class='ocrx_word' id='word_1_688' title='bbox 2791 3686 2885 3739; x_wconf 89' lang='grc' dir='ltr'>τὸν</span> <span class='ocrx_word' id='word_1_689' title='bbox 2919 3686 3190 3741; x_wconf 87' lang='grc' dir='ltr'>ἐσθίοντα.</span> <span class='ocrx_word' id='word_1_690' title='bbox 3229 3689 3289 3740; x_wconf 86' lang='grc' dir='ltr'>Εἰ</span> <span class='ocrx_word' id='word_1_691' title='bbox 3322 3688 3662 3759; x_wconf 87' lang='grc' dir='ltr'>βρωθήσεται</span> 
     </span>
    </p>
   </div>
   <div class='ocr_carea' id='block_1_88' title="bbox 2076 3758 3661 3844">
    <p class='ocr_par' dir='ltr' id='par_1_88' title="bbox 2076 3758 3661 3844">
     <span class='ocr_line' id='line_1_88' title="bbox 2076 3758 3661 3844; baseline -0.001 -20"><span class='ocrx_word' id='word_1_692' title='bbox 2076 3774 2206 3844; x_wconf 71' lang='grc' dir='ltr'>γάρ,</span> <span class='ocrx_word' id='word_1_693' title='bbox 2237 3772 2421 3842; x_wconf 76' lang='grc' dir='ltr'>φησὶν,</span> <span class='ocrx_word' id='word_1_694' title='bbox 2446 3771 2610 3842; x_wconf 80' lang='grc' dir='ltr'>ἄρτος</span> <span class='ocrx_word' id='word_1_695' title='bbox 2634 3770 2762 3824; x_wconf 82' lang='grc' dir='ltr'>ἄνευ</span> <span class='ocrx_word' id='word_1_696' title='bbox 2796 3771 2922 3834; x_wconf 86' lang='grc' dir='ltr'>ἁλός</span> <span class='ocrx_word' id='word_1_697' title='bbox 2944 3789 2959 3839; x_wconf 91' lang='grc'>;</span> <span class='ocrx_word' id='word_1_698' title='bbox 2986 3773 3034 3824; x_wconf 88' lang='grc' dir='ltr'>εἰ</span> <span class='ocrx_word' id='word_1_699' title='bbox 3056 3771 3110 3825; x_wconf 89' lang='grc' dir='ltr'>δέ</span> <span class='ocrx_word' id='word_1_700' title='bbox 3132 3762 3238 3826; x_wconf 63' lang='grc' dir='ltr'>καῖ’</span> <span class='ocrx_word' id='word_1_701' title='bbox 3259 3772 3374 3825; x_wconf 81' lang='grc' dir='ltr'>ἐστι</span> <span class='ocrx_word' id='word_1_702' title='bbox 3394 3758 3576 3841; x_wconf 74' lang='grc' dir='ltr'>γεῦμὶ</span> <span class='ocrx_word' id='word_1_703' title='bbox 3602 3774 3661 3824; x_wconf 90' lang='grc' dir='ltr'>ἐν</span> 
     </span>
    </p>
   </div>
   <div class='ocr_carea' id='block_1_89' title="bbox 2078 3854 3663 3929">
    <p class='ocr_par' dir='ltr' id='par_1_89' title="bbox 2078 3854 3663 3929">
     <span class='ocr_line' id='line_1_89' title="bbox 2078 3854 3663 3929; baseline -0.001 -19"><span class='ocrx_word' id='word_1_704' title='bbox 2078 3858 2287 3929; x_wconf 76' lang='grc' dir='ltr'>ῥήμασι</span> <span class='ocrx_word' id='word_1_705' title='bbox 2312 3858 2509 3919; x_wconf 88' lang='grc' dir='ltr'>κενοῖς,</span> <span class='ocrx_word' id='word_1_706' title='bbox 2537 3854 2681 3908; x_wconf 88' lang='grc' dir='ltr'>τοῦτ’</span> <span class='ocrx_word' id='word_1_707' title='bbox 2698 3855 2845 3911; x_wconf 80' lang='grc' dir='ltr'>ἐστιν</span> <span class='ocrx_word' id='word_1_708' title='bbox 2874 3859 2954 3921; x_wconf 85' lang='grc' dir='ltr'>εἰς</span> <span class='ocrx_word' id='word_1_709' title='bbox 2975 3857 3242 3926; x_wconf 87' lang='grc' dir='ltr'>ὠφέλειαν</span> <span class='ocrx_word' id='word_1_710' title='bbox 3268 3859 3344 3928; x_wconf 81' lang='grc' dir='ltr'>μὴ</span> <span class='ocrx_word' id='word_1_711' title='bbox 3372 3858 3663 3926; x_wconf 85' lang='grc' dir='ltr'>πεπληρω-</span> 
     </span>
    </p>
   </div>
   <div class='ocr_carea' id='block_1_90' title="bbox 2079 3938 3663 4015">
    <p class='ocr_par' dir='ltr' id='par_1_90' title="bbox 2079 3938 3663 4015">
     <span class='ocr_line' id='line_1_90' title="bbox 2079 3938 3663 4015; baseline -0.001 -20"><span class='ocrx_word' id='word_1_712' title='bbox 2079 3943 2263 4015; x_wconf 81' lang='grc' dir='ltr'>μένοις</span> <span class='ocrx_word' id='word_1_713' title='bbox 2300 3943 2367 4012; x_wconf 78' lang='grc' dir='ltr'>τῇ</span> <span class='ocrx_word' id='word_1_714' title='bbox 2399 3940 2678 4012; x_wconf 85' lang='grc' dir='ltr'>μαρτυρίᾳ</span> <span class='ocrx_word' id='word_1_715' title='bbox 2706 3940 2815 3993; x_wconf 89' lang='grc' dir='ltr'>τῶν</span> <span class='ocrx_word' id='word_1_716' title='bbox 2846 3941 3025 3994; x_wconf 89' lang='grc' dir='ltr'>καλῶν</span> <span class='ocrx_word' id='word_1_717' title='bbox 3055 3943 3251 4013; x_wconf 79' lang='grc' dir='ltr'>ἔργων.</span> <span class='ocrx_word' id='word_1_718' title='bbox 3290 3942 3411 3995; x_wconf 86' lang='grc' dir='ltr'>Τῶν</span> <span class='ocrx_word' id='word_1_719' title='bbox 3448 3938 3541 3995; x_wconf 84' lang='grc' dir='ltr'>οῦν</span> <span class='ocrx_word' id='word_1_720' title='bbox 3566 3943 3663 4009; x_wconf 85' lang='grc' dir='ltr'>ἐγ-</span> 
     </span>
    </p>
   </div>
   <div class='ocr_carea' id='block_1_91' title="bbox 2082 4022 3662 4096">
    <p class='ocr_par' dir='ltr' id='par_1_91' title="bbox 2082 4022 3662 4096">
     <span class='ocr_line' id='line_1_91' title="bbox 2082 4022 3662 4096; baseline -0.003 -15"><span class='ocrx_word' id='word_1_721' title='bbox 2082 4024 2461 4093; x_wconf 77' lang='grc' dir='ltr'>καταλείψεων</span> <span class='ocrx_word' id='word_1_722' title='bbox 2486 4022 2733 4094; x_wconf 86' lang='grc' dir='ltr'>διάφοροί</span> <span class='ocrx_word' id='word_1_723' title='bbox 2764 4025 2901 4078; x_wconf 87' lang='grc' dir='ltr'>εἰσιν</span> <span class='ocrx_word' id='word_1_724' title='bbox 2927 4027 2982 4077; x_wconf 90' lang='grc' dir='ltr'>αἰ</span> <span class='ocrx_word' id='word_1_725' title='bbox 3013 4026 3201 4080; x_wconf 88' lang='grc' dir='ltr'>αἰτίαι.</span> <span class='ocrx_word' id='word_1_726' title='bbox 3239 4026 3301 4079; x_wconf 84' lang='grc' dir='ltr'><em>Ἢ</em></span> <span class='ocrx_word' id='word_1_727' title='bbox 3330 4027 3427 4095; x_wconf 80' lang='grc' dir='ltr'>μὲν</span> <span class='ocrx_word' id='word_1_728' title='bbox 3452 4027 3558 4096; x_wconf 77' lang='grc' dir='ltr'>γὰρ</span> <span class='ocrx_word' id='word_1_729' title='bbox 3576 4027 3662 4094; x_wconf 85' lang='grc' dir='ltr'>γί-</span> 
     </span>
    </p>
   </div>
   <div class='ocr_carea' id='block_1_92' title="bbox 2073 4109 3660 4180">
    <p class='ocr_par' dir='ltr' id='par_1_92' title="bbox 2073 4109 3660 4180">
     <span class='ocr_line' id='line_1_92' title="bbox 2073 4109 3660 4180; baseline -0.025 -14"><span class='ocrx_word' id='word_1_730' title='bbox 2073 4128 2226 4167; x_wconf 89' lang='grc' dir='ltr'>νεται</span> <span class='ocrx_word' id='word_1_731' title='bbox 2259 4110 2348 4162; x_wconf 80' lang='grc' dir='ltr'>διὰ</span> <span class='ocrx_word' id='word_1_732' title='bbox 2394 4109 2786 4179; x_wconf 78' lang='grc' dir='ltr'>κεκρυμμένην</span> <span class='ocrx_word' id='word_1_733' title='bbox 2817 4109 3056 4179; x_wconf 52' lang='grc' dir='ltr'>ἀρετὴν,</span> <span class='ocrx_word' id='word_1_734' title='bbox 3083 4110 3170 4162; x_wconf 69' lang='grc' dir='ltr'>ἵνα</span> <span class='ocrx_word' id='word_1_735' title='bbox 3200 4110 3485 4180; x_wconf 47' lang='grc' dir='ltr'>φανερωθῇ</span> <span class='ocrx_word' id='word_1_736' title='bbox 3515 4111 3588 4172; x_wconf 69' lang='grc' dir='ltr'>ὡς</span> <span class='ocrx_word' id='word_1_737' title='bbox 3626 4110 3660 4179; x_wconf 71' lang='grc' dir='ltr'>ἡ</span> 
     </span>
    </p>
   </div>
   <div class='ocr_carea' id='block_1_93' title="bbox 2076 4192 3660 4264">
    <p class='ocr_par' dir='ltr' id='par_1_93' title="bbox 2076 4192 3660 4264">
     <span class='ocr_line' id='line_1_93' title="bbox 2076 4192 3660 4264; baseline -0.002 -13"><span class='ocrx_word' id='word_1_738' title='bbox 2076 4197 2173 4251; x_wconf 91' lang='grc' dir='ltr'>τοῦ</span> <span class='ocrx_word' id='word_1_739' title='bbox 2211 4194 2452 4264; x_wconf 84' lang='grc' dir='ltr'>μεγάλου</span> <span class='ocrx_word' id='word_1_740' title='bbox 2479 4194 2576 4263; x_wconf 84' lang='grc' dir='ltr'>τῆς</span> <span class='ocrx_word' id='word_1_741' title='bbox 2608 4192 2887 4263; x_wconf 81' lang='grc' dir='ltr'>ὑπομονῆς</span> <span class='ocrx_word' id='word_1_742' title='bbox 2932 4192 3168 4264; x_wconf 86' lang='grc' dir='ltr'>ἀθλητοῦ</span> <span class='ocrx_word' id='word_1_743' title='bbox 3214 4194 3355 4260; x_wconf 86' lang='grc' dir='ltr'>Ἰὼϐ,</span> <span class='ocrx_word' id='word_1_744' title='bbox 3395 4195 3490 4248; x_wconf 83' lang='grc' dir='ltr'>τοῦ</span> <span class='ocrx_word' id='word_1_745' title='bbox 3523 4193 3660 4248; x_wconf 90' lang='grc' dir='ltr'>Θεοῦ</span> 
     </span>
    </p>
   </div>
   <div class='ocr_carea' id='block_1_94' title="bbox 2077 4276 3661 4351">
    <p class='ocr_par' dir='ltr' id='par_1_94' title="bbox 2077 4276 3661 4351">
     <span class='ocr_line' id='line_1_94' title="bbox 2077 4276 3661 4351; baseline -0.001 -19"><span class='ocrx_word' id='word_1_746' title='bbox 2077 4279 2515 4351; x_wconf 80' lang='grc' dir='ltr'>χρηματίζοντος</span> <span class='ocrx_word' id='word_1_747' title='bbox 2530 4276 2726 4347; x_wconf 88' lang='grc' dir='ltr'>τούτῳ,</span> <span class='ocrx_word' id='word_1_748' title='bbox 2752 4277 2847 4332; x_wconf 81' lang='grc' dir='ltr'>καὶ</span> <span class='ocrx_word' id='word_1_749' title='bbox 2867 4277 3136 4345; x_wconf 84' lang='grc' dir='ltr'>λέγοντος⁶</span> <span class='ocrx_word' id='word_1_750' title='bbox 3159 4278 3249 4348; x_wconf 83' lang='grc' dir='ltr'><strong>Μὴ</strong></span> <span class='ocrx_word' id='word_1_751' title='bbox 3270 4277 3533 4331; x_wconf 87' lang='grc' dir='ltr'>ἀποποιοῦ</span> <span class='ocrx_word' id='word_1_752' title='bbox 3559 4296 3661 4348; x_wconf 92' lang='grc' dir='ltr'>μου</span> 
     </span>
    </p>
   </div>
   <div class='ocr_carea' id='block_1_95' title="bbox 2078 4360 3661 4433">
    <p class='ocr_par' dir='ltr' id='par_1_95' title="bbox 2078 4360 3661 4433">
     <span class='ocr_line' id='line_1_95' title="bbox 2078 4360 3661 4433; baseline -0.003 -16"><span class='ocrx_word' id='word_1_753' title='bbox 2078 4364 2143 4417; x_wconf 88' lang='grc' dir='ltr'>τὸ</span> <span class='ocrx_word' id='word_1_754' title='bbox 2174 4366 2383 4433; x_wconf 85' lang='grc' dir='ltr'>κρῖμα’</span> <span class='ocrx_word' id='word_1_755' title='bbox 2417 4360 2551 4430; x_wconf 87' lang='grc' dir='ltr'>μηδέ</span> <span class='ocrx_word' id='word_1_756' title='bbox 2583 4360 2671 4431; x_wconf 86' lang='grc' dir='ltr'>οίῃ</span> <span class='ocrx_word' id='word_1_757' title='bbox 2705 4378 2773 4431; x_wconf 90' lang='grc' dir='ltr'>με</span> <span class='ocrx_word' id='word_1_758' title='bbox 2817 4360 2995 4421; x_wconf 76' lang='grc' dir='ltr'>ἄλλως</span> <span class='ocrx_word' id='word_1_759' title='bbox 3026 4378 3108 4414; x_wconf 88' lang='grc' dir='ltr'>σοι</span> <span class='ocrx_word' id='word_1_760' title='bbox 3152 4362 3661 4432; x_wconf 88' lang='grc' dir='ltr'>κεχρηματικέναι,</span> 
     </span>
    </p>
   </div>
   <div class='ocr_carea' id='block_1_96' title="bbox 2080 4441 3663 4515">
    <p class='ocr_par' dir='ltr' id='par_1_96' title="bbox 2080 4441 3663 4515">
     <span class='ocr_line' id='line_1_96' title="bbox 2080 4441 3663 4515; baseline -0.001 -15"><span class='ocrx_word' id='word_1_761' title='bbox 2080 4447 2195 4501; x_wconf 87' lang='grc' dir='ltr'>ἀλλ’</span> <span class='ocrx_word' id='word_1_762' title='bbox 2220 4447 2307 4499; x_wconf 85' lang='grc' dir='ltr'>ἵνα</span> <span class='ocrx_word' id='word_1_763' title='bbox 2334 4447 2615 4514; x_wconf 79' lang='grc' dir='ltr'>ἀναφανῇς</span> <span class='ocrx_word' id='word_1_764' title='bbox 2636 4444 2864 4507; x_wconf 81' lang='grc' dir='ltr'>δίκαιος,</span> <span class='ocrx_word' id='word_1_765' title='bbox 2902 4445 3057 4515; x_wconf 79' lang='grc' dir='ltr'>Ἐμοὶ</span> <span class='ocrx_word' id='word_1_766' title='bbox 3085 4445 3183 4514; x_wconf 82' lang='grc' dir='ltr'>μὲν</span> <span class='ocrx_word' id='word_1_767' title='bbox 3205 4447 3313 4514; x_wconf 87' lang='grc' dir='ltr'>γὰρ</span> <span class='ocrx_word' id='word_1_768' title='bbox 3334 4445 3576 4513; x_wconf 79' lang='grc' dir='ltr'>γνωστὸς</span> <span class='ocrx_word' id='word_1_769' title='bbox 3594 4441 3663 4513; x_wconf 80' lang='grc' dir='ltr'>ἧς</span> 
     </span>
    </p>
   </div>
   <div class='ocr_carea' id='block_1_97' title="bbox 394 4522 3660 4601">
    <p class='ocr_par' dir='ltr' id='par_1_97' title="bbox 394 4522 3660 4601">
     <span class='ocr_line' id='line_1_97' title="bbox 394 4522 3660 4601; baseline 0 -20"><span class='ocrx_word' id='word_1_770' title='bbox 394 4523 923 4586; x_wconf 75' lang='grc' dir='ltr'>καταδυναστευθεὶς</span> <span class='ocrx_word' id='word_1_771' title='bbox 975 4523 1080 4574; x_wconf 84' lang='grc' dir='ltr'>ὑπὸ</span> <span class='ocrx_word' id='word_1_772' title='bbox 1122 4522 1215 4575; x_wconf 89' lang='grc' dir='ltr'>τοῦ</span> <span class='ocrx_word' id='word_1_773' title='bbox 1266 4524 1645 4593; x_wconf 88' lang='grc' dir='ltr'>ἀντικειμένου</span> <span class='ocrx_word' id='word_1_774' title='bbox 1683 4527 1711 4577; x_wconf 92' lang='lat'>6</span> <span class='ocrx_word' id='word_1_775' title='bbox 1755 4526 1977 4596; x_wconf 87' lang='grc' dir='ltr'>ἐπαιρό-</span> <span class='ocrx_word' id='word_1_776' title='bbox 2010 4535 2051 4589; x_wconf 82' lang='grc' dir='ltr'><strong>ι)</strong></span> <span class='ocrx_word' id='word_1_777' title='bbox 2082 4530 2331 4601; x_wconf 78' lang='grc' dir='ltr'>ἐξάρχῆς</span> <span class='ocrx_word' id='word_1_778' title='bbox 2354 4528 2432 4598; x_wconf 85' lang='grc' dir='ltr'>τῷ</span> <span class='ocrx_word' id='word_1_779' title='bbox 2450 4528 2701 4596; x_wconf 86' lang='grc' dir='ltr'>βλέποντι</span> <span class='ocrx_word' id='word_1_780' title='bbox 2720 4527 2788 4580; x_wconf 86' lang='grc' dir='ltr'>τά</span> <span class='ocrx_word' id='word_1_781' title='bbox 2807 4529 3045 4597; x_wconf 88' lang='grc' dir='ltr'>κρυπτά,</span> <span class='ocrx_word' id='word_1_782' title='bbox 3076 4530 3167 4581; x_wconf 91' lang='grc' dir='ltr'>καί</span> <span class='ocrx_word' id='word_1_783' title='bbox 3192 4530 3388 4599; x_wconf 82' lang='grc' dir='ltr'>ὁρῶντι</span> <span class='ocrx_word' id='word_1_784' title='bbox 3416 4531 3495 4592; x_wconf 80' lang='grc' dir='ltr'>εἰς</span> <span class='ocrx_word' id='word_1_785' title='bbox 3522 4529 3660 4599; x_wconf 86' lang='grc' dir='ltr'>βάθη</span> 
     </span>
    </p>
   </div>
   <div class='ocr_carea' id='block_1_98' title="bbox 401 4606 1974 4683">
    <p class='ocr_par' dir='ltr' id='par_1_98' title="bbox 401 4606 1974 4683">
     <span class='ocr_line' id='line_1_98' title="bbox 401 4606 1974 4683; baseline -0.003 -18"><span class='ocrx_word' id='word_1_786' title='bbox 401 4629 561 4683; x_wconf 89' lang='grc' dir='ltr'>μενος</span> <span class='ocrx_word' id='word_1_787' title='bbox 601 4613 666 4681; x_wconf 77' lang='grc' dir='ltr'>τῇ</span> <span class='ocrx_word' id='word_1_788' title='bbox 700 4609 920 4677; x_wconf 79' lang='grc' dir='ltr'>εὐφυΐᾳ,</span> <span class='ocrx_word' id='word_1_789' title='bbox 951 4607 1272 4677; x_wconf 85' lang='grc' dir='ltr'>περιπίπτει</span> <span class='ocrx_word' id='word_1_790' title='bbox 1322 4606 1605 4677; x_wconf 90' lang='grc' dir='ltr'>ἀκολασίᾳ,</span> <span class='ocrx_word' id='word_1_791' title='bbox 1643 4609 1731 4662; x_wconf 85' lang='grc' dir='ltr'>ίνα</span> <span class='ocrx_word' id='word_1_792' title='bbox 1761 4608 1974 4675; x_wconf 84' lang='grc' dir='ltr'>κτηνώ-</span> 
     </span>
    </p>
   </div>
   <div class='ocr_carea' id='block_1_99' title="bbox 398 4689 1974 4766">
    <p class='ocr_par' dir='ltr' id='par_1_99' title="bbox 398 4689 1974 4766">
     <span class='ocr_line' id='line_1_99' title="bbox 398 4689 1974 4766; baseline -0.004 -17"><span class='ocrx_word' id='word_1_793' title='bbox 398 4696 516 4765; x_wconf 90' lang='grc' dir='ltr'>δης,</span> <span class='ocrx_word' id='word_1_794' title='bbox 547 4695 580 4766; x_wconf 83' lang='grc' dir='ltr'>ἢ</span> <span class='ocrx_word' id='word_1_795' title='bbox 614 4696 646 4765; x_wconf 85' lang='grc' dir='ltr'><strong>ὴ</strong></span> <span class='ocrx_word' id='word_1_796' title='bbox 681 4690 922 4761; x_wconf 89' lang='grc' dir='ltr'>κυνώδης</span> <span class='ocrx_word' id='word_1_797' title='bbox 960 4689 1224 4742; x_wconf 87' lang='grc' dir='ltr'>ἀκολασία</span> <span class='ocrx_word' id='word_1_798' title='bbox 1263 4689 1493 4761; x_wconf 83' lang='grc' dir='ltr'>ἐξελάσῃ</span> <span class='ocrx_word' id='word_1_799' title='bbox 1525 4691 1621 4761; x_wconf 84' lang='grc' dir='ltr'>τὴν</span> <span class='ocrx_word' id='word_1_800' title='bbox 1647 4691 1974 4761; x_wconf 83' lang='grc' dir='ltr'>δαιμονιώδη</span> 
     </span>
    </p>
   </div>
   <div class='ocr_carea' id='block_1_100' title="bbox 399 4772 1975 4847">
    <p class='ocr_par' dir='ltr' id='par_1_100' title="bbox 399 4772 1975 4847">
     <span class='ocr_line' id='line_1_100' title="bbox 399 4772 1975 4847; baseline -0.004 -16"><span class='ocrx_word' id='word_1_801' title='bbox 399 4778 685 4847; x_wconf 89' lang='grc' dir='ltr'>φυσίωσιν,</span> <span class='ocrx_word' id='word_1_802' title='bbox 711 4775 846 4843; x_wconf 80' lang='grc' dir='ltr'>ὅπερ</span> <span class='ocrx_word' id='word_1_803' title='bbox 876 4772 1021 4824; x_wconf 73' lang='grc' dir='ltr'>ἐστἰν</span> <span class='ocrx_word' id='word_1_804' title='bbox 1054 4772 1427 4842; x_wconf 78' lang='grc' dir='ltr'>ὑπερηφανίαο</span> <span class='ocrx_word' id='word_1_805' title='bbox 1462 4773 1547 4825; x_wconf 81' lang='grc' dir='ltr'>ἵνα</span> <span class='ocrx_word' id='word_1_806' title='bbox 1572 4773 1667 4825; x_wconf 88' lang='grc' dir='ltr'>τοῦ</span> <span class='ocrx_word' id='word_1_807' title='bbox 1700 4775 1975 4846; x_wconf 90' lang='grc' dir='ltr'>μάρτυρος</span> 
     </span>
    </p>
   </div>
   <div class='ocr_carea' id='block_1_101' title="bbox 397 4856 1978 4931">
    <p class='ocr_par' dir='ltr' id='par_1_101' title="bbox 397 4856 1978 4931">
     <span class='ocr_line' id='line_1_101' title="bbox 397 4856 1978 4931; baseline -0.003 -16"><span class='ocrx_word' id='word_1_808' title='bbox 397 4862 495 4931; x_wconf 82' lang='grc' dir='ltr'>τῆς</span> <span class='ocrx_word' id='word_1_809' title='bbox 533 4857 891 4929; x_wconf 85' lang='grc' dir='ltr'>σωφροσύνης</span> <span class='ocrx_word' id='word_1_810' title='bbox 918 4856 1325 4925; x_wconf 87' lang='grc' dir='ltr'>ἀφαιρεθέντος,</span> <span class='ocrx_word' id='word_1_811' title='bbox 1363 4857 1463 4908; x_wconf 89' lang='grc' dir='ltr'>οὐκ</span> <span class='ocrx_word' id='word_1_812' title='bbox 1487 4857 1777 4922; x_wconf 83' lang='grc' dir='ltr'>ἀξιόπιστα</span> <span class='ocrx_word' id='word_1_813' title='bbox 1815 4863 1978 4929; x_wconf 84' lang='grc' dir='ltr'>γένη-</span> 
     </span>
    </p>
   </div>
   <div class='ocr_carea' id='block_1_102' title="bbox 396 4939 1978 5009">
    <p class='ocr_par' dir='ltr' id='par_1_102' title="bbox 396 4939 1978 5009">
     <span class='ocr_line' id='line_1_102' title="bbox 396 4939 1978 5009; baseline -0.001 -13"><span class='ocrx_word' id='word_1_814' title='bbox 396 4962 486 4997; x_wconf 91' lang='grc' dir='ltr'>ται</span> <span class='ocrx_word' id='word_1_815' title='bbox 525 4943 596 4996; x_wconf 81' lang='grc' dir='ltr'>τὰ</span> <span class='ocrx_word' id='word_1_816' title='bbox 619 4942 889 5009; x_wconf 90' lang='grc' dir='ltr'>λεγόμενα</span> <span class='ocrx_word' id='word_1_817' title='bbox 919 4940 1051 5009; x_wconf 78' lang='grc' dir='ltr'>παρ’</span> <span class='ocrx_word' id='word_1_818' title='bbox 1081 4939 1261 4992; x_wconf 87' lang='grc' dir='ltr'>αὐτῶν</span> <span class='ocrx_word' id='word_1_819' title='bbox 1286 4954 1300 4968; x_wconf 88' lang='grc'><strong>·</strong></span> <span class='ocrx_word' id='word_1_820' title='bbox 1346 4939 1660 5007; x_wconf 86' lang='grc' dir='ltr'>φευγόντων</span> <span class='ocrx_word' id='word_1_821' title='bbox 1685 4941 1795 4993; x_wconf 93' lang='grc' dir='ltr'>τῶν</span> <span class='ocrx_word' id='word_1_822' title='bbox 1821 4944 1978 4995; x_wconf 88' lang='grc' dir='ltr'>εὐλα-</span> 
     </span>
    </p>
   </div>
   <div class='ocr_carea' id='block_1_103' title="bbox 396 5021 1974 5095">
    <p class='ocr_par' dir='ltr' id='par_1_103' title="bbox 396 5021 1974 5095">
     <span class='ocr_line' id='line_1_103' title="bbox 396 5021 1974 5095; baseline -0.001 -14"><span class='ocrx_word' id='word_1_823' title='bbox 396 5026 509 5081; x_wconf 89' lang='grc' dir='ltr'>ϐῶν</span> <span class='ocrx_word' id='word_1_824' title='bbox 560 5025 658 5095; x_wconf 86' lang='grc' dir='ltr'>τὴν</span> <span class='ocrx_word' id='word_1_825' title='bbox 706 5026 769 5076; x_wconf 86' lang='grc' dir='ltr'>ἐκ</span> <span class='ocrx_word' id='word_1_826' title='bbox 817 5021 912 5074; x_wconf 88' lang='grc' dir='ltr'>τοῦ</span> <span class='ocrx_word' id='word_1_827' title='bbox 972 5021 1215 5075; x_wconf 89' lang='grc' dir='ltr'>τοιούτου</span> <span class='ocrx_word' id='word_1_828' title='bbox 1262 5022 1533 5092; x_wconf 90' lang='grc' dir='ltr'>στόματος</span> <span class='ocrx_word' id='word_1_829' title='bbox 1585 5024 1974 5095; x_wconf 85' lang='grc' dir='ltr'>διδασκαλίαν,</span> 
     </span>
    </p>
   </div>
   <div class='ocr_carea' id='block_1_104' title="bbox 397 5104 1977 5178">
    <p class='ocr_par' dir='ltr' id='par_1_104' title="bbox 397 5104 1977 5178">
     <span class='ocr_line' id='line_1_104' title="bbox 397 5104 1977 5178; baseline 0 -15"><span class='ocrx_word' id='word_1_830' title='bbox 397 5110 648 5178; x_wconf 87' lang='grc' dir='ltr'>καθάπερ</span> <span class='ocrx_word' id='word_1_831' title='bbox 676 5106 860 5175; x_wconf 79' lang='grc' dir='ltr'>πηγὴν</span> <span class='ocrx_word' id='word_1_832' title='bbox 885 5104 1107 5174; x_wconf 80' lang='grc' dir='ltr'>βδέλλας</span> <span class='ocrx_word' id='word_1_833' title='bbox 1135 5104 1362 5174; x_wconf 75' lang='grc' dir='ltr'>ἔχουσαν</span> <span class='ocrx_word' id='word_1_834' title='bbox 1384 5122 1398 5136; x_wconf 90' lang='grc'><strong>·</strong></span> <span class='ocrx_word' id='word_1_835' title='bbox 1430 5106 1506 5169; x_wconf 86' lang='grc' dir='ltr'>ώς</span> <span class='ocrx_word' id='word_1_836' title='bbox 1548 5109 1889 5178; x_wconf 86' lang='grc' dir='ltr'>πληροῦσθαι</span> <span class='ocrx_word' id='word_1_837' title='bbox 1917 5111 1977 5163; x_wconf 91' lang='grc' dir='ltr'>τὸ</span> 
     </span>
    </p>
   </div>
   <div class='ocr_carea' id='block_1_105' title="bbox 398 5184 1978 5263">
    <p class='ocr_par' dir='ltr' id='par_1_105' title="bbox 398 5184 1978 5263">
     <span class='ocr_line' id='line_1_105' title="bbox 398 5184 1978 5263; baseline 0.015 -38"><span class='ocrx_word' id='word_1_838' title='bbox 398 5193 783 5263; x_wconf 68' lang='grc' dir='ltr'>γεγραμμένον</span> <span class='ocrx_word' id='word_1_839' title='bbox 814 5203 831 5218; x_wconf 83' lang='grc'><em>’</em></span> <span class='ocrx_word' id='word_1_840' title='bbox 857 5188 944 5256; x_wconf 72' lang='grc' dir='ltr'>Τᾠ</span> <span class='ocrx_word' id='word_1_841' title='bbox 987 5188 1043 5240; x_wconf 82' lang='grc' dir='ltr'>δὲ</span> <span class='ocrx_word' id='word_1_842' title='bbox 1078 5187 1389 5258; x_wconf 82' lang='grc' dir='ltr'>ἁμαρτωλῷ</span> <span class='ocrx_word' id='word_1_843' title='bbox 1422 5184 1575 5243; x_wconf 83' lang='grc' dir='ltr'>εἶπεν</span> <span class='ocrx_word' id='word_1_844' title='bbox 1619 5195 1647 5245; x_wconf 90' lang='lat'>6</span> <span class='ocrx_word' id='word_1_845' title='bbox 1675 5192 1827 5257; x_wconf 71' lang='grc' dir='ltr'>Θεόςο</span> <span class='ocrx_word' id='word_1_846' title='bbox 1864 5195 1978 5249; x_wconf 74' lang='grc' dir='ltr'>ἰνα</span> 
     </span>
    </p>
   </div>
   <div class='ocr_carea' id='block_1_106' title="bbox 396 5271 1978 5345">
    <p class='ocr_par' dir='ltr' id='par_1_106' title="bbox 396 5271 1978 5345">
     <span class='ocr_line' id='line_1_106' title="bbox 396 5271 1978 5345; baseline 0.002 -16"><span class='ocrx_word' id='word_1_847' title='bbox 396 5278 450 5329; x_wconf 90' lang='grc' dir='ltr'>τί</span> <span class='ocrx_word' id='word_1_848' title='bbox 478 5293 539 5329; x_wconf 92' lang='grc' dir='ltr'>συ</span> <span class='ocrx_word' id='word_1_849' title='bbox 568 5276 793 5345; x_wconf 87' lang='grc' dir='ltr'>ἐκδιηγῇ</span> <span class='ocrx_word' id='word_1_850' title='bbox 820 5273 886 5324; x_wconf 89' lang='grc' dir='ltr'>τά</span> <span class='ocrx_word' id='word_1_851' title='bbox 910 5271 1255 5340; x_wconf 85' lang='grc' dir='ltr'>δικαιώματά</span> <span class='ocrx_word' id='word_1_852' title='bbox 1282 5289 1406 5340; x_wconf 87' lang='grc' dir='ltr'>μου,</span> <span class='ocrx_word' id='word_1_853' title='bbox 1436 5274 1530 5326; x_wconf 79' lang='grc' dir='ltr'>καὶ</span> <span class='ocrx_word' id='word_1_854' title='bbox 1573 5274 1978 5344; x_wconf 87' lang='grc' dir='ltr'>ἀναλαμϐάνεις</span> 
     </span>
    </p>
   </div>
   <div class='ocr_carea' id='block_1_107' title="bbox 396 5357 1977 5435">
    <p class='ocr_par' dir='ltr' id='par_1_107' title="bbox 396 5357 1977 5435">
     <span class='ocr_line' id='line_1_107' title="bbox 396 5357 1977 5435; baseline 0.004 -24"><span class='ocrx_word' id='word_1_855' title='bbox 396 5362 493 5431; x_wconf 79' lang='grc' dir='ltr'>τὴν</span> <span class='ocrx_word' id='word_1_856' title='bbox 522 5360 786 5429; x_wconf 88' lang='grc' dir='ltr'>διαθήκην</span> <span class='ocrx_word' id='word_1_857' title='bbox 821 5376 922 5427; x_wconf 91' lang='grc' dir='ltr'>μου</span> <span class='ocrx_word' id='word_1_858' title='bbox 966 5357 1056 5410; x_wconf 77' lang='grc' dir='ltr'>διὰ</span> <span class='ocrx_word' id='word_1_859' title='bbox 1100 5357 1366 5425; x_wconf 88' lang='grc' dir='ltr'>στόματός</span> <span class='ocrx_word' id='word_1_860' title='bbox 1412 5375 1540 5424; x_wconf 88' lang='grc' dir='ltr'>σου;</span> <span class='ocrx_word' id='word_1_861' title='bbox 1594 5360 1835 5415; x_wconf 85' lang='grc' dir='ltr'>Ἐοίκασι</span> <span class='ocrx_word' id='word_1_862' title='bbox 1868 5364 1977 5435; x_wconf 82' lang='grc' dir='ltr'>γὰρ</span> 
     </span>
    </p>
   </div>
   <div class='ocr_carea' id='block_1_108' title="bbox 396 5439 1972 5516">
    <p class='ocr_par' dir='ltr' id='par_1_108' title="bbox 396 5439 1972 5516">
     <span class='ocr_line' id='line_1_108' title="bbox 396 5439 1972 5516; baseline -0.006 -17"><span class='ocrx_word' id='word_1_863' title='bbox 396 5444 612 5510; x_wconf 87' lang='grc' dir='ltr'>άληθῶς</span> <span class='ocrx_word' id='word_1_864' title='bbox 645 5445 702 5497; x_wconf 90' lang='grc' dir='ltr'>αἱ</span> <span class='ocrx_word' id='word_1_865' title='bbox 741 5444 849 5496; x_wconf 88' lang='grc' dir='ltr'>τῶν</span> <span class='ocrx_word' id='word_1_866' title='bbox 900 5441 1165 5512; x_wconf 89' lang='grc' dir='ltr'>ἐμπαθῶν</span> <span class='ocrx_word' id='word_1_867' title='bbox 1211 5439 1381 5510; x_wconf 72' lang='grc' dir='ltr'>ψυχαὶ</span> <span class='ocrx_word' id='word_1_868' title='bbox 1420 5442 1696 5513; x_wconf 88' lang='grc' dir='ltr'>διαφόροις</span> <span class='ocrx_word' id='word_1_869' title='bbox 1735 5450 1972 5516; x_wconf 80' lang='grc' dir='ltr'>πηγαῖςο</span> 
     </span>
    </p>
   </div>
   <div class='ocr_carea' id='block_1_109' title="bbox 398 5526 1976 5603">
    <p class='ocr_par' dir='ltr' id='par_1_109' title="bbox 398 5526 1976 5603">
     <span class='ocr_line' id='line_1_109' title="bbox 398 5526 1976 5603; baseline 0 -20"><span class='ocrx_word' id='word_1_870' title='bbox 398 5531 455 5586; x_wconf 75' lang='grc' dir='ltr'>αἱ</span> <span class='ocrx_word' id='word_1_871' title='bbox 491 5530 590 5599; x_wconf 84' lang='grc' dir='ltr'>μὲν</span> <span class='ocrx_word' id='word_1_872' title='bbox 622 5529 1029 5598; x_wconf 89' lang='grc' dir='ltr'>γαστρίμαργοι</span> <span class='ocrx_word' id='word_1_873' title='bbox 1054 5529 1147 5580; x_wconf 73' lang='grc' dir='ltr'>καὶ</span> <span class='ocrx_word' id='word_1_874' title='bbox 1178 5526 1433 5595; x_wconf 88' lang='grc' dir='ltr'>οἰνόφιλοι</span> <span class='ocrx_word' id='word_1_875' title='bbox 1468 5532 1672 5597; x_wconf 87' lang='grc' dir='ltr'>πηγαῖς</span> <span class='ocrx_word' id='word_1_876' title='bbox 1704 5529 1976 5603; x_wconf 79' lang='grc' dir='ltr'>βορϐορώο</span> 
     </span>
    </p>
   </div>
   <div class='ocr_carea' id='block_1_110' title="bbox 395 5610 1976 5684">
    <p class='ocr_par' dir='ltr' id='par_1_110' title="bbox 395 5610 1976 5684">
     <span class='ocr_line' id='line_1_110' title="bbox 395 5610 1976 5684; baseline 0.002 -19"><span class='ocrx_word' id='word_1_877' title='bbox 395 5615 575 5673; x_wconf 84' lang='grc' dir='ltr'>δεσιν,</span> <span class='ocrx_word' id='word_1_878' title='bbox 613 5613 671 5664; x_wconf 91' lang='grc' dir='ltr'>αί</span> <span class='ocrx_word' id='word_1_879' title='bbox 715 5610 772 5663; x_wconf 80' lang='grc' dir='ltr'>δὲ</span> <span class='ocrx_word' id='word_1_880' title='bbox 825 5611 1149 5682; x_wconf 82' lang='grc' dir='ltr'>φιλάργυροι</span> <span class='ocrx_word' id='word_1_881' title='bbox 1197 5612 1291 5662; x_wconf 81' lang='grc' dir='ltr'>καὶ</span> <span class='ocrx_word' id='word_1_882' title='bbox 1343 5610 1722 5665; x_wconf 82' lang='grc' dir='ltr'>πλεονεκτικαὶ</span> <span class='ocrx_word' id='word_1_883' title='bbox 1772 5618 1976 5684; x_wconf 88' lang='grc' dir='ltr'>πηγαῖς</span> 
     </span>
    </p>
   </div>
   <div class='ocr_carea' id='block_1_111' title="bbox 399 5693 1973 5768">
    <p class='ocr_par' dir='ltr' id='par_1_111' title="bbox 399 5693 1973 5768">
     <span class='ocr_line' id='line_1_111' title="bbox 399 5693 1973 5768; baseline 0.004 -22"><span class='ocrx_word' id='word_1_884' title='bbox 399 5695 703 5766; x_wconf 80' lang='grc' dir='ltr'>βιτράχους</span> <span class='ocrx_word' id='word_1_885' title='bbox 729 5693 1000 5764; x_wconf 89' lang='grc' dir='ltr'>ἐχούσαις.</span> <span class='ocrx_word' id='word_1_886' title='bbox 1027 5696 1094 5747; x_wconf 81' lang='grc' dir='ltr'>Αἰ</span> <span class='ocrx_word' id='word_1_887' title='bbox 1116 5696 1170 5748; x_wconf 78' lang='grc' dir='ltr'>δὲ</span> <span class='ocrx_word' id='word_1_888' title='bbox 1194 5694 1454 5764; x_wconf 86' lang='grc' dir='ltr'>βάσκανοι</span> <span class='ocrx_word' id='word_1_889' title='bbox 1500 5697 1593 5748; x_wconf 79' lang='grc' dir='ltr'>καί</span> <span class='ocrx_word' id='word_1_890' title='bbox 1612 5697 1973 5768; x_wconf 84' lang='grc' dir='ltr'>ὑπερήφανοι,</span> 
     </span>
    </p>
   </div>
   <div class='ocr_carea' id='block_1_112' title="bbox 404 5777 1973 5862">
    <p class='ocr_par' dir='ltr' id='par_1_112' title="bbox 404 5777 1973 5862">
     <span class='ocr_line' id='line_1_112' title="bbox 404 5777 1973 5862; baseline 0.002 -27"><span class='ocrx_word' id='word_1_891' title='bbox 404 5779 899 5862; x_wconf 77' lang='grc' dir='ltr'>ἐπιτηδειότηταδὲ</span> <span class='ocrx_word' id='word_1_892' title='bbox 929 5779 1183 5848; x_wconf 87' lang='grc' dir='ltr'>γνώσεως</span> <span class='ocrx_word' id='word_1_893' title='bbox 1224 5777 1445 5851; x_wconf 78' lang='grc' dir='ltr'>ἔχουσαι</span> <span class='ocrx_word' id='word_1_894' title='bbox 1465 5820 1481 5848; x_wconf 90' lang='grc'>,</span> <span class='ocrx_word' id='word_1_895' title='bbox 1516 5782 1699 5851; x_wconf 80' lang='grc' dir='ltr'>ὅμοιαί</span> <span class='ocrx_word' id='word_1_896' title='bbox 1728 5785 1836 5837; x_wconf 87' lang='grc' dir='ltr'>είσι</span> <span class='ocrx_word' id='word_1_897' title='bbox 1868 5802 1973 5856; x_wconf 86' lang='grc' dir='ltr'>πη-</span> 
     </span>
    </p>
   </div>
   <div class='ocr_carea' id='block_1_113' title="bbox 2082 4611 3661 4683">
    <p class='ocr_par' dir='ltr' id='par_1_113' title="bbox 2082 4611 3661 4683">
     <span class='ocr_line' id='line_1_113' title="bbox 2082 4611 3661 4683; baseline -0.003 -16"><span class='ocrx_word' id='word_1_898' title='bbox 2082 4612 2359 4683; x_wconf 83' lang='grc' dir='ltr'>λογισμῶν</span> <span class='ocrx_word' id='word_1_899' title='bbox 2393 4612 2775 4681; x_wconf 87' lang='grc' dir='ltr'>ἀνθρωπίνων.</span> <span class='ocrx_word' id='word_1_900' title='bbox 2836 4611 3051 4681; x_wconf 80' lang='grc' dir='ltr'>Ἐπειδὴ</span> <span class='ocrx_word' id='word_1_901' title='bbox 3085 4611 3141 4664; x_wconf 92' lang='grc' dir='ltr'>δέ</span> <span class='ocrx_word' id='word_1_902' title='bbox 3170 4612 3405 4681; x_wconf 83' lang='grc' dir='ltr'>ήγνόητό</span> <span class='ocrx_word' id='word_1_903' title='bbox 3451 4629 3545 4664; x_wconf 88' lang='grc' dir='ltr'>σου</span> <span class='ocrx_word' id='word_1_904' title='bbox 3574 4629 3661 4663; x_wconf 85' lang='grc' dir='ltr'>το-</span> 
     </span>
    </p>
   </div>
   <div class='ocr_carea' id='block_1_114' title="bbox 2084 4692 3662 4766">
    <p class='ocr_par' dir='ltr' id='par_1_114' title="bbox 2084 4692 3662 4766">
     <span class='ocr_line' id='line_1_114' title="bbox 2084 4692 3662 4766; baseline 0 -17"><span class='ocrx_word' id='word_1_905' title='bbox 2084 4698 2258 4750; x_wconf 75' lang='grc' dir='ltr'>σαῦτα</span> <span class='ocrx_word' id='word_1_906' title='bbox 2309 4692 2712 4764; x_wconf 85' lang='grc' dir='ltr'>κατορθώματα</span> <span class='ocrx_word' id='word_1_907' title='bbox 2744 4698 2856 4758; x_wconf 84' lang='grc' dir='ltr'>τοῖς</span> <span class='ocrx_word' id='word_1_908' title='bbox 2898 4696 3237 4766; x_wconf 87' lang='grc' dir='ltr'>ἀνθρώποις,</span> <span class='ocrx_word' id='word_1_909' title='bbox 3291 4696 3662 4750; x_wconf 87' lang='grc' dir='ltr'>ὑπονοούντων</span> 
     </span>
    </p>
   </div>
   <div class='ocr_carea' id='block_1_115' title="bbox 2080 4777 3660 4849">
    <p class='ocr_par' dir='ltr' id='par_1_115' title="bbox 2080 4777 3660 4849">
     <span class='ocr_line' id='line_1_115' title="bbox 2080 4777 3660 4849; baseline -0.001 -16"><span class='ocrx_word' id='word_1_910' title='bbox 2080 4782 2188 4833; x_wconf 91' lang='grc' dir='ltr'>τῶν</span> <span class='ocrx_word' id='word_1_911' title='bbox 2224 4778 2571 4848; x_wconf 84' lang='grc' dir='ltr'>κακοσχόλων</span> <span class='ocrx_word' id='word_1_912' title='bbox 2597 4777 2686 4831; x_wconf 88' lang='grc' dir='ltr'>διά</span> <span class='ocrx_word' id='word_1_913' title='bbox 2713 4778 2806 4831; x_wconf 89' lang='grc' dir='ltr'>τὸν</span> <span class='ocrx_word' id='word_1_914' title='bbox 2836 4778 3065 4831; x_wconf 87' lang='grc' dir='ltr'>πλοῦτόν</span> <span class='ocrx_word' id='word_1_915' title='bbox 3100 4796 3158 4831; x_wconf 89' lang='grc' dir='ltr'>σε</span> <span class='ocrx_word' id='word_1_916' title='bbox 3190 4778 3518 4849; x_wconf 87' lang='grc' dir='ltr'>θεραπεύειν</span> <span class='ocrx_word' id='word_1_917' title='bbox 3538 4779 3660 4847; x_wconf 85' lang='grc' dir='ltr'>ἐμὲ,</span> 
     </span>
    </p>
   </div>
   <div class='ocr_carea' id='block_1_116' title="bbox 2083 4861 3662 4931">
    <p class='ocr_par' dir='ltr' id='par_1_116' title="bbox 2083 4861 3662 4931">
     <span class='ocr_line' id='line_1_116' title="bbox 2083 4861 3662 4931; baseline -0.001 -13"><span class='ocrx_word' id='word_1_918' title='bbox 2083 4862 2381 4931; x_wconf 84' lang='grc' dir='ltr'>ἐπαγαγὼν</span> <span class='ocrx_word' id='word_1_919' title='bbox 2410 4863 2510 4930; x_wconf 85' lang='grc' dir='ltr'>τὴν</span> <span class='ocrx_word' id='word_1_920' title='bbox 2544 4861 2814 4927; x_wconf 82' lang='grc' dir='ltr'>τοσαύτην</span> <span class='ocrx_word' id='word_1_921' title='bbox 2850 4862 3191 4931; x_wconf 88' lang='grc' dir='ltr'>περίστασιν,</span> <span class='ocrx_word' id='word_1_922' title='bbox 3229 4861 3530 4931; x_wconf 84' lang='grc' dir='ltr'>ἀπεθέρισα</span> <span class='ocrx_word' id='word_1_923' title='bbox 3570 4861 3662 4916; x_wconf 86' lang='grc' dir='ltr'>τὸν</span> 
     </span>
    </p>
   </div>
   <div class='ocr_carea' id='block_1_117' title="bbox 2081 4944 3657 5014">
    <p class='ocr_par' dir='ltr' id='par_1_117' title="bbox 2081 4944 3657 5014">
     <span class='ocr_line' id='line_1_117' title="bbox 2081 4944 3657 5014; baseline -0.002 -13"><span class='ocrx_word' id='word_1_924' title='bbox 2081 4947 2349 5010; x_wconf 85' lang='grc' dir='ltr'>πλοῦτον,</span> <span class='ocrx_word' id='word_1_925' title='bbox 2398 4946 2488 4998; x_wconf 78' lang='grc' dir='ltr'>ἵνα</span> <span class='ocrx_word' id='word_1_926' title='bbox 2537 4944 2697 5009; x_wconf 82' lang='grc' dir='ltr'>δείξω</span> <span class='ocrx_word' id='word_1_927' title='bbox 2740 4945 2922 5006; x_wconf 88' lang='grc' dir='ltr'>αὐτοῖς</span> <span class='ocrx_word' id='word_1_928' title='bbox 2968 4944 3287 5014; x_wconf 87' lang='grc' dir='ltr'>εὐχάριστον</span> <span class='ocrx_word' id='word_1_929' title='bbox 3321 4945 3657 5013; x_wconf 84' lang='grc' dir='ltr'>φιλοσοφίαν.</span> 
     </span>
    </p>
   </div>
   <div class='ocr_carea' id='block_1_118' title="bbox 2088 5028 3661 5099">
    <p class='ocr_par' dir='ltr' id='par_1_118' title="bbox 2088 5028 3661 5099">
     <span class='ocr_line' id='line_1_118' title="bbox 2088 5028 3661 5099; baseline -0.004 -15"><span class='ocrx_word' id='word_1_930' title='bbox 2088 5033 2246 5084; x_wconf 86' lang='grc' dir='ltr'>Ἐστι</span> <span class='ocrx_word' id='word_1_931' title='bbox 2278 5030 2335 5083; x_wconf 81' lang='grc' dir='ltr'>δὲ</span> <span class='ocrx_word' id='word_1_932' title='bbox 2364 5029 2460 5081; x_wconf 78' lang='grc' dir='ltr'>καὶ</span> <span class='ocrx_word' id='word_1_933' title='bbox 2490 5029 2690 5098; x_wconf 82' lang='grc' dir='ltr'>ἑτέρως</span> <span class='ocrx_word' id='word_1_934' title='bbox 2723 5028 3217 5097; x_wconf 80' lang='grc' dir='ltr'>ἐγκαταλειφθῆναι</span> <span class='ocrx_word' id='word_1_935' title='bbox 3245 5028 3311 5081; x_wconf 80' lang='grc' dir='ltr'>δι’</span> <span class='ocrx_word' id='word_1_936' title='bbox 3343 5029 3661 5099; x_wconf 83' lang='grc' dir='ltr'>ἀποτροπὴν</span> 
     </span>
    </p>
   </div>
   <div class='ocr_carea' id='block_1_119' title="bbox 2084 5109 3659 5185">
    <p class='ocr_par' dir='ltr' id='par_1_119' title="bbox 2084 5109 3659 5185">
     <span class='ocr_line' id='line_1_119' title="bbox 2084 5109 3659 5185; baseline -0.003 -17"><span class='ocrx_word' id='word_1_937' title='bbox 2084 5111 2464 5185; x_wconf 82' lang='grc' dir='ltr'>ὑπερηφανίας</span> <span class='ocrx_word' id='word_1_938' title='bbox 2487 5111 2582 5164; x_wconf 75' lang='grc' dir='ltr'>καί</span> <span class='ocrx_word' id='word_1_939' title='bbox 2608 5109 2900 5180; x_wconf 81' lang='grc' dir='ltr'>ἀποφυγὴν</span> <span class='ocrx_word' id='word_1_940' title='bbox 2918 5114 3147 5180; x_wconf 83' lang='grc' dir='ltr'>οἰήσεως</span> <span class='ocrx_word' id='word_1_941' title='bbox 3177 5110 3209 5181; x_wconf 82' lang='grc' dir='ltr'>ἦ</span> <span class='ocrx_word' id='word_1_942' title='bbox 3235 5111 3521 5175; x_wconf 84' lang='grc' dir='ltr'>ἀλαζονίας</span> <span class='ocrx_word' id='word_1_943' title='bbox 3540 5127 3554 5141; x_wconf 75' lang='grc' dir='ltr'><strong><em>ο</em></strong></span> <span class='ocrx_word' id='word_1_944' title='bbox 3585 5111 3659 5173; x_wconf 84' lang='grc' dir='ltr'>ὡς</span> 
     </span>
    </p>
   </div>
   <div class='ocr_carea' id='block_1_120' title="bbox 2079 5193 3650 5264">
    <p class='ocr_par' dir='ltr' id='par_1_120' title="bbox 2079 5193 3650 5264">
     <span class='ocr_line' id='line_1_120' title="bbox 2079 5193 3650 5264; baseline -0.002 -13"><span class='ocrx_word' id='word_1_945' title='bbox 2079 5199 2174 5251; x_wconf 79' lang='grc' dir='ltr'>ἐπὶ</span> <span class='ocrx_word' id='word_1_946' title='bbox 2215 5195 2308 5249; x_wconf 92' lang='grc' dir='ltr'>τοῦ</span> <span class='ocrx_word' id='word_1_947' title='bbox 2364 5194 2638 5264; x_wconf 88' lang='grc' dir='ltr'>μακαρίου</span> <span class='ocrx_word' id='word_1_948' title='bbox 2689 5193 2990 5246; x_wconf 85' lang='grc' dir='ltr'>ἀποστόλου</span> <span class='ocrx_word' id='word_1_949' title='bbox 3040 5194 3258 5246; x_wconf 88' lang='grc' dir='ltr'>Παύλου</span> <span class='ocrx_word' id='word_1_950' title='bbox 3295 5194 3445 5247; x_wconf 82' lang='grc' dir='ltr'>ἐστιν</span> <span class='ocrx_word' id='word_1_951' title='bbox 3498 5194 3650 5248; x_wconf 89' lang='grc' dir='ltr'>ἰδεῖν.</span> 
     </span>
    </p>
   </div>
   <div class='ocr_carea' id='block_1_121' title="bbox 2094 5276 3658 5348">
    <p class='ocr_par' dir='ltr' id='par_1_121' title="bbox 2094 5276 3658 5348">
     <span class='ocr_line' id='line_1_121' title="bbox 2094 5276 3658 5348; baseline -0.003 -15"><span class='ocrx_word' id='word_1_952' title='bbox 2094 5278 2523 5348; x_wconf 84' lang='grc' dir='ltr'>Ἐγκατελείφθη</span> <span class='ocrx_word' id='word_1_953' title='bbox 2538 5277 2645 5347; x_wconf 91' lang='grc' dir='ltr'>γάρ</span> <span class='ocrx_word' id='word_1_954' title='bbox 2669 5279 2761 5331; x_wconf 70' lang='grc' dir='ltr'>καλ⁸</span> <span class='ocrx_word' id='word_1_955' title='bbox 2775 5277 2934 5339; x_wconf 89' lang='grc' dir='ltr'>αὐτὸς</span> <span class='ocrx_word' id='word_1_956' title='bbox 2951 5294 3017 5329; x_wconf 91' lang='grc' dir='ltr'>πε</span> <span class='ocrx_word' id='word_1_957' title='bbox 3028 5279 3338 5348; x_wconf 88' lang='grc' dir='ltr'>ριστάσεσιν</span> <span class='ocrx_word' id='word_1_958' title='bbox 3355 5276 3658 5344; x_wconf 79' lang='grc' dir='ltr'>ἐναφεθείς,</span> 
     </span>
    </p>
   </div>
   <div class='ocr_carea' id='block_1_122' title="bbox 2079 5361 3660 5432">
    <p class='ocr_par' dir='ltr' id='par_1_122' title="bbox 2079 5361 3660 5432">
     <span class='ocr_line' id='line_1_122' title="bbox 2079 5361 3660 5432; baseline -0.004 -14"><span class='ocrx_word' id='word_1_959' title='bbox 2079 5365 2178 5419; x_wconf 74' lang='grc' dir='ltr'>καὶ</span> <span class='ocrx_word' id='word_1_960' title='bbox 2206 5363 2583 5432; x_wconf 86' lang='grc' dir='ltr'>κολαφισμοῖς,</span> <span class='ocrx_word' id='word_1_961' title='bbox 2612 5361 2709 5415; x_wconf 74' lang='grc' dir='ltr'>καὶ</span> <span class='ocrx_word' id='word_1_962' title='bbox 2742 5361 3017 5427; x_wconf 85' lang='grc' dir='ltr'>διαφόροις</span> <span class='ocrx_word' id='word_1_963' title='bbox 3054 5362 3354 5430; x_wconf 76' lang='grc' dir='ltr'>ἐλλείψεσιν</span> <span class='ocrx_word' id='word_1_964' title='bbox 3393 5361 3660 5431; x_wconf 83' lang='grc' dir='ltr'>βαλλόμε-</span> 
     </span>
    </p>
   </div>
   <div class='ocr_carea' id='block_1_123' title="bbox 2078 5444 3657 5516">
    <p class='ocr_par' dir='ltr' id='par_1_123' title="bbox 2078 5444 3657 5516">
     <span class='ocr_line' id='line_1_123' title="bbox 2078 5444 3657 5516; baseline -0.004 -13"><span class='ocrx_word' id='word_1_965' title='bbox 2078 5467 2187 5511; x_wconf 90' lang='grc' dir='ltr'>νος.</span> <span class='ocrx_word' id='word_1_966' title='bbox 2231 5448 2322 5499; x_wconf 89' lang='grc' dir='ltr'>Διὸ</span> <span class='ocrx_word' id='word_1_967' title='bbox 2343 5455 2438 5500; x_wconf 84' lang='grc' dir='ltr'>καί</span> <span class='ocrx_word' id='word_1_968' title='bbox 2468 5446 2675 5514; x_wconf 77' lang='grc' dir='ltr'>ἐλεγεν⁶</span> <span class='ocrx_word' id='word_1_969' title='bbox 2719 5445 2904 5515; x_wconf 85' lang='grc' dir='ltr'>Ἐδόθη</span> <span class='ocrx_word' id='word_1_970' title='bbox 2934 5462 3023 5515; x_wconf 89' lang='grc' dir='ltr'>μοι</span> <span class='ocrx_word' id='word_1_971' title='bbox 3047 5446 3245 5515; x_wconf 78' lang='grc' dir='ltr'>σκόλοψ</span> <span class='ocrx_word' id='word_1_972' title='bbox 3271 5448 3337 5516; x_wconf 81' lang='grc' dir='ltr'>τῇ</span> <span class='ocrx_word' id='word_1_973' title='bbox 3372 5445 3536 5515; x_wconf 79' lang='grc' dir='ltr'>σαρκὶ</span> <span class='ocrx_word' id='word_1_974' title='bbox 3555 5444 3657 5512; x_wconf 81' lang='grc' dir='ltr'>ἀγ·</span> 
     </span>
    </p>
   </div>
   <div class='ocr_carea' id='block_1_124' title="bbox 2077 5528 3655 5602">
    <p class='ocr_par' dir='ltr' id='par_1_124' title="bbox 2077 5528 3655 5602">
     <span class='ocr_line' id='line_1_124' title="bbox 2077 5528 3655 5602; baseline -0.004 -17"><span class='ocrx_word' id='word_1_975' title='bbox 2077 5532 2232 5602; x_wconf 90' lang='grc' dir='ltr'>γελος</span> <span class='ocrx_word' id='word_1_976' title='bbox 2254 5531 2452 5591; x_wconf 84' lang='grc' dir='ltr'>Σατᾶν,</span> <span class='ocrx_word' id='word_1_977' title='bbox 2485 5528 2573 5582; x_wconf 78' lang='grc' dir='ltr'>ἵνα</span> <span class='ocrx_word' id='word_1_978' title='bbox 2602 5546 2669 5599; x_wconf 89' lang='grc' dir='ltr'>με</span> <span class='ocrx_word' id='word_1_979' title='bbox 2698 5528 2987 5600; x_wconf 81' lang='grc' dir='ltr'>κολαφίζῃ,</span> <span class='ocrx_word' id='word_1_980' title='bbox 3015 5528 3100 5582; x_wconf 83' lang='grc' dir='ltr'>ἵνα</span> <span class='ocrx_word' id='word_1_981' title='bbox 3127 5529 3203 5599; x_wconf 83' lang='grc' dir='ltr'>μὴ</span> <span class='ocrx_word' id='word_1_982' title='bbox 3231 5528 3655 5599; x_wconf 89' lang='grc' dir='ltr'>ὑπεραίρωμαι·</span> 
     </span>
    </p>
   </div>
   <div class='ocr_carea' id='block_1_125' title="bbox 2080 5612 3662 5686">
    <p class='ocr_par' dir='ltr' id='par_1_125' title="bbox 2080 5612 3662 5686">
     <span class='ocr_line' id='line_1_125' title="bbox 2080 5612 3662 5686; baseline -0.004 -16"><span class='ocrx_word' id='word_1_983' title='bbox 2080 5618 2165 5670; x_wconf 83' lang='grc' dir='ltr'>ἴνα</span> <span class='ocrx_word' id='word_1_984' title='bbox 2198 5617 2274 5686; x_wconf 86' lang='grc' dir='ltr'>μή</span> <span class='ocrx_word' id='word_1_985' title='bbox 2307 5632 2437 5669; x_wconf 90' lang='grc' dir='ltr'>ποτε</span> <span class='ocrx_word' id='word_1_986' title='bbox 2461 5614 2549 5668; x_wconf 89' lang='grc' dir='ltr'>διά</span> <span class='ocrx_word' id='word_1_987' title='bbox 2578 5614 2687 5667; x_wconf 87' lang='grc' dir='ltr'>τῶν</span> <span class='ocrx_word' id='word_1_988' title='bbox 2713 5612 2981 5667; x_wconf 84' lang='grc' dir='ltr'>τοσούτων</span> <span class='ocrx_word' id='word_1_989' title='bbox 3011 5613 3327 5683; x_wconf 85' lang='grc' dir='ltr'>θαυμάτων,</span> <span class='ocrx_word' id='word_1_990' title='bbox 3358 5613 3451 5666; x_wconf 72' lang='grc' dir='ltr'>καὶ</span> <span class='ocrx_word' id='word_1_991' title='bbox 3479 5614 3511 5671; x_wconf 82' lang='grc' dir='ltr'><strong>ἡ</strong></span> <span class='ocrx_word' id='word_1_992' title='bbox 3565 5612 3662 5666; x_wconf 82' lang='grc' dir='ltr'>ἄν·</span> 
     </span>
    </p>
   </div>
   <div class='ocr_carea' id='block_1_126' title="bbox 2075 5693 3656 5769">
    <p class='ocr_par' dir='ltr' id='par_1_126' title="bbox 2075 5693 3656 5769">
     <span class='ocr_line' id='line_1_126' title="bbox 2075 5693 3656 5769; baseline -0.006 -15"><span class='ocrx_word' id='word_1_993' title='bbox 2075 5718 2213 5764; x_wconf 87' lang='grc' dir='ltr'>εσις,</span> <span class='ocrx_word' id='word_1_994' title='bbox 2245 5701 2338 5753; x_wconf 82' lang='grc' dir='ltr'>καὶ</span> <span class='ocrx_word' id='word_1_995' title='bbox 2366 5701 2399 5769; x_wconf 93' lang='grc' dir='ltr'>ή</span> <span class='ocrx_word' id='word_1_996' title='bbox 2429 5697 2780 5768; x_wconf 75' lang='grc' dir='ltr'>εὑθηνία,καὶ</span> <span class='ocrx_word' id='word_1_997' title='bbox 2812 5698 2845 5766; x_wconf 87' lang='grc' dir='ltr'>ή</span> <span class='ocrx_word' id='word_1_998' title='bbox 2878 5697 3014 5766; x_wconf 84' lang='grc' dir='ltr'>τιμὴ</span> <span class='ocrx_word' id='word_1_999' title='bbox 3042 5696 3218 5767; x_wconf 88' lang='grc' dir='ltr'>τούτῳ</span> <span class='ocrx_word' id='word_1_1000' title='bbox 3245 5693 3656 5766; x_wconf 82' lang='grc' dir='ltr'>προσγενομένη</span> 
     </span>
    </p>
   </div>
   <div class='ocr_carea' id='block_1_127' title="bbox 2078 5776 3658 5857">
    <p class='ocr_par' dir='ltr' id='par_1_127' title="bbox 2078 5776 3658 5857">
     <span class='ocr_line' id='line_1_127' title="bbox 2078 5776 3658 5857; baseline -0.008 -16"><span class='ocrx_word' id='word_1_1001' title='bbox 2078 5788 2160 5853; x_wconf 79' lang='grc' dir='ltr'>εἰς</span> <span class='ocrx_word' id='word_1_1002' title='bbox 2188 5784 2357 5857; x_wconf 87' lang='grc' dir='ltr'>τύφον</span> <span class='ocrx_word' id='word_1_1003' title='bbox 2393 5781 2557 5838; x_wconf 76' lang='grc' dir='ltr'>αὑτὸν</span> <span class='ocrx_word' id='word_1_1004' title='bbox 2590 5780 2840 5853; x_wconf 78' lang='grc' dir='ltr'>ἐμϐάλλῃ</span> <span class='ocrx_word' id='word_1_1005' title='bbox 2872 5779 3177 5835; x_wconf 80' lang='grc' dir='ltr'>διαϐολικόν</span> <span class='ocrx_word' id='word_1_1006' title='bbox 3208 5779 3315 5833; x_wconf 85' lang='grc' dir='ltr'>ὑπὸ</span> <span class='ocrx_word' id='word_1_1007' title='bbox 3342 5779 3441 5849; x_wconf 83' lang='grc' dir='ltr'>τῆς</span> <span class='ocrx_word' id='word_1_1008' title='bbox 3473 5776 3658 5839; x_wconf 77' lang='grc' dir='ltr'>ἀδείας</span> 
     </span>
    </p>
   </div>
  </div>
