4028 6434
420 308 552 375 1203

1888 324 2245 385 PALLADII

3568 332 3705 398 1205

415 425 790 517 χαυνωθένταε
836 430 1266 517 ’βγκατελείφθη
1289 437 1387 517 καὶ
1418 439 1448 493 6
1480 417 1853 512 παραλυτικὸς
1874 480 1889 504 ,
1917 440 2008 495 διὰ
2036 444 2085 501 Α
2119 439 2204 509 τῷ
2229 439 2331 510 τῆς
2377 437 2681 511 ἐπιθυμίας
2726 439 2939 511 δαίμονι
3006 444 3329 515 περιπίπτει
3386 445 3465 515 τῷ
3512 448 3706 517 ἄγοντι

414 505 693 572 ἁμαρτίας
714 525 728 539 ·
816 506 972 564 εἶπεν
995 515 1023 566 6
1057 503 1267 582 Ἰησοῦς
1292 503 1707 585 Χριστός·’”ῐδε,
1733 503 1895 589 ὑγιὴς
1918 518 2010 586 γέ-

415 597 605 668 γονας,
640 588 841 657 μηκέτι
874 591 1178 668 ἁμάρτανε,
1207 593 1295 645 ῖνα
1325 594 1400 664 μὴ
1431 595 1611 665 χεῖρόν
1642 596 1693 648 τί
1728 614 1812 650 σοι
1842 588 2009 667 γένη·

416 679 525 716 ται.
573 666 1005 747 Ἐγκατελείφθη
1027 666 1120 725 καὶ
1151 675 1177 727 6
1218 674 1442 739 Ἰούδας,
1466 676 1813 746 προτιμήσας
1833 666 2008 747 ἀργύ-

422 760 536 813 ριον
566 746 661 799 τοῦ
695 748 791 817 τῆς
818 748 965 819 ζωῆς
989 751 1173 819 λόγου,
1203 753 1282 805 διὸ
1314 754 1408 806 καὶ
1458 755 1777 825 ἀπήγξατο*
1807 757 2009 823 ἐγκατ-

416 827 640 900 ελείφθη
678 830 772 883 καὶ
802 833 831 883 6
864 831 1069 897 Ἠσαῦ,
1104 834 1185 885 διὸ
1218 836 1312 887 καὶ
1344 836 1610 904 ἀκολασίᾳ
1642 836 2006 905 περιέπεσεν,

417 909 768 979 προτιμήσας
827 911 1032 981 κόπρον
1098 913 1335 984 ἐντέρων
1394 914 1651 981 εὐλογίας
1706 914 2011 985 πατρικῆς,

417 988 605 1041 Ταῦτα
635 984 730 1042 οὖν
760 989 935 1042 πάντα
976 991 1399 1060 συναισθόμενος
1443 992 1522 1063 τῷ
1555 994 1696 1063 άγίῳ
1730 984 2006 1062 Πνεύματι

415 1066 446 1119 6
466 1067 733 1137 μακάριος
761 1069 1060 1134 ἀπόστολος
1085 1072 1296 1135 Παῦλος
1310 1073 1496 1140 ἔλεγεν
1514 1074 1643 1144 περὶ
1654 1073 1765 1126 τῶν
1780 1074 2008 1145 τοιούτῳ

415 1148 605 1218 τρόπῳ
617 1149 944 1216 ἐγκαταλελε
954 1169 968 1203 ι
977 1169 1014 1221 μ
1020 1151 1195 1221 μένων
1206 1169 1225 1182 '
1243 1151 1440 1215 Καθὼς
1454 1148 1515 1206 οὗ
1520 1170 1547 1205 ν
1563 1154 1668 1206 οὐκ
1679 1153 2007 1223 ἐδοκίμασαν

416 1227 508 1280 τὸν
536 1228 670 1280 Θεὸν
719 1227 868 1297 ἔχειν
901 1231 958 1281 ἐν
1007 1230 1326 1298 ἐπιγνώσει,
1376 1232 1698 1303 παρέδωκεν
1739 1233 1941 1296 αὐτοὺς
1978 1235 2007 1287 6

416 1310 552 1374 Θεὸς
582 1311 663 1373 είς
683 1310 943 1380 ἀδόκιμον
967 1311 1091 1365 νοῦν
1121 1315 1298 1366 ποιεῖν
1318 1314 1387 1367 τά
1412 1316 1489 1383 μὴ
1512 1315 1844 1385 καθήκοντα.
1870 1316 2006 1386 Περὶ

419 1390 625 1458 ἐτέρων
653 1388 761 1445 τῶν
794 1389 1101 1445 δοκούντων
1130 1391 1333 1458 γνῶσιν
1372 1392 1516 1463 ἔχειν
1545 1394 1684 1445 Θεοῦ
1731 1392 1871 1463 μετά
1921 1395 2004 1447 δι-

416 1468 773 1539 εφθαρμένης
794 1469 1024 1541 γνώμης
1045 1472 1137 1525 καὶ
1154 1470 1311 1524 κενοῦ
1330 1477 1471 1544 φυσή
1482 1473 1841 1543 ματος,λέγει·
1861 1475 2004 1529 Διότι

417 1547 746 1627 γνόντεςτὸν
765 1548 919 1615 Θεὸν,
947 1551 1046 1621 οὐχ
1067 1552 1142 1614 ὡς
1167 1552 1301 1605 Θεὸν
1322 1552 1603 1618 ἐδόξασαν,
1622 1555 1653 1625 ἢ
1678 1554 2011 1627 εὐχαρίστη-

420 1642 540 1689 σαν,
574 1623 690 1678 ἀλλ’
721 1627 1145 1699 ἐματαιώθησαν
1175 1631 1234 1681 ἐν
1262 1632 1375 1690 τοῖς
1399 1623 1773 1700 διαλογισμοῖς
1797 1623 2001 1699 αὐτῶν,

418 1705 513 1759 καὶ
547 1704 835 1774 ἐσκοτίσθη
871 1706 905 1776 ὴ
939 1707 1198 1770 ἀσύνετος
1224 1708 1403 1762 αὐτῶν
1439 1710 1659 1780 καρδία.
1697 1710 2007 1781 Φάσκοντες

2115 518 2196 595 εἰς
2245 517 2570 581 ἀκολασίαν,
2603 517 2745 588 ἢτῷ
2803 518 3019 591 θυμικῷ
3052 522 3325 593 πνεύματι
3379 525 3705 595 περιπίπτει
3742 517 3753 531 ⁸

2110 594 2188 665 τῷ
2217 596 2467 668 πονηρῷ,
2495 597 2619 650 ὅθεν
2674 599 2730 649 αἱ
2776 596 2963 666 ἄλογοι
3012 600 3289 655 τίκτονται
3346 602 3539 673 ὁρμαί.
3592 604 3704 657 Καὶ

2115 677 2217 747 τήν
2245 676 2344 747 μὲν
2371 676 2671 730 ἀκόλαστον
2702 677 2997 747 ἐπιθυμίαν
3031 679 3215 748 ἔλεγεν
3239 677 3375 735 εἶναι
3427 682 3699 751 κτηνώδη,

2108 755 2203 810 τὸν
2232 756 2293 810 δὲ
2342 755 2518 825 θυμὸν
2548 754 2765 825 κίνησιν
2813 756 3167 830 δαιμονιώδη.
3202 759 3367 830 Ἐμοῦ
3394 760 3452 813 δὲ
3486 760 3701 813 ἀντιλέ-

2110 853 2332 904 γοντος,
2365 836 2447 888 ὅτι
2480 835 2609 898 Πῶς
2650 835 2877 889 δύνατόν
2909 839 3057 890 ἐστιν
3092 836 3232 893 εἶναι
3266 840 3390 894 νοῦν
3422 840 3701 911 ἀνθρώπι-

2117 932 2206 969 νον
2252 915 2618 978 ἀδιαλείπτως
2652 915 2793 985 μετά
2816 916 2977 979 Θεοῦ,
3005 918 3190 987 ἔλεγεν
3223 916 3397 984 οὗτος,
3430 920 3510 974 ὅτι
3545 921 3633 973 Ἑν
3656 913 3701 989 ᾧ

2109 994 2155 1047 δ’
2186 994 2253 1048 ἂν
2294 996 2529 1065 νοήματι
2576 993 2610 1064 ἢ
2662 994 2953 1063 πράγματι
3003 1000 3262 1068 τυγχάνει
3296 1001 3329 1069 ή
3365 999 3511 1070 ψυχὴ
3543 996 3698 1065 οὖσα,

2112 1074 2274 1144 μόνον
2307 1077 2367 1129 ἐν
2385 1073 2602 1128 εὐσεϐεῖ
2629 1074 2877 1144 λογισμῷ
2904 1076 3000 1130 καὶ
3016 1077 3169 1149 θείῳ,
3200 1077 3340 1149 μετά
3366 1079 3504 1132 Θεοῦ
3530 1081 3699 1133 ἐστιν.

2701 1153 2953 1210 ΚΕΦΑΛ.
2990 1154 3107 1223 ιιθι.

2627 1233 2768 1300 Περὶ
2818 1236 3184 1303 Καπίτωνος.

2179 1310 2387 1366 Τούτου
2415 1309 2512 1364 τοῦ
2539 1314 2927 1380 γενναιοτάτου
2947 1313 3183 1383 ἀθλητοῦ
3207 1315 3437 1384 πλησίον
3460 1314 3700 1386 κατῴκει

2107 1389 2378 1445 Καπίτων
2404 1405 2489 1451 τις
2531 1388 2643 1442 ἀπὸ
2689 1389 2906 1461 λῃστῶν
2932 1392 3173 1461 γεγονὼς
3197 1394 3431 1463 μοναχὸς
3460 1393 3698 1463 δοκιμώ-

2105 1486 2289 1534 τατος.
2355 1463 2525 1531 Οὗτος
2574 1470 2917 1540 πεντήκοντα
2967 1471 3065 1541 ἐτη
3114 1472 3410 1542 πληρώσας
3473 1474 3532 1525 ἐν
3585 1476 3700 1537 τοῖς

2108 1547 2421 1618 σπηλαίοις,
2453 1547 2564 1601 ἀπὸ
2612 1548 2901 1617 τεσσάρων
2962 1549 3156 1619 μιλίων
3190 1549 3288 1620 τῆς
3328 1550 3535 1614 πόλεως
3575 1548 3699 1603 Ἀν-

2105 1628 2285 1681 τινόου
2310 1666 2326 1691 ,
2377 1628 2443 1680 οὐ
2491 1626 2760 1696 κατῆλθεν
2817 1627 2926 1681 ἀπὸ
2978 1628 3073 1682 τοῦ
3135 1629 3407 1700 σπηλαίου
3463 1628 3652 1682 ἐαυτοῦ
3679 1670 3697 1695 ,

2106 1704 2229 1757 οὐδὲ
2266 1704 2430 1775 μέχρι
2454 1703 2549 1757 τοῦ
2602 1704 2855 1775 ποταμοῦ
2875 1704 2971 1759 τοῦ
3005 1706 3230 1767 Νείλου.
3290 1708 3485 1776 λέγων,
3533 1711 3699 1777 μήπω

418 1782 560 1840 εἶναι
587 1786 765 1853 σοφοὶ,
784 1787 1206 1858 ἐμωράνθησαν·
1234 1789 1283 1841 οί
1300 1788 1377 1858 τῷ
1398 1790 1499 1859 τῆς
1515 1791 1748 1860 οἰήσεως
1767 1794 1860 1846 καὶ
1876 1796 2006 1848 ἀπο-
2036 1790 2079 1847 B
2111 1782 2370 1837 δύνασθαι
2398 1783 2561 1837 αὐτὸν
2597 1784 2985 1854 συντυγχάνειν
3012 1788 3123 1849 τοῖς
3170 1786 3382 1857 ὄχλοιςι
3406 1785 3483 1858 τῷ
3515 1786 3700 1859 ἀκμὴν

419 1866 567 1929 νοίας
592 1864 808 1935 δαίμονι
835 1868 1250 1937 προσραγέντες
1268 1885 1281 1899 ⁸
1306 1869 1387 1922 διὸ
1414 1870 1737 1938 παρέδωκεν
1757 1873 1952 1937 αὐτοὺς
1975 1876 2007 1929 6

418 1945 557 2023 Θεὸς
581 1943 841 2023 εἰςπάθη
870 1945 1096 2023 ἀτιμίας
1114 1987 1129 2011 ,
1158 1946 1253 1999 τοῦ
1285 1947 1651 2023 ἀτιμάζεσθαι
1680 1951 1751 2004 τὰ
1776 1951 2007 2023 σώματα

418 2020 621 2076 αὐτῶν.
664 2022 827 2074 Ὥστε
872 2023 937 2077 ἐκ
982 2022 1175 2075 τούτου
1212 2022 1507 2092 γινώσκειν
1547 2028 1693 2096 ἡμᾶς
1736 2020 1876 2101 χρὴ,
1921 2033 2009 2087 ὅτι

416 2100 705 2171 ἀμήχανόν
733 2101 850 2153 ἐστι
882 2105 1069 2155 πεσεῖν
1099 2120 1223 2157 τινα
1254 2105 1335 2167 είς
1366 2106 1686 2174 ἀκολασίαν,
1727 2100 1803 2181 μή
1834 2100 2005 2180 ἐγκα-

415 2181 776 2262 ταλειφθέντα
801 2181 906 2235 ὐπὸ
930 2184 1030 2252 τῆς
1057 2182 1151 2236 τοῦ
1174 2184 1310 2238 Θεοῦ
1332 2187 1592 2257 προνοίας
1617 2190 1721 2242 ὑπὸ
1744 2192 2005 2262 ἀμελείας

418 2261 523 2340 καὶᾲ
550 2259 826 2340 ῥᾳθυμίας
858 2263 1065 2327 οἰκείας
1100 2264 1211 2319 τῶν
1244 2259 1879 2340 ἐγκαταλιμπανομένων
1909 2279 2005 2330 καὶ⁹

414 2338 801 2411 διαδιδομένων
825 2341 906 2404 είς
935 2342 996 2395 τὸ
1023 2342 1197 2397 ταῦτα
1233 2338 1555 2415 συμϐαίνειν
1585 2338 1789 2414 αὐτοῖς.

1004 2421 1255 2477 ΚΕΦΛΛ.
1296 2426 1428 2491 ις’.

914 2500 1056 2568 Περὶ
1096 2504 1507 2570 Σολομῶντος.

497 2576 589 2629 Ἐν
638 2577 909 2630 Ἀντινόου
955 2578 1057 2649 τῆς
1094 2580 1362 2651 Θηϐαΐδος
1390 2582 1677 2655 διατρίψας
1716 2585 1828 2654 ἐγὼ
1878 2588 2004 2643 τέσ-

415 2670 558 2727 σαρα
592 2656 711 2727 ἐτη,
742 2658 801 2709 ἐν
832 2658 1072 2729 τοσούτῳ
1108 2660 1286 2731 χρόνῳ
1311 2662 1514 2728 γνῶσιν
1545 2663 1748 2734 εἴληφα
1784 2668 2005 2723 πάντων

409 2736 546 2820 τῶν⁸
586 2738 766 2820 ἐκεῖσε
796 2740 1233 2820 --μοναστηρίωντ
1293 2740 1641 2820 Καθέξονται
1726 2744 1828 2815 μὲν
1890 2750 1999 2820 γὰρ

410 2813 559 2883 ἀμφὶ
597 2817 698 2885 τὴν
740 2816 896 2870 πόλιν
954 2818 1149 2885 ἄνδρες
1206 2818 1283 2882 ὼς
1330 2819 1492 2889 χίλιοι
1549 2813 1835 2890 διακόσιοι,
1882 2813 2007 2892 ταῖς

408 2894 978 2979 χερσὶν-ἀποζῶντες,
1006 2898 1099 2979 είς
1116 2898 1287 2967 ἀκρον
1329 2900 1660 2970 ἀσκούμενοι
1709 2906 1776 2973 τῇ
1810 2905 2003 2979 ἀρετῇ.

425 2974 513 3054 Ἑν
542 2974 752 3054 τούτοις
783 2977 892 3029 εἰσὶ
932 2977 1028 3030 καὶ
1077 2978 1434 3048 ἀναχωρηταὶ
1468 2982 1527 3032 ἐν
1572 2984 1683 3043 τοῖς
1722 2974 2004 3054 σπηλαίοις

409 3053 518 3104 τῶν
534 3052 748 3123 πετρῶν
765 3055 991 3118 ἑαυτοὺς
1008 3056 1482 3126 ἐγκαθείρξαντες.
1500 3059 1586 3112 Ἐν
1606 3054 1687 3124 οἷς
1703 3052 1830 3115 ἐστι
1846 3066 2004 3119 Σολο-

415 3129 531 3212 μών
591 3147 677 3195 τις
699 3133 1083 3212 λάναχωρητὴς,
1098 3135 1234 3204 ἀνὴρ
1266 3136 1596 3205 πραΰτατος,
1622 3140 1717 3191 καὶ
1744 3141 2000 3212 σώφρων,
2031 3137 2076 3196 C

410 3208 658 3290 χάρισμα
683 3210 823 3290 ἔχων
848 3214 1145 3281 ὑπομονῆς·
1164 3213 1222 3275 ὃς
1250 3214 1438 3282 ἔλεγεν
1471 3216 1616 3285 ἔχειν
1639 3208 2003 3290 πεντηκοστὸν

413 3286 536 3372 ἔτος
560 3288 617 3339 ἐν
666 3288 747 3372 τῷ
780 3290 1383 3372 σπηλαίῳηέπαρκέσας
1410 3293 1589 3361 ἑαυτῴ
1614 3299 1678 3349 ἐκ
1699 3286 1806 3349 τῶν
1827 3299 2005 3372 ἔργων

408 3362 518 3418 τῶν
534 3365 750 3435 χειρῶν,
785 3370 882 3421 καὶ
904 3367 1161 3439 ἐκμαθὼν
1184 3371 1363 3423 πᾶσαν
1387 3372 1549 3440 ἁγίαν
1578 3373 1820 3446 Γραφήν.

1008 3447 1259 3502 ΚΕΦΑΛ.
1293 3449 1405 3516 ιιῑθ.

966 3527 1106 3595 Περὶ
1141 3527 1466 3595 Δωροθέου.

483 3604 783 3686 Δωρόθεος,
810 3607 866 3659 ἐν
884 3605 1030 3677 ἄλλῳ
1056 3608 1306 3679 σπηλαίῳ
1324 3608 1489 3662 οίκῶν
1509 3610 1898 3686 πρεσϐύτερος,
1920 3620 2003 3682 είς

411 3682 720 3754 ὑπερϐολὴν
756 3686 1131 3754 ἀγαθώτατος,
1160 3688 1256 3741 καὶ
1286 3690 1448 3753 αὐτὸς
1470 3689 1640 3761 ζήσας
1667 3693 1758 3746 τὸν
1786 3682 2000 3750 ’ἀνεπίέ

408 3760 612 3845 ληπτον
629 3764 762 3845 βίον,
790 3768 1187 3839 πρεσϐυτερίου
1207 3760 1532 3839 ἠξιωμένος,
1563 3774 1655 3825 καὶ
1672 3772 2002 3845 λειτουργῶν

410 3843 525 3929 τοῖς
547 3843 802 3929 ἀδελφοῖς
840 3850 950 3910 τοῖς
970 3851 1029 3903 ἐν
1059 3851 1172 3912 τοῖς
1199 3850 1507 3919 σπηλαίοις.
1537 3853 1726 3924 Τούτῳ
1754 3843 1885 3909 ποτὲ
1903 3843 2000 3929 τῷ

410 3923 770 4007 ἁφιλαργύρῳ
804 3929 895 3979 τὸν
916 3929 1117 4000 τρόπον
1142 3929 1386 4007 Μελανίη
1418 3934 1451 4001 ὴ
1486 3923 1727 4005 νεωτέρα
1771 3936 1872 4005 τῆς
1904 3923 2002 4007 μεζ-

411 4001 582 4071 γάλης
610 4006 883 4070 Μελανίας
912 4007 1132 4078 ἐκγόνη,
1161 4011 1289 4079 περὶ
1313 4004 1379 4081 ἦς
1412 4001 1667 4081 ὕστερον⁷
1698 4001 1856 4081 λέξω,
1892 4001 2000 4071 ἀπ·

409 4080 650 4135 έστειλεν
671 4087 985 4155 νομίσματα
1008 4080 1363 4156 πεντακόσια,
1382 4080 1815 4159 παρακαλέσασα
1837 4080 2000 4150 αὐτὸν

408 4161 597 4245 ἐκεῖ-να
623 4163 946 4234 διακονῆσαι
989 4169 1098 4230 τοῖι,
1136 4169 1317 4221 ἐκεῖσε
1361 4169 1629 4237 ἀδελφοῖς.
1675 4172 1733 4225 '0
1777 4173 1833 4226 δὲ
1873 4177 1999 4245 τρία

409 4240 719 4310 νομίσματα
765 4245 980 4310 λαϐὼν,
1021 4247 1387 4317 παρέπεμψεν
1453 4252 1523 4301 τά
1566 4250 1731 4305 λοιπά
1789 4240 2001 4311 Διοκλεῖ

409 4320 491 4400 τῷ
542 4324 894 4400 ἀναχωρητῇ,
945 4326 1101 4396 ἀνδρὶ
1157 4328 1615 4399 γνωστικωτάτῳ,
1661 4330 1837 4400 λέγων
1866 4374 1881 4400 ,
1915 4336 1998 4388 ὅτι

422 4399 737 4471 Σοφώτερός
795 4404 896 4473 μού
946 4408 1148 4459 ἐστινὸ
1194 4407 1423 4475 ἀδελφὸς
1474 4399 1995 4481 Διοκλῆς,καὶίδύο

2115 1862 2510 1934 ἀντιπράττειν
2537 1860 2691 1932 αὐτῷ
2719 1862 2811 1915 τὸν
2836 1862 3179 1920 ὑπεναντίον.

2706 1939 2963 1995 ΚΕΦΔΔ.
3016 1943 3093 1995 P'.

2320 2019 2463 2092 Περὶ
2498 2019 2610 2075 τοῦ
2656 2020 2987 2085 κενοδόξου
3030 2021 3443 2092 ἀναχωρητοῦ.

2201 2101 2406 2170 Ἐγγὺς
2459 2098 2666 2155 τούτων
2700 2099 3028 2172 ἑωράκαμεν
3058 2102 3154 2155 καὶ
3177 2102 3366 2172 ἕτερον
3406 2102 3698 2173 ἀναχωρη-

2110 2178 2229 2251 τὴν,
2255 2180 2459 2252 ὁμοίως
2491 2181 2582 2233 καὶ
2610 2179 2776 2234 αὐτὸν
2815 2178 3139 2234 ἐνοικοῦντα
3190 2181 3495 2252 σπηλαίοις.
3529 2178 3698 2246 Οὗτος

2103 2259 2305 2331 οἴστρῳ
2328 2258 2634 2323 κενοδοξίας
2662 2256 3071 2329 ἐμπαιζόμενος
3100 2261 3205 2313 ὐπὸ
3227 2261 3520 2332 ὀνειράτων
3556 2264 3690 2315 ἀντ-

2102 2338 2386 2401 ενέπαιζεν
2446 2339 2559 2402 τοῖς
2630 2338 2768 2409 πρὸς
2826 2337 2993 2391 αὐτὸν
3062 2341 3523 2410 παραγινομένοις
3600 2340 3696 2394 καὶ

2103 2415 2510 2487 ἀπατωμένοις.
2548 2416 2777 2487 ’Ἄφρων
2802 2414 3064 2485 γεγονὼς,
3096 2418 3240 2471 κατὰ
3279 2417 3341 2470 τὸ
3367 2418 3697 2488 γεγραμμέο

2105 2512 2218 2561 νον,
2246 2498 2362 2558 τοῖς
2412 2495 2687 2559 ἐνυπνίοις
2730 2495 3231 2566 ἀναπτερούμενος,
3275 2496 3513 2567 ἀνέμους
3570 2513 3697 2549 ποι-

2109 2575 2341 2647 μαίνων,
2365 2574 2461 2628 καὶ
2497 2574 2713 2630 διώκων
2750 2575 2931 2638 σκιάς.
2976 2576 3087 2628 Καὶ
3128 2576 3227 2646 τὴν
3278 2577 3377 2645 μὲν
3436 2576 3577 2629 κατὰ
3632 2575 3697 2627 τὸ

2110 2653 2270 2726 σῶμα
2303 2654 2665 2725 σωφροσύνην
2694 2653 2962 2725 ἐκέκτητο
2980 2671 2996 2687 ο
3023 2654 3119 2707 καὶ
3149 2652 3239 2706 διά
3269 2653 3331 2706 τὸ
3376 2654 3556 2725 γῆρας
3583 2654 3696 2707 λοι-

2108 2736 2209 2788 πὸν
2241 2736 2336 2789 καὶ
2369 2735 2458 2789 διὰ
2488 2736 2583 2789 τὸν
2602 2736 2818 2808 χρόνον,
2838 2738 2980 2805 τάχα
3011 2734 3070 2789 δὲ
3106 2736 3202 2789 καὶ
3228 2733 3316 2788 διά
3342 2734 3441 2805 τὴν
3480 2735 3695 2803 κενοδοο

2115 2815 2257 2881 ξίαν,
2278 2814 2378 2885 τὴν
2398 2815 2457 2867 δὲ
2481 2815 2602 2867 κατ’
2619 2815 2823 2886 ἀρετὴν
2846 2816 3020 2883 φρένα
3047 2812 3351 2879 ἀπώλεσεν,
3374 2814 3695 2885 διαφθαρεὶς

2109 2896 2217 2949 ὐπὸ
2249 2896 2349 2967 τῆς
2398 2893 2715 2964 ἀκαθάρτου
2775 2893 3105 2959 κενοδοξίας,
3129 2895 3229 2947 καὶ
3272 2893 3568 2960 ἐξωκείλας
3624 2895 3695 2948 δι’

2119 2977 2291 3047 αὐτῆς
2316 2973 2417 3044 τῆς
2442 2973 2707 3042 ἐνθέσμου
2731 2972 3033 3035 πολιτείας.

2696 3052 2952 3107 ΚΕΦΔΛ.
3001 3052 3128 3106 ΡΑ’.

2683 3132 2825 3201 Περὶ
2864 3133 3131 3202 Ἐφραίμ.

2180 3210 2265 3265 Τά
2293 3209 2438 3265 κατά
2475 3210 2718 3283 Ἐφρατμ
2760 3210 2854 3264 τὸν
2912 3211 3159 3265 διάκονον
3202 3209 3305 3282 τῆς
3360 3208 3697 3281 Ἐδεσσηνῶν

2121 3291 2452 3362 Ἐκκλησίας
2484 3292 2705 3356 πάντως
2743 3292 3018 3362 ἀκήκοας.
3044 3291 3271 3360 Γέγονεν
3293 3288 3399 3361 γάρ
3430 3285 3584 3356 οὗτος
3610 3293 3696 3356 είς

2107 3372 2170 3425 τὸ
2198 3370 2639 3442 μνημονεύεσθαι
2659 3371 2806 3437 ἄξιος
2824 3371 2979 3442 παρὰ
3003 3371 3112 3423 τῶν
3149 3371 3310 3424 ὁσίων
3351 3370 3551 3423 δούλων
3594 3372 3691 3424 τοῦ

2106 3448 2372 3520 Χριστοῦ.
2395 3442 2566 3513 Οὗτος
2605 3449 2825 3517 ὁάξίως
2868 3449 2966 3519 τὴν
3014 3449 3108 3502 τοῦ
3170 3447 3326 3517 ἀγίου
3377 3450 3687 3518 Πνεύματος

2113 3528 2381 3592 ἐξανύσας
2403 3527 2500 3598 τὴν
2521 3527 2663 3592 ὁδὸν,
2698 3529 2795 3581 καὶ
2822 3528 2944 3599 μηδ’
2975 3528 3111 3591 ὅλως
3140 3528 3435 3597 ἐπιτραπεὶς
3457 3529 3551 3599 τῆς
3594 3529 3676 3581 εὐ-

2112 3606 2265 3669 θείας
2296 3605 2441 3670 όδοῦ,
2483 3604 2797 3678 κατηξιώθη
2856 3608 3197 3677 χαρίσματος
3252 3606 3503 3675 γνώσεως
3531 3623 3684 3675 φυσι-

2113 3686 2237 3756 κῆς,
2260 3686 2326 3757 ἢν
2354 3684 2662 3755 διαδέχεται
2689 3685 2937 3754 θεολογίοι
2964 3687 3061 3740 καὶ
3094 3686 3295 3756 ἐσχάτη
3330 3688 3687 3758 μακαριότης.

2107 3766 2215 3820 Τὸν
2246 3767 2451 3835 ἥσυχον
2493 3764 2587 3819 οὖν
2624 3766 2711 3819 ἀεὶ
2741 3766 3052 3838 ἐξασκήσας
3097 3766 3210 3837 βίον
3240 3769 3322 3830 είς
3375 3768 3563 3837 ἀκρον,
3596 3771 3692 3822 καὶ

2104 3845 2235 3907 τοὺς
2266 3846 2788 3915 παρατυγχάνοντας
2817 3844 2885 3897 δι’
2938 3846 3104 3901 αὐτοῦ
3134 3846 3222 3900 ἀεὶ
3257 3846 3556 3916 οἰκοδομῶν
3595 3847 3693 3900 ἐπὶ

2108 3924 2270 3977 ίκανά
2294 3924 2412 3993 ἐτη,
2448 3927 2528 3985 είς
2563 3922 2788 3996 ὕστερον
2816 3925 3086 3996 προῆλθεν
3102 3928 3200 3996 τῆς
3222 3924 3414 3994 κέλλης
3436 3924 3493 3989 ἐξ
3510 3925 3693 3987 αἰτίας

2108 4003 2345 4057 τοιᾶσδε·
2372 4003 2549 4073 Λιμοῦ
2581 4002 2984 4066 καταλαϐόντος
3021 4004 3261 4073 μεγάλου
3298 4004 3396 4074 τὴν
3441 4004 3695 4075 Ἐδεσση-

2103 4085 2212 4137 νῶν
2244 4082 2421 4145 πόλιν,
2452 4084 2548 4135 καὶ
2575 4083 3034 4154 κατοικτειρήσας
3056 4084 3237 4136 πᾶσαν
3277 4082 3376 4153 τὴν
3403 4083 3695 4153 ἀγροικίαν

2112 4162 2578 4232 διαφθειρομένην
2631 4162 2661 4214 6
2708 4160 2892 4225 ἔνθεος
2939 4156 3133 4227 οὗτος,
3198 4160 3502 4230 προσῆλθεν
3576 4164 3694 4225 τοῖς

2101 4242 2286 4313 ἀδροῖς
2314 4245 2373 4295 ἐν
2400 4240 2528 4313 ὕλῃ,
2562 4241 2659 4295 καὶ
2701 4240 2849 4308 λέγει
2903 4241 3111 4304 αὐτοῖς·
3137 4240 3294 4303 Τίνος
3340 4240 3530 4292 ἕνεκεν
3578 4243 3692 4294 οὑν

2113 4323 2314 4375 ἐλεεῖτε
2341 4320 2813 4392 διαφθειρομένην
2831 4319 2933 4389 τὴν
2968 4320 3316 4389 ἀνθρωπίνην
3342 4317 3525 4387 φύσιν,
3549 4318 3692 4374 ἀλλά

2106 4401 2197 4475 τὸν
2231 4400 2465 4456 πλοῦτον
2488 4401 2643 4471 ὐμῶν
2670 4402 2875 4469 σήπετε
2897 4400 2980 4463 εις
3008 4401 3329 4470 κατάκριμα
3349 4398 3462 4453 τῶν
3498 4400 3692 4469 ψυχῶν

406 4494 569 4564 νάπαι
595 4481 736 4564 αὐτὰ
757 4484 1011 4564 ἀϐλαϐῶς
1052 4485 1343 4556 διοικῆσαι,
1384 4477 1749 4558 ἐπιστάμενος
1792 4495 1994 4564 μᾶλλον
2022 4481 2076 4541 D
2103 4482 2303 4564 :bwbv;
2345 4480 2575 4564 ’ίῗκεῖντξι
2611 4479 2953 4564 “pq/diem}
3004 4478 3165 4549 δῆθεν
3191 4477 3423 4564 ,εὔλογον
3468 4481 3689 4564 ςκῆψιν.

408 4556 546 4645 ἐμοῦ
576 4560 704 4645 τούς
732 4562 972 4645 εὐλόγως
1000 4565 1315 4633 ὀφείλοντας
1343 4556 1806 4641 ἐπικουρηθῆναιξ
1850 4574 1995 4645 Ἐγὼ

407 4638 518 4709 γάρ
538 4639 749 4705 τούτοις
770 4643 1069 4715 ἀρκοῦμαι.

981 4723 1234 4780 ΚΕΦΑΛ.
1301 4727 1426 4793 ιιην.

980 4804 1123 4871 Περὶ
1176 4803 1423 4875 Διοκλῆ.

480 4866 649 4961 Οὗτος
674 4878 731 4933 δέ
754 4880 784 4933 6
820 4866 1191 4961 Ama-71:61:?)
1233 4866 1627 4956 γραμματικῆς
1674 4888 1772 4958 μὲν
1802 4890 1993 4961 ἀχθεὶς

404 4953 476 5008 τά
500 4957 712 5039 πρῶτα,
740 4961 819 5024 είς
845 4959 1072 5030 ὕστερον
1098 4962 1158 5015 δὲ
1196 4961 1321 5023 δοὺς
1353 4953 1544 5017 ἑαυτὸν
1570 4953 1650 5030 είς
1675 4953 1996 5039 φιλοσοφούξ

407 5048 567 5120 μενά,
598 5035 676 5107 τῷ
697 5040 877 5120 χρόνῳ
904 5040 1004 5120 τῆς
1027 5041 1249 5111 χάριτος
1270 5042 1433 5120 αὐτὸν
1453 5035 1760 5117 ὲλκυσάσης
1790 5035 1992 5120 εἰς’τὴν

404 5112 657 5193 οὐράνιον
707 5117 1025 5187 φιλοσοφίαν
1056 5135 1069 5148 ’
1096 5119 1340 5174 εἰκοστὸν
1393 5123 1572 5176 τοίνυν
1632 5112 1817 5191 ὄγδοον
1869 5112 1989 5193 ἔτος

404 5192 553 5273 ἄγων
592 5195 694 5264 τῆς
724 5197 965 5267 ήλικίας,
1023 5198 1335 5264 ἀπετάξατο
1377 5202 1477 5271 μὲν
1518 5203 1629 5258 τῶν
1682 5192 1990 5273 ἐγκυκλίων

405 5270 814 5355 παιδευμάτων,
854 5278 1181 5342 συνετάξατο
1226 5277 1284 5330 δὲ
1316 5270 1427 5335 τῶν
1453 5284 1562 5347 τοῖς
1593 5270 1864 5355 οὐρανίοις
1893 5287 1990 5340 τοῦ

414 5350 653 5434 Χριστοῦ
717 5355 1020 5428 μαθήμασι.
1083 5358 1193 5411 Καὶ
1244 5359 1405 5428 αὐτὸς
1463 5362 1601 5434 ἔχων
1663 5350 1990 5433 τριακοστὸν

412 5433 672 5518 πέμπτον
701 5435 820 5500 ἔτος
852 5439 1037 5501 ἐντοῖς
1073 5438 1376 5518 σπηλαίοις.
1414 5433 1583 5506 Οὗτος
1615 5444 1802 5514 ἔλεγεν
1832 5450 1986 5518 ἡμῖν’

417 5509 625 5597 ξυλνοῦς
649 5515 893 5579 ἀποστάς
915 5517 1014 5587 τῆς
1051 5517 1146 5570 τοῦ
1174 5509 1312 5572 Θεοῦ
1346 5520 1578 5591 θεωρίας
1603 5509 1728 5577 κατέ
1757 5509 1987 5597 ἔννοιαν,

406 5587 437 5655 ἧ
468 5588 678 5661 δαίμων
705 5594 936 5665 γίνεται,
965 5596 998 5663 ἢ
1024 5597 1219 5667 κτῆνος
1247 5612 1260 5627 ’
1282 5587 1529 5668 ήμῶνδὲ
1563 5587 1988 5671 φιλοπευστούνλ

404 5682 513 5754 τωγ
561 5672 652 5754 τὸν
699 5674 905 5754 τρόπον
943 5674 1004 5729 ὃν
1040 5673 1214 5749 εἶπεν,
1263 5678 1450 5747 ἔλεγεν
1498 5681 1799 5747 οὕτως,ὃτι
1846 5688 1988 5754 Νοῦς

407 5747 698 5819 ἀνθρώπου
727 5751 862 5806 Θεοῦ
890 5753 1123 5826 θεωρίας
1163 5761 1525 5829 ἀναχωρήσας
1554 5764 1613 5828 ἐξ
1658 5767 1903 5834 ἀνάγκης

2103 4560 2318 4630 λέγουσι
2348 4559 2427 4630 τῷ
2459 4560 2619 4629 ἀγίῳ,
2672 4560 2755 4612 ὅτι
2780 4559 2896 4612 Οὐκ
2921 4558 3116 4630 ἔχομεν
3150 4556 3256 4609 τίνι
3305 4558 3691 4629 πιστεύσωμεν

2104 4641 2239 4711 πρὸς
2269 4640 2331 4692 τὸ
2355 4640 2675 4710 διακονῆσαι
2704 4641 2816 4699 τοῖς
2841 4638 3201 4708 λιμώττουσιν
3222 4635 3441 4705 ἄρτους.
3478 4638 3691 4704 Πάντες

2102 4721 2212 4791 γάρ
2278 4717 2654 4790 καπηλεύουσι
2703 4717 2775 4770 τὰ
2822 4717 3147 4787 πράγματα.
3204 4714 3369 4781 Λέγει
3431 4715 3613 4779 αὐτοῖς
3656 4720 3689 4772 6

2100 4800 2355 4870 ἐνάρετος
2382 4793 2558 4861 οὗτοςο
2591 4797 2675 4850 Τὰ
2717 4796 2849 4866 περὶ
2893 4794 3031 4866 ἐμοῦ
3069 4794 3187 4857 πῶς
3218 4793 3418 4863 ﬁxere;
3450 4795 3503 4846 τί
3555 4796 3688 4864 ὑμῖν

2099 4879 2243 4932 δοκῶ
2272 4876 2421 4946 ἐγώ;
2461 4875 2786 4946 Ἀνθρωπόν
2811 4892 2871 4929 σε
2899 4875 3125 4944 οἴδαμεν
3152 4874 3244 4927 τοῦ
3275 4873 3434 4926 Θεοῦ·
3473 4874 3601 4945 φίλη
3626 4876 3689 4932 δὲ

2100 4959 2330 5030 ἀλήθεια
2357 4975 2371 4989 ·
2402 4956 2645 5028 μεγάλην
2696 4955 2965 5025 ὑπόληψιν
3010 4951 3155 5023 εἶχεν
3198 4954 3349 5025 παρά
3399 4955 3565 5006 πᾶσιν
3619 4956 3684 5009 οὐ

2099 5036 2336 5107 ψευδῶς,
2381 5036 2497 5089 ἀλλ’
2546 5035 2787 5107 άληθῶς.
2816 5035 2981 5104 Λέγει
3012 5034 3195 5096 αὐτοῖς
3223 5035 3250 5085 6
3299 5031 3392 5085 τοῦ
3444 5033 3685 5103 Χριστοῦ

2097 5116 2285 5179 δοῦλος
2310 5130 2324 5144 ⁸
2362 5116 2427 5168 Εί
2470 5114 2645 5179 οὕτως
2700 5115 2878 5167 οἴεσθε
2933 5114 3007 5166 τά
3042 5112 3162 5166 κατ’
3186 5111 3308 5182 ἐμὲ,
3349 5112 3477 5180 ἐμοὶ
3523 5114 3690 5180 ἐμπι-

2100 5196 2364 5251 στεύσατε
2426 5196 2525 5267 τὴν
2579 5195 2688 5249 τῶν
2738 5195 3122 5265 λιμωττόντων
3178 5190 3519 5260 ἐπιμέλειαν.
3583 5195 3691 5246 Λέ..

2098 5296 2286 5349 γουσιν
2332 5279 2483 5351 αὐτῷ
2532 5281 2583 5335 οί
2616 5279 2837 5351 σοϐαροί
2870 5274 3040 5334 Ἐἴθε
3086 5274 3383 5340 καταξιοῖς.
3428 5275 3690 5344 Ἀποκρί-

2098 5381 2251 5417 νεται
2274 5365 2458 5428 αὐτοῖς
2521 5363 2761 5435 Ἐφραῒμ
2810 5365 2838 5416 6
2901 5364 3158 5423 ἐκλεκτὸς
3209 5359 3304 5413 τοῦ
3353 5358 3515 5412 Θεοῦ’
3554 5359 3686 5412 Ἰδοὺ

2097 5444 2206 5498 ἀπὸ
2260 5445 2500 5515 σήμερον
2557 5445 2625 5497 δι’
2689 5444 2835 5514 ὑμᾶς
2893 5442 3185 5512 χειροτονῶ
3225 5441 3489 5510 ’ἐμαυτὸν
3534 5438 3686 5502 ξενο-

2097 5524 2251 5593 δόχον
2299 5526 2409 5577 τῶν
2458 5524 2768 5596 δεομένων·
2818 5525 2911 5575 καὶ
2952 5522 3133 5576 λαϐὼν
3166 5520 3299 5590 παρ’
3353 5520 3533 5572 αὐτῶν
3587 5520 3689 5589 ἁρ-

2097 5604 2286 5673 γύρια,
2337 5604 2434 5655 καὶ
2489 5603 2777 5672 διαφρίξας
2824 5603 2951 5664 τοὺς
3002 5601 3284 5671 ἐμϐόλους,
3330 5601 3426 5652 καὶ
3479 5597 3687 5665 στήσας

2099 5683 2286 5745 κλίνας
2336 5686 2413 5747 ὡς
2473 5684 2812 5755 τριακοσίας,
2866 5684 3183 5751 ὲνοσοκόμει
3236 5677 3681 5748 ἀσθενεστέρους,

2098 5765 2331 5834 ἐπήρκει
2380 5766 2436 5819 δέ
2491 5767 2602 5828 τοῖς
2655 5764 3007 5833 λιμώττουσι.
3080 5762 3189 5821 Καὶ
3238 5762 3363 5823 τοὺς
3445 5759 3541 5830 μὲν
3590 5758 3685 5809 6x-
