4028 6440
367 360 507 419 1205

1633 354 1948 413 HISTORIA
1987 352 2342 407 LAUSIACA.

3443 363 3583 421 1206

359 473 709 538 cusstonibus,
786 482 842 528 et
911 469 1141 529 diversis
1208 468 1441 538 iactatus
1509 466 1909 528 afﬂictionibus,
1940 466 1992 521 A
2020 476 2137 515 cum
2160 478 2217 515 se
2236 440 2418 528 postea
2440 462 2675 516 dedisset
2704 462 3079 533 philosophia,
3102 465 3314 521 tandem
3338 464 3583 521 trahente

358 578 406 621 et
440 566 572 620 dixit
605 584 616 617 :
652 565 817 617 Datus
847 572 929 617 est
958 562 1087 616 mihi
1117 560 1364 615 stimulus
1403 558 1600 623 carnis,
1624 566 1682 610 ut
1709 572 1794 610 me
1825 571 1919 609 co-

361 657 610 723 lathizet,
644 669 711 709 ne
742 655 875 709 forte
904 654 1127 706 extollar
1154 649 1243 720 (II
1267 648 1387 703 Cor.
1409 648 1484 717 xt)
1509 664 1524 712 ;
1550 662 1615 701 ne
1642 647 1775 700 forte
1798 659 1917 697 cum

359 747 631 801 miraculis
651 746 800 815 quies
826 754 880 800 et
905 759 1082 798 rerum
1106 755 1386 796 successus
1414 750 1466 794 et
1488 742 1660 792 honor
1686 739 1734 792 ei
1766 754 1919 791 acce-

314 898 319 903 I
356 841 511 904 deus,
559 852 679 890 eum
728 838 782 889 in
828 833 1182 902 arrogantiam
1223 832 1462 897 injiceret
1499 829 1811 883 diabolicatn
1839 842 1921 880 su-

358 925 538 993 perbia
564 925 780 980 elatum.
826 925 1064 978 Relictus
1103 934 1311 991 quoque
1342 929 1425 972 est
1451 919 1775 987 paralyticus
1799 932 1921 984 pro-

359 1024 477 1083 pter
529 1025 820 1081 peccatum.
862 1014 959 1067 Cui
1026 1015 1162 1067 dixit
1204 1014 1454 1066 Dominus
1510 1026 1525 1063 :
1571 1008 1711 1063 Ecce
1758 1022 1920 1061 sanus

361 1105 529 1156 factus
575 1120 654 1165 es,
684 1104 791 1157 noli
814 1104 1042 1171 amplius
1071 1118 1291 1170 peccare
1326 1099 1502 1168 (Joan.
1530 1099 1603 1169 ν).
1631 1098 1921 1152 Derelictus

356 1212 564 1265 quoque
594 1196 875 1260 cstJudas,
908 1197 995 1264 qui
1035 1195 1200 1263 pluris
1229 1194 1426 1247 fecerat
1465 1192 1740 1259 pecuniam
1763 1203 1920 1257 quam

356 1290 573 1342 verbum
598 1291 717 1342 vita
741 1304 755 1353 ;
790 1290 1035 1354 quocirca
1071 1286 1162 1340 fuit
1194 1286 1352 1340 etiam
1377 1284 1666 1338 suffocatus
1694 1282 1831 1352 (Act.
1856 1281 1919 1349 t).

357 1371 650 1431 Derelictns
677 1393 887 1445 quoque
930 1386 1013 1430 est
1053 1377 1190 1429 Esau
1213 1415 1229 1437 ,
1275 1386 1329 1428 et
1359 1373 1547 1427 ittcidit
1579 1375 1631 1426 in
1656 1372 1919 1440 intempe-

358 1471 606 1530 rantiam,
640 1476 696 1521 ut
738 1468 825 1535 qui
870 1476 1075 1522 stercus
1149 1465 1525 1519 intestinorum
1577 1460 1927 1530 praposuerit

358 1555 712 1611 benedictioni
737 1565 969 1625 paterna
1003 1553 1154 1624 (Gen.
1181 1552 1383 1623 xxvn);
1418 1553 1551 1607 adeo
1576 1559 1635 1604 ut
1660 1564 1780 1603 cum
1810 1548 1926 1604 hac

357 1649 533 1702 omnia
561 1647 819 1701 sensisset
844 1649 1032 1701 beatus
1061 1646 1331 1714 apostolus
1366 1643 1559 1698 Paulus
1583 1684 1599 1708 ,
1628 1640 1827 1695 dixerit
1858 1640 1927 1694 de

358 1736 623 1805 aliquib’us
656 1752 669 1790 :
706 1738 965 1803 Quoniam
1010 1738 1153 1790 enim
1205 1748 1309 1788 non
1356 1733 1715 1802 probaverunt
1759 1730 1924 1784 Deum

2020 560 2149 607 eum‘
2173 553 2336 620 gratia
2358 553 2422 604 ad
2452 553 2719 605 caelestem
2750 553 3160 621 philosophiam,
3188 560 3359 610 atatis
3380 570 3577 610 amntm

2020 655 2182 709 agens
2213 642 2520 708 vigesimum
2552 642 3389 710 octavum,renuntiavitquidem
3416 641 3577 697 disci-

2020 734 2178 801 plinis
2204 732 2527 796 liberalibus,
2562 746 2621 786 se
2648 733 2863 787 Christo
2897 748 3024 786 vero
3053 734 3367 800 conjunxit;
3400 746 3451 789 et
3478 737 3589 806 jam

2020 826 2347 893 trigesimum
2395 825 2631 892 quintum
2677 839 2870 877 annum
2902 826 3009 892 agit
3039 825 3088 877 in
3122 824 3392 892 spelunca.
3430 826 3475 877 Is
3503 825 3579 879 di-

2020 916 2175 968 cebat
2218 915 2371 967 nobis
2418 914 2559 981 quod
2606 928 2755 966 mens
2803 928 2923 981 qua
2968 912 3285 981 cogitatione
3314 910 3530 966 recessit
3558 925 3589 961 a

2024 1006 2116 1059 Dei
2140 1004 2626 1072 contemplatione,
2663 1003 2719 1056 fit
2749 1003 2831 1055 vel
2861 1003 3100 1066 damon,
3133 1004 3217 1057 vel
3250 1004 3438 1057 bestia.
3482 1002 3588 1056 No-

2023 1096 2103 1150 bis
2130 1104 2304 1148 autem
2344 1094 2649 1162 rogantibus
2697 1109 2710 1145 :
2755 1092 2995 1158 Quonam
3042 1093 3244 1145 modo?
3290 1093 3369 1146 sic
3414 1090 3585 1144 dixit:

2024 1186 2171 1239 Mens
2198 1200 2317 1251 qua
2346 1183 2567 1237 recessit
2593 1198 2620 1234 a
2652 1182 2741 1235 Dei
2774 1183 3256 1249 contemplatione,
3288 1181 3588 1235 necessario

2025 1274 2175 1343 (I46)
2203 1274 2385 1328 incidit
2424 1274 2504 1327 vel
2538 1275 2587 1326 in
2618 1274 2911 1325 damonetn
2957 1273 3291 1340 cupiditatis,
3318 1274 3404 1342 qui
3436 1276 3484 1325 itt
3514 1274 3590 1326 la.

2024 1365 2239 1419 sciviam
2266 1364 2509 1428 impellit,
2538 1363 2617 1416 vel
2650 1363 2701 1416 itt
2724 1364 2967 1430 spiritum
2995 1363 3083 1414 ira
3113 1364 3416 1431 malignum.
3450 1363 3591 1417 unde

2024 1456 2359 1510 irrationales
2383 1456 2648 1522 appetitus
2676 1454 2981 1522 gignuntur.
3018 1454 3083 1507 Et
3104 1453 3352 1507 Iascivam
3376 1453 3588 1521 quidem

2025 1547 2365 1615 cupiditatem
2396 1560 2517 1599 esse
2546 1544 2756 1600 dicebat
2796 1543 3081 1598 belluinam
3104 1585 3120 1612 ,
3149 1544 3280 1596 iram
3323 1558 3449 1596 vero
3477 1543 3591 1596 da-

2024 1637 2318 1692 moniacam
2358 1635 2795 1689 commotionem.
2832 1632 2962 1687 Cum
2992 1646 3090 1701 ego
3118 1639 3294 1685 autem
3325 1631 3593 1685 contradi-

2028 1741 2203 1782 cerem
2231 1744 2244 1779 :
2276 1725 2552 1794 Quomodo
2585 1724 2696 1777 ﬁeri
2728 1731 2902 1792 potest
2950 1732 3010 1775 ut
3053 1736 3203 1775 mens
3252 1720 3474 1773 humana
3526 1721 3596 1772 sit

361 1826 559 1880 habere
591 1826 644 1879 in
676 1825 1001 1893 cognitione,
1039 1825 1253 1879 traddit
1289 1837 1383 1876 eos
1414 1823 1464 1875 in
1491 1821 1776 1890 reprobum
1801 1834 1923 1873 sen-
1951 1815 1999 1875 B
2026 1831 2145 1870 cum
2174 1816 2286 1869 Deo
2312 1816 2429 1869 sine
2458 1812 2889 1867 intermissione?
2922 1812 3033 1878 ipse
3076 1810 3284 1865 dicebat
3312 1826 3326 1863 :
3357 1809 3506 1873 Quod
3537 1807 3590 1861 in

361 1930 500 1981 sum,
533 1925 590 1970 ut
612 1916 803 1969 faciant
825 1931 941 1985 qua
964 1930 1070 1969 non
1092 1912 1601 1983 conveniunt(Rom.
1628 1909 1692 1979 ι).
1719 1911 1791 1964 De
1811 1910 1927 1963 aliis

361 2016 537 2059 autem
568 2008 656 2076 qui
689 1990 1021 2060 videbantuP
1040 2005 1235 2059 habere
1278 2004 1371 2058 Dei
1401 2002 1758 2072 cognitionem
1804 2014 1929 2054 cum

360 2110 539 2154 mente
594 2109 841 2170 corrupta
892 2108 946 2154 et
994 2098 1138 2153 inani
1194 2108 1428 2161 tumore,
1470 2092 1927 2159 dicitzQuoniam

360 2187 504 2241 enim
532 2202 651 2241 cum
678 2188 844 2242 Deum
875 2187 1286 2256 cognovissent,
1316 2200 1420 2238 non
1451 2192 1508 2236 ut
1536 2182 1698 2237 Deum
1725 2180 1929 2252 glorifi-

360 2283 636 2337 caverunt,
669 2285 760 2327 aut
786 2277 985 2343 gratias
1009 2282 1253 2342 egerunt,
1283 2272 1499 2326 tradidit
1540 2286 1636 2327 eos
1685 2270 1827 2323 Deus
1873 2270 1927 2324 in

364 2365 642 2431 passiones
681 2364 1014 2435 ignominia;
1059 2365 1194 2417 adeo
1224 2370 1282 2416 ut
1326 2377 1423 2416 nos
1459 2377 1523 2416 ex
1550 2379 1615 2417 eo
1644 2376 1931 2430 cognosca-

363 2470 479 2509 mus
512 2454 625 2507 ﬁeri
651 2469 753 2507 non
792 2468 949 2522 posse
980 2462 1036 2505 ut
1060 2452 1214 2507 cadat
1241 2452 1435 2521 aliquis
1478 2452 1533 2505 in
1575 2452 1930 2519 intemperan-

363 2543 512 2608 tiam,
539 2545 627 2613 qui
660 2558 763 2597 non
794 2542 954 2597 fuerit
1005 2542 1289 2597 derelictus
1333 2557 1362 2593 a
1413 2540 1503 2594 Dei
1551 2541 1878 2608 providentia
1911 2581 1929 2609 ,

364 2649 578 2707 propter
613 2638 983 2708 negligentiam
1011 2645 1065 2692 et
1092 2633 1388 2691 socordiam
1412 2640 1593 2688 eorum
1642 2635 1728 2701 qtti
1781 2632 1935 2688 dere-

365 2730 667 2800 linquuntur
686 2739 740 2785 et
760 2730 1082 2786 deseruntur
1106 2729 1171 2783 ad
1203 2726 1304 2782 hoc
1324 2736 1383 2781 ut
1410 2727 1523 2782 hac
1562 2727 1638 2783 eis
1662 2726 1932 2781 eveniant.

925 2821 1148 2876 CAPUT
1187 2818 1371 2874 XCVI.

789 2912 912 2967 Vita
953 2912 1148 2965 abbatis
1196 2911 1502 2975 Solomonis.

440 3001 494 3060 In
522 3005 735 3060 Antinoi
762 3004 978 3060 civitate
1021 3006 1251 3074 regionis
1281 3002 1563 3058 Thebaidis
1592 3002 1936 3071 quadraginta

369 3118 537 3156 annos
563 3112 826 3170 versatus,
845 3116 911 3156 eo
935 3112 1172 3169 tempore
1196 3100 1374 3167 accepi
1397 3100 1555 3152 etiam
1582 3100 1937 3166 cognitionem

2030 1921 2345 1976 quacunque
2373 1905 2693 1973 cogitatione
2722 1905 2803 1957 vel
2833 1918 2892 1958 re
2922 1902 3003 1971 pia
3028 1910 3082 1956 et
3105 1900 3280 1955 divina
3307 1900 3462 1954 fuerit
3482 1898 3595 1952 ani-

2031 2012 2137 2061 ma,
2168 2011 2229 2050 ea
2256 2004 2341 2049 est
2365 2009 2483 2048 cum
2516 1994 2647 2048 Deo.

2596 2080 2818 2137 CAPUT
2850 2080 3034 2135 XCIX.

2486 2174 2606 2229 Vita
2637 2174 2835 2227 abbatis
2874 2172 3153 2242 Capitonis.

2104 2267 2277 2335 Prope
2301 2279 2420 2318 eum
2450 2263 2698 2318 manebat
2734 2263 2942 2330 quidam
2978 2261 3164 2328 Capito
3194 2258 3283 2326 qui
3321 2257 3494 2312 fuerat
3520 2256 3601 2311 la-

2033 2370 2138 2425 tro,
2166 2359 2253 2427 qtti
2283 2372 2403 2412 cum
2432 2354 2811 2425 quinquaginta
2838 2366 3008 2405 annos
3057 2350 3328 2419 implesset
3374 2344 3427 2397 in
3482 2360 3601 2415 Spe-

2032 2452 2225 2515 lunris,
2256 2459 2480 2517 quatuor
2505 2446 2741 2499 millibus
2769 2445 2925 2510 longe
2951 2442 3018 2495 ab
3048 2443 3175 2495 urbe
3214 2439 3445 2500 Antinoi,
3492 2454 3597 2492 non

2034 2540 2161 2594 abiit
2184 2556 2213 2592 a
2250 2538 2501 2606 spelunca
2531 2550 2695 2604 usque
2720 2534 2783 2586 ad
2818 2533 3035 2587 ﬂuvium
3089 2531 3260 2583 Nilum
3287 2571 3299 2590 ,
3331 2528 3509 2582 dtcens
3538 2543 3596 2582 se

2036 2648 2140 2688 non
2169 2646 2324 2701 posse
2353 2632 2530 2684 turbas
2560 2628 2851 2683 convenire
2873 2669 2888 2693 ,
2917 2640 2982 2681 eo
3012 2624 3152 2695 quod
3179 2622 3474 2679 communis
3501 2620 3594 2674 ad-

2039 2725 2305 2781 versarius
2329 2722 2380 2777 ei
2401 2720 2572 2776 adhuc
2595 2720 2889 2774 resisteret.

2659 2807 2887 2865 CAPUT
2925 2808 2986 2863 C.

2330 2902 2449 2957 Vita
2488 2901 2809 2955 anachoreta
2857 2899 2942 2967 qui
2986 2894 3310 2949 illudebatur.

2111 2995 2244 3049 Cum
2270 2993 2354 3047 his
2394 2991 2620 3045 vidimus
2648 2988 2805 3043 etiam
2837 2988 3056 3040 alterum
3086 2982 3475 3044 anachoretam,
3510 2984 3601 3051 qui

2044 3087 2157 3155 ipse
2183 3097 2391 3154 quoque
2421 3089 2535 3135 erat
2560 3079 2807 3133 similiter
2830 3077 2880 3130 in
2909 3081 3180 3144 spelunca.
3213 3072 3260 3127 Is
3308 3074 3360 3126 i-n
3405 3071 3607 3125 somnis

371 3195 603 3247 omnium
633 3208 749 3261 qua
794 3159 917 3246 sunt
960 3159 1069 3245 illic
1114 3159 1578 3244 monasteriorum.
1624 3159 1755 3242 Nam
1801 3187 1940 3241 circa
1970 3169 2018 3230 C
2050 3176 2234 3229 illusus
2261 3181 2428 3227 astro
2454 3184 2605 3223 vana
2621 3169 2823 3237 gloria,
2856 3165 3082 3220 vicissim
3114 3161 3367 3217 illudebat
3393 3173 3487 3215 eos
3515 3159 3608 3229 qui

371 3282 634 3335 civitatem
665 3280 852 3335 sedent
881 3278 982 3333 viri
1012 3280 1222 3333 circiter
1254 3279 1333 3333 bis
1361 3280 1541 3344 mille,
1576 3278 1817 3332 manibus
1864 3278 1943 3332 vi-

372 3382 576 3437 ventes,
604 3381 658 3426 et
681 3385 740 3426 se
771 3385 977 3425 summe
1024 3376 1356 3424 exercentes.
1390 3370 1445 3423 ltt
1492 3371 1573 3424 his
1619 3378 1739 3422 sunt
1782 3369 1942 3422 etiam

371 3465 711 3518 anachoreta
758 3463 846 3531 qui
876 3462 1083 3517 seiosos
1105 3460 1435 3514 incluserunt
1474 3460 1526 3512 in
1556 3458 1827 3526 Speluncis
1859 3473 1947 3510 ru-

373 3554 514 3621 pium
541 3569 553 3603 :
588 3552 725 3605 inter
751 3564 885 3620 quos
914 3536 995 3603 est
1024 3548 1274 3602 Solomon
1303 3547 1382 3601 vir
1406 3546 1863 3601 mansuetissimus
1891 3552 1948 3598 et

374 3641 915 3708 temperantissimus,
947 3648 1001 3692 et
1026 3638 1116 3706 qui
1141 3638 1337 3691 donum
1370 3636 1529 3691 habet
1558 3638 1871 3691 tolerantia.
1901 3636 1948 3690 ls

375 3730 750 3799 quinquaginta
814 3744 984 3783 annos
1036 3728 1182 3798 degit
1216 3727 1267 3783 in
1308 3728 1589 3797 spelunca,
1619 3727 1715 3780 sibi
1751 3728 1948 3780 victum

377 3823 723 3894 suppeditans
753 3838 918 3895 opere
950 3838 1225 3890 manuum,
1252 3832 1308 3877 et
1336 3820 1522 3877 didicit
1547 3829 1712 3875 totam
1744 3834 1951 3874 sacram

378 3916 734 3988 Scripturam.

941 3981 1164 4038 CAPUT
1202 3980 1410 4036 XCVII.

846 4072 961 4133 Vita
992 4077 1184 4130 abbatis
1224 4074 1491 4132 Dorothei.

452 4170 572 4228 Fuit
592 4171 750 4226 etiam
775 4169 989 4240 quidam
1016 4168 1313 4223 Dorotbeus
1335 4167 1615 4238 presbyter
1631 4168 1681 4221 in
1703 4167 1806 4221 alia
1837 4181 1957 4236 spe-

383 4262 540 4318 lunca
573 4262 851 4325 habitans,
884 4259 973 4329 qui
1013 4260 1065 4312 in
1108 4272 1314 4312 summa
1344 4257 1578 4313 bonitate
1610 4261 1719 4327 ipse
1749 4272 1958 4327 quoque

384 4356 543 4413 vitam
560 4357 687 4411 vixit
706 4357 1050 4425 inculpatam,
1076 4355 1373 4423 dignusque
1395 4361 1479 4408 est
1504 4353 1713 4407 habitus
1738 4352 1960 4420 presby-

386 4459 581 4518 teratu,
611 4460 664 4505 et
695 4449 961 4504 ministrat
986 4448 1236 4502 fratribus
1264 4446 1354 4516 qui
1397 4455 1521 4501 sunt
1561 4446 1614 4500 in
1662 4444 1950 4512 speluncis.

388 4541 523 4596 Huic
571 4540 852 4610 aliquando
900 4537 1182 4593 Melanium
1227 4538 1436 4605 iunior,
1470 4548 1671 4604 magna
1719 4533 1960 4588 Melania

392 4632 585 4703 neptis,
614 4633 682 4688 de
707 4646 809 4700 qua
838 4632 1008 4685 dicam
1053 4638 1266 4697 postea,
1294 4630 1438 4683 misit
1474 4629 1789 4697 quingentos
1829 4624 1961 4679 soli-

394 4728 514 4789 dos,
542 4738 737 4792 rogans
768 4737 888 4777 eum
931 4731 988 4774 ut
1028 4722 1354 4774 ministraret
1380 4718 1652 4772 fratribus.
1686 4716 1735 4769 Is
1781 4724 1959 4768 autem

392 4831 514 4871 cum
546 4821 658 4867 tres
682 4814 824 4866 solos
844 4811 1160 4880 accepisset,
1191 4810 1335 4864 misit
1364 4808 1599 4875 reliquos
1627 4805 1695 4859 ad
1726 4805 1962 4858 Dioclem

394 4907 810 4969 anachoretam,
838 4903 1009 4955 virum
1054 4915 1261 4954 summa
1308 4900 1610 4967 cognitione
1656 4897 1963 4965 praditum,

395 4996 620 5050 dicens:
659 4995 754 5047 Est
780 5007 865 5046 me
905 4991 1197 5060 sapientior
1244 4990 1405 5042 frater
1436 4987 1665 5054 Diocles,
1697 4996 1748 5041 et
1794 4994 1969 5055 potest

399 5100 491 5140 eos
521 5087 723 5155 integre
751 5092 805 5137 et
830 5082 1140 5135 innocenter
1167 5080 1509 5147 dispensare,
1540 5087 1598 5131 ut
1625 5079 1713 5147 qui
1742 5092 1825 5130 me
1853 5091 1965 5132 me-

401 5174 505 5228 lius
532 5174 666 5227 sciat
694 5186 788 5226 eos
816 5170 1006 5239 quibus
1045 5170 1113 5222 sit
1139 5169 1332 5222 merito
1366 5165 1639 5221 ferendum
1671 5165 1923 5219 auxilium
1952 5178 1964 5193 '

405 5277 529 5319 nam
561 5261 617 5318 hi
643 5262 771 5318 mihi
799 5260 1091 5317 Sufﬁciunt.

951 5366 1177 5424 CAPUT
1200 5364 1425 5425 XCVIII.

909 5480 1023 5539 Vita
1046 5483 1240 5536 abbatis
1270 5482 1479 5535 Dioclis.

485 5578 585 5640 Hic
605 5576 817 5634 Diocles
832 5575 882 5629 in
905 5574 1245 5645 grammatica
1265 5571 1475 5642 quidem
1494 5571 1718 5642 primum
1731 5568 1971 5632 edoctus.

484 5702 499 5732 ³
540 5705 655 5767 Vita
683 5710 798 5781 eius
825 5716 995 5765 exuat
1023 5723 1180 5778 supra
1213 5707 1305 5763 lib.
1341 5722 1380 5763 ι.

2045 3267 2472 3338 decipiebantur,
2500 3272 2685 3317 ventos
2715 3273 2938 3329 pascens
2961 3256 3133 3327 (M7),
3160 3262 3215 3308 et
3244 3253 3456 3331 umbras
3486 3265 3611 3319 per-

2046 3375 2271 3429 sequens
2298 3355 2486 3428 (Eccli.
2519 3353 2724 3421 xxxw).
2755 3352 2819 3405 Et
2843 3348 3073 3404 habebat
3096 3346 3308 3416 quidem
3339 3346 3390 3397 in
3414 3356 3606 3409 corpo-

2048 3467 2109 3507 re
2137 3449 2565 3518 temperantiam,
2598 3455 2651 3499 et
2680 3452 2895 3512 propter
2922 3448 3251 3495 senectutem
3274 3476 3288 3499 ,
3315 3444 3369 3490 et
3398 3443 3615 3503 propter

2049 3555 2259 3611 tempus
2282 3580 2297 3601 ,
2321 3550 2375 3594 et
2400 3538 2541 3591 forte
2572 3536 2729 3589 etiam
2762 3540 2976 3599 propter
3012 3542 3201 3582 vanam
3229 3525 3449 3592 gloriam
3481 3540 3495 3573 :
3530 3536 3618 3575 va-

2050 3650 2133 3690 na
2162 3642 2336 3687 autem
2366 3627 2549 3699 gloria
2597 3621 3006 3692 intemperantia
3036 3624 3317 3684 corruptus
3365 3620 3479 3666 erat
3506 3611 3622 3679 ejus

2051 3725 2283 3788 animus,
2310 3729 2365 3775 et
2390 3734 2420 3773 a
2442 3715 2688 3785 religiosa
2710 3709 3117 3767 conversatione
3138 3704 3311 3759 fuerat
3334 3704 3617 3757 alienatus.

2653 3825 2878 3881 CAPUT
2930 3823 3011 3878 CI.

2338 3924 2460 3980 Vita
2487 3920 2650 3975 sancti
2681 3917 2921 3987 Ephram
2948 3912 3099 3982 (148)
3123 3909 3341 3964 diaconi.

2127 4015 2338 4072 Audisti
2358 4012 2578 4068 omnino
2598 4010 2664 4063 de
2690 4007 2937 4075 Ephram
2959 4004 3184 4058 diacono
3207 3995 3445 4054 ecclesia
3463 3994 3627 4049 Edes-

2052 4124 2309 4168 senurum
2342 4109 2385 4164 ί.
2420 4105 2543 4161 Fuit
2570 4102 2715 4158 enim
2744 4114 2882 4155 unus
2910 4113 2974 4152 ex
3000 4096 3065 4149 iis
3091 4094 3179 4164 qui
3226 4092 3368 4159 digni
3406 4098 3528 4144 sunt
3555 4089 3624 4143 de

2057 4202 2252 4272 quibus
2280 4199 2372 4251 fiat
2399 4194 2598 4250 mentio
2645 4206 2677 4245 a
2723 4188 2921 4245 sanctis
2965 4186 3157 4241 Christi
3200 4183 3389 4237 servis.
3433 4179 3481 4233 Is
3506 4193 3626 4233 cum

2058 4268 2274 4362 spiritus
2302 4289 2438 4342 viam
2466 4286 2626 4353 digne
2648 4280 2959 4350 peregisset,
2988 4284 3042 4331 et
3069 4291 3097 4327 a
3140 4282 3283 4328 recta
3316 4286 3419 4324 non
3467 4268 3631 4323 decli-

2060 4360 2261 4451 nasset,
2292 4380 2481 4449 dignus
2510 4383 2591 4430 est
2618 4373 2828 4427 habitus
2867 4369 3034 4438 gratia
3067 4365 3319 4420 naturalis
3368 4360 3630 4431 cognitio-

2061 4475 2166 4540 nis,
2193 4486 2350 4542 quam
2378 4466 2726 4535 consequitur
2758 4459 3017 4528 theologia
3040 4497 3056 4523 ,
3087 4465 3141 4511 et
3172 4462 3440 4522 postremo
3503 4451 3633 4506 bea-

2060 4567 2255 4623 titudo.
2356 4559 2491 4616 Cum
2548 4568 2677 4625 ergo
2719 4553 2882 4607 vitam
2929 4548 3255 4603 exercuisset
3295 4545 3549 4613 quietam,
3583 4549 3638 4595 et

2066 4652 2246 4708 multis
2266 4648 2377 4718 jam
2406 4645 2561 4701 annis
2589 4644 2879 4698 aedificaret
2905 4653 3000 4693 eos
3042 4637 3131 4706 qui
3162 4634 3511 4693 ventitabant,
3546 4644 3640 4697 po-

2066 4752 2179 4799 stea
2210 4756 2242 4797 e
2268 4739 2405 4794 cella
2432 4747 2745 4807 progressus
2770 4740 2851 4784 est
2881 4729 2980 4783 hac
3001 4728 3068 4781 de
3090 4738 3267 4778 causa.
3295 4722 3427 4775 Cum
3454 4732 3641 4785 magna

2067 4830 2238 4888 fames
2287 4827 2576 4883 invasisset
2620 4823 2893 4877 civitatem
2942 4816 3358 4874 Edessenorum,
3388 4810 3637 4862 misertus

2067 4922 2303 4979 omnium
2330 4919 2418 4985 qui
2446 4916 2688 4985 peribant
2714 4908 3026 4981 agrestium,
3057 4902 3318 4973 processit
3338 4899 3403 4953 ad
3431 4913 3525 4953 eos
3552 4897 3642 4965 qui

2076 5022 2229 5070 erant
2255 5011 2447 5065 divites
2474 5007 2525 5060 in
2555 5003 2787 5065 civitate,
2818 5005 2872 5052 et
2896 4995 3025 5049 dicit
3051 4993 3129 5047 eis
3160 5008 3173 5045 :
3205 4991 3309 5044 Cur
3335 5004 3442 5043 non
3482 4987 3646 5040 mise-

2077 5102 2265 5161 remini
2293 5102 2540 5153 humana
2569 5099 2775 5147 natura
2797 5100 2915 5157 qua
2937 5083 3140 5145 interit,
3164 5080 3258 5134 sed
3288 5093 3415 5148 opes
3441 5085 3648 5130 vestras

2076 5197 2251 5254 sinitis
2319 5200 2628 5261 putrescere
2688 5182 2756 5237 ad
2803 5176 3303 5236 condemnationem
3350 5172 3650 5224 animarum

2078 5283 2412 5343 vestrarum?
2457 5282 2526 5335 Se
2566 5284 2741 5331 autem
2790 5274 3013 5325 honeste
3039 5271 3390 5326 excusantes,
3423 5262 3606 5316 dicunt
3641 5272 3654 5307 :

2081 5377 2195 5434 Non
2224 5374 2480 5427 habemus
2506 5366 2589 5420 cui
2620 5364 2902 5418 credamus
2932 5357 2997 5412 ad
3028 5357 3129 5410 hoc
3152 5365 3208 5408 ut
3237 5367 3423 5421 panem
3454 5349 3659 5403 submi-

2085 5472 2273 5525 nistret
2308 5458 2663 5518 esurientibus
2696 5472 2708 5506 :
2748 5465 2936 5507 omnes
2979 5448 3118 5504 enim
3164 5458 3251 5500 res
3287 5450 3655 5511 cauponantur

2083 5556 2259 5628 (H9).
2288 5554 2339 5608 Is
2371 5551 2497 5604 vero
2528 5547 2657 5601 dicit
2684 5544 2763 5598 eis
2797 5559 2809 5594 :
2843 5539 2976 5608 Quid
2999 5553 3099 5607 ego
3126 5536 3275 5589 vobis
3295 5531 3516 5589 videor?
3539 5536 3658 5628 erat

2086 5618 2261 5705 autem
2293 5643 2429 5711 apud
2454 5651 2642 5694 omnes
2671 5635 2722 5686 in
2753 5644 2942 5695 magna
2971 5624 3385 5689 existimatione,
3421 5634 3526 5675 non
3560 5618 3660 5673 fal-

2091 5757 2176 5798 so.
2205 5734 2298 5792 scd
2328 5708 2536 5790 revera.
2565 5727 2627 5781 Ei
2657 5725 2832 5793 itaque
2860 5720 3040 5775 dicunt
3076 5736 3087 5771 :
3122 5715 3375 5770 Novimus
3397 5720 3453 5767 te
3483 5708 3655 5765 homi-
