4028 6428
496 350 637 405 1207

1973 357 2290 414 PALLADII

3609 366 3747 423 1208

500 489 622 528 nem
658 473 768 525 Det.
804 471 862 527 Si
888 486 1007 526 eam
1039 471 1107 526 de
1133 485 1220 526 me
1266 471 1571 539 opinionem
1619 471 1964 540 concepistis,
1996 474 2069 526 ait
2101 482 2145 535 Α
2178 470 2233 524 in
2266 485 2421 524 suum
2453 470 2785 541 martyrium,
2821 474 2958 542 quod
2990 476 3104 543 ipse
3131 476 3515 541 :ediﬂcarat.in
3548 495 3653 551 quo
3675 484 3748 538 si-

496 565 691 618 tlhristt
737 577 953 626 servus,
986 561 1114 615 mi-hi
1163 562 1230 616 de
1277 569 1477 614 caztero
1525 562 1749 616 credite.
1795 563 1949 626 Ecce,
1982 579 2066 616 me

498 661 715 726 propter
745 667 839 704 vos
865 652 1004 720 eligo
1032 650 1296 717 hospitum
1325 660 1685 717 exceptorem.
1711 651 1946 718 Cumque
1975 667 2067 718 pe-

494 747 705 797 cuniam
735 743 1030 809 accepisset
1055 781 1069 804 ,
1097 750 1148 793 et
1179 741 1354 793 infixis
1383 740 1535 793 vallis
1578 750 1785 808 septum
1815 749 2065 794 constru-

499 837 681 902 xisset,
712 842 768 888 et
795 835 958 888 lectos
985 833 1048 886 ad
1100 840 1366 885 trecentos
1395 832 1686 894 statuisset,
1720 832 1940 884 curabat
1970 845 2064 885 eos

488 930 579 994 qui
606 927 928 980 inﬁrmiores
952 933 1125 986 erant,
1156 923 1528 991 suppeditabat
1551 924 1613 976 iis
1639 924 1726 992 qui
1770 923 1908 976 fame
1938 939 2065 978 con-

493 1018 809 1073 ﬁciebantur
837 1033 850 1067 :
883 1029 976 1069 eos
1019 1014 1232 1083 quidem
1265 1014 1353 1082 qui
1401 1014 1716 1067 deficiebant
1761 1014 2061 1082 sepelieris;

490 1123 674 1162 eorum
706 1122 832 1159 vero
857 1106 946 1174 qui
977 1120 1124 1173 spem
1154 1105 1271 1156 vitae
1318 1103 1581 1157 habebant
1608 1118 1787 1157 curam
1832 1119 2056 1173 gerens;

487 1209 539 1252 et
568 1208 624 1251 ut
647 1197 812 1251 semel
839 1195 1034 1262 dicam,
1071 1194 1353 1262 hospitium
1381 1202 1435 1247 et
1465 1193 1812 1247 ministerium
1842 1205 2059 1263 propter

484 1285 677 1341 famem
701 1287 936 1356 quotidie
958 1285 1216 1339 exhibens
1240 1301 1301 1338 ex
1328 1285 1392 1338 iis
1421 1299 1539 1350 quae
1561 1284 2055 1351 suppeditabantur.

493 1377 711 1444 Impleto
757 1391 884 1443 ergo
935 1390 1106 1441 anno,
1147 1389 1268 1427 cum
1315 1374 1662 1427 successisset
1706 1372 1970 1436 fertilitas,
2003 1384 2059 1430 et

478 1471 659 1521 omnia
689 1477 833 1522 recte
861 1465 1211 1519 succederent
1231 1506 1246 1529 ,
1270 1478 1390 1517 cum
1414 1463 1541 1516 nihil
1571 1464 1791 1517 haberet
1829 1459 2058 1530 amplius

481 1558 622 1623 mind
649 1563 852 1624 ageret,
883 1555 1153 1624 ingressus
1189 1562 1271 1608 est
1298 1554 1347 1606 in
1376 1569 1527 1607 suam
1571 1553 1759 1607 cellam
1789 1571 1802 1619 ;
1843 1563 1896 1608 et
1938 1563 2056 1621 post

482 1661 719 1699 mensem
748 1653 831 1699 est
861 1653 1119 1711 mortuus,
1147 1659 1268 1697 cum
1303 1644 1441 1697 Deus
1472 1643 1520 1698 ei
1553 1642 1688 1698 hanc
1718 1646 2052 1698 occasionem

482 1738 797 1801 prazbnisset
825 1736 1182 1803 adipiscenda:
1212 1750 1427 1788 corona:
1459 1735 1509 1788 in
1553 1736 1808 1789 extremis
1839 1736 2048 1789 diebus.

2171 571 2239 616 tte
2268 571 2390 616 sunt
2417 563 2655 630 reliquias
2683 563 2904 620 Joannis
2937 568 3218 636 Baptistae;
3261 579 3317 625 et
3363 587 3484 627 cum
3537 587 3631 641 pro
3684 588 3749 630 κιο

2167 664 2374 706 orasset
2396 669 2558 719 usque
2581 655 2646 707 ad
2676 654 2858 709 horam
2887 672 3081 712 nonam
3111 659 3177 714 ab
3205 662 3332 715 hora
3359 666 3536 719 tertia.
3557 677 3742 721 sanum

2167 741 2395 796 reddidit
2423 742 2820 798 adolescentem
2846 749 3022 811 matri,
3052 759 3105 802 et
3133 749 3319 804 eodem
3343 751 3428 806 die
3447 769 3500 807 et
3533 757 3742 828 paraly-

2165 830 2265 884 sim
2297 832 2499 898 expulit
2538 843 2591 886 et
2623 834 2946 889 daemonem.
2985 837 3111 891 Erat
3140 850 3316 895 autem
3343 843 3461 897 talis
3487 860 3601 913 ejus
3651 861 3712 914 pa

2166 919 2376 988 ralysis,
2408 931 2465 974 ut
2486 936 2684 988 spuens
2715 939 2845 991 puer
2868 935 3070 996 tergum
3093 942 3244 983 suum
3270 944 3583 1000 conspueret
3611 953 3626 999 ;
3659 938 3731 991 ita

2164 1019 2282 1066 erat
2308 1013 2569 1066 inversus.
2605 1014 2762 1068 Aliud
2795 1030 3002 1070 rursum
3033 1017 3131 1072 fuit
3155 1021 3271 1087 ejus
3318 1024 3550 1091 signum.
3580 1025 3735 1092 Quaa-

2163 1101 2282 1154 dam
2312 1119 2444 1157 anus
2473 1120 2591 1172 quae
2612 1120 2742 1159 oves
2769 1109 3015 1173 pascebat
3036 1110 3085 1162 in
3120 1112 3246 1165 locis
3270 1112 3488 1169 Laxario
3509 1118 3693 1172 vicinis
3713 1161 3731 1186 ,

2163 1199 2219 1243 et
2242 1204 2397 1244 ovem
2428 1193 2712 1258 amiserat,
2743 1197 2970 1250 accessit
2997 1197 3061 1251 ad
3093 1213 3213 1254 eum
3243 1201 3411 1269 ﬂens;
3461 1219 3618 1276 quam
3646 1224 3729 1264 se-

2160 1289 2316 1335 cutus
2343 1282 2472 1337 dicit
2497 1284 2546 1338 ei
2577 1302 2589 1337 :
2623 1285 2857 1341 Ostende
2888 1289 3014 1342 mihi
3043 1290 3216 1345 locum
3249 1293 3334 1347 ubi
3366 1297 3628 1352 amiseris.
3657 1301 3730 1356 Ea

2161 1386 2293 1427 vero
2321 1372 2466 1428 ducit
2493 1389 2614 1428 eum
2650 1376 2717 1429 ad
2749 1377 2866 1431 loca
2914 1393 3032 1447 qua:
3075 1391 3200 1435 sunt
3244 1384 3384 1438 circa
3431 1386 3728 1444 Lazarium.

2159 1459 2319 1516 Stans
2359 1477 2487 1533 ergo
2517 1466 2718 1518 oravit.
2750 1465 2848 1531 Qui
2873 1468 3111 1523 suli‘urati
3145 1479 3322 1526 autem
3359 1486 3510 1530 erant
3553 1481 3729 1536 adole-

2158 1561 2392 1615 scentes,
2423 1553 2590 1620 ipsam
2621 1556 2772 1623 prius
2797 1557 3125 1616 occiderant.
3156 1562 3289 1617 Dum
3319 1579 3444 1634 ergo
3473 1568 3586 1635 ipse
3613 1585 3730 1624 ora-

2156 1652 2260 1706 ret,
2293 1644 2505 1698 nemine
2533 1645 2840 1712 confitente,
2870 1663 3030 1704 carne
3060 1652 3326 1707 occultata
3347 1656 3401 1709 in
3433 1658 3606 1725 vinea,
3629 1663 3725 1716 ali—-

2156 1730 2328 1784 cunde
2358 1733 2578 1787 veniens
2607 1749 2800 1790 corvus
2829 1738 2975 1792 stetit
3003 1753 3162 1809 supra
3186 1741 3405 1812 furtum,
3429 1758 3482 1802 et
3503 1747 3723 1808 frusmm

484 1827 713 1894 Reliquit
738 1837 912 1881 autem
947 1826 1139 1893 scripta
1165 1841 1374 1892 quoque
1400 1825 1576 1882 Studio
1597 1808 1752 1895 digna
1786 1842 1905 1895 quae
1931 1842 2047 1880 ma-
2078 1849 2126 1908 Β
2154 1835 2218 1873 ex
2250 1820 2341 1875 illo
2370 1824 2566 1892 rapuit,
2584 1839 2646 1879 ac
2667 1841 2850 1882 rursus
2879 1808 3135 1886 evolavit.
3167 1833 3301 1888 Cum
3335 1808 3519 1893 beatus
3549 1850 3723 1896 autem

477 1933 633 1990 gnam
664 1918 760 1972 viri
788 1917 1038 1971 virtutem
1068 1926 1344 1970 testantur.

1085 2004 1310 2059 CAPUT
1335 2005 1440 2060 CII.

980 2096 1097 2149 Vita
1122 2097 1315 2148 abbatis
1334 2096 1553 2150 Iuliani.

550 2187 738 2242 Audivi
768 2201 796 2240 a
829 2186 1058 2256 quodam
1091 2187 1140 2240 in
1171 2187 1272 2240 illis
1318 2187 1555 2255 partibus
1583 2184 1748 2243 fuisse
1773 2187 2044 2243 Juliannm

476 2280 643 2332 virum
667 2278 912 2332 maximae
934 2277 1354 2344 exercitationis,
1383 2279 1470 2346 qui
1502 2293 1621 2331 cum
1651 2294 1866 2333 carnem
1895 2293 2046 2335 suam

474 2385 630 2438 supra
660 2369 872 2422 modum
922 2367 1222 2432 aftlixisset,
1252 2382 1373 2421 ossa
1404 2369 1573 2422 solum
1611 2378 1666 2422 et
1695 2370 1885 2438 pellem
1931 2371 2041 2425 cir-

470 2459 818 2514 cumferebat.
848 2458 897 2514 is
923 2460 975 2512 in
994 2460 1253 2512 extremis
1284 2457 1405 2513 finis
1434 2461 1514 2514 sui
1538 2459 1724 2516 diebus
1745 2459 1936 2530 dignus
1961 2469 2046 2518 est

474 2555 682 2607 nabitus
709 2551 875 2618 gratia
903 2552 1260 2605 curationum.

1057 2639 1284 2695 CAPUT
1319 2637 1450 2696 CIII.

951 2729 1069 2783 Vita
1093 2731 1222 2782 beati
1255 2728 1560 2783 Innocentii.

537 2823 614 2878 De
640 2821 799 2878 beato
829 2823 1140 2878 Innocentio
1185 2823 1502 2893 presbytero
1540 2823 1730 2876 Oliveti
1752 2864 1767 2888 ,
1800 2836 1829 2876 a
1862 2823 2042 2878 multis

472 2916 684 2985 quidem
716 2925 769 2968 et
799 2917 1006 2985 magnis
1035 2915 1246 2968 audiisti
1302 2932 1314 2966 :
1364 2914 1532 2968 nihilo
1574 2915 1748 2968 secius
1790 2924 1966 2968 autem
2011 2931 2042 2969 a

467 3006 620 3060 nobis
649 3021 858 3074 quoque
888 3005 1090 3071 audies,
1114 3005 1200 3074 qui
1230 3015 1337 3058 tres
1356 3019 1526 3058 annos
1551 3019 1670 3058 cum
1700 3020 1766 3059 eo
1789 3005 2040 3059 viximus.

464 3095 592 3151 Nam
634 3112 752 3166 quae
794 3112 937 3164 sche
964 3097 1082 3150 illos
1128 3097 1412 3158 latuerunt,
1448 3096 1600 3149 nobis
1647 3096 2038 3162 innotuerunt;

2150 1909 2650 1984 animadvertisset,
2706 1920 2838 1974 vidit
2884 1931 3166 1980 mactatam
3214 1927 3506 1987 victimam.
3538 1932 3600 1986 Et
3646 1933 3723 1988 sic

2147 2001 2371 2072 juvenes
2398 2005 2463 2059 ad
2496 2008 2658 2075 pedes
2704 2009 2822 2079 ejus
2870 2014 3178 2070 accidentes
3225 2020 3455 2074 confessi
3501 2033 3624 2077 sunt
3667 2039 3724 2078 5c

2145 2093 2483 2160 occidisse,et
2497 2098 2696 2165 justum
2717 2103 2942 2165 pretium
2968 2103 3060 2158 fuit
3085 2106 3152 2159 ab
3172 2107 3250 2162 eis
3271 2121 3515 2166 exactum
3535 2122 3722 2182 ;atque

2145 2184 2217 2239 ita
2249 2186 2487 2258 castigati
2517 2198 2673 2257 sunt,
2707 2200 2762 2245 ut
2789 2206 2857 2247 ne
2886 2193 3009 2262 quid
3041 2196 3147 2251 tale
3178 2200 3408 2269 amplius
3433 2203 3720 2260 auderent.

2748 2300 2971 2358 CAPUT
3001 2304 3136 2361 CIV.

2654 2388 2770 2443 Vita
2813 2393 3007 2447 abbatis
3045 2397 3235 2450 Adolii.

2215 2473 2417 2530 Rursus
2446 2477 2567 2530 novi
2599 2477 2949 2549 Jerosolymis
2980 2486 3284 2552 quemdam,
3317 2491 3533 2546 nomine
3576 2494 3716 2548 Ado-

2146 2565 2294 2632 lium,
2319 2581 2516 2637 genere
2545 2569 2865 2625 Tarsensem
2895 2589 2909 2625 :
2944 2573 3031 2642 qui
3063 2590 3183 2629 cunt
3228 2580 3463 2637 venisset
3503 2583 3720 2638 Jeroso-

2145 2656 2307 2726 lyma,
2341 2662 2613 2728 ingressus
2656 2673 2739 2718 est
2767 2665 2903 2718 viam
2951 2667 3170 2724 minime
3205 2672 3377 2726 tritam
3409 2674 3581 2745 (152),
3615 2694 3719 2734 non

2143 2762 2301 2812 quam
2330 2750 2480 2803 multi
2515 2753 2740 2822 ingressi
2788 2765 2949 2821 sunt,
3005 2758 3097 2812 sed
3136 2760 3334 2815 selecto
3362 2764 3459 2818 sibi
3489 2769 3716 2835 quodam

2145 2854 2284 2892 novo
2337 2839 2455 2894 vita:
2483 2841 2747 2899 instituto.
2788 2846 2859 2899 Se
2887 2847 3029 2900 enim
3065 2863 3226 2917 super
3260 2851 3524 2908 hominem
3564 2871 3718 2911 exer-

2143 2928 2283 2994 cuit;
2381 2938 2441 2984 ut.
2513 2928 2681 2985 etiam
2720 2933 2852 3004 ,ipsi
2931 2938 3081 3004 pravi
3125 2939 3392 2996 daemones
3439 2945 3721 3002 horrentes

2143 3019 2258 3088 ejus
2295 3023 2658 3077 austeritatem
2678 3063 2692 3088 ,
2725 3039 2793 3080 ne
2822 3025 2888 3079 ad
2914 3041 3034 3080 eum
3053 3029 3264 3096 quidem
3285 3032 3536 3088 auderent
3561 3052 3722 3093 acce-

2143 3109 2290 3164 dere.
2321 3110 2544 3179 Propter
2568 3128 2830 3168 summam
2861 3125 3039 3171 autem
3087 3122 3518 3177 exercitationem
3550 3135 3603 3179 et
3634 3127 3721 3179 vi-

464 3198 636 3256 mque
665 3202 791 3240 vero
823 3202 956 3240 unus
984 3188 1068 3240 vel
1095 3189 1250 3250 alter,
1283 3189 1374 3240 sed
1407 3201 1581 3255 neque
1620 3187 1802 3240 decem
1847 3197 2038 3256 pntue-
2068 3223 2113 3284 ε
2143 3201 2345 3268 giliam,
2377 3203 2714 3257 existimatus
2758 3213 2842 3259 est
2869 3221 2988 3260 esse
3013 3220 3301 3276 spectrum.
3336 3212 3389 3265 In
3421 3213 3715 3283 quadrage-

463 3287 589 3332 runt
617 3277 772 3344 hujus
802 3278 900 3331 viri
929 3291 1145 3330 narrare
1174 3275 1414 3329 virtutes.
1453 3276 1498 3329 Is
1529 3276 1624 3329 fuit
1650 3275 1805 3344 longe
1836 3277 2038 3343 simpli—

462 3370 727 3422 cissimus.
759 3368 889 3422 Cum
918 3375 1093 3421 autem
1121 3367 1164 3420 is
1188 3367 1372 3420 fuisset
1395 3365 1614 3420 illustris
1639 3365 1691 3419 in
1717 3366 1913 3434 palatio
1940 3367 2038 3420 sub

461 3459 781 3524 imperatore
799 3458 1110 3512 Constantio
1130 3456 1278 3527 (150)
1303 3456 1354 3510 in
1380 3456 1653 3525 principiis
1667 3457 1783 3526 cjus
1806 3458 2034 3525 imperii,

459 3547 660 3603 mundo
689 3547 1040 3613 renuntiavit,
1075 3546 1342 3616 profectus
1367 3561 1396 3599 a
1428 3547 1771 3602 matrimonio
1803 3565 1815 3600 :
1849 3548 1902 3600 in
1933 3562 2036 3612 quo

459 3638 619 3694 etiam
648 3639 832 3692 habuit
871 3639 1056 3701 ﬁlium,
1087 3636 1308 3690 Paulqu
1356 3639 1591 3707 nomine,
1625 3639 1711 3707 qui
1756 3638 1896 3692 inter
1941 3638 2035 3691 do-

457 3733 707 3786 mesticos
735 3733 994 3785 militabat
1022 3730 1197 3801 (151).
1229 3731 1277 3786 Is
1305 3745 1424 3785 cum
1466 3712 1740 3800 peccasset
1768 3731 1821 3785 in
1870 3729 2032 3785 ﬁliam

458 3823 789 3893 presbyteri,
816 3823 1142 3890 imprecatus
1166 3831 1247 3876 est
1271 3824 1484 3891 proprio
1512 3823 1622 3877 ﬁlio
1653 3823 1990 3878 Innocentius
2011 3864 2030 3891 ,

458 3913 622 3967 Deum
652 3927 864 3980 rogans,
895 3919 949 3965 et
972 3911 1156 3966 dicens
1185 3929 1198 3964 :
1227 3914 1469 3979 Domine,
1492 3913 1558 3967 da
1586 3914 1634 3968 ei
1665 3915 1931 3983 spiritum,
1966 3929 2034 3970 ne

453 4002 682 4069 amplius
712 4002 944 4055 inveniat
971 4001 1087 4070 ejus
1123 4016 1249 4056 caro
1276 4013 1485 4069 tempus
1534 4005 1808 4072 peccandi,
1839 4005 2030 4061 melius

453 4093 743 4147 arbitratus
773 4108 896 4147 eum
925 4108 1160 4161 pugnare
1189 4109 1311 4147 cum
1340 4094 1586 4149 daemone
1615 4111 1771 4165 quam
1801 4113 1919 4152 cum
1950 4097 2034 4151 in-

456 4187 830 4254 temperantia.
871 4186 1023 4252 Quod
1071 4187 1231 4240 etiam
1279 4187 1473 4241 factum
1521 4196 1605 4241 est
1643 4206 1655 4241 :
1715 4205 1836 4242 nam
1892 4205 2033 4246 nunc

454 4290 667 4344 quoque
695 4278 870 4332 adhuc
914 4287 996 4332 est
1042 4278 1094 4332 in
1136 4289 1316 4332 monte
1358 4279 1667 4344 Olivarum,
1697 4280 1891 4334 ferrum
1940 4296 2032 4351 ge-

451 4379 623 4431 stans,
648 4377 702 4421 et
724 4369 1010 4438 castigatus
1037 4384 1065 4421 a
1093 4368 1312 4437 spiritu;
1345 4379 1398 4423 et
1435 4371 1572 4438 quod
1622 4371 1864 4425 mirabile
1913 4381 2028 4440 est,

454 4457 612 4524 hujus
644 4465 791 4523 pater
820 4458 908 4525 qui
948 4458 1085 4510 alios
1110 4467 1281 4522 sanat,
1311 4461 1464 4528 hujus
1496 4461 1744 4515 misertus
1790 4477 1893 4516 non
1924 4472 2027 4528 est,

450 4551 541 4617 qui
565 4557 711 4601 tanto
737 4555 975 4614 tempore
997 4562 1026 4599 a
1054 4550 1296 4602 dasmone
1320 4557 1614 4618 torquetur.
1647 4551 1741 4604 Hic
1769 4551 2029 4607 Innocen-

453 4640 561 4693 tius
609 4641 744 4693 adeo
776 4638 875 4692 fuit
912 4638 1215 4693 misericors
1266 4641 1526 4711 (fortasse
1573 4651 1747 4696 autem
1808 4645 2030 4699 videbor

447 4731 610 4785 etiam
643 4730 827 4798 nugari
854 4730 977 4784 dum
1006 4746 1130 4785 vera
1155 4735 1360 4802 narro),
1382 4743 1437 4785 ut
1458 4747 1600 4802 saepe
1620 4735 1973 4790 suffuraretur
1996 4751 2028 4790 a

447 4818 732 4886 fratribus,
780 4829 835 4876 et
877 4820 1029 4876 daret
1076 4823 1377 4890 egentibus.
1423 4823 1544 4878 Fuit
1588 4833 1766 4878 autem
1815 4839 2026 4882 summe

447 4916 677 4983 simplex
707 4926 760 4971 et
789 4917 1068 4971 innocens.
1100 4916 1149 4971 Is
1179 4917 1370 4986 dignus
1393 4925 1476 4972 est
1520 4918 1734 4972 habitus
1761 4919 1903 4974 dono
1931 4921 2025 4974 ad-

447 5024 637 5064 versus
666 5008 938 5063 dazmones
975 5025 988 5060 :
1021 5018 1074 5062 et
1099 5010 1163 5062 ad
1186 5025 1306 5064 eum
1336 5009 1617 5077 aliquando
1637 5010 1897 5065 adductus
1939 5023 2022 5067 est

447 5101 603 5154 nobis
627 5100 925 5153 videntibus
954 5099 1267 5154 adolescens
1314 5114 1472 5168 quem
1501 5100 1767 5156 invaserat
1795 5104 2014 5170 spiritus

444 5202 498 5245 et
530 5189 811 5259 paralysis,
843 5198 900 5242 nt
940 5203 1039 5258 ego
1067 5203 1187 5242 cum
1230 5188 1478 5243 vidissem
1498 5229 1513 5255 ,
1548 5191 1804 5247 voluerim
1833 5201 2018 5261 aperte

447 5291 671 5334 matrem
699 5281 974 5348 expellere
998 5295 1120 5334 cum
1150 5280 1216 5334 iis
1242 5294 1271 5332 a
1309 5281 1501 5350 quibus
1539 5283 1709 5338 fuerat
1734 5285 2014 5350 adductus,

445 5374 734 5439 .IeSperans
764 5387 884 5426 eum
916 5385 1072 5440 posse
1096 5374 1290 5427 curari.
1331 5375 1539 5428 Accidit
1565 5384 1740 5430 autem
1772 5389 1826 5430 ut
1869 5378 2014 5435 inle-

445 5466 547 5516 rim
580 5463 796 5518 veniens
832 5478 994 5518 senex
1038 5463 1175 5518 hanc
1222 5462 1426 5517 videret
1467 5473 1764 5532 astantem,
1811 5467 2016 5524 deflen-

451 5561 686 5623 tcmqne,
713 5565 766 5608 et
791 5554 1076 5624 ejulantem
1105 5565 1318 5623 propter
1339 5554 1746 5610 inenarrabilem
1795 5559 2016 5613 calami-

453 5652 612 5697 tatem
634 5645 748 5700 fllii.
771 5647 1111 5715 Lacrymatus
1131 5663 1259 5717 ergo
1283 5649 1569 5715 prasclarus
1595 5663 1760 5704 senex
1788 5660 1842 5706 et
1867 5667 2014 5706 com-

452 5740 622 5788 motus
649 5736 974 5791 visceribus.
1003 5747 1220 5807 accepto
1245 5738 1585 5794 adolescente
1615 5739 1890 5811 ingressus
1928 5755 2008 5800 est

2141 3290 2275 3346 sima
2301 3294 2442 3348 enim
2472 3297 2787 3351 comedebat
2814 3308 2934 3366 post
2961 3301 3198 3370 quinque
3227 3304 3338 3357 dies
3357 3345 3372 3369 ,
3397 3312 3509 3359 toto
3538 3321 3713 3363 autem

2141 3385 2246 3437 alio
2272 3393 2530 3455 tempore,
2559 3402 2666 3441 uno
2694 3388 2781 3442 die
2811 3390 3112 3459 interjecto.
3148 3394 3258 3450 Iloc
3282 3407 3455 3450 autem
3483 3399 3575 3452 fuit
3596 3402 3709 3467 ejus

2139 3475 2348 3531 virtutis
2379 3494 2624 3548 magnum
2667 3479 2891 3537 facinus.
2926 3486 2970 3536 A
3023 3500 3240 3554 vespera
3283 3505 3449 3558 usque
3488 3491 3549 3544 ad
3577 3492 3695 3546 illud

2141 3572 2349 3634 tempus
2395 3583 2502 3636 quo
2532 3573 2958 3642 congregabatur
3001 3573 3304 3630 fraternitas
3333 3580 3384 3632 in
3429 3581 3697 3648 oratoriis,

2139 3654 2190 3709 in
2217 3657 2455 3727 Oliveto,
2484 3660 2538 3712 in
2569 3661 2706 3717 colle
2732 3665 3126 3732 Assumptionis
3171 3674 3310 3724 unde
3341 3675 3580 3728 ascendit
3621 3675 3706 3730 Je-

2136 3760 2251 3814 sus,
2279 3759 2536 3818 perpetuo
2564 3751 2738 3806 stabat
2759 3755 3015 3821 psallens,
3038 3769 3090 3811 et
3116 3775 3296 3825 orans,
3321 3771 3373 3814 et
3394 3761 3708 3830 jejunabat;

2136 3849 2192 3895 et
2218 3841 2330 3894 sive
2371 3844 2607 3910 pluebat,
2636 3845 2748 3900 sive
2777 3848 3147 3915 grandinabat,
3181 3853 3427 3907 manebat
3458 3857 3709 3910 immobi-

2138 3930 2224 3985 lis.
2280 3933 2504 4002 Impleto
2551 3944 2726 3990 autem
2776 3948 3014 4007 tempore
3067 3955 3346 4008 consueto,
3395 3947 3708 4001 excitator-io

2141 4021 2335 4076 malleo
2361 4024 2605 4092 pulsabat
2647 4027 2812 4082 cellas
2843 4030 3078 4084 omnium
3101 4072 3117 4099 ,
3149 4047 3240 4088 eos
3269 4049 3591 4104 congregans
3638 4038 3708 4091 ad

2141 4116 2410 4181 oratoria,
2457 4123 2514 4170 et
2568 4120 2622 4171 in
2676 4134 2993 4191 unoquoque
3040 4126 3273 4179 oratorio
3327 4128 3428 4180 una
3466 4144 3583 4181 cum
3621 4129 3707 4184 eis

2146 4205 2377 4272 psallens
2416 4220 2575 4261 unam
2617 4219 2707 4263 aut
2734 4211 2867 4265 duas
2896 4213 3233 4283 antiphonas,
3256 4227 3309 4271 et
3344 4234 3445 4272 una
3477 4234 3595 4273 cum
3623 4223 3707 4277 eis

2144 4309 2340 4361 orans;
2367 4305 2421 4351 et
2443 4297 2525 4352 sic
2551 4299 2636 4355 die
2656 4305 3111 4373 appropinquante
3135 4309 3243 4362 ibat
3275 4310 3326 4362 in
3351 4311 3623 4376 cellulam,
3649 4323 3708 4366 et

2138 4401 2330 4442 revera
2354 4389 2605 4446 fratribus
2633 4408 2752 4447 eum
2775 4398 3111 4464 exuentibus,
3138 4411 3190 4455 et
3211 4411 3387 4456 vestes
3407 4403 3707 4470 exprimen-

2135 4478 2276 4534 tibus
2305 4479 2526 4550 perinde
2551 4486 2698 4551 quasi
2729 4487 2850 4540 lotae
2871 4488 3094 4543 fuissent
3114 4492 3183 4544 ita
3207 4490 3551 4562 distillantes,
3576 4510 3700 4550 eunt

2057 4587 2108 4647 Ι)
2133 4571 2250 4626 aliis
2277 4574 2583 4630 induebant.
2617 4578 2821 4632 Etcum
2847 4581 3140 4649 quievisset
3183 4599 3347 4654 usque
3394 4588 3461 4640 ad
3514 4590 3701 4643 horam

2135 4665 2366 4728 tertiam,
2400 4667 2689 4732 psalmodia
2724 4670 2990 4726 excitatus
3013 4711 3028 4735 ,
3048 4683 3164 4727 erat
3191 4677 3236 4730 ei
3267 4678 3498 4733 intentus
3531 4696 3702 4751 usque

2131 4753 2196 4806 ad
2225 4768 2522 4822 vesperam.
2551 4756 2673 4810 llaec
2700 4769 2782 4813 est
2808 4775 2937 4830 ergo
2964 4763 3133 4819 virtus
3172 4767 3347 4821 Adolii
3390 4769 3696 4837 Tarsensis,

2128 4845 2216 4912 qui
2239 4855 2637 4901 consummatus
2661 4847 3036 4923 Jerosolymis.
3066 4866 3122 4911 et
3166 4857 3238 4912 Ibi
3265 4868 3520 4916 aeternum
3547 4877 3699 4917 som-

2126 4949 2251 4988 num
2283 4937 2520 5004 dormiit,
2551 4947 2606 4993 et
2629 4941 2869 5008 sepultus
2899 4953 3001 4998 est.

2716 5031 2942 5087 CAPUT
2972 5034 3078 5090 CV.

2644 5119 2720 5174 De
2744 5123 2984 5178 Abramio
3009 5126 3182 5197 (I53).

2195 5207 2320 5261 Fuit
2358 5209 2571 5277 quidam
2602 5210 2903 5280 Abramius,
2931 5229 3130 5284 genere
3157 5215 3456 5289 Egyptius,
3495 5223 3582 5289 qui
3610 5223 3696 5277 vi-

2125 5308 2229 5352 tam
2262 5300 2608 5368 asperrimam
2648 5311 2703 5356 et
2730 5304 2960 5359 maxime
2987 5318 3246 5376 agrestem
3276 5311 3381 5378 egit
3408 5312 3458 5365 in
3495 5316 3686 5368 solitu-

2123 5391 2266 5444 dine.
2291 5391 2338 5444 ls
2359 5390 2534 5446 animo
2553 5393 2818 5450 sauciatus
2843 5398 2910 5452 ab
2931 5400 3296 5467 intempestiva
3323 5408 3690 5478 persuasione,

2124 5481 2341 5535 veniens
2371 5483 2430 5536 in
2445 5484 2748 5550 ecclesiam,
2778 5489 3051 5543 contendit
3078 5504 3197 5548 cum
3227 5496 3568 5563 presbyteris,
3597 5499 3690 5552 di-

2112 5587 2241 5626 cens
2267 5588 2284 5627 :
2313 5572 2480 5628 Noctu
2510 5589 2540 5627 a
2560 5573 2775 5630 Christo
2803 5580 3076 5635 ordinatus
3100 5597 3217 5637 sum
3241 5586 3534 5656 presbyter,
3563 5603 3688 5644 sus-

2113 5663 2273 5730 cipite
2317 5678 2402 5718 me
2433 5671 2495 5717 ut
2532 5665 2891 5722 sacerdotem.
2947 5668 3131 5725 Patres
3173 5687 3295 5728 cum
3343 5677 3688 5736 abduxissent

2114 5771 2231 5809 cum
2259 5771 2288 5810 a
2311 5757 2618 5822 solitudine,
2651 5765 2704 5815 et
2724 5758 2791 5814 ad
2815 5760 2976 5818 vitam
2999 5762 3343 5823 deduxissent
3362 5769 3682 5826 crassiorem
