4028 6434
334 395 470 462 1209

1562 404 1925 465 HISTORIA
1962 402 2187 463 LAUSI
2199 403 2353 464 ΔΕΑ.

3460 395 3599 463 1210

330 506 706 581 λιμπάνοντας
757 508 1000 576 θάπτων,
1032 511 1158 575 τοὺς
1199 510 1255 565 δὲ
1312 510 1504 565 ἐλπίδα
1551 513 1699 583 ζωῆς
1760 513 1910 583 ἔχον·
1940 517 1985 574 Α
2014 510 2242 580 λείψανα
2298 508 2394 562 τοῦ
2452 508 2597 562 θείου
2661 508 2906 562 Ἰωάννου
2949 507 3045 563 τοῦ
3090 508 3417 563 Βαπτιστοῦ.
3484 513 3599 567 Καὶ

330 608 430 653 τας
458 590 761 660 διατρέφων
790 591 884 644 καὶ
910 591 1247 659 νοσοκομῶν,
1278 592 1374 644 καὶ
1397 591 1738 657 ἁπαξαπλῶς
1778 592 1912 643 πᾶσι

330 673 444 733 τοῖς
499 670 958 739 ἐπιχωριάζουσιν
988 670 1134 739 αὐτῷ
1167 670 1259 723 τοῦ
1291 669 1452 736 λιμοῦ
1492 671 1679 724 ένεκεν
1707 670 1914 737 ξενοδο-

333 748 486 816 χείαν
515 749 609 803 καὶ
638 748 941 820 ὑπηρεσίαν
970 752 1242 819 παρεῖχεν
1297 749 1420 803 καθ’
1448 751 1665 822 ἡμέραν
1686 751 1777 802 υέκ
1804 748 1913 801 τῶν

334 827 727 897 παρεχομένων
763 827 932 898 αύτῷ.
986 828 1382 897 Πληρωθέντος
1425 828 1483 882 δὲ
1510 827 1605 882 τοῦ
1639 827 1911 893 ἐνιαυτοῦ,

346 905 444 958 καὶ
488 906 874 979 διαδεξαμένης
906 908 1008 978 τῆς
1060 907 1319 979 εὐθηνίας
1366 909 1462 962 καὶ
1512 909 1731 963 πάντων
1775 908 1914 961 οἶκοι

334 988 743 1058 πορευομένων.
824 990 853 1043 ό
925 988 1169 1059 ἀοίδιμος
1240 985 1398 1051 οῦτος
1455 990 1653 1060 μηκέτι
1696 988 1835 1056 έχων
1884 986 1914 1039 0

336 1064 518 1137 πράξῃ
576 1067 733 1130 αὖθις
792 1066 1142 1138 ὑποστρέψας
1196 1071 1277 1133 είς
1330 1068 1429 1137 τήν
1474 1068 1668 1121 ἑαυτοῦ
1717 1064 1913 1119 κέλλαν

334 1144 496 1198 πάλιν
536 1146 805 1216 εἰσῆλθεν,
849 1148 943 1201 καὶ
988 1150 1249 1219 κοιμᾶται
1299 1148 1441 1220 μετά
1502 1149 1680 1218 μῆνα,
1716 1143 1914 1213 κληρο-

333 1225 578 1294 νομήσας
628 1225 729 1297 τὴν
803 1227 1077 1297 μακαρίαν
1128 1228 1236 1298 γῆν
1282 1229 1392 1282 τῶν
1466 1227 1726 1297 πραέων,
1777 1223 1914 1292 πρὸς

333 1306 445 1366 τοῖς
482 1304 665 1368 ἀλλοις
708 1304 874 1358 αὐτοῦ
936 1305 1348 1376 κατορθώμασι.
1410 1306 1522 1359 Καὶ
1576 1305 1779 1375 ταύτην
1815 1302 1913 1373 τήν

332 1384 608 1437 διακονίαν
633 1386 1008 1456 παρασχόντος
1034 1387 1184 1457 αὐτῷ
1204 1389 1299 1441 τοῦ
1323 1386 1459 1440 Θεοῦ
1499 1387 1580 1449 είς
1610 1385 1681 1439 τὰ
1712 1385 1916 1452 ἔσχατα

334 1464 474 1532 πρὸς
500 1463 758 1517 ὑπόθεσιν
799 1464 1197 1536 λαμπροτέρων
1234 1467 1516 1534 στεφάνων
1568 1464 1655 1518 διά
1698 1464 1915 1536 τρόπων

334 1543 641 1613 πραότητα.
669 1535 1171 1599 Καταλέλοιπενδὲ
1223 1547 1319 1600 καὶ
1352 1544 1709 1615 συντάγματα
1758 1535 1916 1604 0010;

332 1624 362 1675 0
387 1622 781 1691 δοκιμώτατος,
811 1616 887 1677 ὧν
937 1622 1007 1676 τὰ
1036 1623 1264 1678 πλεῖστα
1311 1625 1549 1694 σπουδῆς
1591 1626 1738 1677 ἐστιν
1767 1621 1913 1688 ἀξια,

336 1690 539 1773 πολλὴν
568 1700 769 1772 ἀρετὴν
794 1702 874 1773 τῷ
904 1702 1060 1772 ἀνδρὶ
1097 1690 1503 1775 μαρτυροῦντα.

913 1782 1169 1837 ΚΕΦΑΛ.
1212 1784 1327 1840 ΡΒ’.

841 1861 984 1931 Περὶ
1048 1861 1403 1917 Ἰουλιανοῦ.

420 1941 663 2012 Ἀκήκοα
722 1942 853 2010 περὶ
924 1940 1215 1996 Ἰουλιανοῦ
1258 1957 1405 2003 τινος
1440 1939 1500 1992 ἐν
1558 1940 1669 2001 τοῖς
1729 1936 1917 2006 μέρεσι

340 2021 449 2074 τῶν
488 2020 853 2091 Ἐδεσσηνῶν,
908 2021 1101 2090 ἀνδρὸς
1156 2018 1605 2089 ἀσκητικωτάτου
1643 2030 1657 2045 ·
1686 2016 1743 2079 ὃς
1795 2015 1918 2069 καθ’

345 2100 653 2171 ὃπερὸολὴν
684 2099 880 2153 ἐαυτοῦ
926 2099 1236 2170 κατατήξας
1271 2098 1332 2152 10
1362 2098 1588 2168 σαρκίον
1633 2095 1795 2148 ὀστέα
1827 2093 1921 2147 καὶ

341 2179 517 2249 δέρμα
546 2179 873 2249 περιέφερεν
910 2180 1090 2246 μόνον.
1126 2171 1298 2240 Οὗτος
1356 2179 1435 2240 είς
1469 2176 1537 2229 τά
1576 2175 1779 2245 ἔσχατα
1827 2178 1919 2231 τοῦ

338 2257 525 2320 τέλους
548 2254 863 2326 κατηξιώθη
880 2258 1044 2324 τιμῆς
1075 2254 1263 2307 ἕνεκεν
1284 2255 1620 2325 χαρίσματος
1654 2252 1917 2324 ἰαμάτων.

906 2332 1161 2386 ΚΕΦΔΛ.
1217 2333 1339 2384 ΡΓ¹.

820 2412 961 2480 Περὶ
1015 2411 1437 2465 Ἰννοκεντίου.

411 2491 495 2546 Τά
527 2491 671 2547 κατά
705 2492 795 2547 τὸν
837 2492 1110 2563 μακάριον
1154 2489 1499 2549 Ἰννοκέντιον
1536 2488 1630 2542 τὸν
1682 2486 1923 2559 πρεσϐύ-

340 2589 502 2642 τερον
534 2572 629 2626 τοῦ
670 2571 961 2634 Ἐλαιῶνος
988 2568 1141 2640 παρά
1164 2568 1375 2621 πολλῶν
1417 2568 1516 2639 μὲν
1546 2568 1638 2621 καὶ
1671 2568 1925 2637 μεγάλων

344 2652 591 2720 ἀκήκοας
618 2668 633 2683 ⁶
673 2652 826 2705 οὐδὲν
859 2651 917 2703 δὲ
966 2645 1151 2721 ἦττον,
1183 2651 1231 2701 εί
1271 2650 1367 2701 καὶ
1418 2650 1548 2719 παρ’
1606 2649 1762 2718 ήμῶν
1819 2648 1926 2701 τῶν

340 2733 617 2785 ταπεινῶν
663 2730 855 2801 μάθοις
901 2729 972 2783 τά
1006 2730 1138 2802 περὶ
1192 2729 1357 2783 αὐτοῦ
1409 2730 1520 2781 τῶν
1576 2721 1926 2800 συζησάντων

344 2812 493 2883 αύτῷ
520 2811 712 2883 τριετῆ
743 2812 957 2883 χρόνον.
993 2811 1060 2863 ’Δ
1099 2809 1206 2878 γὰρ
1239 2810 1479 2873 ἐκείνους
1504 2811 1764 2873 πολλάκις
1805 2814 1929 2866 έλα-

344 2894 436 2946 θεν
484 2891 594 2944 τῶν
645 2891 856 2961 ἀρετῶν
910 2890 1007 2943 τοῦ
1058 2890 1272 2960 ἀνδρος,
1332 2892 1463 2959 ἡμῖν
1520 2891 1927 2961 πεφανέρωται.

345 2974 420 3024 υύ
446 2971 556 3040 γὰρ
576 2970 758 3040 ῥᾴδιον
788 2968 1028 3022 τοιούτου
1057 2968 1249 3038 ἀνδρὸς
1282 2969 1484 3036 ἀρετὰς
1506 2968 1928 3037 ἐξεργάσασθαι,

344 3053 439 3105 ἕνα
475 3054 570 3103 καὶ
614 3050 888 3118 δεύτερον,
918 3048 1033 3101 ἀλλ’
1063 3046 1187 3101 οὔτε
1232 3048 1479 3102 δέκατον.
1526 3042 1697 3115 Οὗτος
1751 3050 1931 3105 τοίνυν

345 3136 375 3188 0
393 3132 615 3202 ἀριστος
642 3129 751 3182 τῶν
771 3127 1026 3197 ἀσκητῶν
1055 3127 1431 3191 ἀπλούστατος
1447 3124 1518 3199 ἦν
1548 3129 1671 3182 καθ’
1693 3129 1929 3201 ὑπερδο-

2026 591 2397 659 ἐπευξάμενος
2448 588 2596 658 αὐτῷ
2632 590 2740 642 0110
2785 589 2979 659 τρίτης
3011 589 3161 659 ὥρας
3191 589 3385 659 μέχρις
3439 591 3599 645 ἐννά·

2014 686 2137 739 της,
2162 669 2289 738 ὑγιῆ
2314 668 2596 722 ἀπέδωκεν
2629 668 2725 720 τὸν
2747 668 3032 721 νεανίσκον
3078 670 3145 737 τῇ
3176 670 3340 721 αὑτοῦ
3378 672 3547 741 μητρί
3579 688 3597 705 .

2014 751 2109 804 καὶ
2157 749 2248 803 τὸν
2275 750 2507 820 δαίμονα
2568 749 2825 813 ἐξελάσας
2849 749 2944 803 ἀπ’
2980 750 3172 817 αὐτοῦ,
3207 751 3302 803 καὶ
3333 752 3433 822 τὴν
3460 754 3602 823 πάρ-

2014 844 2131 881 εσιν
2206 828 2518 899 ἰασάμενος.
2578 830 2816 897 Τοιαύτη
2890 829 2949 882 δὲ
3008 827 3076 902 ἦν
3130 832 3164 900 ή
3225 829 3479 901 πάρεσις,
3524 832 3601 895 ὡς

2015 906 2253 960 πτύοντα
2282 910 2375 961 τὸν
2409 907 2575 961 παῖδα
2625 909 2720 962 ἐπὶ
2775 907 2867 961 τὸν
2912 909 3084 963 νῶτον
3141 910 3335 963 ἑαυτοῦ
3386 910 3598 966 πτύειν.

2016 984 2205 1048 Οῦτως
2262 981 2329 1057 ἦν
2374 987 2741 1058 ἐκστραφείς·
2775 987 2871 1041 καὶ
2928 990 2956 1041 ό
3019 987 3191 1052 οὕτως
3249 988 3479 1053 ἐλεεινὸς
3532 992 3600 1060 τῇ

2017 1065 2150 1135 εὐχῇ
2189 1064 2281 1118 τοῦ
2313 1067 2525 1120 δικαίου
2561 1069 2904 1138 παραχρῆμα
2932 1068 3078 1139 ίάθη.
3116 1069 3214 1131 Εἰς
3242 1070 3368 1133 τοὺς
3392 1069 3520 1139 περὶ
3542 1070 3603 1122 10

2013 1144 2291 1215 Λαζάριον
2322 1148 2525 1209 τόπους
2556 1145 2797 1216 νέμουσα
2823 1149 3075 1217 πρόϐατα
3108 1147 3287 1216 γραῦς
3317 1147 3602 1201 ἀπώλεσεν

2013 1222 2095 1287 ἓν,
2130 1222 2413 1294 νεωτέρων
2453 1224 2561 1279 τῶν
2591 1225 2735 1278 κατὰ
2764 1225 2857 1278 τὸν
2882 1227 3047 1279 τόπον
3076 1226 3231 1280 τοῦτο
3260 1227 3597 1296 κλεψάντων.

2014 1302 2292 1358 Κλαίουσα
2327 1304 2421 1357 οὖν
2456 1307 2488 1376 ή
2540 1303 2714 1376 γραῦς
2763 1306 3071 1376 προσῆλθεν
3113 1305 3288 1377 τούτῳ
3321 1307 3399 1375 τῷ
3432 1306 3603 1375 ὲνοέῳ

2014 1382 2189 1448 ἀνδρί.
2229 1382 2288 1435 'O
2311 1382 2367 1436 δὲ
2396 1384 2542 1452 λέγει
2571 1386 2733 1456 αὐτῇο
2765 1385 2949 1453 Δεῖξόν
2984 1403 3076 1457 μοι
3120 1388 3213 1439 τὸν
3256 1386 3422 1440 τόπον
3466 1386 3599 1438 ἔνθα

2014 1459 2172 1512 τοῦτο
2202 1460 2514 1525 ἀπώλεσας.
2560 1463 2856 1534 ’Δπιούσης
2884 1465 2976 1518 οῦν
3014 1465 3189 1535 αὐτῆς
3237 1466 3330 1518 ἐπὶ
3388 1464 3450 1516 10
3486 1466 3601 1517 A0-

2017 1540 2229 1611 ζάριον,
2290 1542 2577 1611 ἠκολούθει
2616 1543 2646 1595 0
2688 1544 2882 1614 μέγας.
2936 1546 3049 1598 Καὶ
3095 1544 3387 1612 γενόμενος
3458 1542 3603 1596 κατά

2017 1621 2109 1673 τὸν
2154 1621 2317 1674 τόπον
2350 1663 2365 1685 ,
2426 1622 2559 1686 στάς
2621 1622 2991 1693 προσηύξατο.
3050 1623 3115 1674 Οἱ
3171 1618 3264 1675 00v
3305 1622 3603 1689 κλέψαντες

2019 1698 2180 1752 τοῦτο
2243 1699 2539 1771 πρόϐατον,
2571 1701 2833 1770 ἔσφαξαν,
2867 1703 2962 1755 καὶ
2995 1701 3065 1755 τά
3112 1702 3252 1765 κρέα
3302 1703 3362 1753 ἐν
3396 1704 3460 1771 τῇ
3490 1704 3603 1769 ἀμ-

2020 1778 2169 1849 πέλῳ
2200 1780 2574 1851 κατέκρυψαν.
2619 1782 2708 1833 Ἐν
2733 1780 2809 1851 τῷ
2835 1776 2929 1835 οὖν
2957 1782 3047 1834 τὸν
3068 1781 3216 1835 ὅσιον
3231 1780 3399 1851 ἄνδρα
3433 1796 3600 1849 προσ-

1950 1858 1994 1914 Β
2024 1858 2282 1927 εὐχεσθαι
2343 1860 2572 1929 μηδενὸς
2627 1860 2738 1913 τῶν
2801 1860 2991 1915 αίτίων
3037 1859 3465 1929 ὁμολογούντων,
3504 1856 3604 1927 τῆς

2021 1938 2244 2007 χάριτος
2271 1937 2624 2007 ἐνεργούσης,
2655 1939 2825 2010 κόραξ
2849 1939 3010 1993 ποθὲν
3033 1938 3224 2001 ἐλθὼν,
3256 1938 3353 1991 καὶ
3376 1936 3606 1997 ἐπιστὰς

2026 2027 2095 2093 τῇ
2123 2024 2322 2094 κλοπῇ,
2348 2023 2529 2076 λαϐὼν
2560 2024 2820 2079 κοπάδιον
2841 2025 2936 2078 ἀπ’
2963 2024 3132 2078 αὑτοῦ
3168 2024 3330 2077 πάλιν
3360 2025 3603 2091 ἀπέπτη.

2023 2101 2427 2171 Προσεσχηκὼς
2470 2098 2565 2154 οὖν
2606 2101 2766 2155 τοῦτο
2814 2102 2845 2155 0
2882 2103 3153 2172 μακάριος
3200 2097 3374 2165 οὗτος,
3409 2102 3608 2171 μικρὸν

2023 2180 2303 2250 προελθὼν
2330 2174 2489 2252 εὗρεν
2516 2181 2576 2233 τὸ
2608 2180 2788 2251 θῦμα,
2814 2181 2909 2233 καὶ
2934 2182 3060 2244 τοὺς
3090 2182 3396 2251 κλέψαντας
3426 2180 3606 2235 τοῦτο.

2022 2258 2137 2314 Εἶθ’
2168 2260 2341 2323 οὕτως
2384 2261 2788 2331 προσπεσόντες
2819 2261 2969 2331 αὐτῷ
3016 2263 3065 2314 οἱ
3105 2260 3407 2329 κλέψαντες
3450 2259 3611 2313 τοῦτο

2023 2341 2301 2412 νεώτεροι,
2339 2342 2434 2393 καὶ
2460 2342 2559 2410 τὴν
2609 2341 2789 2395 αἰτίαν
2817 2342 3276 2413 ὁμολογήσαντες,
3318 2339 3609 2410 ἀπῃτήθη-

2027 2436 2129 2474 σαν
2166 2422 2227 2475 10
2265 2420 2414 2483 ἀξιον
2455 2420 2697 2490 τίμημα,
2726 2420 2821 2474 καὶ
2875 2420 3048 2483 οὕτως
3103 2418 3608 2490 ἐσωφρονίσθησαν,

2024 2500 2120 2554 τοῦ
2146 2500 2346 2572 μηκέτι
2369 2499 2438 2552 τὰ
2458 2502 2681 2554 τοιαῦτα
2703 2501 2927 2572 τολμᾷν.

2590 2578 2774 2632 ΚΕΦΑ
2792 2580 2857 2635 Λ.
2916 2580 3035 2633 ΡΔ’.

2586 2657 2726 2728 Περὶ
2763 2657 3059 2713 Ἀδολίου.

2107 2738 2323 2804 Ἐγνων
2369 2736 2531 2790 πάλιν
2578 2740 2701 2792 τινὰ
2736 2740 2815 2801 είς
2846 2739 2915 2791 τά
2955 2737 3327 2808 Ἰεροσόλυμα,
3381 2735 3612 2805 ὀνόματι

2045 2818 2301 2886 Ἀδόλιον,
2336 2821 2558 2890 Ταρσέα
2586 2819 2648 2872 10
2672 2820 2851 2887 γένος.
2880 2812 3051 2882 0010;
3074 2820 3522 2890 παραγενόμενος
3552 2819 3614 2890 ἐν

2029 2901 2143 2955 τοῖς
2199 2886 2594 2961 Ἰεροσολύμοις
2640 2886 2761 2943 λίαν
2808 2890 2909 2961 τὴν
2944 2886 3205 2961 άτριπτον
3262 2886 3372 2958 τῆς
3414 2886 3615 2955 ἀρετῆς

2033 2968 2268 3022 ὦδευσεν
2297 2968 2445 3033 ὁδὸν,
2483 2968 2581 3038 οὐχ
2618 2969 2686 3039 ῆν
2709 2970 2871 3038 ἡμεῖς
2929 2970 2981 3021 οί
3036 2967 3223 3021 πολλοὶ
3270 2964 3613 3033 ώδεύσαμεν,

2034 3048 2171 3103 ἀλλά
2195 3047 2350 3117 ξένην
2376 3047 2497 3101 τινὰ
2546 3049 2643 3101 καὶ
2684 3049 2877 3118 καινήν
2916 3047 3096 3116 ἐαυτῷ
3133 3046 3420 3115 ἀνατεμών
3474 3045 3616 3114 ὑπὲρ

2036 3128 2321 3198 ἄνθρωπον
2354 3126 2634 3179 πολιτείαν
2665 3127 2907 3197 ἤσκησεν
2943 3129 3001 3179 ἐν
3062 3126 3198 3194 αὐτῇ
3224 3139 3240 3157 ο
3266 3124 3343 3188 ὼς
3376 3124 3471 3177 καὶ
3519 3124 3619 3175 00-

344 3189 466 3282 λήν.
500 3189 795 3278 Γενόμενος
832 3189 940 3258 τῶν
968 3206 1227 3272 ἐπιδόξων
1260 3206 1371 3259 τῶν
1400 3189 1551 3278 ἐν
1588 3189 1837 3278 παλατίίρ
1870 3212 1927 3265 ἐν
1956 3189 2000 3247 C
2035 3189 2165 3271 τοὺς
2193 3209 2319 3271 100;
2361 3207 2622 3277 δαίμονας
2675 3189 2950 3277 πονηροὺς
3004 3189 3304 3277 φρίξαντας
3355 3202 3520 3258 αὐτοῦ
3558 3203 3621 3282 10

345 3296 465 3355 ταῖς
515 3294 709 3362 ἀρχαῖς
737 3288 1119 3342 Κωνσταντίου
1175 3287 1270 3340 τοῦ
1303 3287 1585 3356 βασιλέως,
1619 3290 1928 3356 ἀπετάξατο

345 3372 667 3444 ὁρμώμενος
683 3368 981 3436 ἀπδγάμου
998 3385 1011 3399 ·
1038 3371 1094 3421 ἐν
1116 3362 1197 3430 οἷς
1213 3369 1308 3421 καὶ
1336 3364 1482 3437 εἶχεν
1514 3370 1605 3423 καὶ
1633 3370 1765 3433 υἱὸν,
1784 3374 1931 3427 Παῦ-

346 3453 437 3505 λον
464 3448 1042 3520 όνόματι,δομέστικον
1070 3448 1517 3517 στρατευόμενον.
1533 3448 1733 3503 Τοῦτον
1746 3451 1930 3522 ἀμαρ-

347 3533 596 3601 τήσαντα
634 3528 771 3598 1190;
813 3526 1089 3595 θυγατέρα
1120 3526 1494 3596 πρεσϐυτέρου
1546 3528 1861 3597 ἐπαράσατο
1903 3526 1931 3586 0

349 3617 505 3682 ἅγιος
557 3610 899 3672 Ἰννοκέντιος
951 3609 1029 3676 τῷ
1085 3608 1199 3678 ἰδίῳ
1243 3608 1344 3678 υἱῷ
1396 3610 1787 3679 παρακαλέσας
1840 3614 1932 3671 τὸν

350 3694 507 3756 Θεὸν,
540 3692 635 3745 καὶ
664 3689 834 3743 εἰπὼν
866 3688 1035 3757 αὐτῷ,
1062 3688 1144 3740 ὅτι
1174 3686 1369 3758 Κύριε,
1396 3687 1486 3751 δὸς
1520 3691 1669 3759 αὐτῷ
1691 3682 1932 3747 τοιοῦτον

352 3773 604 3841 Πνεῦμα,
630 3770 717 3823 ἵνα
757 3767 955 3838 μηκέτι
996 3766 1149 3837 εὖροι
1194 3765 1386 3836 καιρὸν
1418 3766 1511 3820 τοῦ
1551 3768 1933 3842 ἐξαμαρτῆσαι

351 3851 433 3921 τῷ
484 3848 713 3919 σαρκίῳ.
746 3845 1002 3915 Ἀμεινόν
1061 3847 1229 3908 ἐστιν,
1254 3844 1447 3907 εἰπὼν,
1480 3846 1695 3917 δαίμονι
1748 3850 1935 3905 τοῦτον

355 3930 672 3990 πυκτεύειν,
706 3927 739 3999 ἢ
773 3926 1037 3997 ἀκολασίᾳ
1064 3924 1358 3982 δουλεύειν.
1392 3928 1456 3979 Ὃ
1484 3927 1548 3997 δή
1586 3929 1677 3981 καὶ
1707 3931 1935 4003 γεγένη-

354 4030 467 4075 ται.
497 4010 593 4070 Ὃς
620 4006 701 4059 ἔτι
730 4006 825 4059 καὶ
849 4004 943 4058 νῦν
968 4007 1113 4056 ἐστιν
1139 4006 1220 4067 εἰς
1245 4004 1369 4072 090;
1389 4004 1499 4059 τῶν
1538 4006 1766 4063 Ἐλαιῶν
1785 4012 1935 4083 σιδη-

360 4087 630 4165 ροφορῶν,
666 4087 759 4138 καὶ
782 4083 1181 4165 παιδευόμενος
1198 4084 1302 4165 ὑπὸ
1333 4083 1428 4136 τοῦ
1468 4086 1797 4165 πνεύματος.
1827 4092 1937 4145 Καὶ

357 4162 420 4225 τὸ
446 4165 760 4236 θαυμαστὸν
810 4165 838 4217 0
884 4162 1077 4216 100100
1140 4163 1333 4233 Πατὴρ
1400 4164 1621 4235 ἑτέρους
1682 4167 1935 4237 ἰώμενος,

358 4246 548 4303 τοῦτον
588 4244 689 4295 οὑκ
720 4240 919 4311 ἠλέησε
968 4240 1222 4315 τοσοῦτον
1275 4243 1469 4312 χρόνον
1526 4244 1938 4315 τιμωρούμενον

360 4327 465 4381 0110
480 4323 573 4377 τοῦ
606 4322 881 4392 δαίμονος.
908 4314 1078 4381 0010;
1119 4321 1146 4372 0
1175 4320 1415 4391 ἀοίδιμος
1450 4314 1790 4387 Ἰννοκέντιος
1830 4320 1941 4387 οἷος

366 4410 464 4481 μέν
490 4406 713 4475 γέγονεν
734 4402 1028 4481 -ἐλεήμων,
1061 4396 1173 4465 οἷος
1219 4402 1277 4455 δὲ
1308 4402 1474 4481 πάλιν
1520 4405 1745 4473 ἁπλοῦς,
1774 4407 1941 4477 λῆρος

359 4479 673 4557 ὀφθήσομαι
701 4479 749 4533 τ’
790 4479 965 4550 ἀληθῆ
1011 4481 1140 4551 περὶ
1167 4480 1332 4534 αὑτοῦ
1382 4482 1758 4552 διηγούμενος·
1787 4481 1940 4549 0010;

2039 3286 2310 3359 αὐστηρὸν
2360 3286 2460 3356 τῆς
2512 3286 2741 3358 ἀρίστης
2786 3284 3059 3347 πολιτείας
3099 3284 3173 3355 μὴ
3230 3283 3436 3353 τολμᾷν
3469 3281 3620 3350 αύτῷ

2041 3366 2429 3440 προσεγγίσαι.
2494 3365 2575 3419 Δι’
2633 3364 2943 3434 ὑπερϐολὴν
2987 3363 3095 3433 γὰρ
3143 3363 3471 3431 ἐγκρατείας
3525 3361 3621 3413 καὶ

2040 3448 2349 3518 ἀγρυπνίας
2396 3444 2691 3513 φάντασμα
2729 3441 2868 3496 εἶναι
2923 3442 3216 3511 ύπενοήθη.
3257 3442 3345 3493 Ἐν
3383 3440 3480 3511 μὲν
3512 3440 3622 3508 γάρ

2044 3530 2195 3598 πάσῃ
2218 3529 2285 3596 τῇ
2314 3525 2727 3593 τεσσαρακοστῇ
2758 3521 2950 3593 ήσθιεν
2998 3522 3085 3575 διά
3130 3521 3315 3583 πέντε,
3344 3518 3623 3598 καὶτοῦτο

2042 3608 2101 3660 ἐν
2145 3596 2329 3676 μέτρῳ
2347 3621 2361 3635 ο
2398 3602 2490 3655 τὸν
2523 3602 2581 3655 δὲ
2615 3602 2775 3656 ἄλλον
2796 3602 2989 3676 χρόνον
3014 3601 3201 3672 ἢσθιεν
3229 3601 3431 3671 τρίτον.
3462 3598 3535 3651 Τὸ
3564 3596 3623 3651 δέ

2048 3675 2190 3754 μέγα
2237 3685 2333 3736 καὶ
2387 3680 2687 3752 παράδοξον
2716 3680 2879 3735 τοῦτο
2929 3675 2997 3751 ἦν
3051 3679 3217 3733 αὑτοῦ
3242 3681 3341 3748 τῆς
3379 3677 3580 3747 ἀρετῆς
3605 3692 3621 3707 ⁶

2044 3760 2200 3827 0010;
2228 3762 2565 3833 τρεφόμενος
2596 3759 2690 3827 ἀφ’
2722 3760 2963 3831 ἑσπέρας
2996 3759 3188 3829 μέχρις
3220 3760 3309 3812 ὅτε
3334 3760 3401 3828 τῇ
3426 3755 3622 3825 ἐωθινῇ

2046 3844 2167 3914 ὥρα
2190 3842 2354 3896 πάλιν
2384 3842 2416 3909 ἡ
2451 3838 2751 3908 ἀδελφότης
2782 3840 2839 3891 ἐν
2861 3842 2974 3901 τοῖς
2997 3837 3308 3907 εύκτηρίοις
3336 3838 3623 3914 συνήγετο.

2047 3912 2215 3984 0010;
2266 3922 2293 3972 0
2340 3918 2579 3987 ἀθλητὴς
2620 3918 2789 3980 ἑστὼς
2822 3919 2879 3970 ἐν
2909 3917 2987 3986 τῷ
3025 3917 3240 3970 ἐλαιῶνι
3282 3917 3358 3978 είς
3388 3914 3480 3968 10v
3526 3912 3627 3983 τῆς

2049 3999 2376 4067 ἀναλήψεως
2416 3996 2623 4066 βουνὸν,
2646 3995 2769 4048 ὅθεν
2804 3995 3081 4065 ἀνελήφθη
3109 3995 3137 4046 0
3174 3992 3405 4063 Ἰησοῦς,
3433 3988 3625 4053 ἑστὼς,

2051 4081 2147 4135 καὶ
2173 4077 2528 4147 ψάλλων,καὶ
2570 4075 3009 4145 προσευχόμενος
3045 4072 3293 4126 διετέλει.
3326 4071 3437 4123 Καὶ
3469 4067 3630 4121 τοῦτο

2050 4160 2225 4213 ἐποίει
2255 4159 2312 4211 ἐν
2336 4156 2501 4209 παντὶ
2526 4153 2723 4223 καιρῷ,
2743 4154 2850 4206 εἴτε
2883 4153 3085 4221 ενιφεν,
3113 4152 3222 4203 εἴτε
3246 4150 3491 4221 έϐρεχεν,
3518 4147 3627 4199 εἴτε

2050 4236 2364 4309 ἐπάχνιζεν,
2385 4234 2681 4296 ἀσάλευτος
2696 4232 2906 4301 ἔμενεν.
2930 4232 3039 4285 K01.
3061 4228 3355 4309 πληρώσας
3380 4228 3473 4309 10v
3500 4243 3628 4279 συν-

2052 4307 2311 4390 ήθηητῶν
2351 4314 2527 4384 εύχῶν
2564 4314 2786 4376 κανόνα,
2830 4312 2904 4390 10
2934 4309 3237 4390 τηνικαῦτα
3264 4308 3344 4379 τῷ
3373 4307 3630 4390 ἐξυπνια-

2060 4385 2232 4465 στικῷ
2262 4398 2474 4464 σφυρξῳ
2500 4391 2599 4454 τὰς
2630 4390 2849 4443 πάντων
2881 4388 3106 4457 ἐκρουεν
3128 4387 3345 4453 κέλλας,
3380 4385 3631 4465 συνάγων

2054 4463 2251 4539 00100;
2302 4463 2385 4536 είς
2441 4472 2565 4533 τοὺς
2628 4470 2954 4539 εύκτηρίους
2993 4468 3173 4530 οίκους
3210 4466 3346 4535 πρὸς
3374 4463 3632 4534 όρθρινὴν

362 4544 625 4625 πολλάκις
676 4544 927 4613 κλέπτων
953 4544 1119 4629 παρά
1174 4559 1283 4611 τῶν
1320 4544 1591 4628 ἀδελφῶν,
1621 4564 1674 4615 εί
1698 4544 1749 4615 τι
1793 4544 1942 4635 αὺτῷ
1978 4547 2022 4601 Ῑ)
2051 4553 2384 4635 δοεολογίαν,
2422 4552 2543 4635 καθξ
2581 4551 2820 4635 ἑκάστην
2864 4549 3061 4635 κέλλαν
3090 4546 3419 4635 συμψάλλων
3446 4544 3632 4635 αύτοῖς

362 4648 647 4704 ἐνέπεσεν,
673 4638 843 4692 ἐδίδου
887 4640 1000 4701 τοῖς
1037 4639 1338 4708 δεομένοις.
1373 4641 1510 4692 Καθ’
1552 4642 1859 4713 ὑπερϐολὴν
1888 4644 1946 4697 δὲ

361 4722 602 4795 γεγονὼς
636 4721 866 4785 ἄκακος,
903 4719 1113 4771 καὶτὸν
1138 4718 1339 4788 τρόπον
1371 4717 1597 4783 ἁπλοῦς,
1630 4722 1944 4793 κατηξιώθη

364 4802 704 4876 χαρίσματος
752 4796 895 4849 κατὰ
931 4796 1223 4876 δαιμόνων.
1273 4796 1364 4851 Ἑν
1416 4795 1499 4862 οἷς
1556 4816 1689 4853 ποτε
1738 4801 1945 4873 ἠνέχθη

360 4872 511 4953 αύτῷ
538 4877 823 4938 νεανίσκος
857 4872 1113 4945 ὁρώντων
1138 4875 1425 4946 ἡμετέρων
1451 4878 1556 4931 0110
1576 4877 1671 4931 τοῦ
1696 4872 1947 4951 πνεύμςῃ

362 4980 456 5026 τος
494 4957 725 5028 ληφθεὶς
787 4956 885 5008 καὶ
929 4955 1215 5025 παρέσεως
1252 4971 1268 4989 ο
1317 4957 1394 5018 ὡς
1451 4958 1553 5026 ἐμὲ
1612 4958 1949 5030 θεασάμενον

364 5042 629 5111 ἄντικρὺς
685 5035 1057 5105 ἀπευδοκῆσαι
1102 5036 1202 5106 τῆς
1256 5037 1422 5091 αὑτοῦ
1480 5039 1802 5110 θεραπείας,
1855 5042 1950 5095 καὶ

367 5120 599 5191 θελῆσαι
671 5114 861 5178 διῶξαι
913 5113 1126 5167 ἐκεῖθεν
1202 5116 1302 5186 τὴν
1361 5118 1572 5189 μητέρα
1621 5119 1716 5172 τοῦ
1755 5120 1950 5190 δαιμο-

364 5201 590 5260 νιῶντος
639 5195 737 5248 σὺν
782 5194 899 5255 τοῖς
950 5192 1114 5245 αὑτὸν
1162 5193 1497 5263 ἐνεγκοῦσιν.
1526 5197 1733 5268 Συνέση
1771 5194 1863 5251 οὖν
1890 5200 1949 5253 ὲν

366 5278 450 5350 τῷ
507 5274 713 5347 μεταξὺ
779 5271 1129 5343 θεωρούντων
1152 5274 1310 5344 ήμῶν
1365 5276 1425 5329 10
1456 5277 1731 5348 ἀφόρητον
1760 5278 1947 5346 ἄλγος,

371 5357 553 5412 ἐλθεῖν
600 5354 693 5406 τὸν
748 5351 828 5421 τῷ
885 5351 1158 5421 πνεύματι
1215 5356 1624 5427 νεανιευόμενον
1676 5357 1945 5428 γέρονταο

366 5438 469 5491 καὶ
513 5433 854 5501 θεασάμενον
906 5429 997 5483 τὸν
1047 5430 1445 5502 δαιμονιῶντα,
1496 5438 1593 5489 καὶ
1643 5436 1948 5507 περιεστῶ-

371 5533 473 5569 σαν
534 5513 633 5582 τήν
688 5510 879 5563 τούτου
934 5510 1147 5581 μητέρα
1194 5512 1507 5581 κλαίουσαν,
1550 5516 1645 5568 καὶ
1688 5516 1951 5587 ὀδυρομέ-

376 5612 478 5666 νην
496 5595 589 5648 ἐπὶ
626 5592 694 5661 τῇ
739 5587 1120 5660 ἀνεκδιηγήτῳ
1166 5596 1422 5665 συμφορᾷ
1455 5593 1548 5646 τοῦ
1591 5594 1709 5648 υἱοῦ
1756 5596 1951 5666 αὐτῆς.

375 5676 667 5745 Δακρύσας
696 5666 791 5723 οὖν
819 5668 848 5720 0
902 5668 1229 5743 καλόγηρος,
1259 5676 1354 5727 καὶ
1404 5675 1825 5745 σπλαγχνισθεὶς
1864 5676 1953 5729 ἐπ’

368 5758 592 5823 αὐτοὺς,
622 5752 803 5807 λαϐὼν
850 5752 942 5806 10v
986 5758 1268 5811 νεανίσκον
1306 5755 1554 5827 εἰσῆλθεν
1601 5756 1681 5820 είς
1712 5757 1772 5809 10
1820 5775 1957 5829 μαρ-

370 5836 554 5902 τύριον
587 5832 802 5898 ἐαυτοῦ,
835 5832 864 5885 0
892 5831 1233 5906 ᾠκοδομήκει
1260 5836 1444 5901 0010;,
1496 5835 1555 5888 ὲν
1587 5830 1629 5907 ᾧ
1660 5836 1945 5890 κατέκειτο

2056 4633 2114 4685 ἓν
2143 4634 2176 4693 ἢ
2210 4632 2465 4700 δεύτερον
2516 4630 2836 4697 ἀντίφωνον,
2868 4629 2961 4681 καὶ
3016 4627 3407 4697 συνευχόμενος
3457 4621 3632 4684 οὕτως

2056 4713 2221 4784 ἀπῄει
2248 4711 2355 4781 1190
2377 4710 2591 4781 ἡμέρας
2619 4712 2696 4771 εἰς
2724 4708 2783 4762 τὸ
2807 4708 3039 4762 κελλίον.
3073 4708 3162 4769 Ὠς
3180 4706 3236 4759 δὲ
3264 4704 3355 4784 ἐπὶ
3376 4703 3480 4784 πῆς
3503 4701 3633 4784 ᾴλῃ-

2059 4779 2212 4855 θείας
2247 4779 2548 4859 ἐπίσταμαι
2578 4788 2741 4850 0010;
2771 4786 3030 4849 πολλάκις
3058 4784 3169 4837 τῶν
3193 4782 3440 4850 ἀδελφῶν
3468 4779 3634 4859 00100

2056 4872 2404 4926 ἀποδυόντων
2432 4857 2490 4923 ἐν
2520 4867 2706 4937 καιρῷ
2757 4865 2949 4935 θέρους
2980 4863 3072 4917 καὶ
3097 4857 3635 4937 ἀποπιεζόντωνᾼτῶν

2060 4951 2295 5023 ἱματίων
2350 4947 2516 5001 αὑτοῦ
2546 4935 2638 4999 τὸν
2675 4944 2896 5014 ἱδρῶτα,
2936 4943 3012 5006 ὡς
3055 4940 3164 4994 ἀπὸ
3196 4936 3420 5023 λουτροῦ
3464 4935 3636 5023 οὓτως

2058 5013 2392 5098 ἀπέσταζον,
2433 5031 2570 5084 ἄλλα
2614 5027 2670 5080 δέ
2714 5013 3165 5097 περιὸαλλόμενοι
3211 5022 3316 5084 ἓως
3362 5013 3423 5073 00
3463 5017 3638 5071 10010

2059 5115 2342 5186 ἐψύχοντο.
2376 5112 2486 5164 Καὶ
2511 5109 2676 5181 μέχρι
2713 5108 2903 5177 τρίτης
2934 5100 3635 5186 ῶνραςᾲδιαναπαυσάμενος,

2057 5177 2200 5249 οῦτῶ
2236 5193 2399 5246 πάλιν
2425 5177 2525 5254 τὰς
2557 5177 2753 5251 λοιπὰς
2782 5186 2931 5258 ὥρας
2962 5185 3065 5248 ἕως
3089 5184 3328 5252 ἑσπέρας
3358 5182 3424 5250 τῇ
3450 5177 3636 5258 ψαλμτ

2059 5273 2195 5345 ῳδίᾳ
2227 5272 2323 5325 καὶ
2353 5272 2473 5332 ταῖς
2524 5256 2853 5339 προσευχαῖς
2889 5266 3202 5345 προσεῖχεν.
3217 5259 3375 5345 ρύτη
3398 5256 3635 5345 τοίνυν-ἡ

2057 5335 2227 5421 ἀρετή
2250 5351 2348 5419 τῆς
2396 5335 2582 5417 ἄκρας
2619 5335 2896 5416 ὑπομονῆς
2914 5337 3506 5421 Ἀδολίουᾲτῆςᾼπέτρας
3526 5335 3638 5421 τῆς

2059 5412 2315 5501 στερεᾶς,
2334 5412 2405 5490 ίὸς
2427 5412 2642 5495 ἐγένετο
2678 5412 2741 5478 10
2768 5412 2923 5492 γένος
2953 5419 3222 5501 Ταρσεύς.
3240 5412 3639 5501 Ἐντελειωθεὶς

2059 5509 2117 5563 δὲ
2340 5490 2524 5569 τέλους
2571 5507 2685 5569 τοῖς
2715 5490 2899 5565 ἄθλοις
2939 5490 3233 5571 καρτερίας
3279 5496 3375 5579 τὸν
3397 5490 3640 5579 ἀἰώνιον

2062 5574 2232 5644 ὕπνον
2242 5574 2506 5660 κοιμᾶται
2538 5587 2596 5639 ἐν
2626 5586 2738 5648 τοῖς
2779 5579 3198 5652 Ἱεροσολύμοις,
3226 5577 3319 5632 καὶ
3348 5574 3635 5627 θάπτεται.

2628 5670 2884 5726 ΚΕΦΑΛ.
2938 5664 3058 5721 PE'.

2576 5750 2717 5819 Περὶ
2758 5748 3123 5817 Ἀϐρααμίου.

2146 5832 2475 5905 Ἀδραάμιός
2498 5848 2583 5897 τις
2620 5810 3103 5899 γέγονενμοναχὸς
3120 5830 3129 5893 _'
3147 5818 3402 5891 ἀκριϐὴς,
3434 5813 3512 5886 τῷ
3533 5810 3629 5882 γέ·
