4028 6436
488 398 621 465 12ἰί

1961 401 2318 464 PALLADII

3628 408 3757 473 1212

492 531 578 567 νει
607 511 930 581 Αιγύπτιος,
959 511 1304 591 τραχύτατον
1329 512 1423 568 καὶ
1448 513 1753 589 ἁγιώτατον
1774 512 1892 583 βίον
1913 512 2086 584 ζήσας
2113 514 2163 571 Δ
2189 514 2425 587 ἀθλητής
2461 516 2563 586 τῆς
2589 517 2867 587 ὑπομονῆς
2889 515 2982 585 ἀφ’
3015 509 3075 571 οὑ
3109 516 3358 588 εἰσῆλθεν
3402 518 3488 581 εἰς
3528 518 3593 572 τὸ
3624 525 3758 591 σπή-

489 598 551 651 ἐν
586 600 655 668 τῇ
686 598 904 667 ἐρήμῳ.
932 590 1111 660 Οὗτος
1160 597 1377 666 ἐπλήγη
1422 600 1523 668 τὴν
1576 598 1748 668 φρένα
1770 597 1875 649 ὑπὸ
1901 597 2076 666 ἄκρας

493 683 732 753 οἰήσεως
760 698 773 712 ⁸
809 682 903 735 καί
921 680 1093 735 ἐλθὼν
1122 683 1180 734 ἐν
1212 684 1277 752 τῇ
1318 682 1609 754 ἐκκλησίᾳ.
1649 682 1935 750 διεμάχετο
1964 684 2079 745 τοῖς

495 767 921 839 πρεσϐυτέροις,
949 766 1147 836 λέγων,
1171 769 1254 821 ὅτι
1273 768 1385 820 Καὶ
1409 768 1521 834 ἐγὼ
1548 764 1918 837 πρεσϐύτερος
1939 766 2081 835 ἐχει-

499 851 800 921 ροτονήθην
833 851 1008 922 ταύτῃ
1064 854 1130 922 τῇ
1173 853 1328 905 νυκτὶ
1386 851 1492 904 ὑπὸ
1532 850 1627 903 τοῦ
1672 850 1933 921 Χριστοῦ,
1985 849 2081 902 καὶ

492 932 741 1002 ὀφείλετε
784 933 1046 997 δέξασθαί
1096 952 1163 1004 με
1209 936 1287 996 ὡς
1344 933 1721 1007 πρεσϐύτερον
1780 931 2081 1003 ἱερατεύειν

498 1019 783 1089 μέλλοντα.
826 1018 1030 1073 Τοῦτον
1062 1022 1110 1073 οί
1172 1021 1319 1087 ἀγιοι
1380 1019 1625 1087 Πατέρες
1655 1016 2083 1086 διαχωρίσαντες

495 1103 597 1172 τῆς
630 1105 862 1174 ἐρήμου,
891 1104 985 1156 καὶ
1002 1104 1094 1156 ἐπὶ
1119 1103 1209 1157 τὸν
1233 1101 1541 1173 παχύτερον
1567 1103 1659 1154 καί
1682 1100 2083 1171 διαφορώτερον

498 1188 804 1255 ἀγαγόντες
836 1187 971 1257 βίον,
1024 1187 1482 1259 ἀπεθεράπευσαν
1529 1186 1630 1255 τῆς
1678 1183 2082 1255 ὑπερηφανίας,

500 1272 597 1324 καὶ
627 1274 706 1337 εἰς
737 1273 939 1337 γνῶσιν
988 1274 1153 1327 αὐτὸν
1211 1273 1509 1341 ἀγαγόντες
1533 1275 1635 1341 τῆς
1662 1270 1870 1332 οἰκείας
1919 1269 2084 1322 ἀσθε-

500 1357 650 1419 νείας
676 1396 692 1420 ,
734 1356 946 1422 ἔδειξαν
995 1358 1187 1412 τοῦτον
1214 1357 1525 1427 παιχθέντα
1555 1357 1663 1413 ὑπὸ
1697 1355 1790 1409 τοῦ
1827 1354 2085 1424 δαίμονος

498 1446 596 1515 τῆς
627 1446 1028 1517 ὑπερηφανίας,
1060 1448 1157 1501 καὶ
1185 1447 1306 1510 ταῖς
1346 1446 1531 1513 ἁγίαις
1559 1442 1737 1497 αὐτῶν
1777 1443 1965 1513 εὐχαῖς
1998 1441 2079 1504 είς

498 1530 597 1600 τὴν
620 1529 852 1601 ἀρχαίαν
881 1530 999 1600 βίον
1027 1530 1229 1601 ἀρετὴν
1251 1529 1725 1598 ἀποκατέστησαν.

1067 1615 1318 1668 ΚΕΦΑΛ.
1385 1613 1521 1679 Pq'.

1026 1698 1171 1765 Περί
1222 1696 1553 1753 Ἐλπιδίου.

574 1778 714 1834 ἰδον
742 1779 803 1833 δέ
831 1782 927 1835 καὶ
954 1780 1141 1850 ἕτερον
1172 1778 1342 1849 ἀνδρα
1373 1776 1872 1849 ἀξιομνημόνευτον
1898 1778 1955 1829 ἐν
1975 1776 2087 1838 τοῖς

2179 602 2352 669 λαιον,
2381 602 2442 655 οὐ
2475 601 2744 668 κατῆλθεν
2778 602 2843 654 ἐκ
2868 599 2959 653 τοῦ
2992 600 3151 678 ὅρους
3181 600 3372 672 μέχρις
3410 602 3535 655 ὅτου
3561 603 3756 675 ἐτάφη.

2179 686 2368 741 Ταῦτα
2400 685 2469 739 τὰ
2505 687 2731 755 οὐράνια
2766 685 3141 755 ἐγχειρήματα
3165 683 3261 737 τοῦ
3307 686 3628 753 στεφανίτου
3666 687 3757 743 καὶ

2182 771 2455 840 ἀηττήτου
2490 768 2792 822 παλαιστοῦ
2855 767 3127 821 Ἐλπιδίου
3180 767 3274 822 τοῦ
3314 768 3412 821 νῦν
3466 770 3526 823 ἐν
3576 787 3757 841 παρα-

2182 855 2342 925 δείσῳ
2371 853 2730 925 διαιτωμένου
2765 853 2899 923 μετά
2924 852 3033 906 τῶν
3062 851 3230 906 αὐτοῦ
3254 854 3477 925 ὁμοίων.

2762 937 3017 991 ΚΕΦΑΛ.
3053 936 3173 992 ΡΘ.

2712 1017 2854 1087 Περί
2902 1021 3137 1073 Σισιννί
3138 1039 3229 1076 ου.

2182 1150 2183 1153 η
2256 1104 2462 1160 Τούτου
2489 1102 2581 1157 τοῦ
2632 1103 2900 1157 ἀθανάτου
2958 1103 3229 1159 Ἑλπιδίου
3260 1105 3505 1177 μαθητὴς
3536 1109 3763 1175 γέγονεν

2186 1190 2451 1252 Σισίννιος
2480 1189 2728 1256 ὀνόματι,
2752 1187 2811 1253 ἐξ
2856 1189 3132 1257 οἰκετικῆς
3180 1188 3277 1258 μὲν
3315 1190 3633 1259 ὁρμώμενος
3670 1190 3765 1244 τύ.

2156 1342 2157 1345 η
2186 1290 2310 1343 χης,
2341 1270 2624 1340 ἐλεύθερος
2663 1269 2723 1324 δὲ
2776 1270 2918 1323 κατά
2949 1269 3048 1341 τὴν
3082 1271 3286 1335 πίστιν,
3321 1271 3399 1341 τῷ
3430 1273 3578 1341 γένει
3605 1275 3765 1327 Καπ.

2188 1356 2450 1426 παδόκης.
2480 1356 2572 1407 Δεῖ
2599 1352 2708 1424 γὰρ
2741 1354 2833 1407 καὶ
2860 1352 2929 1405 τὰ
2960 1353 3090 1423 γένη
3121 1354 3404 1424 σημαίνειν
3440 1357 3577 1426 πρὸς
3605 1357 3766 1422 δόξαν

2128 1466 2143 1477 ο
2187 1440 2286 1495 τοῦ
2316 1438 2752 1507 ἐξευγενίζοντος
2773 1438 2920 1507 ἡμᾶς
2959 1438 3219 1509 Χριστοῦ,
3261 1440 3352 1492 καί¹
3384 1441 3463 1504 εἰς
3510 1441 3610 1509 τὴν
3660 1460 3766 1512 μα-

2188 1525 2388 1597 καρίαν
2423 1523 2519 1576 καὶ
2562 1521 2825 1590 ἀληθινὴν
2863 1521 3169 1588 ἀπάγοντος
3195 1523 3342 1591 ἡμᾶς
3384 1524 3663 1591 εὐγένειαν
3682 1527 3768 1587 είς

2186 1609 2286 1680 τὴν
2315 1607 2425 1661 τῶν
2478 1604 2721 1678 οὐρανῶν
2766 1603 3065 1674 βασιλείαν.
3102 1606 3369 1675 Χρονίσας
3400 1608 3579 1662 τοίνυν
3612 1610 3767 1677 παρά

2187 1693 2265 1763 τῷ
2300 1692 2555 1762 μακαρίῳ
2598 1688 2854 1757 Ἐλπιδίῳ
2899 1691 2929 1742 ό
2976 1689 3241 1759 διάπυρος
3268 1691 3505 1761 ἐραστὴς
3530 1694 3641 1745 τῶν
3664 1695 3765 1764 τῆς

2190 1776 2477 1845 ἀσκήσεως
2541 1772 2751 1844 ἀρετῶν
2809 1772 3071 1834 Σισίννιος
3112 1772 3275 1825 ἐκτον
3303 1776 3337 1842 ἢ
3386 1778 3478 1827 καὶ
3536 1776 3768 1846 ἕϐδομον

499 1867 644 1920 κατά
679 1865 894 1937 Ἱεριχὼ
920 1865 1233 1936 σπηλαίοις,
1259 1864 1368 1919 τῶν
1394 1863 1517 1917 κατ’
1544 1863 1720 1933 ἀρχάς
1742 1862 1855 1915 τῶν
1891 1863 1945 1913 Ἀ
1957 1863 2090 1929 μοῤ-
2121 1856 2165 1911 Β
2192 1859 2331 1924 ἔτος,
2374 1858 2469 1910 καὶ
2500 1854 2909 1925 ἐκμεμαθηκὼς
2938 1854 3033 1910 τοῦ
3066 1855 3259 1925 ἀνδρὸς
3281 1857 3379 1919 τὰς
3411 1858 3633 1927 ἀρετὰς,
3668 1863 3767 1914 καὶ

503 1950 673 2018 ραίων
732 1950 1070 2019 γεγονότων,
1150 1948 1295 2016 ειπερ
1349 1946 1766 2013 λελαξεύκεισαν
1825 1947 2088 2013 φυγόντες

499 2034 663 2105 ἡνίκα
697 2035 801 2087 ὑπὸ
838 2034 1014 2104 Ἰησοῦ
1057 2032 1151 2085 τοῦ
1182 2033 1344 2101 Ναυῆ
1392 2029 1804 2098 ἐξεπορθοῦντο,
1854 2028 1991 2098 πρὸς
2029 2026 2090 2079 τὸ

501 2118 839 2187 ἐγκρυϐῆναι
870 2119 930 2170 ἐν
966 2117 1151 2179 αὐτοῖς
1186 2116 1267 2177 εἰς
1296 2115 1358 2166 τὸ
1394 2114 1522 2184 ὅρος
1562 2112 1659 2165 τοῦ
1693 2113 1879 2164 Λουκᾶ
1906 2152 1920 2176 ,
1969 2110 2091 2166 Ἐλο-

502 2200 679 2254 πίδιον
702 2199 961 2269 τοῦνομα,
1020 2198 1399 2268 Καππαδόκην
1444 2196 1522 2266 τῷ
1551 2197 1720 2265 γένει,
1753 2197 1831 2259 είς
1862 2196 2091 2267 ὔστερον

505 2286 902 2356 πρεσϐυτερίου
934 2285 1240 2355 ἠξιωμένον
1271 2284 1363 2337 τοῦ
1393 2282 1758 2352 μοναστήριου
1787 2282 1963 2333 ἐκεῖσε
1996 2298 2092 2348 γε·

503 2368 729 2438 νόμενον
766 2370 873 2422 ὑπὸ
900 2369 992 2423 τοῦ
1027 2368 1452 2438 χωρεπισκόπου
1500 2365 1765 2433 Τιμοθέου
1794 2364 1895 2433 τῆς
1932 2366 2094 2417 Καπ-

506 2454 791 2518 παδοκίας,
818 2455 1010 2524 ἀνδρὸς
1040 2454 1397 2507 ἱκανωτάτου.
1424 2443 1596 2513 Οὗτος
1630 2449 1800 2502 ἐλθὼν
1832 2448 2095 2520 παρῴκη-

513 2556 606 2591 σεν
632 2541 691 2591 ἐν
732 2539 815 2591 ἐνὶ
857 2538 968 2592 τῶν
1019 2539 1323 2605 σπηλαίων,
1371 2535 1429 2599 ὃς
1464 2535 1738 2604 τοσαύτην
1768 2534 2095 2605 ἐγκράτειαν

510 2624 797 2693 ἀσκήσεως
879 2622 1211 2687 ἐνεδείξατο,
1269 2622 1346 2686 ὼς
1394 2620 1638 2689 καλύψαι
1686 2620 1813 2680 τοὺς
1866 2618 2095 2681 πάντας.

510 2710 694 2777 Ζήσας
726 2709 833 2778 γὰρ
870 2708 1044 2762 εἰκοσι
1076 2709 1169 2760 καὶ
1192 2707 1356 2760 πέντε
1377 2706 1496 2774 ἔτη,
1516 2704 1584 2757 τά
1614 2702 1859 2758 σάϐϐατα
1884 2700 2096 2763 καὶτὰς

510 2790 797 2862 Κυριακάς
830 2789 1209 2859 μετελάμϐανε
1261 2790 1443 2859 μόνον,
1472 2787 1583 2850 Τάς
1611 2786 1667 2840 δέ
1688 2785 1891 2849 νύκτας
1916 2785 2097 2848 πάσας

510 2875 683 2938 ἐστὼς
713 2875 941 2943 ἔψαλλε·
976 2876 1232 2946 καθάπερ
1265 2873 1525 2943 βασιλεὺς
1571 2870 1681 2925 τῶν
1715 2868 2007 2941 μελισσῶν,
2038 2870 2096 2920 ἐν

511 2960 664 3029 μέσῳ
693 2961 792 3028 τῆς
825 2960 1186 3029 ἁδελφότητος
1229 2959 1482 3028 οἰκήσας,
1504 2956 1566 3009 τὸ
1610 2954 1735 3026 ὅρος
1764 2956 1939 3007 ἐκεῖνο
1968 2952 2098 3005 ἐπό-

506 3041 646 3102 λισε,
686 3045 778 3094 καὶ
801 3038 873 3111 ἦν
915 3042 1044 3095 ίδεῖν
1088 3044 1204 3096 ἐκεῖ
1245 3041 1430 3094 λοιπὸν
1461 3038 1595 3111 παρ’
1637 3039 1855 3107 ἐκάστῳ
1907 3035 2097 3102 διαφό-

514 3143 637 3197 ρους
668 3125 771 3194 τῆς
800 3126 1091 3194 ἀσκήσεως
1110 3125 1414 3187 πολιτείας.
1444 3122 1647 3176 Τοῦτόν
1679 3136 1812 3173 ποτε
1846 3119 1938 3173 τὸν
1976 3118 2099 3171 Ἐλ-

512 3210 687 3264 πίδιον
722 3210 812 3262 τὸν
852 3210 1022 3272 ὅντως
1054 3213 1120 3280 τῇ
1150 3209 1333 3269 ἐλπίδι
1382 3208 1667 3279 χαίροντα,
1724 3207 1819 3258 καὶ
1870 3205 1963 3259 διά
2005 3204 2094 3256 τὸν
2121 3197 2165 3255 C

509 3292 746 3363 Χριστὸν
778 3295 845 3362 τῇ
883 3292 1062 3361 θλίψει
1097 3293 1461 3362 ὑπομένοντα,
1503 3290 1780 3361 ψάλλοντα
1813 3292 1871 3342 ἐν
1915 3290 2090 3353 νυκτὶ,

510 3377 935 3447 συμψαλλὸντων
987 3378 1147 3447 ήμῶν
1197 3376 1369 3446 αὐτῷ,
1417 3376 1678 3446 σκορπίος
1709 3374 1977 3444 ἔπληξεν·
2033 3373 2093 3435 ὃς

506 3464 761 3531 πατήσας
817 3462 1002 3525 αὑτὸν,
1062 3461 1182 3514 οὐδὲ
1249 3460 1483 3530 μετέστη
1526 3459 1627 3529 τῆς
1662 3457 1757 3513 τοῦ
1815 3458 2095 3527 σχήματος

506 3546 772 3607 στάσεως,
804 3545 1059 3598 τοσοῦτον
1084 3546 1150 3615 τῇ
1186 3544 1436 3614 ὑπομονῇ
1493 3541 1772 3612 ἀλογήσας
1794 3543 1894 3610 τῆς
1949 3538 2093 3592 κατά

506 3628 598 3682 τὸν
652 3628 912 3698 σκορπίον
964 3628 1178 3697 ὀδύνης.
1230 3628 1377 3689 Μιᾶς
1412 3627 1469 3680 δὲ
1512 3625 1678 3679 πάλιν
1721 3624 1829 3677 τῶν
1871 3623 2095 3695 ήμερῶν

510 3712 742 3780 ἀδελφοῦ
788 3729 936 3775 τινος
969 3711 1160 3782 κόμμα
1214 3711 1543 3780 κατέχοντος
1588 3709 1887 3780 κλήματος,
1937 3706 2095 3759 τοῦτο

508 3795 692 3851 λαϐὼν
719 3798 746 3848 ό
773 3796 1046 3866 μακάριος
1077 3796 1134 3848 ἐν
1180 3796 1258 3869 τῷ
1310 3793 1585 3863 καθῆσθαι
1620 3792 1771 3863 παρά
1799 3791 1897 3862 τὴν
1930 3790 2095 3860 ὄχθαν

508 3881 603 3934 τοῦ
627 3880 804 3951 ὅρους,
852 3880 1055 3950 ἔχωσεν
1088 3880 1163 3943 ὡς
1203 3879 1471 3946 φυτεύων,
1501 3876 1703 3947 καίπερ
1730 3879 1786 3929 ἐν
1814 3878 1875 3928 οὐ
1917 3874 2095 3945 καιρῷ

509 3964 645 4027 θείς.
699 3962 965 4017 Τοσοῦτον
1014 3962 1072 4017 δὲ
1129 3962 1343 4032 ηὐξήθη
1397 3962 1491 4014 καὶ
1539 3961 1764 4029 γέγονεν
1824 3958 2092 4029 ἄμπελος,

509 4046 979 4111 ὣστε-σκεπάζειν
1020 4047 1200 4101 πᾶσαν
1230 4046 1329 4115 τὴν
1369 4043 1720 4113 Ἐκκλησίαν.

1085 4141 1337 4195 ΚΕΦΑΛ.
1403 4141 1525 4194 PZ'.

899 4226 1040 4292 Βίος
1076 4226 1360 4280 Αἰνεσίου
1387 4224 1494 4278 τοῦ
1533 4222 1705 4279 ὰϐϐᾶ.

583 4310 772 4381 Τούτῳ
793 4309 872 4379 τῷ
898 4310 1039 4378 ἀγίῳ
1064 4309 1271 4379 ἀθλητῇ
1308 4308 1403 4365 τοῦ
1430 4307 1670 4379 Χριστοῦ
1700 4304 2095 4375 συνετελειώθη

512 4398 609 4451 καὶ
641 4398 670 4448 ὁ
700 4396 947 4463 ἀοίδιμος
1000 4391 1187 4454 δοῦλος
1240 4393 1334 4445 τοῦ
1359 4390 1495 4444 Θεοῦ
1536 4391 1809 4454 Αἰνέσιος,
1847 4391 1989 4459 ἀνήρ
2013 4404 2099 4451 τις

515 4477 810 4545 ἀξιόλογος,
834 4478 928 4530 καί⁵
951 4479 1016 4547 τῇ
1047 4477 1277 4546 ἀσκήσει
1306 4473 1633 4544 διαπρέψας.

1091 4560 1137 4611 Κ
1148 4559 1343 4611 ΕΦΑΛ.
1391 4557 1518 4610 ΡΗ’.

873 4646 1015 4710 Βίος
1060 4644 1401 4697 Εὐστιιθιου
1440 4642 1546 4697 τοῦ
1572 4640 1745 4698 ἀδεᾶ.

589 4730 696 4781 Καὶ
722 4728 1019 4789 Εὐστάθιος
1042 4726 1269 4794 ἀδελφὸς
1300 4724 1493 4778 τούτου
1531 4727 1816 4796 ὁμότιμος,
1845 4724 1941 4777 καὶ
1975 4724 2101 4786 τοὺς

520 4812 713 4875 ἄθλους
744 4813 842 4882 τῆς
876 4811 1021 4865 κατὰ
1066 4811 1303 4880 Χριστὸν
1336 4810 1615 4874 πολιτείας
1665 4810 1932 4875 ἐξανύσας
1964 4826 2103 4879 προ-

524 4899 732 4967 θύμως.

602 4981 727 5033 Ἐπί
768 4980 1023 5034 τοσοῦτον
1060 4981 1117 5033 δὲ
1170 4983 1200 5035 ὁ
1264 4982 1536 5051 μακάριος
1586 4979 1858 5041 Ἐλπίδιος
1903 4979 2104 5048 ἤλασεν

517 5063 808 5128 ἀπαθείας,
855 5066 1184 5133 ταριχεύσας
1218 5064 1281 5118 τὸ
1338 5065 1521 5135 σῶμα,
1557 5064 1633 5128 ὼς
1670 5064 1790 5117 ὅλον
1818 5062 2104 5130 διαφαίνε-

521 5147 644 5199 σθαι
690 5146 857 5200 αὑτοῦ
899 5147 1006 5200 τῶν
1053 5150 1256 5201 ὀστέων
1285 5148 1347 5202 τὸ
1377 5150 1595 5219 πῆγμα.
1646 5148 1877 5217 Φέρεται
1908 5146 1965 5198 δὲ
2008 5144 2103 5197 καὶ

520 5229 679 5283 τοῦτο
713 5233 771 5284 ἐν
822 5233 934 5296 τοῖς
975 5232 1075 5300 τῆς
1123 5233 1324 5302 ἀρετῆς
1384 5231 1551 5285 αὐτοῦ
1582 5231 1916 5302 διηγήμασιν
1954 5228 2105 5298 παρὰ

522 5315 633 5369 τῶν
670 5315 974 5370 σπουδαίων
1011 5315 1176 5370 αὐτοῦ
1214 5316 1494 5387 μαθητῶν,
1534 5317 1616 5369 ὅτι
1660 5318 1717 5369 ἐν
1753 5314 1896 5376 ὅλοις
1930 5314 2104 5366 εῖκοσι

518 5401 682 5452 πέντε
711 5399 888 5453 ἐτεσιν
921 5399 1178 5452 οὐδέποτε
1203 5400 1297 5453 ἐπὶ
1332 5400 1484 5454 δύσιν
1515 5400 1759 5470 ἐστράφη
1787 5440 1801 5462 ,
1834 5398 2012 5452 καίτοι
2039 5416 2104 5465 γε

521 5482 615 5535 τοῦ
649 5483 1039 5553 σπηλαίου-τῆς
1077 5481 1247 5553 θύρας
1279 5484 1360 5545 είς
1403 5483 1463 5536 τὸ
1493 5483 1624 5552 ὕψος
1655 5482 1751 5535 τοῦ
1783 5481 1940 5553 ὅρους
1985 5483 2107 5534 ἐπι-

525 5566 809 5635 κειμένης,
841 5568 963 5620 οὑδέ
1005 5567 1121 5634 μετ’
1154 5567 1423 5637 ἐξαωρίαν
1452 5568 1542 5619 τὸν
1575 5566 1725 5637 ἥλιον
1754 5567 1894 5634 ὑπὲρ
1929 5584 2103 5636 κεφα-

522 5645 620 5716 λῆς
651 5649 843 5703 τούτου
865 5652 1158 5719 γενόμενον
1192 5651 1299 5705 ἴδεν
1322 5650 1454 5704 ποτέ
1475 5651 1615 5703 κατὰ
1638 5651 1789 5703 δύσιν
1821 5651 2102 5715 κλίναντα,

529 5731 651 5782 οὑδὲ
679 5733 807 5797 τοὺς
834 5738 975 5787 κατά
1003 5736 1214 5803 δυσμὰς
1264 5735 1652 5797 ἁνατέλλοντας
1687 5736 1926 5805 ἀστέρας
1974 5737 2105 5789 ποτέ

526 5810 789 5867 ἐθεάσατο
816 5817 875 5869 ἐν
904 5820 1014 5879 τοῖς
1039 5819 1379 5873 εἰκοσιπέντε
1408 5818 1606 5872 ἐτεσιν.
1659 5820 1825 5881 Ουτος
1862 5820 1893 5871 ὀ
1930 5820 2104 5888 μέγας

2192 1943 2253 1996 τὸ
2280 1940 2547 2010 καρτερὸν
2570 1939 2677 1991 τῶν
2710 1939 2808 2007 τῆς
2849 1938 3136 2007 ἀσκήσεως
3171 1940 3369 2003 πόνων,
3424 1942 3507 2004 εἰς
3539 1940 3768 2010 ὕστερον

2191 2022 2346 2089 οὗτος
2399 2027 2645 2095 μνήματι
2690 2023 2885 2076 ἐαυτὸν
2909 2023 3283 2093 ἐγκαθεῖρξεν.
3328 2024 3629 2094 Ἐπΐτρία
3669 2026 3767 2096 ἐτη

2198 2113 2413 2175 σταθεὶς
2441 2112 2499 2163 ἐν
2537 2110 2615 2178 τῷ
2650 2108 2919 2179 μνήματι,
2952 2109 3009 2161 ἐν
3043 2110 3377 2178 προσευχαῖς
3413 2109 3658 2175 διετέλει,
3692 2110 3771 2180 μὴ

2195 2198 2435 2266 νύκτωρ,
2478 2193 2551 2264 μὴ
2591 2192 2709 2262 μεθ’
2754 2192 2989 2262 ἡμέραν,
3030 2192 3104 2262 μὴ
3159 2193 3409 2255 καθίσας,
3447 2193 3524 2263 μὴ
3563 2195 3773 2246 ἀναπε-

2198 2282 2327 2346 σὼν,
2370 2281 2444 2351 μὴ
2504 2278 2725 2348 βαδίσας
2764 2276 2887 2340 ἔξω.
2938 2269 3110 2338 Οὗτος
3144 2274 3456 2345 κατηξιώθη
3495 2277 3772 2346 χαρίσμα-

2196 2381 2286 2426 τος
2307 2360 2449 2415 κατὰ
2468 2360 2758 2429 δαιμόνων.
2804 2359 2943 2413 Νυνὶ
2981 2359 3038 2411 δὲ
3076 2358 3383 2412 ἐπανελθὼν
3408 2360 3498 2410 ἐπὶ
3533 2361 3635 2425 τὴν
3667 2377 3774 2412 πα-

2197 2447 2352 2517 τρίδα
2385 2444 2593 2514 ἠξιώθη
2616 2441 3036 2514 πρεσϐυτερίου,
3076 2440 3403 2510 συναγαγὼν
3434 2441 3773 2510 ἀδελφότητα

2196 2530 2406 2599 ἀνδρῶν
2437 2544 2495 2579 τε
2520 2528 2615 2580 καὶ
2640 2523 2937 2593 γυναικῶν,
2962 2527 3028 2598 τῇ
3066 2525 3337 2596 μαρτυρίᾳ
3356 2527 3455 2594 τῆς
3480 2525 3771 2590 ἀπαθείας,

2197 2614 2285 2668 διά
2317 2613 2416 2683 τῆς
2447 2610 2654 2683 σεμνῆς
2684 2608 2979 2673 πολιτείας,
3012 2609 3110 2662 καὶ
3147 2607 3209 2661 τὸ
3237 2608 3429 2661 ἐαυτοῦ
3466 2609 3634 2680 ἄρρεν
3670 2613 3775 2679 τῆς

2197 2696 2496 2766 ἐπιθυμίας
2536 2694 2756 2757 ἐλάσας,
2815 2691 2911 2745 καὶ
2949 2690 3009 2743 τὸ
3047 2690 3156 2744 τῶν
3209 2691 3481 2759 γυναικῶν
3524 2691 3656 2759 θῆλυ
3702 2693 3772 2761 τῇ

2197 2778 2498 2850 ἐγκρατείᾳ
2549 2774 2826 2847 φιμώσας,
2858 2775 2933 2838 ώς
2979 2772 3321 2844 πληροῦσθαι
3354 2774 3414 2826 τὸ
3450 2776 3776 2843 γεγραμμέο

2197 2882 2286 2918 νον
2310 2881 2322 2893 ·
2357 2866 2416 2917 ἐν
2463 2859 2693 2932 Χριστῷ
2730 2857 2907 2928 Ἰησοῦ
2952 2860 3054 2913 οὑκ
3084 2858 3232 2912 ἐστιν
3279 2858 3443 2929 ἄρσεν
3482 2860 3576 2911 καὶ
3615 2859 3772 2927 θῆλυ.

2201 2949 2387 3001 Ἔστιν
2420 2946 2478 2999 δέ
2513 2945 2610 2999 καὶ
2636 2941 2911 3013 φιλόξενος
2961 2942 3083 2997 καθ’
3117 2942 3442 3013 ὑπερϐολήν,
3476 2942 3683 3012 καίπερ
3704 2942 3775 2995 ὣν

2198 3032 2488 3101 ἀκτήμων,
2516 3029 2598 3092 εἰς
2627 3028 2849 3098 ἔλεγχον
2877 3026 2987 3078 τῶν
3021 3026 3373 3097 ἀμεταδότων
3394 3026 3689 3079 πλουσίων.

2791 3109 3045 3164 ΚΕΦΑΛ.
3077 3109 3180 3163 Pl'.

2746 3196 2888 3263 Περί
2916 3191 3223 3249 Γαδὸανᾶ.

2269 3283 2488 3350 Ἐγνων
2535 3278 2648 3351 ἐγὼ
2698 3278 2937 3351 γέροντά
2966 3294 3094 3332 τινα
3139 3274 3493 3330 Παλαιστῖνον
3536 3274 3773 3327 hama

2194 3369 2420 3437 ὀνόματι
2442 3382 2456 3397 ·
2497 3364 2557 3428 ὃς
2602 3365 2692 3418 τὸν
2744 3365 2977 3430 ἄστεγον
3021 3361 3185 3430 ἔζησε
3216 3359 3330 3429 βίον
3354 3358 3446 3411 τὸν
3475 3360 3651 3413 πάντα
3675 3358 3770 3427 τῆς

2196 3454 2342 3523 ζωῆς
2357 3449 2524 3505 αὐτοῦ
2541 3454 2752 3521 χρόνον,
2767 3465 2791 3500 ε
2802 3448 2847 3510 ίς
2862 3448 2990 3510 τοὺς
3009 3464 3077 3500 πε
3083 3448 3137 3518 ρὶ
3153 3446 3244 3498 τὸν
3260 3444 3531 3515 Ἰορδάνην
3558 3445 3759 3505 τόπους.

2195 3536 2384 3605 Τούτῳ
2405 3535 2535 3589 ποτέ
2556 3532 2634 3603 τῷ
2660 3532 2915 3602 μακαρίῳ
2934 3531 3172 3602 ἐρημίτῃ
3188 3529 3426 3583 Ἰουδαῖοι
3445 3528 3575 3581 κατὰ
3608 3524 3759 3593 ζῆλον

2197 3618 2516 3689 ἐπιθέμενοι
2546 3620 2603 3670 ἐν
2630 3619 2744 3678 τοῖς
2771 3617 2901 3685 περί
2933 3618 3031 3685 τὴν
3052 3613 3268 3685 Νεκράν
3280 3612 3755 3670 θάλασσαντόποις.

2197 3704 2350 3771 ξίφος
2378 3700 2766 3771 γυμνώσαντες
2790 3698 2911 3755 κατ’
2934 3699 3101 3753 αὐτοῦ
3126 3698 3358 3769 ἐπῆλθον
3375 3697 3541 3766 αὐτῷ.
3575 3695 3769 3762 Συνέϐη

2192 3787 2251 3839 δέ
2265 3784 2452 3855 θαῦμα
2466 3784 2707 3838 τοιοῦτον
2724 3783 2996 3851 γενέσθαι·
3016 3782 3105 3834 Ἐν
3122 3780 3269 3851 τῷτὺ
3282 3781 3435 3848 ξίφος
3446 3781 3471 3832 ἐ
3481 3782 3670 3849 πᾶραι,
3686 3780 3775 3828 καὶ

2196 3869 2523 3940 βουληθῆναι
2539 3868 2742 3920 σπᾶσαι
2761 3867 2901 3919 κατὰ
2915 3865 3008 3918 τοῦ
3024 3864 3261 3918 Γαδδανᾶ
3273 3864 3361 3916 τὸν
3378 3864 3595 3930 ὄλεθρον
3624 3902 3638 3926 ,
3675 3863 3776 3913 ἀπο

2193 3954 2465 4024 ιξηράνθη
2489 3954 2523 4023 ή
2544 3952 2663 4022 χεὶρ
2683 3950 2776 4003 τοῦ
2799 3950 2860 4002 τὸ
2879 3948 3030 4017 ξίφος
3046 3949 3381 4017 κατέχοντος·
3402 3947 3669 4001 καὶτοῦτο
3684 3944 3775 3998 ἀπ’

2197 4036 2365 4089 αὑτοῦ
2391 4035 2739 4106 ἀναισθήτως
2768 4031 3249 4101 κατέπεσεν.Αῦτη
3277 4033 3311 4101 ή
3332 4030 3481 4101 παρά
3496 4028 3631 4082 Θεοῦ
3653 4030 3780 4098 βοήο

2195 4119 2316 4173 θεια
2347 4118 2635 4189 σύμμαχος
2658 4116 2881 4185 γέγονεν
2910 4115 3003 4169 τοῦ
3033 4117 3189 4184 ἀγίου
3224 4113 3482 4178 Γαδδανᾶ,
3521 4113 3612 4166 καὶ
3645 4112 3781 4180 αῦτη

2196 4204 2231 4272 ή
2265 4201 2439 4273 ἀρετὴ
2473 4201 2568 4254 τοῦ
2594 4199 2873 4271 μακαρίου
2902 4198 3094 4269 ἀνδρὸς
3127 4199 3231 4267 ἓως
3257 4198 3360 4263 ἔξω
3387 4196 3479 4249 τοῦ
3511 4195 3648 4267 βίου.

2768 4298 3020 4354 ΚΕΦΑΔ.
3068 4299 3221 4353 ΡΙΑ’.

2802 4382 2945 4451 Περί
2985 4384 3179 4438 Ἠλία.

2289 4466 2475 4530 Ἠλίας
2504 4466 2667 4522 πάλιν
2696 4466 2926 4537 ὀνόματι
2962 4468 3219 4539 μονάζων
3264 4467 3699 4539 εὐδοκιμώτατος
3729 4466 3787 4519 ἐν

2133 4536 2178 4591 Ῑ)
2207 4554 2317 4615 τοῖς
2354 4552 2538 4627 αὐτοῖς
2562 4552 2751 4613 τόποις
2788 4536 2846 4603 ἐν
2893 4536 3144 4621 σπηλαίῳ
3168 4553 3427 4622 κατῴκει,
3452 4536 3786 4622 σεμνοτάτου

2211 4640 2302 4690 καὶ
2356 4637 2620 4706 ἐνθέσμου
2671 4634 2789 4705 βίου
2844 4636 3131 4706 ὑπάρχων,
3160 4638 3234 4705 τῇ
3255 4637 3561 4706 ἐγκρατείᾳ
3596 4640 3688 4688 καί
3722 4636 3787 4704 τῇ

2210 4721 2342 4791 εὐχῇ
2371 4722 2751 4789 προσανεῖχεν,
2778 4718 3113 4788 φιλοφρόνως
3128 4719 3338 4782 πάντας
3357 4718 3644 4790 ξενοδοχῶν
3664 4722 3788 4778 τοὺς

2211 4803 2705 4872 παραγινομένους.
2757 4803 2905 4864 Μιᾶς
2956 4798 3050 4854 οὐν
3104 4802 3211 4854 τῶν
3258 4803 3485 4873 ἡμερῶν
3545 4800 3789 4868 ἀδελφῶν

2212 4887 2365 4957 αὑτῷ
2382 4886 2806 4955 ἐπεληλυθότων
2828 4885 3101 4939 πλειόνων
3148 4881 3235 4954 (ἦν
3284 4888 3393 4956 γὰρ
3440 4886 3676 4953 πάροδος
3722 4883 3790 4934 δι’

2213 4971 2402 5041 αὐτοῦ)
2434 4970 2667 5039 ἐλείφθη
2723 4971 2904 5039 ἀρτων
2932 4985 2946 4999 ·
3014 4972 3109 5022 καὶ
3165 4968 3525 5039 διομνύμενος
3572 4967 3789 5019 ἔπεισεν

2212 5056 2383 5126 ἡμᾶς,
2416 5056 2501 5108 ὅτι
2547 5054 2686 5123 Πίκρ⁸
2717 5054 2899 5121 ὀλίγον
2942 5052 3322 5126 ἐλιποθύμησα
3350 5055 3442 5104 ἐπὶ
3481 5055 3550 5123 τῇ
3594 5051 3791 5104 σπάνει

2209 5124 2321 5193 τῶν
2343 5138 2587 5210 τροφῶν.
2619 5137 2894 5191 Εἰσελθὼν
2917 5136 3011 5190 οῦν
3039 5139 3098 5190 ἐν
3128 5124 3207 5208 τῷ
3237 5136 3435 5208 κελλίῳ
3463 5137 3601 5190 πάνυ
3634 5136 3793 5205 περί-

2210 5224 2383 5285 λυπος
2408 5223 2467 5274 τὸ
2502 5221 2619 5285 πῶς
2656 5222 2736 5283 εἰς
2765 5221 2890 5283 τοὺς
2936 5221 3415 5291 παραγενομένους
3445 5219 3581 5288 πρός
3634 5236 3704 5289 με
3736 5217 3795 5270 τὸ

2154 5386 2159 5393 ⁵
2210 5310 2311 5379 τῆς
2342 5309 2563 5377 ἀγάπης
2592 5307 2791 5377 μέτρον
2819 5305 3228 5376 ἀποπληρώσω,
3248 5299 3406 5375 εὖρον
3426 5305 3573 5374 τρεῖς
3595 5305 3799 5373 ἄρτους
3902 5326 3903 5329 η

2215 5393 2486 5463 μεγάλους
2516 5392 2742 5461 νεαροὺς
2773 5391 3081 5459 κειμένους,
3111 5388 3204 5452 οὒς
3228 5389 3408 5443 λαϐὼν
3427 5388 3625 5458 χαίρων
3656 5405 3802 5457 παρ-

2214 5481 2411 5550 έθηκα.
2442 5478 2553 5531 Καὶ
2610 5479 2891 5543 φαγόντων
2922 5479 3000 5536 είς
3029 5476 3189 5544 κόρον
3228 5477 3401 5527 εἴκοσι
3432 5471 3639 5541 ἀνδρῶν
3671 5473 3801 5521 ἐπε-

2217 5565 2498 5635 ρίσσευσεν
2528 5563 2556 5615 δ
2591 5559 2673 5624 εἷς
2698 5560 3066 5631 ἄρτος.“Αρας
3089 5558 3180 5610 οῦν
3211 5558 3398 5610 τοῦτον
3422 5553 3528 5623 ἐγὼ
3554 5552 3795 5623 ίὲχρησεξ.³

2220 5667 2331 5719 μην
2365 5649 2459 5700 ἐπὶ
2482 5650 2697 5718 ἡμέρας
2727 5649 2899 5699 εἴκοσι
2923 5646 3104 5698 πέντε.
3123 5643 3269 5712 Αὐτη
3289 5644 3321 5711 ή
3343 5646 3497 5710 χάρις
3532 5639 3665 5709 μετά
3705 5635 3798 5688 τοῦ

2214 5733 2493 5802 φιλοξένου
2515 5732 2736 5800 γέγονεν
2753 5723 2994 5795 Ἠλία,οὑ’
3014 5729 3067 5779 αἰ
3084 5726 3310 5797 ἀμοιϐαὶ
3327 5725 3432 5777 τῶν
3448 5724 3616 5775 πόνων
3637 5720 3793 5789 παρά

2213 5817 2288 5887 τῷ
2309 5814 2682 5887 φιλανθρώπῳ
2710 5809 3420 5887 Δεσπότῃεύτρεπιζόμεναι
3434 5808 3791 5878 ὑπάρχουσιν.
