4028 6422
337 418 475 474 1215

312 626 651 683 ,ᾶεᾱαοεηιθε
680 636 800 674 eum
836 621 903 672 ad
926 619 1279 687 cognitionem
1324 630 1435 669 sua:
1488 612 1888 677 imbecillitatis,

332 715 540 769 illusum
569 729 597 766 a
627 714 869 767 daemone
896 711 1179 778 superbiae,
1207 718 1255 763 et
1288 707 1486 762 sanctis
1517 709 1761 776 precibus
1785 707 1896 762 suis

332 804 384 859 in
413 803 691 872 pristinam
715 803 835 856 vitae
860 800 1196 854 sanctitatem
1226 798 1589 853 restituerunt.

925 908 1147 964 CAPUT
1175 907 1305 962 CVI.

826 1023 939 1078 Vita
967 1024 1157 1076 abbatis
1187 1021 1401 1090 Elpidii.

400 1138 459 1192 In
488 1134 917 1190 Amorrlueornm
962 1132 1230 1200 speluncis
1260 1145 1379 1200 quae
1424 1138 1550 1184 sunt
1575 1130 1629 1183 in
1660 1128 1896 1194 Jericho,

328 1241 464 1294 quas
493 1226 618 1277 olim
654 1230 1065 1277 construxerant
1093 1221 1352 1290 fugientes
1399 1219 1580 1274 Jesum
1612 1219 1773 1285 Nave,
1811 1220 1899 1288 qui

334 1330 457 1370 tunc
502 1314 850 1383 populabatur
894 1314 1238 1381 alienigenas,
1286 1313 1337 1365 in
1388 1320 1567 1366 monte
1614 1312 1755 1364 Luca
1804 1310 1903 1364 fuit

328 1409 544 1476 quidam
588 1409 844 1475 Elpidius,
898 1407 1183 1475 Cappadox
1222 1422 1439 1476 genere,
1490 1417 1670 1474 postea
1724 1418 1901 1462 autem

332 1493 577 1566 dignatus
621 1500 992 1568 presbyteratu
1025 1497 1337 1551 monasterii
1366 1497 1505 1565 quod
1543 1497 1653 1551 illic
1682 1508 1792 1559 est,
1826 1496 1903 1549 fa-

332 1598 451 1643 ctus
480 1605 510 1642 a
541 1589 818 1642 Timotheo
848 1588 1228 1654 chorepiscopo
1252 1587 1618 1652 Cappadociae,
1651 1587 1767 1639 viro
1795 1587 1905 1638 suf-

335 1681 714 1734 ficientissimo.
763 1680 810 1733 Is
858 1677 1115 1732 habitavit
1161 1680 1211 1730 in
1260 1678 1486 1745 quadam
1532 1676 1802 1742 spelunca,
1844 1683 1901 1727 et

337 1781 535 1827 tantam
590 1774 639 1826 in
687 1772 1068 1826 exercitatione
1114 1769 1345 1824 ostendit
1397 1766 1801 1827 continentiam,
1846 1773 1905 1818 ut

1613 414 1931 471 HISTORIA
1970 412 2331 470 LAUSIACA.

331 544 380 588 ct
411 531 576 600 magis
609 529 1020 595 indifferentem,
1071 536 1325 582 curarunt
1375 541 1496 580 eum
1544 540 1573 577 a
1618 524 1887 590 superbia,
1920 525 1971 582 Α

3424 422 3560 477 I2”

2582 523 2806 582 CAPUT
2838 526 2978 583 CIX.

2471 614 2590 668 Vita
2615 618 2807 671 abbatis
2836 619 3072 674 Sisinnii.

2072 701 2237 771 llujus
2261 701 2549 771 discipulus
2577 706 2836 761 Sisinuius
2859 710 3093 773 nomine,
3116 711 3200 779 qui
3230 712 3421 777 prodiit
3442 714 3566 783 qui-

1998 791 2117 847 dem
2140 808 2205 847 ex
2234 796 2420 848 servili
2445 796 2680 862 fortuna;
2706 798 2808 851 ﬁde
2838 807 3014 853 autem
3040 800 3193 865 liber,
3213 818 3405 871 genere
3429 805 3565 872 Cap-

2000 883 2191 952 padox.
2236 884 2457 953 Oportet
2496 888 2637 940 enim
2683 903 2873 956 genera
2907 905 3118 959 quoque
3157 894 3455 959 significare
3499 895 3565 948 ad

1998 976 2217 1043 gloriam
2247 976 2444 1029 Christi
2472 979 2558 1046 qui
2590 993 2686 1032 nos
2710 979 2882 1033 reddit
2910 982 3081 1035 claros
3111 998 3327 1051 genere,
3359 1000 3563 1053 nosque

2002 1064 2212 1120 deducit
2238 1067 2303 1120 ad
2336 1068 2543 1121 beatam
2572 1080 2626 1123 et
2665 1085 2844 1124 veram
2876 1073 3229 1139 nobilitatem,
3262 1092 3449 1145 nempe
3477 1093 3565 1134 re—

2001 1172 2160 1224 gnum
2183 1160 2461 1213 cmlorum.
2491 1161 2587 1216 Hic
2615 1176 2735 1216 cum
2770 1164 2953 1219 fuisset
2978 1167 3133 1233 longo
3162 1176 3403 1236 tempore
3424 1172 3565 1237 apud

2001 1246 2213 1301 beatum
2246 1249 2507 1316 Elpidium
2538 1253 2673 1305 acris
2701 1254 2898 1307 athleta
2933 1256 3184 1309 virtutum
3223 1261 3563 1314 exercitatio-

2004 1336 2106 1399 nis,
2137 1350 2192 1390 ut
2222 1340 2311 1406 qui
2340 1353 2429 1391 sex
2454 1340 2541 1393 vel
2564 1350 2766 1407 septem
2796 1343 2951 1395 annis
2973 1344 3241 1399 didicisset
3268 1348 3364 1401 viri
3394 1350 3562 1403 virtu-

2004 1432 2102 1485 tes.
2127 1436 2181 1479 et
2211 1425 2568 1481 fortitudinem
2587 1429 2824 1483 laborum
2855 1432 2905 1484 in
2934 1434 3330 1496 exercitatione,
3352 1435 3398 1489 is
3423 1445 3566 1503 post-

2002 1530 2064 1568 ea
2100 1517 2330 1584 seipsum
2358 1520 2565 1571 inclusit
2592 1522 2935 1576 monimento.
2971 1524 3025 1577 In
3059 1540 3124 1579 eo
3163 1536 3337 1579 autem
3369 1532 3568 1583 consti-

2004 1612 2147 1658 tutus
2200 1611 2311 1660 tres
2381 1618 2590 1666 annos,
2666 1610 3037 1674 perseveravit
3089 1610 3142 1665 in
3207 1618 3564 1687 orationibus,

2005 1706 2108 1745 non
2138 1704 2317 1758 noctu,
2343 1712 2446 1748 non
2483 1699 2709 1752 interdiu
2730 1700 2942 1766 sedens,
2969 1718 3073 1756 non
3094 1707 3430 1772 accumbens,
3461 1728 3566 1765 non

2006 1780 2145 1834 foras
2181 1784 2479 1852 egrediens.
2536 1789 2582 1842 ls
2621 1799 2892 1845 assecutus
2937 1806 3018 1846 est
3056 1797 3277 1863 gratiam
3313 1801 3569 1857 adversus

337 1879 522 1918 omnes
543 1864 871 1917 obscuraret.
906 1862 1211 1916 Vixitenim
1242 1860 1421 1928 viginti
1453 1860 1686 1926 quinque
1708 1872 1895 1917 annos,
1931 1886 1978 1944 Β
2005 1873 2292 1928 άωωοηθε,
2325 1877 2475 1931 Nunc
2504 1891 2679 1933 autem
2722 1897 2967 1937 reversus
3005 1860 3339 1956 in'pamam’
3379 1893 3571 1961 dignus

338 1968 555 2007 vesceris
597 1953 768 2005 solum
813 1949 1060 2006 Sabbatis
1098 1957 1153 2003 et
1197 1948 1516 2009 Dominicis;
1549 1957 1694 1999 stans
1722 1958 1899 1997 autem

335 2056 475 2100 totas
500 2056 680 2099 noctes
708 2045 978 2099 cantabat.
1009 2042 1178 2107 Quem
1210 2041 1347 2094 sicut
1372 2053 1497 2106 apes
1522 2052 1698 2105 regem
1724 2052 1901 2098 suum,

334 2137 409 2190 ita
448 2138 720 2191 innumera
754 2133 1033 2187 multitudo
1075 2132 1293 2184 fratrum
1321 2140 1526 2191 secuta,
1562 2128 1711 2180 illum
1752 2141 1905 2178 mon-

334 2236 445 2280 tem
485 2224 765 2277 aidillcavit
798 2240 811 2273 :
844 2223 1142 2287 licebatque
1191 2220 1296 2272 illic
1338 2220 1523 2273 videre
1552 2217 1687 2285 apud
1720 2231 1908 2269 unum-

336 2329 605 2384 quemque
644 2315 886 2368 diveisos
928 2312 1115 2366 modos
1145 2315 1265 2364 vita:
1308 2308 1732 2363 exercitationis.
1762 2308 1908 2359 llunc

336 2409 625 2477 aliquando
669 2405 959 2474 Elpidium,
1009 2413 1062 2456 et
1112 2418 1235 2457 vere
1266 2402 1551 2468 Elpidium,
1585 2402 1672 2467 qui
1723 2414 1908 2452 revera

332 2515 436 2569 spe
473 2499 752 2569 gaudebat,
794 2506 846 2551 et
889 2502 1107 2564 prepter
1148 2492 1417 2547 Christum
1459 2490 1750 2543 sustinebat
1775 2489 1909 2541 afﬂi-

340 2593 599 2654 ctionem,
630 2599 788 2643 noctu
812 2587 1125 2656 psallentem
1149 2584 1299 2638 nobis
1323 2598 1424 2636 una
1448 2597 1566 2635 cum
1596 2596 1659 2632 eo
1683 2580 1909 2647 psallen-

340 2687 504 2745 tibus,
537 2681 755 2750 pupugit
780 2677 1020 2743 scorpius
1052 2692 1065 2728 :
1104 2690 1260 2745 quem
1301 2688 1421 2727 cum
1454 2675 1708 2726 calcasset
1738 2682 1907 2735 stans,

343 2791 448 2829 non
477 2773 697 2827 mutavit
728 2771 963 2824 habitum
994 2768 1230 2835 corporis
1264 2784 1277 2830 ;
1310 2776 1451 2818 tanta
1481 2764 1753 2817 tolerantia
1788 2761 1908 2814 nul-

343 2868 448 2926 l-im
493 2866 641 2917 duxit
686 2863 944 2916 rationem
993 2860 1192 2913 doloris
1238 2874 1393 2926 quem
1428 2856 1615 2909 inussit
1645 2852 1905 2916 scorpius.

348 2964 514 3018 Porro
536 2968 712 3015 autem
744 2968 860 3011 cum
900 2952 1129 3026 quodam
1156 2950 1244 3009 die
1271 2947 1487 3025 quidam
1517 2947 1679 3007 frater
1706 2959 1912 3005 teneret

347 3056 571 3108 frustum
603 3050 855 3105 sarmenti
890 3047 1065 3122 (154),
1093 3048 1142 3101 id
1190 3047 1394 3112 accepit
1428 3056 1640 3098 sanctus
1676 3044 1800 3097 dum
1828 3057 1912 3097 se-

346 3146 497 3199 deret
519 3147 568 3197 in
588 3142 823 3211 margine
846 3141 1062 3200 montis.
1085 3151 1137 3195 et
1159 3138 1344 3192 infudit
1368 3146 1614 3205 tanquam
1639 3136 1908 3204 plantans,

2003 1973 2085 2016 est
2115 1964 2323 2018 habitus
2356 1969 2752 2037 presbyteratu;
2783 1973 2849 2025 ab
2875 1988 2939 2026 eo
2980 1975 3199 2029 collecta
3241 1977 3569 2037 fraternitate

2012 2056 2252 2108 virorum
2281 2067 2334 2109 et
2363 2058 2665 2121 mulierum,
2696 2060 2817 2114 dato
2843 2063 3145 2115 testimonio
3171 2065 3571 2132 impatibilitatis

2011 2162 2103 2213 per
2134 2148 2411 2203 honestam
2443 2152 2564 2204 vitaz
2593 2152 2996 2219 institutionem,
3022 2164 3076 2208 et
3098 2160 3326 2211 mascula
3352 2164 3571 2226 expulsa

2006 2239 2423 2306 straeupiditate,
2453 2249 2507 2295 et
2531 2240 2845 2296 feminarum
2878 2246 3098 2299 mollitie
3130 2250 3416 2303 constricta
3447 2267 3575 2305 con-

2009 2329 2261 2392 tinentia,
2311 2331 2445 2384 adeo
2487 2340 2542 2383 ut
2576 2331 2859 2399 impleatur
2895 2335 3034 2403 quod
3074 2335 3330 2403 scriptum
3359 2351 3481 2395 est:
3516 2343 3572 2396 In

2010 2417 2221 2471 Christo
2246 2419 2370 2471 Jesn
2396 2436 2497 2472 non
2522 2424 2885 2475 estmasculus
2908 2433 2962 2476 et
2982 2427 3203 2491 femina;
3236 2445 3338 2480 non
3360 2440 3441 2483 est
3463 2446 3574 2485 ser-

2010 2523 2127 2572 vus,
2154 2525 2250 2564 nec
2280 2510 2407 2563 liber
2437 2509 2632 2579 (Calai.
2660 2514 2760 2580 ιι).
2788 2515 2877 2567 Est
2907 2526 3078 2571 autem
3112 2521 3268 2572 etiam
3300 2522 3575 2588 insigniter

2011 2595 2307 2665 hospitalis,
2340 2602 2439 2653 etsi
2483 2613 2659 2655 careat
2690 2606 3133 2674 possessionibus,
3168 2610 3220 2661 in
3251 2613 3570 2678 vituperium

2008 2683 2228 2740 divitum
2258 2689 2344 2757 qui
2376 2689 2591 2744 minime
2618 2692 3009 2759 impertiuntur.

2612 2778 2835 2836 CAPUT
2874 2784 2985 2838 CX.

2394 2867 2511 2921 Vita
2541 2870 2734 2924 abbatis
2758 2872 3007 2929 Gaddatta
3036 2876 3204 2946 (I57).

2081 2954 2214 3013 Novi
2257 2972 2355 3029 ego
2398 2973 2579 3016 senem
2627 2963 2909 3031 quemdam
2965 2965 3302 3024 Palte‘stinum
3358 2986 3577 3041 genere.

2013 3050 2320 3106 Caddanam
2355 3056 2589 3119 nomine,
2626 3058 2725 3124 qui
2758 3067 2866 3110 toto
2894 3059 3013 3110 vitae
3044 3074 3152 3115 sua:
3182 3069 3421 3129 tempore
3450 3066 3581 3118 vixit

2014 3146 2391 3213 absquetecto,
2419 3146 2548 3199 vixit
2570 3155 2745 3201 autem
2776 3150 2915 3203 circa
2935 3149 3243 3205 Jordanem.
3275 3151 3422 3207 Hnnc
3455 3155 3579 3208 bea-

347 3237 444 3291 etsi
476 3250 588 3289 non
629 3241 773 3288 esset
828 3242 1070 3299 tempus;
1116 3243 1286 3297 usque
1321 3228 1453 3281 adeo
1503 3238 1675 3278 autem
1720 3225 1906 3286 crevit,
1934 3235 1980 3296 (ζ
2015 3243 2123 3285 tum
2155 3235 2449 3300 cremitam,
2487 3252 2606 3289 cum
2630 3236 2797 3291 Judaei
2830 3240 2958 3292 moti
2987 3240 3344 3306 :emulatione,
3373 3241 3424 3295 in
3455 3242 3584 3296 locis

345 3338 403 3382 et
433 3337 536 3380 tam
576 3324 749 3394 ampla
794 3324 915 3378 vitis
954 3323 1141 3387 evasit,
1186 3328 1243 3375 ut
1291 3327 1490 3390 tegeret
1532 3328 1692 3372 totam
1743 3318 1914 3372 eccle-

346 3419 503 3472 siam.

936 3479 1164 3537 CAPUT
1202 3479 1355 3534 CVII.

885 3590 1001 3645 Vita
1038 3592 1232 3644 abbatis
1262 3589 1491 3644 Ennii.

417 3704 549 3758 Cum
590 3704 691 3757 hoc
722 3711 911 3756 sancto
946 3702 1040 3755 Dei
1074 3702 1269 3755 athleta
1313 3716 1412 3755 una
1452 3702 1611 3755 etiam
1657 3700 1753 3754 fuit
1790 3715 1915 3755 con-

342 3805 641 3850 summotus
692 3794 917 3864 inclytus
968 3793 1062 3849 Dei
1099 3807 1283 3847 servus
1320 3791 1609 3854 Enesius,
1668 3793 1748 3844 vir
1801 3807 1915 3845 ma-

344 3904 466 3960 gnae
492 3887 928 3953 existimationis,
969 3897 1021 3940 et
1046 3889 1135 3954 qui
1177 3886 1273 3939 fuit
1310 3884 1533 3953 insignis
1564 3884 1615 3937 in
1654 3883 1916 3937 exercita-

343 3992 513 4037 "one'
909 4044 1134 4101 CAPUT
1169 4044 1346 4100 cvm.

709 4158 827 4212 Vita
865 4158 1059 4210 abbatis
1096 4156 1355 4211 Eustathii
1393 4154 1562 4226 (I55).

418 4271 491 4324 Et
539 4269 654 4337 ejus
706 4267 866 4322 frater
924 4266 1233 4321 Eustathius
1296 4265 1344 4318 ei
1400 4264 1604 4317 honore
1663 4261 1914 4331 mqualis,

336 4371 699 4433 prnmptoque
736 4370 789 4413 et
826 4358 987 4411 alacri
1037 4360 1216 4411 animo
1261 4369 1525 4410 exercens
1583 4356 1708 4409 vita:
1744 4363 1918 4409 certa-

339 4468 513 4508 Illlﬂa.

2017 3338 2136 3390 quae
2175 3334 2297 3377 sunt
2336 3327 2475 3380 circa
2508 3342 2656 3380 mare
2698 3328 2958 3381 Mortuum
2980 3328 3168 3392 adorti,
3196 3332 3385 3384 stricto
3409 3332 3586 3399 gladio

2017 3414 2360 3478 invasissent,
2402 3417 2595 3470 accidit
2638 3427 2693 3470 ut
2729 3418 2831 3472 tale
2879 3418 3027 3472 fieret
3062 3421 3393 3474 miraculum.
3447 3420 3581 3475 Dum

2016 3522 2199 3559 ensem
2221 3508 2520 3573 extolleret,
2542 3519 2596 3561 et
2614 3509 2773 3561 vellet
2796 3508 3064 3562 Gaddante
3082 3509 3269 3564 afferre
3290 3512 3580 3575 interitum,

2016 3597 2279 3651 exsiccata
2309 3609 2390 3651 est
2420 3614 2606 3653 manus
2631 3598 2748 3666 ejus
2788 3598 2875 3666 qui
2907 3615 3091 3653 ensem
3141 3602 3389 3670 tenebat,
3437 3604 3585 3671 isque

2015 3686 2091 3741 illi
2120 3688 2188 3740 ita
2219 3688 2410 3742 cecidit
2454 3698 2510 3740 ut
2539 3704 2644 3741 non
2674 3690 2918 3743 sentiret.
2950 3690 3059 3744 Hoc
3105 3692 3355 3745 auxilium
3404 3707 3435 3744 a
3476 3694 3587 3749 Deo

2018 3777 2179 3832 latum
2202 3788 2283 3831 est
2306 3778 2459 3832 beato
2483 3778 2758 3845 Gaddana,
2791 3789 2847 3835 et
2876 3782 2988 3835 haec
3011 3786 3178 3837 victus
3206 3783 3344 3837 beati
3373 3784 3474 3839 viri
3497 3799 3589 3841 us-

2016 3885 2121 3939 que
2146 3870 2209 3923 ad
2233 3870 2393 3924 finem
2426 3874 2567 3926 vitae.

2605 3963 2830 4020 CAPUT
2868 3964 3006 4019 CXI.

2537 4076 2658 4130 Vita
2682 4078 2879 4132 abbatis
2913 4077 3059 4131 Elim.

2087 4186 2291 4243 Rursus
2319 4188 2530 4257 quidam
2576 4190 2714 4242 Elias
2745 4189 3038 4244 monachus
3068 4190 3492 4256 probatissimus,
3524 4191 3581 4247 in

2018 4277 2204 4331 iisdem
2229 4278 2357 4331 locis
2384 4279 2648 4333 habitabat
2679 4281 2727 4332 in
2758 4280 3009 4348 spelunca
3034 4297 3048 4345 ;
3074 4289 3125 4333 et
3151 4295 3270 4334 cum
3297 4291 3439 4335 esset
3465 4282 3588 4335 vitae

2020 4367 2409 4423 honestissima:
2432 4377 2487 4422 et
2533 4370 2584 4422 in
2616 4371 2798 4436 primis
2845 4370 3130 4440 religiosae,
3176 4374 3395 4425 vacabat
3423 4373 3592 4427 conti-

2022 4460 2217 4511 nentiae
2245 4467 2298 4513 et
2325 4459 2573 4524 orationi,
2602 4474 2786 4512 omnes
2823 4460 3164 4514 advenientes
3194 4461 3415 4531 benigne
3445 4464 3589 4518 exci-

418 4546 496 4598 lSo
524 4551 699 4594 autem
726 4539 986 4609 processit
1023 4540 1209 4593 beatus
1250 4536 1489 4605 Elpidius
1529 4536 1911 4602 impatibilitate

2028 4550 2195 4615 piens.
2228 4549 2465 4614 Quodam
2507 4564 2633 4620 ergo
2677 4552 2763 4605 die
2814 4567 2931 4604 cum
2962 4554 3262 4620 complures
3306 4556 3494 4608 fratres
3525 4553 3592 4609 ad

340 4647 541 4701 corpus
569 4643 865 4694 macerans,
892 4638 947 4681 ut
972 4636 1078 4682 tota
1104 4626 1221 4695 ejus
1246 4625 1398 4696 (156)
1425 4624 1623 4679 ossium
1652 4634 1915 4679 structura

341 4724 630 4797 perspicue
656 4731 881 4790 pateret.
925 4720 1115 4775 Fertur
1143 4729 1319 4773 autem
1364 4719 1461 4772 hoc
1490 4734 1696 4787 quoque
1722 4716 1775 4770 in
1799 4717 1917 4783 ejus

343 4815 563 4870 virtutis
590 4812 980 4867 narrationibus
1004 4826 1032 4864 a
1055 4811 1305 4864 studiosis
1326 4809 1748 4877 eillSdIaCIpllIIS,
1776 4807 1917 4876 quod

347 4908 479 4961 totis
509 4903 695 4973 viginti
718 4904 957 4983 quinun
977 4902 1133 4955 annis
1161 4916 1263 4955 non
1294 4902 1391 4955 fuit
1413 4914 1701 4956 conversus
1724 4900 1789 4953 ad
1816 4898 1918 4953 Oc—

342 4995 657 5059 cidentem;
702 4993 801 5047 etsi
847 4994 1115 5061 spelunca:
1166 4992 1361 5045 ostium
1409 5000 1549 5046 esset
1594 4992 1820 5060 positum
1864 4992 1915 5044 in

344 5088 547 5141 montis
584 5086 877 5139 cacumine.
920 5084 1105 5152 Neque
1146 5091 1264 5151 post
1303 5083 1484 5137 horam
1513 5090 1715 5136 sextam
1746 5082 1915 5135 solem

347 5180 445 5249 qui
478 5177 786 5230 imminebat
828 5176 1008 5242 capiti,
1039 5172 1173 5226 vidit
1217 5188 1443 5240 unquam
1485 5172 1825 5226 inclinantem
1852 5172 1918 5224 ad

345 5270 724 5331 Occidentem;
770 5281 943 5335 neque
991 5265 1172 5319 stellas
1210 5278 1328 5331 quae
1360 5265 1410 5316 in
1446 5278 1638 5317 occasu
1674 5263 1919 5316 oriuntur

344 5367 486 5421 vidit
519 5365 699 5433 viginti
727 5364 899 5417 annis.
933 5360 1029 5415 Hic
1062 5372 1282 5428 magnus
1307 5358 1502 5411 athleta
1536 5356 1817 5425 patientiae,
1851 5371 1918 5411 ex

344 5471 461 5527 quo
485 5458 750 5524 ingressus
772 5465 855 5508 est
878 5452 1205 5520 speluncam,
1230 5464 1333 5503 non
1354 5448 1633 5502 descendit
1654 5447 1721 5501 de
1743 5457 1923 5501 monte

347 5550 523 5602 donec
563 5544 665 5599 fuit
691 5543 946 5610 sepultus.
996 5543 1118 5595 llaec
1157 5550 1278 5594 sunt
1307 5540 1539 5595 cmlestia
1570 5539 1801 5593 facinora
1828 5553 1922 5592 co-

346 5637 528 5693 ronati
558 5645 610 5688 et
637 5633 820 5687 invicti
850 5633 1060 5686 athleta:
1083 5630 1295 5700 Elpidii,
1325 5630 1413 5699 qui
1444 5644 1581 5684 nunc
1601 5644 1721 5684 cum
1743 5629 1821 5682 sui
1852 5630 1923 5682 sic

346 5721 574 5779 milibus
596 5722 741 5790 degit
769 5725 821 5774 in
855 5725 1116 5787 paradiso.

2022 4654 2143 4693 eum
2193 4642 2562 4707 accessissent,
2596 4652 2709 4696 erat
2737 4645 2877 4697 enim
2922 4644 3044 4697 illac
3073 4646 3151 4699 eis
3182 4646 3588 4715 transeundum,

2022 4730 2070 4783 ei
2110 4745 2274 4796 panes
2303 4730 2607 4785 defecerunt
2631 4749 2645 4797 ;
2667 4732 2960 4801 juransque
2993 4734 3146 4788 nobis
3189 4734 3488 4787 affirmabat
3514 4737 3592 4789 di-

2023 4834 2151 4873 cens
2184 4837 2197 4872 :
2240 4820 2624 4889 Propemodum
2675 4838 2790 4876 sum
2817 4823 3148 4877 exanimatus
3183 4825 3253 4878 ob
3290 4826 3392 4877 cibi
3429 4840 3595 4892 penu-

2024 4910 2180 4963 riam.
2238 4912 2510 4977 lngressus
2540 4928 2667 4982 ergo
2706 4914 2893 4967 cellam
2950 4930 3181 4969 mmrore
3219 4917 3377 4969 animi
3416 4918 3596 4973 confe-

2023 5009 2160 5062 ctus.
2193 5003 2332 5070 quod
2365 5006 2622 5058 nescirem
2666 5006 3108 5073 quemadmodum
3157 5008 3209 5060 in
3252 5023 3345 5061 eos
3374 5011 3461 5076 qui
3494 5010 3591 5061 ad-

2024 5101 2319 5157 ventarant,
2357 5095 2630 5160 implerem
2661 5109 2754 5161 pro
2790 5094 2988 5149 viribus
3014 5111 3314 5151 mensuram
3358 5100 3591 5151 charita-

2026 5182 2111 5247 tis,
2161 5182 2337 5237 inveni
2384 5192 2493 5237 tres
2530 5197 2771 5239 recentes
2819 5200 2981 5253 panes
3028 5184 3137 5239 illic
3182 5188 3410 5255 positos,
3459 5202 3595 5254 quos

2025 5273 2180 5326 laetus
2206 5273 2382 5342 accepi
2412 5283 2465 5327 et
2495 5278 2736 5342 apposui.
2781 5275 2915 5329 Cum
2942 5284 3116 5330 autem
3146 5278 3329 5344 viginti
3364 5279 3458 5330 viri
3494 5292 3589 5333 co-

2027 5362 2317 5416 medissent
2345 5363 2409 5416 ad
2440 5364 2760 5428 satietatem,
2793 5366 3057 5433 superfuit
3086 5383 3219 5420 unus
3249 5368 3420 5435 panis.
3456 5369 3591 5423 Eum

2024 5459 2200 5504 autem
2238 5464 2356 5505 eum
2385 5454 2739 5518 sustulissem,
2772 5468 2896 5509 usus
2917 5471 3032 5510 sum
3061 5472 3127 5511 eo
3151 5457 3334 5526 viginti
3362 5458 3597 5526 quinque

2022 5540 2229 5594 diebus.
2278 5542 2402 5596 Htec
2429 5543 2629 5597 domini
2672 5546 2838 5613 gratia
2879 5544 3017 5599 facta
3064 5556 3147 5600 est
3195 5563 3314 5600 cum
3345 5546 3594 5617 hospitali

2023 5630 2167 5691 Elia,
2219 5631 2371 5698 cujus
2423 5632 2663 5685 laborum
2718 5635 3179 5691 remunerationes
3221 5647 3417 5705 paratae
3472 5640 3597 5693 sunt

2023 5723 2158 5797 apud
2185 5722 2470 5791 benignum
2496 5724 2801 5778 Dominum.
