4028 6422
496 387 632 440 HIS

1064 510 1292 567 CAPUT
1327 508 1493 564 CXII.

1091 600 1166 651 De
1194 600 1458 654 Sabbatio.

561 698 786 763 Quidam
811 692 1078 748 sarcularis
1102 691 1388 745 Sabbatius
1411 688 1646 752 nomine,
1667 685 2067 740 Jerichuutinus

490 803 710 859 genere,
757 801 877 839 cum
910 785 1128 837 haberet
1156 796 1398 845 uxorem,
1434 789 1649 846 propter
1676 777 1769 831 Dei
1822 777 2066 830 timorem

489 881 625 934 adeo
655 877 850 931 amavit
894 873 1203 937 monachos,
1236 881 1294 924 ut
1335 871 1450 938 ipse
1477 869 1650 921 obiret
1689 867 1856 922 cellas
1881 876 1933 920 et
1955 880 2071 918 om-

492 985 612 1023 nem
637 966 978 1023 solitudinem
1007 964 1268 1024 noctibus,
1301 969 1355 1014 et
1386 961 1435 1011 in
1463 973 1779 1026 unoquoque
1802 967 2071 1009 monaste-

492 1064 573 1115 rio
604 1059 733 1113 foris
763 1065 985 1126 poneret
1012 1071 1175 1108 unum
1207 1052 1440 1106 modium
1484 1051 1839 1120 dactylorum,
1871 1059 1924 1101 et
1955 1048 2068 1100 ole-

492 1166 606 1204 rum
636 1149 775 1216 quod
806 1148 936 1201 satis
966 1153 1124 1208 esset,
1153 1149 1432 1208 pr0pterea
1475 1139 1614 1207 quod
1648 1153 1781 1204 pane
1818 1152 1922 1188 non
1955 1149 2074 1186 ves-

494 1247 681 1293 Cantur
701 1238 788 1305 qui
820 1239 869 1287 in
896 1235 1130 1289 Jordane
1154 1240 1276 1283 sunt
1297 1230 1703 1283 exercitatores.
1731 1226 1861 1279 Huic
1891 1226 2072 1278 Mona-

493 1330 714 1383 cborum
747 1325 1018 1392 excepturi
1071 1321 1254 1390 (158),
1308 1330 1361 1372 et
1409 1317 1703 1373 commodae
1753 1332 1950 1370 mensa:
1982 1329 2076 1382 pro

498 1417 896 1472 continentibus
946 1414 1216 1476 structori,
1271 1426 1391 1466 cum
1423 1410 1467 1462 is
1496 1411 1722 1477 quodam
1755 1406 1840 1460 die
1870 1405 2078 1458 tulisset

495 1511 695 1564 sanctis
743 1522 864 1575 quae
894 1502 1267 1558 exercitationi
1313 1509 1464 1554 erant
1505 1498 1822 1560 necessaria,
1859 1494 2078 1565 maligni

500 1597 839 1652 annulatione
869 1596 953 1648 leo
983 1592 1237 1657 occurrit,
1280 1590 1496 1645 inimico
1523 1589 1902 1643 monachorum
1931 1588 2077 1641 exci-

502 1697 647 1741 tante
672 1688 957 1740 immanem
991 1681 1153 1736 feram
1177 1681 1433 1734 adversus
1463 1680 1764 1735 ministrum
1797 1678 2080 1731 monacho-

502 1793 640 1843 rum,
671 1775 916 1829 studente
937 1782 992 1827 et
1022 1773 1142 1826 illos
1166 1772 1375 1840 privare
1397 1769 1708 1834 refectione,
1735 1779 1790 1822 et
1812 1770 1952 1821 hunc
1981 1781 2079 1820 suo

1959 370 2274 424 PALLADII

2093 505 2139 559 Α
2169 501 2254 566 qui
2278 498 2450 551 adhuc
2472 495 2522 549 in
2554 495 2868 548 hodiernum
2898 494 3040 548 diem
3064 507 3093 546 a
3114 491 3321 546 calamo
3347 497 3402 543 et
3426 489 3610 543 charta
3634 504 3737 544 nou

2168 590 2408 650 recessit,
2441 601 2561 638 cum
2612 587 2681 639 sit
2721 593 2876 637 natus
2917 599 3113 636 annum
3143 581 3552 651 octogesimum.
3605 579 3743 634 Dixit

3607 360 3744 416 1216

2173 680 2259 734 hic
2289 681 2474 733 beatus
2502 695 2515 729 :
2553 678 2625 730 Ex
2665 692 2769 746 quo
2793 691 2909 729 sum
2942 676 3176 728 initiatus
3218 682 3273 726 et
3299 681 3645 742 regeneratus
3676 687 3740 723 ex

2169 774 2371 842 Spiritu
2408 785 2460 826 et
2489 786 2646 839 aqua,
2678 784 2844 838 usque
2888 769 2941 822 in
2985 767 3297 821 hodiernum
3324 767 3484 828 diem,
3511 765 3741 818 alienum

2173 879 2360 932 panem
2383 864 2547 932 gratis
2570 877 2674 914 non
2697 859 2925 922 comedi,
2950 859 3040 911 sed
3059 873 3177 911 eum
3209 857 3298 926 qui
3321 873 3386 910 ex
3417 857 3640 923 pr0priis
3671 856 3742 908 la-

2174 956 2393 1010 boribus
2425 967 2638 1022 paratur
2669 971 2679 1005 :
2713 961 2766 1006 et
2806 967 2984 1005 coram
3019 951 3125 1003 Deo
3157 950 3375 1018 loquens
3407 948 3557 1017 (162)
3597 947 3744 1001 nobis

2177 1046 2536 1116 persuadebat
2583 1057 2642 1097 se
2694 1042 2951 1094 ducentos
2999 1041 3380 1107 quinquaginta
3432 1037 3630 1090 Solidos
3683 1052 3745 1089 ex

2175 1153 2338 1205 opere
2369 1151 2618 1188 manuum
2649 1147 2864 1186 suarum
2894 1131 3106 1183 dedisse
3155 1130 3216 1182 iis
3245 1131 3332 1197 qui
3378 1137 3531 1180 erant
3579 1127 3748 1179 manci

2177 1228 2445 1292 acmutili,
2481 1241 2650 1293 neque
2683 1224 2773 1276 ulli
2806 1239 3034 1292 unquam
3073 1224 3259 1275 fecisse
3289 1220 3558 1288 injuriam.
3585 1221 3630 1272 Is
3661 1236 3750 1288 pe-

2176 1317 2340 1372 deSiri
2375 1318 2564 1370 itinere
2614 1316 2758 1368 venit
2801 1315 3021 1366 Romam
3065 1328 3230 1381 usque
3275 1315 3338 1364 ad
3392 1313 3646 1367 orandum
3701 1314 3751 1365 in

2183 1409 2444 1478 martyrio
2481 1419 2783 1461 sanctorum
2829 1405 2969 1458 Petri
2999 1415 3054 1458 et
3095 1404 3238 1458 Pauli
3270 1421 3282 1456 :
3318 1405 3552 1470 pervenit
3581 1412 3752 1456 autem

2181 1500 2340 1553 etiam
2372 1513 2540 1567 usque
2569 1499 2633 1550 ad
2666 1497 3067 1560 Alexandriam,
3099 1511 3218 1549 cum
3252 1497 3504 1561 vovisset,
3534 1497 3583 1547 in
3610 1509 3746 1547 mar-

2185 1595 2376 1662 tyrium
2423 1591 2709 1644 venerandi
2759 1590 2973 1643 athlette
3006 1589 3187 1643 Marci.
3221 1590 3416 1657 Dignus
3447 1597 3643 1651 autem,
3677 1590 3753 1640 in-

2183 1685 2318 1751 quit,
2351 1698 2468 1736 sum
2501 1682 2733 1745 habitus,
2777 1681 2865 1749 qui
2909 1680 3014 1732 VOIi
3046 1681 3210 1748 gratia
3243 1680 3322 1733 bis
3355 1680 3580 1748 propriis
3609 1679 3754 1747 pedi-

2187 1771 2285 1825 bus
2316 1773 2552 1826 venirem
2600 1771 2930 1841 .lerosolyma
2961 1770 3027 1824 ad
3056 1770 3360 1824 honoranda
3411 1771 3524 1824 loca
3556 1781 3754 1830 sancta,

501 1868 792 1936 proposito.
824 1866 1029 1918 Etcum
1052 1863 1158 1916 fera
1181 1877 1300 1916 eum
1327 1861 1822 1928 comprehendisset
1848 1876 1873 1908 a
1907 1859 2079 1925 lapide
2110 1868 2154 1925 Β
2182 1871 2235 1916 et
2281 1863 2392 1930 ipse
2431 1861 2556 1915 mihi
2612 1863 2941 1930 suppeditavi
2998 1862 3282 1927 impen.as_
3321 1860 3542 1914 Dicebat
3585 1870 3758 1914 ante...

499 1961 655 2011 unius
703 1972 764 2008 ex
809 1954 1106 2016 monachis,
1137 1954 1246 2006 suis
1275 1953 1538 2021 unguibus
1564 1965 1684 2004 eum
1722 1950 1977 2018 protrusit
2029 1958 2082 2001 et

499 2049 710 2103 evertit.
761 2047 866 2103 Sed
902 2046 991 2116 qui
1035 2047 1214 2098 docuit
1264 2030 1316 2098 in
1352 2046 1564 2099 Daniele
1594 2045 1774 2098 leones
1812 2043 2079 2113 jejunare,

504 2136 780 2202 prohibuit
809 2151 876 2189 ne
922 2151 1045 2188 eum
1085 2134 1175 2202 qui
1221 2135 1467 2188 servabat
1513 2147 1773 2202 praecepta
1803 2135 2084 2187 devoraret

498 2228 604 2292 leo,
636 2228 734 2282 etsi
792 2226 946 2281 valde
991 2229 1240 2281 esuriret.
1284 2227 1400 2291 Quo
1429 2225 1622 2279 factum
1651 2235 1734 2280 est
1763 2235 1821 2280 ut
1859 2234 2084 2293 accepto

500 2321 645 2374 senis
671 2319 822 2372 asino
850 2317 1160 2383 recederet;
1190 2317 1276 2385 qui
1306 2317 1447 2370 enim
1476 2317 1599 2372 huic
1640 2317 1802 2371 vitam
1847 2317 2085 2372 donave-

503 2420 604 2478 rat,
638 2411 762 2465 fera:
793 2425 1004 2478 quoque
1033 2409 1225 2461 famem
1251 2408 1477 2462 sedavit.

1079 2517 1305 2571 CAPUT
1335 2516 1516 2570 CXIII.

832 2610 908 2663 De
940 2608 1240 2662 Philoromo
1271 2609 1422 2678 (l59)
1453 2608 1762 2678 presbytero.

579 2700 1054 2770 Iieligiosissimum
1103 2702 1469 2770 presbyterum
1528 2699 1724 2769 Deique
1778 2699 2089 2754 amantissi-

511 2806 654 2843 mum
686 2791 1045 2844 Philoromum
1080 2793 1131 2843 in
1164 2789 1365 2843 Galatia
1392 2792 1764 2854 convenimus,
1797 2801 1849 2846 et
1883 2804 2002 2845 eum
2025 2805 2092 2844 eo

507 2882 666 2950 longo
687 2890 926 2948 tempore
954 2881 1148 2934 versati
1179 2895 1382 2944 sumus,
1415 2881 1502 2948 qui
1537 2882 1634 2935 fuit
1659 2884 1739 2935 vir
1760 2883 2091 2935 exercitatis-

505 2973 691 3022 simus.
757 2967 803 3023 Is
851 2981 999 3024 ortus
1045 2971 1256 3038 quidem
1306 2978 1390 3024 est
1432 2985 1498 3024 ex
1544 2980 1712 3025 matre
1739 2987 1912 3037 serva,
1948 2983 2095 3040 patre

507 3072 636 3110 vero
681 3058 870 3112 libero.
929 3059 1152 3112 Tantam
1208 3069 1382 3112 autem
1435 3061 1692 3112 virtutum
1757 3061 2091 3115 nobilitatem

507 3149 741 3202 ostendit
766 3150 817 3202 in
848 3149 972 3201 vita:
999 3150 1317 3204 Christianae
1343 3153 1690 3216 institutione,
1723 3164 1777 3205 ut
1803 3155 1961 3206 etiam
1992 3156 2090 3221 ipsi

2187 1956 2359 2019 nobis,
2393 1963 2451 2008 ut
2493 1955 2774 2008 utilitatem
2816 1970 2883 2006 ex
2925 1968 2989 2008 eo
3017 1968 3330 2021 caperemus
3363 1969 3376 2006 :
3406 1951 3518 2005 Non
3549 1953 3760 2006 memini

2187 2063 2273 2100 me
2294 2062 2523 2115 unquam
2556 2047 2734 2099 animo
2755 2059 2784 2097 a
2811 2045 2918 2098 Deo
2939 2059 3057 2098 meo
3089 2044 3396 2097 recessisse.
3431 2042 3595 2108 Hujus
3626 2041 3761 2094 beati

2187 2137 2478 2190 Philoromi
2510 2138 2633 2190 talia
2666 2143 2790 2188 sunt
2816 2136 3135 2199 certamina,
3166 2143 3228 2188 et.
3261 2134 3314 2186 in
3346 2133 3428 2186 his
3453 2141 3536 2185 est
3565 2131 3761 2184 invicta

2186 2229 2434 2294 victoria,
2467 2235 2522 2281 et
2555 2229 2827 2280 beatorum
2857 2226 3094 2278 laborum
3142 2225 3192 2279 ei
3223 2224 3459 2278 redditur
3504 2222 3646 2286 ﬁuis,
3673 2235 3764 2275 co-

2188 2333 2318 2374 rona
2349 2319 2533 2389 gloria:
2567 2316 3045 2371 immarcescibilis.

2745 2429 2970 2484 CAPUT
3012 2428 3194 2482 CXIV.

2402 2519 2520 2575 Vita
2543 2521 2674 2575 beati
2698 2520 2959 2574 Seueriani
2980 2519 3130 2590 (l65)
3158 2529 3205 2572 et
3236 2521 3344 2590 ejus
3367 2520 3559 2572 uxoris.

2264 2613 2317 2666 In
2348 2615 2555 2681 Ancyra
2589 2611 2831 2673 Galatiae,
2860 2612 2911 2664 in
2943 2612 3059 2676 ipso
3090 2614 3204 2664 loco
3229 2611 3449 2678 contigit
3471 2610 3596 2664 mihi
3630 2611 3760 2664 allo-

2193 2705 2277 2771 qui
2307 2704 2590 2772 quemdam
2617 2701 2963 2756 Severianum
2986 2718 3050 2756 ex
3074 2702 3356 2754 comitibus
3382 2717 3481 2752 una
3507 2716 3625 2754 cum
3654 2701 3769 2768 ejus

2193 2797 2422 2861 conjuge
2447 2793 2764 2859 Bosphoria,
2798 2806 2895 2845 nec
2926 2806 3111 2846 eorum
3141 2805 3385 2859 magnam
3419 2791 3574 2842 habui
3603 2805 3768 2854 expe-

2196 2886 2462 2937 rientiam.
2499 2881 2533 2934 Ii
2566 2883 2778 2950 quidem
2810 2883 2982 2936 multa
3014 2897 3108 2949 spe
3153 2883 3290 2936 bona
3330 2881 3512 2948 repleti
3544 2891 3684 2945 sunt,
3717 2890 3769 2935 ct

2195 2988 2322 3026 suos
2373 2977 2691 3026 liustrantur
2735 2973 2895 3036 ﬁlios,
2939 2987 3126 3026 revera
3175 2971 3226 3025 in
3261 2971 3432 3024 futura
3482 2971 3770 3024 intuentes.

2195 3067 2423 3121 Suorum
2465 3067 2606 3120 enim
2642 3065 2956 3133 prmdiorum
2988 3066 3188 3118 reditus
3219 3071 3537 3116 consumunt
3565 3063 3616 3117 in
3649 3077 3770 3132 ege-

2199 3172 2318 3222 nos,
2353 3159 2609 3211 habentes
2637 3166 2862 3225 quatuor
2893 3157 3047 3220 ﬁlios,
3101 3166 3154 3210 et
3190 3156 3320 3210 duas
3365 3155 3520 3222 ﬁlias,
3567 3155 3772 3222 quibus

509 3239 602 3306 qui
635 3239 832 3292 suntin
875 3253 1074 3306 genere
1120 3240 1527 3304 insuperabiles,
1557 3242 1674 3310 ejus
1699 3244 1860 3296 vitam
1891 3246 2090 3311 angelis
2122 3221 2167 3281 C
2201 3250 2397 3303 nullam
2450 3250 2839 3317 possessionem
2887 3248 3037 3318 (161)
3082 3249 3363 3314 dederunt,
3417 3259 3770 3317 prieterquam

512 3330 770 3394 atqualem
800 3338 1196 3390 reVererentnr,
1229 3337 1283 3381 et
1310 3328 1577 3382 elﬁcacem
1610 3330 1858 3384 virtutem
1887 3336 2090 3388 exerci-

514 3417 752 3472 tationis.
787 3416 836 3471 Is
867 3418 1066 3470 mundo
1091 3419 1410 3472 renuntiavit
1439 3420 1489 3470 in
1513 3419 1702 3474 diebus
1731 3421 1926 3475 Juliani
1948 3439 2095 3478 exse-

514 3511 700 3563 crandi
739 3511 1096 3577 imperatoris,
1123 3520 1177 3564 et
1209 3511 1372 3566 libere
1403 3527 1522 3565 cum
1562 3514 1662 3568 hoc
1703 3515 1865 3581 impio
1893 3527 1973 3570 est
2013 3516 2092 3569 lo-

515 3608 669 3654 cutus
701 3616 993 3670 generosus
1036 3599 1232 3656 Christi
1271 3604 1470 3658 athleta
1516 3604 1855 3660 Pbiloromus
1879 3650 1892 3672 ,
1936 3625 2094 3674 quem

513 3691 674 3759 jussit
724 3692 858 3755 radi,
904 3701 958 3745 et
997 3707 1025 3742 a
1055 3693 1235 3761 pueris
1265 3693 1586 3748 validissime
1615 3698 1886 3751 verberati
1918 3698 2095 3768 (160).

516 3784 563 3836 Is
596 3798 723 3837 vero
763 3799 874 3837 rem
906 3784 1112 3838 fortiter
1137 3793 1189 3838 et
1216 3786 1504 3841 toleranter
1525 3789 1661 3853 tulit,
1693 3798 1747 3842 et
1773 3791 1820 3843 ei
1843 3791 1951 3860 egit
1977 3807 2096 3860 gra-

517 3878 640 3938 tias,
688 3885 743 3928 ut
770 3876 881 3943 ipse
913 3879 1065 3932 nobis
1097 3881 1356 3932 narravit.
1393 3879 1543 3935 Hunc
1578 3883 1891 3950 prmclarum
1923 3887 2095 3940 virum

520 3969 569 4018 in
601 3968 859 4035 principio
874 3969 1118 4022 adortum
1144 3980 1225 4024 est
1249 3970 1447 4024 bellum
1474 3972 1842 4029 fornicationis
1863 3986 1917 4030 et
1937 3979 2095 4048 gulae,

518 4070 576 4112 ut
597 4062 824 4127 dicebat,
855 4078 1012 4130 quem
1045 4065 1290 4118 morbum
1323 4067 1655 4134 tyrannidem
1676 4069 1824 4138 (161)
1855 4086 2104 4125 exercen-

519 4160 623 4204 tem
656 4153 728 4205 ita
756 4155 1048 4220 superavit,
1081 4169 1143 4208 ac
1173 4157 1216 4208 si
1245 4155 1562 4210 immensum
1597 4157 1900 4214 incendium
1935 4162 2098 4215 multa

519 4257 652 4307 aqua
685 4245 1049 4312 exstingueret
1083 4263 1095 4298 :
1128 4261 1337 4300 summa
1367 4262 1494 4300 cura
1527 4250 1872 4304 continentia:
1904 4251 2100 4306 ferrum

522 4335 806 4402 gestando,
829 4346 885 4391 et
913 4353 972 4391 se
993 4338 1383 4402 concludendo,
1403 4351 1457 4393 et
1487 4342 1806 4397 abstinendo
1833 4359 1864 4398 a
1892 4346 2024 4400 cibis
2049 4356 2103 4401 et

527 4439 661 4491 pane
697 4426 927 4491 triticeo,
952 4439 1002 4480 et
1034 4436 1092 4482 ut
1124 4430 1292 4483 semel
1315 4431 1511 4498 dicam,
1543 4432 1610 4485 ab
1638 4435 1885 4488 omnibus
1914 4438 2099 4504 coctis,

522 4523 575 4568 et
605 4515 656 4568 in
683 4514 763 4568 bis
789 4531 845 4568 se
878 4515 1086 4572 fortiter
1113 4521 1345 4588 gerendo
1375 4536 1438 4574 ac
1465 4524 1741 4577 tolerando
1771 4528 1926 4580 annis
1951 4536 2102 4581 octo-

2199 3340 2264 3393 iis
2288 3357 2403 3409 qua!
2435 3351 2744 3409 nupserant.
2785 3340 3044 3394 Dicebant
3089 3349 3264 3393 autem
3314 3340 3532 3408 reliquis
3559 3339 3670 3393 suis
3709 3341 3769 3392 ﬁ-

2201 3431 2324 3484 liis:
2357 3432 2482 3485 Post
2542 3443 2779 3486 nostrum
2838 3432 3117 3484 decessum
3171 3431 3346 3482 omnia
3387 3440 3510 3483 sunt
3558 3438 3762 3492 vestra;

2205 3525 2439 3591 quandiu
2472 3537 2648 3579 autem
2681 3538 2861 3577 sumus
2888 3525 3224 3590 superstites,
3257 3537 3353 3576 nos
3385 3522 3756 3590 possessionum

2207 3625 2506 3668 nostrarum
2552 3616 2752 3669 fructus
2777 3614 3106 3684 colligemus,
3139 3629 3235 3668 eos
3273 3614 3646 3667 distribuentes
3675 3625 3757 3665 ec-

2201 3703 2398 3768 clesiis,
2429 3717 2484 3758 et
2527 3705 2884 3768 monasteriis,
2931 3715 2984 3759 et
3027 3704 3405 3764 xenodocbiis.
3439 3714 3492 3758 et
3533 3703 3769 3756 omnibus

2200 3795 2508 3863 egentibus,
2551 3809 2774 3863 qur-rum
2808 3808 2992 3861 preces
3019 3803 3073 3848 et
3103 3794 3252 3847 vobis
3291 3804 3342 3848 et
3374 3793 3526 3847 nobis
3557 3804 3609 3846 et
3655 3793 3774 3845 ﬁliis

2204 3901 2300 3954 pro
2327 3885 2425 3938 hac
2457 3885 2774 3952 temporaria
2803 3895 2854 3938 et
2883 3884 3141 3938 laboriosa
3168 3886 3326 3937 vitam
3351 3894 3601 3937 mteruam
3629 3899 3774 3936 coni-

2204 3977 2464 4044 parabunt
2497 3975 2686 4045 (Eccli.
2731 3990 2838 4042 xxi,
2871 3974 2950 4045 6).
2983 3977 3037 4029 ln
3069 3976 3262 4044 quibus
3301 3976 3400 4029 hoc
3443 3991 3654 4045 quoque
3698 3985 3779 4028 est

2203 4082 2388 4120 eorum
2419 4066 2626 4119 virtutis
2656 4065 2904 4135 egregia}.
2941 4066 3070 4120 Cum
3101 4076 3244 4120 esset
3279 4081 3468 4136 magna
3510 4067 3699 4127 fames,
3727 4076 3782 4119 et

2204 4172 2322 4225 quae
2350 4156 2585 4208 omnium
2630 4157 2902 4210 hominum
2936 4158 3251 4227 pervadebat
3277 4158 3503 4222 viscera,
3553 4155 3626 4210 illi
3657 4166 3782 4212 tunc

2205 4264 2298 4304 eas
2324 4263 2440 4316 quae
2481 4259 2606 4302 tunc
2628 4257 2781 4301 erant
2818 4248 3051 4303 hagreses
3082 4249 3429 4303 traduxerunt
3457 4247 3523 4302 ad
3576 4258 3778 4301 rectam

2207 4340 2532 4407 Opinionem.
2584 4337 2712 4391 Nam
2747 4351 2868 4391 cum
2917 4338 2968 4390 in
3019 4338 3200 4392 multis
3229 4339 3440 4407 praediis
3467 4338 3654 4390 horrea
3688 4351 3784 4390 sua

2211 4429 2569 4497 aperuissent,
2597 4443 2658 4482 ea
2692 4429 2999 4496 praebebant
3023 4429 3074 4481 in
3117 4429 3426 4482 alimentum
3459 4443 3784 4497 pauperum;

2208 4521 2343 4573 adeo
2381 4531 2436 4573 ut
2483 4534 2548 4573 ex
2581 4518 2680 4573 hac
2729 4519 3086 4586 inexplicabili
3127 4536 3312 4574 eorum
3356 4521 3680 4591 benignitate
3732 4522 3784 4575 in

522 4605 718 4660 decim.
767 4606 867 4674 Qui
897 4623 1017 4660 cum
1060 4610 1109 4662 id
1140 4611 1342 4676 vicerit,
1376 4613 1545 4680 potuit
1578 4615 1830 4683 hymnum
1862 4618 2091 4672 victoria

2213 4625 2372 4664 unam
2429 4619 2588 4665 rectae
2644 4608 2765 4662 ﬁdei
2819 4610 3225 4664 consonantiam
3290 4610 3641 4664 convenerint
3693 4612 3785 4681 qui

526 4714 742 4763 canere,
796 4702 874 4754 sic
920 4701 1103 4756 dicens
1135 4721 1147 4754 :
1184 4704 1445 4758 Exaltabo
1475 4717 1544 4772 te,
1576 4706 1822 4776 Domine,
1855 4713 2103 4780 quoniam

527 4789 808 4854 susci-pisti
830 4806 936 4856 me,
972 4802 1025 4846 et
1055 4808 1158 4845 non
1185 4794 1462 4847 Itetiﬁcasti
1494 4795 1736 4850 inimicos
1767 4814 1914 4852 meos
1943 4815 2103 4868 supra

527 4892 612 4930 me
642 4877 812 4948 (Psal.
860 4885 1029 4950 xxix).
1085 4882 1180 4936 llic
1220 4898 1248 4935 a
1306 4886 1493 4952 spiritu
1539 4884 1902 4942 fornicationis
1961 4890 2106 4944 varie

530 4981 884 5037 oppugnatus,
916 4979 1282 5042 perseveravit
1309 4977 1654 5046 quadraginta
1693 4993 1865 5036 annos
1904 4981 1955 5034 in
1994 4997 2107 5036 mo-

529 5065 781 5117 nasterio.
832 5063 882 5118 Is
929 5075 1106 5120 autem
1165 5070 1455 5136 narrabat,
1502 5071 1688 5126 dicens
1725 5089 1736 5125 :
1771 5073 2008 5144 Triginta
2050 5084 2105 5129 et

528 5153 661 5204 duos
677 5166 846 5206 annos
867 5155 1067 5207 nullum
1093 5156 1317 5210 fructum
1343 5158 1512 5226 tetigi.
1550 5159 1686 5217 Cum
1745 5172 1925 5218 autem
1954 5208 1968 5231 ,
2028 5169 2112 5223 in-

523 5242 673 5309 quit,
718 5243 970 5298 timiditas
1000 5261 1086 5299 me
1114 5261 1326 5301 summe
1358 5258 1740 5319 oppugnasset,
1773 5254 1907 5306 adeo
1939 5263 1992 5305 ut
2023 5255 2104 5307 vel

525 5333 756 5386 interdiu
784 5335 1241 5402 pertimescerent,
1271 5352 1355 5391 me
1378 5338 1567 5393 inclusi
1589 5355 1683 5393 sex
1715 5356 1883 5395 annos
1910 5343 1960 5395 in
1989 5359 2102 5397 mo-

529 5426 805 5489 nimento;
840 5436 892 5479 et
921 5441 981 5480 ea
1012 5429 1219 5481 ratione
1239 5430 1382 5482 evasi
1410 5432 1675 5497 superior,
1707 5446 1772 5484 ex
1805 5433 2108 5499 impatibili-

531 5523 642 5568 tate
670 5514 866 5569 bellum
896 5533 1087 5584 gerens
1113 5533 1232 5571 cum
1257 5519 1469 5586 spiritu,
1495 5521 1583 5587 qui
1614 5520 1743 5573 mibi
1774 5521 1912 5577 hanc
1941 5524 2107 5592 impo-

530 5605 690 5657 nebat
710 5608 1041 5662 servitutem.
1079 5609 1246 5677 llujus
1273 5610 1368 5662 viri
1401 5612 1620 5679 insignis
1651 5627 1891 5680 magnam
1922 5631 2104 5669 curam

529 5693 746 5758 gerebat
781 5695 966 5751 beatus
1011 5699 1235 5753 Basilius
1279 5703 1594 5770 episcopus,
1628 5702 1715 5770 qui
1746 5705 2110 5761 delectabatur

530 5781 648 5848 ejus
677 5785 1003 5855 austeritate,
1052 5794 1372 5859 constantia,
1417 5804 1470 5847 et
1521 5795 1571 5846 in
1618 5810 1779 5863 opere
1811 5796 2102 5866 diligentia,

2210 4712 2364 4757 erant
2420 4701 2688 4757 haeretica:
2734 4701 3024 4770 Opinionis,
3063 4704 3172 4758 Deo
3215 4706 3414 4774 gratias
3461 4714 3679 4773 agentes
3716 4707 3790 4760 ob

2211 4798 2504 4866 simplicem
2557 4812 2743 4852 eorum
2792 4798 2975 4864 ﬁdem,
3033 4811 3086 4853 et
3134 4801 3444 4854 immensam
3485 4801 3792 4856 beneﬁcen-

2212 4889 2360 4941 tiam.
2393 4891 2506 4942 Alia
2530 4901 2708 4943 autem
2733 4889 3051 4943 exercitatio
3077 4906 3262 4945 eorum
3286 4899 3403 4945 erat
3421 4891 3758 4947 admirabilis

2215 4980 2379 5033 vestis
2429 4996 2614 5034 eorum
2664 4980 2876 5034 habitus
2916 4989 3032 5034 erat
3070 4982 3301 5034 maxime
3355 4981 3690 5036 venerandus
3736 4993 3792 5036 et

2211 5086 2432 5140 parcus;
2461 5081 2681 5141 eratque
2711 5072 2762 5125 in
2790 5073 2870 5125 eis
2914 5087 3100 5137 magna
3129 5083 3182 5125 et
3211 5087 3330 5140 qua:
3361 5071 3463 5126 dici
3499 5072 3679 5140 nequit
3702 5073 3786 5127 vi-

2210 5173 2327 5215 ctus
2351 5165 2608 5226 tenuitas;
2633 5169 2786 5214 erant
2815 5161 2969 5215 valde
2991 5162 3181 5214 modici
3204 5173 3469 5228 sumptus,
3500 5162 3789 5216 alimento-

2212 5268 2328 5308 rum
2374 5254 2674 5322 frugalitate
2717 5254 2953 5307 contenti
3001 5263 3248 5319 quantam
3294 5255 3397 5306 vita
3442 5254 3789 5323 requirebat;

2213 5346 2462 5412 pietatem
2495 5347 2546 5396 in
2579 5344 2741 5397 Deum
2773 5344 3068 5398 mirandum
3095 5347 3143 5397 in
3181 5345 3396 5397 modum
3430 5355 3790 5410 exercentes;

2213 5434 2266 5488 in
2294 5435 2433 5504 agris
2466 5434 2718 5502 degentes
2749 5434 2975 5502 plurimo
3007 5443 3264 5501 tempore,
3293 5448 3502 5501 si-mper
3525 5434 3794 5502 fugientes

2214 5527 2476 5592 civitates,
2511 5534 2565 5578 et
2585 5525 2712 5578 vitia
2735 5540 2851 5593 qua:
2875 5541 2940 5578 ex
2962 5525 3041 5578 eis
3071 5527 3335 5587 Oriuntur,
3370 5541 3434 5578 ne
3462 5540 3525 5579 ex
3551 5526 3792 5593 jucunda

2216 5633 2335 5671 cum
2379 5619 2527 5670 turba
2559 5618 2970 5670 conversatione
3015 5617 3272 5669 tumultus
3319 5617 3499 5670 civiles
3543 5617 3793 5671 attrahe-

2216 5718 2354 5777 rent,
2393 5718 2447 5763 et
2489 5709 2796 5762 exciderent
2840 5723 2869 5761 a
2918 5707 3010 5761 Dei
3063 5708 3354 5777 proposito.
3408 5707 3626 5774 Propter
3667 5706 3792 5763 haec

2216 5803 2393 5855 omnia
2414 5800 2602 5854 horum
2631 5799 2902 5853 beatorum
2927 5809 3086 5854 recta.-
3114 5799 3232 5852 vitaa
3252 5798 3508 5869 facinora,
3530 5799 3646 5854 hinc
3665 5799 3791 5868 jam
