4028 6444
326 411 461 481 12η

882 519 1137 575 ΚΕΦΛΛ.
1205 514 1352 568 PlB’.

852 609 994 677 Περὶ
1036 605 1386 661 Σαῦϐατίου.

397 703 696 767 Σαϐϐάτιος
746 700 970 770 ὀνόματι
1012 694 1297 765 κοσμικὸς,
1327 692 1406 763 τῷ
1433 691 1581 761 γένει
1626 689 1911 759 Ἱεριχούν-

327 812 463 857 τιος.
494 795 730 861 γυναῖκα
753 789 913 859 έχων,
947 786 1035 840 διὰ
1056 786 1147 839 τὸν
1164 782 1259 837 τοῦ
1291 782 1428 836 Θεοῦ
1462 780 1628 851 φόϐον
1654 778 1911 833 τοσοῦτον

331 883 545 951 ἐγένετο
574 877 973 949 φιλομονάζων,
1009 874 1085 937 ὠς
1132 870 1421 927 κυκλεύειν
1450 870 1639 923 τοῦτον
1672 868 1776 923 ἀνά
1813 866 1913 931 τὰς

330 972 545 1035 κέλλας,
577 968 672 1022 καὶ
701 969 798 1037 τήν
830 966 1034 1035 ἔρημον
1065 964 1242 1017 πᾶσαν
1300 963 1359 1015 ἐν
1408 962 1530 1023 ταῖς
1581 957 1753 1025 νυξίν.
1802 957 1913 1011 Καὶ

332 1059 453 1112 καθ’
519 1058 759 1125 ἑκάστην
799 1054 967 1124 μονὴν
1007 1051 1184 1121 λάθρα
1232 1050 1339 1116 ἔξω
1386 1048 1596 1102 τιθέναι
1644 1045 1908 1115 φοινίκων

335 1147 517 1217 μόδιον
547 1146 666 1209 ἐνα,
720 1144 818 1197 καὶ
870 1142 1119 1211 λαχάνων
1148 1138 1209 1191 τὸ
1236 1136 1535 1208 αὔταρκες,
1592 1134 1683 1187 διά
1734 1133 1798 1187 τὸ
1836 1134 1913 1205 μὴ

331 1235 531 1287 ἐσθίειν
571 1234 734 1304 ἄρτον
787 1232 916 1293 τοὺς
970 1226 1215 1299 ἀσκητάς
1276 1225 1420 1280 κατά
1466 1225 1558 1279 τὸν
1617 1225 1911 1296 Ἰορδάνην.

333 1324 519 1390 Τούτῳ
550 1322 607 1375 δέ
641 1322 719 1391 τῷ
749 1317 976 1390 δεξιωτῇ
1009 1316 1116 1371 τῶν
1157 1315 1431 1387 μοναχῶν,
1456 1315 1551 1369 καὶ
1586 1314 1912 1385 εὐτραπέζῳ

332 1412 439 1466 τῶν
467 1410 774 1481 ἐγκρατῶν,
819 1409 915 1479 μιᾷ
942 1405 1049 1460 τῶν
1082 1403 1307 1476 ἡμερῶν
1359 1403 1762 1472 ἀποκομίσαντι
1798 1405 1914 1467 τοῖς

332 1501 509 1569 ἁγίοις
538 1500 606 1552 τὰ
630 1499 730 1568 τῆς
764 1498 1050 1566 ἀσκήσεως
1077 1494 1377 1565 ἐπιτήδεια,
1415 1494 1565 1564 ζήλῳ
1614 1492 1711 1546 τοῦ
1740 1509 1914 1563 πονη-

335 1590 429 1660 ροῦ
452 1587 627 1657 τούτῳ
651 1587 786 1639 λέων
808 1586 1140 1655 ὑπήντησεν,
1168 1582 1260 1637 τοῦ
1297 1581 1493 1652 ἐχθροῦ
1521 1581 1631 1635 τῶν
1661 1581 1913 1653 μοναχῶν

332 1680 424 1733 τὸν
454 1680 725 1749 ἀνήμερον
754 1676 899 1747 θῆρα
932 1674 1075 1727 κατά
1096 1673 1189 1727 τοῦ
1223 1673 1473 1727 διακόνου
1498 1671 1675 1725 αὐτῶν
1705 1671 1915 1739 ἐξεγεί-

335 1785 546 1839 ραντος,
567 1757 844 1836 ’στερῆσαι
876 1762 1271 1825 σπουδάζοντος
1298 1759 1573 1823 κάκείνοις
1620 1760 1719 1827 τὴν
1774 1760 1908 1813 ἀνά-

336 1873 559 1920 παυσιν,
587 1855 682 1909 καὶ
713 1853 902 1907 τοῦτον
931 1852 1032 1920 τῆς
1062 1849 1397 1921 προθέσεως.
1435 1850 1545 1903 Καὶ
1587 1848 1914 1902 καταλαϐὼν

331 1947 498 2000 αὑτὸν
526 1947 555 1999 6
587 1945 689 2015 θὴρ
716 1944 825 1997 ἀπὸ
853 1942 1078 2013 σημείου
1104 1940 1222 2004 ἐνὸς
1248 1939 1359 1993 τῶν
1401 1939 1673 2010 μοναχῶν,
1708 1941 1774 2009 τῇ
1807 1939 1914 2009 ἰδίᾳ

330 2036 494 2104 δρακὶ
528 2029 668 2089 ὦσεν
708 2032 894 2093 αὐτὸν,
931 2031 1029 2084 καὶ
1080 2027 1476 2099 κατέστρεψεν.
1526 2026 1669 2080 Ἀλλ’
1732 2027 1761 2078 6
1816 2028 1912 2079 ἐπὶ

332 2124 426 2177 τοῦ
464 2122 662 2191 Δανιὴλ
716 2120 933 2185 διδάξας
980 2118 1267 2186 νηστεύειν
1326 2118 1455 2179 τοὺς
1501 2115 1750 2181 λέοντας,
1820 2118 1917 2171 καὶ

335 2213 523 2265 τοῦτον
555 2211 654 2278 τῆς
678 2208 770 2262 τοῦ
807 2192 1116 2274 φιλεντόλου
1152 2205 1335 2273 θοίνης
1366 2201 1640 2256 ἐκώλυσεν
1669 2202 1915 2273 σφοδρῶς

338 2298 611 2350 πεινῶντα
649 2294 739 2347 τὸν
766 2294 974 2346 λέοντα.
1008 2291 1099 2357 Ἐξ
1129 2285 1203 2345 ὧν
1231 2292 1325 2343 τὸν
1376 2291 1495 2343 ὅνον
1542 2291 1636 2343 τοῦ
1661 2292 1917 2361 γέροντος

332 2384 516 2438 λαϐὼν
545 2380 911 2453 ἀνεχώρησεν.
952 2380 1011 2432 '0
1044 2380 1152 2448 γὰρ
1184 2379 1357 2449 τούτῳ
1387 2377 1485 2449 τὴν
1508 2378 1655 2448 ζωὴν
1689 2380 1931 2451 χαρισάπ

339 2489 519 2545 μενος,
562 2470 655 2523 καὶ
688 2469 779 2522 τοῦ
814 2468 977 2537 θηρὸς
1015 2466 1113 2537 τὴν
1138 2468 1325 2519 πεῖναν
1347 2465 1801 2537 παρεμυθήσατο.

898 2556 1153 2608 ΚΕΦΑΛ.
1196 2555 1343 2609 PII".

828 2643 971 2712 Περὶ
1025 2642 1393 2712 Φιλορώμου.

406 2729 807 2801 Περιετύχομεν
860 2730 919 2781 ἐν
979 2726 1217 2795 Γαλατίᾳ
1286 2726 1383 2779 καὶ
1452 2727 1917 2798 συνεχρονίσαμεν

340 2821 536 2893 μακρῷ
558 2821 734 2891 χρόνῳ
766 2816 845 2887 τῷ
894 2814 1294 2885 θεοφιλεστάτῳ
1334 2815 1699 2887 πρεσϐυτέρῳ
1758 2817 1916 2870 Φιλο-

339 2910 531 2981 ρώμῳ,
575 2908 731 2978 ἀνδρὶ
779 2904 1213 2975 ἀσκητικωτάτῳ
1269 2906 1365 2958 καὶ
1421 2908 1911 2977 καρτερικωτάτῳ.

343 3002 442 3062 Ὃς
463 2999 691 3069 ὥρμητο
733 2996 831 3066 μὲν
863 2996 919 3060 ἐξ
954 2993 1214 3053 οἰκέτιδος
1258 2994 1465 3064 μητρὸς
1520 2995 1808 3067 ἐλευθέρου
1858 2997 1917 3051 δέ

336 3087 564 3158 πατρός.
623 3084 905 3152 Τοσαύτην
951 3083 1008 3135 δέ
1065 3082 1346 3149 εὐγένειαν
1392 3084 1648 3153 ἐνάρετον
1691 3088 1772 3148 εἰς
1814 3087 1916 3157 τὴν

1545 392 1909 481 HISTORIA
1946 387 2339 451 LAUSIACA.

1610 484 1613 493 ’
1931 505 1977 563 Α
2016 499 2212 562 σίλειος
2246 498 2569 563 ἐπίσκοπος,
2603 494 2865 567 ἡδόμενος
2894 489 3060 551 αὑτοῦ
3085 493 3152 565 τῇ
3181 490 3477 564 αὐστηρίᾳ,
3508 493 3608 548 καὶ

3474 378 3607 448 1218

2012 588 2078 657 τῇ
2112 586 2429 657 στυφότητι,
2452 586 2546 639 καὶ
2578 582 2879 655 προσεχεία
2907 580 3002 635 τοῦ
3059 580 3227 652 ἐργου
3248 596 3260 609 ·
3320 578 3380 644 ὃς
3434 580 3607 634 εἰσέτι

2013 673 2111 726 καὶ
2146 672 2242 725 νῦν
2272 672 2366 726 τοῦ
2397 672 2645 743 καλάμου
2673 672 2770 725 καὶ
2797 670 2895 741 τῆς
2927 668 3186 741 τετράδος
3237 667 3331 720 τοῦ
3368 667 3608 737 γράφειν

2011 758 2472 831 οὐκένεχώρησεν,
2524 758 2882 830 ὀγδοηκοστόν
2954 774 3057 809 που
3135 757 3285 825 ἄγων
3344 753 3463 818 ἔτος
3507 755 3607 821 τῆς

2013 846 2251 918 ἡλικίας.
2283 840 2452 912 Οὗτος
2486 847 2689 919 ἔφησεν
2721 849 2749 899 6
2804 845 3097 918 μακάριος,
3129 844 3211 896 ὅτι
3242 843 3334 911 ἀφ’
3369 836 3431 895 οὐ
3466 844 3601 910 ἐμυ-

2016 935 2349 1007 σταγωγήθη
2377 936 2474 989 καὶ
2496 933 2832 1005 ἀνεγεννήθη
2850 934 2909 997 ἐξ
2928 932 3120 995 ὓδατος
3144 930 3241 984 καὶ
3264 928 3405 982 Πνεύ
3415 945 3605 996 ματος,

2017 1023 2177 1094 μέχρι
2209 1024 2309 1093 τῆς
2342 1024 2582 1095 σήμερον
2612 1025 2849 1094 ἡμέρας,
2886 1023 3053 1091 ἄρτον
3077 1019 3362 1090 ἀλλότριον
3395 1016 3608 1086 δωρεάν

2014 1111 2074 1163 οὑ
2100 1110 2379 1180 βέϐρωκεν
2410 1113 2561 1181 παρά
2591 1128 2721 1176 τινι,
2771 1110 2889 1165 ἀλλ’
2939 1113 3005 1162 ἐκ
3040 1108 3152 1161 τῶν
3198 1106 3347 1159 ίδίων
3400 1104 3603 1168 πόνων,

2014 1196 2112 1250 καὶ
2144 1198 2235 1251 ἐπὶ
2258 1196 2395 1251 Θεοῦ
2421 1199 2568 1268 ἡμᾶς
2596 1196 2834 1263 ἔπεισεν,
2864 1197 2948 1250 ὅτι
2973 1194 3227 1249 διακόσια
3255 1193 3607 1263 πεντήκοντα.

2015 1284 2335 1357 νομίσματα
2367 1287 2433 1339 ἐκ
2475 1286 2570 1339 τοῦ
2595 1282 2762 1356 ἔργου
2796 1286 2907 1339 τῶν
2934 1282 3137 1356 χειρῶν
3178 1282 3344 1335 αὐτοῦ
3369 1279 3612 1348 λελωϐη-

2019 1372 2201 1443 μένοις
2266 1373 2541 1440 δέδωκεν,
2595 1374 2864 1446 ἀδικήσας
2922 1373 3118 1426 οὐδένα
3168 1370 3450 1423 οὐδέποτε.
3511 1368 3611 1430 ‘Oc

2017 1456 2156 1533 πεζῇ
2184 1464 2250 1533 τῇ
2281 1464 2480 1535 πορεία
2507 1463 2602 1517 καὶ
2640 1464 2836 1534 μέχρις
2860 1461 3032 1532 αὐτῆς
3074 1459 3296 1530 Ῥώμης
3325 1456 3606 1527 ἀπῆλθεν,

2016 1546 2306 1620 εὐξάμενος
2358 1552 2439 1614 είς
2460 1550 2522 1604 τὸ
2561 1551 2867 1620 ἁγιώτατον
2921 1548 3222 1621 μαρτύριον
3274 1547 3383 1599 τῶν
3427 1546 3611 1616 μακά-

2017 1653 2128 1705 ρων
2161 1637 2255 1690 καὶ¹
2290 1638 2454 1709 ἱερῶν
2483 1638 2800 1693 ἀποστόλων
2829 1637 2924 1691 τοῦ
2968 1634 3209 1709 Χριστοῦ
3252 1635 3461 1705 Πέτρου
3516 1632 3611 1686 καὶ⁵

2020 1724 2256 1779 Παύλου.
2287 1726 2534 1796 Ἔφθασε
2569 1726 2625 1779 δὲ
2660 1727 2753 1779 καὶ
2802 1727 2996 1797 μέχρις
3047 1722 3481 1793 Ἀλεξανδρείας,
3516 1722 3613 1775 εὐ-

1950 1831 1990 1885 B
2022 1808 2249 1880 ξὸμενος
2278 1813 2359 1876 είς
2388 1814 2449 1866 τὸ
2485 1813 2795 1885 μαρτύριον
2833 1814 2927 1866 τοῦ
2960 1812 3145 1883 τιμίου
3182 1809 3417 1880 ἀθλητοῦ
3448 1810 3610 1879 Μάρ-

2018 1917 2137 1957 κου.
2172 1898 2536 1973 Κατηξιώθην
2590 1904 2668 1968 δὲ,
2693 1904 2819 1974 ἔφη,
2844 1904 3004 1974 χάριν
3030 1902 3217 1971 εὐχῆς,
3243 1901 3335 1954 καὶ
3358 1899 3614 1969 δεύτερον

2019 1988 2078 2040 έν
2118 1989 2515 2061 Ἰεροσολύμοις
2541 1993 2621 2055 είς
2662 1991 2831 2061 τιμὴν
2875 1990 2985 2044 τῶν
3020 1990 3194 2058 ἁγίων
3243 1989 3426 2041 τόπων
3460 1987 3615 2051 ίδίοις

2019 2075 2273 2131 ἀπελθὼν
2299 2080 2480 2145 ποσὶν,
2509 2080 2606 2132 καὶ
2653 2078 3007 2149 ἀναλώμασιν
3048 2077 3230 2147 ἐαυτῷ
3255 2076 3612 2146 ,ἐπαρκέσαᾳ

2024 2164 2251 2234 Ἔλεγεν
2271 2166 2328 2220 δέ
2349 2168 2484 2237 ἡμῖν
2508 2162 2663 2231 οὗτος
2693 2166 2854 2230 αὐτὸς
2900 2168 3061 2238 χάριν
3091 2165 3184 2219 τοῦ
3211 2165 3359 2235 ἡμᾶς
3390 2162 3615 2232 ὠφελη-

2022 2254 2201 2323 θῆναι,
2237 2255 2318 2308 ὄτι
2365 2254 2442 2310 Οὐ
2486 2256 2774 2326 μέμνημαί
2824 2273 2955 2308 ποτε
2998 2254 3243 2317 ἀποστὰς
3290 2253 3434 2306 κατὰ
3486 2250 3616 2305 νοῦν

2018 2342 2112 2395 τοῦ
2158 2342 2294 2397 Θεοῦ
2346 2361 2470 2413 μου.
2517 2344 2705 2398 Ταῦτα
2751 2345 2823 2398 τὰ
2848 2340 2987 2398 ἆθλα
3014 2344 3109 2398 τοῦ
3154 2343 3425 2413 μακαρίου
3459 2341 3617 2394 Φιλο-

2022 2429 2232 2500 ρώμου,
2266 2431 2363 2483 καὶ
2401 2433 2458 2484 ἐν
2489 2432 2701 2495 τούτοις
2728 2434 2763 2503 ή
2807 2431 3075 2503 ἀήττητος
3119 2430 3282 2499 νίκη’
3331 2430 3424 2483 καὶ
3462 2429 3616 2497 αὐτῷ

2019 2516 2340 2569 ἀποδέδοται
2388 2518 2494 2571 τῶν
2524 2520 2815 2590 μακαρίων
2859 2519 3039 2572 πόνων
3078 2518 3141 2572 τὸ
3177 2517 3372 2589 πέρας,
3406 2519 3435 2573 6
3469 2517 3616 2587 ἀμα-

1918 2592 1923 2603 ’
2028 2603 2285 2675 ράντινος
2316 2605 2414 2675 τῆς
2439 2606 2595 2677 δόξης
2621 2607 2902 2675 στέφανος.

2605 2709 2858 2765 ΚΕΦΑΛ.
2891 2706 3036 2762 ΡΙΔ⁸.

2515 2816 2659 2885 Περὶ
2699 2816 3086 2885 Σευηριανοῦ.

2103 2904 2195 2958 Ἐν
2233 2903 2478 2976 Ἀγκύρᾳ
2500 2905 2604 2975 τῆς
2631 2906 2921 2969 Γαλατίας,
2955 2906 3012 2957 ἐν
3040 2904 3176 2977 αὐτῇ
3208 2906 3273 2976 τῇ
3306 2904 3483 2971 πόλει,
3514 2913 3614 2956 πε-

2024 2992 2270 3062 ριέτυχον
2302 2992 2622 3064 Σευηριανῷ
2652 3010 2759 3046 τινι
2802 2993 3176 3064 λαμπροτάτῳ
3204 2993 3316 3047 ἀπὸ
3356 2993 3616 3064 κομήτων

2021 3079 2137 3149 ἄμα
2172 3082 2238 3149 τῇ
2289 3079 2480 3133 τούτου
2531 3080 2794 3151 ἐλευθέρα
2846 3080 3143 3152 Βοσπορίᾳο
3175 3073 3250 3133 ῶν
3280 3082 3375 3134 καὶ
3399 3080 3607 3151 μικρὰν

334 3176 478 3229 κατά
509 3175 600 3228 τὸν
624 3172 860 3244 Χριστὸν
886 3170 1191 3234 ἐνεδείξατο
1237 3170 1537 3235 πολιτείαν,
1588 3171 1664 3235 ὡς
1698 3174 1792 3226 καὶ
1822 3175 1920 3227 αὑ·
1946 3195 1989 3252 C
2024 3170 2219 3235 πεῖραν
2276 3167 2434 3238 ἔσχον
2460 3184 2474 3199 °
2510 3169 2707 3230 οἵτινες
2752 3170 2845 3222 ἐπὶ
2886 3169 3143 3223 τοσοῦτον
3201 3168 3433 3223 ἐλπίδων
3474 3186 3614 3241 χρη-

333 3266 462 3327 τοὺς
492 3265 618 3326 τοὺς
650 3262 943 3330 ἀνικήτους
996 3262 1056 3312 έν
1086 3260 1232 3327 γένει
1283 3259 1547 3312 αίδεῖσθαι
1597 3260 1763 3313 αὐτοῦ
1818 3261 1916 3333 τὴν

338 3352 654 3420 ίσάγγελλον
689 3349 855 3419 ζωὴν,
906 3348 1002 3402 καὶ
1056 3347 1156 3417 τὴν
1195 3349 1295 3415 τῆς
1348 3347 1638 3417 ἀσκήσεως
1695 3349 1921 3419 ἐνεργὸν

334 3441 560 3510 ἀρετήν.
584 3431 754 3499 Οὗτος
777 3434 1087 3501 ἀπετάξατο
1116 3434 1175 3485 έν
1224 3435 1344 3497 ταῖς
1397 3434 1637 3505 ἡμέραις
1695 3436 1921 3491 Ἰουλια-

336 3528 430 3583 νοῦ
464 3527 557 3581 τοῦ
581 3524 900 3592 δυσωνύμου
954 3522 1242 3594 βασιλέως,
1295 3523 1391 3577 καὶ
1439 3523 1579 3591 μετὰ
1610 3526 1922 3595 παρρησίας

335 3615 584 3685 διελέχθη
615 3614 789 3681 τούτῳ
819 3614 895 3681 τῷ
921 3610 1174 3664 δυσσεϐεῖ
1196 3612 1225 3662 6
1260 3611 1511 3678 γενναῖος
1552 3610 1648 3663 τοῦ
1679 3612 1919 3681 Χριστοῦ

337 3703 581 3773 ἀθλητὴς
606 3704 634 3755 6
655 3700 969 3770 Φιλόρωμος
987 3714 1003 3729 ο
1044 3697 1105 3750 ὃν
1137 3696 1462 3767 ξυρισθῆναι
1486 3698 1799 3762 ἐκέλευσεν,
1827 3700 1922 3753 καὶ

339 3792 447 3846 ὑπὸ
476 3788 776 3859 παιδαρίων
809 3783 1147 3839 ἐντονώτατα
1180 3784 1559 3851 κοσσισθῆναι.
1596 3788 1692 3850 Ὃς
1720 3789 1923 3859 ἐγκαρ-

336 3878 578 3949 τερήσας
605 3875 684 3946 τῷ
707 3874 1015 3946 πράγματι,
1045 3874 1139 3925 καὶ
1160 3872 1393 3942 χάριτας
1434 3872 1584 3943 αὐτῷ
1632 3873 1921 3943 ὡμολόγη-

340 3983 457 4029 σεν,
492 3964 567 4027 ώς
598 3961 759 4025 αὐτὸς
814 3962 943 4031 ἡμῖν
981 3958 1299 4030 διηγήσατο.
1351 3959 1539 4031 Τούτῳ
1578 3960 1804 4015 ἐπέθετο
1846 3962 1925 4033 τῷ

338 4053 576 4123 γενναίῳ
618 4053 676 4104 ὲν
706 4048 1018 4119 προοιμίοις
1076 4048 1106 4100 6
1148 4048 1249 4117 τῆς
1276 4048 1533 4119 πορνείας
1566 4048 1802 4120 πόλεμος
1830 4052 1927 4106 καὶ

337 4144 440 4209 τῆς
497 4137 961 4210 γαστριμαργίας,
1016 4134 1091 4197 ῶς
1125 4133 1433 4203 ἐλεγενσὸς
1478 4138 1822 4207 τυραννῆσαν
1866 4138 1927 4192 τὸ

340 4230 514 4293 πάθος
551 4227 810 4297 ἐξήλασεν
831 4240 847 4254 '
888 4224 1139 4294 καθάπερ
1168 4222 1450 4292 πυρκαϊὰν
1475 4224 1715 4296 ἄμετρον
1769 4225 1927 4281 ὑδατι

340 4318 529 4387 λάϐρῳ
556 4312 903 4376 κατασϐέσας
938 4312 1113 4382 ἄκρας
1147 4312 1479 4380 ἐγκρατείας
1532 4313 1665 4384 ὅρῳ,
1709 4314 1927 4387 σιδηρο-

340 4404 507 4475 φορία
536 4421 616 4467 τε,
650 4401 745 4455 καὶ
785 4398 1119 4469 ἐγκλεισμῷ,
1151 4398 1245 4452 καὶ
1280 4399 1457 4470 ἀποχῇ
1496 4399 1802 4471 βρωμάτων
1831 4404 1927 4457 καὶ

342 4494 544 4546 σιτίνου
574 4492 765 4560 ἄρτου,
797 4487 894 4540 καὶ
926 4485 1261 4552 ἁπαξαπλῶς
1293 4490 1513 4540 πάντων
1561 4489 1671 4542 τῶν
1718 4490 1925 4561 ἑψομέ-

2027 3254 2167 3307 στῶν
2190 3255 2617 3327 ἐπληρώθησαν,
2646 3258 2719 3320 ὼς
2760 3258 2854 3311 καὶ
2886 3258 2953 3311 τὰ
3004 3259 3172 3311 τέκνα
3212 3258 3392 3311 αὐτῶν
3437 3275 3617 3329 παρα-

2024 3344 2369 3411 λογίσασθαι,
2392 3343 2543 3415 έργῳ
2572 3345 2641 3398 τὰ
2694 3345 2959 3415 μέλλοντα
2996 3345 3308 3415 βλέποντες.
3342 3344 3456 3409 Τάς
3506 3346 3617 3417 γὰρ

2040 3435 2338 3505 προσόδους
2370 3434 2490 3487 τῶν
2522 3435 2741 3505 χωρίων
2766 3434 3152 3489 ἀναλίσκουσιν
3203 3438 3283 3498 είς
3333 3437 3458 3499 τοὺς
3501 3435 3617 3489 δεο-

2028 3522 2244 3591 μένους,
2266 3520 2484 3591 ἔχοντες
2512 3523 2787 3586 τέσσαρας
2819 3523 2969 3584 υίοὺς
3004 3524 3097 3575 καὶ
3138 3523 3233 3576 δύο
3286 3523 3613 3593 θυγατέρας,

2025 3605 2109 3671 οἷς
2139 3608 2266 3661 οὐδὲ
2298 3609 2486 3679 κτῆμα
2508 3609 2772 3671 ἐδίδοσαν,
2799 3609 3073 3680 παρεκτὸς
3100 3612 3209 3663 τῶν
3236 3609 3612 3679 γαμηθεισῶν·

2026 3694 2278 3763 λέγοντες
2298 3699 2409 3759 τοῖς
2428 3695 2635 3759 λοιποῖς
2646 3696 2756 3749 τῶν
2770 3698 2999 3762 τέκνων,
3022 3698 3107 3751 ὅτι
3121 3698 3275 3751 Μετά
3295 3697 3394 3769 μὲν
3412 3698 3618 3768 ήμετέ-

2030 3801 2131 3854 ραν
2170 3785 2470 3839 ἀποϐίωσιν
2515 3786 2695 3840 πάντα
2728 3788 2878 3840 ἐστὶν
2922 3787 3189 3858 ὑμέτερα,
3222 3788 3280 3840 ἐν
3311 3779 3354 3854 ᾧ
3375 3788 3432 3841 δέ
3459 3786 3617 3858 περί-

2028 3892 2219 3945 εσμεν,
2243 3876 2370 3939 τοὺς
2386 3877 2633 3947 καρποὺς
2653 3876 2763 3930 τῶν
2779 3877 3076 3947 κτημάτων
3094 3879 3255 3948 ήμεῖς
3277 3878 3619 3947 κομισόμεθα

2026 3962 2375 4033 διανέμοντες
2395 3964 2737 4033 ἐκκλησίαις,
2755 3965 2849 4018 καὶ
2867 3965 3278 4037 μοναστηρίοις.
3302 3967 3397 4019 καὶ
3415 3965 3621 4030 ξενοδο-

2033 4051 2223 4121 χείοις,
2249 4052 2345 4106 καὶ
2374 4054 2509 4106 πᾶσι
2536 4056 2650 4114 τοῖς
2672 4052 2970 4124 δεομένοις
3002 4046 3077 4109 ὧν
3104 4056 3163 4109 αί
3190 4054 3350 4125 εὐχαὶ
3371 4055 3465 4109 καὶ
3488 4055 3621 4126 ὑμῖν

2030 4140 2126 4194 καὶ
2155 4141 2308 4210 ἡμῖν,
2340 4136 2385 4194 ῶ
2411 4141 2601 4206 τέκνα,
2624 4141 2723 4211 τὴν
2752 4141 2969 4197 αἰώνιον
2995 4142 3141 4213 ζωὴν
3168 4138 3291 4197 ἀντὶ
3320 4144 3420 4214 τῆς
3453 4161 3622 4217 προσ-

2031 4228 2224 4298 καίρου
2248 4229 2453 4299 ταύτης
2479 4230 2574 4283 καλ⁸
2597 4230 2859 4283 ἐπιπόνου
2884 4230 3201 4299 παρέξουσι.
3230 4232 3339 4285 Καὶ
3365 4232 3523 4285 τοῦτο
3565 4233 3622 4287 δὲ

2032 4316 2217 4379 αὐτοῖς
2246 4316 2501 4386 ἐνάρετον
2533 4316 2775 4387 ὑπῆρξεν
2799 4333 2811 4346 ·
2844 4318 3004 4388 λιμοῦ
3029 4319 3326 4389 γενομένου
3356 4321 3617 4389 μεγάλου,

2033 4404 2128 4457 καὶ
2167 4404 2307 4458 κατὰ
2351 4404 2678 4475 σπλάγχνων
2713 4405 3021 4477 χωροῦντος
3048 4407 3268 4461 πάντων
3290 4407 3618 4477 ἀνθρώπων,

2036 4492 2158 4544 τότε
2182 4493 2381 4544 ἐκεῖνοι
2416 4492 2513 4554 τάς
2543 4493 2787 4564 αἱρέσεις
2820 4493 2917 4558 τὰς
2950 4495 3129 4548 ἐκεῖσε
3178 4495 3260 4560 είς
3306 4494 3621 4567 ὀρθοδοξίαν

340 4597 449 4634 νων
478 4578 567 4631 διὰ
600 4553 793 4647 πυρὸς,
840 4574 1277 4643 διακαρτερήσας
1333 4575 1391 4626 ἐν
1426 4574 1640 4639 τούτοις
1669 4553 1772 4629 ἐπὶ.
1796 4553 1928 4631 δέκα
1964 4553 2007 4607 D
2039 4580 2398 4649 μετήνεγκαν.
2445 4553 2533 4632 Ἑν
2566 4553 2781 4645 πὸλλοῖς
2810 4553 2920 4653 γὰρ
2980 4583 3204 4655 χωρίοις
3238 4553 3373 4648 τοὺς
3405 4553 3613 4637 σιτοϐο-

339 4668 437 4723 καὶ
497 4665 641 4720 ὀκτὼ
693 4664 887 4718 ἐτεσιν.
947 4661 1134 4723 Ὅστις
1194 4661 1365 4713 ταῦτα
1414 4662 1790 4733 ὑπερνικήσας
1861 4666 1931 4719 τὰ

339 4757 552 4811 ἄτακτα
583 4752 753 4822 πάθη,
784 4747 915 4825 ᾖσεν
945 4749 1038 4802 τὸν
1059 4748 1327 4801 ἐπινίκιον
1358 4747 1529 4819 ὕμνον
1577 4750 1655 4821 τῷ
1681 4752 1927 4824 Χριστῷο

350 4846 588 4915 Ὑψώσω
613 4860 693 4906 σε,
723 4842 918 4912 Κύριε,
960 4840 1041 4893 δτι
1071 4838 1344 4902 ὑπέλαϐές
1368 4857 1456 4907 με,
1484 4841 1578 4894 καὶ
1595 4841 1695 4894 οὐκ
1724 4842 1931 4915 εὐφρα..

339 4953 437 4998 νας
464 4936 589 4996 τοὺς
616 4931 845 5002 ἐχθρούς
884 4946 986 4997 μου
1018 4930 1104 4981 ἐπ’
1138 4930 1261 4997 ἐμέ.
1295 4924 1463 4993 Οὗτος
1491 4930 1595 4983 ὑπὸ
1614 4931 1723 4985 τῶν
1760 4948 1928 4987 πνευ-

343 5024 533 5091 μάτων
563 5020 663 5090 τῆς
712 5019 980 5088 πονηρίας
1024 5017 1297 5085 διαφόρως
1325 5016 1659 5087 πολεμηθεὶς
1693 5020 1927 5091 ἐνεκαρ-

339 5110 574 5180 τέρησεν
626 5110 684 5161 ἐν
755 5108 838 5159 ἐν).
900 5105 1249 5176 μοναστηρίῳ
1304 5106 1720 5175 τεσσαράκοντα
1801 5108 1924 5179 ἔτη.

353 5199 646 5267 Ἀφηγεῖτο
667 5195 724 5248 δὲ
745 5190 920 5259 οὗτος,
951 5194 1035 5245 ὅτι
1086 5192 1209 5245 Ἐπὶ
1239 5193 1533 5262 τριάκοντα
1583 5195 1678 5247 καὶ
1710 5194 1803 5248 δύο
1828 5196 1923 5268 ἔτη

339 5286 599 5356 οὐδεμιᾶς
631 5283 852 5355 ὀπώρας
882 5281 1129 5352 ἡψάμην.
1154 5283 1365 5345 Δειλίας
1395 5281 1454 5334 δέ
1480 5283 1610 5335 ποτέ
1640 5301 1730 5353 με,
1768 5287 1926 5354 φησὶ,

341 5374 735 5444 πολεμησάσης
762 5375 842 5435 είς
872 5371 1065 5441 ἄκρον,
1101 5369 1178 5433 ὡς
1216 5372 1311 5423 καὶ
1358 5370 1457 5441 τὴν
1492 5371 1706 5442 ἡμέραν
1756 5375 1925 5445 αὐτὴν

340 5461 575 5530 ἐκφοϐον
605 5458 871 5529 γίνεσθαι,
924 5458 1061 5528 πρὸς
1124 5456 1187 5509 τὸ
1240 5458 1445 5529 ταύτης
1517 5460 1923 5529 περιγενέσθαι,

345 5551 592 5622 μνήματι
630 5536 823 5601 ἐαυτὸν
847 5545 1131 5616 καθεῖρξεν
1164 5546 1258 5597 ἐπὶ
1310 5545 1405 5617 ἐτη
1438 5546 1517 5613 ἐξ.
1557 5550 1669 5601 Καὶ
1719 5549 1924 5620 ταύτης

342 5636 695 5706 περιεγένετο
714 5634 805 5686 τὸν
835 5634 893 5699 ἐξ
916 5633 1135 5702 ἐπαφῆς
1165 5633 1402 5703 πόλεμον
1434 5635 1749 5705 πολεμήσας
1784 5638 1925 5707 μετά

338 5724 437 5779 τοῦ
473 5723 781 5792 πνεύματος
832 5719 925 5773 τοῦ
967 5721 1063 5790 τὴν
1113 5720 1321 5773 δειλίαν
1368 5723 1545 5794 τούτῳ
1597 5725 1918 5793 ἐπάγοντος.

338 5817 387 5869 Τ
393 5812 546 5868 ούτου
576 5813 668 5867 τοῦ
695 5811 938 5883 ἀοιδίμου
968 5812 1108 5864 πάνυ
1144 5814 1368 5881 ὲκήδετο
1414 5817 1441 5868 6
1501 5816 1771 5885 μακάριος
1820 5817 1921 5871 Ba.

593 5906 863 5964 PA'I‘ROL.
903 5905 1019 5964 Gn.
1082 5906 1191 5962 XX
1210 5910 1245 5961 ὃ.
1266 5906 1365 5966 Π.

2034 4666 2212 4729 λῶνας
2246 4666 2455 4719 ἑαυτῶν
2491 4668 2805 4735 ἀνοίξαντες
2832 4670 3156 4741 παρέθηκαν
3198 4673 3278 4734 είς
3320 4672 3619 4743 διατροφὴν

2031 4756 2145 4817 τοῖς
2177 4753 2466 4809 πεινῶσιν.
2503 4753 2594 4817 Ὠς
2621 4756 2685 4808 ἐκ
2709 4756 2809 4825 τῆς
2837 4756 3041 4810 τούτων
3065 4758 3275 4826 ἀφάτου
3313 4758 3619 4829 φιλανθρω-

2032 4840 2164 4903 πίας
2190 4841 2270 4904 είς
2301 4840 2430 4912 μίαν
2463 4842 2785 4912 συμφωνίαν
2816 4843 2918 4911 τῆς
2957 4843 3125 4915 ὀρθῆς
3164 4846 3401 4910 πίστεως
3430 4848 3618 4900 συνελ-

2036 4927 2151 4981 θεῖν
2181 4928 2279 4991 τὰς
2305 4930 2567 5001 αἱρέσεις,
2609 4929 2933 4996 δοξάζοντας
2965 4930 3057 4983 τὸν
3086 4931 3219 4983 Θεὸν
3250 4933 3344 4985 ἐπὶ
3383 4935 3449 5004 τῇ
3490 4935 3616 4988 τού-

2030 5034 2137 5070 των
2162 5017 2307 5087 ἀπλῇ
2346 5018 2527 5069 πίστει
2563 5020 2658 5070 καὶ
2692 5019 2913 5089 ἀμέτρῳ
2972 5020 3212 5091 εὐποιίᾳ.
3253 5020 3318 5073 Ἦ
3365 5020 3422 5075 δέ
3477 5020 3612 5093 ἄλλη

2030 5105 2263 5175 ἄσκησις
2296 5103 2502 5157 τούτων
2533 5104 2836 5175 θαυμασία,
2864 5106 3050 5177 σχῆμα
3094 5108 3428 5179 σεμνότατον
3487 5108 3615 5163 καθ’

2031 5192 2357 5262 ὑπερϐολὴν,
2383 5190 2599 5261 λιτότης
2627 5192 2856 5263 ἐσθῆτος
2883 5196 2976 5248 καὶ
3001 5195 3247 5249 εὐτέλεια
3275 5195 3405 5267 παρ’
3428 5196 3616 5261 αὐτοῖς

2031 5280 2203 5350 πολλὴ
2237 5279 2333 5333 καὶ
2364 5279 2761 5352 ἀνέκφραστος.
2808 5282 3218 5351 Ὀλιγοδάπανοι
3244 5285 3451 5355 σφόδρα
3470 5285 3615 5339 λιτόο

2027 5386 2152 5439 τητι
2210 5370 2417 5439 τροφῆς
2467 5368 2852 5441 ἀποχρώμενοι
2893 5372 3020 5424 ὅσον
3074 5372 3137 5425 τὸ
3185 5372 3288 5445 ζῇν
3348 5375 3609 5429 ἀπαιτεῖ·

2028 5457 2386 5521 ἐξασκοῦντες
2416 5457 2516 5528 τὴν
2565 5462 2646 5523 είς
2693 5458 2828 5512 Θεὸν
2874 5464 3233 5533 σωφροσύνην
3277 5462 3606 5533 ὑπερφυῶς·

2026 5546 2088 5599 τὸ
2112 5545 2364 5598 πλεῖστον
2397 5545 2505 5599 τῶν
2534 5546 2743 5617 χρόνων
2771 5548 2829 5601 ἐν
2859 5550 3051 5619 ἀγροῖς
3080 5549 3448 5620 διαιτώμενοι,
3491 5551 3611 5621 ἥδι-

2029 5651 2129 5688 στα
2167 5633 2367 5703 μᾶλλον
2398 5636 2463 5704 τῇ
2520 5634 2723 5704 ἠσυχίᾳ
2773 5634 3276 5707 προσομιλοῦντες*
3312 5636 3613 5707 φεύγοντες

2026 5725 2112 5777 ἀεὶ
2137 5727 2232 5785 τὰς
2265 5722 2445 5783 πόλεις
2475 5724 2571 5775 καὶ
2595 5722 2693 5786 τὰς
2720 5725 2785 5776 ἐκ
2813 5724 3018 5779 τούτων
3034 5725 3361 5795 τικτομένας
3386 5726 3608 5788 κακίας·

2030 5816 2238 5885 μήποτε
2260 5810 2337 5881 τῷ
2370 5811 2792 5884 συνασμενισμῷ
2816 5813 2925 5867 τῶν
2951 5812 3125 5884 ὄχλων
3150 5812 3399 5867 σπάσωσί
3418 5829 3469 5868 τι
3497 5814 3607 5867 τῶν

3183 5906 3261 5967 39
