4028 6466
334 404 465 460 1221

1614 397 1928 455 HISTORIA
1977 398 2336 456 LAUSIACA.

3458 404 3477 459 l
3493 403 3598 465 2'22

325 517 747 591 lutelligenttbus
775 517 944 573 oculis
974 517 1242 587 aSpiciuut
1267 522 1466 572 aeterna
1496 515 1630 569 bona
1663 529 1784 583 qua:
1816 529 1910 582 pa-
1938 517 1985 572 Α
2015 523 2277 567 mentum.
2337 516 2575 571 Ilabebat
2622 525 2797 572 autem
2849 532 3061 588 semper
3108 534 3318 590 quoque
3372 534 3596 590 parvum

327 626 445 673 rata
467 623 592 670 sunt
620 628 651 667 a
679 612 773 667 Dei
793 613 981 680 gloria.

905 699 1130 754 CAPUT
1168 696 1326 753 CXV.

739 791 863 847 Vita
890 792 1181 846 Eleemonis
1205 792 1461 844 monachi.

406 886 651 941 Vidimus
694 886 746 939 in
778 885 878 939 hac
908 886 1124 939 civitate
1156 884 1499 947 monachum,
1550 884 1639 952 qui
1670 884 1910 937 ordinem

333 980 732 1048 presbyteratus
762 977 1034 1042 suscipere
1063 979 1346 1031 recusavit.
1380 976 1613 1031 Venerat
1650 984 1823 1029 autem
1846 977 1912 1047 ad

330 1074 439 1122 tale
488 1070 820 1137 propositum
870 1076 990 1136 post
1029 1067 1272 1120 militiam
1318 1066 1495 1135 exigui
1547 1069 1821 1133 temporis.
1868 1066 1916 1120 Is

327 1159 645 1224 vigesimum
672 1173 869 1212 annum
891 1172 1056 1225 agens
1083 1157 1134 1210 in
1162 1156 1572 1215 exercitatione.
1599 1156 1700 1209 hoc
1728 1156 1915 1210 habuit

338 1254 461 1303 vita:
492 1249 785 1303 institutum
817 1256 875 1301 ut
903 1256 1241 1316 permaneret
1266 1246 1404 1314 apud
1444 1246 1674 1300 civitatis
1702 1248 1914 1315 episco—

334 1351 461 1407 pum
492 1340 660 1393 virum
691 1339 1108 1392 sanctissimum.
1156 1336 1247 1391 Est
1276 1345 1452 1390 autem
1485 1336 1617 1390 adeo
1650 1337 1915 1406 benignus

341 1439 397 1484 et
422 1429 751 1491 misericors,
783 1429 1023 1481 utetiam
1056 1426 1214 1480 urbes
1242 1426 1555 1488 circumeat,
1586 1436 1639 1479 et
1668 1426 1917 1479 miserea-

345 1530 429 1573 tur
466 1534 649 1573 eorum
691 1519 779 1585 qui
812 1517 1065 1586 indigent.
1109 1515 1157 1569 Is
1186 1530 1289 1567 non
1339 1514 1553 1582 negligit
1597 1515 1915 1582 custodiam,

340 1626 445 1663 non
480 1609 871 1675 nosocomium,
908 1623 1011 1661 non
1048 1607 1345 1674 ptochium,
1380 1621 1485 1660 non
1522 1607 1776 1670 divitem,
1810 1623 1917 1661 non

332 1710 653 1769 pauperem;
709 1699 801 1753 sed
848 1702 950 1753 fert
995 1713 1151 1766 opem
1204 1697 1456 1751 omnibus
1490 1698 1669 1765 :apnd
1726 1698 1920 1753 dsvites

335 1793 573 1861 quidem,
603 1803 659 1844 ut
686 1790 919 1845 immites
940 1799 996 1843 et
1025 1787 1496 1850 immisericordes,
1528 1790 1687 1843 verba
1720 1790 1921 1844 far-iens

2018 603 2366 673 Evangelimn
2400 606 2501 661 sub
2521 606 2701 669 axilla,
2728 615 2821 661 aut
2848 606 2913 661 ad
2943 612 3022 661 sui
3049 607 3348 663 facitodum
3380 610 3593 677 pericu-

2015 692 2148 757 lum,
2184 710 2308 747 num
2342 705 2600 764 perpetuo
2626 696 2743 751 voci
2776 696 2987 751 Domini
3013 698 3275 762 obediret,
3303 709 3392 753 aut
3421 702 3597 767 potius

2013 795 2231 854 gestans
2261 802 2565 843 sermonem
2590 804 2748 857 quem
2791 800 2906 844 erat
2946 804 3109 859 opere
3153 800 3430 845 executus.
3464 792 3595 846 Tam

2020 878 2323 932 admirabili
2357 879 2499 935 enim
2530 883 2635 935 vita
2667 896 2795 937 usus
2824 891 2907 938 est
2940 883 3024 937 hic
3054 885 3152 948 vir,
3184 893 3238 939 et
3272 886 3403 938 citra
3431 887 3595 939 ullum

2015 968 2271 1035 dedecus,
2296 980 2357 1024 ut
2380 972 2599 1039 perinde
2623 987 2685 1026 ac
2707 975 2974 1027 terrestris
3000 975 3219 1043 angelus
3253 977 3473 1030 creleste
3499 979 3601 1030 iter

2019 1056 2257 1126 legitime
2290 1062 2572 1129 peregerit.
2606 1062 2701 1116 llic
2748 1077 2877 1131 ergo
2906 1077 3025 1116 cum
3059 1063 3281 1119 vidisset
3325 1067 3598 1134 reliquias,

2021 1165 2079 1203 sc
2110 1152 2357 1220 protinus
2403 1170 2604 1209 exuens
2640 1159 3084 1224 superbumerali,
3130 1173 3195 1213 eo
3243 1160 3416 1215 induit
3458 1176 3604 1214 mor-

2021 1249 2191 1295 tuum.
2249 1245 2311 1296 rit
2377 1260 2559 1299 rursus
2607 1261 2727 1300 cum
2791 1264 2977 1315 parum
3035 1250 3404 1316 processisset,
3457 1254 3601 1304 nudo

2019 1336 2198 1401 egenti
2233 1337 2491 1398 occurrit,
2529 1346 2582 1390 ct
2629 1339 2777 1392 stetit
2810 1341 2946 1408 apud
2994 1356 3052 1394 se
3082 1341 3407 1409 disceptans,
3440 1353 3496 1397 et
3525 1345 3603 1397 sic

2024 1424 2350 1479 ratiocinans
2378 1442 2390 1478 :
2415 1427 2696 1493 Quomodo
2746 1444 2844 1498 ego
2872 1430 3110 1498 quidem,
3141 1434 3233 1498 qui
3279 1435 3479 1487 mundo
3517 1449 3603 1488 re-

2022 1515 2282 1579 nuntiavi,
2333 1524 2483 1569 veste
2530 1516 2743 1583 induor,
2780 1519 2941 1573 frater
2988 1530 3165 1574 autent
3215 1537 3366 1577 meus
3418 1524 3603 1593 algore

2022 1605 2354 1659 concrescit?
2394 1607 2437 1659 si
2468 1622 2595 1677 ergo
2638 1625 2735 1678 ego
2789 1625 2910 1664 eum
2958 1611 3134 1669 sivero
3161 1616 3476 1681 exanimari,
3508 1630 3605 1670 ero

2024 1700 2243 1753 omnino
2270 1714 2427 1754 causa
2469 1703 2659 1757 mortis
2691 1703 2950 1771 proximo.
2984 1704 3120 1772 Quid
3149 1721 3297 1776 ergo,
3329 1722 3603 1765 exueusue

2024 1791 2292 1856 scindam,
2317 1801 2367 1845 et
2396 1802 2597 1860 partem
2626 1793 2965 1859 distribuam,
2996 1810 3061 1849 an
3089 1804 3255 1850 totum
3282 1796 3417 1851 :labo
3441 1798 3492 1853 ei
3514 1799 3607 1868 qui

330 1884 403 1938 de
444 1883 831 1944 misericordia,
879 1880 1165 1946 unicuique
1209 1890 1394 1943 autent
1438 1894 1505 1933 ex
1566 1879 1925 1945 indigentibus
1956 1886 2002 1947 Β
2032 1893 2113 1935 est
2146 1883 2318 1937 factus
2369 1884 2431 1936 ad
2466 1884 2557 1937 Dei
2600 1885 2924 1955 imaginem?
2971 1887 3075 1941 Sed
3101 1887 3226 1956 quid
3274 1887 3402 1941 mihi
3435 1898 3489 1942 et
3528 1890 3609 1945 illi

337 1976 621 2043 providens
641 1988 760 2043 quae
794 1984 921 2027 sunt
951 1974 1277 2039 necessaria,
1322 1986 1416 2027 eos
1441 1973 1529 2041 qui
1563 1980 1799 2040 pugnant
1829 1981 1921 2037 pa-

334 2064 576 2132 cificans,
606 2062 761 2117 nudis
799 2062 1148 2130 suppeditans
1189 2062 1523 2127 indumenta,
1563 2062 1778 2131 aegrotis
1806 2075 1922 2113 me—

334 2156 634 2211 dicamenta
662 2155 891 2209 alTerens
919 2155 984 2208 ad
1012 2155 1368 2212 curationem.
1393 2154 1545 2220 Quod
1572 2167 1750 2208 autem
1781 2152 1918 2205 solet

339 2249 453 2302 ﬁeri
492 2246 554 2299 'in
603 2249 853 2300 omnibus
902 2247 1106 2314 magnis
1144 2248 1467 2312 civitatibus,
1512 2246 1564 2299 in
1604 2259 1667 2298 ea
1710 2258 1923 2312 quoque

340 2336 469 2388 lium
493 2351 507 2399 ;
540 2336 591 2387 in
616 2336 820 2402 porticu
844 2335 989 2388 enim
1016 2334 1262 2391 ecclesia:
1287 2337 1429 2403 jacet
1459 2335 1744 2388 multitudo
1773 2349 1925 2386 man—

346 2442 531 2480 corum
578 2441 642 2481 ac
678 2426 1009 2490 mutilorum,
1038 2426 1405 2493 quotidianum
1451 2428 1648 2479 victum
1679 2425 1919 2479 emendi-

342 2518 609 2585 cantium;
642 2518 733 2587 qui
774 2519 966 2586 partim
1012 2518 1226 2586 quidem
1268 2532 1461 2573 uxores
1500 2534 1606 2571 non
1635 2517 1923 2580 duxerunt,

342 2613 535 2679 partim
558 2625 687 2665 vero
714 2611 873 2664 etiam
929 2613 1215 2663 duxerunt.
1245 2609 1484 2677 Quodam
1517 2623 1644 2677 ergo
1670 2607 1756 2662 die
1784 2608 1927 2661 acci—

342 2703 425 2757 dit
456 2711 513 2756 ut
554 2704 712 2756 unius
744 2701 933 2755 horum
979 2716 1111 2753 uxor
1143 2711 1355 2768 pareret
1401 2700 1454 2753 in
1508 2699 1735 2765 porticu,
1774 2708 1829 2752 et
1877 2699 1929 2751 in

346 2798 460 2863 ipsa
485 2794 696 2858 hieme;
721 2808 783 2848 ea
806 2808 935 2861 ergo
967 2796 1231 2846 clamante
1251 2806 1372 2846 cum
1402 2791 1471 2845 ab
1495 2791 1586 2844 illo
1612 2789 1931 2844 intolerabili

347 2889 534 2941 dolore
582 2894 938 2956 pungerctur,
982 2885 1185 2937 audivit
1243 2883 1330 2937 hic
1386 2883 1576 2937 beatus
1634 2882 1928 2947 ululatum,

348 2993 509 3031 urans
540 2979 591 3030 in
619 2976 884 3039 ecclesia;
910 2985 964 3028 et
992 2975 1194 3029 relictis
1217 2975 1321 3030 sibi
1356 2973 1630 3029 consuetis
1660 2973 1931 3040 precibus,

351 3082 604 3137 egressus
636 3067 902 3133 respexit;
943 3079 997 3120 et
1040 3080 1161 3119 cum
1205 3066 1473 3119 neminem
1525 3062 1820 3116 invenisset
1846 3060 1937 3128 qui

354 3160 432 3211 illi
463 3159 679 3212 adesset
716 3158 767 3211 in
802 3156 901 3210 hac
928 3156 1275 3221 neressitate,
1317 3156 1431 3223 ipse
1463 3154 1673 3207 functus
1708 3161 1792 3206 est
1819 3153 1937 3205 vice

2024 1977 2127 2029 erit
2157 1976 2306 2029 utilis
2340 1991 2466 2045 pars
2496 1992 2615 2045 qua:
2646 1978 2950 2033 scinditur?
2997 1978 3064 2032 Et
3097 1995 3217 2032 cum
3263 1980 3403 2048 apud
3445 1993 3504 2036 se
3534 1980 3607 2035 di-

2032 2078 2355 2137 sceptasset,
2385 2070 2518 2123 dixit
2544 2087 2556 2121 :
2592 2070 2851 2123 Damnine
2880 2071 3078 2138 aliquid
3111 2071 3390 2138 patiemur,
3415 2071 3459 2126 si
3493 2072 3611 2139 plus

2032 2176 2191 2228 quam
2224 2162 2293 2214 sit
2318 2169 2643 2229 prazceptum
2676 2160 2968 2215 faciamus?
3001 2159 3496 2229 Generosusitaque
3526 2161 3613 2217 hic

2026 2252 2224 2305 athleta
2262 2261 2508 2321 prompto
2537 2258 2592 2305 et
2639 2250 2802 2305 alacri
2835 2253 3012 2305 animo
3045 2264 3199 2305 vocat
3229 2267 3514 2321 pauperem
3558 2253 3615 2309 in

2028 2342 2382 2407 vestibulum;
2433 2351 2633 2397 etcum
2666 2358 2788 2397 eum
2830 2342 3129 2395 dimisisset
3176 2343 3441 2411 indutum,
3469 2344 3616 2398 stetit

2030 2433 2225 2497 nudus,
2254 2447 2314 2486 se
2344 2432 2593 2500 operiens
2618 2432 2885 2500 manibus,
2911 2447 3079 2501 genua
3111 2432 3333 2488 ﬂectens
3361 2440 3416 2487 et
3441 2433 3617 2488 subsi-

2030 2522 2202 2587 dens;
2235 2522 2408 2575 solum
2461 2522 2667 2576 habens
2713 2521 2815 2575 sub
2864 2523 3025 2575 axilla
3059 2523 3277 2576 verbum
3308 2523 3448 2593 quod
3488 2522 3617 2579 facit

2030 2616 2239 2669 divites.
2275 2614 2400 2684 Ejus
2432 2623 2608 2670 autem
2640 2615 2863 2668 consilio
2893 2622 2947 2669 et
2977 2614 3308 2682 providentia
3340 2616 3613 2669 transiens

2033 2706 2247 2774 quidam
2302 2705 2579 2759 irenarcha
2622 2704 2801 2775 (166),
2847 2708 3061 2774 agnovit
3108 2720 3323 2769 senem;
3381 2714 3435 2759 et
3481 2706 3616 2758 dixit

2038 2801 2279 2863 proximo
2308 2812 2405 2851 suo
2436 2798 2584 2851 socio
2611 2814 2623 2849 :
2653 2797 2877 2865 lteSpice
2909 2796 3061 2863 illnc;
3095 2812 3199 2849 non
3231 2805 3314 2849 est
3340 2794 3426 2849 hic
3446 2810 3611 2851 senex

2036 2893 2200 2945 abbas
2229 2891 2506 2946 Bisarion?
2529 2890 2660 2946 Cum
2694 2892 2737 2945 is
2760 2901 2935 2944 autem
2964 2890 3189 2943 dixisset
3214 2906 3227 2941 :
3262 2889 3488 2944 Maxime
3512 2906 3525 2951 ;
3549 2889 3618 2943 de

2040 2998 2177 3050 equo
2224 2983 2558 3037 descendens
2603 2985 2807 3053 rogavit
2846 2991 3112 3044 sanctum,
3158 2980 3377 3035 dicens:
3410 2980 3537 3047 Quis
3568 2989 3623 3034 to

2039 3073 2220 3126 exuit?
2268 3073 2360 3126 Ille
2414 3086 2543 3126 vero
2595 3076 2820 3126 dextera
2874 3070 3199 3138 protendens
3250 3070 3623 3139 Evangelium,

2044 3163 2173 3229 lloc,
2204 3164 2390 3231 inquit,
2433 3177 2518 3216 me
2565 3163 2736 3216 exuit.
2769 3161 2959 3216 Statim
3006 3170 3183 3214 autem
3226 3174 3285 3214 se
3330 3174 3422 3213 sua
3472 3167 3623 3214 veste

351 3248 679 3311 obstetricis,
712 3263 816 3300 non
846 3246 1141 3301 abhorreas
1180 3246 1449 3300 fastidium
1482 3246 1623 3314 quod
1650 3243 1933 3311 coasequi-
1961 3249 2007 3310 C
2042 3270 2244 3308 exuens
2272 3253 2574 3317 irenarcha,
2613 3252 2903 3321 pel-remum
2939 3253 3161 3306 militem
3193 3252 3382 3321 induit,
3411 3262 3465 3307 ει
3496 3266 3622 3319 pro-

354 3353 441 3397 tur
468 3341 719 3397 mulieres
746 3340 1042 3409 parientes,
1079 3339 1363 3394 mulierum
1396 3337 1859 3393 insensibilitatem
1884 3335 1934 3389 ei

354 3441 612 3509 largiente
636 3437 734 3491 hac
757 3434 1171 3506 profundissima
1283 3428 1653 3501 eleemosyna.
1753 3426 1935 3498 Atque

356 3532 581 3585 vestium
610 3529 823 3599 quidem
854 3529 1047 3595 quibus
1074 3536 1155 3579 est
1190 3524 1407 3578 indutus
1447 3525 1676 3590 pretium
1718 3536 1825 3574 non
1855 3528 1938 3573 est

356 3625 517 3676 unius
547 3620 721 3683 oboli;
754 3618 906 3671 cibus
955 3629 1134 3669 autem
1182 3614 1456 3669 contendit
1487 3628 1608 3667 cum
1657 3612 1936 3665 vestibus:

359 3714 537 3767 Lbello
568 3726 754 3765 autem
798 3725 902 3764 non
931 3710 1167 3762 sustinet
1206 3706 1538 3769 incumbere,
1566 3721 1594 3757 a
1623 3703 1940 3759 lectionibus

359 3824 484 3860 cum
521 3806 822 3860 abducente
849 3802 1156 3858 clementia.
1196 3800 1251 3854 Si
1282 3800 1399 3867 quis
1429 3813 1493 3853 ex
1531 3797 1780 3850 fratribus
1803 3800 1848 3850 ei
1880 3796 1940 3849 li-

361 3900 516 3956 Ivrum
561 3897 863 3961 donaverit,
911 3910 1034 3950 eum
1092 3893 1270 3948 statim
1313 3892 1516 3955 vendit,
1565 3897 1621 3943 et
1672 3888 1944 3942 distribuit

362 3992 703 4060 pauperibus.
755 3989 822 4043 lis
848 3997 1025 4043 autem
1056 3988 1145 4055 qui
1191 3985 1636 4039 sciscitabantur:
1665 3980 1777 4035 Cur
1830 3980 1943 4033 haec

361 4081 585 4137 vendis?
616 4081 828 4135 dicebat
852 4079 989 4146 tQui
1021 4092 1242 4147 possum
1269 4090 1389 4129 meo
1421 4072 1743 4143 persuadere
1776 4071 1944 4138 magi-

359 4185 473 4227 stro
496 4187 582 4227 me
604 4173 718 4237 ejus
742 4182 916 4225 artem
963 4181 1213 4223 accurate
1253 4166 1527 4227 didicisse,
1576 4164 1675 4217 nisi
1706 4163 1801 4216 illo
1826 4162 1944 4229 ipso

361 4281 490 4319 usus
532 4265 682 4317 luero
725 4262 789 4316 ad
829 4270 999 4316 artem
1042 4267 1192 4315 recte
1235 4255 1668 4312 exercendam“?
1702 4253 1798 4307 llic
1845 4254 1944 4305 im-

361 4355 610 4411 mortalis
639 4370 759 4410 cum
784 4355 838 4407 in
870 4353 967 4408 hac
997 4354 1205 4407 actione
1236 4351 1510 4418 hucusque
1538 4346 1938 4416 permansisset,

363 4458 621 4517 perpetuo
642 4448 945 4517 germinans
970 4446 1244 4500 memoriae
1263 4458 1457 4497 nomen
1490 4441 1703 4509 reliquit
1730 4441 1805 4494 illi
1823 4454 1946 4509 qua:

360 4552 445 4595 est
474 4542 818 4596 circumcirca
868 4538 1092 4608 regioni.
1147 4539 1261 4605 Ipse
1292 4536 1475 4590 fruens
1518 4544 1723 4587 mterno
1752 4532 1944 4601 gaudio

2042 3350 2183 3400 tinus
2211 3357 2423 3411 gestans
2452 3345 2613 3399 veluti
2642 3344 2923 3413 quamdam
2952 3358 3167 3413 parvam
3208 3352 3409 3399 vestem
3438 3357 3626 3397 mona-

2042 3436 2286 3497 chorum,
2319 3450 2347 3486 a
2379 3434 2579 3487 mundo
2609 3434 2779 3487 latens
2810 3434 3068 3496 recessit;
3099 3432 3372 3486 declinans
3411 3432 3624 3486 laudem

2042 3526 2159 3594 ejus
2188 3527 2275 3593 qui
2306 3540 2457 3577 suum
2491 3524 2709 3578 vidisset
2734 3525 2858 3577 vitae
2898 3524 3222 3585 institutum,
3254 3538 3375 3578 eum
3406 3523 3495 3591 qui
3541 3531 3625 3579 est

2044 3618 2110 3671 ab
2142 3618 2354 3670 ecculto
2406 3616 2664 3671 honorem
2717 3616 2941 3671 celando
2988 3625 3329 3685 exspectans.
3370 3617 3465 3670 Hic
3510 3617 3624 3683 ipse

2046 3719 2324 3777 postquam
2352 3724 2509 3763 omne
2550 3720 2874 3777 prmceptum
2908 3709 3276 3778 evangelicum
3310 3719 3453 3762 recte
3482 3717 3625 3765 esset

2045 3805 2349 3863 exsecutus,
2381 3812 2499 3851 cum
2534 3798 2667 3850 nihil
2707 3798 2864 3867 hujus
2914 3800 3096 3851 mundi
3128 3797 3355 3864 amplius
3402 3798 3625 3853 haberet

2045 3890 2097 3944 in
2126 3890 2326 3953 animo,
2358 3888 2421 3941 ad
2449 3888 2749 3943 divinorum
2780 3888 3040 3941 dictorum
3071 3889 3438 3955 perfectiorem
3470 3904 3627 3945 exse-

2044 3982 2330 4042 cutionem,
2363 3994 2482 4033 cum
2516 3979 2565 4031 in
2596 3980 2821 4032 transitu
2856 3979 3073 4033 vidisset
3104 3994 3413 4047 pauperem,
3461 3995 3622 4036 cursu

2048 4076 2097 4124 in
2134 4073 2308 4123 forum
2340 4069 2619 4124 contendit
2646 4086 2660 4123 :
2686 4069 2775 4124 ubi
2823 4083 2943 4123 cum
2980 4070 3249 4138 paulisper
3276 4070 3626 4136 constitisset,

2046 4162 2287 4216 vendidit
2327 4160 2697 4227 Evangelium.
2734 4160 2925 4214 Paucis
2956 4161 3113 4228 igitur
3143 4161 3489 4227 postdiebus,
3536 4167 3627 4230 qui

2045 4274 2162 4311 cum
2194 4271 2257 4310 eo
2280 4264 2396 4311 erat
2420 4254 2624 4308 abbatis
2650 4254 2964 4321 discipulus,
3002 4254 3161 4306 Dulas
3194 4256 3430 4321 nomine,
3464 4269 3626 4321 roga—

2047 4350 2119 4402 vit
2157 4363 2360 4411 seuem,
2394 4346 2614 4399 dicens:
2647 4344 2781 4411 Quid
2813 4358 2976 4411 parvo
3009 4344 3189 4398 libello
3220 4346 3415 4396 lacunn
3451 4355 3555 4407 εει,
3595 4361 3628 4393 o

2046 4440 2219 4493 abba?
2247 4439 2342 4492 Cui
2367 4452 2529 4490 senex
2562 4436 2765 4503 placide
2790 4434 3007 4488 verbum
3035 4436 3308 4501 pulchrum
3338 4434 3627 4488 admodum

2047 4539 2100 4585 et
2127 4528 2281 4582 valde
2306 4529 2497 4581 scitum
2528 4535 2609 4580 est
2654 4527 2882 4589 locutus,
2936 4525 3013 4578 sic
3058 4527 3242 4579 dicens
3268 4543 3282 4578 :
3308 4525 3383 4579 Ne
3416 4526 3626 4580 tristitia

360 4632 413 4685 in
462 4647 625 4700 regno
674 4631 953 4695 cmlorum,
1000 4628 1267 4695 recipiens
1316 4626 1474 4694 digna
1504 4625 1720 4693 praemia
1770 4624 1941 4677 beatis
1972 4632 2021 4690 ι)
2048 4621 2316 4682 afﬁciaris,
2347 4634 2380 4671 o
2408 4618 2604 4682 frater;
2639 4634 2758 4670 nam
2796 4630 2853 4669 ut
2886 4618 2997 4671 illic
3029 4618 3320 4671 habeamus
3355 4617 3625 4681 fiduciam,

361 4725 637 4777 laboribus
666 4740 679 4776 :
704 4734 756 4777 et
776 4722 867 4793 qui
888 4723 1187 4776 esurientes
1215 4719 1301 4775 hic
1340 4720 1548 4784 nutriit,
1576 4728 1628 4772 et
1659 4718 1816 4772 nudis
1848 4719 1943 4771 de-

357 4817 437 4868 det
459 4815 800 4875 vestimenta,
831 4828 971 4866 nunc
992 4811 1132 4882 apud
1162 4811 1423 4865 bonorum
1454 4823 1676 4880 operum
1702 4822 1942 4864 remune-

356 4920 591 4959 ratorem
618 4905 811 4958 fruitur
833 4919 993 4958 omne
1023 4918 1191 4970 genus
1222 4900 1449 4955 deliciis.

919 4993 1145 5048 CAPUT
1183 4991 1368 5047 CXVI.

716 5086 838 5140 Vita
868 5087 1059 5139 abbatis
1089 5084 1374 5138 Bisariom’s
1402 5084 1579 5151 (165).

428 5178 549 5234 Fuit
576 5179 790 5248 quidam
827 5191 1010 5240 senex,
1043 5178 1468 5246 possessionibus
1498 5190 1715 5239 carens,
1748 5186 1803 5230 et
1833 5175 1939 5228 mi-

355 5273 613 5334 sericors,
645 5271 861 5324 nomine
887 5270 1150 5323 Bisarion.
1183 5267 1229 5322 Is
1258 5282 1378 5321 cum
1402 5265 1636 5320 venisset
1666 5266 1719 5319 in
1746 5280 1938 5332 quem-

355 5366 478 5416 dam
527 5364 727 5426 vieum,
777 5364 908 5416 vidit
950 5360 1251 5416 mendicum
1304 5358 1505 5411 nudum
1555 5358 1607 5411 in
1639 5362 1752 5411 l'oro
1794 5372 1939 5411 mor-

358 5462 530 5518 tuum,
573 5467 732 5507 uuam
781 5455 997 5521 quidem
1049 5458 1225 5512 l'rrens
1279 5452 1513 5504 tunicam
1556 5451 1937 5504 convenienter

356 5543 679 5613 evangelicae
722 5543 1025 5607 traditioni,
1074 5553 1127 5597 et
1175 5555 1398 5610 parvum
1457 5541 1935 5609 superlmmerale;

358 5635 492 5688 nihil
519 5636 659 5689 enim
694 5634 1003 5704 possidebat
1032 5644 1225 5703 praeter
1254 5633 1355 5688 hoc
1393 5633 1750 5687 necessarium
1789 5642 1939 5701 tegu-

2053 4722 2271 4781 propter
2314 4709 2671 4764 obedientiam
2718 4708 2929 4762 vendidi
2964 4709 3132 4775 ipsum
3182 4722 3505 4769 sermonem,
3538 4707 3625 4775 qui

2049 4804 2179 4857 tnibi
2208 4815 2420 4869 semper
2449 4799 2697 4854 dicebat:
2730 4798 2911 4853 Vende
2940 4813 3056 4866 qua-
3092 4802 3277 4866 habes,
3310 4806 3362 4851 et
3391 4799 3456 4851 da
3496 4814 3626 4868 pau-

2047 4898 2265 4967 peribus
2286 4895 2482 4967 (Marc.
2510 4908 2571 4958 x;
2603 4891 2757 4946 Lucae
2787 4894 2964 4959 xvut).
2987 4891 3121 4945 Sunt
3144 4901 3316 4945 autem
3340 4891 3461 4945 alia:
3489 4908 3626 4962 quo-

2042 5004 2152 5059 que
2180 5002 2265 5042 res
2294 4989 2534 5055 plurimae
2556 5000 2622 5039 ex
2645 4985 2836 5039 virtute
2862 4992 3025 5052 gesta:
3049 4983 3205 5051 hujus
3229 4985 3403 5053 magni
3431 4984 3625 5044 Patri~.

2047 5098 2168 5138 cum
2200 5096 2306 5150 quo
2337 5093 2433 5133 nus
2459 5091 2669 5147 quoque
2687 5076 2834 5147 digni
2856 5076 3147 5131 babeamur
3168 5074 3365 5131 habere
3394 5086 3623 5150 partem,

2047 5176 2215 5246 gratia
2243 5174 2465 5229 Christi.
2504 5177 2694 5227 Amen.

2517 5245 2519 5247 ’
2597 5260 2824 5316 CAPUT
2862 5259 3069 5315 cxvu.

2450 5353 2564 5406 Vita
2593 5354 2749 5407 beatae
2786 5351 3029 5406 Melania:
3054 5351 3227 5425 (167).

2117 5450 2481 5505 Necessarium
2506 5456 2683 5502 autem
2714 5447 3035 5512 existimavi,
3070 5447 3302 5500 virilium
3334 5459 3546 5515 quoque
3567 5452 3623 5501 et

2048 5543 2395 5594 honestarum
2434 5538 2718 5591 mulierum
2749 5535 3058 5590 meminisse
3108 5536 3158 5588 in
3192 5536 3290 5588 hoc
3320 5535 3475 5601 libro,
3505 5535 3624 5604 qui-

2046 5631 2145 5685 bus
2179 5629 2317 5683 Deus
2361 5626 2585 5697 aequalia
2631 5624 2847 5680 donavit
2881 5624 3097 5695 praemia
3130 5625 3259 5679 viris
3306 5625 3395 5695 qui
3424 5639 3489 5680 ex
3521 5626 3625 5681 vir-

433 5766 660 5822 ‘Simile
686 5768 884 5823 dictum
933 5780 1050 5836 cap.
1103 5780 1254 5837 seq.;
1284 5775 1335 5822 et
1382 5781 1526 5837 sup.,
1559 5763 1698 5835 apud
1730 5764 1947 5837 Pelag,
1996 5766 2139 5823 tibel.
2180 5777 2259 5833 vr,
2315 5776 2460 5817 num.
2513 5760 2584 5829 5;
2618 5758 2792 5831 Ruth,
2844 5758 2882 5814 ι.
2915 5773 3006 5827 ιιι,
3059 5773 3206 5814 nam.
3262 5758 3360 5827 70,
3411 5756 3623 5813 nomine

359 5836 678 5908 Saepimis.
