4028 6436
524 387 659 440 1225

1997 381 2032 434 Ρ
2044 386 2078 434 ,1.
2090 381 2218 436 LLA
2230 381 2315 437 υιι

3642 383 3770 437 1⁸2Ξῦ

512 518 626 564 tute
672 507 831 561 vitam
866 518 1044 575 egere,
1083 512 1138 557 et
1167 501 1299 570 ipsis
1348 498 1579 555 reddidit
1622 512 1874 553 coronam
1908 510 2091 551 eorum
2123 498 2168 554 A
2198 504 2282 552 est
2313 498 2365 551 in
2398 496 2719 562 Jerusalem,
2743 496 2946 553 habens
2975 494 3297 555 conventum
3332 500 3596 572 virginum
3626 519 3771 571 quin-

514 597 605 670 qui
636 599 733 667 ipsi
766 597 1107 663 placuerunt,
1142 607 1207 648 ne
1240 591 1424 645 tnolles
1456 600 1762 657 teneraeque
1803 586 2092 641 reddantur

514 704 635 756 qme
681 696 807 741 sunt
835 684 1194 748 socordiures,
1227 692 1279 736 et
1308 690 1622 750 prmtestuni
1655 686 1894 748 quaerant
1923 686 1974 730 et
2003 691 2092 729 ex-

510 780 867 839 cusationem,
898 784 1145 841 tanquam
1176 786 1293 840 qua}
1321 772 1429 824 sint
1464 767 1844 823 imbecilliores
1871 767 1937 819 ad
1969 780 2090 819 cer-

514 869 711 923 tunina
747 865 976 926 virtutis,
1008 871 1061 916 ct
1090 861 1153 915 ad
1178 860 1458 914 honestam
1490 861 1648 912 vitam
1678 856 1957 926 agendam.
1994 857 2090 907 At-

512 977 615 1029 que
643 960 840 1014 multas
871 955 1082 1024 quidem
1113 954 1216 1007 vidi
1250 954 1362 1022 pias
1393 966 1455 1005 ac
1496 949 1793 1019 religiosas,
1838 956 1891 1001 et
1921 945 2091 1015 pluri-

511 1069 625 1110 nias
650 1052 862 1107 virtutis
890 1064 1016 1118 ergo
1043 1046 1266 1102 eonveni
1291 1053 1345 1099 et
1375 1044 1605 1113 virgines
1622 1051 1674 1094 et
1697 1040 1883 1095 viduas
1911 1055 1924 1103 ;
1954 1040 2091 1091 inter

511 1161 643 1215 quas
689 1154 802 1197 erat
829 1144 991 1196 etiam
1050 1137 1350 1193 beatissima
1384 1135 1604 1188 Melania
1654 1128 2087 1201 Romana(l68),

515 1253 633 1306 quae
662 1234 760 1289 fuit
789 1232 1001 1301 quidem
1038 1228 1143 1281 ﬁlia
1176 1226 1410 1281 Marcelli
1438 1222 1733 1278 cons-tiaris
1755 1218 1925 1290 (169),
1957 1234 2091 1271 uxor

512 1325 786 1397 cujusdam
817 1321 914 1375 viii
945 1320 1031 1390 qui
1064 1328 1178 1373 erat
1225 1319 1277 1371 in
1332 1330 1520 1383 magna
1557 1314 1891 1379 auctoritate,
1940 1308 2091 1378 cujus

511 1415 745 1470 nominis
775 1428 877 1466 non
928 1419 1070 1465 recte
1118 1407 1358 1462 memini.
1405 1405 1530 1459 Haec
1559 1420 1678 1457 cum
1725 1412 1868 1457 esset
1910 1400 2085 1467 vidua,

512 1523 677 1581 agens
727 1522 926 1561 annum
977 1502 1293 1572 vigesimum
1345 1498 1638 1553 secundum
1683 1493 1855 1565 (170),
1908 1492 2089 1547 divino

515 1617 697 1657 amore
725 1600 880 1669 digna
914 1597 1007 1650 l'nit
1035 1595 1211 1648 habita
1238 1609 1253 1659 ;
1284 1601 1338 1646 et
1368 1590 1565 1645 nemini
1589 1588 1875 1658 quidquam
1906 1585 2089 1639 dicens

511 1695 917 1765 (prohibebatur
945 1689 1084 1742 enim
1136 1688 1200 1741 iis
1232 1684 1581 1753 temporibus.
1628 1681 1853 1735 Valente
1880 1690 2091 1733 tenente

512 1782 823 1857 imperium)
860 1795 979 1834 cum
1008 1785 1245 1830 iurasset
1288 1785 1341 1827 ut
1376 1773 1469 1826 ﬁlii
1510 1773 1593 1827 sui
1623 1771 1981 1825 nominaretur
2008 1777 2090 1822 tu-

508 1888 614 1945 tor,
646 1878 759 1946 ipsa
789 1875 1019 1942 acceptis
1050 1868 1160 1924 Suis
1196 1864 1501 1931 mobilibus,

505 1972 721 2043 injectis
750 1986 869 2024 cum
902 1968 1102 2034 aliquot
1131 1959 1344 2017 famulis
1385 1968 1436 2010 et
1464 1954 1694 2015 ancillis,
1727 1967 1889 2007 cursu
1938 1951 2088 2003 navi-

506 2068 651 2137 gavit
679 2058 1057 2118 Alexandriam
1085 2072 1098 2119 ;
1122 2063 1174 2108 et
1194 2068 1315 2107 cum
1345 2050 1452 2105 illic
1482 2062 1566 2103 res
1593 2060 1716 2099 suas
1737 2043 2089 2138 vendidisset,

513 2166 567 2210 et
616 2157 670 2209 in
713 2166 899 2206 aurum
929 2149 1190 2201 minutum
1240 2139 1614 2203 convertisset,
1649 2141 1886 2204 ingressa
1933 2143 2013 2186 est
2046 2147 2096 2184 ιιι

512 2256 752 2303 montem
782 2242 982 2303 Nitriae,
1018 2244 1230 2289 sanctos
1263 2232 1445 2285 Patres
1477 2226 1825 2290 conveniens,
1872 2223 2094 2288 Pambo,

513 2347 568 2390 et
598 2333 855 2388 Arsisium
886 2326 1057 2396 (171),
1107 2333 1160 2377 et
1206 2321 1555 2388 Serapionem
1588 2330 1862 2385 magnum,
1909 2322 1963 2365 et
1994 2311 2091 2364 Pa-

517 2424 795 2491 phnutium
840 2419 1151 2475 Sceiiotem,
1190 2418 1243 2463 ct
1290 2410 1543 2463 lsidorum
1574 2408 1938 2459 confessorem
1986 2399 2098 2465 epi-

514 2528 734 2583 scopum
772 2508 1113 2577 llermipolis,
1166 2516 1221 2561 et
1276 2506 1622 2563 Dioswrum;
1674 2509 1726 2550 et
1757 2502 1967 2549 versata
2017 2502 2099 2583 est

515 2604 655 2673 apud
683 2616 776 2657 eos
805 2600 1015 2652 circiter
1047 2612 1243 2650 annum
1272 2592 1571 2654 dimidium,
1619 2587 1810 2642 obiens
1854 2582 2096 2638 solitudi-

521 2710 665 2759 nem,
698 2702 750 2746 et
779 2691 960 2744 videns
988 2704 1177 2743 omnes
1205 2696 1440 2742 sanctos.
1464 2683 1595 2736 Post
1625 2681 1738 2733 haec
1769 2686 1946 2730 autem
1975 2688 2095 2727 cum

520 2783 826 2854 Augustal's
857 2779 1191 2833 Alexandria:
1221 2778 1510 2845 relegasset
1541 2772 1823 2833 lsidorum,
1853 2776 1905 2820 et
1939 2765 2099 2819 PlSai-

518 2878 710 2941 inium,
730 2884 782 2928 ct
801 2871 1120 2940 Adelphium
1142 2869 1318 2941 (17‘2),
1335 2878 1386 2923 et
1408 2865 1784 2933 Paphnutium,
1800 2869 1852 2915 et
1874 2858 2095 2923 Pambo,

522 2976 579 3020 et
606 2967 743 3019 inter
768 2978 861 3018 eos
910 2965 1069 3017 etiam
1103 2960 1437 3015 Ammonium
1475 2952 1744 3010 l’arotium
1793 2967 1889 3009 seu
1938 2967 2098 3007 unam

526 3055 810 3110 habentem
830 3052 1138 3115 auriculam,
1168 3062 1221 3105 et
1252 3048 1529 3104 duodecim
1553 3045 1853 3115 episcopos,
1873 3052 1926 3097 et
1955 3057 2101 3111 pres-

524 3145 747 3215 byteros
787 3155 838 3198 et
867 3143 1130 3204 clericos,
1171 3150 1227 3195 et
1255 3139 1628 3203 anachoretas,
1662 3144 1720 3189 ut
1763 3142 1944 3189 essent
1985 3148 2101 3187 om-

2198 586 2476 658 quaginta.

2266 677 2398 731 Cum
2440 694 2541 749 qua
2580 678 2710 735 vixit
2755 681 2916 736 etiam
2960 682 3320 737 nobilissimus
3346 694 3402 739 et
3433 683 3670 740 moribus
3696 688 3772 743 si-

2195 770 2450 823 millimus
2492 779 2545 824 et
2573 770 2901 824 fortissimus
2930 770 3171 826 Bullinus
3199 788 3263 827 ex
3290 774 3529 842 Aquileia
3561 776 3774 830 civitate

2195 862 2380 929 Italiae,
2410 862 2501 931 qui
2550 870 2735 930 postea
2781 863 2970 933 dignus
3007 875 3089 919 est
3128 864 3339 919 habitus
3381 867 3774 936 presbyteratn,

2194 967 2300 1021 quo
2329 967 2435 1005 non
2467 960 2551 1006 est
2575 953 2826 1006 inventus
2871 957 3011 1008 inter
3050 953 3292 1009 homines
3321 970 3420 1009 nec
3449 956 3605 1009 docti
3629 972 3656 1010 r
3685 972 3776 1010 nec

2196 1036 2394 1097 mitior.
2446 1041 2641 1111 Viginti
2685 1054 2861 1096 autem
2899 1054 2952 1097 et
2984 1054 3187 1113 septem
3239 1046 3394 1099 annis
3439 1047 3778 1114 excipiebant

2194 1150 2289 1191 eos
2314 1136 2403 1205 qui
2434 1136 2725 1189 veniebant
2752 1135 3083 1205 Jerosolyma
3117 1138 3224 1190 voti
3272 1153 3452 1204 causa,
3482 1149 3532 1192 et
3573 1138 3767 1206 episco

2196 1243 2311 1297 pos,
2338 1239 2393 1281 et
2420 1229 2737 1290 monachos,
2756 1238 2807 1280 et
2837 1227 3069 1295 virgines
3094 1236 3148 1281 et
3179 1228 3775 1297 matrimoniojunctos,

2193 1328 2247 1371 et
2272 1318 2509 1371 illustres
2539 1328 2589 1370 et
2626 1317 2843 1382 private
2890 1316 3225 1382 conditionis,
3259 1325 3314 1371 et
3348 1333 3531 1372 omnes
3561 1320 3651 1388 qui
3685 1319 3776 1373 ad-

2193 1410 2505 1476 ventabant,
2536 1410 2646 1464 suis
2680 1408 2927 1463 fovebant
2966 1410 3239 1476 expensis.
3270 1409 3529 1465 Juverunt
3560 1427 3779 1480 quoque

2195 1500 2426 1555 schisma
2483 1499 2637 1569 (l76)
2684 1499 2825 1567 quod
2877 1498 3153 1553 Paulinum
3194 1502 3529 1571 sectabatur,
3565 1506 3781 1559 circiter

2193 1594 2700 1663 quadringentorum
2748 1591 2983 1645 virorum
3025 1596 3186 1645 vitam
3236 1598 3586 1647 monasticam
3617 1609 3779 1663 agen-

2195 1686 2360 1750 tium;
2390 1691 2444 1737 et
2463 1698 2677 1737 onmem
2700 1682 3007 1737 liaereticum
3036 1699 3100 1737 cx
3136 1683 3652 1751 Pneumatomacbis,
3679 1686 3779 1740 hoc

2193 1785 2277 1829 est
2306 1789 2372 1831 ex
2402 1773 2467 1829 iis
2515 1775 2604 1841 qui
2646 1773 2847 1829 bellum
2877 1783 3072 1843 gerunt
3109 1776 3364 1831 adversus
3392 1786 3631 1832 sanctum
3660 1778 3779 1847 Spi-

1616 1870 1672 1916 et
1742 1856 1800 1910 in
1892 1868 2087 1910 navem
2120 1863 2166 1924 B
2197 1866 2377 1931 ritum,
2433 1880 2746 1934 persuasum
2793 1866 3209 1922 introduxerunt
3253 1870 3305 1922 in
3358 1870 3649 1924 Ecclesiam
3679 1888 3693 1936 ;
3726 1880 3779 1925 et

2197 1956 2400 2012 clerum
2433 1957 2521 2027 qui
2552 1967 2669 2014 erat
2696 1959 2749 2013 in
2783 1974 2846 2013 eo
2874 1958 3014 2024 loco,
3046 1972 3097 2015 et
3129 1961 3282 2016 donis
3312 1973 3366 2017 et
3392 1965 3655 2018 alimentis
3687 1964 3779 2017 hn-

2200 2061 2474 2118 norantes,
2499 2051 2578 2105 sic
2602 2052 2766 2105 vitam
2796 2061 3194 2122 transegerunt,
3216 2057 3478 2109 neminem
3508 2055 3780 2110 offenden-

2200 2149 2300 2207 tes,
2336 2142 2427 2196 sed
2475 2157 2688 2197 omnem
2723 2144 3107 2212 propemodum
3159 2147 3343 2201 orbem
3390 2156 3549 2202 terra:
3592 2163 3780 2217 juvan-

2205 2246 2307 2290 tcs.

2272 2330 2445 2395 Atque
2492 2328 2559 2383 de
2610 2328 2910 2383 admirabili
2964 2329 3179 2397 quidem
3233 2339 3289 2385 et
3335 2338 3515 2385 sancta
3560 2332 3784 2386 muliere

2204 2418 2430 2472 Melania
2459 2420 2706 2485 superius
2736 2421 2951 2489 quidem
2984 2422 3197 2475 narravi
3222 2420 3529 2490 attingendo
3558 2420 3781 2485 leviter;

2206 2509 2374 2562 nihilo
2403 2511 2576 2563 secius
2610 2520 2787 2564 autem
2820 2510 3045 2579 reliqua,
3074 2512 3159 2565 vel
3190 2512 3361 2580 potius
3388 2526 3449 2566 ea
3481 2528 3599 2579 quae
3628 2522 3783 2566 teneo

2202 2602 2455 2655 memoria
2480 2600 2545 2654 de
2569 2600 2683 2671 ejus
2711 2601 3019 2662 virtutibus.
3040 2602 3284 2655 adtexam
3306 2600 3567 2666 oratione,
3594 2616 3785 2669 nempe

2203 2691 2617 2745 inenarrabilein
2648 2691 3066 2760 religiosissima
3090 2692 3328 2747 mulieris
3350 2692 3782 2761 beneﬁcentiam,

2203 2794 2297 2848 per
2336 2795 2491 2850 quam
2537 2796 2658 2835 cum
2708 2782 2922 2836 beatum
2971 2782 3381 2853 incorruptionis
3410 2783 3782 2840 indumentum

2202 2869 2316 2926 suis
2344 2870 2603 2925 texuisset
2650 2871 2953 2935 laboribus,
2982 2881 3036 2926 et
3060 2885 3181 2941 quae
3208 2887 3314 2927 non
3346 2880 3523 2942 potest
3549 2888 3783 2929 marces-

2203 2976 2328 3015 cere
2359 2960 2546 3029 gloria:
2573 2975 2852 3028 coronam,
2881 2962 2991 3016 suis
3022 2962 3281 3031 pecuniis,
3315 2965 3527 3032 proprio
3568 2980 3669 3019 suo
3694 2979 3782 3020 ca-

2202 3047 2298 3118 piti
2328 3049 2580 3104 fabricata
2629 3061 2776 3106 esset
2830 3060 2883 3106 et
2915 3049 3195 3117 induisset,
3229 3066 3347 3107 cum
3394 3054 3557 3107 multa
3592 3054 3780 3107 ﬁducia

2207 3139 2333 3194 hinc
2382 3142 2615 3197 excessit
2664 3144 2729 3196 ad
2783 3143 3087 3201 Dominum.
3137 3143 3217 3199 Me
3263 3158 3392 3214 ergo
3440 3144 3780 3212 incipientem

524 3249 622 3288 nes
652 3247 875 3287 numero
902 3241 1117 3287 centum
1150 3232 1335 3300 viginti
1366 3245 1481 3294 sex,
1515 3228 1567 3281 in
1597 3227 1933 3281 Palmslinam
1959 3226 2101 3280 circa
2132 3233 2177 3294 C
2210 3246 2430 3287 narrare
2458 3234 2713 3301 praeclara
2743 3233 2906 3304 hujus
2934 3235 3100 3289 beatae
3124 3234 3439 3300 facinora,si
3465 3236 3593 3289 volo
3614 3236 3781 3291 dicere

527 3325 938 3387 Diceaesarcam,
970 3322 1085 3390 ipsa
1134 3335 1226 3375 cos
1273 3330 1355 3375 est
1385 3327 1587 3383 secuta,
1621 3318 1697 3372 eis
1725 3332 1791 3372 ex
1839 3319 1949 3371 suis
1982 3333 2105 3385 pro-

528 3415 662 3484 priis
687 3415 927 3485 pecuniis
959 3413 1397 3477 subministratis,
1428 3412 1480 3466 in
1506 3411 1915 3465 necessitatibus
1963 3426 2109 3464 sum-

535 3515 719 3572 ptuum
749 3514 909 3572 atque
935 3502 1181 3557 omnibus
1210 3502 1576 3570 suppeditans.
1614 3498 1744 3553 Cum
1775 3507 1951 3551 autem
1985 3512 2109 3567 pro-

528 3596 842 3650 hiberentur
870 3593 1119 3660 ministri,
1152 3602 1209 3648 ut
1238 3593 1527 3647 narrabant
1557 3592 1934 3659 (conveneram
1967 3591 2107 3644 enim

527 3699 771 3743 sanctum
824 3687 1147 3750 Pissimium,
1201 3685 1483 3750 lsidorum,
1530 3693 1584 3738 et
1632 3682 2011 3752 Paphntnium,
2058 3691 2112 3736 et

528 3778 921 3849 Ammonium),
958 3780 1071 3833 haec
1103 3778 1255 3832 fortis
1279 3778 1469 3831 mulier
1499 3776 1681 3831 induta
1729 3777 1909 3831 servili
1961 3791 2110 3830 cata-

528 3871 663 3926 calla
694 3873 870 3941 (173),
902 3886 1122 3939 vespere
1149 3871 1230 3924 eis
1259 3870 1463 3924 ferebat
1489 3886 1605 3939 quae
1632 3880 1785 3925 erant
1832 3869 1898 3924 ad
1952 3885 2103 3923 usum

532 3963 855 4018 necessaria.
908 3963 1041 4017 Cum
1094 3973 1272 4018 autem
1323 3965 1374 4018 id
1426 3964 1765 4034 cognovisset
1814 3965 2113 4019 consularis

528 4055 851 4123 Palasstinae,
898 4064 953 4109 et
980 4055 1140 4110 vellet
1171 4055 1346 4110 sinum
1404 4070 1558 4110 suum
1602 4056 1846 4125 implere,
1880 4058 2114 4127 speravit

531 4147 646 4201 iure
673 4157 727 4201 ut
757 4162 873 4201 eam
905 4155 1131 4201 terreret
1162 4144 1349 4217 (174);
1381 4161 1606 4214 eamque
1636 4156 1898 4201 retentam
1930 4146 2113 4217 conje-

530 4236 603 4289 cit
649 4237 701 4289 in
729 4249 1024 4301 carcerem,
1054 4237 1308 4306 ignorans
1336 4236 1453 4305 ejus
1492 4236 1811 4291 libertatem.
1846 4237 1971 4293 Haec
2017 4254 2111 4292 au-

529 4337 636 4379 tem
667 4328 931 4396 signiﬁcat
951 4328 1024 4392 ei,
1055 4327 1239 4381 dice-ns
1265 4343 1279 4381 :
1309 4326 1420 4397 Ego
1452 4327 1594 4380 illius
1632 4327 1845 4396 quidem
1872 4326 1947 4384 fui
1981 4330 2110 4394 ﬁlia,

531 4417 690 4487 hujus
715 4433 842 4473 vero
873 4435 1007 4473 uxor
1030 4419 1123 4488 qui
1152 4419 1204 4473 in
1229 4430 1368 4474 terra
1401 4420 1495 4473 fuit
1523 4435 1720 4490 genere
1747 4422 1942 4487 clarus,
1970 4435 2113 4479 nunc

528 4519 708 4564 autem
732 4526 850 4566 sum
878 4509 1076 4565 Christi
1105 4512 1318 4565 ancilla.
1348 4511 1532 4581 Neque
1560 4528 1735 4567 meum
1764 4514 1919 4568 vilem
1954 4518 2108 4570 habi-

530 4610 640 4655 tum
673 4603 1011 4672 despexeris,
1057 4618 1270 4671 possum
1314 4604 1456 4658 enim
1486 4621 1592 4667 me,
1637 4607 1679 4657 si
1722 4607 1902 4673 velim,
1934 4610 2105 4662 extnl-
2140 4592 2187 4652 D

528 4695 675 4757 lere;
709 4710 810 4748 nec
843 4704 991 4762 potes
1038 4708 1126 4748 me
1169 4703 1393 4760 terrere,
1448 4710 1622 4764 neque
1652 4711 1721 4750 ex
1774 4698 1933 4751 rebus
1974 4703 2106 4753 meis

523 4788 729 4857 aliquid
768 4793 1040 4857 accipere;
1072 4803 1138 4843 ne
1172 4802 1301 4858 ergo
1329 4788 1465 4842 forte
1509 4791 1761 4858 ignorans
1806 4791 1857 4844 in
1889 4792 2105 4859 aliquod

522 4881 732 4934 crimen
763 4879 987 4942 incidas,
1021 4896 1264 4950 quaenam
1293 4883 1393 4936 sim
1440 4883 1532 4936 tibi
1574 4883 1859 4938 declaravi.
1887 4885 2109 4954 Oportet

531 4985 671 5023 enun
714 4971 973 5026 adversus
1014 4973 1260 5035 stolidos,
1295 4984 1540 5042 tanquam
1590 4989 1724 5028 cane
1770 4984 1823 5029 ct
1852 4978 2107 5045 accipire

528 5062 603 5114 uti
625 5063 787 5117 animi
820 5065 1069 5128 elatione,
1102 5072 1155 5118 et
1183 5065 1233 5117 in
1268 5074 1506 5134 tempore
1533 5081 1719 5121 eorum
1760 5071 2024 5137 snperbiae
2056 5073 2105 5124 in

527 5154 674 5219 ipsos
696 5156 1004 5208 immittere.
1031 5155 1179 5209 Tunc
1201 5168 1349 5210 certe
1376 5156 1536 5226 judex
1576 5174 1694 5212 cum
1729 5159 1842 5214 haec
1872 5175 2034 5229 accep
2058 5179 2108 5213 s-

528 5253 633 5308 set,
662 5259 721 5298 se
752 5248 1043 5310 excusavit,
1068 5257 1123 5301 et
1150 5262 1266 5301 eam
1303 5248 1561 5312 adoravit,
1588 5249 1812 5319 etjussit
1835 5267 1952 5306 eam
1982 5256 2104 5306 abs-

528 5352 632 5404 que
661 5336 769 5392 ullo
798 5337 1177 5408 impedimento
1208 5355 1326 5393 cum
1355 5341 1553 5395 sanctis
1582 5342 1709 5395 viris
1739 5344 1961 5397 versari.

1060 5473 1286 5528 CAPUT
1333 5474 1563 5529 CXVIII.

882 5578 994 5634 Vita
1040 5581 1226 5651 Bri/ﬁni
1273 5582 1419 5652 (172i)
1450 5587 1746 5652 presbyteri.

597 5687 742 5755 llaec,
784 5702 1064 5760 postquam
1108 5695 1160 5746 lii
1206 5693 1419 5749 fuerunt
1461 5699 1733 5763 revocati,
1776 5701 2100 5756 monasterio

530 5779 785 5832 a'thticato
828 5784 1174 5854 .lcrosolyinis
1195 5825 1209 5850 ,
1242 5787 1421 5855 viginti
1451 5799 1656 5857 septem
1690 5805 1855 5844 annos
1890 5803 2095 5847 versata

2211 3339 2332 3393 quae
2361 3327 2492 3387 scio,
2527 3335 2736 3392 tempus
2769 3326 3039 3381 deﬁcient.
3091 3326 3350 3393 Quantam
3388 3328 3602 3397 quidem
3632 3344 3779 3397 opum

2210 3416 2491 3469 materiam
2516 3432 2576 3469 ea
2599 3419 2927 3485 consumpsit
2960 3417 3012 3471 in
3040 3426 3280 3485 egentes,
3305 3419 3512 3474 caelesti
3541 3432 3775 3489 correpta

2210 3508 2500 3575 desiderio,
2531 3525 2633 3564 non
2679 3511 2910 3565 arbitror
2941 3512 3209 3567 ﬂammam
3244 3514 3409 3583 ignis,
3440 3517 3489 3569 si
3522 3517 3570 3568 in
3598 3517 3766 3584 copio-

2212 3616 2324 3655 sam
2358 3601 2604 3657 inciderit
2637 3604 2916 3657 materiam
2940 3645 2954 3667 ,
2989 3615 3189 3658 tantam
3220 3620 3375 3674 posse
3402 3622 3643 3661 exurere.
3671 3607 3767 3660 lloc

2211 3708 2388 3753 autem
2423 3716 2525 3753 non
2556 3710 2640 3754 est
2685 3715 2860 3754 meum
2906 3700 3076 3753 solum
3111 3716 3355 3766 narrare,
3386 3703 3477 3755 sed
3510 3704 3671 3756 etiam
3698 3716 3775 3755 eo-

2214 3805 2330 3844 rum
2356 3791 2443 3859 qni
2478 3789 2750 3845 Persidem
2781 3800 2835 3845 et
2865 3790 3211 3855 Britanniam,
3246 3799 3300 3846 et
3328 3806 3516 3845 omnes
3547 3791 3781 3845 habitant

2214 3880 2435 3934 insulas.
2467 3880 2851 3936 Beneﬁciorum
2890 3882 3031 3936 enim
3062 3891 3112 3936 et
3142 3882 3478 3951 largitionum
3511 3882 3669 3950 hujus
3695 3884 3786 3936 im-

2215 3970 2458 4025 mortalis
2509 3970 2724 4027 feminze
2771 3986 2877 4025 non
2933 3972 3227 4037 Occidens,
3262 3988 3363 4025 non
3418 3973 3609 4026 Oriens
3636 4014 3650 4037 ,
3685 3986 3785 4026 non

2219 4064 2526 4131 Septentrio
2576 4062 2676 4116 fuit
2722 4078 2932 4130 expers,
2963 4078 3060 4118 nec
3086 4064 3349 4119 Meridies.
3382 4064 3616 4133 Triginta
3650 4066 3787 4119 cnim

2217 4163 2272 4209 ct
2319 4164 2526 4222 septem
2575 4169 2745 4208 annos
2794 4155 3028 4223 hospites
3080 4156 3370 4223 excipiens,
3407 4156 3509 4207 illis
3555 4170 3620 4208 ea
3676 4172 3788 4224 qua:

2218 4256 2372 4301 erant
2421 4246 2537 4299 usui
2587 4245 2697 4300 suis
2743 4246 2969 4313 praebuit
3012 4246 3332 4315 sumptibus,
3362 4247 3711 4316 ecclesiisque
3740 4258 3792 4301 et

2218 4336 2557 4391 monasteriis
2607 4346 2661 4389 et
2710 4336 2950 4404 hospitiis
2997 4346 3052 4391 et
3086 4338 3417 4397 carceribus;
3451 4349 3504 4391 et
3535 4346 3590 4391 ut
3626 4340 3791 4393 semel

2217 4426 2412 4491 dicam,
2451 4426 2628 4481 nullus
2659 4442 2723 4482 ex
2754 4427 2818 4480 iis
2844 4428 2934 4496 qui
2964 4443 3080 4481 eam
3129 4428 3375 4483 convenit
3410 4444 3517 4482 non
3568 4441 3655 4484 est
3700 4433 3791 4483 ali-

2219 4534 2378 4585 quam
2413 4529 2614 4587 partem
2643 4519 2758 4588 ejus
2778 4505 2936 4588 opum
2965 4532 3301 4588 consecutus,
3328 4522 3791 4589 suppeditantibus

2215 4605 2261 4660 ci
2306 4608 2752 4677 consanguineis,
2805 4619 2858 4662 ct
2905 4611 3019 4678 ipso
3066 4609 3215 4675 ﬁlio,
3262 4621 3316 4665 et
3359 4615 3793 4678 procuratoribus

2215 4701 2498 4768 qin-tauuis
2544 4715 2794 4769 pecunas
2841 4711 2895 4755 et
2945 4710 3193 4770 tanquam
3244 4703 3523 4758 luculenta:
3560 4706 3793 4760 lucernte

2214 4794 2389 4846 oleum
2446 4792 2888 4856 ministrantibus,
2938 4802 2995 4847 ut
3038 4794 3236 4864 lulgido
3283 4796 3480 4850 lumine
3524 4797 3791 4852 ﬂammam

2214 4884 2510 4938 accendens
2524 4884 2880 4953 eleenmsynm
2905 4885 3184 4953 largitione
3202 4898 3423 4941 cunctos
3445 4888 3789 4943 illuminaret.

2215 4975 2287 5029 Ea
2321 4986 2499 5028 autem
2530 4990 2649 5028 cum
2703 4976 2754 5028 in
2786 4975 3146 5045 hospitalitate
3175 4977 3309 5033 adeo
3341 4979 3790 5047 perseveraverit,

2220 5080 2287 5119 ne
2317 5068 2544 5133 palmum
2578 5066 2793 5133 quidem
2821 5078 2975 5120 terra:
3002 5069 3258 5136 possedit,
3287 5086 3389 5122 non
3415 5075 3686 5125 abstracta
3711 5082 3793 5125 est

2218 5170 2247 5208 a
2278 5156 2565 5221 cupiditate
2597 5156 2687 5208 lilii
2712 5155 2780 5210 ab
2810 5170 2993 5211 amore
3021 5159 3347 5225 solitudinis,
3380 5176 3483 5214 non
3517 5177 3633 5215 eam
3659 5163 3794 5216 divi-

2215 5246 2285 5299 sit
2312 5261 2339 5298 a
2371 5246 2629 5300 charitate
2676 5250 2725 5301 in
2767 5247 3039 5302 Christum
3072 5251 3326 5318 unigeniti
3356 5252 3505 5320 (177)
3540 5253 3629 5304 ﬁlii
3652 5254 3796 5306 desi-

2216 5336 2442 5392 derium.
2470 5338 2571 5391 Sed
2596 5338 2710 5405 cjus
2736 5339 2981 5407 precibus
3009 5340 3324 5395 adolescens
3352 5353 3405 5395 et
3432 5343 3495 5394 ad
3525 5358 3790 5396 summam

2216 5430 2457 5497 pervenit
2505 5431 2821 5495 doctrinam,
2858 5431 3198 5500 moribusque
3245 5432 3341 5487 fuit
3388 5432 3790 5501 ornatissimus,

2205 5522 2456 5588 claroque
2492 5533 2545 5574 et
2585 5520 2777 5574 illustri
2828 5519 2925 5575 fuit
2975 5523 3314 5577 matrimonio
3362 5524 3695 5593 conjunctus,
3730 5538 3789 5580 (ι

2207 5610 2505 5663 mundanos
2535 5619 2616 5665 e:t
2648 5612 2876 5665 honores
2905 5622 3254 5680 consecutus;
3288 5617 3376 5683 qui
3405 5616 3788 5685 duosquoque

2206 5702 2390 5757 habuit
2425 5706 2557 5759 ﬁlios
2587 5702 2761 5773 (I78),
2794 5707 2881 5773 qui
2935 5715 3258 5764 testarentur
3281 5710 3479 5779 justum
3511 5710 3787 5764 matrimo-

2204 5810 2371 5849 nlUiil.
