4028 6434
334 433 471 498 1225

331 630 420 699 α’ίς
444 639 471 689 ὁ
497 637 627 700 Θεὸς
655 637 725 690 τὰ
771 637 861 690 ἴσα
911 637 1020 691 τῶν
1056 640 1114 690 ἐν
1149 638 1320 709 ἀρετῇ
1384 635 1729 707 βεϐιωκότων
1763 632 1913 701 αὐτῷ

333 725 595 792 στέφανον
625 725 989 790 ἀποδέδωκεν,
1029 725 1170 797 ὑπὲρ
1213 725 1307 779 τοῦ
1359 725 1433 796 μὴ
1471 721 1913 798 καταμαλακίζε-

331 807 456 861 σθαι
479 807 578 870 τὰς
610 809 1011 880 ῥᾳθυμοτέρας,
1045 809 1139 863 καὶ
1176 809 1552 879 ἀναχαιτίζειν
1581 808 1654 871 ὡς
1687 806 1910 860 ἀσθενε-

331 893 528 962 στέρας
585 892 720 960 πρὸς
771 892 900 955 τοὺς
946 892 1143 957 ἄθλους
1196 896 1296 964 τῆς
1323 895 1528 964 ἀρετῆς
1571 892 1665 944 καὶ
1713 886 1910 958 σεμνοῦ

330 976 444 1042 βίου
482 976 845 1046 κατόρθωσιν.
887 975 1099 1039 Πολλὰς
1132 977 1231 1046 μέν
1259 975 1481 1048 ἐώρακα
1515 975 1622 1028 τῶν
1651 972 1911 1036 εὐσεϐῶν,

329 1060 620 1122 πλείσταις
651 1061 709 1112 δὲ
740 1060 984 1123 ἀστείαις
1009 1061 1090 1121 εἰς
1121 1061 1326 1131 ἀρετὴν
1359 1057 1737 1129 συντετύχηκα
1772 1073 1913 1125 παρ-

330 1145 504 1205 θένοις
532 1159 592 1194 τε
617 1143 712 1196 καὶ
747 1144 967 1213 χήραις.
1009 1143 1072 1195 Ἠ
1091 1141 1466 1213 τρια-μακαρία
1482 1141 1702 1211 Μελάνη
1728 1137 1912 1205 Σπανὴ

329 1220 397 1293 ἦν
432 1226 493 1276 τὸ
531 1225 710 1292 γένος,
745 1227 926 1278 είτουν
968 1225 1236 1296 Ῥωμαία,
1269 1225 1532 1294 Θυγάτηρ
1564 1225 1661 1294 μὲν
1691 1223 1914 1291 γέγονεν

331 1309 712 1377 Μαρκελλίνου
750 1309 840 1361 τοῦ
872 1310 980 1362 ἀπὸ
1035 1310 1276 1374 ὑπάτων,
1324 1309 1518 1379 ἀνδρὸς
1542 1309 1601 1362 δέ
1626 1324 1772 1368 τινος
1809 1305 1915 1359 ἀπὸ

332 1391 658 1459 ἀξιωμάτων
688 1395 826 1464 γυνή
847 1411 862 1426 ο
894 1387 955 1447 οὐ
991 1395 1174 1458 καλῶς
1209 1394 1271 1446 τὸ
1297 1393 1467 1465 ὄνομα
1508 1394 1570 1448 οὐ
1606 1393 1912 1463 μέμνημαι.

333 1477 548 1545 Ταύτης
566 1495 634 1548 χη
645 1479 919 1548 ρευσάσης
949 1479 1194 1531 εἰκοστὸν
1215 1478 1470 1547 δεύτερον
1491 1477 1732 1545 ἀγούσης
1762 1475 1881 1538 ἔτος
1899 1491 1912 1506 ο

331 1561 453 1629 ἥτις
533 1562 673 1629 μετά
727 1563 827 1630 τήν
879 1563 1091 1616 ἐκείνου
1148 1562 1452 1614 ἀποϐίωσιν
1512 1561 1714 1631 ἔρωτος
1768 1560 1915 1614 θείου

332 1644 728 1706 καταξιωθεῖσα
763 1646 842 1714 τῷ
876 1647 1078 1716 αἰωνίῳ
1109 1645 1348 1716 Νυμφίῳ
1376 1644 1620 1715 συνήφθη
1655 1645 1736 1707 εἰς
1764 1644 1916 1707 τέλος

333 1727 674 1796 ἀγαπήσασα
731 1729 956 1782 τοῦτον⁸
1007 1731 1101 1784 καὶ
1140 1731 1329 1800 μηδενὶ
1397 1730 1562 1800 μηδὲν
1628 1731 1914 1798 εἰρηκυῖαο

334 1809 604 1863 ἐκωλύετο
635 1813 742 1881 γὰρ
772 1815 828 1864 ἐν
863 1815 977 1874 τοῖς
1029 1815 1262 1883 καιροῖς.
1295 1812 1598 1874 Οὐάλεντος
1631 1810 1725 1864 τοῦ
1766 1811 1919 1881 βασι-

1562 430 1929 494 HISTORIA
1979 428 2370 490 LAUSIACA.

331 549 424 604 καὶ
449 547 802 620 εὐσχημόνων
839 548 1210 621 μνημονεῦσαι
1259 549 1318 602 ἐν
1366 547 1444 619 τῷ
1486 547 1677 619 βιϐλίῳ
1717 545 1912 613 τούτῳ,
1945 555 1992 603 Α

3469 416 3627 502 ιῖει,

2587 537 2839 593 ΚΕΦΑΛ.
2881 537 3036 590 PIH'.

2554 624 2692 692 Περί
2730 620 3070 690 Ῥουςρίνου.

2093 713 2241 784 Αὕτη
2303 712 2443 783 μετὰ
2473 709 2572 778 τὴν
2621 705 2924 774 ἀνάκλησιν
2981 702 3092 756 τῶν
3141 700 3341 756 ἐνθέων
3393 702 3608 775 ἀνδρῶν

2025 797 2390 870 μοναστῆριον
2442 793 2681 847 κτίσασα
2716 791 2773 842 ἐν
2821 784 3218 858 Ἱεροσολύμοις
3259 785 3433 841 εἴκοσι
3467 789 3608 844 ἐπτά

2021 885 2200 938 ἐτεσιν
2220 881 2500 956 ἐχρόνισεν
2521 880 2579 932 ἐν
2601 880 2668 949 τῇ
2717 871 3097 947 Ἰερουσαλὴμ,
3131 871 3328 942 ἔχουσα
3359 873 3608 928 συνοδίαν

2023 967 2312 1037 παρθένων
2349 963 2712 1033 πεντήκοντα.

2093 1044 2173 1121 ⁷ῌ
2205 1046 2405 1118 συνέζη
2438 1045 2534 1100 καὶ
2566 1045 2595 1097 6
2616 1041 3004 1112 εὐγενέστατος
3035 1039 3130 1094 καί
3164 1039 3491 1110 μονότροφος
3517 1041 3610 1092 καὶ

2025 1123 2432 1205 στιϐαρώτατος
2486 1129 2804 1197 Ῥουφῖνός,
2847 1125 2876 1177 6
2906 1123 3015 1178 ἀπὸ
3065 1124 3298 1188 Ἰταλίας
3333 1123 3392 1189 ἐξ
3447 1125 3609 1176 Ἀκυο

2022 1216 2184 1287 λη’ίας
2214 1215 2314 1285 τῆς
2339 1211 2549 1275 πόλεως
2570 1208 2969 1281 πρεσϐυτερίου
2994 1208 3074 1270 εἰς
3097 1206 3613 1280 ῦστερονκαταξιω-

2025 1301 2139 1365 θείς
2161 1315 2178 1332 ο
2208 1293 2269 1352 οὐ
2302 1295 2750 1366 γνωστικώτερον
2770 1293 2865 1353 καὶ
2893 1291 3299 1367 ἐπιεικέστερον
3331 1293 3388 1344 ἐν
3411 1291 3612 1363 ἀνδρά-

2026 1403 2112 1441 σιν
2161 1384 2262 1452 οὐχ
2307 1380 2608 1452 ηὑρίσκετο
2636 1397 2650 1410 ο
2691 1376 3026 1448 δεξιούμενοι
3066 1377 3366 1445 ἀμφότεροι
3401 1378 3458 1428 ἐν
3500 1379 3611 1439 τοῖς

2024 1472 2199 1524 εἰκοσι
2229 1467 2372 1520 ἐτιτά
2417 1465 2595 1518 ἔτεσιν
2632 1463 2758 1526 τοὺς
2801 1457 3273 1531 ἐπιχωριάζοντας
3302 1460 3415 1522 τοῖς
3456 1458 3614 1528 Ἰερο-

2029 1553 2286 1625 σολύμοις
2316 1549 2482 1620 εὐχῆς
2519 1549 2700 1620 χάριν,
2745 1546 3080 1608 ἐπισκόπους
3111 1561 3174 1597 τε
3209 1544 3305 1597 καὶ
3349 1543 3612 1614 μονάζονη

2025 1657 2147 1705 τας,
2182 1637 2486 1708 παρθένους
2510 1635 2607 1688 καὶ
2636 1633 2762 1694 τούς
2792 1631 2851 1684 ἐν
2877 1628 3184 1697 συζυγίαις,
3215 1625 3529 1694 ἀξιολόγους
3552 1643 3613 1680 τε

2026 1725 2122 1777 καὶ
2157 1721 2394 1783 ἰδιώτας,
2425 1718 2521 1772 καὶ
2559 1714 2896 1779 ἁπαξαπλῶς
2932 1712 3316 1783 ἐπιδεομένους
3349 1711 3448 1780 τῆς
3483 1727 3614 1764 συν-

2027 1807 2219 1876 τυχίας
2241 1803 2422 1860 αὐτῶν
2447 1800 2802 1871 καταλλήλως
2819 1796 3222 1860 ἀναπαύοντες,
3239 1797 3464 1859 οἰκείοις
3480 1796 3613 1850 ἀνα-

335 1892 470 1954 λέως
504 1878 677 1964 ἀρχὴν
707 1878 926 1965 ἔχοντος
966 1897 1025 1948 ἐν
1054 1878 1138 1967 τῇ-
1165 1897 1439 1967 βασιλείᾳ,
1481 1878 1776 1966 ποιήσασα-
1803 1895 1918 1946 ἐπί·
1959 1903 2002 1956 Β
2029 1891 2278 1960 λώμασιν
2307 1884 2721 1956 οἰκοδομοῦντες
2760 1883 2969 1967 πάντας
2995 1882 3122 1967 τούς
3164 1878 3614 1967 παρατυγχάνον-

334 1994 539 2047 τροπον
594 1979 688 2030 τοῦ
735 1979 851 2032 υἱοῦ
904 1981 1078 2050 αὐτῆς
1138 1980 1545 2050 ὀνομασθῆναι,
1602 1981 1671 2033 τὰ
1729 1979 1926 2048 κινητὰ

337 2061 516 2115 πάντα
549 2063 754 2133 ἑαυτῆς
784 2064 1046 2130 λαϐοῦσα,
1094 2066 1189 2118 καί
1236 2068 1316 2129 εἰς
1349 2065 1532 2118 πλοῖον
1573 2062 1923 2134 ἐμϐαλομένη

340 2146 477 2214 μετὰ
499 2146 750 2216 φανερῶν
780 2148 1009 2201 παιδίων
1036 2149 1128 2202 καὶ
1155 2149 1335 2220 ῥητῶν
1358 2146 1660 2202 παιδισκῶν
1691 2147 1929 2218 δρομαία

337 2228 705 2280 κατέπλευσεν
766 2231 858 2282 ἐπὶ
914 2232 1014 2301 τὴν
1060 2232 1492 2305 Ἀλεξάνδρειαν,
1553 2233 1662 2285 Καὶ
1718 2231 1928 2301 ταύτην

339 2309 749 2377 καταλαϐοῦσα,
783 2314 900 2364 ἐκεῖ
922 2314 1318 2385 διαπωλήσασα
1364 2317 1464 2378 τὰς
1509 2314 1660 2379 ῦλας,
1710 2317 1804 2376 καὶ
1849 2318 1931 2386 εἰς

341 2392 542 2460 χρυσὸν
573 2396 1127 2464 κατακερματίσασα,
1179 2397 1433 2468 εἰσῆλθεν
1462 2398 1543 2460 εἰς
1585 2397 1647 2449 τὸ
1676 2398 1802 2467 ὅρος
1830 2397 1928 2466 τῆς

339 2475 592 2544 Νιτρίας,
631 2480 746 2540 τοῖς
773 2479 952 2546 ἁγίοις
993 2480 1276 2549 Πατράσιν
1306 2481 1785 2551 περιτυγχάνουσα
1814 2483 1929 2542 τοῖς

340 2558 471 2627 περί
519 2559 612 2612 τὸν
655 2564 926 2632 μακάριον
982 2563 1215 2634 Παμϐὼ,
1257 2564 1352 2617 καὶ
1401 2564 1492 2616 τὸν
1537 2563 1632 2616 τοῦ
1689 2562 1928 2633 Χριστοῦ

341 2642 527 2696 δοῦλον
580 2645 886 2714 Ἀρσίσιον,
937 2649 1032 2700 καὶ
1079 2647 1169 2700 τὸν
1229 2647 1406 2716 μέγαν
1449 2649 1793 2719 Σεραπίωνα,
1835 2649 1931 2700 καὶ

341 2725 432 2779 τὸν
472 2727 627 2795 διγιον
668 2728 1028 2798 Παφνούτιον,
1087 2732 1183 2783 καὶ
1218 2731 1307 2784 τὸν
1355 2731 1602 2802 ἀοίδιμον
1660 2731 1930 2802 Ἰσίδωρον

345 2809 431 2862 τὸν
479 2811 850 2883 όμολογητὴν,
895 2813 1195 2867 ἐπίσκοπον
1219 2816 1274 2868 δὲ
1336 2814 1774 2885 Ἐρμουπόλεως,
1837 2814 1932 2868 καὶ

340 2893 434 2945 τδν
487 2894 857 2973 δοκιμώτατον
907 2895 1240 2966 Διόσκορον’
1303 2903 1397 2951 καὶ
1453 2899 1757 2968 χρονίσασα
1798 2897 1930 2968 παρ’

342 2978 524 3037 αὐτοῖς
555 2977 630 3040 ὼς
655 2978 828 3048 ήμισυ
853 2978 1029 3043 ἔτους,
1063 2981 1405 3034 κυκλεύουσα
1434 2984 1538 3035 ἀνά
1569 2982 1668 3053 τὴν
1701 2981 1929 3054 ἔρημον,

342 3063 440 3114 καὶ
469 3063 603 3114 πᾶσι
639 3067 1082 3134 συντυγχάνουσα
1113 3070 1224 3130 τοῖς
1261 3069 1459 3136 ἁγίοις.
1488 3068 1642 3120 Μετά
1668 3068 1726 3119 δέ
1760 3067 1933 3121 ταῦτα

343 3143 438 3196 τοῦ
475 3146 884 3212 Αὐγουσταλίου
910 3147 1260 3218 ἐξορίσαντος
1282 3153 1409 3214 τοὺς
1445 3151 1633 3220 ἁγίους
1656 3151 1929 3220 Πατέρας,

2026 1991 2148 2037 τας.
2181 1973 2440 2025 ’Ἢνωσαν
2485 1970 2542 2023 δέ
2573 1968 2668 2022 καὶ
2701 1967 2762 2020 τὸ
2816 1965 3020 2036 σχίσμα
3061 1964 3123 2017 τὸ
3160 1963 3304 2016 κατὰ
3347 1963 3615 2015 Παυλῖνον

2027 2058 2102 2120 ὡς
2127 2053 2338 2125 ἀνδρῶν
2356 2050 2730 2122 τετρακοσίων
2757 2047 3125 2120 μοναζόντων,
3150 2044 3246 2110 καί
3264 2046 3444 2100 πάντα
3462 2046 3615 2116 αἰρε-

2029 2141 2180 2194 τικὸν
2230 2135 2701 2207 Πνευματομάχον
2760 2130 3163 2200 συμπείσαντες
3206 2131 3502 2200 εἰσήγαγον
3538 2129 3618 2193 εἰς

2029 2225 2126 2294 τὴν
2159 2221 2512 2292 Ἐκκλησίαν,
2561 2219 2832 2290 τιμῶντες
2880 2218 2972 2269 τὸν
3012 2216 3154 2269 κατά
3193 2215 3358 2270 τόπον
3391 2215 3614 2286 κλῆρον,

2030 2306 2223 2377 δώροις
2255 2322 2314 2358 τε
2356 2304 2450 2357 καὶ
2497 2303 2745 2373 τροφαῖς.
2786 2300 2900 2354 Καὶ
2927 2299 3102 2353 ταῦτα
3154 2298 3433 2362 ποιοῦντες
3474 2297 3618 2362 οὐτω

2029 2391 2122 2444 τὸν
2163 2389 2278 2460 βίον
2308 2390 2366 2441 ἐν
2413 2387 2667 2457 εὐσεϐείᾳ
2709 2383 3034 2449 διετέλεσαν,
3085 2383 3287 2453 μηδένα
3321 2385 3418 2453 μὲν
3451 2401 3618 2438 σκανη

2031 2475 2375 2540 δαλίσαντες,
2423 2471 2610 2544 σχεδὸν
2661 2471 2718 2524 δέ
2764 2471 2946 2524 πᾶσαν
2978 2469 3078 2540 τήν
3117 2467 3445 2539 οἰκουμένην
3480 2467 3619 2538 ὠφε-

2106 2578 2317 2623 σαντες.

2108 2647 2242 2714 [Ιερὶ
2271 2647 2371 2715 τῆς
2393 2643 2704 2715 θαυμασίας
2731 2642 2827 2696 καὶ
2850 2639 3299 2710 ἁγίαςΜελανίας
3312 2636 3618 2708 ἀκροθιγῶς

2038 2729 2138 2800 μέν
2173 2729 2286 2784 ἀνω
2323 2729 2678 2800 διηγησάμην
2708 2727 2838 2794 περὶ
2878 2726 3071 2794 αὐτῆς,
3111 2725 3264 2778 οὐδὲν
3291 2717 3531 2794 δέςῆττον
3552 2721 3622 2774 τὰ

2033 2814 2218 2880 λοιπά,
2258 2813 2463 2884 μᾶλλον
2515 2812 2573 2865 δὲ
2617 2811 2654 2865 ἃ
2713 2809 3117 2880 καταλαμϐάνω
3164 2811 3231 2880 τῇ
3277 2810 3469 2878 μνήμῃ
3511 2805 3625 2858 τῶν,

2033 2899 2240 2967 ταύτης
2285 2895 2496 2968 ἀρετῶν
2549 2895 2644 2949 καὶ
2684 2893 2779 2957 νῦν
2833 2893 3086 2962 ἐνυφανῶ
3130 2892 3206 2962 τῷ
3247 2891 3476 2956 ποικίλῳ
3524 2887 3620 2942 τοῦ

2034 2983 2193 3051 λόγου
2228 2979 2440 3051 χιτῶνι,
2466 2977 2822 3049 διηγούμενος
2849 2976 2948 3038 τὰς
2978 2977 3219 3046 ἀφάτους
3252 2976 3350 3045 τῆς
3383 2972 3625 3041 θεοφιλετ

2037 3067 2239 3134 στάτης
2282 3063 2486 3132 ταύτης
2520 3062 2786 3124 εὐποιίας.
2839 3062 2917 3113 Δι’
2967 3053 3041 3115 ὧν
3079 3060 3142 3114 τὸ
3199 3059 3470 3130 μακάριον
3525 3057 3624 3126 τῆς

2036 3147 2348 3218 ἀφθαρσίας
2388 3145 2594 3216 ἔνδυμα
2628 3145 2852 3208 οἰκείοις
2880 3144 3064 3207 πόνοις
3090 3145 3258 3214 ἐαυτῇ
3283 3143 3622 3210 ἐξυφάνασα.

356 3229 645 3301 Ἰσίδωρον,
667 3236 759 3286 καὶ
792 3235 1214 3305 Πισσίμιον,καί
1248 3237 1546 3304 Ἀδέλφιον,
1567 3237 1660 3290 καὶ
1677 3235 1932 3305 Παφνού-
1963 3236 2008 3298 C
2039 3231 2248 3288 καὶτὸν
2283 3230 2654 3301 ἀμαράντινον
2685 3229 2786 3300 τῆς
2821 3227 2978 3298 δόξης
3012 3228 3276 3298 στέφανον
3322 3229 3432 3289 τοῖς
3472 3225 3626 3288 ἰδίοις

340 3331 479 3376 τιον,
504 3319 597 3368 καὶ
632 3318 864 3388 Παμϐὼ,
901 3320 995 3372 καὶ
1037 3320 1354 3390 Ἀμμώνιον
1377 3321 1471 3373 τὸν
1500 3319 1800 3389 παρώτιον,
1839 3323 1934 3376 καὶ

343 3399 566 3470 ἐτέρους
598 3403 768 3466 τινάς,
808 3406 934 3466 τοὺς
960 3405 1168 3467 πάντας
1217 3405 1426 3460 δώδεκα
1471 3405 1808 3468 ἐπισκόπους
1841 3406 1934 3458 καὶ

344 3486 773 3557 πρεσϐυτέρους,
825 3490 920 3542 καὶ
953 3489 1174 3552 λοιποὺς
1222 3489 1519 3560 κληρικούς
1561 3506 1623 3541 τε
1675 3489 1772 3542 καὶ
1801 3491 1934 3542 ἀνα-

343 3570 621 3638 χωρητάς,
676 3569 752 3633 ὡς
802 3571 1046 3638 γίνεσθαι
1092 3571 1184 3624 τὸν
1238 3571 1473 3641 ἀριθμὸν
1523 3571 1716 3630 έκατὸν
1762 3571 1936 3638 εἰκοσι.

343 3650 428 3714 ἐξ,
462 3655 586 3714 τοὺς
613 3652 821 3716 πάντας
859 3653 1089 3706 δεκαδύο
1136 3654 1473 3718 ἐπισκόπους
1503 3655 1600 3709 καὶ
1632 3654 1938 3726 πρεσϐυτέ-

346 3751 475 3806 ρους
507 3737 588 3798 εἰς
618 3736 717 3808 τὴν
751 3737 1144 3805 Παλαιστίνην,
1178 3737 1309 3810 περὶ
1335 3737 1434 3809 τὴν
1475 3739 1893 3811 Διοκαισάρειαν
1921 3755 1934 3769 ’

345 3821 404 3870 ἐν
423 3813 505 3882 οἷς
527 3820 620 3871 καὶ
645 3821 783 3891 αὐτὴ
815 3819 1147 3873 συνελθοῦσα
1177 3821 1210 3891 ἠ
1244 3825 1540 3892 μακαρῖτις
1560 3823 1625 3874 ἐκ
1647 3820 1758 3875 τῶν
1791 3822 1939 3878 ἰδίων

346 3902 707 3972 ὑπαρχόντων
741 3903 1066 3958 διακονοῦσα
1099 3905 1304 3970 αὐτοῖς.
1328 3905 1708 3976 Κωλυομένων
1746 3906 1802 3960 δέ
1830 3907 1939 3960 τῶν

344 3983 812 4056 ὑπηρετουμένων
869 3989 1075 4055 αὐτοῖς,
1123 3988 1197 4052 ὼς
1281 3989 1568 4059 διηγοῦντο
1611 3990 1940 4062 (συνέτυχον

346 4068 459 4138 γάρ
491 4069 602 4138 ἐγὼ
647 4069 726 4140 τῷ
772 4073 914 4142 ἁγίῳ
964 4074 1275 4143 Πισσιμίῳ,-
1305 4073 1399 4126 καὶ
1448 4073 1793 4147 Παφνουτίῳ,
1847 4075 1942 4129 καὶ

359 4153 636 4225 Ἰσιδώρῳ,
673 4158 766 4209 καὶ
807 4157 1122 4229 Ἀμμωνίῳ)
1159 4201 1174 4224 ,
1233 4155 1374 4228 αὕτη
1413 4159 1447 4228 ὴ
1487 4159 1711 4230 ἀνδρεία
1741 4159 1940 4213 παιδα-

350 4237 470 4307 ρίου
504 4239 839 4308 καρακάλιον
859 4240 1218 4311 λαμϐάνουσα
1243 4243 1367 4296 καθ’
1392 4243 1633 4313 ἑσπέραν
1655 4245 1942 4315 εἰσέφερεν

347 4322 535 4385 αὐτοῖς
563 4327 630 4376 τὰ
655 4324 792 4394 πρὸς
814 4325 912 4388 τὰς
933 4327 1143 4395 χρείας.
1186 4326 1475 4394 Ἐγνωκὼς
1506 4325 1600 4381 οῦν
1620 4329 1649 4380 6
1673 4329 1941 4394 ὑπατικὸς

346 4406 451 4473 τῆς
508 4407 898 4477 Παλαιστίνης,
937 4410 1170 4478 θελήσας
1222 4410 1319 4462 ἀπ’
1364 4411 1535 4481 αὐτῆς
1591 4410 1684 4464 τὸν
1741 4412 1941 4465 κόλπον

348 4490 661 4561 πληρῶσαι,
699 4494 795 4544 καί
826 4495 1228 4564 προσεδόκησεν
1263 4495 1466 4565 ταύτην
1497 4496 1779 4549 καπνίσαι.
1829 4496 1941 4548 Καὶ

2038 3318 2284 3388 χρήμασι
2304 3317 2371 3385 τῇ
2385 3313 2546 3384 τιμία
2567 3311 2738 3382 αὐτῆς
2753 3311 2963 3383 κεφαλῇ
2984 3311 3167 3375 καλῶς
3185 3308 3623 3382 ἐκχαλκεύσασα,

2037 3403 2134 3453 καὶ
2170 3396 2672 3469 μεταμφιασαμένη
2703 3394 2844 3466 με,τά
2876 3392 3078 3464 πολλῆς
3120 3393 3458 3464 παρρησίας,
3487 3390 3626 3462 πρὸς

2037 3484 2128 3537 τὸν
2163 3482 2297 3535 Θεὸν
2328 3481 2704 3551 ἀπεδήμησεν.
2745 3477 3082 3548 Ἀρξάμενόν
3115 3494 3182 3546 με
3229 3477 3408 3530 τοίνυν
3435 3476 3627 3545 διηγή-

2042 3568 2241 3621 σασθαι
2275 3566 2345 3619 τά
2389 3564 2595 3634 ταύτης
2619 3563 2720 3628 τῆς
2753 3563 3034 3634 μακαρίας
3074 3558 3499 3630 κατορθώματα,
3529 3560 3627 3612 ἐὰν

2042 3652 2181 3704 θέλω
2211 3650 2356 3719 ἅπερ
2379 3648 2706 3716 ἐπίσταμαι,
2733 3645 2936 3714 λέγειν,
2961 3643 3229 3712 ἐπιλείψει
3247 3645 3384 3696 καὶὸ
3413 3643 3625 3714 χρόνος.

2042 3735 2217 3806 Ὂσην
2236 3733 2482 3806 μένρλην
2499 3730 2641 3800 αῦτη
2665 3731 2743 3794 εἰς
2761 3728 3049 3801 δεομένους
3065 3729 3344 3798 ὴνάλωσεν
3361 3727 3628 3798 ληφθεῖσα

2039 3821 2119 3891 τῷ
2145 3819 2385 3890 οὐρανίῳ
2411 3818 2582 3888 ζήλῳ,
2616 3816 2717 3869 οὐκ
2751 3811 2907 3886 οἶμαι
2938 3815 3116 3886 πυρὸς
3144 3813 3317 3882 φλόγα
3354 3812 3628 3884 ἐμπεσοῦ-

2044 3921 2142 3957 σαν
2173 3905 2254 3966 εἰς
2293 3901 2557 3971 ἀφθονίαν
2600 3900 2734 3970 ὕλης
2772 3898 3044 3969 τοσαύτης
3082 3897 3374 3967 δυνηθῆναι
3407 3895 3629 3966 ἐμπρῆ-

2044 4007 2157 4044 σαι.
2197 3989 2370 4041 Τοῦτο
2398 3987 2456 4040 δέ
2492 3987 2594 4039 οὐκ
2622 3986 2755 4056 ἐμόν
2783 3986 2898 4037 ἐστι
2934 3982 3322 4053 διηγήσασθαι,
3360 3983 3495 4036 ἀλλά
3533 3983 3630 4036 καὶ

2042 4075 2151 4128 τῶν
2182 4073 2280 4144 τὴν
2308 4071 2566 4144 Περσίδα,
2592 4071 2686 4122 καὶ
2707 4069 3063 4141 Βρεττανίας,
3087 4069 3184 4121 καὶ
3203 4069 3302 4131 τάς
3332 4068 3514 4129 πάσας
3533 4068 3631 4137 νή-

2045 4177 2174 4224 σους
2197 4158 2517 4213 οἰκούντων.
2537 4155 2658 4208 Τῶν
2681 4155 2790 4224 γὰρ
2815 4154 3071 4207 εὐποιιῶν
3091 4153 3186 4204 καὶ
3213 4152 3508 4207 ἐπιδόσεων
3531 4153 3633 4222 τῆς

2043 4244 2315 4300 ἀθανάτου
2349 4239 2577 4310 ταύτης,
2606 4238 2666 4291 οὐ
2698 4236 2999 4300 Δύσις,οὐκ
3048 4231 3329 4301 Ἀνατολὴ,
3359 4237 3458 4289 οὐκ
3507 4237 3635 4305 Ἀρ-

2047 4348 2192 4393 κτος,
2209 4327 2332 4382 οὐτε
2356 4323 2694 4395 Μεσημϐρία
2715 4323 3010 4392 ἠστόχησε.
3031 4319 3370 4390 Τριακοστὸν
3400 4320 3510 4394 γάρ
3538 4321 3634 4374 καὶ

2043 4413 2276 4483 ἕϐδομον
2308 4408 2667 4476 ξενιτεύσασα
2696 4406 2835 4468 ἔτος,
2881 4407 3032 4468 ἰδίοις
3070 4403 3424 4476 ἀναλώμασιν
3456 4406 3633 4478 ἐπήρς

2045 4516 2195 4564 κεσε,
2230 4499 2319 4550 καὶ
2354 4493 2696 4564 ἐκκλησίαις,
2736 4493 2832 4544 καλ⁵
2881 4490 3290 4560 μοναστηρίοις,
3318 4490 3412 4543 καὶ
3437 4489 3631 4555 ξένοις,

348 4573 640 4645 κατασχὼν
673 4577 865 4629 ἔϐαλεν
901 4577 1107 4647 ταύτην
1156 4579 1240 4640 εἰς
1290 4579 1559 4649 φυλακὴν,
1604 4579 1814 4647 ἀγνοῶν
1845 4581 1940 4649 τὴν
1973 4581 2020 4636 D
2047 4582 2139 4637 καὶ
2191 4580 2462 4649 φυλακαῖς
2485 4594 2497 4606 ·
2553 4576 2652 4628 καὶ
2690 4574 3054 4640 ἁπαξαπλῶς,
3087 4574 3262 4637 οὐδεὶς
3292 4573 3402 4626 τῶν
3455 4589 3636 4643 παραυ

348 4658 664 4730 ἐλευθερίαν
727 4661 916 4728 αὐτῆς.
981 4660 1408 4729 Συγκλεισθεῖσα
1456 4663 1511 4715 δὲ
1560 4664 1594 4734 ὴ
1649 4663 1940 4733 θεοφιλὴς,

345 4743 602 4814 δηλοίτῷ
634 4743 907 4814 ὑπατικῷ,
957 4744 1226 4812 λέγουσα·
1279 4745 1422 4822 Ἐγὼ
1461 4746 1614 4799 τοῦδε
1655 4748 1750 4818 μὲν
1783 4749 1944 4816 γεγέ-

347 4847 523 4898 νημαι
558 4831 826 4902 θυγάτηρ,
864 4831 957 4884 τοῦ
996 4831 1053 4884 δέ
1098 4833 1235 4901 γυνὴ
1275 4832 1368 4885 τοῦ
1419 4832 1663 4896 ἐπιδόξου
1715 4833 1938 4902 γένους·

346 4912 418 4965 τὰ
447 4914 504 4966 δὲ
533 4915 627 4968 νῦν
659 4918 778 4986 εἰμϊ
815 4916 978 4987 δούλη
1013 4909 1284 4987 Χριστοῦ.
1316 4917 1427 4970 Καὶ
1478 4917 1554 4988 μὴ
1591 4919 1658 4988 τῇ
1696 4917 1944 4989 εὐτελείᾳ

346 4997 446 5050 τοῦ
489 5001 770 5070 σχήματός
805 5019 906 5072 μου
946 5001 1234 5073 προσέχων
1279 5002 1658 5074 καταπτύσῃς.
1697 5000 1944 5073 Δύναμαι

349 5083 482 5153 γὰρ,
519 5085 614 5138 ἐάν
656 5085 815 5151 θέλω,
858 5087 1103 5158 ἐμαυτὴν
1134 5087 1228 5140 καὶ
1251 5086 1466 5156 ὐψῶσαι
1507 5088 1603 5140 καὶ
1634 5086 1940 5158 ἐκδικῆσαι,

349 5170 450 5221 καὶ
478 5170 580 5222 οῦκ
604 5169 748 5240 ἔχεις
786 5189 853 5241 με
885 5173 941 5223 ἐν
973 5171 1152 5242 τούτῳ
1179 5171 1466 5238 καπνίσαι,
1499 5171 1624 5226 οὐδέ
1651 5171 1760 5224 τῶν
1796 5171 1945 5241 ἐμῶν

348 5254 634 5318 τιλαϐεἰν.
669 5258 831 5310 Ὥστε
861 5253 954 5311 οὖν
980 5258 1066 5310 ἵνα
1098 5259 1377 5328 ἀγνοήσας
1413 5259 1488 5328 μὴ
1521 5258 1721 5332 μέλλῃς
1746 5259 1947 5329 ἐγκλή-

355 5357 490 5410 μασι
541 5342 932 5412 περιπίπτειν,
987 5342 1235 5413 ἐδήλωσὰ
1292 5359 1396 5396 σοι.
1455 5345 1549 5396 Δεῖ
1585 5343 1729 5414 γάρ,
1772 5346 1942 5414 φησι,

354 5427 496 5479 κατὰ
528 5426 640 5478 τῶν
679 5428 1025 5498 ἀναισθήτων
1071 5427 1327 5497 καθάπερ
1361 5429 1486 5482 κυνί
1538 5429 1571 5500 ἥ
1623 5431 1806 5500 ἱέρακι
1867 5431 1944 5502 τῷ

352 5507 508 5579 τύφῳ
543 5512 868 5582 κεχρῆσθαι,
901 5514 997 5566 καὶ
1036 5513 1094 5566 ἐν
1133 5512 1312 5584 καιρῷ
1353 5513 1737 5583 ὑπερηφανίας
1766 5515 1945 5569 αὐτῶν

354 5595 580 5659 τούτους
631 5597 944 5664 ἐπαφιέναι.
981 5598 1116 5652 Τότε
1154 5596 1392 5659 ἀκούσας
1428 5597 1600 5652 ταῦτα
1628 5600 1656 5650 6
1686 5599 1947 5670 δικαστὴς

357 5681 439 5741 εἰς
469 5681 823 5749 συναίσθησιν
845 5681 1038 5746 ἐλθὼν,
1070 5682 1164 5735 καὶ
1185 5681 1588 5753 ἀπελογήσατο,
1619 5685 1715 5736 καὶ
1745 5684 1940 5756 ἐδεήθη

359 5765 561 5839 αὐτῆς,
582 5767 677 5819 καὶ
716 5765 1004 5830 ἐκέλευσεν
1033 5767 1531 5842 αὐτὴν-ἀκωλύτως
1558 5769 1947 5840 συντυγχάνειν

354 5851 472 5914 τοῖς
502 5849 678 5919 ἁγίοις
707 5849 985 5922 ἀνδράσιν.

2045 4665 2431 4736 τυγχανόντων
2458 4662 2689 4732 ἄμοιρος
2721 4659 2894 4730 αὐτῆς
2921 4658 3266 4730 ἀνεχώρησεν
3290 4674 3308 4690 ⁸
3331 4657 3637 4729 χορηγούν-

2046 4768 2153 4805 των
2183 4750 2344 4818 αὐτῇ,
2372 4746 2481 4800 τῶν
2511 4746 2650 4817 πρὸς
2702 4746 2880 4813 γένος,
2910 4748 3003 4798 καὶ
3029 4742 3194 4796 αὐτοῦ
3227 4742 3319 4795 τοῦ
3350 4741 3492 4802 υἱοῦ,
3539 4742 3639 4794 καὶ

2046 4833 2154 4887 τῶν
2181 4831 2352 4901 αὐτῆς
2383 4830 2694 4900 ἐπιτρόπων
2720 4830 2840 4882 κατ’
2869 4829 2987 4890 ἐτός
3019 4827 3085 4880 τὰ
3117 4827 3222 4896 χρή
3235 4843 3400 4894 ματα,
3446 4824 3637 4897 ὥσπερ

2047 4916 2230 4988 λύχνῳ
2259 4914 2471 4985 φαιδρῷ
2509 4913 2877 4984 χορηγοῦντες
2900 4913 2962 4964 τὸ
2996 4911 3173 4965 ἔλαιον
3193 4927 3208 4941 ο
3241 4911 3362 4979 ήτις
3394 4910 3637 4981 λαμπρῷ

2046 5005 2128 5076 τῷ
2186 5001 2326 5072 φωτὶ
2379 5001 2478 5070 τῆς
2512 4998 2888 5070 ἐλεημοσύνης
2937 4997 3035 5068 τὴν
3093 4997 3269 5066 φλόγα
3321 4998 3639 5052 ἁνάπτουσα

2051 5089 2216 5159 ἰλαρᾷ
2252 5089 2319 5158 τῇ
2351 5085 2498 5139 δόσει
2542 5083 2752 5145 πάντας
2786 5080 3076 5150 ἐφώτισεν.
3122 5081 3244 5134 Ἐπὶ
3277 5081 3532 5134 τοσοῦτον
3581 5082 3639 5135 δέ

2047 5177 2116 5245 τῇ
2146 5170 2388 5241 ξενιτείᾳ
2408 5169 2892 5240 ἐγκαρτερήσασα,
2916 5167 3036 5219 οὐδὲ
3054 5166 3338 5238 σπιθαμὴν
3364 5168 3639 5238 ἐκτήσατο

2048 5259 2182 5329 γῆς’
2210 5258 2311 5310 οὐκ
2345 5253 2645 5325 ἐξελκύσθη
2679 5251 2777 5319 τοῦ
2809 5251 2977 5306 πόθου
3006 5253 3104 5322 τῆς
3138 5251 3374 5322 ἐρημίας
3402 5251 3507 5304 ὑπὸ
3542 5249 3638 5320 τῆς

2048 5341 2146 5394 τοῦ
2185 5339 2306 5392 υἰοῦ
2344 5337 2641 5407 ἐπιθυμίας
2669 5354 2684 5369 ο
2714 5337 2816 5390 οὐκ
2849 5337 3109 5406 ἐμέρισεν
3151 5337 3322 5402 αὐτὴν
3372 5336 3471 5405 τῆς
3501 5336 3641 5402 πρὸς

2051 5424 2288 5498 Χριστὸν
2315 5424 2539 5494 ἀγάπης
2559 5423 2586 5474 6
2615 5419 2709 5486 τοῦ
2739 5421 3063 5493 μονογενοῦς
3088 5420 3222 5474 Υἰοῦ
3252 5421 3418 5490 αὐτῆς
3451 5419 3637 5480 πόθος.

2065 5511 2230 5567 ⁹Αλλά
2282 5512 2403 5572 ταῖς
2438 5511 2771 5579 προσευχαῖς
2805 5509 2927 5569 ταῖς
2978 5506 3154 5570 ὁσίαις
3205 5507 3411 5576 ταύτης
3461 5509 3562 5570 καὶ
3614 5509 3642 5560 6

2052 5597 2316 5665 νεώτερος
2342 5597 2420 5658 εἰς
2461 5594 2628 5663 ἀκρον
2651 5591 2898 5652 παιδείας
2925 5592 3148 5663 ἤλασεν,
3183 5593 3277 5645 καὶ
3311 5593 3392 5655 εἰς
3421 5593 3641 5662 τρόπων

2053 5680 2420 5754 χρηστότητα.
2466 5676 2743 5744 Ἐφθασεν
2773 5675 2830 5729 δὲ
2865 5679 2958 5730 καὶ
2992 5677 3073 5739 εἰς
3117 5677 3294 5747 γάμον
3350 5677 3492 5732 κατά
3547 5678 3645 5735 τὸν

2055 5771 2261 5838 κόσμον
2309 5763 2500 5817 τοῦτον
2536 5763 2802 5829 ἐπίδοξον,
2858 5762 2954 5816 καὶ
2995 5763 3145 5826 ἐντὸς
3197 5763 3306 5816 τῶν
3359 5760 3642 5830 κοσμικίὁν

2057 5849 2386 5923 ἀξιωμάτων
2421 5847 2655 5917 ἐγένετο.
2686 5848 2884 5918 Ἔσχεν
2915 5846 2971 5902 δέ
3011 5847 3105 5901 καὶ
3139 5847 3346 5902 τέκνων
3379 5845 3565 5905 δυάδα.
