4028 6454
458 420 594 491 1227

1900 419 2253 479 PALLADII

3602 417 3733 482 1228

525 529 681 589 Μετά
714 528 947 592 πολλοὺς
972 522 1066 582 οὗν
1103 526 1231 590 τοὺς
1267 525 1495 599 χρόνους
1523 525 1811 582 ἀκούσασα
1845 525 1987 594 αὕτη
2015 526 2049 594 ἡ
2081 528 2123 581 Δ
2155 541 2339 578 τευτον
2378 523 2727 597 καταλεῖψαι,
2771 525 3008 596 γραῖδων
3060 526 3203 597 τάχα
3235 526 3451 581 πολλῶν
3496 533 3734 585 συνετῶν

455 615 764 690 σεμνοτάτη
800 615 930 685 περὶ
958 614 1057 683 τῆς
1093 612 1487 676 καταστάσεως
1521 614 1621 684 τῆς
1671 610 1927 682 ἐκγόνης,
1960 611 2043 664 ὅτι

453 700 684 771 ἔγημεν,
717 697 812 751 καὶ
838 697 1146 768 προῄρηται
1175 694 1578 761 ἀποτάξασθαι,
1623 693 1923 764 φοϐηθεῖσα
1964 693 2041 764 μή

453 800 587 838 ποτε
620 780 1004 854 περιρῤαγῶσι
1034 777 1522 849 κακοδιδασκαλίᾳ,
1553 777 1586 849 ἢ
1616 777 1847 845 αἱρέσει,
1883 777 1918 848 ἢ
1939 793 2043 831 κα.-
2093 824 2095 828 .

453 867 682 936 κοζωϊᾳ,
730 865 996 935 ἐξήκοντα
1041 863 1180 916 ἐτῶν
1241 862 1544 934 πρεσϐύτις
1597 858 1733 916 οὖσα
1787 861 2042 916 ἐνέϐαλεν

451 949 654 1020 ἑαυτὴν
683 951 762 1010 είς
786 947 975 1000 πλοῖον
1001 964 1014 978 ο
1035 948 1129 1000 καὶ
1155 945 1263 1001 ἀπὸ
1288 945 1389 1016 τῆς
1416 945 1747 1016 Καισαρέων
1769 944 2045 1002 ἀποπλεύ-

453 1051 598 1091 σασα
629 1035 697 1088 δι’
723 1033 897 1088 εῐκοσι
925 1031 1149 1102 ἡμερῶν
1173 1030 1512 1102 παρεγένετο
1551 1032 1632 1092 εἰς
1674 1030 1916 1102 Ῥώμην,
1949 1031 2046 1084 καὶ

450 1123 567 1184 τοῖς
607 1120 725 1172 ἐκεῖ
757 1115 1117 1187 συντυχοῦσα,
1152 1115 1244 1169 τὸν
1280 1116 1379 1186 μὲν
1421 1114 1842 1186 μακαριώτατον
1874 1115 2046 1188 ἄνδρα

455 1205 550 1258 καὶ
601 1203 1054 1271 ἀξιολογώτατον,
1101 1200 1489 1271 λαμπρότατον
1533 1198 1887 1272 ’Δπρονιανὸν
1914 1199 2045 1254 Ἔλ-

454 1287 593 1356 ληνα
641 1285 771 1339 ὄντα
810 1285 1196 1356 κατηχήσασα,
1225 1281 1553 1356 Χριστιανὸν
1598 1282 1889 1354 ἐποίησεν·
1923 1284 2047 1337 πεί-

458 1386 600 1425 σασα
637 1369 801 1424 αὑτὸν
848 1369 944 1422 καὶ
991 1367 1426 1439 ἐγκρατεύεσθαι
1473 1366 1613 1437 μετά
1657 1367 1758 1438 τῆς
1787 1369 2046 1436 γυναικὸς

456 1454 679 1518 ἐαυτοῦ,
730 1451 1020 1522 ἀδελφιδῆς
1055 1451 1114 1505 δὲ
1145 1452 1350 1524 ταύτης
1394 1453 1492 1522 τῆς
1530 1451 1808 1524 μακαρίας
1843 1452 2043 1506 καλου-

461 1539 629 1610 μένης
663 1535 918 1600 Ἀϐίττας
941 1553 955 1568 ο
985 1535 1288 1607 στηρίξασα
1319 1535 1375 1588 δέ
1396 1536 1490 1588 καὶ
1509 1534 1609 1606 τὴν
1644 1535 1780 1588 ἰδίαν
1811 1536 2047 1612 έκγόνην

458 1620 737 1677 Μελανίαν
768 1620 867 1691 τήν
895 1621 1166 1690 νεωτέραν
1190 1619 1286 1672 σὺν
1308 1617 1385 1689 τῷ
1407 1619 1578 1690 αὐτῆς
1599 1617 1754 1688 ἀνδρὶ
1785 1619 2046 1691 Πινιανῷ.

458 1706 790 1776 Κατήχησεν
823 1703 882 1757 δὲ
922 1703 1016 1758 καὶ
1049 1703 1299 1756 Ἀλϐίναν
1321 1702 1421 1763 τὴν
1451 1701 1653 1772 ἑαυτῆς
1683 1703 1927 1773 νύμφην,
1951 1720 2048 1770 γυ-

459 1790 622 1841 ναῖκα
644 1788 701 1842 δὲ
731 1786 826 1841 τοῦ
851 1786 968 1840 υἱοῦ
994 1786 1162 1857 αὐτῆς
1184 1801 1197 1816 ·
1217 1786 1314 1840 καὶ
1335 1788 1808 1857 παρασκευάσασα
1837 1790 2046 1852 πάντας

2151 608 2246 660 καὶ
2299 608 2609 663 σπουδαίων
2651 609 2858 681 ταύτην
2905 609 3042 664 πολὺ
3095 609 3297 682 μᾶλλον
3346 610 3732 684 διαφέρουσαν.

2150 689 2262 762 Τὴν
2288 691 2418 744 νέαν
2448 691 2631 745 τοίνυν
2657 695 2726 762 τῇ
2759 691 2966 764 ἡλικία,
3013 694 3319 765 πρεσϐύτιν
3345 695 3404 749 δὲ
3444 699 3511 767 τῇ
3543 697 3734 768 γνώμῃ

2145 773 2247 844 τῆς
2287 774 2569 839 εὐσεϐείας
2587 791 2602 808 ο
2628 775 2835 844 ταύτην
2865 776 2966 848 μὲν
3003 777 3096 850 βίᾳ
3124 778 3175 830 οί
3202 781 3566 849 γεννήσαντες
3596 782 3734 850 ήγα-

2147 881 2246 934 γον
2275 865 2414 938 πρὸς
2463 867 2668 937 γάμον,
2715 865 3008 934 ζεύξαντες
3056 867 3226 939 αὐτὴν
3269 866 3350 939 τῷ
3401 868 3608 938 πριῖντῳ
3638 869 3736 940 τῆς

2157 949 2405 1022 Ῥώμης.
2438 951 2602 1014 Ἥτις
2631 951 2721 1004 ἀεὶ
2745 953 2860 1016 τοῖς
2883 952 3193 1023 διηγήμασι
3225 952 3328 1021 τῆς
3360 953 3566 1021 ἑαυτῆς
3591 953 3737 1023 μάμ-

2151 1051 2260 1104 μης
2291 1033 2594 1104 νυττομένη
2648 1035 2742 1087 ἐπὶ
2787 1033 3030 1090 τοιοῦτον
3081 1035 3418 1108 ἐκεντρώθη,
3472 1037 3550 1101 ὡς
3600 1037 3736 1109 μηδὲ

2145 1115 2442 1188 δυνηθῆναι
2495 1117 3014 1189 ἐξυπηρετήσασθαι
3063 1119 3142 1190 τῷ
3174 1120 3361 1190 γάμῳ.
3415 1120 3734 1190 Γενομένων

2147 1200 2256 1272 γάρ
2286 1201 2425 1274 αὐτῇ
2466 1201 2561 1256 δύο
2595 1202 2828 1256 παιδίων
2859 1203 3129 1274 ἀρρένων,
3162 1204 3396 1257 καὶτῶν
3423 1204 3518 1257 δύο
3551 1204 3738 1257 τελευ-

2146 1283 2454 1353 τησάντων,
2496 1287 2576 1348 είς
2593 1284 2850 1338 τοσοῦτον
2880 1288 3037 1356 μῖσος
3058 1284 3154 1340 τοῦ
3188 1287 3370 1356 γάμου
3404 1286 3632 1356 ήλασεν,
3660 1286 3738 1349 ώς

2147 1369 2322 1421 εἰπεῖν
2355 1366 2433 1437 τῷ
2471 1367 2673 1437 ἑαυτῆς
2726 1368 2883 1439 ἀνδρὶ
2921 1368 3184 1438 Πινιανῷ,
3213 1369 3292 1437 τῷ
3340 1369 3441 1440 υίῷ
3489 1371 3736 1440 Σευήρου

2147 1449 2242 1504 τοῦ
2276 1451 2385 1504 ἀπὸ
2427 1449 2710 1521 ἐπάρχων,
2749 1452 2832 1505 ὅτι
2884 1451 2951 1504 Εἰ
2987 1452 3087 1521 μὲν
3113 1454 3373 1523 αίρήσαις
3417 1451 3738 1521 συνοικῆσαί

2151 1550 2244 1605 μοι
2266 1534 2406 1588 κατά
2434 1534 2525 1587 τὸν
2545 1536 2644 1605 τῆς
2669 1534 3027 1606 σωφροσύνης
3053 1536 3233 1605 λόγον,
3263 1538 3355 1591 καὶ
3381 1537 3650 1608 δεσπότην
3677 1556 3736 1592 σε

2148 1613 2288 1680 οἴδα,
2329 1617 2423 1670 καὶ
2463 1619 2653 1690 κύριον
2686 1621 2787 1690 τῆς
2831 1619 2970 1690 ἐμῆς
3007 1619 3155 1690 ζωῆς
3196 1620 3517 1692 ὁμολογήσω
3563 1638 3657 1674 σε·
3687 1623 3738 1676 el

2149 1700 2206 1762 δὲ
2238 1699 2404 1771 βάρος
2440 1717 2524 1754 σοι
2553 1701 2714 1755 τοῦτο
2740 1702 2816 1765 ὡς
2847 1703 3100 1774 νεωτέρῳ
3129 1703 3400 1772 φαίνεται,
3424 1707 3601 1758 πάντα
3633 1721 3739 1774 μοιι

2149 1783 2284 1839 λάϐε
2309 1785 2377 1838 τὰ
2408 1787 2736 1856 πράγματα,
2771 1785 2866 1841 καὶ
2908 1787 3068 1856 μόνον
3106 1787 3168 1839 τὸ
3193 1787 3355 1856 σῶμά
3387 1805 3488 1858 μου
3521 1787 3737 1842 ἐλευθέ-

459 1869 683 1933 τούτους
728 1869 1070 1940 διαπωλῆσαι
1123 1868 1192 1922 τὰ
1255 1868 1575 1940 ὑπάρχοντα
1595 1908 1611 1933 ,
1667 1870 1766 1939 τῆς
1830 1869 2049 1940 Ῥώμης
2080 1882 2123 1938 Β
2154 1885 2350 1940 ρωσον,
2379 1869 2467 1922 ενα
2495 1870 2908 1942 πληροφορήσω
2945 1887 3046 1941 μου
3075 1870 3218 1924 κατά
3251 1870 3384 1924 Θεὸν
3413 1871 3734 1942 ἐπιθυμίαν,

458 1952 753 2024 ἐξήγαγεν,
775 1953 874 2008 καὶ
902 1954 996 2006 ἐπὶ
1022 1952 1115 2024 τὸν
1141 1952 1338 2022 σεμνὸν
1363 1953 1457 2005 καὶ
1478 1951 1824 2022 γαληνιῶντα
1849 1952 2047 2022 λιμένα

379 2097 400 2106 __
455 2037 552 2092 τοῦ
586 2036 704 2108 βίου
733 2037 964 2108 Ιήγαγεν.
990 2037 1101 2090 Καὶ
1127 2035 1306 2101 οὕτως
1333 2036 1471 2108 πρὸς
1497 2035 1709 2099 πάντας
1738 2037 1865 2100 τοὺς
1892 2039 1950 2090 ἐν
1981 2040 2053 2110 τῇ

470 2120 667 2194 Ῥώμῃ
717 2121 1116 2193 συγκλητικοὺς
1147 2120 1610 2192 ἐθηριομάχησενο
1647 2123 1742 2176 καὶ
1775 2123 1912 2194 πρὸς
1950 2125 2049 2186 τάξ

458 2204 669 2258 τούτων
701 2203 1019 2273 ἐλευθέρας,
1050 2203 1365 2258 κωλυόντων
1401 2206 1539 2275 αὐτῇ
1573 2205 1666 2257 ἐπὶ
1696 2207 1762 2275 τῇ
1795 2207 2048 2275 ἀποταγῇ

458 2287 568 2344 τῶν
601 2286 808 2340 λοιπῶν
823 2287 1060 2340 οἰκείων.
1105 2287 1171 2340 Ἦ
1197 2287 1255 2340 δέ
1276 2286 1372 2340 τοῦ
1404 2286 1645 2359 Χριστοῦ
1670 2287 1830 2358 δούλη
1864 2288 2050 2357 ἔλεγεν

459 2373 680 2435 αὐτοῖς’
714 2371 931 2436 Παιδία,
976 2370 1086 2442 πρὸ
1127 2371 1500 2442 τετρακοσίων
1549 2373 1686 2425 ἐτῶν
1727 2373 1944 2442 ἐγράφη
1966 2374 2050 2424 ὅτι

460 2456 666 2527 ἐσχάτη
697 2454 815 2526 ὥρα
843 2455 994 2508 εστίν
1019 2471 1032 2485 ⁸
1056 2453 1109 2507 τί
1140 2450 1232 2508 οὖν
1255 2455 1688 2526 ἐμφιλοχωρεῖτε
1715 2459 1782 2527 τῇ
1819 2457 2050 2526 ματαιό-

459 2556 586 2611 τητι
633 2539 729 2592 τοῦ
780 2538 919 2610 βίου,
965 2539 1039 2609 μή
1079 2554 1210 2591 ποτε
1265 2539 1547 2604 φθάσωσιν
1599 2539 1657 2592 αί
1714 2541 1921 2611 ἡμέραι
1955 2539 2048 2593 τοῦ

475 2623 868 2694 Ἀντιχρίστου,
901 2624 997 2675 καὶ
1027 2621 1104 2693 μὴ
1128 2622 1393 2694 δυνηθῆτε
1421 2621 1732 2676 ἀπολαῦσαι
1767 2623 1923 2694 ὑμῶν
1956 2621 2050 2676 τοῦ

461 2707 697 2763 ¹πλούτου
729 2708 827 2762 καὶ
850 2706 961 2759 τῶν
987 2695 1331 2776 προγονικῶν
1355 2707 1512 2776 ὑμῶν
1541 2707 1905 2779 πραγμάτων.
1939 2709 2053 2764 Καὶ

459 2793 550 2851 διά
588 2791 796 2846 τούτων
818 2790 926 2845 τῶν
953 2790 1130 2859 λόγων
1161 2791 1374 2854 πάντας
1396 2790 1817 2862 ἐλευθερώσασα
1842 2792 2052 2863 ήγαγεν

461 2878 555 2932 ἐπὶ
590 2874 680 2928 τὸν
699 2874 913 2947 μονήρη
939 2873 1076 2944 βίον.
1094 2873 1205 2927 Καὶ
1225 2873 1317 2927 τὸν
1345 2869 1659 2928 Ποπλικόλα
1681 2876 1736 2928 δὲ
1765 2875 1881 2929 υἱὸν
1915 2893 2049 2930 κατ-

460 2964 718 3033 ηχήοασα
784 2960 877 3014 τὸν
919 2958 1210 3031 νεώτερον,
1248 2959 1460 3030 ήγαγεν
1511 2960 1608 3012 ἐπὶ
1643 2960 1742 3031 τήν
1777 2960 2049 3026 Σικελίαν,

461 3045 530 3098 τά
571 3045 771 3114 ἑαυτῆς
818 3042 1222 3112 ὑπολειφθέντα
1271 3043 1451 3097 πάντα
1485 3043 1917 3116 διαπωλήσασαο
1956 3046 2052 3104 καὶ

461 3131 563 3194 τὰς
593 3130 760 3200 τιμὰς
789 3127 1176 3200 ὑποδεξαμένη
1199 3125 1366 3199 ἦλθεν
1399 3127 1562 3182 πάλιν
1586 3127 1682 3181 ἐπὶ
1717 3131 1787 3182 τὰ
1827 3129 2054 3202 Ἱεροσό-

2150 1951 2488 2023 κληρονόμος
2520 1952 2790 2022 γενομένη
2831 1952 2934 2022 τῆς
2992 1953 3134 2007 κατὰ
3197 1953 3330 2007 Θεὸν
3383 1955 3586 2025 ἀρετῆς
3636 1955 3737 2024 τῆς

2149 2034 2294 2105 ἐμῆς
2337 2036 2598 2105 μάμμης,
2630 2031 2700 2108 ἧς
2726 2037 2821 2090 καὶ
2845 2035 2905 2088 τὸ
2932 2035 3102 2105 ὸνομα
3126 2035 3255 2105 ἔχω.
3277 2038 3341 2090 El
3357 2038 3468 2108 γὰρ
3485 2037 3738 2092 ἐϐούλετο

2150 2119 2300 2188 ἡμᾶς
2323 2119 2351 2170 ὁ
2380 2118 2512 2182 Θεὸς
2533 2120 2590 2170 ὲν
2617 2117 2696 2190 τῷ
2726 2118 2920 2190 κόσμῳ
2951 2118 3126 2188 τούτῳ
3153 2119 3385 2188 διάγειν,
3414 2123 3510 2174 καὶ
3546 2121 3658 2175 τῶν
3682 2121 3742 2191 ἐξ

2150 2201 2316 2255 αὑτοῦ
2348 2201 2670 2268 ἀπολαύειν,
2709 2202 2810 2255 ούκ
2840 2201 2906 2256 ἀν
2944 2219 3046 2272 μου
3084 2201 3280 2256 ἐλαϐεν
3333 2203 3487 2274 ἄωρα
3532 2205 3602 2257 τά
3650 2221 3740 2256 τε-

2151 2285 2351 2354 χθέντα
2384 2285 2598 2340 παιδία.
2643 2286 2767 2339 Ἐπὶ
2801 2285 2974 2339 πολὺν
3006 2285 3064 2338 δὲ
3096 2287 3285 2357 χρόνον
3312 2287 3738 2359 ζυγομαχησάν-

2150 2387 2262 2423 των
2297 2369 2476 2424 αὐτῶν
2509 2371 2589 2435 είς
2627 2369 2856 2439 ὕστερον
2903 2371 2932 2424 ὁ
2969 2370 3102 2433 Θεὸς
3153 2374 3610 2442 κατοικτειρήσας
3647 2371 3739 2428 τὸν

2152 2453 2293 2518 νέον,
2329 2453 2590 2524 ἐνέθηκεν
2625 2454 2722 2509 καὶ
2753 2455 2929 2522 τούτῳ
2959 2452 3120 2524 ζῆλον
3143 2455 3471 2521 θεοσεϐείας,
3501 2456 3577 2521 ὡς
3605 2459 3740 2510 ἀπο-

2151 2537 2422 2602 τάξασθαι
2455 2539 2604 2610 πάσῃ
2638 2542 2704 2610 τῇ
2735 2539 2838 2612 ῦλῃ
2877 2538 2972 2593 τοῦ
3004 2539 3240 2611 κόσμου,
3277 2541 3352 2605 ὡς
3384 2541 3739 2612 πληρωθῆναι

2153 2621 2214 2676 τὸ
2235 2623 2626 2692 γεγραμμένον
2651 2622 2748 2676 τοῦ
2777 2623 3106 2676 Ἀποστόλου
3133 2626 3300 2695 ῥητόν
3323 2643 3335 2656 ·
3361 2625 3426 2678 Τί
3446 2627 3554 2695 γὰρ
3568 2624 3741 2694 οἶδας,

2154 2706 2337 2777 γύναι,
2371 2708 2422 2761 εί
2447 2707 2538 2760 τὸν
2567 2706 2743 2775 ἀνδρα
2768 2705 3006 2774 σώσεις;
3041 2709 3074 2781 ἢ
3109 2707 3161 2762 τί
3185 2705 3354 2775 οἶδας,
3382 2711 3532 2781 ἄνερ,
3567 2713 3618 2766 εί
3641 2712 3745 2783 τὴν

2153 2792 2392 2861 γυναῖκα
2421 2789 2618 2855 σώσεις
2643 2807 2657 2855 ;
2689 2792 2992 2863 Γημαμένη
3019 2792 3112 2847 οῦν
3133 2794 3438 2864 δεκατριῶν
3466 2795 3625 2860 ὲτῶν,
3650 2807 3748 2850 καὶ

2159 2872 2449 2944 συζήσασα
2484 2873 2563 2944 τῷ
2588 2876 2743 2946 ἀνδρὶ
2777 2877 2918 2929 ἐπτά
2943 2877 3063 2947 ἐτη.
3102 2875 3181 2946 τῷ
3214 2877 3444 2947 εἰκοστῷ
3470 2878 3582 2932 έτει
3637 2882 3750 2934 ἀπκ-

2154 2956 2398 3022 ἐτάξατο.
2408 2959 2516 3013 Καὶ
2530 2958 2749 3031 πρῶτον
2764 2960 2862 3030 μὲν
2881 2962 3056 3016 πάντα
3072 2963 3242 3032 αὐτῆς
3256 2962 3321 3016 τὰ
3336 2966 3580 3036 σηρικάή
3589 2966 3751 3033 μιφό·

2159 3042 2616 3114 ριαικαλύμματα
2645 3047 2760 3108 τοῖς
2787 3046 3201 3118 θυσιαστηρίοις
3221 3047 3550 3118 ἐδωρήσατο.
3576 3049 3754 3104 Τοῦτο

2157 3126 2544 3200 δὲξπεποίηκεν
2579 3129 2675 3183 καὶ
2710 3131 2743 3198 ή
2768 3129 3190 3202 σεϐασμιωτάτη
3234 3131 3568 3202 Ὀλυμπιάς.
3583 3135 3668 3188 Τὰ
3692 3136 3751 3190 δι

463 3213 632 3284 λυμα,
670 3213 766 3265 καὶ
793 3211 1126 3283 διανείμασα
1155 3205 1254 3274 τάς
1287 3212 1419 3276 ὕλας
1455 3212 1608 3277 ἐντὸς
1638 3214 2054 3284 τεσσαράκοντα
2085 3236 2129 3294 C
2161 3210 2326 3266 λοιπὰ
2345 3213 2548 3285 σηρικὰ
2571 3213 2848 3284 ἐνδύματα
2874 3215 3473 3289 συγκόψασα,διάφορα
3492 3219 3752 3290 ἐποίησεν

463 3298 689 3370 ήμερῶν
722 3296 997 3368 ἐκοιμήθη
1046 3299 1105 3349 ἐν
1138 3298 1301 3367 γήρει
1330 3296 1484 3368 καλῷ
1528 3299 1624 3351 καὶ
1666 3300 1825 3368 τιμίᾳ
1865 3302 2058 3376 μνήμῃ

465 3384 562 3436 καὶ
593 3380 882 3456 βαθυτάτη
915 3380 1194 3454 πραΰτητι
1226 3380 1458 3452 κομῶσα
1487 3385 1606 3447 ταῖς
1633 3383 2056 3454 ἐλεημοσύναις,

464 3467 562 3522 καὶ
591 3467 667 3538 τῷ
699 3466 899 3538 καρπῷ
929 3467 1038 3520 τῶν
1065 3467 1287 3534 ἀγαθῶν
1319 3466 1498 3538 ἔργων
1522 3467 1819 3542 βριθομένη
1838 3487 1852 3501 ·
1883 3488 2057 3526 κατα-

464 3544 702 3622 λείψασα
749 3549 846 3604 καὶ
879 3551 1250 3623 μοναστήριον
1309 3553 1370 3606 ἐν
1414 3551 1839 3626 Ἱεροσολύμοις,
1864 3557 1959 3610 καὶ
1988 3554 2058 3611 τά

464 3635 562 3707 τῆς
592 3635 766 3706 μονῆς
792 3635 1150 3706 ἀναλώματα.

551 3741 640 3804 Ὠς
668 3741 725 3794 δὲ
759 3742 959 3806 πάντες
976 3734 1124 3794 οῦτοι
1147 3741 1196 3794 oi
1225 3738 1330 3794 ὑπὸ
1371 3739 1473 3810 τῆς
1504 3743 1780 3814 μακαρίας
1801 3743 2060 3816 Μελάνης

466 3825 876 3900 κατηχηθέντες
921 3827 1026 3895 τῆς,
1063 3825 1286 3896 Ῥώμης
1323 3825 1707 3898 ἀνεχώρησαν,
1738 3828 1939 3892 θύελλά
1971 3845 2060 3892 τις

470 3909 807 3986 βαρϐαρική,
837 3913 872 3981 ή
919 3911 1014 3964 καί⁵
1059 3911 1119 3964 ὲν
1171 3911 1537 3982 προφητείαις
1585 3913 1754 3967 πάλαι
1803 3913 2058 3985 κειμένη,

467 3997 677 4068 ἐπέστη
713 3998 779 4068 τῇ
837 3995 1060 4070 Ῥώμῃ,
1086 3999 1181 4050 καὶ
1226 3997 1327 4050 οὐκ
1372 3996 1557 4050 εἴασεν
1628 3997 1752 4052 οὐδὲ
1801 3999 1930 4063 τοὺς
1968 3998 2058 4054 ἐπ’

468 4084 647 4155 ἀγορᾷ.
677 4083 1008 4154 ἀνδριάντας,
1033 4081 1302 4152 χαλκοῦς,
1325 4082 1484 4140 ἀλλὰ.
1506 4084 1688 4140 πάντα
1732 4084 2060 4157 πορθήσασα

472 4167 784 4239 βαρϐαρικῇ
822 4166 1072 4238 ἀπονοίᾳ,
1115 4167 1436 4238 παρέδωκεν
1481 4169 1750 4243 ἀπωλείᾳ,
1800 4171 1878 4236 ώς
1903 4172 2060 4240 γενέ-

471 4251 596 4305 σθαι
626 4252 728 4320 τὴν
773 4244 1016 4321 Ῥώμην,
1059 4251 1160 4322 τὴν
1197 4253 1256 4304 ἐν
1293 4252 1488 4323 χιλίοις
1537 4253 1835 4318 διακοσίοις
1880 4257 2058 4310 ἔτεσιν

471 4334 955 4405 φιλοκαληθείσαν,
981 4335 1124 4388 κατά
1182 4335 1280 4404 τὴν
1315 4338 1416 4406 τῆς
1457 4337 1727 4408 Σιϐύλλης
1757 4340 1940 4410 ῥῆσιν,
1970 4339 2060 4412 po.

475 4436 604 4492 μην.
643 4419 779 4474 Τότε
816 4423 869 4478 οί
889 4419 1294 4490 κατηχηθέντες
1323 4419 1544 4492 ἔχαιρον
1581 4423 1656 4492 μὴ
1688 4442 2056 4496 συμπαραπε-

471 4505 657 4567 σόντες
711 4506 834 4573 τοῖς,
876 4504 1270 4574 ἀνηκεστάτοις
1319 4509 1513 4569 κακοῖς
1562 4508 1662 4577 τῆς
1707 4509 2056 4581 πορθήσεως,

468 4589 790 4656 δοξάζοντες
835 4589 927 4643 τὸν
979 4588 1114 4644 Θεὸν
1145 4589 1237 4642 ἐπὶ
1269 4592 1336 4660 τῇ
1369 4591 1570 4663 ἀρίστῃ
1625 4595 1896 4666 μεταϐολῇ
1946 4596 2055 4650 τῶν
2089 4583 2137 4642 Ῑ)

470 4673 838 4745 πραγμάτων,
865 4672 959 4726 καὶ
993 4675 1062 4747 τῇ
1112 4672 1404 4744 παραδόξῳ
1453 4675 1634 4732 αὐτῶν
1665 4681 1933 4751 σωτηρίᾳ,
1967 4681 2060 4734 τὸν

469 4758 658 4822 αὐτοῖς
682 4757 870 4830 ἔργοις
893 4759 1163 4811 πείσαντα
1186 4757 1313 4820 τοὺς
1335 4759 1622 4823 ἀπίστους,
1644 4764 1856 4818 ὅτιτῶν
1879 4765 2060 4818 ἀλλων

470 4841 692 4896 πάντων
739 4842 1296 4914 αἰχμαλωτισθέντων
1323 4839 1470 4898 οῦτοι
1516 4845 1668 4914 μόνοι
1719 4847 2059 4917 διεσώθησαν

469 4927 520 4978 οῖ
569 4921 709 4981 οἴκοι
747 4925 1112 4996 ὁλοκαύτωμα
1149 4927 1436 4998 γενόμενοι
1482 4928 1561 4999 τῷ
1605 4929 1797 5001 Κυρίῳ
1847 4933 2056 5003 σπουδῇ

468 5009 724 5082 Μελάνης
754 5011 856 5082 τῆς
883 5011 1129 5081 ἀοιδίμου
1169 5011 1264 5064 καὶ
1307 5010 1605 5075 ἀθανάτου,
1645 5013 1756 5066 τῶν
1783 5016 2059 5070 ἐναντιου-

472 5095 652 5165 μένων
722 5095 970 5167 σωτηρία
1025 5094 1288 5166 ἀπρακτά
1347 5096 1754 5166 μετανοούντων
1817 5101 1915 5170 ὀψὲ
1964 5104 2069 5175 τοῦ⁸

469 5196 686 5251 καιρου.

1043 5299 1300 5354 ΚΕΦΔΛ.
1334 5302 1483 5357 PIB'.

788 5481 931 5550 Περὶ
973 5481 1254 5551 Μελάνης
1295 5481 1406 5551 τῆς
1443 5489 1756 5554 νεωτέρας.

553 5595 775 5667 Ἐπειδὴ
817 5597 909 5650 δέε
931 5598 1363 5668 προῦπεσχόμην
1386 5599 1647 5672 ἀνωτέρω
1689 5604 2067 5676 διηγήσασθαι,

472 5681 602 5762 περὶ
633 5681 730 5762 τοῦ
758 5681 976 5735 παιδίου
1009 5682 1289 5754 Μελάνης,
1323 5684 1624 5753 ἀναγκαῖον
1651 5688 1711 5742 τὸ
1737 5691 1898 5762 χρέος
1921 5693 2058 5747 ἀπο-

471 5759 657 5845 δοῦναί
690 5759 758 5835 με
785 5765 910 5845 νῦν.
941 5766 1017 5820 Ού
1043 5767 1153 5838 γάρ
1177 5767 1388 5822 δίκαιον
1422 5759 1787 5840 ὑπεριδόντας
1812 5779 1963 5845 ἡμᾶς
1997 5780 2059 5832 τὸ

473 5841 676 5920 ¹ταύτης
703 5841 968 5922 νεώτερον
1003 5846 1060 5898 ἐν
1093 5845 1581 5929 σαρκὶ-,τοσαύτην
1603 5852 1805 5926 ἀρετήν
1833 5841 2058 5934 ἀστηλίς

2161 3295 2594 3365 ἐκκλησιαστικά
2626 3295 2854 3352 ἔπιπλα.
2885 3298 2990 3352 Τὸν
3021 3300 3077 3353 δὲ
3109 3301 3352 3371 ἀργυρον
3380 3302 3475 3356 καὶ
3498 3301 3594 3356 τὸν
3619 3321 3748 3374 χρυι

2161 3379 2254 3433 σὸν
2291 3378 2708 3450 ἐμπιστεύσασα
2745 3380 2942 3451 Παύλῳ
2980 3383 3088 3437 τινὶ
3110 3385 3495 3456 πρεσϐυτέρῳ,
3529 3388 3748 3460 μοναχῷ

2159 3461 2550 3534 Δαλματησίῳ,
2586 3462 2675 3516 διὰ
2723 3462 3003 3535 θαλάσσης
3032 3466 3354 3530 ἀπέστειλεν
3389 3469 3450 3520 ἐν
3485 3473 3553 3541 τῇ
3598 3472 3743 3526 Ἀνα-

2159 3546 2315 3617 τολῇ,
2344 3546 2635 3616 Αἰγύπτῳ,
2665 3547 2761 3601 καὶ
2787 3549 3018 3618 Θηϐαΐδι
3042 3551 3360 3622 νομίσματα
3391 3553 3585 3625 μύρια*
3627 3558 3732 3608 Ἀν-

2159 3631 2371 3702 τιοχείᾳ
2404 3631 2499 3684 καὶ
2553 3633 2666 3696 τοῖς
2721 3633 2950 3704 μέρεσιν
2997 3634 3166 3706 αὐτῆς
3204 3636 3514 3708 νομίσματα
3554 3641 3734 3710 μύρια·

2161 3716 2502 3788 Παλαιστίνῃ
2530 3716 2849 3786 νομίσματα
2872 3717 3044 3790 μύρια
3075 3722 3512 3792 πεντακισχίλια·
3543 3729 3666 3789 ταῖς
3689 3728 3746 3784 ἐν

2159 3801 2282 3862 ταῖς
2321 3799 2510 3870 νήσοις
2539 3799 2894 3871 ἐκκλησίαις,
2948 3803 3045 3858 καὶ
3091 3807 3204 3868 τοῖς
3232 3805 3290 3858 ἐν
3333 3809 3456 3871 ταῖς
3486 3806 3750 3880 ἐξορίαις,

2160 3883 2477 3954 νομίσματα
2515 3882 2710 3955 μύριαο
2743 3887 2866 3950 ταῖς
2898 3888 3039 3941 κατὰ
3077 3890 3177 3959 τὴν
3205 3889 3371 3944 Λύσιν
3402 3893 3746 3963 ἐκκλησίαις,

2162 3968 2258 4023 καὶ
2303 3969 2717 4038 μοναστηρίοις,
2758 3970 2852 4024 καὶ
2899 3969 3270 4042 ξενοδοχείοις,
3321 3975 3417 4030 καὶ
3472 3979 3608 4030 πᾶσι
3635 3981 3750 4041 τοῖς

2161 4053 2474 4124 δεομένοις,
2509 4053 2578 4107 δι’
2623 4053 2828 4124 ἐαυτῆς
2873 4059 3236 4128 χορηγήσασα
3283 4059 3378 4112 καὶ
3435 4061 3748 4131 χορηγοῦσα

2159 4136 2368 4190 τούτων
2399 4138 2840 4208 τετραπλασίονα
2861 4155 2874 4169 ·
2908 4139 2983 4203 ὼς
3013 4142 3106 4194 ἐπὶ
3139 4141 3271 4195 Θεοῦ
3302 4142 3664 4214 ἐξαρπάσασα
3683 4148 3750 4200 ὲκ

2159 4218 2256 4273 τοῦ
2297 4220 2566 4290 στόματος
2596 4220 2691 4274 τοῦ
2718 4221 2932 4286 λέοντος
2987 4223 3275 4295 Ἀλαρίχου
3317 4229 3384 4297 τῇ
3423 4229 3624 4298 εαυτῆς
3652 4231 3750 4284 πί-

2163 4321 2300 4357 στει.
2364 4303 2772 4374 Ἠλευθέρωσεν
2809 4304 2865 4358 δὲ
2911 4306 2980 4358 τὰ
3031 4306 3362 4378 βουληθέντα
3413 4311 3750 4380 ἀνδράποδα,

2160 4385 2278 4466 ἀλλ’
2311 4387 2589 4458 ᾐρήσαντο
2623 4388 2826 4458 μᾶλλον
2859 4388 3148 4444 δουλεῦσαι
3194 4391 3272 4462 τῷ
3307 4394 3523 4464 ἀδελφῷ
3545 4398 3749 4466 αὐτῆς,

2157 4461 2204 4537 ᾧ
2257 4468 2680 4541 παρεχώρησεν.
2740 4471 2882 4524 Ἀλλ’
2930 4471 2963 4544 ἡ
3013 4475 3123 4528 ἀπὸ
3174 4475 3338 4546 τριῶν
3371 4461 3749 4546 νομισμάτων,

2161 4555 2342 4608 πάντα
2369 4555 2438 4608 τά
2472 4555 2730 4624 κτήματα
2767 4556 2836 4609 τὰ
2867 4557 2924 4609 ἐν
2958 4560 3079 4622 ταῖς
3128 4559 3413 4626 Σπανίαις,
3451 4564 3546 4616 καὶ
3588 4563 3751 4618 Ἃκυ-

2161 4639 2340 4711 τανίᾳ,
2363 4638 2458 4691 καὶ
2489 4638 2567 4690 Τα
2579 4639 2918 4713 ρακωνησίᾳ,
2949 4641 3042 4694 καὶ
3063 4642 3317 4707 Γαλλίαις
3330 4644 3746 4718 διαπωλήσασα,

2160 4723 2228 4775 τὰ
2259 4723 2317 4773 ἐν
2357 4720 2599 4793 Σικελίᾳ,
2635 4721 2728 4774 καὶ
2769 4723 3099 4796 Καμπανίᾳ,
3137 4728 3232 4780 καὶ
3277 4729 3533 4800 Ἀφρικῇ,
3576 4733 3746 4803 ἑαυτῇ

2163 4803 2555 4858 καταλέλοιπεν
2577 4805 2656 4867 είς
2682 4805 2952 4876 χορηγίαν
2976 4811 3380 4882 μοναστηρίων,
3407 4816 3500 4868 καὶ
3530 4817 3750 4870 πάντων

2161 4888 2272 4943 τῶν
2301 4887 2602 4959 δεομένων.
2631 4888 2780 4958 Αὕτη
2805 4891 2837 4957 ἡ
2868 4890 3030 4958 σοφία
3055 4895 3154 4961 τῆς
3181 4892 3622 4964 θεοφιλεστάτης,
3652 4903 3749 4953 καὶ

2163 4972 2530 5043 πρεσϐυτικὸν
2565 4971 2690 5025 νοῦν
2721 4971 2904 5026 ἔνθεον
2928 4975 3308 5046 ἀνειληφυίας,
3335 4981 3464 5048 περὶ
3486 4983 3584 5050 τῆς
3615 4981 3751 5047 ὕλης

2159 5053 2255 5126 τοῦ
2289 5054 2516 5126 φορτίου
2544 5055 2651 5111 τῶν
2680 5056 3004 5128 χρημάτων,
3031 5059 3306 5131 Μελανίης
3330 5064 3428 5133 τῆς
3451 5063 3599 5129 νέας.

2243 5174 2309 5227 Ἢ
2338 5173 2396 5228 δὲ
2441 5173 2677 5243 ἄσκησις
2710 5174 2883 5246 αὐτῆς
2915 5176 3032 5231 ἐστὶ
3077 5179 3302 5250 τοιαύτη
3324 5197 3338 5211 ·
3379 5182 3580 5238 ἐσθίειν
3616 5186 3751 5253 μίαν

2167 5256 2324 5328 παρά
2357 5258 2488 5328 μίαν
2529 5275 2546 5290 ⁶
2581 5261 2639 5311 ἐν
2671 5259 2729 5313 δὲ
2771 5263 2890 5323 ταῖς
2924 5261 3122 5333 ἀρχαῖς
3162 5263 3257 5316 καὶ
3292 5265 3432 5336 ὑπὲρ
3471 5269 3631 5320 πέντε
3662 5271 3750 5332 είς

2161 5337 2476 5409 ἐφημερίαν
2503 5339 2706 5410 ἑαυτὴν
2735 5341 2946 5406 τάξασα
2973 5341 3080 5394 τῶν
3112 5343 3315 5414 ἑαυτῆς
3363 5346 3634 5414 ὣυλίῦων,
3669 5349 3745 5413 ἃς

2161 5421 2569 5496 συνασκητρίας
2589 5423 2904 5494 εἰργάσατο.

2236 5613 2346 5666 Καὶ
2393 5612 2536 5683 αὕτη
2585 5615 2642 5668 δὲ
2672 5617 2902 5682 πολλοὺς
2939 5619 3047 5674 τῶν
3079 5622 3280 5692 ἑαυτῆς
3319 5625 3616 5694 συγγενῶν,
3666 5631 3748 5694 είς

2164 5695 2329 5763 ζῆλον
2354 5697 2502 5784 θεῖον
2521 5698 2822 5784 ᾉὸδηγοῦσα,
2867 5701 3140 5759 θεοσεϐεῖν
3171 5705 3302 5770 ἴσως
3333 5710 3532 5772 αὐτοὺς
3555 5713 3746 5784 ὲποίητ

2165 5797 2279 5868 σενἐ
2309 5775 2481 5868 Οῦτος
2509 5782 2536 5868 δ
2714 5783 2818 5854 τῆς
2845 5785 2969 5852 νέας
2996 5788 3271 5862 Μελανίης
3296 5792 3385 5849 διά
3414 5792 3507 5849 τοῦ
3535 5775 3740 5868 Κυρίοιι

2163 5863 2320 5938 ἡμῶν
2359 5864 2536 5936 Ἰησοῦ
2577 5867 2846 5943 Χριστοῦ..
