4028 6440
356 461 492 516 1229

433 577 609 633 Multis
639 576 819 644 itaque
842 582 959 644 post
985 572 1139 627 annis
1194 583 1314 622 cum

362 669 619 734 audisset,
650 681 771 721 eam
823 676 880 721 et
927 664 1173 733 nupsisse
1200 704 1213 728 ,
1247 671 1301 713 et
1344 658 1479 711 velle
1522 656 1714 709 saeculo
1742 668 1940 707 renun-

1654 445 1972 505 HlSTOltlA
2015 442 2374 501 LXUSIACA.

1410 566 1474 620 de
1565 563 1741 634 neptis
1798 566 1939 613 statu
1969 555 2023 613 Α
2049 553 2267 608 invitam
2301 563 2520 623 nuptum
2559 555 2782 622 dedere,
2821 570 2938 612 eam
2962 557 3249 628 jungentes
3286 560 3627 615 matrimonio

3494 441 3630 496 1250

2045 646 2161 699 viro
2204 647 2352 700 urbis
2382 647 2563 700 Romae
2610 647 2882 716 primario.
2934 649 3056 703 Haec
3103 664 3316 719 semper
3360 651 3628 706 stimulata

361 763 529 826 tiare;
558 761 725 813 verita
757 771 824 812 ne
853 756 989 810 forte
1034 754 1089 807 in
1135 753 1368 821 aliquam
1402 748 1595 802 malam
1630 745 1944 813 abriperen-
1986 739 2178 797 «avias
2206 753 2317 792 suae
2344 738 2759 805 narrationibus,
2790 748 2992 793 tantum
3022 740 3117 793 fuit
3145 741 3403 807 sauciata,
3426 750 3486 796 ut
3515 756 3628 796 tua-

365 862 449 906 tur
474 852 787 906 doctrinam.
818 848 900 901 vel
931 845 1204 907 haeresim,
1238 841 1324 897 vel
1369 839 1559 893 malam
1591 837 1778 902 vitam,
1810 848 1945 889 anus

362 942 629 1011 sexaginta
679 954 849 993 annos
893 945 1013 990 nata
1059 948 1247 988 navem
1296 929 1575 993 ascendit,
1609 938 1661 981 et
1700 927 1942 979 Caesarea

363 1034 619 1102 navigans
648 1031 832 1099 viginti
872 1029 1082 1083 dierum
1114 1025 1288 1092 spatio
1328 1022 1553 1075 Romam
1580 1020 1744 1074 venit.
1775 1023 1947 1083 Atque

365 1128 473 1181 illic
502 1126 714 1194 quidem
744 1138 863 1177 cum
892 1128 1067 1185 esset,
1096 1117 1464 1172 beatissimum
1495 1114 1668 1167 virum
1700 1109 1949 1163 maximae

362 1215 768 1271 existimationis
818 1212 1175 1267 clarissimum
1226 1207 1590 1277 Apronianum
1637 1200 1825 1273 (l79),
1860 1200 1949 1268 qui

365 1318 481 1363 erat
503 1308 735 1375 gentilis,
759 1304 1028 1362 catechesi
1054 1302 1306 1361 instituit,
1333 1306 1387 1352 et
1408 1296 1771 1352 Christianum
1802 1291 1947 1358 fecit,

366 1400 735 1469 persuasitque
761 1407 818 1451 ut
843 1396 1142 1450 tontineret
1164 1392 1328 1446 etiam
1353 1405 1472 1443 cum
1502 1402 1598 1441 sua
1624 1400 1812 1451 uxore,
1837 1383 1954 1451 ejus

367 1506 540 1549 autem
573 1494 773 1549 sororis
802 1492 928 1549 ﬁlia.
962 1488 1120 1543 Avita
1151 1486 1386 1541 nomine.
1418 1482 1554 1537 Cum
1587 1489 1766 1533 autem
1798 1491 1950 1530 suam

367 1600 577 1652 quoque
608 1593 821 1650 neptem
852 1580 1226 1635 conﬁrmasset
1256 1574 1535 1631 Melanium
1564 1586 1668 1627 una
1690 1586 1808 1625 cum
1835 1567 1954 1637 ejus

368 1680 559 1733 marito
590 1678 809 1733 Piniano
840 1676 1015 1747 (180),
1051 1683 1106 1729 et
1141 1671 1411 1728 catechesi
1442 1669 1768 1726 instituisset
1796 1664 1948 1718 Albi-

370 1786 490 1823 nam
538 1784 730 1823 nurum
766 1783 951 1834 suam,
980 1780 1199 1820 uxorem
1233 1773 1410 1817 autem
1441 1761 1523 1818 sui
1556 1759 1648 1815 lilii
1690 1757 1862 1828 (181),
1896 1765 1951 1811 et

369 1861 724 1931 persuasisset
771 1860 854 1912 his
903 1857 1151 1912 omnibus
1204 1854 1439 1909 vendere
1485 1867 1606 1922 qua:
1657 1848 1948 1911 habebant,

370 1954 539 2008 Roma
583 1968 676 2007 eos
720 1950 939 2012 eduxit,
971 1958 1024 2002 et
1071 1948 1135 2001 ad
1187 1947 1473 1999 honestum
1519 1956 1581 1995 ac
1611 1937 1954 2007 tranquillum

370 2044 492 2097 vitae
538 2051 747 2111 portum
799 2040 1042 2093 deduxit.
1103 2037 1165 2090 Et
1213 2036 1291 2090 sic
1333 2030 1656 2101 depugnavit
1700 2029 1958 2082 adversus

372 2136 599 2201 bestias,
633 2148 824 2202 nempe
872 2146 965 2186 eos
1015 2133 1104 2199 qui
1152 2136 1307 2183 erant
1349 2127 1550 2181 ordinis
1598 2120 1877 2188 senatorii,
1904 2127 1961 2175 et

372 2241 557 2281 eorum
588 2239 811 2288 uxores;
842 2223 1194 2291 prohibentes
1239 2234 1358 2273 eam
1401 2216 1709 2272 renuntiare
1737 2212 1958 2279 reliquis

377 2318 488 2371 suis
520 2316 743 2369 :edibus.
776 2314 975 2368 Christi
1006 2324 1184 2366 autem
1212 2310 1402 2363 ancilla
1434 2311 1512 2362 eis
1542 2307 1752 2361 dicebat
1777 2321 1791 2357 :
1813 2304 1955 2367 Filii,

375 2408 655 2477 plusquam
685 2404 1091 2475 quadringentis
1122 2401 1315 2454 abhinc
1347 2402 1502 2453 annis
1554 2399 1809 2464 scriptum
1838 2403 1956 2448 est:

377 2500 573 2556 Ultima
607 2499 734 2553 hora
786 2506 869 2552 est
897 2494 948 2566 (1
978 2494 1136 2547 Joan.
1174 2490 1257 2558 ιι).
1291 2490 1427 2557 Quid
1460 2504 1587 2558 ergo
1631 2489 1874 2542 lubentes
1901 2500 1963 2540 ac

376 2593 619 2647 volentes
651 2583 1009 2644 immoramini
1048 2587 1097 2640 in
1147 2587 1381 2639 vanitate
1412 2582 1573 2637 vitm?
1604 2595 1669 2633 ne
1708 2579 1843 2633 forte
1872 2592 1962 2631 ve-

378 2690 526 2743 niant
570 2687 686 2740 dies
735 2681 1074 2749 Antichristi,
1105 2690 1158 2735 et
1198 2696 1302 2735 non
1354 2679 1566 2748 possitis
1614 2674 1717 2730 frui
1770 2676 1964 2730 vestris

379 2779 587 2846 Opibus,
616 2788 670 2832 et
698 2777 858 2832 rebus
901 2777 1164 2842 majorum
1198 2772 1540 2828 vestrorum?
1569 2769 1814 2838 Cumque
1844 2785 1964 2823 om-

381 2887 476 2925 nes
501 2872 581 2925 his
612 2869 790 2924 verbis
819 2869 1103 2924 liberasSet
1128 2866 1301 2936 (18:2),
1327 2866 1391 2919 ad
1422 2863 1773 2919 monasticam
1802 2865 1962 2915 vitam

383 2964 635 3027 traduxit,
655 2972 707 3015 et
724 2962 885 3016 ﬁlium
908 2962 1173 3030 juniorem
1198 2960 1523 3014 Publicolam
1549 2972 1668 3011 cum
1693 2956 1966 3011 instruxis-

382 3067 484 3118 set,
513 3056 663 3108 duxit
708 3055 759 3108 in
806 3054 1073 3119 Siciliam;
1107 3069 1334 3120 cumque
1385 3052 1587 3119 reliqua
1640 3050 1818 3104 omnia
1871 3063 1964 3106 sua

384 3147 732 3214 vendidisset,
756 3158 809 3201 et
832 3149 1060 3214 pretium
1087 3146 1408 3213 accepisset,
1437 3141 1584 3196 duxit
1611 3140 1965 3210 Jerosnlyma;

384 3250 585 3294 etcum
637 3240 915 3293 facultates
955 3238 1247 3303 divisisset,
1285 3236 1421 3291 intra
1470 3232 1820 3303 quadraginta
1851 3230 1966 3283 dies

385 3330 602 3385 dormiit
644 3329 696 3383 in
735 3329 873 3383 bona
904 3337 1181 3383 senectute
1210 3335 1266 3382 et
1293 3340 1502 3381 summa
1536 3321 1964 3387 mansuetudine,

386 3429 443 3476 et
470 3419 770 3475 veneranda
814 3418 1074 3473 memoria
1123 3415 1486 3483 elcemosynis
1517 3412 1847 3474 redundans,
1884 3424 1970 3464 re-

389 3510 517 3568 licto
567 3510 730 3565 etiam
785 3509 1115 3564 monaSIerio
1164 3505 1516 3576 Jerosolymis
1565 3514 1620 3559 et
1665 3502 1969 3572 sumptibus

389 3603 723 3661 monasterii.

459 3699 746 3764 Postquam
798 3705 976 3749 autem
1026 3691 1079 3745 hi
1125 3706 1315 3745 omnes
1362 3690 1532 3743 Roma
1584 3686 1974 3741 abscessissent

392 3790 483 3859 qui
515 3786 781 3842 catechesi
814 3785 1040 3839 instituti
1080 3783 1289 3837 fuerant
1321 3795 1350 3833 a
1382 3781 1535 3833 l‘eata
1566 3776 1812 3839 Melania,
1844 3774 1971 3828 bar-

393 3879 571 3934 barica
620 3877 862 3946 quaedam
920 3874 1187 3944 procella,
1219 3886 1339 3940 qua:
1387 3870 1547 3924 etiam
1598 3868 1651 3921 in
1702 3864 1975 3934 prophetis

394 3970 498 4040 jam
523 3971 647 4023 olim
676 3969 843 4035 posita
872 3964 1061 4029 fuerat,
1092 3964 1140 4015 in
1168 3963 1388 4015 Romam
1412 3960 1585 4019 irruit.
1610 3966 1663 4011 et
1683 3972 1779 4011 nec
1801 3970 1978 4010 aeneas

394 4062 603 4131 quidem
637 4071 837 4113 statuas
868 4058 1080 4126 reliquit
1111 4056 1162 4108 in
1197 4053 1332 4117 foro,
1365 4051 1457 4105 sed
1490 4050 1665 4105 omnia
1699 4048 1979 4103 barbarica

394 4152 654 4219 diripiens
702 4147 1006 4208 insidentia,
1050 4143 1317 4209 corrupit;
1367 4142 1500 4194 adeo
1540 4148 1597 4192 ut
1646 4138 1812 4191 Roma
1864 4151 1981 4203 quae

396 4243 544 4297 mille
564 4248 620 4297 et
640 4239 880 4296 ducentis
902 4236 1055 4289 annis
1083 4233 1442 4303 pulcherrima
1474 4229 1646 4285 fuerat
1671 4239 1721 4283 et
1744 4226 1984 4296 frequen-

398 4336 619 4396 tissima,
653 4332 975 4393 dirueretur,
1008 4328 1263 4394 ﬁeretque
1308 4324 1539 4387 deserta,
1584 4329 1638 4375 et
1680 4328 1737 4374 ut
1780 4321 1855 4374 ait
1899 4318 1984 4374 Si-

399 4429 572 4499 bylla,
617 4428 784 4501 ρύμη,
818 4425 918 4477 hoc
962 4430 1045 4476 est
1089 4421 1269 4483 vicus,
1305 4433 1409 4471 non
1463 4416 1652 4473 Roma.
1703 4414 1852 4468 Tunc
1896 4410 1986 4481 qui

400 4518 668 4574 calechesi
703 4516 916 4569 fuerant
961 4511 1218 4577 instituti,
1246 4518 1299 4564 et
1341 4509 1388 4562 ei
1433 4508 1650 4560 minimc
1697 4505 1982 4570 adversati,

401 4611 569 4663 Deum
602 4607 957 4660 laudaverunt
991 4602 1079 4670 qui
1113 4617 1287 4655 rerum
1315 4598 1605 4652 mutatione
1632 4596 1988 4663 persuasisset

402 4699 706 4764 incredulis,
734 4697 874 4766 quod
902 4697 1021 4750 aliis
1049 4694 1296 4749 omnibus
1322 4692 1551 4746 redactis
1576 4691 1626 4743 in
1648 4689 1983 4754 servitutem,

402 4808 479 4846 ea;
510 4794 635 4846 sola:
664 4789 825 4843 salvae
854 4786 1050 4843 fuerint
1081 4784 1293 4838 familiae
1314 4824 1328 4846 ,
1360 4799 1476 4850 quae
1505 4780 1729 4835 Domino
1774 4778 1991 4832 fuerunt

406 4883 716 4937 holocausta
744 4924 757 4947 ,
789 4878 967 4933 studio
998 4878 1168 4931 beata:
1211 4873 1485 4938 Mclanize;
1518 4887 1637 4925 cum
1677 4868 1856 4923 eteteri
1900 4867 1987 4935 qui

408 4991 592 5030 eorum
625 4974 781 5028 saluti
804 4971 1242 5034 adversabantur,
1268 4981 1453 5021 eorum
1476 4961 1645 5025 inutili
1674 4959 1989 5032 ptenitentia

408 5071 796 5123 detinerentur.

969 5150 1193 5208 CAPUT
1232 5148 1419 5205 CXIX.

803 5247 919 5301 Vita
951 5261 1119 5315 parva:
1152 5241 1390 5295 Melania:
1423 5238 1596 5312 (l85).

480 5343 740 5412 Quoniam
772 5354 949 5397 antem
974 5337 1260 5392 relaturum
1287 5349 1371 5387 me
1393 5335 1459 5386 de
1484 5332 1585 5384 ﬁlia
1607 5329 1841 5383 Melanim
1869 5342 1991 5395 spo-

411 5435 595 5504 pondi,
617 5430 972 5485 necessarium
1001 5440 1082 5484 est
1105 5437 1161 5482 ut
1189 5441 1330 5481 nunc
1352 5425 1586 5480 debitum
1614 5422 1850 5476 reddam.
1878 5418 1991 5473 Non

412 5528 552 5581 enim
583 5526 780 5593 justum
812 5534 868 5575 ut
891 5521 1116 5589 iunioris
1145 5533 1356 5589 quoque
1376 5517 1425 5569 in
1450 5530 1613 5569 carne
1642 5512 1885 5570 Melania:
1917 5510 1992 5562 vi-

413 5627 519 5674 tam
570 5615 956 5682 despiciamus,
981 5622 1035 5667 et
1066 5612 1238 5680 neptis
1286 5622 1490 5677 magnae
1521 5604 1762 5660 Melania:
1792 5610 1990 5655 tantam

413 5708 663 5763 virtutem
698 5706 905 5760 tacitam
938 5713 1341 5772 praetereamus,
1363 5714 1480 5767 quae
1513 5697 1667 5765 longe
1700 5694 1832 5749 forte
1860 5708 1994 5759 pra:-

416 5807 522 5854 Stat
552 5795 899 5867 prudentibus
926 5805 981 5849 et
1010 5794 1263 5849 studiosis
1286 5790 1497 5845 vetulis.
1519 5790 1662 5842 Hanc
1690 5801 1817 5857 ergo
1840 5793 1994 5838 a-tate

416 5888 685 5966 juvenem,
719 5887 928 5958 pietatis
956 5894 1131 5942 autem
1164 5882 1423 5939 sententia
1456 5878 1715 5945 Vetulam,
1751 5887 1995 5948 rat'ctitts

2050 831 2300 885 trimonio
2341 846 2445 884 non
2495 841 2678 900 posset
2725 832 3003 888 inservire.
3057 833 3188 887 Cum
3231 844 3411 889 autem
3441 836 3490 890 ei
3520 836 3633 891 uati

2052 932 2236 976 essent
2275 922 2383 975 duo
2423 924 2514 977 ﬁlii
2560 923 2815 989 masculi,
2845 924 2987 991 iique
3014 923 3391 993 decessissent,
3428 936 3626 983 tantum

2049 1026 2168 1067 eam
2206 1013 2368 1079 coepit
2396 1015 2577 1067 odium
2613 1014 2959 1080 matrimonii,
2992 1022 3049 1068 ut
3094 1014 3287 1070 dixerit
3321 1021 3512 1071 marito
3537 1000 3649 1075 suo

2055 1104 2275 1158 Piniano
2296 1103 2443 1174 (184)
2468 1104 2576 1158 ﬁlio
2595 1105 2782 1161 Severi
2808 1106 2980 1174 (185),
3001 1109 3088 1175 qui
3113 1118 3226 1160 erat
3247 1123 3311 1162 ex
3334 1109 3597 1175 pratfectis
3620 1125 3634 1161 :

2055 1196 2107 1249 Si
2138 1195 2368 1249 Volueris
2394 1196 2608 1265 quidem
2641 1212 2845 1251 mecum
2888 1199 3195 1255 cohabitare
3224 1208 3282 1253 ut
3309 1201 3444 1253 ralia
3469 1201 3637 1254 dictat

2057 1286 2441 1351 temperantia,
2473 1297 2526 1341 et
2570 1296 2621 1341 te
2665 1288 2939 1342 dominum
2986 1304 3239 1358 agnosco,
3280 1296 3337 1343 et
3385 1290 3639 1357 proﬁteor

2058 1394 2231 1433 meam
2259 1381 2419 1433 vitam
2444 1394 2563 1433 esse
2592 1379 2643 1433 in
2668 1389 2751 1433 tua
2780 1388 3073 1448 potestate;
3099 1384 3180 1435 sin
3207 1393 3385 1436 autem
3410 1381 3510 1435 hoc
3541 1381 3638 1435 tibi

2057 1486 2218 1541 grave
2264 1471 2474 1525 videtur
2519 1478 2700 1539 utpote
2740 1470 2948 1541 juveni,
2982 1488 3069 1528 res
3112 1488 3302 1528 omnes
3348 1487 3496 1527 meas
3541 1472 3635 1526 tibi

2058 1564 2214 1627 habe,
2247 1573 2297 1618 et
2328 1564 2498 1616 solum
2531 1562 2650 1617 sine
2676 1579 2759 1617 me
2789 1577 3008 1631 corpore
3037 1578 3156 1618 esse
3187 1564 3433 1629 liberam,
3459 1572 3516 1617 ut
3545 1576 3661 1629 εεικ

2055 1653 2315 1707 tisfaciam
2343 1667 2464 1707 meo
2493 1652 2634 1721 quod
2659 1662 2742 1707 est
2765 1668 2825 1706 ex
2856 1653 2962 1706 Deo
2986 1653 3274 1717 desiderio,
3303 1653 3441 1706 facta
3464 1654 3638 1707 haeres

2052 1745 2170 1815 ejus
2197 1761 2314 1814 quae
2342 1754 2423 1799 est
2451 1761 2521 1799 ex
2556 1746 2663 1800 Deo
2710 1748 2920 1801 virtutis
2947 1762 3080 1801 meas
3110 1747 3267 1812 avim,
3293 1747 3449 1816 cujus
3479 1747 3636 1802 etiam

2059 1853 2251 1893 nomen
2290 1853 2436 1905 gero.
2484 1838 2536 1893 Si
2568 1840 2709 1891 enim
2753 1839 2915 1892 vellet
2945 1852 3039 1892 nos
3068 1838 3205 1893 Deus
3233 1840 3429 1908 degere
3455 1840 3507 1893 in
3540 1839 3641 1891 huc

2063 1932 2282 1994 mundo,
2314 1941 2369 1985 et
2398 1931 2499 1985 frui
2531 1932 2687 1985 rebus
2717 1931 3015 1996 mundanis,
3035 1947 3138 1985 non
3164 1932 3215 1984 ﬁl
3240 1945 3302 1985 os
3331 1931 3458 1985 mihi
3488 1942 3640 1985 natus

2057 2025 2353 2092 accepisset
2378 2022 2710 2079 immaturos.
2739 2023 2868 2077 Cum
2898 2031 3075 2077 autem
3110 2023 3264 2091 longo
3292 2033 3537 2090 tempore
3556 2023 3637 2075 in-

2061 2126 2143 2170 ter
2166 2130 2225 2171 se
2245 2114 2653 2179 contenderent,
2682 2115 2821 2168 Deus
2848 2123 3032 2180 postea
3055 2112 3301 2167 misertus
3329 2113 3644 2167 adolescen-

2060 2208 2151 2272 tis,
2180 2208 2229 2261 ei
2260 2222 2467 2276 quoque
2495 2206 2666 2265 zelum
2698 2206 2919 2260 immisit
2949 2205 3242 2276 religionis,
3274 2212 3335 2258 ut
3361 2205 3475 2274 ipse
3504 2218 3642 2273 quo-

2062 2314 2168 2367 que
2198 2299 2381 2353 mundi
2430 2300 2699 2353 universae
2744 2300 3075 2353 renuntiaret
3117 2309 3343 2351 terrenas
3386 2298 3646 2361 materiae,

2063 2389 2199 2443 adeo
2230 2400 2284 2442 ut
2313 2388 2593 2456 impletum
2625 2388 2786 2441 fuerit
2831 2388 2969 2456 quod
3001 2388 3260 2456 scriptum
3294 2397 3376 2442 est
3405 2387 3473 2440 ab
3500 2388 3645 2454 Apo-

2063 2480 2402 2547 stolonuid
2450 2481 2591 2536 enim
2644 2481 2790 2545 scis,
2824 2480 3032 2547 mulier,
3079 2495 3145 2533 an
3186 2480 3358 2533 virum
3407 2477 3650 2534 servabis

2065 2573 2115 2643 (Ι
2148 2571 2268 2627 Cor.
2301 2574 2434 2639 vn)?
2457 2573 2587 2627 Cum
2619 2587 2749 2642 ergo
2772 2572 3040 2642 nupsisset
3063 2574 3180 2629 viro
3207 2572 3457 2627 tredecim
3482 2588 3650 2627 annos

2068 2675 2213 2732 nata,
2248 2672 2451 2733 septem
2501 2678 2628 2717 vero
2660 2679 2778 2719 cum
2827 2678 2892 2718 eo
2943 2663 3197 2729 vixisset,
3233 2663 3488 2731 vigesimo
3538 2679 3650 2717 sua;

2066 2754 2238 2808 aetatis
2276 2768 2416 2807 anno
2464 2754 2661 2807 mundo
2707 2754 3004 2818 renuntiat;
3055 2763 3107 2807 et
3156 2754 3382 2823 primum
3433 2753 3649 2821 quidem

2069 2845 2245 2898 omnia
2294 2858 2387 2896 sua
2432 2845 2599 2899 serica
2646 2844 3107 2913 superhumeralia
3153 2842 3306 2912 (186)
3345 2851 3652 2913 tegumenta

2068 2936 2214 2992 dedit
2259 2936 2515 2992 altaribus
2543 2937 2705 3005 (quod
2735 2945 2789 2991 et
2818 2937 3122 2991 veneranda
3161 2936 3285 2991 fecit
3328 2934 3652 3008 Olympias),

2070 3027 2275 3091 reliqua
2326 3037 2500 3082 autem
2545 3029 2713 3083 serica
2764 3027 3072 3082 indumenta
3102 3043 3221 3082 cum
3272 3026 3649 3092 conscidisset,

2071 3120 2337 3175 diversam
2383 3120 2767 3187 supellectilem
2800 3121 2926 3175 fecit
2966 3120 3406 3175 ecclesiasticam.
3450 3120 3655 3188 Argen-

2077 3221 2187 3265 tum
2218 3221 2393 3265 autem
2423 3219 2480 3266 et
2511 3227 2701 3266 aurum
2746 3227 2867 3266 cum
2912 3211 3232 3267 credidisset
3257 3210 3466 3265 cuidam
3496 3209 3658 3264 Paulo

2076 3303 2385 3374 presbytero
2428 3301 2581 3374 (187)
2630 3305 2895 3358 monacho
2942 3303 3232 3365 Dalmatae,
3265 3301 3317 3355 id
3366 3317 3461 3368 per
3507 3314 3657 3354 mare

2074 3395 2216 3448 misit
2236 3394 2298 3447 ad
2321 3394 2625 3460 Orientem;
2652 3405 2810 3463 atque
2828 3393 3061 3463 Egypto
3084 3394 3296 3461 quidem
3319 3399 3373 3445 et
3390 3389 3655 3444 Thebaidi

2073 3492 2251 3545 decies
2294 3491 2440 3544 mille
2487 3489 2711 3551 solidos.
2748 3488 3043 3543 Antiochiae
3086 3494 3261 3541 autem
3309 3494 3362 3538 et
3388 3484 3503 3552 ejus
3535 3498 3654 3553 quas

2074 3581 2213 3634 circa
2246 3580 2412 3647 ipsam
2464 3589 2589 3633 sunt
2628 3577 2939 3648 regionibus
2989 3576 3190 3631 solidos
3242 3574 3421 3628 decies
3469 3572 3653 3638 mille;

2078 3672 2375 3727 Palaestinae
2406 3672 2607 3727 solidos
2636 3669 2944 3741 quindecies
2975 3668 3119 3723 mille
3145 3665 3435 3722 distribuit.
3473 3664 3659 3719 Eccle-

2077 3766 2173 3820 siis
2204 3776 2378 3820 autem
2411 3779 2529 3834 quae
2558 3774 2680 3817 sunt
2707 3762 2759 3816 in
2790 3760 3097 3825 Occidente,
3128 3768 3181 3814 et
3218 3756 3579 3820 monasteriis,
3609 3763 3665 3812 et

2078 3854 2455 3919 xenodochiis,
2486 3865 2540 3908 et
2562 3853 2808 3909 omnibus
2836 3851 3113 3920 egentibus
3145 3865 3242 3918 per
3272 3850 3505 3916 seipsam
3533 3860 3661 3915 sup-

2081 3949 2365 4019 peditavit,
2397 3955 2451 4002 et
2478 3946 2777 4016 suppeditat
2811 3938 2892 4000 his
2922 3944 3217 4013 quadruplo
3242 3942 3411 4011 plura,
3437 3949 3494 3993 ιιι
3524 3940 3662 3994 Deus

2082 4040 2229 4094 novit
2270 4055 2336 4093 ex
2366 4053 2459 4093 ore
2507 4038 2677 4094 leonis
2708 4037 2859 4109 (188)
2896 4034 3089 4090 Alarici
3137 4033 3373 4103 eripiens
3421 4030 3523 4084 fide
3571 4044 3663 4083 sua

2084 4130 2167 4204 (Η
2219 4130 2442 4184 Timoth.
2470 4145 2539 4194 Iv,
2578 4129 2687 4199 17).
2740 4124 3005 4183 Liberavit
3049 4138 3224 4180 autem
3274 4137 3547 4175 servorutn
3580 4120 3668 4189 Qui

2089 4223 2367 4276 voluerunt
2410 4232 2531 4277 octo
2581 4221 2780 4285 millia;
2815 4219 3001 4291 reliqui
3051 4219 3190 4271 enim
3238 4215 3541 4278 noluerunt,
3573 4214 3663 4266 scil

2086 4315 2387 4368 maluerunt
2419 4328 2635 4367 manere
2657 4327 2778 4365 cum
2813 4312 2971 4365 fratre
3002 4308 3150 4380 (189)
3183 4306 3317 4383 ejus.
3351 4306 3549 4361 Omnes
3574 4321 3667 4357 au-

2088 4417 2193 4461 tem
2235 4406 2602 4475 possessiones
2630 4419 2759 4472 quas
2788 4402 2972 4457 habuit
3010 4402 3062 4455 in
3099 4399 3385 4468 Hispaniis,
3416 4398 3467 4450 in
3506 4396 3663 4465 Aqui-

2090 4500 2253 4561 tania,
2272 4499 2324 4552 in
2344 4498 2729 4551 Tarraconensi
2757 4506 2807 4547 et
2832 4497 3035 4557 Galliis,
3054 4501 3107 4547 et
3131 4495 3179 4545 in
3205 4494 3323 4546 aliis
3345 4488 3668 4550 civitatibus,

2090 4604 2211 4645 cum
2236 4588 2580 4654 vendidisset,
2609 4601 2700 4642 eas
2751 4586 2818 4641 ad
2885 4595 2998 4643 tres
3059 4599 3235 4655 usque
3298 4581 3502 4641 solidos
3556 4578 3669 4629 dis-

2096 4680 2308 4745 tribuit;
2336 4694 2455 4749 qute
2482 4688 2659 4731 autem
2695 4677 2923 4730 habebat
2955 4677 3007 4728 in
3042 4675 3245 4736 Sicilia,
3277 4668 3587 4737 Campania,
3622 4676 3675 4719 et

2095 4771 2298 4838 Africa,
2321 4772 2417 4826 sibi
2442 4771 2671 4839 reliquit,
2692 4781 2747 4823 ut
2770 4769 3106 4836 suppeditare
3130 4774 3306 4835 posset
3333 4759 3672 4815 monasteriis

2094 4872 2149 4919 et
2176 4864 2377 4933 egenis.
2411 4863 2534 4916 Haac
2561 4870 2643 4916 est
2680 4860 2939 4928 sapientia
2985 4857 3035 4910 in
3087 4854 3269 4924 primis
3314 4851 3595 4920 religiosae,
3618 4856 3677 4903 et

2095 4971 2213 5025 qua:
2240 4962 2474 5009 mentem
2499 4951 2722 5006 senilem
2746 4956 3055 5017 susceperat
3074 4947 3140 5000 de
3168 4942 3408 5014 pecunia;
3430 4939 3673 5001 materia,

2099 5047 2339 5105 Melanize
2365 5044 2611 5115 jnnioris.

2170 5162 2295 5216 llaec
2313 5166 2487 5212 autem
2519 5161 2633 5209 erat
2659 5167 2775 5222 ejus
2797 5149 3107 5205 exercitatio
3136 5164 3150 5203 :
3183 5147 3308 5201 Post
3336 5146 3476 5200 diem
3510 5160 3671 5198 unum

2100 5252 2449 5314 comedebat;
2485 5251 2536 5302 in
2570 5245 2829 5313 principio
2860 5252 3033 5296 autem
3079 5250 3196 5308 post
3234 5240 3487 5308 quinque,
3537 5239 3681 5291 vario

2099 5344 2308 5403 ancillis
2329 5344 2436 5396 suis
2466 5339 2737 5402 serviens;
2768 5350 2902 5404 quas
2927 5335 3084 5387 etiam
3113 5340 3292 5387 secum
3319 5345 3419 5384 una
3451 5329 3676 5383 reddidit

2100 5433 2515 5493 exercitatrices.
2544 5431 2661 5485 .lam
2690 5442 2817 5481 vero
2854 5428 2963 5494 ipsa
2994 5438 3204 5493 qunque
3243 5424 3439 5475 multos
3466 5437 3529 5475 ex
3559 5419 3669 5472 Suis

2102 5526 2341 5596 cognatis
2367 5524 2567 5577 ducens
2597 5520 2663 5574 ad
2703 5519 2872 5575 zelum
2901 5519 3162 5579 divinum,
3197 5512 3329 5567 fecit
3348 5522 3404 5567 ut
3439 5511 3683 5564 similiter

2103 5630 2260 5688 atque
2289 5617 2401 5685 ipsa
2433 5612 2677 5682 religiose
2702 5611 2866 5666 Deum
2908 5609 3163 5663 colerent.
3194 5606 3315 5660 llaec
3342 5612 3424 5658 est
3453 5604 3556 5657 vita
3586 5600 3671 5670 ju-

2106 5713 2255 5767 venis
2283 5709 2523 5765 lllelanitc
2554 5721 2646 5778 per
2687 5704 2970 5763 Dominum
3016 5709 3254 5756 nostrum
3293 5695 3476 5753 .lesum
3522 5692 3681 5749 Chri-

2102 5816 2262 5869 stum,
