2014 3218
217 219 283 248 ηδε
951 213 1012 242 PM

1059 213 1110 242 .Dll
1779 214 1847 242 I233

508 276 623 306 CAPUT
644 275 726 304 CXX.
1027 281 1055 310 Α
1325 272 1436 301 CAPUT
1456 272 1597 301 CXXVIII.

504 323 539 352 De
552 323 644 351 Albino
655 322 739 358 (I90).
1322 317 1360 345 De
1374 318 1506 346 Theodoro
1517 319 1603 354 (I97).

259 369 472 397 Habebatautem
480 375 571 397 secum
578 374 682 403 quoque
690 371 802 394 matrem
809 365 944 398 Albinam,
951 372 1011 400 qua
1100 362 1131 390 Et
1147 362 1250 390 beatam
1262 362 1429 391 Theodoram
1442 364 1539 391 tribuni
1554 364 1646 396 tiliam.
1660 372 1720 399 quae
1741 364 1775 392 ad
1796 369 1848 393 tan-

223 416 346 443 similiter
360 419 515 448 cremetur,
538 419 565 442 et
581 414 704 441 similiter
727 419 818 440 rursus
836 411 948 439 seorsim
970 411 1012 438 di—
1062 411 1118 435 tam
1134 409 1264 442 processit
1283 412 1429 442 egestatem
1444 410 1653 443 possessionum,
1672 415 1700 438 ut
1715 411 1771 446 ipsa
1786 411 1850 439 elec-

222 461 324 496 spergit
338 467 400 488 suas
413 460 550 494 pecunias.
568 459 692 486 Habitant
705 459 795 493 itaque
818 458 844 485 in
858 457 940 491 agris,
963 456 1012 484 ali-
1064 460 1199 487 musynam
1216 453 1348 487 accipiens
1361 454 1394 479 sit
1410 459 1523 480 mortua.

221 505 329 538 quando
348 505 455 540 quidem
477 504 585 536 Sicilia,
608 504 750 538 aliquando
771 510 837 531 vero
858 502 1013 536 Campaniae
1326 499 1438 527 CAPUT
1462 500 1579 527 CXXIX.

221 559 282 578 cum
297 550 425 578 eunuchis
442 550 605 586 quindecim,
624 556 648 577 et
661 549 807 584 virginibus
825 553 853 576 et
866 548 980 577 ancillis.
1346 544 1385 571 De
1400 545 1462 572 Usia
1473 545 1557 579 (I98).

503 606 615 634 CAPUT
636 605 730 633 CXXI.
1098 588 1125 614 ln
1143 590 1304 616 monasterio
1321 590 1440 624 llesycha
1458 596 1563 624 propter
1577 598 1660 623 mare,
1678 592 1737 618 novi
1753 592 1836 620 mulio

566 653 571 658 .
593 652 598 657 .
613 648 619 653 -
1063 641 1117 660 rem
1130 635 1235 662 nomine
1248 636 1348 667 Usiam,
1360 637 1435 668 longe
1448 636 1474 663 in
1491 637 1613 665 omnibus
1626 637 1849 664 honestissimam.

484 652 524 679 De
538 652 649 679 Pmtano
663 650 749 686 (191).
1333 682 1349 686 ..
1359 682 1365 686 Α
1378 681 1443 686 ,η-
1469 682 1559 686 ,.-,-...

1331 681 1443 709 CAPUT
1466 682 1572 709 CXXX.

256 698 385 726 Similiter
405 702 494 725 autem
518 697 644 725 Pinianus
669 702 776 731 quoque
799 695 857 729 ejus
876 694 1009 729 quondam

221 744 347 777 maritus,
363 751 433 771 nunc
447 748 535 771 autem
560 742 587 770 in
609 749 690 776 opere
709 741 815 768 virtutis
828 740 933 774 adiutor
947 747 1012 766 una-

222 790 313 824 nimis,
327 790 373 825 qui
387 793 527 817 exercetur
540 796 601 816 cum
620 788 726 822 triginta
747 786 894 818 monachis.
909 791 936 813 et
950 786 1012 820 legit

220 836 325 864 divinas
340 835 506 869 Scripturas,
523 835 653 869 hortoque
665 833 777 861 colendo
796 837 836 859 est
849 833 967 859 intentus
985 836 1012 859 et

219 880 464 918 congressionibus.
477 881 538 908 Non
557 886 640 915 parvo
652 883 741 907 autem
752 884 805 906 nos
827 879 929 906 honore
948 878 1012 906 affe-

222 930 318 964 cerunt
327 933 387 954 cum
398 925 511 953 Romam
522 925 688 953 venissemus
699 929 807 960 propter
814 924 919 951 beatum
930 923 1011 951 Joan-

1376 727 1413 753 De
1434 728 1538 754 Adoliu.

1099 770 1129 796 Et
1142 769 1199 803 ejus
1222 778 1340 798 sororem
1364 772 1495 805 Atloliam,
1515 780 1575 805 quae
1589 772 1644 806 ipsa
1665 781 1768 808 quoque
1785 774 1852 800 vixit

1062 817 1087 842 in
1103 817 1208 847 virtute,
1223 822 1249 842 et
1264 825 1316 843 nun
1334 825 1380 849 pro
1395 818 1452 851 ejus
1466 818 1571 853 quidem
1589 819 1727 854 dignitate,
1741 820 1787 848 sed
1802 828 1851 855 pro

1062 868 1168 888 suarum
1181 862 1273 889 virium
1289 862 1413 889 facultate
1424 864 1488 890 vixit
1503 865 1527 890 in
1542 865 1600 891 zelo
1614 864 1670 892 Dei.

1336 909 1448 936 CAPUT
1476 908 1574 937 XXXI.

1354 955 1392 981 De
1407 955 1563 983 Basianilla.

1097 999 1162 1025 Novi
1183 1004 1270 1027 autem
1296 1000 1375 1027 etiam
1401 1001 1569 1028 Basianillam
1586 1002 1709 1029 Candiani
1733 1004 1851 1036 magism"

1062 1044 1173 1070 militum
1191 1044 1282 1078 filiam,
1295 1053 1354 1079 quae
1367 1047 1422 1079 ipsa
1440 1046 1482 1079 pio
1494 1051 1521 1073 et
1532 1047 1613 1073 alacri
1627 1047 1714 1073 animo
1727 1048 1850 1075 virtutem

1062 1090 1198 1122 exercuit,
1224 1095 1250 1117 et
1277 1091 1302 1116 in
1327 1090 1486 1119 hodiernum
1509 1099 1592 1125 usque
1614 1092 1685 1120 diem
1706 1094 1854 1122 certamina

1061 1135 1157 1162 acriter
1169 1136 1334 1169 exsequitur.

1321 1182 1434 1209 CAPUT
1460 1182 1587 1210 CXXXII.

1368 1227 1405 1254 De
1420 1227 1544 1255 Photina.

1097 1271 1130 1297 Et
1151 1271 1288 1298 Photinam
1309 1273 1436 1307 virginem
1461 1281 1565 1301 summe
1590 1273 1744 1307 honestam,
1769 1275 1851 1305 ﬁliam

1061 1317 1205 1345 Thcoctisti
1220 1319 1365 1353 presbyteri
1378 1320 1403 1345 in
1420 1319 1562 1348 Laodicea.

1316 1363 1427 1391 CAPUT
1452 1361 1594 1392 CXXXIII.

220 979 281 999 nem
297 972 450 1006 episcopum
473 978 522 998 nos
544 971 706 1002 rellcientes,
721 974 748 997 et
772 968 1008 996 abundantissimis
1024 966 1049 996 B

220 1016 322 1044 viaticis
336 1015 508 1050 excipientes,
521 1020 689 1043 accersentes
706 1019 834 1042 aeternam
855 1015 937 1041 vitam
955 1014 1010 1040 Do-

220 1060 285 1089 mini
300 1060 384 1089 nostri
396 1060 458 1089 Jesu
469 1060 578 1094 Christi,
589 1065 616 1088 et
629 1060 737 1094 optimae
748 1060 809 1087 vitae
824 1058 1009 1086 institutionis.

492 1114 606 1142 CAPUT
629 1113 735 1142 CXXII.

444 1159 484 1187 De
504 1159 673 1186 Pammachio
686 1158 772 1195 (I92).

253 1204 352 1232 Horum
368 1210 496 1240 cognatus
508 1204 557 1232 fuit
573 1204 613 1232 vir
623 1212 657 1232 ex
670 1203 885 1239 proconsulibus,
902 1205 1010 1233 nomine

218 1249 479 1285 l‘ammachius;qui
498 1258 558 1277 eum
583 1249 682 1277 mundo
704 1249 900 1283 renuntiasset,
926 1250 1009 1276 vitam

214 1296 269 1329 egit
283 1296 424 1330 optimam;
440 1299 468 1323 et
490 1303 552 1322 suas
575 1303 640 1329 opes
662 1295 757 1330 partim
773 1295 850 1322 vivus
865 1295 1006 1330 dispersit,

218 1341 314 1376 partim
328 1346 416 1369 autem
431 1340 549 1368 moriens
562 1341 669 1376 reliquit
684 1340 854 1376 pauperibus.

480 1395 595 1424 CAPUT
617 1396 734 1424 CXXIII.
1378 1409 1415 1436 De
1439 1410 1533 1437 Asella.

475 1442 514 1469 οε
534 1441 651 1490 μαεανίθ
663 1441 785 1490 (1?5)-__
850 1487 856 1490 _
987 1487 993 1490 _
1099 1454 1156 1480 Vidi
1173 1460 1260 1481 autem
1277 1455 1368 1481 Romae
1384 1464 1490 1490 quoque
1511 1457 1627 1484 Asellam
1643 1457 1780 1484 honestam
1803 1457 1855 1485 Dei

251 1485 382 1536 ξίῐιξῖιίιξξ
396 1486 475 1514 “iam
500 1486 607 1522 (Ιυίάδιη
632 1486 741 1514 nomine
759 1486 890 1516 Macarius
911 1494 943 1516 ει
969 1487 1008 1517 Vi"
1061 1500 1200 1534 virginem,
1216 1509 1274 1535 qua:
1290 1501 1401 1528 honeste
1414 1503 1552 1529 consenuit
1564 1503 1589 1529 in
1606 1504 1777 1536 monasterio,
1793 1512 1850 1530 ntu-

213 1531 285 1559 caria
298 1530 386 1567 (I94).
485 1576 517 1581 ﬂ
528 1575 596 1581 η.-
619 1576 724 1581 -______
1062 1545 1109 1571 lier
1122 1545 1199 1579 longe
1215 1546 1364 1578 mitissima,
1381 1552 1407 1573 et
1421 1554 1480 1581 qua:
1496 1548 1628 1575 retinebat
1651 1554 1810 1579 conventus.
1823 1550 1850 1576 in

481 1575 596 1606 CAPUT
616 1576 734 1605 CXXIV-
1061 1590 1154 1622 quibus
1168 1575 1222 1617 vidi
1243 1596 1268 1618 et
1284 1575 1398 1619 viros-et
1417 1575 1543 1620 mulieres
1568 1592 1704 1621 catechesi
1728 1575 1849 1622 recenter

453 1621 494 1649 De
515 1623 663 1650 Constantio
683 1622 771 1658 (I95).
1022 1651 1045 1665 η
1063 1621 1205 1665 ίλιειίιυιοε.

251 1664 422 1712 Constantius
444 1674 549 1702 quoque
564 1651 692 1696 assessor‘
705 1651 893 1704 praefectorum
909 1669 1008 1703 Italiae,
1022 1651 1046 1683 θ
1063 1651 1205 1665 “mnum.
1320 1683 1434 1712 CAPUT
1457 1684 1595 1712 cxxxm

217 1710 333 1745 insignes
354 1711 404 1762 viri
432 1716 459 1740 et
485 1713 674 1765 eruditissimi,
699 1714 744 1750 qui
771 1720 951 1750 pervenerunt
975 1716 1008 1744 ad

215 1763 347 1784 summum
363 1756 469 1791 pietatis
482 1762 509 1786 et
525 1758 679 1795 religionis;
698 1768 765 1795 quos
778 1760 904 1789 existimo
922 1761 1010 1789 adhuc

1096 1773 1153 1799 Vidi
1168 1773 1247 1801 etiam
1262 1774 1367 1801 beatam
1391 1756 1503 1801 Avitarn
1587 1776 1694 1811 dignam
1715 1783 1777 1804 cum
1793 1776 1846 1812 eius

217 1809 285 1853 nunc
296 1809 401 1837 quoque
411 1809 471 1830 esse
482 1803 509 1831 in
523 1811 614 1857 carne,
626 1810 755 1856 optimam
766 1806 936 1857 instituenda:
947 1808 1009 1857 vitae
1059 1818 1156 1844 ηιπίιο
1168 1817 1333 1852 Aproniano,
1374 1825 1402 1849 et
1438 1828 1534 1849 eorum
1571 1803 1630 1850 mi;
1667 1803 1847 1857 Eunolni,:il,

216 1847 345 1875 rationem
358 1853 526 1884 exercentes,
539 1849 698 1886 beatamque
712 1851 794 1880 vitam
808 1856 836 1880 et
848 1852 914 1881 nulli
928 1853 1009 1881 exitio

1060 1863 1186 1890 omnibus
1199 1864 1252 1890 Deo
1268 1864 1335 1891 bene
1349 1864 1495 1898 placentes,
1507 1871 1534 1893 ut
1544 1872 1635 1901 aperte
1645 1867 1722 1896 facile
1737 1847 1848 1896 tradficti

215 1892 357 1921 obnoxiam
372 1898 571 1930 exspectantes.
1059 1908 1157 1934 fuerint
1172 1916 1186 1934 a
1203 1908 1331 1935 dissoluta
1346 1914 1372 1936 et
1384 1910 1533 1943 voluptaria
1552 1892 1604 1938 vrita
1620 1913 1653 1939 ad
1669 1913 1807 1941 honestam
1820 1920 1847 1942 et

494 1951 606 1982 CAPUT
628 1954 734 1988 cxxv,
1059 1953 1239 1979 continentem
1254 1953 1316 1980 vitae
1336 1953 1528 1982 institutionem
1540 1976 1546 1987 ,
1563 1956 1588 1984 in
1604 1956 1646 1984 his
1659 1965 1765 1992 quoque
1776 1959 1850 1994 digni

421 1997 458 2025 De
471 1997 554 2026 Ραυια
568 1999 644 2035 (ι96)
660 2000 788 2029 Romam.
1058 1997 1140 2024 habiti
1155 2002 1184 2024 ut
1198 1998 1223 2024 in
1240 1998 1347 2025 Christo
1359 1999 1518 2034 dormirent,
1532 2001 1565 2028 ab
1580 2003 1651 2029 omni
1667 2003 1772 2038 quidem
1784 2012 1848 2037 pec-

252 2041 323 2069 Inter
335 2049 404 2077 quos
415 2044 551 2072 fuitetiam
564 2044 646 2073 pau|a
661 2045 779 2075 Romam
795 2052 879 2076 mare.-
891 2048 1007 2082 Τοιοιίί,
1058 2049 1118 2071 cato
1129 2045 1214 2077 liberi,
1228 2045 1343 2079 perfecte
1355 2047 1380 2072 in
1391 2046 1502 2074 honesto
1513 2048 1660 2077 certamine
1668 2050 1848 2090 decertantes,

216 2094 283 2115 uxor
294 2088 339 2122 N.,
355 2089 388 2116 ad
408 2091 555 2125 spiritalem
572 2092 632 2120 vitae
647 2093 840 2121 instltutionem
855 2102 1008 2123 accommo-
1059 2089 1085 2116 in
1101 2089 1171 2117 bona
1187 2090 1313 2117 ωεωοτίῖλ
1328 2091 1406 2117 Vnam
1420 2098 1495 2118 suam
1511 2093 1700 2128 τειῖηιιυεηιεε·

216 2133 364 2163 tlatissima.
379 2134 426 2163 Cui
444 2136 633 2172 impedimento
648 2138 698 2166 fuit
710 2139 886 2175 Hieronymus
900 2140 1007 2174 quidam
1325 2142 1438 2169 CAPUT
1458 2143 1586 2171 CXXXV.

215 2179 336 2207 Dalmata
352 2181 382 2214 ¹;
405 2190 465 2209 nam
487 2190 546 2211 cum
571 2188 662 2219 posset
685 2192 813 2220 superare
835 2186 952 2219 multas,
973 2194 1008 2220 ne
1322 2186 1359 2213 De
1374 2187 1472 2222 Magna
1494 2189 1579 2224 (200).

216 2225 302 2253 dicam
312 2231 434 2261 cunctas,
453 2232 482 2256 ιη
503 2236 562 2264 qua,
581 2230 614 2258 ad
629 2231 710 2257 vitam
732 2238 767 2258 ει
792 2232 889 2260 virtute
911 2239 1008 2266 gere“-
1095 2230 1123 2257 ln
1138 2231 1244 2258 civitate
1259 2232 1365 2268 Ancyra
1380 2239 1443 2260 sunt
1463 2235 1551 2262 multa;
1567 2236 1673 2271 quidem
1696 2238 1754 2264 alia:
1768 2238 1850 2274 virgi-

215 2272 275 2297 dam
291 2275 361 2299 esset
381 2273 481 2310 optimo
494 2274 600 2309 Ingenio
620 2275 741 2310 praedita,
755 2284 814 2304 eam
837 2285 884 2305 sua
908 2277 1006 2307 invidia
1058 2283 1117 2308 nes,
1133 2284 1228 2311 nempe
1242 2278 1274 2304 ad
1299 2278 1390 2305 decem
1406 2279 1496 2313 millia,
1520 2281 1573 2308 duo
1594 2287 1683 2310 autem
1700 2283 1739 2311 vel
1761 2272 1847 2318 plura,

216 2315 337 2351 impedit,
353 2316 438 2356 ipsam
453 2318 561 2347 trahens
575 2320 608 2347 ad
621 2328 730 2355 scopum
745 2322 892 2361 proprium.
1021 2334 1048 2364 D
1060 2328 1119 2355 quae
1135 2327 1303 2356 exercentur,
1317 2328 1344 2350 et
1360 2324 1385 2351 in
1400 2325 1473 2352 omni
1488 2325 1595 2353 virtutis
1615 2315 1775 2356 institutione
1799 2315 1849 2357 mi;

268 2367 270 2370 '
488 2373 603 2407 CAPUT
617 2375 732 2406 CXXVL
1061 2367 1138 2394 litant
1153 2377 1160 2401 ;
1178 2377 1323 2404 omnesque
1340 2372 1520 2404 temperantiae
1535 2372 1636 2407 legibus
1651 2375 1728 2402 clarae
1743 2381 1769 2403 et
1783 2377 1849 2404 insi-

1060 2422 1123 2447 gnes
1140 2414 1255 2447 feminae,
1270 2420 1296 2442 et
1311 2416 1428 2443 divinum
1446 2423 1579 2446 certamen
1594 2420 1680 2447 studio
1696 2429 1846 2456 exsequen-

1061 2464 1110 2484 tes.
1128 2458 1196 2485 Inter
1209 2467 1273 2493 quas
1290 2461 1465 2495 principatum
1489 2462 1590 2489 obtinet
1602 2463 1629 2490 in
1643 2465 1740 2498 pietate
1754 2465 1847 2500 Magna

1060 2503 1246 2531 honestiSsima
1275 2505 1372 2532 femina
1398 2511 1423 2533 et
1450 2507 1628 2542 probissima;
1653 2517 1729 2543 quam
1758 2511 1847 2538 nescio

1059 2550 1121 2583 quid
1135 2549 1183 2576 sim
1202 2551 1398 2585 nominaturus,
1409 2552 1572 2587 virginemne
1583 2561 1616 2581 au
1631 2555 1745 2583 viduam.
1758 2556 1780 2583 A
1794 2565 1848 2583 ma-

1058 2599 1099 2620 tre
1129 2595 1199 2620 enitn
1228 2596 1253 2621 vi
1283 2596 1340 2622 viro
1366 2597 1526 2631 conjuncta,
1555 2606 1616 2626 eum
1650 2605 1736 2628 tamen
1768 2604 1846 2629 variis

1003 2661 1007 2664 γ
1060 2639 1183 2666 inescans
1196 2640 1378 2673 dilationibus,
1390 2646 1417 2668 et
1429 2643 1549 2676 corporis
1564 2644 1671 2671 morbos
1683 2651 1844 2679 prxtexens.

1058 2691 1072 2710 a
1089 2685 1267 2718 corruptionis
1283 2686 1346 2712 vitio
1361 2686 1463 2721 integra
1482 2693 1508 2715 et
1523 2689 1620 2716 intacta
1641 2692 1801 2723 permansit.
1818 2696 1846 2718 ut

507 2431 547 2460 De
566 2431 715 2460 Eustochio.

250 2482 333 2518 Cuius
348 2484 400 2512 lilia
424 2493 495 2513 nunc
518 2494 625 2522 quoque
648 2494 790 2517 exercetur
805 2490 831 2518 in
852 2490 1007 2525 Bethleem,

217 2528 322 2556 nomine
337 2529 522 2565 Eustochium,
537 2540 616 2567 quam
632 2542 681 2569 ego
696 2542 750 2562 non
764 2537 889 2564 conveni.
907 2536 1008 2564 Dicitur

216 2577 304 2601 autem
319 2581 379 2603 esse
394 2577 552 2607 castissima.
573 2579 674 2608 habens
694 2585 855 2620 conventum
876 2583 1006 2618 quinqua-

216 2619 288 2656 ginta
302 2619 443 2656 virginum.

472 2666 586 2697 CAPUT
609 2669 737 2698 CXXVII.

513 2713 550 2741 De
565 2714 689 2743 Venena.

253 2755 344 2785 Inveni
359 2762 447 2786 autem
464 2759 611 2789 Veneream
623 2762 768 2791 Ballomeci
783 2764 889 2791 comitis
905 2764 986 2792 tiliam
998 2785 1006 2796 ,

217 2809 275 2836 quae
286 2811 353 2831 onus
366 2804 462 2832 cameli
475 2810 548 2833 recte
557 2806 693 2841 dispersit,
706 2813 734 2836 et
748 2808 858 2837 liberata
869 2813 911 2837 est
920 2816 935 2836 a
947 2810 1007 2837 vul-

217 2848 325 2877 Itsribus
338 2856 398 2883 qua
411 2849 533 2881 oriuntur
544 2859 576 2879 es
590 2854 711 2882 materia.

1060 2730 1150 2757 dicunt
1162 2732 1220 2765 ejus
1232 2732 1383 2759 necessarii.
1397 2733 1515 2768 Cumque
1528 2735 1606 2769 paulo
1617 2741 1676 2769 post
1690 2737 1844 2764 decessisset

1059 2775 1116 2809 ejus
1132 2776 1252 2808 maritus,
1274 2778 1390 2804 omnium
1411 2778 1489 2805 simul
1506 2780 1572 2807 facta
1588 2785 1629 2808 est
1642 2781 1727 2809 btet-es
1748 2783 1823 2810 unica
1836 2804 1844 2816 ,

1059 2826 1085 2847 et
1101 2822 1289 2856 temporalibus
1308 2823 1434 2857 deinceps
1448 2830 1616 2853 commutatis
1639 2831 1748 2861 teterna,
1764 2831 1844 2855 tutam

1059 2866 1175 2901 seipsam
1192 2867 1245 2895 Deo
1260 2867 1365 2902 obtulit,
1382 2876 1484 2897 suntme
1498 2877 1588 2898 curam
1603 2878 1697 2906 gerens
1712 2873 1772 2901 vitae
1786 2881 1844 2908 quze

260 2913 269 2931 ι
277 2910 411 2943 Palladius
416 2913 593 2945 calumniatur
600 2919 796 2948 sanctissimum
805 2920 1004 2956 Hieronymum.
