4028 6444
331 417 470 484 1233

892 528 1149 588 ΚΕΦΑΛ.
1206 534 1339 588 PK'.

875 620 1015 685 Περί
1060 618 1367 683 ⁹Α.ίϐἰνας.⁷

398 700 553 773 Ἔχει
600 701 657 755 δέ
704 700 826 770 μεθ’
875 701 1078 770 ἑαυτῆς
1124 701 1218 753 καὶ
1268 701 1368 769 τὴν
1407 701 1621 771 μητέρα
1663 699 1911 753 Ἀλϐίναν

323 786 672 857 ἀσκουμένην
706 784 907 855 ὁμοίως
952 785 1047 838 καὶ
1076 782 1577 854 διασκορπίζουσαν
1611 784 1732 836 κατ’
1773 784 1911 835 ἰδίαν

324 872 485 925 πάλιν
502 870 572 923 τὰ
595 869 703 922 ῐδια
722 870 1000 938 χρήματα.
1030 867 1185 919 Εἰσὶν
1208 863 1303 921 οῦν
1326 865 1575 919 οἰκοῦσαι
1611 868 1667 918 ἐν
1692 867 1905 936 ἀγροῖς

324 957 451 1008 ποτὲ
478 957 534 1009 ἐν
566 956 676 1015 τοῖς
698 952 970 1017 Σικελίας,
1002 951 1133 1004 ποτὲ
1162 954 1220 1004 ἐν
1244 953 1355 1014 τοῖς
1378 952 1735 1020 Καμπανίας,
1771 969 1838 1020 με

322 1036 597 1107 εὐνούχων
628 1036 952 1097 δεκαπέντε,
992 1034 1086 1087 καὶ
1117 1033 1427 1104 παρθένων,
1464 1033 1559 1087 καὶ
1586 1033 1862 1087 δουλίδων.

885 1140 1138 1192 ΚΕΦΑΛ.
1175 1137 1355 1194 PKA'.

870 1224 1011 1292 Περί
1050 1221 1361 1277 Πινιανοῦ.

404 1309 636 1381 Ὁμοίως
658 1309 754 1363 καὶ
780 1310 809 1362 δ
838 1308 1093 1371 Πινιανὸς
1114 1310 1141 1360 ὁ
1162 1309 1285 1361 τότε
1309 1307 1452 1379 ἀνὴρ
1474 1307 1674 1379 αὐτῆς,
1704 1307 1800 1361 νῦν
1826 1307 1905 1375 δὲ,

323 1395 564 1463 ἐδελφοί,
600 1395 687 1447 διὰ
734 1392 827 1445 τὸν
857 1392 1094 1462 Χριστὸν
1122 1396 1223 1461 τῆς
1245 1392 1446 1461 ἀρετῆς
1475 1392 1740 1463 συνεργὸς
1773 1392 1908 1462 ὁμό-

322 1497 494 1550 φρων,
538 1477 978 1545 συνασκούμενος
1026 1474 1166 1545 μετά
1207 1475 1553 1543 μοναζόντων
1587 1477 1909 1547 τριάκοντα,

324 1563 415 1617 καὶ
438 1559 828 1630 ἀναγινώσκων
860 1558 959 1621 τὰς
984 1558 1135 1621 θείας
1163 1558 1408 1628 Γραφάς.
1440 1558 1554 1611 Καὶ
1578 1559 1708 1629 περὶ
1734 1560 1911 1625 κῆπον

325 1646 795 1716 μετεωριζόμενος
840 1643 935 1696 καὶ
979 1641 1292 1711 συντυχίας.
1328 1643 1402 1695 Ού
1454 1642 1667 1714 μικρῶς
1712 1642 1768 1695 δὲ
1817 1634 1911 1695 καὶ

322 1731 468 1799 ἡμᾶς
490 1729 741 1789 πλείονας
767 1726 927 1788 ὄντας
957 1724 1225 1795 ἐτίμησαν
1247 1724 1586 1789 ἀπελθόντας
1605 1727 1664 1778 ἐν
1698 1724 1908 1798 Ῥώμῃ,

322 1811 410 1864 διὰ
437 1812 528 1865 τὸν
564 1810 835 1880 μακάριον
877 1808 1136 1877 Ἰωάννην
1192 1808 1285 1861 τὸν
1328 1809 1649 1873 ἐπίσκοπον,
1683 1808 1778 1861 καὶ
1817 1810 1910 1861 ἀν-

324 1893 570 1945 έπαυσαν
598 1892 746 1961 ἡμᾶς
777 1889 872 1944 καὶ
918 1887 1256 1957 ξενοδοχείῳ,
1284 1890 1380 1942 καὶ
1407 1889 1646 1956 ἐφοδίοις
1685 1888 1907 1957 δαψιλε-

324 1976 563 2041 στάτοις,
610 1974 750 2045 μετά
788 1974 992 2043 πολλῆς
1030 1973 1206 2043 χαρᾶς
1238 1973 1614 2043 καρπούμενοι
1654 1972 1753 2041 τὴν
1782 1972 1913 2037 αἰώ-

321 2077 435 2113 νιον
466 2060 613 2131 ζωὴν
639 2062 753 2123 τοῖς
787 2058 1149 2129 θεοδωρήτοις
1186 2058 1371 2132 ἔργοις
1416 2059 1514 2128 τῆς
1545 2058 1777 2129 ἀρίστης
1815 2073 1913 2109 πο-

321 2142 545 2206 λιτείας.

878 2227 1133 2280 ΚΕΦΑΛ.
1167 2227 1347 2281 ΡΚΒ’.

833 2322 974 2387 Περὶ
1017 2322 1397 2390 Παμμαχίου.

394 2404 613 2457 Τούτων
650 2401 921 2472 συγγενὴς
954 2402 1183 2472 ὀνόματι
1229 2401 1572 2473 Παμμάχιος
1621 2401 1731 2454 ἀπὸ
1777 2401 1910 2457 ἀνθ-

323 2488 546 2542 υπάτων
564 2488 767 2557 ὁμοίως
786 2486 1202 2557 ἀποταξάμενος
1226 2486 1387 2556 ἔζησε
1404 2486 1496 2538 τὸν
1521 2486 1743 2556 ἄριστον
1775 2484 1910 2556 βίον,

323 2572 505 2626 πάντα
524 2572 614 2625 τὸν
630 2571 861 2623 πλοῦτον
884 2570 1077 2636 αὐτοῦ,
1106 2570 1197 2623 τὸν
1224 2571 1323 2641 μὲν
1348 2570 1456 2635 ζῶν
1490 2570 1911 2641 διασκορπίσας,

321 2656 412 2707 τὸν
449 2656 505 2707 δὲ
528 2654 803 2707 τελευτῶν
838 2657 955 2719 τοῖς
993 2656 1233 2724 πτωχοῖς
1268 2652 1625 2723 καταλείψας,
1656 2653 1791 2726 πρὸς
1820 2652 1912 2706 τὸν

321 2738 531 2811 Κύριον
565 2739 943 2810 ἀπεδήμησεν.

885 2821 1137 2874 ΚΕΦΑΛ.
1167 2818 1342 2875 PKI".

854 2903 994 2972 Περί
1030 2905 1363 2973 Μακαρίου.

406 2987 639 3065 Ὁμοίως
673 2988 768 3042 καὶ
796 2986 1087 3059 Μακάριός
1116 3006 1198 3052 τις
1229 2987 1456 3057 ὀνόματι
1489 2986 1598 3040 ἀπὸ
1628 2985 1911 3057 Βικαρίας.

855 3094 1110 3147 ΚΕΦΑΛ.
1167 3094 1341 3146 ΡΚΔ¹.

777 3178 915 3245 Περὶ
972 3176 1457 3231 Κωνσταντίνου.

395 3262 508 3316 Καὶ
539 3260 975 3333 Κωνσταντῖνος,
1029 3259 1401 3329 συγκάθεδρος
1454 3257 1746 3327 γενόμενος
1804 3257 1911 3311 τῶν

323 3346 467 3409 κατά
506 3344 739 3397 Ἰταλίαν
764 3345 1043 3413 ἐπάρχων,
1075 3344 1268 3414 ἄνδρες
1296 3342 1558 3413 ἐπίσημοι
1579 3342 1675 3396 καὶ
1698 3341 1911 3410 ἐλλογι-

326 3428 593 3499 μώτατοι,
629 3428 723 3482 καὶ
755 3429 835 3492 εἰς
883 3429 1053 3498 ἀκρον
1104 3427 1381 3496 φιλοθεϊας
1428 3425 1753 3489 ἐλάσαντες
1820 3424 1914 3489 οὓς

324 3513 405 3565 ἔτι
433 3512 642 3582 νομίζω
672 3512 768 3567 καὶ
799 3512 897 3565 νῦν
938 3514 997 3564 ἐν
1033 3511 1200 3581 σαρκὶ
1236 3511 1526 3581 ὑπάρχειν,
1572 3509 1663 3562 τὸν
1693 3510 1914 3579 ἄριστον

324 3598 423 3667 τῆς
468 3596 744 3658 πολιτείας
776 3595 979 3665 θεσμὸν
1026 3594 1419 3665 ἐξασκοῦντας,
1476 3592 1575 3664 τὴν
1634 3594 1916 3665 μακαρίαν

326 3677 424 3731 καὶ
460 3676 736 3747 ἀκήρατον
766 3674 912 3744 ζωὴν
940 3674 1336 3744 ἀναμένοντας.

891 3778 1147 3833 ΚΕΦΑΛ.
1184 3778 1363 3833 PKE’.

904 3862 1047 3931 Περί
1078 3864 1347 3929 Παύλης.

412 3947 503 4002 Ἓν
536 3939 625 4011 αἷς
660 3946 755 4000 καί
785 3946 976 4019 Παύλῃ
992 3949 1058 4018 τῇ
1099 3946 1351 4017 Ῥωμαία
1372 3946 1439 4017 τῇ
1461 3944 1631 4017 μητρὶ
1662 3942 1915 4009 Τοξοτίού

329 4032 572 4102 γυναικὶ,
604 4032 686 4095 εἰς
714 4031 813 4100 τὴν
836 4030 1224 4101 πνευματικὴν
1256 4030 1538 4083 πολιτείαν
1568 4028 1915 4099 ἀστειοτάτῃ.

331 4108 440 4177 ΊΓΗς
467 4115 724 4185 ἐμπόδιον
748 4114 973 4183 γέγονεν
997 4112 1321 4183 Ἱερώνυμός
1350 4130 1434 4176 τις
1454 4111 1563 4166 ἀπὸ
1579 4110 1915 4181 Δαλματίας.

330 4199 650 4269 Δυναμένην
684 4198 793 4267 γὰρ
832 4197 1005 4268 αὐτὴν
1047 4196 1396 4267 ὑπερπτῆναι
1436 4196 1671 4261 πολλῶν,
1718 4195 1805 4249 ἵνα
1844 4194 1919 4267 μὴ

331 4283 473 4336 εἴπω
498 4282 708 4346 πασῶν,
745 4282 1094 4350 εὐφυεστάτη
1124 4277 1281 4346 οὖσα,
1310 4281 1391 4342 εἰς
1412 4280 1511 4350 τὴν
1537 4279 1794 4350 ἐνάρετον
1825 4296 1921 4331 πο-

330 4366 559 4428 λὶτείαν,
595 4366 1049 4434 προσενεπόδισεν
1070 4366 1135 4435 τῇ
1169 4362 1365 4417 ἑαυτοῦ
1390 4363 1661 4433 βασκανίᾳ.
1689 4362 1922 4427 ἑλκύσας

331 4450 503 4521 αὐτὴν
528 4436 663 4519 πρὸς
693 4450 785 4503 τὸν
828 4450 962 4503 ἴδιον
988 4448 1152 4502 αὐτοῦ
1197 4449 1421 4502 σκοπόν.

901 4554 1158 4608 ΚΕΦΛΛ.
1211 4555 1406 4621 Ρκςι.

859 4636 1003 4705 Περί
1030 4638 1392 4705 Εὑστοχίας.

401 4714 511 4783 'H;
545 4720 794 4791 Θυγάτηρ
829 4721 998 4786 ἐστὶν,
1038 4719 1133 4773 καὶ
1182 4718 1279 4774 νῦν
1306 4722 1580 4789 ἀσκεῖται,
1629 4722 1925 4796 Εὐστόχιον

330 4806 558 4876 ὀνόματι
594 4807 650 4858 ἐν
675 4805 945 4874 Βηθλεέμ.
980 4798 1090 4869 τΗς
1114 4804 1227 4874 ἐγὼ
1270 4806 1329 4857 ἐν
1367 4808 1630 4879 συντυχίᾳ
1672 4809 1775 4861 οὐκ
1802 4810 1925 4876 ἐγε-

331 4891 535 4963 γόνειν.
593 4888 829 4957 Λέγεται
880 4888 938 4941 δέ
1000 4889 1208 4960 σφόδρα
1260 4885 1403 4943 εἶναι
1475 4890 1925 4962 σωφρονεστάτη,

335 4976 581 5029 συνοδίαν
606 4974 805 5045 ἔχουσα
834 4974 1175 5044 πεντήκοντα
1210 4976 1519 5043 παρθένων.

898 5059 1151 5113 ΚΕΦΑΛ.
1183 5058 1356 5114 PKZ'.

891 5143 1035 5209 Περὶ
1062 5144 1369 5211 Βενερίας.

409 5226 624 5296 Ἔγνων
648 5226 707 5280 δὲ
745 5227 841 5280 καὶ
877 5226 1139 5297 Βενερίαν
1171 5227 1271 5297 τὴν
1321 5227 1659 5283 Καλλοδίκου
1693 5228 1790 5284 τοῦ
1835 5229 1928 5283 κό-

339 5325 510 5382 μητος
526 5310 709 5374 καλῶς
721 5311 1198 5382 διασκορπίσασαν
1213 5312 1274 5364 τὸ
1292 5312 1392 5383 τῆς
1410 5314 1660 5384 καμήλου
1681 5314 1924 5385 φορτίον,

336 5395 433 5449 καὶ
459 5394 868 5467 ἀπαλλαγεῖσαν
898 5395 1008 5449 τῶν
1033 5397 1098 5449 ἐκ
1122 5395 1221 5465 τῆς
1258 5394 1388 5467 ὐλης
1417 5399 1774 5469 τραυμάτων.

894 5486 1149 5538 ΚΕΦΑΛ.
1188 5484 1369 5539 ΡΚΗ’.

862 5570 1001 5639 Περὶ
1049 5569 1373 5637 Θεοδώρας.

409 5653 522 5707 Καὶ
553 5652 653 5725 τὴν
687 5653 969 5723 μακαρίαν
1001 5654 1286 5727 Θεοδὼραν
1337 5654 1436 5724 τὴν
1476 5654 1571 5709 τοῦ
1616 5658 1925 5728 τριϐούνου,

337 5736 439 5808 τῆν
476 5737 570 5791 ἐπὶ
600 5736 858 5791 τοσοῦτον
889 5739 1281 5810 ὰκτημοσύνης
1333 5739 1629 5807 ἐλάσασαν,
1660 5742 1735 5809 ὡς
1766 5745 1923 5817 ἐλεη-

343 5819 582 5911 μοσύνην
609 5819 813 5893 ταύτην
840 5821 1113 5879 λαϐοῦσαν
1142 5824 1285 5879 οὕτω
1315 5825 1655 5897 τελευτῆσαι.

1560 418 1923 480 HISTORIA
1974 420 2367 489 LAUSIACA.

1943 537 1991 591 Α

3470 437 3607 500 1234

2559 545 2811 603 ΚΕΦΑΛ.
2864 551 3040 607 ΡΚΘ’.

2580 655 2719 723 Περί
2778 658 3029 723 Οὐσίας.

2098 751 2188 805 ‘Ev
2215 752 2293 823 τῷ
2341 758 2695 827 μοναστηρίῳ
2735 760 2831 813 τοῦ
2873 760 3084 831 Ἡσυχᾶ
3131 761 3285 833 παρὰ
3331 761 3605 816 θάλασσαν

2014 834 2187 903 ἔγνων
2245 837 2450 893 Οὐσίαν
2512 841 2759 912 ὀνόματι,
2838 846 2908 899 τὰ
2962 846 3059 899 ὅλα
3114 848 3210 901 καὶ
3265 847 3606 918 σεμνοτάτην

1844 924 1909 1004 τὰ
2013 924 2248 989 γυναῖκα
2260 963 2272 976 .

2589 1010 2841 1065 ΚΕΦΑΛ.
2888 1012 3015 1068 ΡΛ’.

2582 1094 2720 1161 Περί
2768 1093 3067 1163 Ἀδολίας.

2087 1172 2201 1226 Καὶ
2253 1176 2354 1245 τὴν
2394 1176 2601 1246 ταύτης
2650 1178 2884 1250 ἀδελφὴν
2944 1181 3210 1245 Ἀδολίαν,
3264 1181 3359 1234 καὶ
3404 1181 3609 1251 ταύτην

2025 1253 2359 1323 βεϐιωκυίαν
2390 1261 2448 1312 ἐν
2480 1261 2672 1331 ἀρετῇ,
2708 1263 2809 1315 οὐκ
2870 1262 3036 1327 ἀξίως
3082 1264 3185 1333 μὲν
3227 1265 3457 1334 ταύτης,
3507 1269 3604 1318 ἐπ-

2012 1338 2179 1405 αξίως
2208 1341 2265 1394 δὲ
2296 1341 2397 1412 τῆς
2418 1342 2701 1415 δυνάμεως
2732 1346 2939 1415 ἑαυτῆς
2986 1346 3232 1419 ζήσασαν
3268 1348 3414 1419 ζήλῳ
3445 1349 3604 1403 Θεοῦ.

2552 1447 2811 1502 ΚΕΦΑΛ.
2866 1450 3039 1503 ΡΛΑ’.

2495 1532 2635 1597 Περὶ
2667 1533 3103 1598 Βασιανίλλας.

2086 1612 2305 1685 Ἐγνων
2325 1612 2436 1680 ἐγὼ
2470 1614 2565 1668 καὶ
2614 1615 2995 1677 Βασιανίλλαν,
3031 1615 3131 1684 τὴν
3174 1614 3477 1669 Κανδιανοῦ
3509 1614 3603 1667 τοῦ

2015 1697 2411 1766 στρατηλάτου,
2455 1697 2755 1768 προθύμως
2800 1698 2894 1753 καὶ
2958 1698 3206 1762 εὐλαϐῶς
3253 1700 3351 1770 τὴν
3406 1698 3607 1768 ἀρετὴν

2013 1778 2423 1849 ἐξασκήσασαν,
2450 1782 2548 1835 καὶ
2576 1782 2845 1853 ἐχομένην
2869 1784 3038 1836 εἰσέτι
3068 1784 3163 1837 καὶ
3198 1783 3293 1836 νῦν
3320 1783 3428 1838 τῶν
3460 1780 3606 1851 ἀγώ-

1942 1873 1983 1928 Β
2012 1882 2121 1917 νων
2163 1864 2434 1935 σφοδρῶς.

2564 1949 2823 2004 ΚΕΦΛΛ.
2888 1949 3061 2006 ΡΛΒ⁹.

2544 2033 2686 2101 Περί
2724 2033 2987 2101 Φωτεινῆ
2994 2054 3047 2100 ς.

2087 2115 2202 2169 Καὶ
2254 2115 2533 2187 Φωτεινὴν
2586 2116 2859 2188 παρθένον
2895 2117 3237 2188 σεμνοτάτην
3298 2119 3377 2182 εἰς
3414 2119 3606 2189 ἀκρον,

2015 2198 2295 2269 θυγατέρα
2340 2198 2397 2251 δὲ
2428 2200 2755 2255 Θεοκτίστου
2791 2200 2887 2255 τοῦ
2932 2201 3308 2273 πρεσϐυτέρου
3339 2202 3432 2256 τοῦ
3467 2203 3609 2257 κατὰ

2016 2281 2366 2337 Λαοδίκειαν.

2588 2367 2845 2421 ΚΕΦΑΛ.
2881 2369 3052 2422 ΡΛΓ¹.

2553 2453 2693 2519 Περὶ
2734 2452 3058 2517 Ἀσέλλας.

2090 2532 2229 2585 Ἰδον
2264 2533 2320 2586 δέ
2352 2534 2449 2586 καὶ
2506 2534 2564 2586 ἐν
2622 2534 2809 2607 Ῥώμῃ
2856 2536 2952 2605 τὴν
3001 2536 3173 2607 καλὴν
3210 2536 3469 2590 Ἀσέλλαν
3507 2535 3613 2609 τὴν

2016 2616 2289 2687 παρθένον
2315 2617 2556 2688 Χριστοῦ
2594 2618 2779 2681 καλῶς
2826 2623 3209 2689 γεγηρακυίαν
3248 2622 3305 2674 ἐν
3336 2619 3411 2689 τῷ
3443 2638 3610 2691 μονα-

2018 2700 2247 2773 στηρίῳ,
2283 2702 2490 2769 σφόδρα
2527 2702 2853 2773 πραῦτάτην
2886 2704 3120 2769 γυναῖκα
3149 2704 3244 2756 καὶ
3270 2703 3612 2774 ἀνεχομένην

2018 2784 2287 2847 συνοδίας.
2332 2785 2421 2837 Ἐν
2454 2779 2535 2849 οἷς
2569 2785 2889 2857 ἐθεασάμην
2919 2786 3120 2854 ἄνδρας
3140 2804 3200 2839 τε
3230 2786 3322 2839 καλ.
3344 2789 3612 2855 γυναῖκας

2016 2868 2473 2938 νεοκατηχήτους.

2558 2954 2810 3008 ΚΕΦΑΛ.
2856 2956 3021 3010 ΡΛΔ¹.

2561 3037 2703 3105 Περί
2756 3037 2808 3091 Ἀ
2819 3039 3037 3105 ϐίττας.

2102 3131 2451 3205 Ἐθεασάμην
2506 3134 2602 3187 καὶ
2642 3134 2742 3205 τὴν
2781 3136 3060 3205 μακαρίαν
3103 3135 3356 3190 Ἀϐίτταν
3391 3134 3489 3206 τὴν
3514 3134 3609 3189 τοῦ

1937 3208 1982 3271 C
2016 3216 2154 3270 Θεοῦ
2188 3216 2366 3283 ἀξίαν,
2421 3218 2519 3271 σὺν
2541 3218 2620 3289 τῷ
2665 3218 2875 3290 ταύτης
2915 3219 3073 3290 ἀνδρὶ
3126 3218 3483 3290 ’Ᾱπρινιανῷ,
3516 3220 3613 3273 καὶ

2019 3302 2085 3370 τῇ
2116 3300 2325 3354 τούτων
2345 3300 2583 3371 θυγατρί
2610 3302 2875 3374 Εὐνομίῃ,
2906 3306 2963 3355 ἐν
2985 3305 3154 3357 πᾶσιν
3173 3303 3609 3375 εὐαρεστοῦντας

2018 3382 2096 3453 τῷ
2125 3383 2244 3453 Θεῷ
2266 3399 2279 3413 ⁸
2318 3385 2394 3447 ὡς
2434 3386 2696 3455 ἄντικρυς
2735 3387 3101 3454 μετατεθῆναι
3134 3388 3332 3458 ῥᾳδίως
3378 3386 3486 3440 ἀπὸ
3512 3385 3607 3439 τοῦ

2019 3467 2307 3536 ἀνειμένου
2350 3469 2445 3522 καὶ
2479 3469 2759 3539 τρυφηλοῦ
2799 3469 2915 3539 βίου
2960 3472 3053 3523 ἐπὶ
3075 3470 3174 3541 τὴν
3215 3472 3472 3541 ἐνάρετον
3516 3470 3610 3523 καὶ

2019 3551 2267 3621 ἐγκρατῆ
2318 3553 2596 3605 πολιτείαν
2625 3571 2637 3583 ·
2690 3552 3128 3617 καταξιωθέντες
3172 3554 3231 3606 ἐν
3275 3553 3489 3617 τούτοις
3518 3554 3615 3607 καὶ

2018 3634 2118 3704 τῆς
2147 3636 2205 3686 ἐν
2237 3634 2465 3704 Χριστῷ
2500 3635 2811 3704 κοιμήσεως
2830 3652 2845 3667 ο
2890 3636 3354 3705 ἐλευθερωθέντες
3382 3637 3480 3706 μὲν
3503 3636 3611 3688 πά-

2022 3734 2123 3787 σης
2153 3718 2433 3787 ἁμαρτίας
2477 3719 2700 3783 τελείως
2720 3735 2735 3751 ⁸
2766 3720 2918 3782 ἐντὸς
2948 3721 3005 3773 δὲ
3036 3722 3131 3773 καὶ
3158 3719 3415 3788 γνώσεως
3452 3721 3611 3788 γενό-

2024 3817 2174 3870 μενοι
2192 3802 2250 3855 ἐν
2269 3802 2461 3874 μνήμῃ
2480 3802 2662 3873 ἀγαθῇ
2681 3802 2772 3855 τὸν
2789 3802 2905 3873 βίον
2924 3803 3135 3857 ἐαυτῶν
3154 3804 3603 3874 καταλείψαντες.

2586 3906 2843 3961 ΚΕΦΑΛ.
2895 3908 3068 3962 PAE'.

2619 4001 2760 4071 Περὶ
2790 4001 3025 4072 Μάτνα.

2106 4084 2196 4138 Ἐν
2222 4084 2393 4153 ταύτῃ
2460 4087 2528 4156 τῇ
2558 4084 2710 4137 πόλει
2754 4086 3000 4158 Ἀγκύρᾳ
3030 4086 3225 4141 πολλαὶ
3256 4087 3355 4158 μέν
3380 4087 3488 4140 εἰσι
3516 4085 3614 4141 καὶ

2022 4168 2180 4223 ἄλλαι
2212 4167 2470 4239 παρθένοι
2488 4169 2563 4232 ὡς
2600 4169 2836 4239 χιλιάδες
2856 4169 2947 4224 δύο
2973 4170 3006 4241 ἢ
3040 4171 3233 4237 πλείω,
3270 4172 3613 4241 ἀσκούμενοι

2024 4252 2123 4323 τὴν
2159 4251 2345 4304 ἔνθεον
2379 4251 2659 4305 πολιτείαν
2708 4255 2809 4324 τῆς
2859 4254 3101 4326 ἀρετῆς,
3135 4256 3612 4327 ἐγκρατευόμεναι

2024 4338 2121 4392 καὶ
2155 4337 2325 4407 πολλῇ
2379 4338 2853 4410 ταπεινοφροσύνῃ
2888 4339 3077 4409 τρόπῳ
3119 4340 3298 4410 ἠπίων
3338 4340 3602 4404 συζῶσαι.

2025 4422 2148 4476 Εἰσὶ
2178 4422 2237 4474 δέ
2279 4423 2374 4475 καὶ
2427 4422 2691 4493 ἐπίσημοι
2723 4425 2984 4492 γυναῖκες
3036 4425 3462 4496 διαπρέπουσαι,
3513 4427 3611 4479 καὶ

2030 4505 2120 4559 τὸν
2151 4505 2293 4558 θεῖον
2322 4505 2511 4574 ἀγῶνα
2551 4506 2691 4576 μετὰ
2741 4507 2944 4577 πολλῆς
2978 4509 3219 4578 σπουδῆς
3262 4510 3611 4576 ἐξανύουσαι.

2047 4589 2139 4644 Ἐν
2190 4585 2280 4652 αἷς
2327 4590 2619 4659 ἐπικρατεῖ
2671 4592 2793 4643 κατ’
2828 4591 3114 4647 εὐσέϐειαν
3166 4593 3386 4661 Μάγνα,
3424 4610 3619 4663 σεμνοο

2036 4672 2175 4742 τάτη
2197 4672 2335 4742 γυνὴ
2354 4673 2451 4727 καὶ
2473 4674 2587 4727 δοκι
2597 4675 2845 4745 μωτάτη.
2872 4676 2977 4730 Ἦν
3006 4677 3105 4730 οὐκ
3125 4672 3243 4730 οῖδα
3260 4678 3313 4730 τί
3339 4678 3615 4747 ὀνομάσω,

2026 4755 2135 4826 ἄρα
2166 4755 2458 4827 παρθένον,
2493 4756 2526 4826 ἢ
2572 4759 2769 4830 χήραν.
2812 4760 2914 4832 Βίᾳ
2943 4763 3055 4831 γὰρ
3088 4761 3424 4830 συναφθεῖσα
3458 4762 3613 4833 ἀνδρί

2027 4840 2181 4919 παρὰ
2209 4841 2310 4910 τῆς
2342 4840 2576 4922 μητρὸς,
2608 4843 2759 4913 ὅμως
2790 4844 3092 4899 δελεάσασα
3121 4844 3312 4898 τοῦτον
3338 4845 3616 4915 διαφόροις

2028 4924 2413 4995 ὐπερθέσεσιν,
2466 4930 2823 4999 σκηπτομένη
2873 4929 3065 4991 νόσους
3125 4929 3469 4999 σωματικὰς,
3520 4928 3617 4982 τοῦ

2032 5007 2239 5078 μύσους
2268 5009 2547 5079 ἄψαυστος
2572 5012 2668 5064 καὶ
2698 5011 2946 5081 ἀμύητος
2979 5012 3215 5082 ἔμεινεν,
3243 5013 3317 5077 ὥς
3358 5030 3526 5080 φασιν
3558 5014 3609 5066 οἰ

2026 5091 2232 5163 ταύτης
2278 5094 2507 5148 οἰκεῖοι·
2553 5098 2613 5148 ἐν
2648 5090 2733 5159 οἷς
2766 5097 2885 5167 μετ’
2926 5095 3257 5165 ὀλιγώτατον
3300 5096 3492 5168 χρόνον
3524 5114 3615 5149 τε-

2029 5177 2398 5248 λευτήσαντος
2419 5179 2514 5232 τοῦ
2544 5180 2758 5248 ἀνδρὸς,
2802 5180 3021 5234 πάντων
3050 5179 3188 5251 ὁμοῦ
3218 5181 3618 5251 μονοκληρονὸ-

2036 5276 2136 5331 μος
2194 5261 2465 5331 γενομένη
2510 5264 2606 5317 καὶ
2633 5263 2723 5317 διὰ
2763 5264 2874 5316 τῶν
2920 5263 3277 5334 προσκαίρων
3323 5264 3393 5316 τὰ
3424 5263 3619 5317 αἰώνια

2032 5344 2403 5416 ἀλλαξαμένη,
2458 5346 2646 5401 λοιπὸν
2697 5348 2827 5417 ὃλην
2877 5348 3077 5418 ἐαυτὴν
3122 5350 3486 5419 προσενήνοχε
3541 5349 3620 5420 τῷ

2030 5427 2171 5497 Θεῷ,
2204 5430 2285 5492 είς
2331 5430 2507 5501 ἀκρον
2539 5432 2875 5503 φροντίσασα
2903 5432 3005 5502 τῆς
3036 5434 3123 5486 ἀεὶ
3147 5432 3422 5503 μενούσης
3447 5434 3618 5503 ζωῆς,

2029 5511 2409 5583 προῖσταμένη
2461 5515 2677 5586 σεμνῶς
2729 5516 2839 5569 τῶν
2894 5516 3042 5569 ἰδίων
3092 5516 3356 5569 οἰκετῶν·
3410 5517 3623 5584 ζήσασα

2028 5595 2619 5667 άσκητικώτατονιβίον
2650 5599 2746 5653 καὶ
2771 5598 3127 5671 σωφροσύνης
3145 5599 3415 5670 γέμοντα⁶
3442 5600 3624 5654 τοιαύ-

2029 5695 2130 5748 την
2159 5677 2358 5750 ἔχουσα
2388 5681 2593 5752 ἀκριϐῆ
2635 5683 2948 5752 συντυχίαν,
3004 5684 3080 5745 ὼς
3133 5682 3403 5736 αἰδεῖσθαι
3452 5685 3624 5751 αὐτῆς

2030 5762 2404 5832 τῆνάντοψίαν
2425 5765 2668 5827 καὶτοὺς
2692 5767 2751 5819 ἐν
2784 5766 2943 5836 ἐξοχῇ
2969 5767 3328 5834 ἐπισκόπους,
3344 5768 3618 5838 ὑπερϐολῇ

2032 5846 2343 5913 εὐλαϐείας.
2378 5848 2525 5921 Αὕτη
2552 5852 2653 5921 τὴν
2689 5850 2789 5921 μὲν
2816 5850 3020 5921 πολλὴν
3063 5852 3160 5907 καὶ
3188 5853 3459 5924 περισσὴν
3493 5848 3627 5917 ὕλην
