4028 6426
313 447 447 504 125³1

1577 423 1893 480 HISTORIA
1937 417 2300 475 LAI'SIACA.

3409 406 3545 468 1258

304 569 515 626 semper
537 558 731 614 manet,
764 547 874 601 suis
895 542 1107 599 famulis
1132 540 1356 595 honeste
1387 538 1678 604 imperans,
1703 549 1863 603 agens
1892 537 1938 593 Α
1964 530 2231 600 juniorem
2260 546 2273 581 :
2301 526 2409 581 duo
2428 524 2565 579 bona
2595 532 2908 589 procurans,
2928 526 2983 573 et
3009 516 3149 571 illius
3186 513 3442 579 salutem;
3470 513 3551 579 illi

303 625 466 702 vitam
509 638 977 698 laboriosissimam
1025 642 1082 687 et
1135 631 1342 700 plenam
1386 625 1779 694 temperantia:
1825 625 1880 678 in

303 749 590 803 congressu
621 741 727 784 tam
759 741 968 789 severa,
1001 734 1061 777 ut
1094 722 1265 787 ipsum
1290 718 1404 786 ejus
1432 726 1704 786 aspectum
1727 729 1880 768 reve-

306 838 552 884 rerentur
598 825 756 879 etiam
796 815 1235 876 excellentissimi
1289 812 1521 881 episcopi
1553 818 1770 879 propter
1795 805 1880 860 in-

307 922 508 987 signem
548 918 798 986 pietatem
829 922 883 967 et
922 910 1253 977 religionem.
1306 903 1478 972 Atque
1517 901 1628 970 ipsa
1670 899 1882 968 quidem

307 1019 750 1071 supervacaneam
782 1011 835 1057 et
866 1000 1083 1055 nimiam
1111 1010 1270 1063 opum
1303 990 1579 1046 materiam
1608 998 1883 1057 pauperta-

311 1101 377 1154 tis
401 1106 518 1167 igne
536 1094 866 1161 consumpsit
888 1109 899 1142 :
920 1103 1037 1159 qua:
1053 1096 1232 1141 autem
1253 1088 1586 1152 supererant,
1611 1094 1671 1132 ea
1689 1078 1886 1131 consti-

312 1192 408 1244 tuit
424 1191 486 1242 ad
503 1184 1044 1241 submittistrationein
1064 1176 1416 1239 monasteriis,
1446 1170 1883 1240 ptocliotrophiis,

311 1280 675 1339 xenodochiis,
694 1274 960 1339 ecclesiis,
987 1270 1324 1339 pauperibus,
1349 1265 1762 1327 transeuntibus,
1779 1261 1887 1329 epi-

313 1375 505 1442 scopis,
537 1369 790 1439 orphanis
813 1406 829 1425 .
858 1365 1059 1428 viduis,
1093 1371 1147 1418 et
1175 1362 1420 1415 omnibus
1459 1357 1737 1426 egentibus
1764 1372 1886 1421 sup-

314 1466 553 1533 peditans
590 1462 872 1524 auxilium,
923 1473 1028 1510 non
1084 1457 1327 1511 cessabat
1384 1451 1628 1503 hilariter
1680 1447 1886 1513 operati

313 1554 562 1624 pietatem
596 1552 842 1614 latenter,
872 1556 929 1602 et
960 1561 1053 1615 per
1082 1560 1160 1609 se,
1194 1552 1247 1595 et
1295 1556 1386 1607 per
1414 1553 1600 1593 servos
1645 1537 1889 1590 ﬁdelissi-

312 1659 427 1700 tuos
452 1685 468 1709 ,
497 1642 565 1695 ab
610 1641 834 1694 ecclesia
878 1653 982 1691 non
1022 1634 1275 1689 recedens
1315 1638 1472 1683 noctu
1516 1628 1743 1681 maxime
1780 1644 1792 1679 :
1836 1628 1887 1680 in

313 1734 555 1790 omnibus
580 1734 630 1785 in
659 1730 852 1783 virtute
872 1743 931 1783 se
953 1739 1209 1782 exercens
1237 1730 1450 1791 propter
1472 1735 1617 1789 spem
1637 1717 1751 1787 ejus
1772 1733 1887 1787 quae

312 1838 437 1880 vere
465 1834 543 1878 est
576 1824 701 1875 vita.

816 1885 1042 1941 CAPUT
1079 1880 1368 1937 CXXXVI.

336 1981 415 2037 De
439 1981 649 2052 Virgine
669 1979 784 2050 (20l
801 1978 818 2047 )
835 1992 947 2046 qua:
968 1975 1166 2041 excepit
1191 1969 1524 2024 Athanasium
1549 1968 1864 2034 episwpum.

382 2076 513 2130 Novi
543 2089 640 2144 ego
684 2067 1020 2125 Alexandria:
1059 2065 1339 2134 virginem,
1387 2075 1546 2128 quam
1576 2055 1771 2112 offendi
1797 2071 1891 2108 na-

316 2164 660 2239 tamcirciter
704 2162 1036 2227 septuaginta
1066 2168 1255 2209 annos.
1308 2153 1367 2205 Ei
1400 2153 1577 2206 clerus
1614 2149 1892 2203 universus

316 2254 476 2308 dabat
508 2252 895 2311 testimonium,
917 2246 1055 2316 quod
1084 2259 1202 2297 cum
1224 2251 1365 2297 esset
1394 2240 1630 2307 juvenis,
1664 2246 1783 2291 nata
1806 2252 1893 2288 an-

319 2356 416 2395 nos
437 2340 649 2395 circiter
676 2337 877 2406 viginti,
903 2345 957 2388 et
985 2336 1138 2396 longe
1166 2331 1569 2394 formosissima,
1594 2326 1897 2395 fugiebatur

316 2430 384 2485 ab
417 2430 482 2483 iis
506 2428 595 2497 qui
626 2434 780 2480 erant
804 2423 1024 2477 studiosi
1058 2420 1269 2474 virtutis
1301 2427 1517 2486 propter
1546 2413 1893 2484 pulchritudi-

317 2532 461 2582 nem,
505 2531 573 2569 ne
612 2516 848 2567 inureret
873 2513 950 2564 eis
981 2509 1211 2575 aliquam
1261 2506 1430 2559 labem
1460 2519 1525 2557 ex
1573 2501 1896 2569 suspicione.

317 2606 539 2675 Quando
594 2617 720 2672 ergo
766 2600 957 2660 accidit
1004 2607 1059 2650 ut
1126 2596 1307 2651 Ariani
1362 2601 1630 2647 strnerent
1677 2591 1899 2645 insidias

322 2698 482 2752 beato
507 2692 795 2747 Athanasio
821 2686 1178 2745 Alexandrino
1199 2684 1447 2753 episcopo
1472 2696 1564 2749 per
1587 2680 1897 2744 Eusebium,

317 2788 409 2856 qui
436 2793 552 2841 erat
588 2800 653 2839 eo
682 2794 920 2849 tempore
972 2778 1287 2848 praepositus
1326 2774 1425 2827 sub
1454 2769 1765 2826 Constantio
1802 2771 1903 2821 im-

317 2888 598 2950 peratore,
643 2877 965 2932 nefariorum
1011 2872 1294 2927 criminum
1333 2882 1454 2921 eum
1494 2872 1808 2918 accusantes
1852 2869 1905 2912 et

315 2973 719 3028 calumniantes.
747 2980 917 3020 vuans
937 2964 1160 3034 judicari
1189 2976 1219 3013 a
1246 2969 1495 3026 corrupto
1511 2954 1741 3023 judicio,
1767 2952 1904 3020 apud

318 3061 585 3117 neminem
616 3074 776 3112 ausus
802 3066 883 3111 est
910 3055 1246 3112 delitescere,
1280 3064 1382 3101 non
1421 3044 1559 3113 apud
1599 3050 1900 3111 cognatum,

318 3164 423 3204 non
459 3150 708 3212 amicum,
748 3162 851 3201 non
893 3144 1165 3204 clericum,
1197 3155 1300 3195 non
1334 3136 1472 3205 apud
1499 3136 1724 3200 aliquem
1748 3132 1906 3185 alium

318 3236 630 3292 familiarem
657 3253 672 3299 ;
707 3238 798 3289 sed
831 3241 1048 3301 repente
1076 3231 1443 3298 episcopatum
1480 3224 1735 3293 ingressis
1776 3236 1911 3288 pne-

319 3327 446 3383 fecti
469 3326 803 3389 ministris,et
830 3339 948 3378 eum
965 3319 1346 3391 quaerentibus,
1364 3324 1581 3383 accepto
1603 3324 1707 3366 suo
1722 3312 1913 3363 sticba-

319 3422 401 3475 rio
425 3435 518 3475 seu
548 3420 746 3482 tunica,
771 3426 825 3472 et
850 3417 993 3470 birro
1020 3412 1193 3482 (202),
1224 3410 1398 3465 inedia
1424 3417 1578 3461 nocte
1595 3404 1830 3472 confugit
1845 3402 1909 3456 ad

320 3510 459 3565 hanc
492 3512 771 3579 virginem.
807 3508 896 3561 Illa
930 3515 1107 3559 autem
1148 3504 1243 3556 fuit
1287 3501 1364 3554 rei
1394 3499 1627 3553 novitate
1664 3498 1914 3561 obstupe-

321 3600 458 3655 facta
512 3609 566 3653 et
615 3599 805 3652 timore
847 3604 1111 3660 correpta.
1148 3593 1281 3643 Dicit
1330 3604 1456 3656 ergo
1487 3589 1534 3639 ei
1571 3585 1854 3653 episcOpus
1887 3597 1902 3634 :

321 3686 758 3757 Quandoquidem
787 3697 995 3752 quaeror
1014 3682 1080 3733 ab
1108 3678 1313 3732 Arianis
1335 3717 1350 3743 ,
1377 3674 1711 3729 nefariorum
1734 3669 1913 3723 crimia

324 3794 448 3834 num
476 3777 544 3829 ab
572 3777 647 3829 vis
677 3781 975 3836 accusatus,
996 3785 1062 3821 ne
1081 3776 1276 3837 ergoet
1295 3779 1391 3832 ego
1418 3764 1621 3815 veniam
1646 3760 1697 3813 in
1721 3760 1915 3811 malam

323 3865 797 3926 existimationem,
828 3873 880 3915 et
911 3861 962 3913 in
986 3869 1260 3926 peccatum
1286 3853 1569 3921 conjiciam
1597 3865 1690 3903 eos
1719 3849 1805 3916 qni
1832 3862 1917 3901 me

324 3957 511 4012 volunt
540 3956 756 4008 afﬁcere
801 3951 1081 4018 supplicio,
1112 3961 1173 3999 ea
1205 3946 1272 3999 de.
1302 3956 1462 3997 causa
1492 3940 1673 4008 fugere
1713 3936 1914 3991 consti-

325 4049 438 4111 tui;
472 4047 598 4099 milii
644 4059 773 4112 ergo
816 4044 954 4096 Deus
1005 4039 1259 4093 revelavit
1307 4037 1403 4088 hac
1451 4042 1605 4087 nocte
1653 4046 1736 4084 me
1777 4029 1917 4097 apud

330 4137 530 4191 nullum
563 4137 722 4187 alium
753 4147 907 4198 posse
961 4144 1083 4184 esse
1130 4128 1331 4181 salvum
1386 4123 1489 4178 nisi
1520 4122 1659 4189 apud
1699 4132 1768 4176 te.
1817 4120 1919 4173 Illu-

328 4243 454 4297 ergo
504 4241 612 4296 pra:
659 4239 851 4293 magno
895 4221 1090 4292 gaudio
1137 4218 1282 4272 omni
1330 4220 1497 4285 ejecta
1540 4212 1907 4277 dubitatione,

329 4336 447 4374 cum
482 4327 589 4371 tota
612 4324 755 4371 esset
800 4311 1044 4378 Domini,
1075 4319 1318 4379 prompto
1337 4316 1392 4362 et
1423 4305 1583 4359 alacri
1614 4303 1793 4357 animo
1820 4316 1917 4355 oc-

332 4409 553 4463 cultavit
583 4405 977 4458 sanctissimum
1009 4402 1314 4469 episcOpum
1348 4412 1442 4450 sex
1470 4391 1907 4461 annos,quandiu

334 4499 461 4552 vixit
493 4498 783 4566 imperator
829 4492 1210 4546 Constantius:
1253 4488 1366 4555 ipsa
1397 4494 1453 4540 et
1492 4486 1607 4550 ejus
1647 4484 1808 4551 pedes
1838 4483 1912 4534 la-

336 4602 489 4650 vans,
518 4595 573 4639 et
600 4591 939 4638 excrementa
966 4591 1286 4646 expurgans,
1319 4584 1373 4629 et
1398 4578 1449 4628 in
1479 4574 1598 4627 aliis
1626 4587 1744 4641 quae
1766 4578 1918 4626 erant

335 4680 384 4732 ei
416 4675 531 4729 usui
559 4673 876 4733 inserviens,
908 4668 1177 4734 librosque
1204 4665 1254 4718 ei
1292 4662 1641 4715 commodatis
1671 4670 1723 4713 et
1772 4673 1913 4727 prte-

336 4767 489 4822 bens.
522 4763 704 4831 Neque
745 4761 886 4813 ullus
926 4772 1017 4812 sex
1050 4756 1219 4810 annis.
1246 4753 1392 4805 novit
1422 4750 1757 4805 Alexandria:
1804 4748 1919 4800 υΜ-

339 4873 460 4912 nam
492 4863 674 4924 ageret
714 4853 899 4906 beatus
938 4845 1259 4903 Athanasius
1286 4847 1587 4914 episcopus.
1633 4841 1918 4908 Postquam

339 4964 466 5017 ergo
494 4950 593 5002 fuit
621 4944 930 4998 annuntiata
962 4954 1104 4993 mors
1135 4937 1481 5008 imperatoris
1504 4932 1833 4994 Constantii,
1866 4940 1921 4985 et

338 5040 582 5109 pervenit
631 5036 695 5089 ad
728 5034 843 5103 ejus
871 5044 1048 5093 aures,
1080 5029 1305 5082 honesto
1328 5035 1389 5079 et
1416 5022 1697 5077 venerabili
1737 5020 1919 5074 habitu

344 5131 584 5195 indutus,
608 5140 790 5180 rursus
816 5134 974 5175 noctu
998 5119 1097 5173 fuit
1118 5121 1360 5172 inventus
1393 5116 1446 5167 in
1472 5112 1716 5168 ecclesia.
1748 5112 1915 5178 Quem

338 5221 582 5276 videntes
627 5232 812 5271 omnes
854 5226 1041 5279 magna
1073 5218 1198 5262 sunt
1234 5208 1405 5261 allecti
1439 5204 1811 5264 admiratione.
1856 5213 1917 5257 ut

340 5313 428 5381 qui
454 5310 624 5377 ipsum
646 5309 819 5360 vivum
846 5302 1174 5369 accepissent
1195 5315 1258 5353 ex
1291 5296 1535 5362 mortuis,
1566 5296 1721 5347 simul
1753 5304 1913 5347 etiam

344 5401 671 5474 postulantes
692 5398 809 5465 ejus
835 5395 989 5448 amici
1013 5393 1078 5447 de
1102 5391 1319 5445 latebris
1338 5404 1452 5458 quae
1474 5387 1541 5441 ab
1561 5402 1742 5440 eorum
1767 5386 1917 5455 igno-

344 5495 549 5549 ratione
605 5488 827 5541 inveniri
878 5502 980 5538 non
1030 5489 1325 5552 potuerant.
1388 5479 1683 5546 Respondit
1736 5480 1914 5540 itaque

281 5616 287 5635 υ
346 5585 535 5640 beatus
558 5577 876 5634 Athanasius
897 5574 1162 5644 germanis
1184 5572 1294 5626 suis
1320 5570 1502 5624 amicis
1527 5585 1543 5624 :
1576 5568 1647 5621 Ea
1671 5569 1736 5620 de
1756 5582 1914 5620 causa

347 5674 410 5727 ad
446 5687 537 5725 vos
570 5684 675 5723 non
705 5664 941 5734 confugi,
974 5674 1031 5718 ut
1052 5678 1176 5717 vere
1202 5663 1383 5730 jurarc
1407 5660 1672 5728 possetis;
1709 5669 1763 5713 et
1786 5658 1918 5711 alio-

347 5765 437 5831 qui
465 5763 625 5818 etiam
666 5772 879 5827 propter
906 5754 1385 5825 investigationem,
1415 5751 1482 5805 ad
1524 5752 1668 5805 illam
1702 5750 1917 5819 confugi

352 5853 421 5921 tle
458 5866 560 5926 qua
591 5866 748 5908 nemo
788 5846 1043 5917 suspicari
1077 5853 1302 5915 poterat,
1335 5850 1520 5911 utpote
1550 5840 1834 5897 formosam
1866 5850 1922 5896 ct

1982 621 2348 696 enim'profui,
2380 626 2434 675 et
2468 631 2603 673 mea:
2632 610 3006 670 existimationi
3032 619 3087 664 et
3110 608 3394 667 securitati.

2486 727 2713 788 CAPUT
2755 722 3061 780 CXXXVII.

2487 843 2610 898 Vita
2638 842 2828 895 Ammw
2853 837 3064 892 Talida.

2055 958 2113 1013 In
2163 955 2377 1010 civitate
2435 955 2652 1009 Antinoi
2697 958 2824 1007 sunt
2868 949 3181 1003 feminarum
3235 943 3559 999 monasteria

1987 1046 2308 1111 duodecim;
2342 1047 2392 1099 in
2422 1044 2612 1114 quibus
2639 1039 2861 1095 conveni
2892 1038 3049 1091 etiam
3075 1034 3319 1089 Ammam
3349 1032 3561 1097 Talida,

1988 1152 2106 1208 quae
2131 1139 2397 1205 octoginta
2423 1151 2588 1188 annos
2616 1134 2791 1187 fuerat
2821 1132 2872 1184 in
2913 1127 3327 1187 exercitatione,
3355 1132 3413 1177 ut
3437 1138 3564 1177 nar-

1988 1230 2139 1283 rabat
2164 1229 2273 1297 ipsa
2292 1238 2344 1282 et
2362 1227 2476 1297 ejus
2498 1227 2700 1280 vicinae.
2722 1225 2834 1278 Una
2855 1236 2974 1275 cum
2995 1235 3056 1273 ea
3082 1218 3389 1271 habitabant
3410 1230 3564 1269 sexa-

1989 1323 2133 1391 ginta
2158 1321 2587 1375 adolescentulae.
2621 1318 2751 1372 Eam
2783 1327 2959 1367 autem
2992 1311 3125 1365 adeo
3160 1309 3471 1379 diligebant,
3507 1316 3568 1361 ut

1989 1431 2055 1468 ne
2084 1424 2227 1469 esset
2270 1414 2482 1480 quidem
2512 1411 2678 1466 clavis
2701 1408 2839 1462 aulae
2869 1401 3195 1466 monasterii,
3230 1411 3286 1455 ut
3331 1403 3382 1454 in
3412 1400 3530 1453 aliis
3549 1439 3565 1464 ,

1989 1507 2081 1560 sed
2113 1505 2241 1573 ipsa:
2269 1505 2336 1558 ab
2371 1505 2487 1570 ejus
2511 1516 2693 1556 amore
2733 1512 2920 1552 omnes
2943 1497 3323 1551 detinerentur.
3355 1492 3430 1545 Eo
3471 1505 3567 1544 au-

1997 1606 2104 1650 tem
2137 1594 2539 1665 impatibilitatis
2568 1589 2826 1661 processit
2852 1602 3005 1652 anus,
3034 1595 3090 1641 ut
3108 1601 3229 1640 cum
3268 1599 3367 1653 ego
3392 1595 3567 1636 essem

1991 1689 2263 1759 ingressus
2301 1694 2355 1742 et
2398 1685 2783 1749 consedissem,
2811 1682 2921 1750 ipsa
2967 1692 3175 1748 quoque
3203 1677 3439 1745 ingressa
3463 1673 3569 1737 sit,

1993 1791 2048 1835 et
2076 1796 2177 1834 una
2207 1795 2417 1836 mecum
2446 1778 2666 1841 sederit,
2697 1785 2751 1830 et
2779 1788 2966 1843 magna
3003 1765 3247 1825 libertate
3291 1782 3354 1822 ac
3379 1765 3573 1821 fiducia

1922 1898 1968 1958 Β
1994 1871 2047 1927 in
2072 1870 2285 1928 Christo
2313 1871 2445 1927 meis
2474 1869 2708 1923 humeris
2740 1880 2953 1920 manum
2981 1863 3312 1930 imposuerit.

2496 1976 2721 2032 CAPUT
2745 1970 3074 2029 CXXXVIII.

2539 2086 2651 2141 Vita
2672 2084 2866 2139 Ammte
2885 2082 3045 2137 Taor.

2072 2201 2126 2254 In
2149 2200 2252 2254 hoc
2278 2200 2603 2253 monasterio
2631 2206 2747 2251 erat
2777 2198 2927 2263 virgo
2960 2193 3117 2261 hujus
3146 2192 3431 2259 discipula,
3480 2206 3576 2244 ns-

2006 2290 2149 2342 mine
2178 2288 2338 2352 'l‘aor,
2387 2301 2507 2353 qua:
2539 2284 2755 2353 triginta
2782 2297 2951 2336 annos
2982 2292 3190 2337 versata
3220 2290 3334 2334 erat
3363 2281 3414 2334 in
3465 2295 3580 2333 mn-

2002 2379 2258 2443 nasterio,
2290 2389 2345 2428 nt
2376 2375 2668 2429 narrabant
2696 2373 2783 2442 qui
2817 2380 3095 2425 noverant.
3130 2372 3202 2425 Ea
3234 2380 3436 2424 vestem
3483 2386 3580 2421 no-

2004 2485 2124 2524 vam
2173 2476 2265 2522 aut
2313 2474 2607 2520 mavortem
2667 2472 2758 2517 aut
2801 2462 3038 2517 calceum
3088 2460 3256 2515 noluit
3304 2460 3579 2526 accipere,

2004 2559 2184 2616 dicens
2211 2573 2226 2612 :
2253 2556 2366 2611 Non
2383 2565 2466 2609 est
2497 2554 2625 2610 mihi
2656 2568 2811 2622 opus,
2835 2567 2901 2606 ne
2922 2551 3083 2606 etiam
3117 2564 3278 2619 cogar
3305 2548 3579 2617 progredi.

2003 2648 2136 2703 Alias
2156 2649 2297 2701 enim
2324 2660 2509 2700 omnes
2532 2646 2618 2699 die
2645 2644 2919 2697 Dominico
2962 2640 3367 2709 progrediuntur
3393 2639 3445 2691 in
3496 2652 3581 2691 ec-

2003 2738 2217 2794 clesiam
2243 2742 2412 2807 gratia
2433 2735 2857 2799 communionis;
2891 2734 2978 2787 illa
3006 2742 3181 2789 autem
3212 2732 3264 2784 in
3296 2743 3570 2786 monasw'

2005 2829 2086 2882 rio
2107 2827 2355 2880 manebat
2383 2826 2570 2892 pannis
2596 2824 2788 2889 obsita,
2814 2822 2961 2891 operi
2983 2819 3193 2875 assidue
3215 2821 3480 2873 assidens.
3506 2821 3581 2875 Ea

2006 2928 2179 2974 autem
2221 2919 2320 2972 fuit
2345 2928 2448 2970 tam
2474 2916 2705 2985 eleganti
2754 2925 2996 2982 aspectu,
3045 2922 3103 2967 ut
3145 2926 3328 2981 parum
3374 2911 3583 2965 abessct

2006 3013 2133 3081 quin
2157 3012 2318 3066 etiam
2358 3011 2507 3064 valde
2537 3016 2846 3065 constantes
2882 3006 3256 3073 deciperentur
3299 3006 3415 3069 eius
3463 3005 3579 3069 pul-

2007 3103 2329 3166 cliritudine,
2360 3101 2463 3155 nisi
2501 3100 2705 3168 insigne
2752 3097 3051 3167 prtesidium
3079 3095 3349 3149 habuisset
3373 3106 3583 3162 tempe-

2013 3195 2268 3254 rantiam,
2310 3207 2430 3262 quae
2470 3192 2537 3244 ad
2567 3198 2765 3243 metum
2812 3197 2866 3243 et
2893 3185 3266 3242 verecundiam
3292 3184 3589 3243 deducebat

1940 3252 1987 3315 Ε
2016 3252 2295 3341 honestate
2318 3252 2615 3352 impudicos
2636 3282 2840 3335 oculos.

2526 3396 2752 3451 CAPUT
2789 3393 3077 3451 CXXXIX.

2367 3506 2447 3562 De
2472 3507 2663 3576 virgine
2696 3521 2809 3575 qua
2836 3505 3231 3557 renuntiaverat.

2088 3618 2213 3671 Erat
2256 3618 2498 3685 quaedam
2543 3617 2643 3670 alia
2687 3616 2832 3683 virgo
2870 3614 3130 3682 religiosae
3173 3613 3297 3666 vita:
3336 3613 3590 3681 cperibus

2017 3706 2243 3758 viriliter
2270 3706 2546 3769 insistens,
2579 3702 2709 3757 milii
2736 3703 2931 3763 vicina,
2963 3700 3112 3769 cujus
3144 3701 3347 3753 vultum
3370 3701 3591 3768 quidem

2018 3811 2121 3850 non
2147 3796 2252 3850 vidi
2279 3812 2292 3851 :
2318 3809 2586 3865 nunquam
2608 3796 2774 3857 enim,
2820 3803 2875 3846 ut
2895 3794 3065 3857 aiunt,
3106 3804 3186 3846 est
3211 3804 3493 3860 progressa
3526 3808 3589 3845 ex

2021 3902 2128 3954 quo
2152 3885 2494 3939 renuntiavit.
2532 3884 2664 3937 Cum
2690 3892 2868 3936 autem
2911 3883 3185 3949 implesset
3208 3882 3480 3946 sexaginta
3508 3896 3607 3936 anu

2018 3992 2117 4031 nos
2170 3978 2223 4031 in
2270 3975 2654 4030 exercitatione
2674 3989 2795 4028 cum
2846 3981 3014 4027 matre
3054 3986 3149 4025 sua
3195 3974 3426 4041 propria,
3477 3982 3598 4029 erat

2018 4077 2198 4135 postea
2241 4070 2345 4120 vita
2379 4080 2687 4121 excessura.
2736 4066 2791 4118 Ei
2838 4074 3012 4118 autem
3059 4064 3112 4117 in
3138 4064 3346 4118 visione
3386 4062 3603 4130 adstitit

2018 4155 2293 4211 Collnthus
2317 4155 2467 4227 (205)
2492 4155 2750 4209 vocabulo
2778 4165 2998 4225 martyr,
3030 4156 3119 4223 qui
3143 4153 3197 4208 in
3222 4154 3327 4208 illis
3368 4154 3587 4208 colebas

2022 4257 2104 4303 tur
2126 4249 2275 4316 locis,
2303 4252 2403 4304 lioc
2428 4250 2476 4303 ei
2499 4249 2681 4303 dicens
2711 4266 2724 4301 :
2754 4248 2923 4302 Hodie
2942 4263 3000 4301 es
3024 4249 3162 4302 itura
3180 4249 3245 4300 ad
3272 4248 3586 4311 Dominum,

2020 4350 2073 4395 et
2093 4342 2267 4395 visura
2293 4352 2505 4396 sanctos
2531 4356 2715 4394 omnes
2738 4357 2751 4404 ;
2794 4339 2919 4397 veni
2940 4354 3068 4411 ergo
3089 4346 3143 4393 et
3166 4339 3363 4405 prande
3408 4338 3591 4393 nobis.

2019 4445 2136 4484 cum
2164 4432 2213 4483 in
2238 4432 2517 4500 martyrio.
2564 4431 2693 4484 Cum
2720 4443 2847 4496 ergo
2872 4443 3026 4483 mane
3069 4427 3393 4482 surrexisset
3434 4437 3491 4481 et
3528 4442 3601 4486 se

2022 4523 2300 4585 induisset,
2322 4524 2454 4575 etin
2492 4530 2669 4588 Sporta
2704 4534 2889 4588 panem
2922 4521 3221 4587 accepisset
3242 4529 3295 4574 et
3318 4520 3508 4583 olivas,
3534 4527 3592 4572 et

1950 4629 1997 4686 ι)
2024 4616 2221 4666 minuta
2268 4612 2437 4677 olera,
2489 4621 2605 4679 post
2648 4620 2723 4665 tot
2768 4626 2937 4664 annos
2978 4621 3059 4665 est
3085 4625 3337 4680 egressa;
3389 4619 3601 4664 etcum

2022 4702 2261 4757 venisset
2284 4703 2333 4755 in
2362 4704 2695 4773 martyrium,
2728 4701 2933 4764 oravit;
2982 4711 3036 4754 et
3074 4715 3194 4753 cum
3238 4708 3348 4753 toto
3379 4700 3462 4753 die
3494 4700 3591 4752 ob-

2026 4807 2296 4848 servasset
2340 4804 2549 4861 tempus
2589 4795 2640 4847 in
2682 4810 2787 4861 quo
2812 4793 2990 4845 nullus
3027 4792 3332 4856 eratintus,
3362 4801 3414 4843 et
3456 4805 3588 4843 nona

2016 4885 2123 4955 jam
2156 4888 2445 4941 advenerat
2471 4889 2601 4939 liora
2621 4926 2634 4949 ,
2665 4899 2719 4939 et
2753 4884 3010 4947 sedisset,
3036 4880 3244 4950 rogavit
3275 4892 3597 4950 martyrem,L

2022 4980 2244 5034 dicens:
2277 4978 2505 5033 Benedic
2530 4978 2679 5031 cibos
2699 4990 2870 5043 meos,
2912 4975 3157 5029 Collutbe
3183 4981 3388 5035 sancte,
3420 4982 3474 5025 et
3506 4990 3603 5027 me.

2023 5072 2075 5124 in
2106 5070 2185 5123 via
2216 5070 2470 5122 comitare
2501 5069 2604 5122 tuis
2647 5067 2914 5136 precibus.
2946 5066 3078 5119 Cum
3108 5079 3235 5133 ergo
3265 5065 3597 5126 comedisset

2020 5173 2073 5214 et
2096 5176 2280 5214 rursus
2309 5171 2540 5227 orasset,
2572 5162 2786 5212 domum
2818 5157 2962 5211 venit
2985 5157 3127 5210 circa
3149 5170 3395 5209 occasum
3438 5157 3587 5209 solis.

2019 5252 2087 5308 Et
2116 5267 2235 5307 cum
2259 5250 2491 5305 dedisset
2514 5252 2667 5303 matri
2692 5264 2802 5303 sua:
2826 5263 2960 5315 Opus
2990 5246 3279 5301 Clementis
3302 5246 3590 5299 Stromatei

2018 5343 2071 5398 in
2112 5343 2423 5411 pr0phetam
2470 5342 2652 5404 Amos,
2704 5339 2835 5391 dixit
2877 5336 2925 5392 ei
2952 5355 2961 5389 :
2992 5337 3064 5390 Da
3090 5336 3142 5390 id
3184 5340 3434 5405 episcopo
3459 5335 3590 5387 rclea

2018 5448 2161 5509 gato.
2192 5438 2255 5490 Et
2302 5436 2437 5489 dixit
2480 5434 2528 5488 ei
2556 5451 2567 5486 :
2594 5435 2695 5487 Ora
2746 5450 2840 5501 pro
2884 5447 3003 5496 me;
3037 5431 3171 5483 vado
3212 5430 3353 5484 enim
3391 5428 3456 5481 ad
3492 5427 3598 5479 Do-

2020 5533 2220 5585 mlunm
2251 5541 2449 5586 meum.
2480 5527 2720 5582 Decessit
2744 5526 2856 5593 ipsa
2884 5533 3058 5577 nocte.
3084 5522 3323 5589 Cumque
3346 5533 3441 5571 nec
3458 5517 3603 5575 febri

2020 5624 2335 5683 laborasset,
2360 5634 2455 5672 nec
2474 5620 2520 5673 ei
2545 5626 2701 5686 caput
2724 5617 2999 5679 doluisset,
3029 5612 3121 5667 sed
3147 5614 3377 5677 seipsam
3418 5608 3483 5662 ad
3507 5624 3594 5662 se-

2022 5716 2286 5784 pulturam
2314 5713 2723 5781 composuisset,
2757 5711 2809 5765 in
2833 5724 3019 5764 manus
3048 5707 3139 5762 Dei
3169 5705 3411 5776 spiritum
3434 5716 3599 5759 suum

2022 5804 2437 5862 commendavit.
