4028 6426
511 430 650 488 1259

1094 562 1318 619 CAPUT
1357 560 1513 616 CXL.

627 659 698 711 De
722 657 912 728 virgine
939 672 1050 724 quae
1090 656 1238 723 lapsa
1270 662 1372 716 est,
1417 663 1462 707 et
1493 652 1589 721 egit
1612 650 1979 721 paenitentiam.

589 747 841 810 Oumdam
888 747 1034 814 virgo
1073 745 1415 799 exeri-itatrix
1470 757 1692 795 manens
1730 755 1853 794 cum
1886 738 2090 792 duabus

517 839 633 890 aliis
668 837 978 902 tit'ginlbns,
1010 849 1069 888 se
1100 834 1339 889 exercuit
1367 848 1553 885 novem
1586 832 1668 885 vel
1696 830 1882 883 decem
1908 828 2086 881 annis.

531 938 555 979 κ
587 930 814 998 qundam
842 939 1019 981 autem
1043 938 1258 980 cantore
1286 925 1516 980 inescata
1542 939 1659 977 cum
1689 937 1755 976 eo
1776 919 1958 974 habuit
1978 929 2087 973 stu-

522 1026 599 1089 pri
650 1021 1122 1082 consuetudinem;
1168 1029 1369 1073 etcum
1414 1026 1565 1069 utero
1605 1013 1961 1081 concepisset,
1994 1026 2091 1078 pe-

525 1115 675 1181 perit.
711 1112 841 1166 Cum
870 1124 1044 1165 autem
1089 1109 1142 1162 in
1171 1123 1438 1162 summum
1475 1106 1659 1160 odium
1695 1106 1935 1173 prorupit.
1976 1102 2092 1170 ejus

522 1207 609 1271 qui
662 1203 828 1270 ipsam
876 1204 1181 1268 deceperat,
1234 1199 1286 1252 in
1338 1196 1599 1265 profundo
1646 1203 1961 1259 compuncta
2013 1200 2095 1245 est

520 1297 728 1359 animo,
770 1305 823 1348 et
849 1294 913 1347 ad
944 1308 1059 1346 eam
1110 1292 1351 1359 pervenit
1381 1303 1687 1345 mensuram
1720 1284 2090 1355 poenitentiae,

523 1396 578 1439 nt
608 1388 657 1438 in
686 1401 748 1439 ea
772 1398 1118 1451 perseverans
1160 1397 1219 1436 se
1271 1383 1409 1435 fame
1458 1381 1615 1434 vellet
1666 1376 1932 1438 occidere,
1980 1375 2082 1428 hoc

522 1494 644 1531 cum
676 1477 923 1546 lucrymis
961 1491 1143 1537 orans,
1191 1474 1464 1541 Deumque
1516 1484 1726 1538 rogans,
1775 1479 1829 1523 et
1870 1468 2091 1522 dicens:

528 1570 666 1623 Deus
704 1583 915 1636 magne,
969 1568 1056 1635 qui
1096 1568 1330 1619 omnium
1363 1577 1603 1618 nostrum
1635 1572 1850 1631 peccata
1896 1574 2093 1629 portas,

520 1668 575 1713 et
602 1662 917 1713 immensum
948 1666 1109 1711 totnts
1140 1657 1321 1709 mundi
1352 1656 1532 1709 vitium
1562 1672 1576 1719 ;
1609 1654 1695 1722 qui
1722 1667 1825 1706 non
1850 1653 1930 1705 vis
1954 1667 2096 1705 mor-

528 1758 633 1804 tem
663 1759 1001 1816 peccatorum
1021 1789 1035 1813 ,
1086 1754 1141 1801 et
1168 1761 1350 1801 eorum
1380 1745 1469 1813 qui
1504 1745 1753 1799 labuntur
1781 1736 2093 1807 interitum,

530 1839 624 1893 sed
659 1840 931 1895 misereris
963 1838 1226 1893 universa:
1254 1846 1542 1897 creaturae;
1577 1846 1652 1889 εει
1683 1836 1825 1887 enim
1853 1834 2097 1887 voluntas

1985 436 2295 493 PALLADII

2120 562 2171 617 Α
2199 555 2368 623 scopi,
2396 557 2599 626 rogavit
2621 557 2802 612 dicens
2836 576 2847 608 :
2881 556 2937 611 Si
2967 556 3068 611 hoc
3095 557 3184 612 tibi
3211 557 3376 611 visum
3403 566 3499 621 cst,
3530 559 3713 616 domine

3608 443 3721 497 l‘llO

2192 647 2465 715 episc0pe,
2498 656 2553 700 ut
2581 649 2828 716 quoniam
2859 648 2993 712 dixi,
3038 646 3145 709 Nm,
3182 648 3354 714 lapsus
3381 664 3512 715 sum,
3544 651 3631 704 situ
3658 654 3713 706 de

2192 739 2356 805 gradu
2387 738 2748 792 ecclesiastico
2777 738 3029 806 dejectus,
3063 753 3114 793 ct
3140 757 3244 794 non
3287 742 3383 794 sint
3414 742 3590 808 dignus
3616 759 3713 797 esse

2192 828 2419 882 clericus
2476 840 2578 883 tua:
2636 831 2959 894 sanctitatis,
3032 832 3159 899 jube
3231 842 3286 889 ut
3343 833 3464 887 ntihi
3513 834 3573 887 ab
3634 838 3716 891 hoc

2196 928 2437 987 tempore
2491 934 2550 973 ea
2601 919 2758 977 detur
2803 922 2853 974 in
2912 936 3168 990 uxorem;
3224 938 3393 991 neque
3464 926 3594 977 enim
3637 941 3717 993 ego

2195 1024 2312 1063 sum
2394 1011 2646 1078 deinceps
2720 1010 2981 1077 clericus,
3042 1027 3210 1080 neque
3268 1013 3353 1066 illa
3407 1015 3562 1080 virgo.
3610 1017 3718 1071 Cum

2197 1099 2311 1154 haec
2358 1100 2614 1155 audiisset
2644 1102 2925 1169 episcopus
2962 1112 3017 1157 et
3061 1107 3358 1172 presbyter,
3402 1122 3511 1159 eam
3536 1110 3721 1162 tradidit

2197 1202 2343 1258 pater
2391 1192 2508 1259 ejus
2552 1192 2755 1255 lectori,
2789 1208 3009 1261 sperans
3053 1193 3165 1249 fore
3204 1207 3255 1248 ut
3280 1194 3489 1264 juvenis
3517 1198 3639 1251 bene
3659 1216 3720 1252 es-

2195 1290 2280 1336 set
2323 1282 2376 1335 iu
2426 1298 2542 1335 eam
2590 1282 2829 1350 allectus,
2875 1294 2931 1338 et
2976 1284 3170 1354 alioqui
3217 1286 3437 1342 credens
3468 1304 3561 1341 non
3590 1304 3721 1357 posse

2196 1388 2317 1427 eum
2345 1373 2576 1428 abstrahi
2605 1389 2632 1426 a
2669 1375 3072 1429 consuetudine.
3104 1374 3236 1429 Cum
3264 1393 3377 1429 eam
3409 1390 3573 1431 autem
3617 1380 3701 1431 ado

2199 1464 2404 1519 Iescens
2447 1467 2739 1533 accepisset
2781 1467 2830 1518 in
2879 1482 3066 1520 manus
3107 1470 3174 1521 ab
3219 1469 3500 1536 episcopo,
3543 1480 3590 1523 et
3629 1472 3722 1538 ejus

2200 1566 2369 1624 patre,
2398 1571 2622 1624 eamque
2647 1567 2788 1611 easct
2815 1558 3141 1622 consolatus,
3171 1558 3396 1611 abduxit
3426 1568 3475 1611 et
3515 1560 3721 1627 deposuit

2199 1646 2250 1700 in
2280 1646 2607 1700 monasterio
2652 1647 2960 1713 mulierum,
2996 1662 3186 1717 rogans
3215 1664 3331 1702 eam
3362 1666 3477 1718 qum
3509 1652 3605 1703 illic
3629 1662 3724 1705 erat

2200 1738 2369 1808 prima
2397 1740 2636 1792 ministra
2653 1738 3001 1794 fraternitatis
3022 1750 3203 1795 uteam
3231 1743 3336 1796 illic
3366 1745 3637 1797 tolerarent
3656 1760 3721 1797 us-

2200 1846 2301 1899 que
2320 1831 2383 1883 ad
2407 1840 2611 1899 partum
2626 1830 2761 1900 ejus.
2792 1831 2880 1889 Illa
2896 1833 3219 1887 verorelicta
3244 1835 3295 1886 in
3317 1835 3645 1897 monasterio,
3666 1836 3721 1889 le.

525 1939 610 1983 tua
643 1938 700 1982 ut
722 1943 909 1982 omnes
930 1937 1208 1980 serientur
1252 1925 1466 1995 (Ezech.
1510 1940 1674 1980 xum
1694 1924 1738 1993 ).
1770 1922 1826 1977 Si
1854 1938 1981 1992 ergo
2011 1936 2096 1975 me
2129 1920 2173 1977 Β
2199 1932 2314 1977 ctor
2333 1921 2517 1975 abiens
2535 1921 3058 1990 seipsuminclusitin
3078 1923 3209 1983 cella
3227 1924 3465 1989 sordida,
3493 1926 3723 1979 vitzesutn-

521 2034 755 2088 quoque,
809 2034 926 2088 qua:
957 2032 1135 2086 pereo,
1169 2018 1246 2070 vis
1295 2032 1412 2070 esse
1441 2016 1641 2068 salvam
1664 2055 1678 2079 ,
1712 2015 1763 2067 in
1815 2015 1914 2067 hoc
1965 2012 2094 2066 mihi

520 2119 662 2163 tuam
690 2110 909 2163 ostende
939 2108 1263 2171 bonitatem,
1295 2116 1348 2159 et
1374 2121 1512 2159 nunc
1544 2114 1629 2158 tua
1659 2104 1726 2158 ad
1774 2119 1858 2159 me
1891 2119 2082 2172 perve-

524 2202 670 2253 niant
699 2199 958 2253 mirabilia
986 2214 999 2264 ;
1034 2206 1087 2251 et
1126 2198 1256 2266 jube
1286 2197 1408 2250 hinc
1446 2196 1634 2250 abduci
1662 2207 1716 2249 et
1738 2195 1913 2263 colligi
1940 2193 2091 2264 (23.04)

521 2291 749 2345 fructum
780 2306 912 2343 mete
945 2290 1256 2357 iniquitatis,
1307 2290 1396 2357 qui
1425 2296 1715 2355 conceptus
1735 2298 1818 2341 est
1848 2288 1900 2340 in
1932 2286 2095 2340 lasci-

527 2384 609 2434 via
633 2423 646 2444 ,
678 2390 732 2436 et
774 2382 980 2448 genitus
1032 2381 1086 2432 in
1118 2389 1360 2447 peccato;
1395 2380 1646 2444 nam,nisi
1684 2380 1783 2432 hoc
1838 2380 1944 2441 liat,
1998 2391 2097 2446 ego

524 2474 624 2529 hac
652 2473 719 2527 de
747 2488 905 2526 causa
935 2472 1017 2526 vel
1038 2488 1122 2525 me
1153 2473 1341 2540 laqueo
1369 2470 1675 2535 suliocabo,
1709 2470 1793 2524 vel
1840 2471 2094 2538 meipsam

523 2567 575 2619 in
608 2579 840 2632 praeceps
867 2561 1132 2632 dejiriam.
1166 2563 1296 2616 Cum
1341 2563 1417 2617 sic
1449 2573 1650 2627 oraret,
1691 2563 1785 2616 fuit
1812 2560 2101 2624 exaudita;

525 2676 649 2713 nam
702 2660 788 2728 qui
847 2671 1001 2712 natus
1067 2658 1241 2711 fuerat
1298 2656 1513 2723 infans,
1580 2670 1686 2707 non
1753 2654 1921 2707 multo
1979 2662 2095 2721 post

528 2752 777 2804 decessit.
838 2750 917 2803 Ab
968 2750 1058 2802 illo
1107 2763 1231 2817 ergo
1279 2748 1366 2800 die
1412 2761 1515 2800 non
1567 2745 1797 2813 amplius
1847 2744 2098 2797 convenit

523 2857 641 2895 eum
666 2841 752 2909 qui
780 2842 945 2909 ipsam
971 2841 1245 2907 redegerat
1268 2842 1318 2891 in
1339 2838 1672 2900 servitutem;
1709 2836 1801 2891 sed
1845 2851 1902 2889 se
1933 2844 2095 2887 totam

526 2934 805 3002 insigniter
832 2932 1032 2986 dedens
1060 2930 1425 2995 continentiae,
1457 2931 1667 2999 a-grotis
1694 2929 2003 2994 mancisque
2033 2940 2098 2980 ac

528 3024 784 3078 mutilatis
814 3024 1049 3079 serviens
1073 3024 1285 3094 triginta
1317 3037 1485 3075 annos
1506 3069 1518 3089 ,
1554 3022 1621 3074 ita
1657 3021 1819 3074 Deum
1848 3021 2094 3087 placavit,

526 3115 920 3184 pr0pitiumque
952 3116 1206 3179 reddidit,
1239 3126 1299 3168 ut
1331 3114 1543 3168 cuidam
1601 3120 1790 3166 sancto
1822 3111 2100 3181 presbyte-

526 3220 588 3258 ro
616 3206 961 3270 revelaretur,
995 3204 1137 3256 illam
1176 3204 1283 3257 Deo
1317 3205 1482 3272 magis
1530 3203 1796 3267 placuisse
1839 3201 1891 3253 in
1924 3201 2093 3268 patui-

2208 2026 2348 2064 tnam
2381 2012 2673 2078 suscipiens
2700 2014 3058 2079 asperitatem,
3090 2013 3156 2069 ad
3186 2014 3455 2067 Christum
3502 2014 3725 2067 accedens

2196 2105 2248 2158 in
2291 2104 2451 2159 corde
2478 2106 2708 2159 contrito
2731 2121 2849 2159 cum
2879 2106 3061 2161 multis
3106 2107 3353 2175 lacryutis
3381 2117 3434 2163 et
3461 2107 3726 2175 gemitibus,

2196 2194 2383 2249 dicens
2407 2211 2421 2247 :
2445 2194 2547 2259 Tu,
2584 2195 2823 2259 Domine,
2876 2211 3021 2250 meas
3051 2196 3287 2251 actiones
3328 2198 3488 2261 nosti,
3519 2198 3600 2266 qui
3636 2199 3727 2251 scis

2198 2286 2396 2349 omnia,
2446 2299 2604 2353 quem
2636 2284 2767 2338 nihil
2816 2285 2964 2349 latet,
2998 2302 3169 2355 neque
3199 2295 3283 2342 est
3312 2289 3451 2341 ullus
3479 2289 3616 2341 locus
3650 2303 3726 2341 oc—

2197 2376 2370 2429 cultus
2401 2375 2453 2428 in
2494 2388 2598 2442 quo
2647 2376 2765 2443 quis
2814 2390 2871 2428 se
2915 2376 3205 2431 abscondat
3231 2393 3259 2431 a
3292 2388 3383 2431 tua
3428 2393 3539 2446 quae
3577 2379 3727 2431 omnia

2197 2467 2386 2534 aspicit
2429 2474 2719 2535 potestate,
2771 2468 2856 2535 qui
2889 2468 3040 2520 vides
3070 2468 3246 2519 omnia
3280 2469 3575 2536 priusquam
3602 2466 3707 2524 ﬁant

2197 2559 2278 2613 Tu
2325 2560 2469 2612 solus
2526 2558 2673 2611 vides
2729 2557 2988 2626 profunda
3034 2559 3439 2627 cogitationum,
3488 2567 3539 2611 et
3576 2557 3721 2609 omnis

2200 2650 2393 2703 mentis
2421 2649 2703 2714 conceptio
2727 2663 2754 2700 a
2797 2656 2846 2702 te
2870 2649 3126 2713 cernitur,
3158 2651 3379 2719 perinde
3406 2664 3465 2702 ac
3493 2648 3535 2702 si
3559 2647 3721 2715 aspici-

2201 2750 2285 2794 tur
2311 2739 2496 2794 oculis.
2538 2738 2615 2793 'l'u
2648 2754 2765 2792 cum
2812 2740 3160 2807 cogitatorum
3208 2743 3284 2793 sis
3328 2754 3452 2793 acer
3492 2741 3724 2793 examina-

2201 2838 2305 2894 tor,
2322 2831 2551 2896 perfecte
2562 2829 2782 2897 judicas.
2819 2826 2897 2883 Tu
2926 2831 3014 2897 qui
3048 2829 3126 2885 eis
3148 2828 3546 2899 quial‘liciuntur
3564 2826 3721 2896 injuria

2200 2920 2304 2975 fers
2368 2919 2659 2984 auxilium,
2724 2919 2815 2987 qui
2879 2919 2992 2972 falli
3058 2933 3162 2972 non
3237 2931 3425 2986 potes,
3481 2918 3596 2972 dum
3650 2930 3724 2969 eos

2199 3009 2471 3074 vindicas,
2553 3010 2641 3076 qui
2710 3018 3030 3079 appetuntur
3110 3009 3430 3074 calumniis;
3484 3009 3561 3063 cui
3620 3005 3724 3059 nihil

2203 3100 2372 3169 placet
2411 3100 2698 3168 injustum,
2748 3115 2906 3155 omne
2951 3109 3127 3155 autem
3178 3108 3504 3153 momentum
3550 3105 3725 3156 statera:

2199 3193 2417 3261 iustitiae
2445 3204 2528 3248 est
2552 3209 2581 3248 a
2607 3204 2656 3249 te
2680 3210 2911 3263 semper;
2941 3205 3077 3249 astat
3096 3196 3239 3248 enim
3271 3194 3365 3247 tibi
3402 3204 3635 3262 perpetuo
3654 3191 3723 3242 lux

526 3294 691 3348 tentia
712 3308 868 3362 quam
896 3295 947 3347 in
977 3295 1293 3361 virginitate.
1329 3294 1450 3348 Hmc
1472 3303 1648 3347 autem
1674 3292 1872 3357 scribo,
1906 3308 1972 3346 ne
1999 3308 2091 3347 eos
2121 3281 2168 3345 C
2197 3284 2261 3337 ad
2283 3297 2436 3346 quam
2464 3299 2568 3338 "0n
2605 3294 2747 3353 patet
2772 3287 2967 3351 adiIUS,
3001 3296 3056 3338 et
3080 3300 3237 3339 omne
3259 3298 3398 3351 opus
3430 3284 3639 3338 heminis
3660 3291 3723 3333 est

526 3403 613 3453 qui
661 3390 821 3440 multa
874 3396 1126 3454 peccant,
1177 3399 1231 3440 et
1272 3402 1337 3440 ex
1372 3387 1548 3439 animo
1578 3399 1641 3439 ac
1683 3386 1889 3439 sincere
1935 3394 2096 3454 agunt

527 3480 912 3547 ptenitentiam,
957 3489 1395 3533 contemnamus:
1425 3478 1563 3532 sicut
1608 3479 1724 3532 haec
1757 3477 1928 3541 beata,
1977 3491 2094 3545 quae

526 3585 620 3624 cor
647 3583 801 3624 suum
844 3570 1123 3632 contrivit,
1158 3579 1211 3623 et
1239 3569 1290 3622 in
1323 3568 1621 3643 humilitate
1649 3567 1814 3621 vitam
1844 3582 1993 3621 suam
2022 3566 2093 3620 li-

526 3658 778 3730 qﬁefecit,
810 3674 917 3713 non
943 3660 1192 3727 despeCta
1223 3658 1326 3714 fuit
1352 3674 1381 3711 a
1411 3658 1632 3713 Domino
1661 3672 1845 3713 eorum
1871 3659 1962 3727 qui
1991 3658 2094 3712 du-

526 3762 716 3804 cuntur
741 3750 1070 3819 pmuiteutia.

1086 3863 1312 3919 CAPUT
1348 3861 1527 3918 CXLI.

524 3956 602 4014 De
632 3957 742 4025 ﬁlia
782 3957 1213 4027 presbyterihqua:
1254 3957 1485 4027 lectorem
1514 3953 1835 4009 calumniam
1874 3960 2015 4019 erat,
2046 3961 2093 4006 et

1053 4025 1326 4079 Eustathio
1360 4026 1565 4078 lectore.

598 4116 884 4185 Cujusdam
922 4117 1215 4187 presbyteri
1250 4116 1359 4168 ﬁlia
1389 4116 1535 4184 virgo
1564 4116 1615 4168 in
1645 4114 1886 4168 Caesarea
1917 4109 2090 4165 Palae-

527 4210 679 4262 stinae
728 4209 894 4276 lapsa,
944 4210 1013 4271 ab
1061 4223 1125 4261 eo
1175 4205 1264 4275 qui
1307 4206 1355 4260 ei
1406 4205 1592 4259 vitium
1638 4205 1887 4259 attulerat
1937 4202 2091 4255 docta

532 4301 723 4365 fuerat,
775 4312 828 4353 ut
869 4298 1149 4368 quemdam
1180 4299 1409 4354 civitatis
1456 4296 1709 4351 lectorem
1742 4294 2095 4348 calumniare-

531 4405 633 4459 tur,
667 4402 720 4446 et
750 4393 886 4461 quod
918 4400 1167 4459 corrupta
1190 4402 1352 4456 esset,
1399 4390 1452 4445 in
1480 4406 1599 4445 eum
1629 4389 1836 4457 culpam
1881 4387 2094 4442 confer-

526 4493 627 4539 ret.
660 4484 895 4551 Cumque
924 4482 1084 4537 ferret
1110 4493 1347 4543 ventrem
1367 4526 1379 4546 ,
1414 4497 1441 4535 a
1466 4491 1616 4553 patre
1641 4495 1738 4534 suo
1766 4480 2090 4547 examinata,

529 4573 820 4627 nominavit
857 4572 1134 4626 lectorem.
1175 4574 1283 4627 Hoc
1327 4588 1444 4626 cum
1479 4572 1736 4625 audiisset
1779 4572 2056 4640 presbyter

2200 3392 2380 3433 coram
2428 3386 2500 3431 te.
2534 3375 2625 3431 Est
2651 3392 2777 3446 ergo
2821 3377 2893 3431 tui
2930 3378 3059 3447 justi
3089 3388 3141 3432 et
3167 3378 3514 3431 immutabilis
3548 3369 3723 3443 juditil,

2196 3468 2285 3537 jus
2329 3483 2540 3537 quoque
2589 3484 2764 3524 meum
2815 3471 3179 3537 pronuntiare.
3236 3469 3537 3523 El‘licaciter
3583 3475 3723 3517 autem

2199 3570 2389 3616 orante
2415 3555 2773 3626 adolescente,
2806 3573 2859 3615 et
2890 3562 2940 3613 in
2978 3560 3184 3628 jejunio
3214 3560 3498 3629 diligenter
3524 3568 3720 3625 pet-seve-

2198 3661 2395 3717 tante,
2478 3654 2615 3707 intra
2690 3652 2851 3707 breve
2930 3662 3137 3720 tempus
3215 3652 3503 3707 adfuerunt
3552 3649 3724 3704 dolores

2198 3748 2315 3813 ejus
2398 3754 2599 3812 partus.
2682 3744 2920 3809 Cumque
2998 3744 3300 3797 advenisset
3373 3744 3522 3805 hora,
3593 3737 3727 3792 adfuit

2198 3834 2357 3889 etiam
2398 3833 2598 3904 justum
2625 3833 2718 3888 Dei
2741 3833 3018 3902 judicium,
3051 3833 3279 3887 efferens
3306 3836 3657 3887 vehementem
3682 3836 3724 3880 et

2198 3925 2590 3981 intolerabilem
2638 3925 2873 3977 dolorem
2928 3926 2974 3978 ei
3019 3940 3135 3993 quce
3184 3924 3359 3978 fuerat
3404 3920 3722 3977 calumniam:

2198 4015 2487 4085 getnituum
2533 4017 2790 4069 immensa
2845 4014 3161 4079 multitudo,
3210 4013 3422 4068 labores
3457 4019 3625 4082 partus
3662 4008 3726 4061 in-

2196 4105 2543 4168 enarrabiles,
2575 4104 2764 4159 inferni
2791 4105 3169 4174 suppliciorum
3201 4105 3436 4158 visiones
3462 4099 3723 4158 terribiles,

2198 4198 2336 4252 hanc
2363 4199 2614 4252 miseram
2646 4197 2853 4252 fortiter
2896 4198 3223 4263 obsidentes,
3257 4206 3309 4252 et
3344 4196 3516 4250 infans
3545 4200 3727 4260 propter

2199 4289 2617 4357 magnitudinem
2640 4303 2745 4342 non
2774 4288 3014 4356 prodibat
3041 4301 3105 4341 ex
3143 4301 3314 4341 utero.
3352 4284 3604 4340 Praateriit
3636 4281 3727 4333 dies

2198 4380 2399 4449 primus
2416 4387 2471 4433 et
2490 4378 2775 4440 secundus,
2802 4387 2855 4431 et
2877 4377 3088 4431 dolores
3109 4386 3262 4432 erant
3282 4375 3726 4431 intolerabiliores;

2196 4471 2503 4524 adventavit
2547 4469 2733 4523 tertius
2767 4478 2821 4522 et
2848 4480 3096 4537 quartus,
3131 4476 3186 4521 et
3227 4479 3444 4521 secutus
3489 4476 3565 4519 est
3604 4462 3728 4515 dolor

2197 4564 2375 4617 multis
2407 4563 2659 4629 partubus
2689 4563 2931 4631 gravior;
2964 4563 3180 4630 quintus
3208 4570 3261 4615 et
3289 4571 3475 4613 sextus
3514 4567 3564 4611 et
3589 4554 3728 4620 septi-

526 4662 872 4717 rnnturbatus
902 4663 1082 4716 retulit
1102 4662 1166 4716 ad
1195 4662 1521 4730 episcopum.
1559 4662 1668 4714 Hoc
1693 4676 1810 4714 cum
1838 4660 2091 4714 audiisset
2122 4646 2176 4706 D
2203 4671 2318 4709 mus
2362 4657 2697 4720 tenebrosus,
2749 4664 2802 4708 et
2828 4653 3011 4708 infelix
3039 4653 3229 4707 mulier
3257 4668 3321 4706 ex
3370 4652 3532 4705 multo
3575 4645 3729 4701 dolore

528 4756 831 4823 episcopus,
845 4756 1152 4808 convocavit
1169 4753 1451 4809 concilium
1472 4751 1827 4814 sacerdotum,
1858 4750 2088 4819 fecitque

532 4846 707 4900 vocari
734 4846 985 4900 lectorem
1003 4885 1017 4909 ,
1049 4848 1218 4913 deque
1245 4859 1308 4898 eo
1339 4843 1524 4903 habuit
1550 4842 1901 4911 quaestionem
1927 4884 1943 4907 ,
1971 4854 2087 4895 rem

530 4939 857 4992 examinans.
901 4936 1134 5005 Rogatus
1171 4946 1348 4991 autem
1388 4937 1462 5009 ab.
1501 4935 1781 5003 episcopo,
1840 4947 1952 4987 rem
1984 4946 2090 4985 non

529 5029 787 5086 fatebatur
811 5030 997 5093 lector;
1016 5042 1134 5081 nam
1153 5027 1291 5096 quod
1316 5029 1509 5080 factum
1532 5027 1600 5079 ab
1625 5026 1740 5093 ipso
1762 5039 1867 5079 non
1892 5024 2085 5091 fuerat,

530 5119 795 5187 quomodo
825 5116 927 5171 dici
962 5117 1200 5184 poterat?
1227 5115 1387 5183 AZgre
1415 5130 1540 5183 ergo
1572 5113 1746 5169 ferens
1774 5114 2054 5182 episcopus
2073 5153 2087 5177 ,

527 5208 841 5278 gravissima
888 5221 1015 5260 voce
1061 5206 1111 5261 ei
1150 5204 1539 5259 dicebatzNon
1587 5203 1841 5258 fateberis
1888 5204 2090 5272 lapsum

529 5306 700 5359 rami,
732 5304 786 5349 et
812 5309 937 5364 ages
959 5294 1345 5363 paenitentiam,
1362 5308 1395 5347 o
1416 5293 1599 5347 infelix
1619 5303 1677 5347 et
1696 5294 1846 5359 plene
1867 5295 2095 5345 immun-

529 5386 695 5440 ὧιὼῖ
725 5385 1013 5453 Respondit
1056 5385 1259 5437 lector:
1298 5382 1444 5453 Rogo
1475 5391 1554 5446 te;
1586 5383 1695 5436 dixi
1740 5381 1790 5435 id
1836 5382 1973 5450 quod
2006 5397 2092 5437 res

528 5485 632 5538 est,
666 5476 799 5528 hanc
839 5490 949 5527 rem
991 5474 1055 5527 ad
1101 5490 1184 5527 me
1227 5472 1358 5528 nihil
1404 5473 1687 5541 pertinere.
1737 5473 1901 5526 Plane
1948 5475 2088 5526 enim

528 5565 678 5629 culpa
706 5578 894 5627 careo,
944 5572 1001 5617 ut
1032 5564 1118 5632 qui
1166 5563 1232 5617 de
1259 5578 1317 5616 ea
1348 5578 1414 5616 ne
1443 5563 1782 5630 cogitaverim
1831 5563 2044 5629 quidem
2074 5579 2088 5627 ;

530 5655 974 5707 sinautemvultis
1012 5650 1205 5708 audire
1264 5652 1319 5708 id
1373 5652 1522 5724 quod
1578 5665 1691 5704 non
1743 5657 1847 5717 est,
1883 5652 2086 5705 dicam:

533 5740 675 5794 Feci.
705 5742 812 5795 lloc
840 5745 1083 5811 cumipse
1110 5743 1350 5805 dixisset,
1385 5741 1629 5807 deposuit
1654 5755 1771 5793 eum
1802 5740 2088 5807 episcopus

533 5832 603 5886 ab
628 5831 806 5886 cilicio
845 5833 1077 5888 lectoris.
1117 5832 1239 5886 Post
1280 5832 1382 5887 huc
1410 5832 1659 5888 accidens
1688 5833 1751 5887 ad
1784 5833 1948 5902 pedes
1976 5833 2089 5901 cpi-

2199 4747 2511 4801 versahatur
2560 4746 2612 4799 in
2644 4746 2846 4800 inferis.
2898 4746 2954 4800 In
2996 4747 3243 4799 omnibus
3271 4745 3352 4797 his
3394 4744 3575 4798 diebus
3605 4752 3728 4794 man-

2199 4838 2269 4892 sit
2295 4853 2467 4907 neque
2493 4837 2711 4891 omnino
2737 4838 2911 4891 cibum
2938 4850 3175 4899 sumens,
3204 4850 3303 4890 nec
3330 4835 3583 4888 tantillum
3611 4844 3728 4882 som-

2200 4941 2326 4982 num
2368 4927 2584 4991 videns;
2636 4926 2731 4979 sed
2762 4925 2987 4979 luctibus
3032 4933 3087 4977 et
3134 4926 3462 4991 gravissimis
3507 4922 3721 4974 dolorum

2201 5016 2479 5071 tormentis
2502 5016 2924 5083 succedentibus,
2972 5026 3088 5083 post
3120 5016 3231 5069 haec
3252 5014 3447 5076 omnia,
3483 5016 3660 5064 vitiata:
3685 5014 3728 5058 et

2199 5108 2348 5162 falsae
2376 5108 2713 5163 accusatricis
2763 5122 2858 5162 cor
2888 5108 3192 5170 inflexibile,
3240 5109 3377 5161 victa
3406 5121 3433 5157 a
3469 5104 3554 5157 Dei
3600 5113 3726 5171 pote-

2197 5208 2357 5262 state,
2402 5215 2520 5268 quae
2544 5215 2647 5253 non
2694 5201 2832 5253 cadit
2861 5200 2960 5253 sub
2985 5211 3274 5266 aspectum,
3327 5195 3721 5251 intolerabilhus

2201 5290 2473 5344 doloribus
2501 5290 2705 5343 addidit
2747 5291 2907 5342 etiam
2934 5290 3340 5351 confessionem,
3377 5285 3578 5353 lugubri
3621 5292 3726 5331 voce

2200 5386 2503 5440 exclamans
2529 5400 2542 5435 :
2571 5383 2662 5436 llei
2692 5382 2819 5435 mihi
2851 5380 3071 5434 misera!
3106 5382 3257 5433 venio
3287 5379 3337 5431 in
3368 5376 3643 5446 periculum
3671 5383 3725 5421 ne

2202 5489 2434 5542 peream,
2482 5482 2537 5526 ut
2584 5487 2701 5540 quae
2731 5472 2781 5523 in
2827 5472 2933 5523 duo
2976 5469 3112 5523 mala
3157 5468 3451 5530 inciderim,
3484 5475 3657 5527 nempe
3684 5460 3725 5510 in

2199 5565 2515 5618 calumniam
2562 5572 2615 5616 et
2666 5562 3081 5624 fornicationem,
3133 5568 3189 5612 et
3230 5559 3420 5610 amissa
3454 5550 3725 5623 virginitate

2197 5668 2312 5707 sum
2342 5654 2524 5707 tradita
2552 5651 2889 5715 detractioni;
2916 5662 2970 5704 et
3009 5664 3126 5702 cum
3158 5649 3281 5701 mihi
3327 5647 3397 5700 sit
3422 5646 3489 5700 ab
3532 5643 3629 5693 alio
3656 5639 3722 5687 al-

2197 5745 2358 5798 latum
2404 5743 2612 5805 vitium,
2643 5741 2885 5794 accusavi
2928 5740 3199 5792 leuorem.
3248 5738 3373 5791 Cmn
3422 5736 3532 5786 haec
3570 5739 3722 5783 autem

2198 5833 2493 5889 audiissent
2523 5832 2751 5900 virgines
2780 5828 3107 5890 monasterii.
3142 5828 3281 5881 Patri
3312 5826 3433 5893 ejus
3463 5821 3625 5885 omnia
3654 5830 3719 5870 ιο*

3547 6413 3560 6418 _‘
3618 6409 3644 6414 μ,
3692 6400 3728 6410 τ-
