4028 6426
308 354 440 415 ιιιι

872 472 1125 527 ΚΕΦΑΛ.
1181 470 1317 525 PM'.

300 558 441 627 Περὶ
473 556 584 626 τῆς
612 557 1028 629 ἀπατηθείσης
1066 562 1390 630 παρθένου,
1423 560 1522 613 καὶ
1553 556 1886 627 μεταγνού-

1023 648 1162 685 σηρ.

1023 650 1066 684 σ
1149 672 1162 685 .

384 722 683 793 Ἀσκητρία
734 739 817 785 τις
865 650 1141 794 παρθένῖξ
1177 720 1501 775 συνοικοῦσα
1542 717 1726 778 ἄλλαις
1769 716 1890 769 δυσὶ

301 805 592 874 παρθένοις
614 805 828 875 ἠσκήθη
852 806 943 857 ἐπὶ
969 805 1062 877 ἐτη
1094 806 1250 859 ἐννέα
1285 805 1318 875 ἢ
1349 804 1499 856 δέκα.
1527 802 1677 869 Λῦτη
1704 800 1889 852 δελεα-

302 887 494 941 σθεῖσα
525 890 675 957 παρά
701 888 905 956 ψάλτου
931 890 1074 951 τινὸς
1101 888 1275 957 τούτῳ
1312 884 1641 954 συνεφθάρη,
1673 882 1893 943 καῖλαο
1930 926 1931 931 η

301 969 470 1022 ϐοῦσα
500 970 645 1024 κατά
675 971 910 1041 γαστρὸς
944 972 1149 1025 ἔτεκεν.
1199 971 1294 1032 El;
1332 969 1499 1036 ἄκρον
1530 967 1586 1018 δέ
1617 969 1769 1035 μῖσος
1804 963 1892 1015 ἐλ-

304 1053 473 1108 θοῦσα
512 1055 607 1107 τοῦ
636 1052 841 1125 ταύτην
866 1056 1249 1125 ἀπατήσαντος
1280 1050 1554 1119 κατενύγη
1587 1048 1687 1119 τὴν
1714 1047 1893 1117 ψυχὴν

303 1138 382 1200 είς
428 1138 612 1207 βάθος,
666 1137 762 1191 καὶ
793 1139 873 1200 εἰς
918 1137 1174 1190 τοσοῦτον
1207 1136 1443 1204 ἔφθασεν
1485 1132 1681 1203 μέτρον
1730 1147 1893 1200 μετα-

303 1221 471 1287 νοίας,
501 1222 577 1284 ώς
601 1220 665 1274 ἂν
688 1221 1221 1290 ἀποκαρτερήσασαν
1244 1218 1448 1287 ταύτην
1477 1220 1543 1287 τῇ
1571 1215 1891 1286 ἐγκρατείᾳ,

303 1306 399 1357 καὶ
424 1304 570 1375 λιμῴ
594 1304 769 1357 θέλειν
793 1304 996 1373 ἑαυτὴν
1020 1303 1339 1356 ἀποκτεῖναι
1360 1318 1374 1333 ⁸
1409 1300 1569 1354 τοῦτο
1597 1315 1896 1367 προσευχο-

308 1386 445 1456 μένη
475 1387 611 1457 μετά
641 1386 917 1457 δακρύων,
960 1386 1055 1439 καὶ
1084 1384 1176 1437 τοῦ
1208 1383 1344 1437 Θεοῦ
1372 1382 1633 1453 δεομένη,
1679 1380 1773 1433 καὶ
1802 1380 1895 1433 λέ-

304 1487 509 1537 γουσα,
541 1471 623 1523 ὃτι
689 1470 747 1523 '0
786 1470 917 1532 Θεὸς
963 1471 991 1522 6
1038 1469 1233 1537 μέγας,
1280 1468 1310 1520 6
1350 1466 1633 1537 βαστάζων
1677 1465 1896 1518 πάντων

304 1554 464 1625 ἡμῶν
500 1554 569 1608 τὰ
606 1554 1017 1625 ἁμαρτήματα,
1070 1555 1165 1606 καὶ
1199 1551 1399 1614 παντὸς
1439 1549 1534 1603 τοῦ
1566 1549 1772 1619 κόσμου
1798 1546 1897 1616 τὴν

305 1641 545 1709 ἄμετρον
594 1638 816 1701 κακίαν,
864 1640 892 1690 6
926 1638 1000 1707 μὴ
1046 1637 1365 1707 βουλόμενος
1391 1634 1483 1687 τὸν
1515 1633 1745 1687 θάνατον
1787 1630 1898 1682 τῶν

307 1721 672 1791 ἁμαρτωλῶν,
705 1720 800 1774 καὶ
842 1720 944 1789 τὴν
973 1717 1253 1772 ἀπώλειαν
1295 1718 1405 1771 τῶν
1441 1716 1742 1778 πεσόντων,
1782 1712 1899 1767 ἀλλ’

1536 346 1904 413 HISTORIA
1942 345 2331 412 LAUSIACA.
2352 379 2357 385 ·

3439 355 3575 419 1242

1914 467 1960 521 Α
1991 468 2159 533 χωρὶς
2185 466 2281 519 τοῦ
2306 469 2488 537 τιμίου
2518 468 2780 541 βήματος,
2804 470 2897 523 καὶ
2930 469 3004 541 μὴ
3031 466 3172 523 εἷναί
3213 488 3279 541 με
3308 470 3459 535 ἄξιον
3480 472 3576 524 τοῦ

1991 552 2128 605 εἶναι
2160 553 2421 622 κληρικὸν
2444 554 2545 622 τῆς
2573 555 2670 622 σῆς
2702 554 3037 623 ἁγιωσύνης,
3074 554 3327 607 κέλευσόν
3365 572 3456 623 μοι
3478 556 3579 606 a6-

1991 639 2089 707 τὴν
2113 640 2221 691 ἀπὸ
2255 639 2349 691 τοῦ
2382 637 2477 691 νῦν
2507 639 2730 707 δοθῆναι
2759 641 2837 701 είς
2870 641 3123 706 γυναῖκα.
3156 636 3293 690 Οὔτε
3323 638 3431 705 γάρ
3467 638 3577 690 λοι-

1995 721 2092 773 πὸν
2116 720 2226 787 ἐγὼ
2256 722 2537 791 κληρικὸς,
2561 720 2684 774 οὔτε
2708 721 2765 775 δέ
2786 722 2968 791 ἐκείνη
2988 722 3275 790 παρθένος.
3315 721 3580 781 Ἀκούσας

1992 804 2048 857 δέ
2088 803 2262 856 ταῦτα
2314 804 2342 855 6
2374 804 2693 867 ἐπίσκοπος.
2737 806 2830 858 καὶ
2862 806 2889 856 6
2920 804 3294 874 πρεσϐύτερος
3331 806 3359 855 ὁ
3396 806 3582 872 πατὴρ

1993 889 2184 949 αὐτῆς,
2209 887 2424 941 ἔκδοτον
2452 887 2618 957 αὐτὴν
2640 887 2906 941 δεδώκασι
2937 888 3014 956 τῷ
3044 886 3389 958 ἀναγνώστῃ,
3415 903 3582 956 προσ-

1992 971 2322 1042 δοκήσαντες
2348 972 2652 1025 διακεῖσθαι
2684 972 2775 1025 τὸν
2801 972 3067 1040 νεώτερον
3098 972 3228 1041 περὶ
3263 970 3451 1040 αὐτὴν,
3489 972 3580 1020 καί

1996 1054 2171 1116 ἄλλως
2208 1056 2282 1125 μή
2312 1055 2572 1108 δύνασθαι
2605 1056 2952 1124 ἀποκοπῆναι
2992 1057 3090 1123 τῆς
3126 1054 3433 1122 συνηθείας.
3469 1053 3583 1105 Λα-

1997 1136 2106 1190 ϐὼν
2141 1139 2196 1192 δὲ
2238 1139 2411 1210 αὐτὴν
2447 1142 2475 1192 ὁ
2506 1139 2771 1206 νεώτερος
2817 1142 2899 1200 είς
2933 1139 3029 1200 τὰς
3063 1135 3273 1207 χεῖρας,
3310 1137 3403 1188 καὶ
3435 1136 3584 1203 παρὰ

1996 1222 2088 1275 τοῦ
2126 1225 2453 1287 ἐπισκόπου,
2488 1225 2582 1277 καὶ
2610 1224 2761 1293 παρά
2790 1223 2885 1275 τοῦ
2935 1218 3143 1291 πατρὸς
3175 1221 3368 1288 αὐτῆς,
3404 1236 3585 1288 παρα-

1997 1304 2236 1369 καλέσας
2267 1307 2323 1360 δὲ
2366 1306 2557 1377 αὐτὴν,
2592 1306 2898 1374 ἀπαγαγὼν
2930 1306 3136 1374 ταύτην
3168 1304 3438 1373 παρέθετο
3481 1319 3582 1371 μο-

1998 1387 2276 1460 ναστηρίῳ
2304 1390 2599 1457 γυναικῶν,
2638 1390 3028 1458 παρακαλέσας
3055 1387 3152 1457 τὴν
3182 1386 3369 1439 αὐτόθι
3398 1385 3584 1438 διάκο-

2000 1492 2089 1527 νον
2115 1473 2215 1543 τῆς
2250 1473 2613 1544 ἀδελφότητος
2650 1472 2813 1544 μέχρι
2845 1473 2952 1525 τῶν
2981 1473 3207 1542 ἡμερῶν
3239 1470 3332 1523 τοῦ
3360 1466 3583 1523 τοκετοῦ

2000 1557 2169 1626 αὐτῆς
2199 1556 2533 1627 ἀνασχέσθαι
2567 1555 2791 1625 ταύτης.
2828 1556 2936 1609 Καὶ
2967 1554 3286 1607 καταλιπὼν
3320 1554 3490 1621 αὐτὴν
3527 1553 3586 1602 ἐν

1999 1640 2079 1711 τῷ
2098 1641 2486 1711 μοναστηρίῳὸ
2507 1640 2881 1709 ἀναγνώστης,
2901 1638 3151 1691 ἀπελθὼν
3176 1638 3367 1690 ἑαυτὸν
3388 1635 3559 1702 ἐγκαθ
3573 1664 3588 1672 -

2004 1723 2182 1793 εἷρξεν
2229 1726 2310 1786 είς
2371 1723 2582 1776 κελλίον
2634 1723 2942 1793 αὐχμηρὸν,
2977 1720 3263 1775 ἀναλαϐὼν
3308 1718 3583 1772 πολιτείαν

308 1807 474 1860 ἐλεῶν
500 1806 680 1859 πᾶσαν
701 1805 801 1874 τὴν
828 1804 1006 1855 κτίσιν
1026 1818 1039 1832 ·
1074 1802 1164 1856 σὸν
1189 1803 1296 1873 γάρ
1324 1804 1440 1854 ἐστι
1474 1799 1685 1869 θέλημα
1701 1798 1760 1851 τὸ
1796 1795 1901 1850 σώο
1932 1804 1973 1859 Β
2010 1806 2430 1877 σκληραγωγίας
2463 1807 2792 1877 ἀκροτάτην,
2822 1804 3137 1875 προσελθὼν
3166 1805 3244 1873 τῷ
3281 1801 3503 1872 Χριστῷ
3532 1804 3590 1853 ἐν

309 1892 497 1957 ζεσθαι
530 1891 761 1953 πάντας.
804 1890 865 1942 Εἰ
896 1888 988 1942 οὖν
1017 1890 1112 1942 καὶ
1141 1889 1243 1956 ἐμὲ
1276 1888 1374 1957 τὴν
1415 1884 1760 1955 ἀπολομένην
1798 1898 1902 1934 σω-

311 1975 471 2044 θῆναι
505 1974 700 2036 θέλεις,
731 1974 789 2024 ἐν
817 1970 993 2039 τούτῳ
1021 1989 1110 2041 μοι
1141 1970 1315 2035 δεῖξον
1351 1971 1449 2039 τὴν
1488 1970 1586 2037 σὴν
1614 1963 1903 2033 ἀγαθωσύ-

310 2076 428 2128 νην,
467 2058 561 2111 καὶ
592 2056 686 2109 νῦν
723 2055 813 2118 δὸς
850 2054 1053 2122 φθάσαι
1085 2055 1172 2107 ἐπ’
1208 2053 1335 2123 ἐμοὶ
1366 2051 1435 2104 τὰ
1466 2048 1748 2119 θαυμάσιά
1782 2064 1901 2111 σου,

311 2139 407 2191 καὶ
439 2137 697 2201 κέλευσον
736 2134 1073 2202 συναχθῆναι
1110 2131 1200 2189 τὸν
1242 2130 1455 2201 καρπὸν
1490 2132 1590 2201 τῆς
1618 2128 1761 2197 ἐμῆς
1785 2128 1906 2179 ἀνο-

318 2222 465 2290 μίαςσ
505 2219 567 2271 τὸ
620 2215 928 2284 συλληφθέν
971 2217 1029 2267 ἐν
1083 2214 1366 2284 ἀσελγείᾳ,
1413 2213 1507 2266 καὶ
1554 2210 1815 2280 γεννηθὲν
1848 2210 1906 2263 ἐν

316 2300 561 2373 ἁμαρτία
610 2300 709 2368 τῆς
760 2298 898 2367 ἐμῆς
944 2297 1241 2359 ἀπωλείας.
1306 2298 1431 2349 Ἐἀν
1468 2296 1579 2365 γάρ
1625 2294 1783 2347 τοῦτο
1832 2292 1906 2363 μὴ

314 2387 567 2455 γένηται,
594 2383 626 2451 ἢ
651 2381 859 2451 ἀγχόνῃ
893 2379 1001 2449 έχω
1031 2378 1377 2449 χρήσασθαι,
1412 2379 1445 2448 ἢ
1475 2376 1673 2448 ἑαυτὴν
1696 2376 1909 2429 δισκεῦ-

320 2487 431 2524 σαι.
477 2468 708 2520 ’Ἕνεκεν
757 2463 949 2517 τούτου
991 2461 1221 2533 δεομένη
1264 2461 1618 2532 εἰσηκούσθη.
1678 2460 1750 2512 Τὸ
1801 2459 1909 2528 γάρ

314 2552 506 2622 τεχθὲν
534 2551 595 2602 ού
633 2547 771 2619 μετά
799 2547 932 2599 πολὺ
958 2545 1329 2617 ἐτελεύτησεν.
1368 2544 1499 2597 Ἀπὸ
1522 2544 1613 2596 οῦν
1646 2544 1745 2613 τῆς
1776 2542 1911 2613 ἠμέ-

320 2652 420 2707 ρας
435 2634 651 2703 ἐκείνης
672 2630 746 2701 τῷ
772 2631 871 2701 μὲν
892 2629 1100 2693 ταύτην
1114 2627 1575 2699 αἰχμαλωτίσαντι
1592 2628 1776 2680 οὐκέτι
1796 2642 1912 2679 συν-

320 2720 533 2787 έτυχεν,
558 2715 773 2768 ἔκδοτον
801 2713 856 2766 δὲ
887 2712 1087 2783 ἑαυτὴν
1111 2712 1190 2773 είς
1212 2711 1389 2779 ἀκραν
1409 2709 1736 2781 ἐγκράτειαν
1753 2709 1913 2761 δέδω-

321 2819 439 2855 κεν·
464 2800 753 2861 νοσούσαις
782 2800 879 2851 καὶ
912 2796 1321 2867 λελωϐημέναις
1351 2795 1798 2865 ἐξυπηρετήσατο
1820 2795 1913 2847 ἐπὶ

321 2887 621 2957 τριάκοντα
672 2884 788 2951 ἐτη.
828 2881 1017 2944 Οῦτως
1059 2880 1149 2933 τὸν
1182 2880 1317 2933 Θεὸν
1356 2879 1767 2948 δυσωπήσασα,
1818 2877 1914 2931 καὶ

324 2970 482 3024 ἵλεων
503 2969 669 3038 ἐαυτῇ
689 2966 1103 3034 καταστήσασα,
1120 2964 1195 3026 ὡς
1212 2961 1787 3030 ἀποκαλυφθῆναίτινι
1807 2958 1916 3013 τῶν

325 3054 501 3123 ἁγίων
532 3052 946 3123 πρεσϐυτέρων,
972 3051 1073 3123 ὅτι,
1092 3048 1155 3101 Ἢ
1201 3049 1350 3101 δεῖνά
1382 3065 1470 3117 μοι
1497 3048 1697 3117 μᾶλλον
1722 3045 1916 3116 εὐηρέ·

2005 1890 2204 1961 καρδίᾳ
2253 1892 2712 1963 συντετριμμένῃ.
2761 1889 2901 1959 μετὰ
2943 1889 3155 1942 πολλῶν
3202 1887 3454 1959 δακρύων
3497 1885 3592 1937 καὶ

2007 1972 2351 2042 στεναγμῶν,
2367 1971 2563 2041 λέγων’
2588 1974 2659 2025 Σὺ
2685 1970 2852 2034 οῐδας,
2868 1972 3059 2043 Κύριε,
3076 1973 3172 2035 τὰς
3187 1973 3325 2041 ἐμὰς
3341 1969 3589 2042 πράξεις,

2006 2059 2034 2109 6
2060 2055 2423 2125 ἐπιστάμενος
2455 2054 2631 2109 πάντα
2657 2055 2714 2107 ὃν
2744 2048 2897 2108 οὐδὲν
2923 2055 3168 2125 λέληθεν.
3205 2054 3341 2107 Οὐδὲ
3367 2053 3483 2105 ἐστι
3508 2067 3591 2113 τις

2007 2140 2169 2201 τόπος
2217 2140 2533 2208 ἀπόκρυφος
2565 2140 2621 2190 ἐν
2660 2130 2704 2206 ᾦ
2735 2156 2819 2201 τις
2854 2140 3299 2210 ἀποκρυϐήσεται
3350 2136 3449 2204 τῆς
3496 2135 3594 2204 σῆς

2009 2228 2350 2297 παντεφόρου
2374 2226 2678 2296 δυνάμεως.
2718 2228 2775 2279 'O
2798 2226 2955 2288 εἰδὼς
2985 2228 3053 2279 τά
3078 2228 3257 2279 πάντα
3287 2226 3416 2295 πρὶν
3444 2222 3599 2290 γενέ-

2012 2313 2157 2375 σθαι,
2190 2313 2254 2364 σὺ
2284 2312 2440 2379 μόνος
2467 2311 2684 2380 βλέπεις
2714 2309 2855 2379 βάθη
2880 2310 3180 2380 λογισμῶν,
3214 2311 3306 2362 καὶ
3338 2309 3490 2361 πᾶσα
3515 2306 3600 2357 ἐν·

2010 2413 2128 2448 νοια
2160 2393 2313 2462 παρά
2336 2392 2427 2444 σοῦ
2454 2394 2646 2463 ὁρᾶται
2675 2392 2845 2460 ὀφθαλ
2858 2393 3111 2460 μοφανῶς
3135 2408 3148 2421 '
3176 2393 3240 2444 σὺ
3267 2390 3341 2443 ὣν
3367 2392 3601 2459 ἐταστὴς

2013 2478 2367 2547 ἐνθυμήσεως
2395 2477 2519 2542 ὀξὺς
2548 2474 2790 2538 δικάζεις
2815 2475 3061 2545 ἀκριϐῶς
3085 2491 3098 2505 ·
3136 2477 3199 2527 σὺ
3229 2475 3601 2541 ἀδικουμένων

2016 2561 2207 2631 βοηθός
2229 2576 2241 2589 ⁸
2273 2562 2435 2624 αὐτὸς
2457 2557 2507 2613 εἷ
2532 2560 3058 2628 συκοφαντουμένων
3087 2557 3299 2619 ἔκδικος
3324 2556 3604 2626 ἀπαραλό-

2015 2662 2223 2713 γιστος,
2266 2639 2309 2712 ᾧ
2344 2645 2496 2697 οὐδὲν
2530 2644 2759 2715 ἀρέσκει
2790 2643 2899 2695 τῶν
2930 2643 3152 2695 ἀδίκων.
3178 2645 3334 2695 Πᾶσα
3366 2642 3421 2693 δέ
3458 2640 3601 2709 ῥοπὴ

2017 2729 2184 2798 ζυγοῦ
2224 2728 2569 2799 δικαιοσύνης
2609 2730 2759 2798 παρὰ
2806 2727 2907 2780 σοί.
2955 2726 3197 2796 Πάρεστι
3227 2727 3335 2794 γὰρ
3368 2723 3604 2777 πάντοτέ

2019 2832 2101 2867 σοι
2129 2815 2244 2884 φῶς
2266 2814 2583 2884 ἀπρόσιτον,
2610 2816 2703 2865 καὶ
2729 2812 2834 2864 πᾶν
2860 2810 3020 2882 ἔργον
3048 2810 3349 2879 ἀνθρώπων
3375 2806 3605 2860 ἐνώπιόν

2021 2899 2112 2953 σού
2151 2902 2319 2953 ἐστιν.
2355 2898 2468 2967 Τῆς
2500 2893 2593 2950 οῦν
2629 2897 2726 2965 σῆς
2764 2900 2877 2949 ἐστι
2917 2895 3131 2956 δικαίας
3164 2895 3259 2946 καὶ
3281 2891 3605 2962 ἀπαραλλά-

2020 3001 2149 3036 κτου
2205 2983 2440 3054 κρίσεως
2495 2982 2773 3051 ἀποφῆναι
2817 2982 2910 3034 καὶ
2960 2981 3061 3049 τὴν
3108 2978 3263 3048 δίκην
3292 2978 3390 3046 τὴν
3443 2978 3605 3046 ἐμήν.

2021 3066 2471 3137 Προσευχομένου
2514 3065 2609 3117 τοῦ
2645 3064 2930 3118 νεανίσκου
2976 3063 3232 3124 ἐκτενῶς,
3270 3060 3365 3112 καὶ
3408 3062 3473 3129 τῇ
3509 3077 3607 3129 νη·-

327 3155 527 3207 στησεν
555 3138 614 3189 ὲν
641 3139 707 3205 τῇ
737 3131 1031 3221 ,μετανοίᾳι
1063 3130 1108 3221 ἦ
1129 3134 1186 3185 ὲν
1212 3131 1606 3221 τῇῌπαέοεξῆν-ίᾳς
1641 3130 1827 3182 Ταῦτα
1850 3128 1916 3221 ,δὲ
1944 3145 1989 3207 C
2026 3128 2179 3221 στείᾳ
2216 3128 2756 3220 προσκαρτεροῦντος
2798 3147 3074 3217 ἐμμελῶς,
3100 3146 3249 3209 ἐντὸς
3280 3128 3611 3213 ὀλίγουίχρό-

326 3225 546 3296 γράφω,
578 3222 665 3273 ἵνα
690 3220 764 3291 μὴ
786 3216 1223 3286 καταφρονῶμεν
1245 3214 1352 3267 τῶν
1381 3215 1550 3268 πολλά
1578 3212 1920 3283 ἁμαρτανόν-

325 3326 457 3368 των,
490 3308 586 3360 καὶ
617 3307 681 3358 ἐκ
708 3302 934 3373 καρδίας
969 3299 1373 3371 μετανοούντων
1394 3316 1408 3329 ·
1436 3298 1618 3361 καθὼς
1642 3298 1735 3352 καὶ
1761 3299 1793 3366 ή
1820 3313 1923 3366 μα-

330 3390 498 3462 καρία
528 3390 666 3459 αὕτη
702 3387 801 3456 τὴν
831 3385 1032 3454 ἐαυτῆς
1070 3382 1301 3455 καρδίαν
1333 3380 1694 3453 συντρίψασα,
1737 3380 1833 3432 καὶ
1864 3379 1922 3431 ἐν

328 3470 803 3542 ταπεινοφροσύνῃ
858 3468 957 3537 τὴν
1022 3467 1226 3535 ἐαυτῆς
1274 3465 1418 3536 ζωὴν
1475 3463 1921 3525 καθυποτάξασα,

330 3561 433 3614 οὐκ
489 3554 821 3623 ἐξουδενώθη
889 3549 1042 3621 παρὰ
1093 3548 1188 3602 τοῦ
1240 3550 1511 3602 Δεσπότου
1577 3547 1685 3600 τῶν
1761 3563 1926 3616 μετα-

331 3641 615 3699 νοούντων.

887 3721 1145 3777 ΚΕΦΛΛ.
1189 3721 1372 3774 ΡΜΑ’.

405 3837 545 3906 Περὶ
580 3835 690 3904 τῆς
721 3830 1286 3901 συκοφαντησάσης
1311 3827 1711 3897 ἀναγνώστην
1740 3826 1897 3880 τινά.

405 3927 787 4001 Πρεσϐυτέρου
811 3926 956 3986 τινὸς
981 3923 1229 3993 θυγάτηρ
1252 3920 1522 3990 παρθένος
1540 3922 1595 3971 ἐν
1620 3918 1928 3989 Καισαρείᾳ

335 4016 433 4087 τῆς
449 4012 834 4082 Παλαιστίνης,
849 4007 1159 4062 ἐκπεσοῦσα
1173 4007 1324 4076 παρά
1335 4005 1427 4057 τοῦ
1443 4004 1647 4075 ταύτην
1667 4004 1927 4073 φθείραν-

336 4117 451 4164 τος,
481 4096 734 4165 ἐδιδάχθη
760 4090 1115 4161 ἀναγνώστην
1139 4090 1262 4143 τινά
1288 4090 1387 4157 τῆς
1421 4087 1631 4150 πόλεως
1662 4104 1931 4155 συκοφαν-

336 4186 521 4253 τῆσαι,
557 4179 796 4247 κάκείνῳ
826 4174 1131 4247 περιθεῖναι
1158 4173 1257 4245 τὴν
1289 4171 1697 4241 διεφθαρμένην
1724 4170 1927 4253 αἰτίαν.

338 4252 450 4320 καὶ
494 4262 764 4333 γενομένη
810 4260 946 4330 πρὸς
988 4257 1252 4328 γαστρὸς,
1298 4255 1600 4326 ἐταζομένη
1654 4252 1806 4324 παρά
1836 4252 1930 4306 τοῦ

342 4351 472 4403 ἰδίου
504 4346 731 4418 πατρὸς,
760 4346 1018 4398 κατεῖπεν
1047 4341 1143 4395 τοῦ
1172 4338 1543 4408 ἀναγνώστου.
1587 4336 1851 4401 Ἀκούσας
1873 4336 1931 4390 δέ

2024 3254 2116 3288 νου
2150 3236 2516 3305 παρεγένοντο
2549 3236 2603 3287 αί
2637 3234 2844 3303 ἡμέραι
2878 3230 2973 3284 τοῦ
3009 3230 3232 3285 τοκετοῦ
3272 3230 3463 3298 αὐτῆς.
3501 3227 3611 3280 Καὶ

2026 3320 2292 3388 ἐνστάσης
2322 3319 2420 3387 τῆς
2466 3318 2635 3386 ὥρας,
2672 3318 3006 3387 παρεγένετο
3042 3316 3136 3368 καὶ
3164 3318 3196 3384 ή
3219 3314 3405 3367 δικαία
3430 3312 3610 3383 κρίσις

2026 3404 2121 3457 τοῦ
2153 3404 2287 3455 Θεοῦ
2316 3404 2557 3472 φέρουσα
2587 3401 2861 3468 ἀπότομον
2890 3400 3084 3469 ὀδύνην
3119 3400 3212 3451 καὶ
3242 3398 3512 3467 ἀφόρητον
3544 3397 3611 3465 τῇ

2030 3489 2523 3558 συκοφαντησάσῃ·
2557 3486 2651 3538 καὶ
2688 3484 3010 3553 στεναγμῶν
3047 3482 3254 3552 πλῆθος
3277 3482 3612 3550 ἀμέτρητον,

2028 3571 2217 3631 ὠδῖνες
2265 3570 2444 3623 πόνων
2482 3567 2891 3637 ἀνεκδιήγητοι,
2932 3565 3301 3635 καταχθονίων
3347 3564 3617 3631 κολαστη-

2032 3658 2162 3727 ρίων
2196 3655 2415 3722 ὁράσεις
2437 3652 2690 3723 φοϐεραὶ,
2716 3651 2922 3720 ταύτην
2948 3652 3046 3722 τὴν
3072 3649 3263 3701 ἀθλίαν
3290 3646 3616 3717 πολιορκοῦ-

2032 3758 2122 3793 σαι
2155 3738 2422 3810 ἰσχυρῶς·
2456 3739 2552 3791 καλ¹
2583 3736 2643 3789 τὸ
2672 3736 2870 3806 βρέφος
2894 3735 2993 3801 τῆς
3018 3734 3254 3802 γαστρὸς
3282 3732 3360 3800 τῷ
3386 3732 3534 3801 ὄγκῳ
3554 3731 3615 3782 οὐ

2033 3823 2401 3895 προέκυπτεν.
2445 3820 2730 3892 Παρῆλθεν
2759 3818 2941 3890 ἡμέρα
2982 3817 3195 3888 πρώτη,
3239 3815 3331 3869 καὶ
3358 3814 3617 3883 δευτέραξ,

2031 3908 2126 3961 καὶ
2152 3906 2339 3967 ὠδῖνες
2360 3904 2780 3976 ἀφορητότεραι·
2814 3903 3016 3971 ἐπέστη
3042 3903 3222 3970 τρίτη,
3248 3900 3342 3953 καὶ
3359 3899 3617 3966 τετάρτη,

2033 3992 2129 4045 καὶ
2158 3990 2218 4044 τὸ
2244 3990 2409 4057 ἄλγος
2443 3986 2865 4048 πολλαπλασίως
2895 3983 3277 4056 χαλεπώτερον
3296 3999 3308 4013 ·
3350 3982 3620 4045 διεδέξατο

2034 4076 2261 4145 πέμπτη
2296 4073 2391 4127 καὶ
2416 4072 2549 4141 ἕκτη
2586 4072 2683 4124 σὺν
2717 4070 2919 4140 ἐϐδόμῃ
2951 4071 3223 4138 σκοτεινῇ,
3250 4069 3343 4121 καὶ
3370 4070 3401 4136 ὴ
3430 4067 3619 4119 ταλαί.-

2034 4176 2219 4229 πωρος
2250 4157 2387 4227 γυνὴ
2436 4156 2545 4211 ἀπὸ
2585 4155 2787 4225 πολλῆς
2817 4154 2974 4217 ἀνίας
3013 4153 3086 4223 τῷ
3115 4152 3215 4224 ᾄδῃ
3246 4150 3584 4222 προσωμίλει
3605 4164 3618 4178 ’

2034 4245 2093 4298 ἐν
2132 4242 2357 4305 ταύταις
2396 4241 2546 4303 ὅλαις
2585 4242 2705 4299 ταῖς
2753 4238 2992 4309 ἡμέραις
3046 4238 3168 4307 μηδ’
3222 4236 3361 4299 ὅλως
3412 4234 3620 4304 τροφῆς

2038 4326 2479 4398 προσλαϐομένη,
2519 4322 2653 4395 μηδέ
2694 4322 2756 4375 τὸ
2801 4322 2961 4391 τυχὸν
3015 4320 3183 4373 ὕπνου
3232 4319 3620 4389 μετασχοῦσα⁶

340 4432 500 4486 τοῦτο
536 4432 564 4483 6
606 4403 1000 4498 πρεσϐύτερος,
1030 4426 1124 4478 καὶ
1158 4403 1477 4496 ταραχθεὶς,
1514 4422 1824 4493 ἀνήνεγκεν
1851 4419 1930 4491 τῷ
1962 4489 1998 4498 _
2037 4410 2151 4498 ἀλλ’
2186 4411 2455 4498 οἰμωγαῖς
2485 4408 2735 4498 βξσάνωγ
2768 4406 2965 4498 πόνουξ
2998 4404 3332 4474 ἀνηκέστους
3382 4403 3623 4498 διαδεχο-

343 4514 649 4581 ἐπισκόπῳ.
681 4509 887 4564 Μαθὼν
919 4509 1076 4562 τοῦτο
1105 4510 1133 4561 6
1176 4508 1497 4573 ἐπίσκοπος,
1532 4506 1927 4576 συνεκρότησεν
1962 4489 2005 4544 D
2043 4497 2244 4565 μένων.
2279 4493 2419 4564 μετὰ
2453 4491 2629 4545 ταῦτα
2659 4490 2836 4543 πάντα
2862 4491 2983 4551 ταῖς
3017 4490 3345 4557 προσευχαῖς
3374 4486 3467 4539 τοῦ
3499 4504 3625 4540 νεα·-

340 4598 404 4652 τὸ
434 4571 698 4667 ίερατέῖον
718 4610 734 4626 ο
774 4596 870 4647 καὶ
900 4594 1227 4662 ποιήσαντες
1260 4571 1527 4660 κληθῆναι
1558 4589 1649 4641 τὸν
1682 4571 1933 4654 ἀναγνώ-
2036 4580 2247 4646 νίσκου,
2276 4577 2433 4667 ήςξῆς
2456 4574 2864 4667 διεφθαρμένης
2902 4572 3373 4667 καὶψευδηγὸρου
3414 4571 3629 4667 ἀμείλι-

346 4655 821 4750 στηνέϐασάνιζον
846 4677 948 4745 τὴν
972 4655 1228 4728 ὑπόθεσιν
1250 4655 1721 4745 τοῦ-πράγματος.
1766 4670 1935 4741 Ἐρω-
2041 4682 2169 4728 κτος
2199 4662 2537 4750 καρδία-τοῖς
2568 4659 2917 4723 ἀνυποίστοις
2956 4659 3161 4750 πόνοις,
3190 4656 3295 4750 καὶ
3321 4659 3353 4727 ή
3380 4655 3631 4723 ἐξομολό-

342 4741 586 4836 τώμενος
628 4763 808 4815 τοίνυν
846 4762 875 4814 6
902 4741 1259 4829 ἀναγνώστης
1299 4741 1453 4827 παρά
1481 4755 1575 4808 τοῦ
1605 4756 1933 4817 ἐπισκόπου,
2044 4765 2205 4819 γησις
2256 4745 2577 4836 συνεξῆλθεν
2630 4746 2849 4836 γοεραῖς
2880 4745 3086 4812 φωναῖς
3119 4741 3331 4811 βοῶσα·
3366 4741 3527 4811 Οἴμοι
3561 4744 3628 4812 τῇ

344 4824 443 4921 οὐχ
476 4824 779 4917 ὡμολόγει*
811 4845 871 4899 τὸ
902 4824 1032 4915 γὰρ’
1054 4844 1129 4913 μὴ
1160 4824 1403 4913 πραχθὲν
1452 4841 1584 4912 παρ’
1612 4838 1778 4892 αὐτοῦ
1818 4837 1938 4900 πῶς
2040 4832 2222 4901 ἀθλία,
2246 4828 2547 4921 κινδυνεύω
2569 4826 3006 4921 ἀπολέσθαι-δυσὶ.
3028 4828 3217 4888 κακοῖς
3236 4824 3627 4894 περιπεσοῦσα,

346 4908 548 4987 ἐνίὶκαλ
577 4908 846 5000 ρηθῆναις
888 4908 1234 4996 ’Ᾱγανακτῶν
1266 4908 1360 4979 οῦν
1388 4927 1415 4978 6
1442 4908 1763 4986 ἐπίσκοπος,
1800 4921 1940 4993 μετὰ
2044 4914 2384 4983 συκοφαντία
2420 4911 2516 4964 καὶ
2551 4910 2820 5000 πορνείᾳί
2855 4908 3115 4962 ἀπώλεσά
3159 4925 3259 4978 μου
3292 4908 3391 4977 τὴν
3425 4909 3633 4980 παρθε-

348 4990 787 5085 ἐμϐριθέσιέάτξης
832 4990 1017 5081 φωνῆς
1053 5011 1239 5077 ἔλεγεν
1268 5009 1478 5079 τούτῳ·
1513 5006 1627 5077 Οὐχ
1659 4990 1941 5075 ὁμολογεῖς
2042 4997 2182 5085 νίαν,
2226 4994 2546 5085 διχοστασίᾳ
2592 4990 2933 5085 παρεδόθην·
3118 4991 3307 5085 ἑτέρου
3349 4990 3629 5085 {uume

352 5116 447 5153 σου
477 5099 537 5152 τὸ
560 5099 831 5164 πταῖσμα,
854 5097 950 5150 καὶ
973 5097 1277 5165 μετανοεῖς,
1315 5093 1468 5147 ἄθλιε
1490 5092 1585 5145 καὶ
1602 5089 1931 5159 ταλαίπωρεἰ

350 5183 445 5237 καὶ
475 5181 816 5252 ἀκαθαρσίας
861 5179 1288 5250 μεμεστωμένε;
1336 5174 1697 5245 Ἀπεκρίνατο
1726 5176 1754 5226 6
1812 5176 1944 5227 ἀνα-

352 5264 601 5335 γνώστης
619 5282 631 5295 ·
668 5264 808 5330 Ἐγὼ
834 5263 1024 5333 δέομαί
1056 5279 1174 5325 σου,
1204 5261 1265 5313 τὸ
1292 5260 1351 5314 ὃν
1382 5256 1558 5324 εἷπον,
1584 5260 1664 5311 ὅτι
1684 5260 1742 5309 ἐν
1770 5255 1945 5325 τούτῳ

355 5352 590 5422 πρᾶγμα
610 5350 711 5402 οὐκ
742 5348 850 5419 έχω
868 5366 882 5380 ο
915 5347 1153 5409 ἀναίτιος
1177 5346 1291 5417 -γάρ
1340 5347 1457 5415 εἰμι
1492 5345 1586 5398 καὶ
1612 5343 1711 5411 τῆς
1734 5338 1944 5404 ἐννοίας

354 5435 453 5503 τῆς
480 5433 616 5502 πρὸς
638 5432 874 5498 ἐκείνην.
903 5432 966 5484 El
994 5431 1050 5484 δὲ
1082 5430 1266 5482 θέλετε
1298 5428 1531 5482 ἀκοῦσαι
1560 5428 1618 5479 τὸ
1652 5428 1731 5496 μὴ
1771 5424 1830 5478 ὃν
1861 5426 1947 5479 ἵνα

352 5514 529 5579 εἴπω,
571 5514 856 5584 πέπραχά.
898 5514 1071 5567 Τοῦτο
1123 5512 1290 5565 αὑτοῦ
1334 5511 1637 5580 εἰρηκότος,
1696 5507 1947 5562 καθεῖλεν

357 5598 547 5653 τοῦτον
567 5598 659 5650 τοῦ
682 5597 1055 5665 ἀναγνώστου.
1081 5598 1234 5651 Μετά
1278 5595 1371 5649 τοῦ
1383 5613 1436 5648 το
1461 5593 1789 5663 προσπεσὼν
1808 5608 1951 5663 παρ-

362 5683 547 5737 εκάλει
574 5683 667 5735 τὸν
711 5682 1031 5744 ἐπίσκοπον,
1080 5681 1290 5746 λέγων*
1337 5679 1401 5731 Εἰ
1427 5676 1585 5730 τοῦτό
1632 5693 1713 5728 σοι
1746 5674 1948 5741 ἔδοξεν,

367 5766 522 5837 κύριε
548 5766 839 5836 ἐπίσκοπε,
866 5765 1054 5833 ἐπειδὴ
1076 5760 1253 5830 εἷπον,
1282 5762 1412 5831 Ναὶ,
1439 5760 1693 5828 ἐπταισα,
1713 5753 1858 5813 εἷναί
1874 5774 1948 5829 ,με

2052 5082 2227 5150 ρεῖσα,
2264 5078 2358 5131 τοῦ
2401 5076 2752 5145 ἀναγνώστου
2788 5075 3171 5145 κατηγόρησα.
3218 5075 3544 5128 Ἀκούσασαι
3576 5075 3633 5128 δέ

1998 5160 2010 5175 ’
2049 5163 2223 5216 ταῦτα
2252 5163 2310 5216 αἱ
2341 5160 2601 5232 παρθένοι
2636 5159 2730 5213 τοῦ
2765 5159 3129 5230 μοναστηρίου
3161 5159 3238 5229 τῷ
3268 5159 3438 5230 πατρὶ
3466 5159 3636 5229 αὐτῆς

2046 5246 2394 5316 ἀπήγγειλαν
2428 5244 2497 5297 τὰ
2536 5242 2736 5298 πάντα.
2784 5243 2840 5296 '0
2871 5243 2928 5296 δέ
2962 5242 3145 5312 πατὴρ
3183 5246 3353 5315 αὐτῆς
3383 5242 3637 5312 αἰδούμε-

2050 5350 2138 5392 νος
2171 5333 2298 5394 τοὺς
2330 5330 2543 5394 πάντας
2568 5330 2644 5392 ώς
2681 5328 2757 5399 μὴ
2788 5328 3239 5396 καταγνωσθῆναι
3266 5329 3357 5380 ἐπὶ
3385 5330 3451 5397 τῇ
3475 5344 3631 5381 συκο-

2052 5416 2277 5485 φαντίᾳ,
2309 5417 2422 5477 τοῖς
2470 5414 2782 5485 εἰρημένοις
2811 5415 2870 5466 οὐ
2902 5411 3221 5477 πιστεύσας,
3262 5411 3537 5481 ἡσύχασεν
3570 5414 3638 5465 τά

2049 5500 2166 5553 ὅλα.
2218 5498 2305 5560 Ὠς
2342 5498 2400 5550 δέ
2430 5498 2463 5565 ἡ
2496 5496 2681 5549 δικαία
2726 5495 2908 5565 κρίσις
2938 5496 3226 5564 ἐφεστῶσι)⁴
3271 5497 3303 5566 ἡ
3342 5495 3639 5559 δικάζουσα

2051 5584 2120 5635 τὰ
2149 5581 2350 5645 πάντα,
2374 5579 2538 5633 πάλιν
2568 5579 2901 5651 ἐπαλλήλους
2928 5582 2992 5651 τῇ
3025 5580 3187 5650 ἀθλία
3221 5580 3390 5650 ταύτῃ
3426 5580 3637 5633 ἔτικτεν

2052 5666 2278 5729 ώδῖνας”
2314 5664 2503 5718 λοιπὸν
2541 5664 2615 5735 μὴ
2645 5663 2949 5733 δυναμένης
2989 5663 3021 5735 ἥ
3061 5665 3225 5734 ζῆσαι
3248 5664 3280 5735 ἢ
3306 5664 3634 5718 ἀποθανεῖν·

2056 5750 2150 5804 καὶ
2175 5746 2264 5802 τοῦ
2299 5746 2520 5803 τοκετοῦ
2542 5746 2617 5819 μὴ
2636 5745 3298 5819 ἐκφυγούσης,ἐττιφαίνει
3320 5750 3352 5821 ή
3374 5747 3552 5819 ἡμέρα
3599 5747 3634 5816 ἡ
