4028 6460
514 382 653 451 1243

1959 372 2314 440 PALLADII

3628 371 3741 441 12L!

506 498 694 568 δγδόη,
740 498 835 551 καὶ
878 494 1043 551 πάλιν
1072 494 1107 565 ή
1151 494 1367 565 ἐννάτη,
1425 490 1713 562 βαθυτάτῳ
1764 487 1942 556 σκότῳ
1988 487 2097 541 τῶν
2126 492 2173 550 Α
2201 492 2296 543 καὶ
2334 492 2463 555 τοὺς
2512 491 2855 559 συκοφάντας
2903 488 3266 560 φανερούσης,
3311 488 3408 543 καὶ
3451 489 3562 554 τοῖς
3594 491 3742 565 ταύτῃ

507 586 763 656 ἀλήκτων
803 584 1053 655 στρόφων
1099 582 1304 650 ταύτην
1347 580 1695 651 ἀμαυρῶσαι.
1735 577 1824 639 Ὦς
1866 575 1959 628 οὐν
1993 576 2095 627 οὐκ

508 672 759 743 ἔφερενή
793 672 1006 725 συνοδία
1037 674 1135 732 τὰς
1168 670 1410 740 μεγάλας
1446 668 1651 735 ταύτης
1681 662 1949 735 οἰμωγὰς,
1973 662 2096 731 δρο-

514 765 668 831 μαῖαι
720 760 1053 814 ἀπελθοῦσαι
1104 759 1498 828 ἀναγγέλλουσι
1545 756 1621 826 τῷ
1652 755 1961 822 ἐπισκόπῳ,
2013 752 2096 803 ὅτι

509 849 657 902 ἐστιν
681 851 873 919 ἐννάτη
897 850 1135 919 σήμερον
1160 849 1340 918 ἡμέρα
1363 848 1444 899 ὃτι
1470 846 1671 917 ήδεῖνα
1691 842 2097 911 ἐξομολογεῖται

509 939 589 991 ὅτι
610 938 776 992 Τοῦδε
799 939 895 991 τοῦ
915 939 1263 1005 ἀναγνώστου
1283 935 1652 1003 κατεστάθην,
1675 932 1770 986 καὶ
1787 929 2096 997 ἀποκυῆσαι

510 1028 612 1079 οὐκ
645 1028 843 1096 ἰσχύω·
881 1018 1294 1092 ἐσυκοφάντησα
1325 1025 1433 1094 γὰρ
1462 1022 1665 1077 τοῦτον.
1715 1021 1773 1073 Ὀ
1798 1020 1853 1072 δὲ
1874 1018 2097 1070 ἐπίσκο-

510 1133 611 1179 πος
640 1116 878 1178 ἀκούσας
905 1115 1057 1185 παρὰ
1086 1116 1189 1167 τῶν
1217 1116 1505 1184 παρθένων
1534 1114 1712 1166 πάντα
1740 1111 1807 1163 τά
1840 1106 2097 1179 ρηθέντα,

512 1206 722 1272 πέμπει
768 1198 904 1275 πρὸς
948 1205 1036 1258 τὸν
1069 1205 1431 1271 ἀναγνώστην
1461 1197 1554 1253 δύο
1586 1198 1891 1260 διακόνους,
1921 1191 2099 1265 δηλῶν

512 1293 664 1360 αὐτῷ
701 1293 912 1357 πάντα,
950 1293 1045 1346 καλ⁸
1082 1290 1173 1345 ἵνα
1208 1290 1431 1359 εὔξηται
1460 1290 1665 1349 ἐκεῖνος
1703 1283 1967 1356 ρυσθῆναι
1999 1280 2101 1349 τῆς

511 1382 755 1451 ἀνάγκης
796 1382 892 1449 τὴν
927 1380 1275 1450 ταλαίπωρον
1320 1380 1576 1447 γυναῖκα.
1626 1372 1683 1428 Ὀ
1744 1372 1801 1425 δέ
1853 1373 2101 1440 γενναῖος

509 1466 663 1531 οὗτος
689 1470 975 1534 νεανίσκος
999 1470 1120 1522 οὐδέ
1148 1469 1440 1538 ἀπόκρισιν
1461 1465 1643 1527 αὐτοῖς
1677 1461 1929 1524 δέδωκεν,
1964 1455 2100 1530 μηδέ

510 1559 607 1630 τὴν
642 1559 813 1628 θύραν
844 1552 1092 1623 ἀνοίξας·
1124 1558 1239 1611 ἀλλ’
1278 1556 1370 1624 ἀφ’
1398 1548 1465 1625 ἧς
1493 1553 1706 1625 ἡμέρας
1742 1553 1822 1613 είς
1852 1549 1949 1620 τὴν
1975 1548 2099 1603 κέλ·

509 1644 608 1701 λαν
649 1648 923 1717 είσῆλθεν,
970 1646 1062 1700 τὸν
1108 1648 1310 1717 συνήθη
1347 1644 1548 1698 κανόνα
1580 1646 1679 1713 τῆς
1710 1639 1968 1709 νηστείας
2008 1638 2100 1690 ἐκ·

511 1736 756 1807 πληρῶν,
785 1735 883 1790 καὶ
917 1734 1035 1798 ταῖς
1058 1736 1306 1802 δεήσεσιν
1332 1732 1590 1786 ἱκετεύων
1613 1732 1704 1783 τὸν
1735 1728 1886 1782 Θεόν.
1911 1728 2099 1780 Κατα-

2202 581 2701 653 προσκαρτεροῦσιν
2729 579 2974 651 οὐρανῶν
3002 579 3277 650 βασιλείαν
3307 578 3663 652 δωρουμένης.

2749 668 3005 723 ΚΕΦΑΛ.
3052 668 3227 722 PMB’.

2768 753 2906 820 Περὶ
2935 752 3215 816 Σαλϐίας.

2275 840 2413 892 Κατ’
2441 840 2619 893 ἐκεῖνο
2645 840 2842 910 καιροῦ
2877 839 3079 910 συνέϐη
3110 838 3225 909 ἅμα
3266 836 3470 891 ὁδεύειν
3500 837 3635 908 ἡμᾶς
3657 839 3745 892 ἀπο

2202 924 2391 989 Allia;
2420 927 2512 979 ἐπὶ
2544 928 2644 998 τὴν
2674 930 2975 997 Αἴγυπτον,
3008 927 3439 1000 προπέμποντας
3469 924 3564 995 τὴν
3594 943 3744 994 μακα-

2207 1013 2329 1080 ρίαν
2388 1015 2645 1081 Σαλϐίαν,
2698 1016 2799 1088 τὴν
2852 1017 3122 1088 παρθένον
3178 1017 3435 1085 γυναῖκα,
3464 1012 3746 1085 ἀδελφὴνᾶ

2210 1096 2492 1173 Ῥουφίνου
2512 1103 2605 1158 τοῦ
2632 1104 2738 1159 ἀπὸ
2762 1094 3039 1176 ἐπάρχων.

2756 1195 3007 1251 ΚΕΦΑΛ.
3044 1192 3223 1249 ΡΜΓν.

2740 1285 2881 1351 Περὶ
2929 1284 3243 1339 Ἰουϐἰνου.

2287 1368 2379 1423 Ἐν
2410 1363 2492 1434 οἷς
2526 1363 2597 1439 ἦν
2628 1370 2728 1425 σὺν
2761 1373 2895 1442 ἡμῖν
2925 1374 3021 1426 καί¹
3069 1372 3348 1436 Ἰουϐῖνος,
3377 1369 3503 1424 τότε
3537 1367 3626 1437 μὲν
3650 1362 3747 1422 διάδ

2203 1474 2381 1520 κονος,
2414 1460 2532 1511 νυνὶ
2563 1459 2621 1513 δέ
2670 1460 2971 1524 ἐπίσκοπος
3012 1459 3254 1529 γεγονὼς
3302 1458 3406 1527 τῆς
3445 1457 3747 1519 Ἀσκάλωνος

2215 1542 2567 1617 Ἐκκλησίας,
2590 1549 2732 1619 ἀνὴρ
2759 1548 2997 1618 εὐλαϐὴς
3025 1552 3121 1602 καὶ
3152 1547 3457 1616 φιλόλογος.
3480 1545 3748 1616 Σφοδροτάδ·

2201 1651 2295 1688 του
2326 1634 2418 1687 οὖν
2447 1636 2731 1706 καύματος
2772 1636 3174 1700 καταλαϐόντος
3204 1638 3376 1708 ἡμᾶς,
3408 1637 3748 1705 καταντήσανη

2201 1740 2303 1786 τας
2336 1724 2415 1787 είς
2458 1724 2521 1777 τὸ
2551 1724 2873 1793 Πηλούσιον,
2914 1725 3069 1796 ἔτυχε
3102 1722 3194 1779 τὸν
3237 1721 3495 1779 Ἰουϐῖνον
3548 1722 3748 1793 νιπτῆρα

511 1826 787 1895 καμφθεὶς
807 1825 864 1878 δὲ
884 1827 912 1879 ὁ
933 1822 1118 1895 πατὴρ
1145 1824 1280 1894 πρδς
1304 1810 1485 1874 οἶκτον
1509 1818 1610 1889 τῆς
1643 1812 1779 1879 ιδίας
1806 1812 2097 1886 θυγατρὸς,
2131 1847 2175 1907 Β
2203 1808 2445 1907 λαϐόντα
2470 1810 2730 1907 νίψασθαι
2761 1813 2861 1907 τάης
2886 1815 3082 1907 χεῖρας
3110 1812 3359 1907 καὶτοὺς
3395 1812 3748 1907 πόδας-πυγμῇ

511 1914 681 1968 ἐλθὼν
717 1913 858 1985 πρὸς
887 1913 979 1967 τὸν
1017 1908 1314 1967 ἐπίσκοπον
1350 1908 1544 1979 ἐδεήθη
1578 1904 1744 1959 αὐτοῦ
1778 1903 1986 1973 σφόδρα
2015 1903 2103 1955 εὐ-

511 2004 615 2071 χὴν
641 2002 846 2071 ταύτης
871 1999 1125 2069 γενέσθαι
1155 2001 1213 2057 ἐν
1234 2001 1301 2067 τῇ
1345 1995 1672 2067 Ἑκκλησίᾳδ
1697 1993 1792 2046 καὶ
1811 1990 2103 2061 γινομένης

512 2084 619 2141 ὑπὸ
646 2087 867 2140 πάντων
899 2086 1210 2157 προσευχῆς
1237 2084 1376 2153 πρὸς
1409 2084 1498 2136 τὸν
1527 2080 1831 2151 Δεσπότην,
1868 2078 1979 2133 οὐδ’
2006 2076 2101 2131 οὐ·

508 2190 620 2236 τως
645 2174 679 2242 ή
704 2172 863 2226 ἀθλία
886 2172 986 2240 τῆς
1012 2171 1259 2239 ἀνάγκης
1289 2168 1591 2240 ἐλυτρώθη.
1612 2168 1677 2222 At
1702 2168 1809 2238 γάρ
1834 2168 1991 2238 εὐχαὶ
2008 2163 2102 2220 τοῦ

514 2260 1017 2330 συκοφαντηθέντος
1055 2257 1399 2311 δυσωποῦσαι
1428 2257 1521 2310 τὸν
1550 2256 1853 2323 Δεσπότην,
1884 2253 2106 2308 ἀπετεί-

511 2360 670 2418 χισαν
697 2350 796 2410 τάς
830 2347 1038 2401 τούτων
1093 2346 1169 2419 μὴ
1215 2344 1644 2417 παραδεχθῆναι.
1698 2342 1914 2396 Τούτων
1960 2340 2103 2394 οὕτω

512 2436 817 2505 γεγονότων
855 2435 1095 2497 ἀναστὰς
1144 2437 1171 2488 6
1217 2435 1522 2496 ἐπίσκοπος
1570 2430 1843 2504 ἐπορεύθη
1888 2429 1969 2494 είς
2003 2430 2103 2500 τὴν

510 2524 709 2577 κέλλαν
750 2528 809 2579 ἐν
908 2520 976 2595 ἦν
1010 2525 1039 2578 6
1082 2522 1470 2593 ἀναγνώστηςο
1505 2521 1601 2577 καὶ
1639 2518 1974 2591 κρούσαντος
2003 2519 2102 2590 τήν

510 2606 685 2683 θύραν
716 2612 816 2666 οὐκ
847 2612 1039 2684 ήθελεν
1073 2612 1303 2677 ἀνοῖξαι.
1345 2611 1468 2664 Ἐπὶ
1499 2609 1634 2663 πολὺ
1660 2609 1716 2662 δέ
1753 2608 1850 2661 τοῦ
1880 2608 2104 2661 ἐπισκόσ

513 2720 617 2756 που
643 2700 747 2766 ἔξω
775 2700 1144 2773 παρεστῶτος,
1172 2699 1425 2754 κάκείνου
1453 2698 1601 2751 ἐνδον
1627 2697 1804 2759 δντος,
1833 2687 2047 2749 κελεύει
2074 2694 2104 2747 6

511 2791 812 2854 ἐπίσκοπος
839 2790 936 2862 τὴν
968 2788 1139 2861 θύραν
1163 2788 1489 2859 ἐπαρθῆναι.
1527 2788 1635 2840 Καὶ
1662 2785 1994 2849 εἰσελθόντες
2016 2778 2105 2838 εῦ-

516 2897 609 2950 ρον
646 2879 740 2932 τδν
784 2879 1070 2932 νεανίσκον
1109 2881 1176 2949 τῇ
1228 2879 1507 2948 προσευχῇ
1559 2871 2101 2946 προσκαρτεροῦντα,

513 2968 607 3021 ἐπὶ
641 2967 736 3021 τοῦ
776 2968 1004 3037 ἐδάφους
1054 2966 1481 3036 ἐφαπλωμένον·
1533 2965 1627 3018 καὶ
1670 2963 1804 3017 πολὺ
1846 2979 2103 3033 παρακαο

509 3055 674 3119 λέσας
705 3055 894 3109 τοῦτον
918 3056 1164 3127 ἦγειρεν,
1200 3053 1400 3121 λέγων·
1421 3051 1643 3121 Ἀδελφὲ
1668 3050 1935 3105 Εὐστάθιε
1966 3050 2101 3105 ἀνα-

509 3143 753 3211 γνώστα,
783 3143 1197 3214 φανερωθείσης
1226 3144 1326 3213 τῆς
1356 3140 1743 3208 συκοφαντίας,
1791 3138 1926 3192 Θεοῦ
1957 3141 2104 3192 οἰκο-

508 3234 695 3303 νομίᾳ,
726 3230 839 3285 τῶν
866 3233 977 3284 σῶν
1002 3228 1180 3301 εὐχῶν
1204 3229 1693 3294 είσακουσθεισῶν,
1717 3228 2102 3296 κατοικτειρή-

512 3337 609 3382 σας
633 3321 732 3388 τὴν
754 3321 834 3382 είς
857 3319 918 3371 σέ
942 3320 1331 3390 ήμαρτηκυῖαν
1351 3317 1487 3371 πολὺ
1512 3316 1963 3370 καταικισθεῖσαν
1983 3317 2104 3379 ταῖς

512 3408 737 3480 μάστιξι
760 3408 873 3460 τῶν
897 3407 1173 3478 βασάνων,
1197 3405 1360 3460 λῦσον
1386 3408 1485 3470 τὰς
1514 3405 1792 3477 ἀμαρτίας
1809 3421 1823 3438 ο
1849 3404 1974 3467 ταῖς
1994 3403 2102 3475 γάρ

513 3498 635 3558 σαῖς
677 3497 868 3566 εὐχαῖς
913 3495 1141 3549 τοιαῦτα
1182 3496 1383 3566 πάσχει
1404 3510 1418 3526 ·
1454 3495 1549 3548 καὶ
1574 3494 1695 3547 είπέ
1723 3492 1858 3564 πρὸς
1882 3493 1974 3546 τὸν
2005 3496 2105 3545 Δε-

514 3584 745 3652 σπότην,
787 3584 872 3637 ἵνα
908 3584 1081 3655 αὐτὴν
1110 3583 1461 3656 ἐλευθερώσῃ
1499 3582 1596 3635 τοῦ
1624 3580 1848 3636 τοκετοῦ
1877 3582 1971 3651 τῆς
1993 3596 2107 3635 κοιρ

510 3670 653 3737 λίας.
685 3672 792 3726 Τοῦ
816 3673 871 3726 δὲ
896 3675 1144 3744 ἀοιδίμου
1174 3673 1529 3741 ἀναγνώστου
1558 3672 1677 3743 ἅμα
1712 3672 1791 3743 τῷ
1817 3670 2104 3740 ἐπισκόπῳ

510 3763 749 3825 ἐκτενῶς
773 3762 1244 3833 προσευξαμένου,
1270 3766 1615 3833 παραχρῆμα
1639 3763 1673 3831 ἡ
1702 3760 1863 3814 ἀθλία
1882 3759 2108 3830 ἠλευθε-

511 3849 661 3923 ρώθη
696 3854 796 3921 τῆς
824 3852 1095 3920 ἀνάγκης,
1131 3853 1495 3920 ἀποκυήσασα
1520 3849 1754 3916 παιδίον,
1786 3848 2106 3903 ἱκετεύουσα

510 3941 638 4002 τοὺς
668 3940 879 4003 πάντας
912 3941 1188 4010 ἀφεθῆναι
1218 3941 1356 4011 αὐτῇ
1387 3939 1488 4011 τὴν
1524 3938 1758 4009 ἀνομίαν
1797 3940 1918 4001 ταῖς
1966 3953 2106 4008 πρε·-

512 4028 722 4092 σϐείαις
772 4027 865 4081 τοῦ
900 4028 1145 4081 δικαίου·
1184 4028 1243 4082 ὃν
1287 4028 1474 4082 λοιπὸν
1524 4028 1576 4080 οί
1611 4028 1811 4091 πάντες
1841 4021 1986 4096 εἶχον
2015 4025 2106 4079 τὸν

509 4118 758 4184 γενναῖον
792 4120 849 4170 ἐν
886 4118 1041 4182 τάξει
1080 4117 1188 4171 τῶν
1232 4116 1547 4189 μαρτύρων.
1585 4116 1775 4187 Πάσης
1805 4114 1915 4186 γάρ
1948 4114 2107 4186 μερί-

515 4221 653 4273 μνης
697 4203 889 4257 ἑαυτὸν
944 4204 1321 4275 ἐλευθερώσας
1373 4207 1454 4271 είς
1483 4206 1662 4276 ἀκραν
1700 4204 1977 4258 πολιτείαν
2006 4203 2108 4274 τῆς

512 4292 716 4363 ἀρετῆς
759 4292 1010 4364 ἀνῆλθεν,
1063 4294 1141 4359 ῶς
1190 4292 1287 4347 καί⁵
1336 4289 1679 4365 χαρίσματος
1729 4290 2106 4364 πνευματικοῦ

512 4383 704 4437 τοῦτον
741 4384 1061 4455 ἀξιωθῆναι.
1094 4385 1282 4439 Ταῦτα
1318 4385 1375 4439 δὲ
1407 4385 1752 4457 ἐγράψαμεν,
1792 4385 1881 4438 ινα
1918 4384 2109 4455 μηδεὶς

514 4475 932 4541 συκοφαντήσας
975 4476 1260 4546 περιπαγῇ
1305 4477 1418 4539 τοῖς
1461 4472 1698 4537 δικτύοις
1737 4471 1832 4527 τοῦ
1871 4470 2103 4543 ἐχθροῦ,

516 4563 613 4616 καὶ
643 4536 863 4635 ἐμπέσῃ
897 4564 979 4623 είς
1010 4536 1211 4626 ὀδύνας
1234 4536 1546 4634 ἀφορήτους
1574 4536 1711 4627 τέως
1741 4561 1842 4631 τῆς
1877 4536 2104 4634 σαρκὸς,
2130 4536 2186 4597 D

525 4649 669 4714 καθά
696 4650 791 4703 καὶ
815 4653 848 4720 ή
876 4652 1258 4721 προγραφεῖσα
1279 4652 1601 4720 ψευδοτόκος
1620 4668 1635 4682 ο
1663 4654 1801 4723 μετά
1820 4651 1877 4706 δέ
1900 4651 1996 4723 τήν
2024 4653 2110 4705 ἐν-

524 4738 714 4792 τεῦθεν
739 4738 831 4791 τοῦ
861 4739 1115 4809 σώματος
1141 4740 1463 4811 ἀπαλλαγὴν
1493 4739 1821 4811 παραδοθεὶς
1844 4740 2111 4811 κολαστη-

528 4828 661 4899 ρίοις
687 4827 927 4892 αίωνίοις
958 4829 1053 4882 καί¹
1086 4828 1483 4898 ἀτελευτήτοις.
1527 4830 1586 4882 '0
1614 4830 1722 4900 γὰρ
1754 4828 2111 4899 συκοφαντῶν

516 4916 844 4986 παροργίζει
899 4917 991 4971 τὸν
1046 4918 1200 4971 Θεόν.
1266 4918 1326 4971 '0
1371 4918 1429 4972 δέ
1469 4916 1975 4987 συκοφαντούμενος
2014 4915 2110 4970 καί⁵

514 5005 806 5074 ὑποφέρων
835 5005 1100 5071 εὐλαϐῶς,
1134 5006 1230 5059 καὶ
1258 5007 1447 5077 εὐχαῖς
1477 5006 1790 5079 ἐπιτρέπων
1819 5005 1919 5076 τὴν
1951 5004 2111 5075 φανέ-

516 5112 706 5165 ρωσιν,
737 5095 1026 5164 ἀναμένων
1051 5095 1150 5165 τήν
1172 5093 1390 5150 δικαίαν
1412 5096 1594 5167 κρίσιν
1621 5094 1718 5147 τοῦ
1740 5093 1902 5157 Θεοῦ,
1925 5093 2109 5158 καθὼς

514 5186 609 5237 καὶ
641 5185 670 5236 6
706 5184 1034 5255 στεφανίτης
1086 5185 1178 5239 τοῦ
1208 5186 1447 5258 Χριστοῦ
1476 5186 1505 5239 6
1540 5186 1634 5239 καὶ
1672 5183 1925 5251 ἐνταῦθα,
1965 5185 2110 5239 κατὰ

514 5273 716 5342 κράτος
750 5273 1053 5338 δοξασθεὶς,
1086 5276 1182 5329 καὶ
1226 5274 1335 5329 τῶν
1383 5274 1620 5328 αἰωνίων
1659 5274 1944 5343 στεφάνων
1974 5290 2109 5328 κατ-

514 5362 790 5426 ἀξιωθείς.
814 5362 1095 5434 Μάθωμεν
1116 5359 1210 5418 οὖν
1227 5364 1473 5436 ἀκριϐῶς
1486 5365 1584 5436 τὴν
1598 5365 1868 5435 ἀήττητον
1878 5362 2108 5435 δύναμιν

515 5453 616 5520 τῆς
644 5452 813 5522 εὐχῆς
839 5452 940 5525 τῆς
979 5454 1076 5508 καὶ
1113 5456 1238 5518 τοὺς
1269 5456 1326 5507 ἐν
1368 5454 1552 5509 πίστει
1588 5454 1974 5526 στηριζούσης,
2011 5454 2108 5508 καὶ

517 5540 651 5601 τοὺς
677 5543 735 5594 ἐν
763 5542 1060 5611 ἁμαρτίαις
1084 5543 1365 5613 ἐλεούσης,
1384 5543 1480 5597 καὶ
1508 5546 1618 5607 τοῖς
1645 5543 1743 5614 τήν
1760 5543 1961 5614 ἀρετὴν
1973 5561 2107 5598 κατ-

518 5626 741 5695 ορθοῦσι
790 5629 1113 5700 βοηθούσης,
1161 5633 1257 5687 καὶ
1298 5632 1395 5704 τήν
1436 5632 1616 5686 κτίσιν
1658 5633 1840 5685 πᾶσαν
1874 5633 2108 5704 κρατού-

520 5730 644 5785 σης,
671 5718 769 5772 καὶ
795 5719 889 5773 τὸν
934 5721 1161 5791 κτίστην
1193 5722 1411 5776 πάντων
1445 5720 1825 5793 δυσωπούσης,
1858 5723 1955 5775 καὶ
1981 5724 2107 5786 τοὺς

519 5804 928 5877 κατορθοῦντας
962 5808 1061 5881 τὴν
1110 5809 1343 5881 ἀρίστην
1397 5810 1677 5865 πολιτείαν
1726 5808 2104 5882 στεφανούσης

2204 1896 2550 1968 ψυχροτάτου
2576 1899 2730 1964 ὄντος
2755 1899 2849 1953 τοῦ
2886 1899 3099 1964 ὓδατος,
3145 1898 3241 1953 καὶ
3283 1898 3425 1970 μετά
3450 1899 3512 1952 τὸ
3531 1896 3748 1966 νίψασθαι

2205 1986 2522 2059 δερμοτύλῳ
2567 1990 3061 2043 ἐπαναπαύσασθσι
3112 1989 3331 2060 ριφέντι
3363 1989 3502 2042 κατά
3522 1988 3610 2040 τοῦ
3648 1987 3745 2041 ἐδάδ

2206 2088 2363 2145 φους.
2404 2070 2708 2131 Ἐπιστᾶσα
2737 2077 2795 2131 δέ
2831 2078 3010 2148 τούτῳ
3036 2078 3070 2145 ή
3112 2076 3416 2148 μακαρϊτις
3455 2075 3662 2138 Σαλϐία,
3691 2074 3748 2139 ὡς

2209 2165 2393 2235 μήτηρ
2424 2164 2562 2235 σοφὴ
2594 2164 2712 2219 υίοῦ
2740 2165 3016 2237 κηδομένη
3036 2165 3283 2237 γνησίου,
3304 2166 3643 2240 ἐπέσκηπτεν
3669 2163 3748 2217 αὐ-

2204 2253 2300 2307 τοῦ
2335 2257 2401 2325 τῇ
2427 2255 2730 2327 ἀπαλότητι
2756 2255 2848 2309 τοῦ
2878 2255 3151 2326 σώματος,
3182 2256 3421 2324 λέγουσα
3446 2252 3589 2324 αὐτῷ
3612 2270 3625 2284 ·
3652 2251 3750 2316 Πῶς

2207 2341 2429 2411 θαρσεῖς
2455 2360 2549 2399 σου
2565 2344 2644 2415 τῷ
2678 2344 2912 2416 σώματι,
2934 2346 3193 2416 τοιαύτην
3222 2346 3375 2414 ἀγων
3411 2344 3508 2416 τὴν
3545 2344 3746 2415 ἡλικίαν,

2205 2430 2302 2485 καὶ
2331 2431 2412 2484 ἔτι
2441 2431 2656 2499 ζέοντός
2687 2450 2781 2487 σου
2811 2433 2906 2488 τοῦ
2936 2435 3173 2503 αἵματος
3197 2451 3212 2501 ;
3240 2434 3415 2496 οὓτως
3447 2451 3537 2486 σου
3560 2432 3747 2503 φιλοκα-

2204 2520 2318 2583 λεῖς
2343 2521 2403 2574 τὸ
2430 2521 2678 2592 σαρκίον,
2708 2522 2783 2585 ὡς
2815 2522 2891 2593 μὴ
2925 2522 3248 2594 αἰσθόμενος
3274 2523 3386 2575 τῶν
3420 2522 3478 2589 ἐξ
3500 2520 3649 2577 αὐτοῦ
3681 2534 3746 2574 σοι

2205 2610 2546 2678 τικτομένων
2578 2610 2895 2682 βλαϐερῶν;
2924 2612 3154 2683 Θάρσει,
3184 2610 3446 2680 λέγουσα,
3472 2612 3660 2676 τέκνον,
3685 2609 3747 2662 δτι

2206 2696 2499 2767 ἑξηκοστὸν
2530 2698 2626 2752 νῦν
2665 2699 2875 2769 ἄγουσα
2925 2699 3045 2762 ἔτος
3091 2700 3191 2770 τῆς
3240 2699 3464 2771 ἡλικίας
3494 2697 3635 2759 ἐκτὸς
3662 2696 3748 2749 τῶν

2203 2787 2392 2857 ἄκρων
2429 2786 2652 2857 χειρῶν,
2698 2789 2796 2841 καὶ
2838 2786 2971 2840 αὐτὸ
3003 2787 3093 2841 διά
3142 2786 3456 2855 κοινωνίαν,
3503 2788 3597 2841 οὐκ
3646 2784 3742 2853 δψῑς

2208 2892 2309 2944 μου
2334 2874 2512 2946 ἥψατο
2543 2874 2758 2938 ὕδατος,
2784 2876 2845 2928 οὐ
2881 2875 3038 2941 ποῦς,
3071 2875 3183 2928 οὐδ’
3211 2875 3343 2929 ἀλλο
3367 2892 3422 2930 τι
3452 2874 3557 2929 τῶν
3583 2872 3744 2944 μελῶν,

2207 2963 2409 3034 καίπερ
2437 2964 2717 3037 διαφόροις
2736 2964 3039 3036 ληφθείσης
3062 2966 3423 3038 ἀρρωστίαις,
3449 2965 3541 3021 καὶ
3565 2964 3654 3018 ὑπὸ
3665 2962 3747 3016 τῶν

2209 3052 2414 3123 ἰατρῶν
2444 3053 2902 3126 άναγκαζομένης
2934 3053 3147 3127 λουτρῷ
3193 3054 3528 3125 χρήσασθαι,
3555 3054 3642 3107 οὐκ
3671 3053 3749 3120 ήν·

2206 3142 2449 3211 εσχόμην
2471 3141 2769 3197 ἀποδοῦναι
2795 3144 2861 3214 τῇ
2898 3142 3065 3214 σαρκὶ
3082 3143 3141 3196 τὸ
3166 3142 3319 3206 ἐθος’
3357 3142 3458 3197 οὐκ
3494 3143 3580 3195 ἐπὶ
3599 3138 3748 3209 κλίνης

2207 3230 2573 3302 ἐκαθεύδησα,
2595 3231 2657 3284 οὐ
2688 3232 2952 3303 λεκτικίῳ
2990 3230 3205 3287 ὥδευσά
3239 3248 3372 3286 που.

2277 3320 2424 3391 Αὕτη
2448 3321 2748 3393 λογιωτάτη
2775 3322 3023 3392 γέγονεν,
3045 3324 3079 3394 ἢ
3112 3324 3208 3377 καί⁸
3235 3321 3329 3375 τὸν
3352 3322 3494 3376 θεῖον
3513 3320 3663 3390 Λόγον
3685 3334 3747 3388 φι-

2204 3408 2420 3479 λήσασα
2455 3409 2555 3474 τὰς
2588 3408 2793 3474 νύκτας
2826 3411 2907 3474 εἰς
2946 3410 3161 3481 ἡμέρας
3190 3409 3525 3482 ἀνέστρεψεν
3556 3404 3748 3479 δαψιλῶς

2208 3500 2377 3570 ἐλαίῳ
2425 3499 2636 3563 ταύτας
2667 3500 3130 3570 καταλάμπουσα,
3160 3502 3269 3554 πᾶν
3314 3501 3643 3572 σύγγραμμα
3665 3496 3745 3549 τῶν

2208 3588 2457 3659 ἀρχαίων
2486 3586 2993 3661 ὑπομνηματιστῶν
3019 3587 3340 3642 διελθοῦσα·
3374 3589 3432 3642 ἐν
3461 3584 3539 3651 οἷς
3581 3583 3743 3657 Ὠριγέο

2207 3692 2333 3739 νους
2368 3676 2638 3747 μυριάδας
2652 3676 2994 3747 τριακοσίας,
3016 3677 3318 3749 Γρηγορίου
3349 3677 3443 3731 καὶ
3464 3675 3661 3748 Πιερίου
3676 3670 3746 3725 καὶ

2210 3766 2504 3834 Στεφάνου,
2538 3766 2633 3821 καὶ
2678 3767 2984 3834 Βασιλείου,
3030 3767 3127 3821 καὶ
3174 3766 3383 3837 ἐτέρων
3424 3765 3579 3821 τινῶν
3619 3778 3746 3816 σπου·

2207 3854 2509 3909 δαιοτάτων
2546 3854 2817 3927 μυριάδας
2845 3855 3024 3910 εἴκοσι
3054 3855 3227 3909 πέντε
3248 3870 3263 3885 '
3299 3857 3403 3927 οὐχ
3442 3853 3633 3917 ἁπλῶς,
3654 3848 3747 3904 οὐδέ

2208 3943 2285 4006 ὡς
2322 3942 2513 4013 ἔτυχεν
2558 3943 2910 4014 παρελθοῦσα
2951 3944 3149 4008 ταῦτα,
3192 3943 3331 3999 ἀλλά
3383 3940 3745 4012 πεπονημένωςι

2209 4033 2440 4086 ἕκαστον
2473 4032 2677 4103 βιϐλίον
2712 4021 2946 4103 ἕϐδομον
2970 4034 3002 4104 ἢ
3036 4033 3222 4102 ὄγδοον
3249 4032 3549 4088 διελθοῦσα.
3576 4031 3655 4085 Διὸ
3675 4022 3747 4080 καὶ

2209 4120 2451 4193 ἠδυνήθη
2482 4121 2841 4193 ψευδωνύμου
2877 4122 3135 4193 γνώσεως
3180 4122 3597 4195 ἐλευθερωθεῖσα
3648 4131 3748 4171 πτε-

2212 4210 2454 4281 ρωθῆναι
2494 4211 2711 4283 πρῶτον
2769 4213 2835 4283 τῇ
2887 4213 3073 4282 χάριτι
3108 4210 3204 4265 τοῦ
3234 4211 3397 4277 Θεοῦ,
3431 4208 3544 4265 εἶτα
3579 4207 3660 4263 καί
3695 4200 3745 4273 τῇ

2208 4299 2438 4370 δυνάμει
2466 4300 2577 4355 τῶν
2606 4300 2802 4370 λογίων
2824 4301 2918 4355 τοῦ
2943 4298 3282 4371 Πνεύματος,
3316 4300 3499 4353 ἐλπίσι
3527 4294 3747 4368 χρησταῖς

2209 4386 2412 4461 ἑαυτὴν
2457 4389 2609 4461 ὄρνιν
2638 4391 2990 4461 ἐργασαμένη
3040 4389 3447 4460 πνευματικὴν,
3480 4387 3569 4442 καὶ
3597 4386 3747 4437 διαπε-

2214 4481 2430 4552 ράσασα
2462 4482 2553 4534 τὸν
2602 4480 2794 4535 τούτου
2836 4480 2930 4536 τοῦ
2978 4479 3094 4551 βίου
3118 4479 3281 4552 ζόφον
3304 4482 3511 4543 ἀνέπτη
3543 4475 3660 4547 πρὸς
3677 4466 3748 4523 τὸν

2211 4569 2466 4640 Χριστὸν,
2498 4568 2600 4633 τάς
2631 4569 2935 4634 ἀθανάτους
2963 4569 3199 4642 ἀμοιϐάς
3229 4570 3361 4643 παρ’
3392 4566 3550 4623 αὐτοῦ
3572 4558 3746 4629 ἀπολη·

2210 4663 2446 4734 ψομένη.

2767 4751 3021 4805 ΚΕΦᾹΛ.
3069 4750 3246 4807 ΡΜΔ¹.

2706 4839 2846 4908 Περὶ
2904 4838 3319 4908 Ὀλύμπιάδος.

2282 4923 2501 4996 Ταύτης
2528 4924 2649 4978 κατ’
2682 4923 2829 4995 ῐχνος
2852 4922 3114 4993 βαίνουσα
3142 4924 3236 4977 καὶ
3282 4927 3421 4979 κατά
3448 4924 3616 4978 πᾶσαν
3642 4919 3747 4988 ἀρε-

2210 5012 2309 5085 τὴν
2341 5013 2441 5083 τῆς
2485 5012 2673 5066 ἐνθέου
2706 5011 3085 5081 πνευματικῆς
3118 5012 3394 5076 πολιτείας
3422 5013 3454 5083 ή
3483 5021 3747 5081 σεμνοπρε-

2212 5103 2459 5172 πεστάτη
2495 5101 2823 5173 Ὀλυμπιάς,
2853 5100 2951 5154 καί⁵
2995 5099 3419 5173 ζηλωτικωτάτη
3450 5100 3543 5169 τῆς
3583 5099 3655 5159 είς
3677 5091 3747 5146 οὐ·

2214 5194 2375 5264 ρανὺν
2415 5191 2692 5263 φερούσης
2745 5191 2891 5256 ὁδοῦ,
2946 5192 3008 5245 ἐν
3067 5194 3236 5248 πᾶσιν
3284 5182 3743 5257 ἀκολουθήσασατῇ

2209 5283 2405 5355 γνώμῃ
2425 5283 2535 5337 τῶν
2563 5282 2725 5336 θείων
2753 5282 3010 5353 Γραφῶν,
3038 5282 3285 5353 θυγάτηρ
3300 5281 3542 5352 γεγονυῖα
3558 5277 3611 5332 τὸ
3631 5266 3744 5329 κατὰ

2212 5376 2392 5445 σάρκα
2424 5371 2692 5426 Σελεύκου
2732 5371 2828 5425 τοῦ
2865 5372 2974 5424 ἀπὸ
3014 5373 3291 5441 κομήτων,
3325 5368 3565 5440 ἀληθινὸν
3599 5364 3649 5418 δὲ
3674 5360 3743 5445 τέτ

2211 5440 2337 5517 κνον
2380 5460 2516 5514 Θεοῦ
2559 5460 2703 5514 κατὰ
2748 5457 2997 5527 Πνεῦμα,
3030 5440 3231 5529 ἐκγόνη
3279 5457 3335 5513 δέ
3369 5454 3631 5512 Ἀϐλαϐίου
3667 5440 3740 5502 τοῦ

2211 5552 2319 5605 ἀπὸ
2360 5550 2639 5621 ἐπάρχων,
2666 5548 2853 5619 νύμφη
2881 5548 2940 5602 δέ
2971 5549 3108 5618 πρὸς
3136 5547 3322 5615 ὀλίγας
3349 5545 3555 5618 ἡμέρας
3576 5534 3742 5609 N569:-

2210 5636 2322 5688 δίου
2356 5633 2448 5686 τοῦ
2481 5634 2590 5686 ἀπὸ
2617 5633 2878 5703 ἐπάρχων
2911 5631 3123 5696 πόλεως
3164 5630 3561 5685 Κωνσταντίνου
3586 5643 3597 5656 ·
3628 5620 3740 5689 αὕτη

2208 5724 2267 5778 δέ
2289 5725 2353 5793 τῇ
2396 5720 2626 5793 ἀληθεία
2675 5720 2816 5791 γυνή
2848 5719 3085 5783 οὐδενός.
3132 5720 3365 5789 Λέγεται
3396 5718 3498 5789 γάρ
3521 5712 3739 5785 ἀμίαντος

2211 5808 2577 5882 κεκοιμῆσθαι
2617 5809 2887 5879 παρθένος
2944 5806 3174 5879 σύμϐιος
3219 5809 3466 5879 γεγονυῖα
3509 5802 3595 5859 τοῦ
3622 5799 3735 5855 θείου
