4028 6478
351 392 491 448 1215

1629 381 1948 443 HISTORIA
1987 368 2387 441 LAUSIACA.‘

3472 402 3605 462 1946

336 510 666 564 nuntiarunt.
715 504 869 560 Pater
916 512 1096 559 autem
1144 500 1341 559 veritus
1370 520 1436 559 ne
1460 505 1910 559 condemnaretur
1937 516 1988 574 Α
2016 503 2118 568 uis,
2153 518 2274 570 quae
2321 513 2372 555 et
2401 502 2584 556 fideles
2636 501 2938 568 confirmat,
2991 513 3044 559 et
3076 515 3410 572 peccatorum
3440 513 3605 568 mise-

338 611 398 653 ut
424 598 807 662 calumniator,
835 612 956 650 cum
987 613 1089 650 non
1120 597 1565 651 adltiberetfidem
1584 597 1763 659 dictis.
1795 600 1917 656 silet

333 691 464 743 duos
494 680 630 744 dies.
666 689 868 743 Rursus
915 698 1091 742 autem
1124 689 1339 749 misera,
1371 703 1431 743 se
1476 689 1697 743 invicem
1748 691 1902 744 exci.

337 780 606 846 pientibus
652 778 860 832 acerbis
906 777 1263 831 afﬂictabatur
1307 778 1603 839 doloribus,
1652 793 1774 830 cum
1810 796 1912 835 non

334 881 519 938 posset
548 871 799 937 deinceps
830 872 909 923 vel
944 870 1122 922 vivere
1168 868 1252 921 vel
1285 868 1439 922 mori.
1488 867 1727 937 Cumque
1759 870 1807 922 id
1834 868 1906 923 ef-

330 957 491 1028 fugit,
522 961 695 1014 oritur
739 960 855 1013 dies
886 970 1129 1023 octavus,
1163 966 1217 1012 et
1243 972 1428 1013 rursus
1471 974 1663 1023 nonus,
1713 959 1915 1027 gravis-

332 1054 485 1107 simis
537 1064 911 1121 perpetuarum
961 1053 1285 1119 vertiginum
1330 1053 1560 1107 tenebris
1588 1068 1705 1107 eam
1752 1052 1915 1105 offus-

330 1155 538 1197 eautes.
569 1144 698 1196 Cum
746 1158 873 1211 ergo
898 1142 1012 1210 ejus
1040 1157 1263 1210 magnus
1302 1141 1531 1209 ejulatus
1583 1156 1687 1196 non
1741 1140 1909 1196 ferret

328 1240 650 1296 cooventus,
702 1232 817 1286 bzec
860 1234 1053 1286 cursim
1099 1231 1411 1286 festinantes
1459 1236 1763 1286 renuntiant
1796 1231 1909 1301 epi-

330 1339 524 1390 scopo,
555 1326 663 1391 jam
707 1339 827 1377 esse
856 1338 1053 1376 nonum
1102 1323 1242 1376 diem
1272 1338 1338 1376 ex
1366 1338 1473 1391 quo
1503 1324 1591 1377 illa
1623 1324 1911 1377 confitetur
1940 1376 1941 1379 η

326 1429 393 1467 se
415 1428 697 1467 accusasse
741 1412 1015 1477 lectorem,
1041 1426 1142 1466 nec
1167 1426 1322 1480 posse
1342 1428 1547 1480 parere,
1573 1413 1711 1481 quod
1738 1414 1909 1478 ipsum

321 1506 405 1560 sit
433 1506 770 1559 calumniam.
808 1506 1098 1575 Episcopus
1127 1516 1305 1560 autem
1350 1520 1469 1560 cum
1503 1507 1616 1560 haec
1655 1508 1909 1562 audiisset

323 1612 358 1649 a
401 1597 712 1664 virginibus,
760 1597 825 1649 ad
871 1598 1123 1651 lectorem
1159 1596 1321 1650 mittit
1352 1597 1484 1651 duos
1531 1597 1809 1663 diaconos,
1860 1597 1908 1652 ei

319 1687 505 1740 Omnia
520 1686 907 1754 significans,et
935 1696 990 1739 ut
1021 1702 1116 1755 pro
1147 1688 1257 1754 ipsa
1271 1698 1542 1753 oraret,ut
1574 1690 1770 1742 misera
1792 1705 1911 1743 mu.

320 1776 431 1830 licr
469 1777 785 1831 liberaretur
833 1778 899 1832 ab
950 1778 1013 1832 iis
1041 1777 1469 1835 necessitatibus.
1518 1780 1775 1849 Egregius
1814 1796 1907 1834 au-

2020 602 2189 652 retur.
2218 604 2272 647 et
2315 593 2475 646 flectit
2505 609 2567 645 ac
2596 603 2773 647 movet
2801 597 3037 650 omnium
3066 608 3385 667 creatorem,
3417 612 3472 658 et
3491 621 3587 659 eos

2023 695 2248 739 coronat
2298 689 2477 753 quise
2521 701 2586 740 ex
2637 687 2827 741 virtute
2859 699 3005 743 recte
3031 704 3244 759 gerunt,
3293 705 3346 748 et
3374 696 3451 750 eis
3499 699 3590 768 qui

2019 776 2073 829 in
2099 790 2159 830 ea
2189 784 2554 843 perseverant,
2586 776 2805 844 largitur
2836 793 3056 847 regnum
3081 783 3366 840 etelorum.

2572 867 2797 925 CAPUT
2835 870 3033 924 CXLII.

2394 954 2513 1012 νέω
2540 970 2732 1013 sanctae
2762 961 3006 1017 Silvanire
3033 960 3210 1031 (205).

2088 1047 2179 1103 lllo
2210 1056 2450 1118 tempore
2482 1052 2706 1121 contigit
2736 1064 2789 1105 ut
2822 1069 2918 1108 nos
2947 1057 3103 1110 simul
3135 1060 3505 1129 navigaremus
3531 1062 3600 1119 ab

2015 1135 2158 1191 Elia
2207 1139 2256 1191 ill
2308 1138 2630 1209 Egyptutn,
2670 1140 2995 1199 deducentes
3045 1146 3254 1202 beatam
3305 1151 3594 1207 Silvaniatn

2014 1230 2306 1298 virginem,
2338 1247 2580 1288 sororem
2619 1243 2795 1289 autem
2839 1237 3069 1307 Rufﬁni,
3101 1242 3191 1311 qui
3234 1242 3333 1298 fuit
3364 1258 3426 1299 cx
3456 1258 3600 1315 prae-

2019 1321 2200 1377 tectis.

2559 1396 2787 1454 CAPUT
2827 1398 3051 1456 CXLIII.

2547 1487 2626 1541 De
2654 1487 2843 1543 Jubt'no
2885 1491 3057 1561 (“206).

2085 1573 2227 1631 Inter
2248 1590 2381 1646 quos
2408 1586 2524 1631 erat
2551 1580 2710 1632 etiam
2744 1581 3016 1637 nobiseum
3048 1583 3294 1653 Jubinus,
3325 1594 3449 1642 tunc
3478 1590 3599 1655 qui-

2014 1667 2134 1723 dem
2164 1668 2438 1731 diaconus.
2471 1686 2607 1723 nunc
2639 1681 2815 1726 autem
2848 1676 3126 1743 episcopus
3164 1679 3405 1733 ecclesiae
3436 1682 3598 1734 Asca-

2010 1759 2168 1825 lonis,
2200 1761 2278 1814 vir
2318 1760 2435 1830 pius
2465 1770 2519 1814 et
2545 1764 2809 1817 eruditus.
2838 1762 2972 1819 Cum
3010 1778 3188 1821 autem
3229 1769 3596 1824 veltenlentisa

319 1876 435 1921 tem
458 1869 767 1922 adolescens
793 1884 965 1938 neque
986 1870 1067 1922 eis
1096 1870 1243 1924 dedit
1268 1886 1611 1939 responsum,
1647 1887 1744 1925 nec
1774 1887 1899 1939 ape-
1933 1885 1979 1943 Β
2010 1852 2177 1950 {imus
2208 1865 2492 1950 ηοεξίξξδίυε
2520 1853 2831 1950 ίοὲνξδηίδθθίν
2863 1865 2916 1909 εί
2948 1858 3376 1924 Ρθτνθηίδδθῖηυδ
3426 1860 3592 1914 Pcw"

314 1960 433 2013 ruit
463 1960 687 2025 ostium;
712 1960 804 2014 sed
830 1976 860 2014 a
891 1975 995 2027 quo
1021 1961 1107 2014 die
1135 1961 1406 2030 ingressus
1455 1969 1540 2016 est
1587 1965 1637 2015 in
1666 1963 1855 2016 cellam
1882 2002 1897 2025 ,

317 2062 435 2102 non
469 2050 619 2115 exiit,
664 2051 892 2117 implens
938 2063 1253 2105 consuetam
1305 2051 1540 2119 regulam
1595 2051 1800 2119 jejunii,
1849 2061 1903 2105 et

309 2138 435 2193 Deo
462 2156 647 2209 preces
676 2140 925 2195 fundens.
958 2141 1339 2196 Flesusautem
1356 2154 1527 2210 pater,
1559 2153 1611 2196 et
1644 2142 1764 2194 filiae
1788 2156 1900 2194 suae

308 2231 604 2297 misertus,
635 2233 854 2286 veniens
885 2234 951 2287 ad
983 2235 1329 2302 episcopum,
1360 2249 1481 2289 eum
1517 2234 1669 2288 valde
1694 2236 1903 2304 rogavit

305 2330 374 2372 ut
404 2334 505 2387 pro
552 2335 613 2373 ea
657 2323 930 2376 orationes
962 2324 1153 2378 ﬂerent
1180 2326 1232 2377 in
1266 2326 1510 2379 ecclesia.
1548 2327 1613 2379 Et
1651 2341 1771 2379 cum
1806 2342 1900 2392 pro

301 2424 372 2465 ea
413 2425 609 2478 preces
641 2411 769 2466 fuste
795 2420 979 2467 essent
1004 2414 1070 2467 ab
1115 2415 1365 2469 omnibus
1394 2416 1459 2469 ad
1490 2416 1795 2479 Doininum,
1830 2433 1901 2472 ne

297 2503 389 2557 sic
432 2504 647 2572 quidem
695 2505 887 2559 misera
929 2505 1151 2560 liberata
1179 2516 1261 2561 est
1308 2521 1339 2560 a
1392 2509 1737 2564 necessitate.
1769 2508 1899 2578 Ejus

296 2596 463 2650 enim
495 2597 584 2662 qui
615 2612 708 2665 per
735 2598 1053 2652 calumniam
1084 2599 1261 2654 fuerat
1288 2610 1593 2668 accusatus,
1626 2604 1898 2657 orationes

304 2684 602 2739 Dominum
655 2698 955 2753 monentes,
1008 2690 1281 2756 arcebant,
1332 2707 1401 2747 ne
1470 2708 1655 2747 eorum
1707 2709 1892 2762 preces

304 2776 747 2833 admitterentur.
777 2779 869 2832 His
892 2782 968 2835 sic
997 2782 1181 2849 gestis,
1228 2797 1450 2850 surgens
1478 2785 1758 2853 episcopus
1792 2784 1888 2841 ivit

302 2870 374 2923 ad
400 2870 591 2923 cellam
614 2870 664 2923 in
684 2886 786 2939 qua
810 2881 925 2926 erat
948 2872 1114 2927 lector
1132 2889 1148 2931 :
1169 2883 1223 2928 et
1245 2889 1366 2929 cum
1393 2876 1653 2943 pulsasset
1672 2879 1891 2941 ostium,

302 2960 531 3014 nolebat
556 2962 599 3015 is
626 2963 851 3028 aperire.
885 2961 1015 3016 Cum
1057 2964 1145 3016 diu
1176 2972 1354 3019 autem
1381 2964 1510 3019 foris
1558 2965 1745 3020 fuisset
1774 2967 1888 3033 epi-

301 3065 532 3117 scopus,
562 3049 655 3105 ille
677 3062 855 3105 autem
880 3052 1043 3115 intus,
1057 3053 1211 3123 jubet
1231 3054 1512 3123 episcopus
1538 3056 1647 3111 tolli
1674 3060 1891 3112 ostium.

302 3144 374 3195 Et
407 3142 631 3209 ingressi
663 3143 978 3198 invenerunt
1007 3146 1405 3201 adolescentem
1429 3148 1481 3202 in
1504 3148 1746 3203 oratione
1768 3164 1890 3217 per-

2006 1940 2181 2004 siunl,
2219 1940 2419 1994 accidit
2459 1951 2513 1995 ut
2556 1943 2805 2011 Jubinus,
2850 1958 3066 2013 accepta
3116 1950 3285 2016 pelvi,
3331 1952 3492 2016 pedes
3538 1957 3595 2003 ct

2007 2045 2192 2083 manus
2222 2032 2412 2099 patruis
2445 2032 2645 2087 lavaret
2677 2047 2810 2101 aqua
2844 2036 3202 2104 frigidissima,
3228 2047 3279 2092 et
3311 2050 3592 2107 pOSIquam

2005 2120 2253 2185 lavisset,
2286 2136 2446 2188 super
2495 2122 2792 2190 pelliculam
2833 2124 2978 2179 humi
3010 2135 3229 2180 stratam
3278 2131 3585 2196 requiesce-

2003 2220 2103 2264 ret.
2135 2211 2266 2265 Cum
2299 2223 2477 2267 autem
2506 2213 2592 2266 illa
2622 2214 2672 2267 id
2700 2214 3048 2283 advertisset,
3082 2228 3137 2270 ιιι
3170 2225 3338 2271 mater
3367 2220 3585 2286 sapiens

2002 2304 2242 2369 germani
2278 2303 2399 2366 lilii,
2428 2304 2544 2368 ejus
2575 2303 2869 2371 increpavit
2897 2306 3196 2371 mollitiem,
3231 2307 3415 2360 dicens
3443 2325 3456 2361 :
3488 2307 3588 2373 Qui

2002 2392 2055 2447 in
2087 2392 2324 2444 animum
2356 2392 2585 2456 inducis,
2616 2393 2763 2446 illam
2791 2408 2952 2460 agens
2978 2404 3188 2447 artatem
3212 2437 3227 2461 ,
3259 2397 3469 2451 vivente
3496 2397 3592 2450 all-

2004 2480 2109 2535 huc
2140 2490 2229 2535 tuo
2257 2481 2537 2549 sanguine,
2568 2497 2735 2552 usque
2764 2484 2899 2538 adeo
2930 2493 3073 2538 tuam
3107 2486 3288 2540 fovere
3328 2502 3591 2541 caruncu-

2000 2572 2134 2635 lam,
2170 2586 2276 2626 non
2305 2572 2541 2626 sentiens
2569 2573 2761 2627 damna
2793 2590 2909 2643 qua:
2938 2589 3001 2629 ex
3033 2590 3097 2629 eo
3127 2577 3406 2631 oriuntur?
3438 2579 3588 2632 Ceu-

2000 2664 2125 2729 fitle,
2156 2662 2403 2719 confide:
2434 2677 2562 2719 ecce
2589 2680 2689 2733 ago
2716 2681 2911 2720 annum
2942 2668 3116 2721 aetatis
3155 2670 3546 2738 sexagesimum
3570 2712 3587 2737 ,

1997 2764 2193 2824 praeter
2231 2765 2472 2810 extrema
2514 2771 2768 2812 manuum
2815 2758 2992 2827 (207)
3043 2760 3278 2814 mearum
3337 2763 3430 2831 (et
3487 2763 3591 2817 huc

2000 2859 2218 2916 propter
2242 2852 2700 2919 communionem)
2729 2866 2837 2904 non
2863 2866 2954 2921 pes
2982 2867 3132 2907 meus
3154 2870 3347 2923 aquam
3378 2856 3584 2925 tetigit,

1999 2953 2104 2992 non
2138 2940 2333 3007 vultus,
2368 2955 2539 3007 neque
2581 2942 2744 2996 ullum
2774 2956 2841 2996 ex
2890 2947 3145 2997 membris
3186 2946 3339 3011 meis,
3373 2948 3583 3002 etiamsi

2000 3046 2087 3086 me
2117 3033 2275 3086 variae
2322 3033 2615 3088 invaserint
2655 3035 3024 3102 aegritudines;
3056 3047 3109 3090 et
3149 3052 3268 3092 eum
3299 3054 3330 3092 a
3362 3040 3585 3096 itiedicis

1995 3139 2217 3196 cogerer
2244 3128 2316 3180 uti
2350 3128 2559 3191 balneo,
2592 3143 2695 3181 non
2725 3128 2907 3183 induxi
2940 3131 2994 3183 in
3020 3132 3254 3185 animum
3284 3132 3430 3187 carni
3459 3133 3603 3188 red-ﬁ

298 3242 671 3300 severantem,
700 3242 756 3287 et
788 3235 931 3289 humi
962 3240 1424 3305 procumbentem.
1455 3242 1626 3307 Quem
1657 3215 1885 3297 multum
1916 3250 1966 3312 α
1998 3215 2126 3269 dere
2168 3215 2437 3281 debitum’
2470 3233 2575 3271 "0"
2606 3220 2665 3312 i"_
2706 3219 2842 3274 ¹θ⁰¹⁰
2880 3222 3183 3289 quiescem’
3234 3237 3341 3278 ¹¹⁰¹¹
3388 3224 3579 3280 mea“

298 3341 506 3394 rogans
530 3327 833 3395 episcopus,
863 3330 909 3381 ei
942 3330 1073 3384 dicit
1103 3348 1115 3382 :
1144 3330 1331 3385 Frater
1354 3330 1598 3387 Eustathi
1621 3334 1808 3398 lector,
1839 3334 1890 3388 in

295 3428 553 3484 apertum
586 3420 787 3487 prolata
814 3423 1077 3478 calumnia
1122 3424 1213 3478 Dei
1249 3426 1604 3495 providentia,
1639 3436 1697 3482 et
1723 3444 1890 3483 exau-

295 3512 429 3566 ditis
458 3514 563 3564 tuis
590 3513 936 3577 orationibus,
969 3516 1226 3570 miserere
1254 3516 1370 3585 ejus
1397 3534 1517 3586 qua:
1542 3519 1595 3572 in
1625 3530 1675 3573 te
1703 3534 1890 3587 pecca-

292 3605 396 3668 vit,
415 3617 543 3670 quze
558 3611 942 3658 tormentorum
960 3606 1178 3674 flagellis
1192 3607 1619 3665 fuitexcruciata.
1638 3612 1889 3668 Miserere

291 3698 559 3762 deinceps
574 3695 801 3759 miserae,
816 3708 863 3751 et
885 3711 1104 3765 surgens
1117 3700 1265 3753 solve
1279 3702 1417 3769 quod
1433 3700 1625 3771 ligasti,
1643 3702 1889 3768 precibus

288 3788 438 3841 enim
471 3787 583 3837 luis
606 3786 717 3839 Ιηιιο
736 3789 951 3854 patitur,
971 3799 1025 3841 ct
1052 3790 1134 3843 die
1165 3791 1387 3844 Domino
1419 3801 1475 3845 ut
1504 3807 1620 3845 eam
1640 3790 1830 3845 liberet
1857 3807 1887 3846 a

286 3887 444 3947 partu
504 3877 723 3929 ventris.
773 3876 903 3930 Cum
949 3893 1124 3932 autem
1172 3879 1400 3950 inclytus
1444 3880 1615 3934 lector
1668 3881 1883 3936 intense

288 3980 478 4024 oraret
512 3968 671 4023 simul
719 3984 839 4022 cum
885 3973 1155 4039 episcopo,
1204 3973 1386 4025 statim
1435 3972 1630 4027 misera
1660 3972 1885 4028 liberata

292 4071 382 4115 est
431 4076 461 4112 a
515 4060 864 4125 necessitate,
913 4061 1068 4114 enixa
1122 4060 1416 4127 infantem;
1460 4076 1653 4131 rogans
1695 4077 1885 4118 omnes

294 4163 357 4209 ttt
445 4154 498 4210 ei
587 4156 966 4210 remitteretur
1068 4152 1319 4220 iniquitas
1349 4152 1516 4222 ipsius
1541 4154 1673 4223 juSIi
1718 4153 1887 4209 inter-

291 4240 546 4293 cessione
578 4254 590 4289 :
617 4247 671 4291 et
700 4240 848 4291 illum
877 4244 1147 4310 egregium
1169 4243 1337 4296 virum
1363 4245 1667 4298 habuerunt
1693 4259 1883 4300 omnes

289 4332 552 4397 deinceps
578 4330 694 4382 luco
724 4334 993 4400 martyris.
1039 4332 1167 4385 Nam
1194 4348 1313 4387 cum
1345 4349 1402 4388 se
1450 4335 1706 4404 deinceps
1756 4337 1885 4390 libe-

290 4429 473 4475 rasset
512 4420 582 4471 ab
612 4423 756 4474 omni
789 4422 1179 4489 sollicitudine,
1213 4425 1458 4493 pervenit
1504 4427 1569 4480 ad
1614 4442 1881 4481 sumntum

292 4514 418 4565 vita:
441 4527 565 4579 qua:
593 4526 657 4565 ex
682 4514 877 4567 virtute
904 4516 1098 4582 agitur,
1127 4515 1262 4571 adeo
1288 4527 1344 4570 ut
1372 4518 1414 4569 is
1436 4519 1710 4588 sitdignus
1733 4518 1882 4572 habi-

291 4615 378 4657 tus
401 4603 632 4669 spiritali
662 4606 853 4672 gratia.
900 4604 1027 4660 llazc
1048 4620 1227 4661 autem
1266 4610 1601 4679 scripsimus,
1652 4627 1719 4665 ne
1759 4627 1827 4679 qu
1855 4625 1880 4665 s
1906 4613 1959 4672 Ι)

290 4696 657 4748 calumniatus
689 4695 1006 4763 illaqueetur
1038 4698 1119 4751 his
1151 4698 1349 4753 inimici
1379 4701 1601 4767 retibus,
1651 4710 1703 4756 et
1749 4702 1881 4756 inci-

285 4789 461 4839 datin
489 4786 709 4839 dolores
731 4788 904 4841 carnis
945 4788 1329 4858 intolerabiles,
1378 4792 1514 4845 sicut
1559 4792 1677 4848 haec
1728 4797 1881 4865 prius

288 4881 490 4948 scripta
525 4891 609 4931 est
634 4878 767 4931 falsa
798 4883 1129 4947 accusatrix;
1166 4895 1442 4952 postquam
1478 4896 1655 4939 autem
1698 4901 1726 4939 a
1759 4902 1881 4941 cor-

293 4988 419 5027 ;urc
443 4970 605 5024 fuerit
648 4969 927 5036 liberatus,
979 4974 1216 5027 tradatur
1262 4978 1483 5029 aeternis
1516 4976 1872 5031 intolerabili-

294 5068 389 5113 lius
440 5065 763 5125 turmeutis,
813 5070 866 5115 et
917 5079 1035 5132 qua:
1083 5080 1350 5133 nunquam
1377 5066 1646 5121 desinent.
1704 5067 1873 5122 Deum

288 5153 434 5204 enim
520 5152 585 5205 ad
658 5155 789 5206 iram
864 5164 1117 5219 provocat
1198 5156 1242 5210 is
1309 5159 1401 5226 qui
1474 5159 1872 5214 calumniatur:

290 5244 379 5308 qui
456 5253 634 5297 autem
723 5259 816 5311 per
889 5246 1211 5302 calumniam
1307 5261 1618 5319 accusatur,
1716 5255 1877 5322 idque

289 5334 391 5385 fvrt
437 5337 524 5402 pio
555 5344 608 5387 et
663 5351 815 5404 aequo
845 5338 1044 5401 animo,
1092 5348 1146 5393 et
1175 5341 1292 5409 ejus
1346 5342 1398 5397 in
1456 5354 1702 5413 apertum
1756 5363 1878 5407 pro-

296 5423 548 5477 Iz-tionem
620 5426 877 5494 permittit
947 5430 1222 5498 precibus,
1297 5446 1617 5502 exspectans
1672 5437 1874 5507 justum

292 5510 386 5564 D--i
435 5512 717 5581 judicium,
749 5518 878 5572 sicut
913 5519 997 5573 hic
1026 5535 1052 5572 a
1086 5521 1302 5577 Christo
1355 5538 1680 5594 coronatus;
1714 5531 1755 5584 is
1801 5539 1878 5594 et,

293 5604 432 5670 quod
460 5604 578 5675 ejus
603 5606 746 5661 sileri
776 5618 968 5677 potest,
994 5611 1238 5667 laudatur
1258 5654 1275 5680 ,
1315 5624 1371 5669 et
1402 5616 1451 5670 in
1483 5617 1684 5674 honore
1717 5622 1877 5676 halle—

295 5696 400 5752 tur,
434 5701 490 5745 et
519 5705 772 5751 aeternam
800 5712 1053 5755 coronam
1082 5707 1448 5774 consequitur.
1483 5709 1760 5765 Discamus
1789 5730 1876 5768 er-

297 5795 363 5850 go
392 5783 676 5854 diligenter
702 5804 858 5859 quam
905 5794 1013 5850 sint
1064 5796 1453 5867 insuperabiles
1485 5802 1627 5857 vires
1672 5805 1878 5861 oratio-

1996 3320 2217 3376 usquatn
2246 3317 2449 3375 gestata
2484 3310 2813 3380 ingrediens.
3022 3371 3031 3379 _

2068 3398 2192 3452 Haec
2221 3414 2340 3453 cum
2365 3409 2509 3454 esset
2534 3400 2866 3471 doctissima,
2899 3404 3195 3458 doctrinam
3219 3418 3405 3462 amore
3431 3422 3584 3464 com-

1994 3489 2172 3558 plexa,
2204 3501 2389 3544 noctes
2417 3492 2569 3545 uberi
2600 3493 2720 3547 oleo
2753 3507 2784 3545 a
2816 3509 2874 3547 se
2904 3495 3228 3550 illuiniuatas
3258 3500 3495 3552 mutabat
3527 3500 3579 3553 in

1992 3580 2128 3648 dies,
2158 3581 2333 3635 omnia
2366 3583 2705 3652 antiquorum
2733 3585 2822 3651 qui
2850 3588 3264 3642 commentarios
3295 3590 3581 3644 ediderunt

1990 3670 2186 3738 scripta
2237 3685 2582 3740 percurrens,
2628 3673 2872 3741 Origenis
2912 3677 3094 3731 tricies
3136 3686 3364 3733 centena
3413 3680 3579 3734 millia

1991 3776 2273 3827 versuum,
2320 3762 2564 3832 Gregorii
2601 3773 2658 3818 et
2693 3763 2985 3833 Stephani,
3020 3775 3076 3821 et
3116 3767 3270 3822 Pierii
3317 3768 3491 3839 (208),
3523 3781 3580 3824 et

1994 3855 2209 3920 Basilii,
2254 3866 2308 3909 et
2358 3857 2708 3926 quorumdam
2749 3860 2972 3913 aliorum
3020 3862 3322 3929 praestantis
3365 3862 3580 3917 virtutis

1989 3947 2226 4000 virorum
2259 3947 2420 4002 millia
2450 3948 2677 4003 ducenta
2707 3961 2762 4003 et
2798 3952 3174 4021 quinquaginta
3220 3969 3326 4008 non
3357 3954 3575 4021 leviter,

1989 4050 2089 4090 nec
2130 4046 2333 4091 temere
2382 4038 2495 4093 haec
2542 4054 2881 4107 percurrens,
2914 4042 3009 4096 sed
3052 4042 3323 4098 elaborate
3371 4046 3575 4111 septies

1987 4127 2070 4179 vel
2096 4128 2267 4181 octies
2289 4142 2721 4199 unumquemque
2742 4130 2934 4184 librum
2961 4134 3259 4200 perlegens,
3291 4145 3345 4187 ut
3378 4134 3570 4189 borum

1986 4220 2270 4273 verborum
2314 4223 2480 4289 gratia
2525 4222 2577 4275 in
2607 4223 2771 4276 altum
2818 4228 3134 4293 erigeretur,
3168 4241 3263 4295 spe
3312 4227 3448 4281 bona
3479 4242 3570 4281 se‘

1986 4306 2154 4375 ipsam
2210 4323 2363 4363 avem
2414 4309 2656 4365 efﬁciens
2706 4313 3034 4379 Spiritalem,
3081 4321 3136 4367 et
3183 4315 3249 4367 ad
3300 4312 3573 4369 Christum

1984 4399 2235 4466 evolans,
2283 4401 2610 4457 immortales
2657 4402 2727 4457 ab
2775 4403 2890 4470 ipso
2919 4412 3201 4473 acceptura
3251 4420 3571 4461 remunera-

1990 4491 2187 4545 tiones.

2523 4565 2752 4619 CAPUT
2792 4565 3022 4620 CXLIV.

2469 4655 2547 4709 De
2578 4656 2886 4727 Olympiade
2917 4657 3097 4727 (209).

2056 4745 2185 4814 Ejus
2204 4746 2423 4816 vestigia
2448 4758 2532 4803 est
2559 4761 2762 4813 secuta,
2786 4760 2840 4804 et
2865 4764 3079 4804 omnem
3106 4752 3353 4805 virtutem
3377 4749 3573 4803 divina

1984 4838 2110 4891 vitae
2137 4838 2413 4905 spiritalis,
2439 4839 2491 4893 in
2525 4841 2711 4907 primis
2734 4841 3037 4895 veneranda
3060 4852 3115 4895 et
3147 4843 3363 4893 honesta
3387 4842 3573 4911 Olyuio

1984 4931 2116 4998 pias,
2149 4941 2203 4984 et
2232 4946 2349 4999 quae
2378 4932 2475 4983 viae
2525 4945 2643 4999 qua:
2672 4931 2772 4985 fert
2801 4933 2851 4984 in
2878 4931 3074 4986 malum
3104 4946 3315 4985 summo
3343 4932 3458 4985 zelo
3490 4945 3568 4986 leo

1983 5020 2227 5085 uehatur,
2255 5020 2551 5074 divinarum
2585 5021 2982 5089 Scripturarum
3010 5024 3329 5077 sententiam
3380 5036 3565 5079 secuta

1982 5112 2036 5163 in
2067 5109 2337 5164 omnibus.
2369 5110 2494 5165 Fuit
2534 5123 2711 5167 autem
2751 5113 3042 5169 secundum
3079 5129 3297 5168 carnem
3335 5116 3437 5169 filia
3468 5118 3570 5172 Se-

1982 5201 2117 5254 leuci
2147 5199 2299 5272 (210)
2329 5218 2396 5257 ex
2424 5203 2731 5271 comitibus,
2761 5221 2887 5259 vera
2917 5217 3093 5263 autem
3127 5209 3219 5263 Dei
3247 5208 3350 5264 filia
3378 5227 3562 5266 secun-

1982 5291 2107 5345 dum
2133 5294 2412 5360 spiritum;
2443 5297 2617 5360 neptis
2638 5306 2817 5351 autem
2839 5298 3049 5354 Ablavii
3077 5308 3166 5369 qut
3197 5312 3313 5356 erat
3334 5319 3401 5357 ex
3433 5320 3566 5371 prte-

1984 5383 2157 5451 fectis,
2203 5385 2408 5454 aliquot
2461 5396 2643 5443 autem
2686 5389 2801 5443 dies
2855 5407 3052 5459 sponsa
3098 5392 3249 5464 (211)
3298 5395 3567 5462 Nebridii,

1980 5476 2070 5543 qui
2116 5474 2211 5527 ftlit
2258 5491 2323 5529 ex
2377 5477 2643 5545 prasfeclis
2689 5480 2834 5534 urbis
2876 5482 3401 5555 Conslantinopolis;
3451 5490 3567 5557 ipsa

1979 5574 2158 5616 autem
2192 5578 2374 5618 revera
2405 5564 2509 5620 fuit
2538 5583 2673 5622 uxor
2712 5571 2927 5626 nullius.
2978 5573 3179 5629 Dicitur
3226 5588 3404 5632 autem
3438 5580 3569 5633 dor-

1981 5652 2144 5708 misse
2185 5657 2336 5723 virgo
2382 5658 2705 5728 incorrupta,
2738 5661 2925 5716 eﬂ'eeta
2973 5664 3136 5719 divini
3184 5669 3330 5721 verbi
3372 5670 3563 5725 ωυνὶ-

1979 5744 2139 5809 etrix,
2171 5745 2362 5814 conjux
2392 5758 2567 5803 autem
2601 5751 2762 5805 totius
2788 5767 2932 5807 verae
2959 5753 3296 5823 humilitatis,
3326 5775 3559 5815 commu-

1979 5834 2167 5890 nicans
2197 5844 2251 5891 et
2297 5836 2604 5895 ministrans
2645 5842 2894 5897 omnibus
2936 5846 3237 5915 egentibus.
3273 5849 3388 5922 Ipsa
3436 5868 3558 5906 cum
