4028 6460
479 363 614 415 lli?

1942 365 2257 422 PALLADll

3602 373 3731 430 lim

488 502 677 543 omnes
720 485 832 539 illas
877 486 1106 538 inﬁnitas
1137 494 1191 538 et
1223 486 1511 542 immensas
1551 486 1893 556 diSpersisset
1920 489 2058 542 divi-
2088 493 2140 550 Α
2163 492 2425 547 sententia
2463 493 2778 548 distributae.
2808 493 2931 548 Haec
2967 503 3092 562 ergo
3124 508 3228 548 non
3273 493 3504 562 amplius
3532 495 3600 550 de
3629 513 3726 549 cae-

491 581 614 644 tias,
641 578 881 632 absolute
904 587 958 631 et
989 577 1442 630 indiscriminatim
1475 593 1628 645 opem
1660 578 1861 632 ferebat
1891 581 2058 632 omni-

489 671 604 724 bus.
637 669 748 722 Non
780 669 921 721 enim
963 667 1108 732 urbs,
1154 683 1256 720 non
1292 682 1401 734 rus,
1439 683 1540 721 non
1581 669 1832 735 solitudo,
1866 670 2060 724 mansit

493 777 686 827 expers
719 759 1053 827 largitionum
1086 759 1236 826 hujus
1259 757 1466 828 inclyta:
1494 761 1743 828 virginis:
1775 761 1868 814 sed
1899 771 1952 813 et
1981 776 2060 814 ec-

492 851 676 903 clesiis
709 848 1060 917 suppeditavit
1091 850 1154 901 ad
1185 849 1404 902 donaria
1432 851 1679 917 deputata
1711 851 1984 914 sacriﬁcio,
2008 861 2062 904 et.

493 940 855 1001 monasteriis,
887 949 939 991 et
977 940 1254 1003 emnobiis,
1281 951 1334 994 et
1381 941 1764 1007 xenutrepltiis,
1799 951 1849 994 et
1877 952 2058 994 custo-

488 1030 609 1093 diis,
642 1037 696 1080 et
742 1030 1022 1090 relegatis;
1053 1034 1190 1089 et,ut
1219 1028 1383 1081 semel
1413 1028 1582 1081 dicam
1605 1068 1620 1092 ,
1654 1029 1704 1081 itt
1736 1045 1944 1081 onmem
1975 1046 2062 1083 or-

492 1121 608 1173 bem
645 1130 800 1172 terra:
829 1121 1076 1186 dispersit
1101 1119 1488 1188 eleeutosynas.
1519 1120 1642 1173 Haec
1668 1122 1818 1174 beata
1852 1137 2063 1187 proces-

491 1210 559 1260 sit
594 1224 759 1273 usque
788 1210 852 1260 ad
893 1220 1188 1262 extremum
1235 1210 1519 1263 terminum
1566 1209 1897 1274 humilitatis,
1929 1213 2061 1266 ultra

488 1315 642 1365 quem
685 1299 814 1352 nihil
855 1301 1019 1366 possit
1067 1298 1293 1351 inveniri
1338 1301 1581 1367 amplius.
1629 1299 1741 1352 Vita
1786 1301 1903 1353 siue
1954 1302 2061 1354 ulla

489 1388 629 1440 inani
663 1390 847 1456 gloria,
877 1388 1077 1448 species
1106 1403 1434 1455 nequaquam
1467 1387 1607 1451 ﬁcta,
1635 1389 1828 1442 sinceri
1859 1406 2055 1454 mores,

497 1479 654 1531 facies
681 1495 786 1532 non
818 1486 1010 1543 lucata,
1039 1495 1228 1544 corpus
1255 1480 1471 1545 florens,
1500 1495 1650 1533 mens
1677 1496 1782 1533 non
1811 1481 2058 1548 gloriosa,

500 1572 698 1623 mimus
727 1572 794 1623 ab
823 1572 1123 1638 arrogantia
1152 1571 1377 1636 alienus,
1406 1585 1500 1624 cor
1545 1571 1761 1624 minime
1795 1571 2064 1627 turbulen-

489 1671 629 1728 tum,
673 1663 845 1715 somni
895 1676 1087 1730 expers
1134 1661 1334 1729 vigilia,
1377 1661 1593 1727 Spiritus
1641 1677 1745 1714 non
1796 1662 2059 1727 curiosus,

487 1758 720 1809 charitas
747 1758 1022 1818 immensa,
1047 1771 1162 1824 quae
1186 1755 1563 1822 comprehendi
1591 1771 1695 1809 non
1723 1765 1896 1822 potest
1916 1770 2062 1809 cem-

491 1846 804 1905 uiunicatio,
837 1847 961 1898 vilis
992 1854 1047 1898 et
1087 1854 1388 1913 contempta
1439 1847 1620 1907 vestis,
1654 1844 1858 1898 inﬁnita
1899 1845 2066 1899 conti-
2096 1837 2145 1898 Β

489 1941 690 1999 nentia.
730 1949 872 1993 recta
918 1939 1189 2008 cogitatio,
1222 1941 1271 1990 in
1322 1939 1484 1991 Deum
1527 1953 1649 2004 spes
1697 1950 1914 2002 reterna,
1944 1953 2063 1992 cum

488 2033 826 2097 eleemosyna
870 2046 986 2098 qua:
1029 2045 1132 2082 nou
1185 2039 1356 2095 potest
1402 2029 1638 2094 narrari,
1689 2040 2063 2083 ornamentum

489 2120 727 2171 omnium
789 2120 1092 2185 humilium,
1139 2119 1223 2170 cui
1268 2119 1448 2170 multae
1501 2128 1626 2171 sunt
1669 2133 1906 2171 accensae
1955 2128 2066 2170 ten-

491 2215 719 2263 tatieues
746 2226 807 2263 ex
842 2213 1155 2278 operatione
1182 2211 1297 2277 ejus
1327 2209 1414 2277 qui
1443 2219 1523 2262 est
1558 2223 1650 2262 sua
1679 2217 1867 2276 sponte
1896 2209 2064 2261 malus

489 2311 542 2354 et
571 2300 744 2352 ornuis
793 2299 917 2352 boni
961 2313 1170 2365 expers,
1226 2313 1415 2366 nempe
1457 2297 1763 2352 daemonis:
1809 2314 1926 2366 quae
1971 2312 2066 2366 pro

489 2393 713 2443 veritate
766 2403 869 2440 non
930 2401 1089 2454 parva
1143 2386 1272 2439 adiit
1325 2387 1648 2450 certamina,
1702 2400 1822 2454 qua:
1875 2395 1929 2439 et
1975 2384 2066 2439 diu

489 2477 684 2530 alfatim
715 2478 841 2529 vixit
885 2477 937 2530 in
985 2478 1258 2530 immensis
1337 2473 1637 2544 lacrymis,
1737 2472 1884 2526 etnni
1968 2473 2068 2526 hu-

491 2585 661 2621 manae
693 2579 896 2623 natura:
918 2571 1151 2636 subjeCIa
1183 2574 1396 2634 propter
1428 2566 1706 2618 Dominum
1734 2581 1748 2630 ;
1778 2579 1896 2617 cum
1920 2565 2064 2618 omni

491 2661 685 2726 pietate
716 2660 913 2712 sanctis
937 2658 1144 2712 subdita
1176 2656 1459 2721 episcepis,
1492 2669 1752 2709 venerans
1784 2654 2062 2726 presbyte-

490 2761 694 2815 ratutn,
731 2754 998 2805 honerans
1031 2751 1229 2802 clerum
1252 2789 1266 2814 ,
1300 2761 1551 2802 reverens
1593 2746 2022 2799 exercitationem
2047 2783 2062 2810 ,

493 2841 792 2908 suscipiens
819 2840 1200 2909 virginitatem,
1226 2853 1380 2904 opem
1405 2836 1583 2890 ferens
1602 2836 1863 2897 viduitati,
1885 2850 2062 2889 curam

490 2945 680 2997 gerens
709 2932 974 2991 orbitatis,
1012 2941 1298 2998 protegens
1335 2939 1690 2991 senectutem,
1724 2936 1952 2996 mgrotes
1979 2928 2062 2981 in-

494 3022 694 3084 visens,
727 3031 1062 3087 peccatorum
1110 3021 1396 3082 miserens,
1434 3028 1672 3072 errantes
1702 3016 1756 3069 in
1787 3018 1925 3069 viam
1972 3016 2064 3070 de-

491 3112 717 3175 ducens,
749 3113 800 3164 in
828 3125 1017 3165 omnes
1046 3123 1202 3164 utens
1229 3107 1618 3172 misericordia,
1647 3106 1862 3175 profuse
1886 3115 2059 3161 autem

2162 593 2281 635 tero
2305 599 2420 651 quae
2452 593 2573 638 sunt
2597 586 2772 638 carnis
2800 585 3030 651 sapiens,
3059 585 3294 653 subjecta
3328 588 3725 654 principatibus,

2162 673 2420 724 obediens
2450 673 2814 738 potestatibus,
2858 689 3114 727 venerans
3156 678 3604 746 presbyteratum,
3638 685 3723 730 he-

2161 776 2195 814 n
2223 777 2359 815 irans
2385 765 2680 818 universum
2712 765 2938 829 clerum,
2970 763 3297 820 confessione
3325 781 3534 833 quoque
3561 768 3719 835 digna

2161 862 2247 904 est
2285 852 2456 904 habita
2488 869 2581 918 pro
2607 855 2847 918 veritate,
2881 856 3298 921 importunarum
3331 860 3721 912 recusationum

2164 943 2346 994 multis
2369 944 2600 1010 acceptis
2630 943 2894 1010 procellis.
2921 941 3083 1011 Cujus
3113 944 3271 996 vitam
3301 945 3436 998 inter
3464 946 3727 999 confesso-

2163 1047 2252 1085 res
2279 1031 2547 1098 referunt,
2578 1035 2877 1100 quicunque
2907 1034 2974 1101 pii
3013 1035 3247 1087 habitant
3286 1033 3726 1104 Constantinopo-

2165 1123 2280 1182 lim,
2303 1130 2359 1172 ut
2379 1135 2496 1186 quae
2522 1121 2760 1188 proxime
2782 1131 3001 1175 matrem
3033 1123 3322 1189 periclitata
3345 1124 3415 1175 sit
3445 1123 3498 1176 iu
3528 1125 3590 1178 iis
3610 1140 3730 1192 quas

2161 1221 2288 1262 sunt
2313 1225 2378 1264 ex
2411 1211 2519 1264 Deo
2547 1211 2955 1276 certaminibus;
2985 1223 3038 1266 et
3079 1214 3130 1265 in
3164 1213 3244 1265 his
3274 1223 3481 1266 mortua
3518 1213 3728 1268 beatam

2163 1303 2369 1369 accepit
2397 1303 2648 1369 gloriam,
2679 1311 2734 1358 et
2762 1303 2813 1355 in
2841 1302 3046 1357 inﬁnito
3069 1304 3263 1358 saeculo
3289 1315 3541 1358 coronata
3573 1320 3726 1372 poru-

2165 1407 2287 1458 pam
2318 1391 2452 1458 agit,
2487 1392 2616 1445 nulli
2640 1393 2871 1446 interitui
2903 1394 3159 1447 obnoxias
3183 1410 3300 1448 cum
3333 1398 3530 1450 sanctis
3552 1407 3601 1450 et
3629 1395 3731 1450 sibi

2163 1483 2428 1535 similibus
2455 1484 2503 1536 in
2527 1486 2905 1551 sempiternum
2938 1487 3240 1539 mansiones
3266 1486 3530 1550 habitans,
3558 1498 3610 1542 et
3637 1489 3732 1542 bo-

2163 1587 2353 1626 norum
2393 1587 2614 1640 eperum
2643 1574 2904 1628 aChristo
2945 1574 3167 1630 Domino
3207 1591 3326 1630 cum
3358 1577 3547 1631 ﬁducia
3587 1580 3730 1633 acci-

2165 1664 2314 1730 piens
2343 1664 2816 1719 remunerationes.

2705 1752 2932 1809 CAPUT
2968 1753 3168 1810 CXLV.

2769 1844 2846 1897 De
2874 1844 3126 1901 Candida.

2236 1931 2362 1986 Post
2390 1931 2524 1986 hanc
2553 1934 2741 2003 arquali
2765 1949 2973 2004 quoque
3001 1938 3161 1991 modo
3189 1940 3242 1992 in
3273 1939 3498 1994 Domine
3522 1941 3728 2000 vivens.

2166 2021 2322 2076 beata
2352 2022 2611 2086 Candida,
2647 2023 2854 2093 Trajani
2887 2042 3020 2079 uxor
3061 2029 3292 2096 magistri
3325 2030 3583 2091 militum,
3615 2046 3733 2083 cum

2165 2121 2219 2165 et
2262 2111 2326 2163 ad
2369 2126 2630 2165 summam
2675 2116 3002 2180 pervenisset
3050 2114 3415 2179 honestatem,
3448 2128 3499 2172 et
3545 2120 3734 2170 ratiohi

2166 2201 2544 2256 convenienter
2590 2213 2835 2256 ornasset
2879 2203 3154 2269 ecclesias,
3204 2213 3258 2260 et
3305 2216 3553 2261 venerata
3594 2219 3736 2261 esset

2168 2292 2447 2359 episcopos
2493 2307 2586 2358 pro
2633 2293 2888 2360 dignitate
2927 2293 3121 2348 Christi
3168 2306 3656 2360 sacramentorum,
3685 2308 3737 2351 et

2165 2397 2381 2437 Omnem
2429 2381 2634 2436 Christi
2667 2385 2864 2436 clerum
2908 2395 3089 2451 aperte
3119 2384 3460 2451 houorasset,
3493 2398 3548 2440 et
3587 2401 3735 2440 suam

2167 2471 2325 2524 liliam
2359 2471 2668 2523 instituisset
2699 2472 2750 2523 in
2779 2480 2924 2524 sorte
2956 2473 3286 2540 virginitatis,
3318 2488 3434 2527 eam
3478 2476 3737 2542 praemisit

2166 2560 2231 2613 ad
2272 2559 2571 2624 Christum,
2605 2561 2801 2613 donum
2844 2576 3057 2614 suorum
3098 2564 3356 2616 viscerum
3388 2581 3400 2615 :
3434 2574 3612 2631 postea
3643 2581 3740 2616 au-

2167 2662 2270 2704 tem
2302 2653 2412 2718 ipsa
2437 2667 2666 2720 quoque,
2698 2654 3043 2719 temperantia
3069 2663 3120 2707 et
3146 2655 3386 2709 castitate
3408 2665 3460 2708 et
3494 2658 3734 2720 pecunia:

2167 2744 2580 2810 diSpersienibus
2613 2746 2768 2797 liliam
2809 2761 2954 2798 suant
2993 2754 3073 2798 est
3113 2756 3418 2800 consecuta.
3465 2747 3607 2801 llauc
3635 2764 3739 2815 ego

2166 2835 2273 2887 vidi
2297 2837 2561 2905 egregiam
2593 2837 2865 2890 mulierem
2899 2845 3002 2888 tota
3031 2846 3184 2890 nocte
3212 2839 3532 2891 laborantem
3556 2849 3608 2891 et
3632 2856 3742 2891 mo-

2168 2924 2396 2989 lentem,
2425 2935 2480 2979 et
2509 2926 2735 2992 prepriis
2780 2927 3020 2979 manibus
3064 2926 3343 2980 facientem
3373 2943 3558 2994 panem
3585 2930 3738 2982 obla-

2171 3015 2355 3080 tionis,
2386 3016 2450 3068 ad
2482 3017 2622 3070 vires
2651 3015 2888 3084 corporis
2918 3016 3312 3084 deprimendas,
3341 3026 3394 3070 et
3430 3018 3695 3072 dicentem
3718 3035 3738 3075 :

2167 3108 2297 3162 Cum
2331 3124 2435 3162 non
2462 3107 2691 3161 sufﬁciat
2715 3108 3004 3176 jejunium,
3031 3108 3163 3160 hanc
3190 3109 3238 3161 ei
3271 3111 3339 3162 do
3367 3110 3563 3162 sociam
3592 3110 3739 3166 labe-

492 3202 543 3254 in
572 3216 851 3269 pauperes,
885 3203 1172 3267 multisque
1201 3198 1489 3252 inﬁdelium
1517 3196 1570 3248 in
1601 3195 1868 3249 catecbesi
1913 3195 2060 3246 insti-
2087 3189 2133 3251 C
2166 3200 2360 3253 riosam
2391 3199 2647 3267 vigiliam,
2679 3209 2738 3252 ιιι
2768 3198 2906 3252 Esau
2952 3199 3235 3253 dissolvam
3280 3214 3634 3270 e.iervemque
3663 3203 3740 3253 la-

492 3292 616 3343 tutis
648 3291 920 3353 uxoribus,
949 3290 1108 3342 etiam
1142 3288 1204 3340 ad
1237 3291 1443 3338 vit-tum
1472 3285 1549 3338 eis
1581 3284 1756 3337 ferens
1785 3285 2060 3347 auxilium,

493 3396 705 3448 semper
735 3381 1078 3434 memorabile
1129 3393 1321 3432 nomen
1363 3377 1700 3445 benignitatis
1730 3376 1946 3445 reliquit
1971 3391 2066 3443 per

497 3483 660 3526 totam
690 3473 873 3526 vitam.
907 3472 951 3526 A
984 3471 1241 3525 servitute
1271 3470 1322 3522 in
1357 3469 1652 3522 libertatem
1701 3466 2066 3521 innumerabi-

496 3563 623 3615 liqu
655 3577 930 3616 servorum
963 3565 1249 3616 restituens
1291 3557 1556 3622 examina,
1591 3557 1822 3611 reddidit
1849 3570 1942 3610 eos
1973 3556 2068 3610 bo-

498 3669 627 3708 uere
654 3656 883 3722 aequales
917 3669 1026 3706 suae
1060 3652 1360 3716 nobilitati,
1390 3651 1472 3705 vel
1519 3651 1691 3718 potius
1736 3650 1804 3716 (si
1833 3665 1954 3703 vera
1982 3649 2066 3702 di-

494 3759 617 3799 cere
661 3744 926 3812 eporteat)
955 3744 1074 3797 facti
1105 3752 1228 3797 sunt
1259 3743 1414 3809 hujus
1453 3750 1648 3795 sanctae
1679 3741 1864 3794 habitu
1912 3739 2068 3793 nobi-

496 3838 673 3892 liores.
703 3838 884 3906 Neque
927 3838 1068 3893 euim
1108 3838 1222 3904 ejus
1268 3836 1588 3889 indumentis
1619 3835 1848 3887 inveniri
1896 3834 2067 3902 potuit

495 3927 779 3995 quidquam
808 3926 1000 3991 vilius;
1025 3942 1145 3978 nam
1173 3926 1234 3977 iis
1261 3925 1420 3978 etiam
1443 3923 1533 3992 qui
1556 3931 1681 3978 sunt
1704 3923 1890 3992 pannis
1915 3922 2069 3976 valde

495 4017 651 4069 obsiti
696 4017 906 4084 indigna
945 4025 1097 4070 erant
1128 4015 1284 4083 hujus
1314 4024 1512 4069 sancta:
1544 4022 1869 4084 tegumenta.
1902 4012 2070 4067 Tanta

495 4115 674 4160 autem
704 4116 816 4160 erat
845 4106 962 4174 ejus
998 4105 1372 4171 mansuetudo,
1403 4114 1460 4157 ut
1500 4105 1660 4157 etiam
1708 4104 1859 4171 longe
1907 4117 2067 4171 supe-

499 4207 644 4251 raret
672 4199 1060 4264 simplicitatem
1087 4197 1322 4264 ipsorum
1355 4209 1654 4263 puerorum.
1683 4193 1836 4247 Nulla
1867 4194 2069 4261 titupe-

500 4289 706 4342 ratione
735 4303 764 4341 a
805 4289 977 4341 vicino
1020 4289 1230 4356 quidem
1280 4301 1511 4355 unquam
1560 4285 1773 4339 inventa
1813 4293 1894 4338 est
1932 4285 2069 4353 apud

502 4380 637 4431 hanc
683 4395 799 4445 «piae
844 4379 1108 4432 Christum
1151 4379 1424 4446 gestabat;
1465 4375 1558 4430 sed
1603 4375 1776 4428 omnis
1817 4373 1932 4443 ejus
1961 4376 2070 4428 vita

503 4484 605 4520 non
636 4469 826 4532 vitalis,
859 4479 972 4521 erat
1015 4470 1066 4521 in
1111 4468 1518 4532 cetnpuuctione
1547 4475 1600 4518 et
1647 4466 1908 4533 frequenti
1950 4480 2071 4533 pro-

2167 3293 2404 3348 sciviam.
2433 3294 2503 3345 Ea
2534 3292 2601 3346 ab
2629 3294 2694 3346 iis
2719 3308 2834 3360 qua!
2862 3302 2984 3345 sunt
3009 3291 3260 3359 sanguine
3293 3293 3509 3359 praedita
3536 3301 3592 3346 et
3617 3295 3734 3347 ani—

2172 3393 2312 3438 mata
2345 3387 2558 3439 omnino
2588 3385 2868 3448 abstinuit;
2900 3385 3000 3437 nisi
3029 3384 3164 3452 quod
3207 3385 3448 3438 sumebat
3478 3386 3648 3453 pisces
3678 3395 3733 3438 et

2166 3475 2342 3528 oleum
2369 3486 2421 3529 et
2451 3476 2614 3540 olera,
2644 3475 2800 3542 idque
2835 3475 3006 3528 solum
3040 3473 3091 3527 in
3121 3474 3206 3528 die
3252 3473 3419 3527 festo:
3449 3475 3594 3527 omni
3640 3490 3734 3527 au-

2168 3575 2272 3619 tem
2297 3568 2398 3620 alie
2421 3577 2660 3634 tempore
2683 3575 2926 3619 contenta
2949 3575 3065 3620 erat
3084 3576 3332 3635 oxycrato
3355 3564 3506 3635 (212)
3527 3573 3584 3618 et
3609 3579 3738 3633 pane

2167 3658 2336 3710 arido.
2367 3657 2421 3709 ln
2466 3660 2560 3710 hac
2595 3658 2715 3710 vitm
2741 3660 3047 3724 asperitate,
3075 3671 3190 3708 cum
3238 3656 3388 3710 beata
3430 3657 3614 3723 requie
3642 3657 3738 3708 ob-

2167 3746 2474 3801 dormiisset
2525 3747 2638 3800 haec
2689 3747 2876 3800 mulier
2921 3747 3134 3816 inclyta,
3179 3761 3317 3799 nunc
3360 3744 3549 3799 fruitur
3586 3746 3739 3800 benis

2169 3837 2401 3903 :nternis,
2426 3852 2542 3903 quae
2566 3845 2688 3890 sunt
2715 3844 2892 3904 parata
2922 3835 2990 3889 iis
3011 3837 3101 3905 qui
3124 3836 3422 3890 dilexerunt
3443 3836 3602 3890 vitam
3623 3851 3740 3905 qua:

2169 3941 2233 3980 ex
2265 3927 2459 3982 virtute
2487 3927 2681 3995 agitur.

2720 4018 2946 4072 CAPUT
2983 4017 3208 4071 CXLVI.

2694 4107 2770 4162 De
2801 4108 3006 4163 Gelasia
3053 4109 3222 4178 (215).

2240 4201 2640 4269 Consequenter
2671 4203 2784 4253 zelo
2832 4201 2985 4266 hujus
3030 4200 3184 4253 bona:
3228 4199 3458 4262 feminae,
3505 4198 3739 4250 veritatis

2171 4292 2308 4344 viam
2333 4292 2564 4359 ingressa
2589 4299 2696 4354 est,
2740 4291 2822 4355 pie
2859 4293 3070 4342 trahens
3096 4288 3282 4358 jugum
3314 4287 3650 4355 virginitatis,
3682 4287 3735 4338 in

2172 4382 2361 4450 primis
2391 4379 2691 4433 veneranda
2716 4378 2948 4442 Gelasia,
2972 4379 3246 4447 cujusdam
3275 4376 3471 4430 tribuni
3501 4377 3623 4430 lilia.
3649 4377 3745 4429 Hn-

2168 4470 2256 4538 jus
2285 4471 2495 4539 optima:
2526 4469 2640 4522 haec
2671 4470 2836 4522 fertur
2858 4470 3045 4533 virtus,
3076 4471 3213 4536 quod
3246 4470 3322 4522 sel
3352 4484 3620 4533 nunquam
3650 4482 3748 4520 oc-

503 4561 660 4612 lluvio
688 4560 1068 4628 Iacrymarum;
1099 4567 1152 4611 et
1182 4559 1356 4625 potius
1388 4556 1568 4610 videre
1601 4554 1791 4609 licebat
1821 4554 1951 4607 fonti
1979 4570 2073 4608 aes:
2099 4544 2150 4602 D
2178 4564 2305 4618 cidit
2333 4578 2490 4631 super
2519 4561 2635 4630 ejus
2661 4563 2928 4627 dolorem,
2953 4577 3056 4614 non
3081 4562 3333 4614 adversus
3364 4575 3610 4620 servum,
3641 4573 3744 4610 non

505 4661 613 4706 tate
637 4667 726 4705 sua
754 4651 983 4704 deﬁcere
1012 4651 1227 4714 fluenta,
1255 4665 1408 4718 quam
1441 4649 1594 4717 hujus
1628 4664 1731 4700 non
1758 4647 2072 4701 sublimibus

502 4752 557 4796 et
584 4741 851 4795 Christum
881 4756 1093 4808 semper
1122 4740 1422 4794 videntibus
1460 4741 1625 4794 oculis
1657 4739 1917 4804 lacrymas
1943 4739 2074 4792 deli-

502 4851 643 4888 cere.
672 4837 736 4889 Et
761 4835 886 4903 quid
917 4836 966 4887 iu
1000 4834 1079 4886 his
1109 4833 1395 4886 immorer?
1421 4833 1535 4896 Quo
1559 4831 1699 4884 enim
1729 4832 1895 4897 magis
1926 4844 2074 4884 meus

504 4926 799 4980 versabitur
825 4927 1033 4979 animus
1059 4927 1109 4978 in
1134 4926 1278 4978 dura:
1309 4926 1470 4977 instar
1492 4922 1605 4978 saxi
1634 4923 1825 4974 animae
1854 4935 2076 4973 narran-

505 5020 587 5070 dis
618 5017 999 5070 certaminibus
1028 5025 1084 5069 et
1112 5015 1415 5078 virtutibus,
1443 5028 1507 5066 eo
1535 5013 1702 5081 magis
1744 5009 2076 5063 invenientur

507 5109 664 5161 verba
704 5122 732 5158 a
781 5107 930 5159 factis
977 5108 1281 5159 remotiora.
1315 5105 1422 5157 Nec
1461 5118 1545 5158 me
1585 5101 1851 5155 existim-t
1889 5100 2078 5165 aliquis

512 5201 627 5253 hate
682 5197 957 5266 Splendide
1009 5205 1064 5249 et
1114 5194 1387 5262 magniﬁce
1433 5195 1682 5262 colligere
1726 5192 1792 5246 de
1849 5191 1947 5243 hac
1997 5189 2080 5243 vel

515 5291 742 5345 maxime
770 5287 1064 5358 impetibili,
1090 5297 1144 5341 et
1171 5289 1474 5356 perquirere
1502 5287 1749 5353 reliquias
1772 5283 2082 5338 castissima:

511 5384 856 5454 Olympiadis,
886 5398 1001 5450 qua:
1033 5391 1140 5434 tota
1169 5379 1272 5433 fuit
1316 5382 1606 5448 pretiosum
1651 5394 1742 5432 vas
1769 5380 1934 5432 sancti
1967 5377 2084 5444 Spi-

513 5484 677 5538 ritus;
708 5475 797 5526 sed
839 5473 928 5539 qui
969 5472 1052 5524 his
1089 5471 1256 5524 oculis
1289 5470 1504 5523 viderim
1540 5469 1696 5535 hujus
1725 5468 1892 5522 beata:
1922 5468 2088 5520 vitam

511 5573 563 5615 et
595 5563 882 5631 angelicam
917 5560 1339 5624 inStitutienem,
1373 5568 1430 5613 ut
1472 5559 1559 5628 qui
1589 5558 1785 5611 fuerim
1832 5558 2087 5626 Spiritalis

519 5651 674 5720 hujus
711 5667 992 5721 germanus
1023 5652 1246 5715 amicus,
1276 5660 1330 5706 et
1354 5650 1470 5719 ejus
1510 5651 1747 5718 cognatis
1785 5647 2089 5702 familiaris-

524 5745 704 5805 simus.
729 5745 862 5800 adeo
892 5754 947 5799 ut
971 5746 1146 5800 multa:
1173 5746 1288 5811 ejus
1317 5743 1553 5812 pecuniae
1576 5743 1680 5796 sint
1707 5757 1735 5796 a
1766 5756 1850 5797 me
1876 5757 1940 5796 ex
1970 5742 2086 5810 ejus

2179 4657 2434 4709 adversus
2457 4654 2725 4714 ancillam,
2760 4669 2862 4706 non
2895 4652 3147 4706 adversus
3170 4651 3395 4718 aliquem
3420 4650 3598 4702 alium.
3627 4648 3747 4700 llmc

2181 4746 2333 4800 beata
2356 4761 2477 4799 cum
2503 4744 2776 4812 eﬂ‘ugisset
2801 4744 2938 4795 viam
2962 4757 3143 4794 eorum
3167 4741 3254 4808 qui
3276 4749 3399 4792 sunt
3419 4750 3645 4804 accepue
3676 4738 3749 4787 in-

2180 4838 2337 4907 juriae
2365 4851 2651 4898 memores,
2674 4850 2789 4903 qua:
2820 4835 2918 4887 fert
2943 4835 3005 4886 ad
3035 4841 3260 4886 mortem
3284 4841 3558 4888 aeternam,
3586 4830 3749 4882 evasit

2186 4929 2326 4980 lumc
2364 4927 2558 4980 ntalqu
2591 4926 2787 4979 diaboli
2819 4925 3120 4987 stimulum,
3152 4938 3342 4990 nempe
3379 4922 3485 4975 odii
3514 4929 3566 4974 et
3594 4922 3751 4970 male-

2184 5019 2467 5083 volentiae;
2497 5026 2554 5071 et
2597 5032 2716 5070 cum
2757 5015 3082 5069 desideraret
3117 5025 3369 5066 aeternam
3419 5021 3750 5078 peccatorum

2185 5109 2591 5174 remissionem,
2632 5107 2832 5160 remisit
2874 5120 3032 5173 parva
3070 5105 3279 5170 delicta,
3313 5114 3367 5158 ut
3397 5103 3506 5171 ipsa
3545 5115 3750 5171 quoque

2189 5199 2455 5256 inveniret
2477 5199 2737 5268 majorum
2767 5199 3155 5250 remissionem.

2716 5285 2940 5340 CAPU'I'
2980 5284 3227 5338 CXLV”.

2722 5378 2796 5430 De
2823 5376 3035 5430 Iuliana
3062 5376 3231 5443 (2H).

2265 5469 2515 5538 Quaedam
2547 5469 2760 5522 nomine
2786 5466 3016 5530 .luliana,
3049 5467 3196 5534 virgo
3223 5464 3273 5516 in
3301 5462 3537 5516 Caesarea
3557 5459 3755 5529 Cappa.

2195 5561 2380 5624 docire,
2405 5560 2546 5613 dicta
2572 5569 2794 5613 estesse
2815 5567 2866 5612 et
2889 5556 3194 5610 doctissima
3218 5564 3271 5609 et
3293 5554 3616 5618 fidelissima,
3643 5569 3760 5622 qua:

2194 5652 2475 5721 Origenem
2524 5652 2835 5718 scriptorem
2883 5648 3166 5715 fugientem
3214 5645 3481 5714 gentilium
3529 5645 3762 5698 insurre-

2197 5746 2425 5799 ctienem
2470 5745 2705 5810 excepit,
2749 5758 2867 5796 eum
2918 5741 3053 5795 duos
3100 5755 3268 5795 annos
3314 5737 3604 5803 occultans,
3653 5739 3765 5792 suis
