4028 6458
318 400 453 466 1249

1538 371 1899 453 HISTORIA
1945 394 2334 457 LAUSIACA.

3334 419 3338 423 ·
3417 389 3553 454 1250

311 514 496 580 λόγου,
527 510 778 572 σύνευνος
804 508 860 562 δὲ
890 507 1070 578 πάσης
1101 504 1333 575 ἀληθοῦς
1361 505 1880 576 ταπεινοφροσύνης·
1915 510 1960 564 Α
1989 506 2084 557 καὶ
2117 506 2289 559 πολλα
2318 506 2460 560 κατὰ
2491 505 2718 576 γνώμην
2754 507 2862 560 τῶν
2891 506 3094 576 ταύτης
3133 503 3553 574 διανεμηθῆναι.

309 596 567 660 κοινωνὸς
609 595 667 648 δὲ
719 596 812 648 καὶ
840 595 1090 656 διάκονος
1144 592 1362 646 πάντων
1422 594 1530 643 τῶν
1581 591 1878 661 δεομένων.

308 685 458 754 Αῦτη
491 683 668 736 πάντα
690 682 779 734 τὸν
800 681 1024 751 ἄπειρον
1050 681 1254 732 ἐκεῖνον
1277 679 1369 731 καὶ
1393 678 1700 748 ἀμέτρητον
1718 675 1883 729 πλοῦ-

308 789 400 825 τον
451 771 919 840 διασκορπίσασα,
971 772 1137 820 πᾶσιν
1183 765 1370 827 ἁπλῶς
1408 767 1502 817 καὶ
1553 763 1882 834 ἀδιακρίτως

253 907 268 926 ,
310 860 637 930 ἐπήρκεσεν.
673 856 810 910 Οὔτε
857 856 965 926 γὰρ
996 855 1170 917 πόλις,
1202 854 1263 906 οὐ
1295 853 1469 923 χώρα,
1519 852 1619 904 οὐκ
1654 851 1879 922 ἕρημος,

308 946 370 999 οὐ
405 946 586 1014 νῆσος,
622 944 724 996 οὐκ
756 942 981 1012 ἐσχατιά
1020 941 1247 1011 ἄμοιρος
1291 941 1504 1011 ἔμεινεν
1545 938 1653 992 τῶν
1680 937 1882 1014 ταύτης

308 1032 603 1084 ἐπιδόσεων
632 1031 730 1100 τῆς
762 1029 1008 1097 ἀοιδίμου
1033 1045 1046 1057 ·
1088 1028 1203 1080 ἀλλ’
1236 1030 1543 1098 ἐπήρκεσεν
1569 1027 1658 1079 καὶ
1683 1025 1884 1093 ἐκκλη-

309 1119 452 1180 σίαις
482 1120 562 1180 είς
599 1117 919 1186 ἀναθέματα
959 1115 1294 1185 ἱερουργικά,
1350 1115 1445 1167 καὶ
1478 1111 1881 1185 μοναστηρίοις,

307 1207 403 1258 καὶ
455 1204 765 1266 κοινοϐίοις.
801 1203 895 1256 καὶ
929 1201 1410 1271 πτωχοτροφείοις,
1454 1200 1549 1253 καὶ
1592 1200 1880 1267 φυλακαῖς,

308 1295 403 1345 καὶ
435 1296 548 1355 τοῖς
579 1293 636 1344 ἐν
664 1291 926 1360 ὲξορίαις,
953 1291 1046 1342 καὶ
1074 1290 1254 1340 πᾶσαν
1289 1288 1476 1350 ἁπλῶς
1500 1286 1598 1357 τὴν
1626 1286 1880 1353 οἰκουμέ-

309 1396 406 1447 νην
438 1378 854 1448 κατασπείρασα
881 1379 1000 1439 ταῖς
1027 1375 1440 1445 ἐλεημοσύναις.
1464 1373 1611 1443 Λῦτη
1641 1376 1671 1443 ή
1700 1388 1882 1440 μακα-

308 1467 402 1536 ρία
433 1469 512 1529 είς
542 1467 632 1520 τὸν
661 1466 962 1538 ἀκρότατον
993 1467 1117 1534 ὅρον
1145 1464 1478 1534 ἐξεπήδησεν
1503 1465 1602 1530 τῆς
1628 1476 1884 1512 ταπεινο-

308 1555 607 1623 φροσύνης,
644 1557 724 1616 εἰς
754 1553 812 1606 ὃν
840 1554 939 1605 οὐκ
961 1548 1028 1622 ἦν
1050 1552 1406 1621 ἐφευρεθῆναί
1435 1568 1489 1602 τι
1520 1549 1680 1601 πλέον
1708 1564 1720 1576 ·
1754 1549 1884 1598 ἀκε-

307 1647 520 1711 νόδοξος
573 1644 706 1712 βίος,
742 1645 1149 1712 ἀσχημάτιστον
1195 1638 1365 1704 εἶδος·
1414 1639 1686 1692 ἄπλαστον
1715 1633 1845 1708 ἦθος
1869 1652 1881 1665 ·

305 1732 720 1791 ἀκαλλώπιστος
747 1730 868 1799 ὄψις
894 1747 906 1759 ·
952 1729 1114 1784 ἀῦλον
1149 1729 1310 1799 σῶμα
1340 1744 1353 1758 ·
1383 1728 1694 1797 ἀπέρπερος
1719 1725 1844 1786 νοῦς
1868 1738 1882 1752 ·

1980 590 2294 660 Χρημάτων
2321 589 2460 662 αῦτη
2486 592 2666 645 τοίνυν
2693 593 2726 663 ὴ
2755 592 2950 662 μηκέτι
2981 590 3164 644 λοιπὸν
3194 591 3260 644 τά
3285 590 3383 659 τῆς
3420 606 3555 658 σαρ-

1981 679 2079 741 κὸς
2141 680 2436 748 φρονοῦσα,
2499 681 2912 750 ὐποταττομένη
2965 681 3199 751 ἀρχαῖς,
3253 678 3555 731 ὑπείκουσα

1982 766 2288 831 ἐξουσίαις,
2353 768 2894 838 ὐποκατακλινομένη
2946 767 3301 829 ἐπισκόποις·
3365 781 3556 834 σεμνο-

1982 855 2216 922 λογοῦσα
2230 857 2289 908 τὸ
2307 857 2723 927 πρεσϐυτέριον,
2739 875 2790 909 τι
2802 860 2958 926 μῶσα
2981 857 3071 909 τὴν
3097 855 3295 927 κλῆρον
3315 857 3553 918 ἅπαντα,

1985 943 2077 994 καὶ
2103 943 2392 1012 ὁμολογίας
2415 944 2727 1014 κατηξιώθη
2759 944 2900 1014 ὑπὲρ
2924 944 3022 1013 τῆς
3043 943 3322 1012 ἀληθείας,
3355 941 3557 1002 πολλὰς

1982 1030 2248 1100 δεξαμένη
2273 1033 2498 1099 νιφάδας
2531 1033 2776 1102 ἀκαίρων
2809 1030 3176 1100 κατηγοριῶν.
3200 1024 3308 1091 ἹΙς
3335 1029 3424 1082 τὸν
3443 1029 3557 1098 βίον

1985 1121 2042 1172 ἐν
2069 1119 2485 1191 ὀμολογητρίαις
2531 1120 2833 1189 κρίνουσιν,
2888 1120 3001 1172 ὅσοι
3037 1117 3146 1168 τῶν
3185 1115 3426 1168 εὐσεϐῶν
3458 1116 3557 1186 τὴν

1985 1207 2555 1261 Κωνσταντινούπολιν
2588 1208 2828 1260 οἰκοῦσιν
2856 1222 2868 1236 ·
2901 1207 3024 1276 ἥτις
3059 1204 3127 1258 τά
3157 1204 3388 1258 θανάτου
3412 1205 3559 1256 ἐκιν-

1985 1295 2240 1348 δύνευσεν
2273 1298 2385 1356 τοῖς
2421 1295 2562 1348 κατά
2614 1295 2744 1348 Θεὸν
2803 1294 3046 1361 ἀγῶσιν·
3089 1293 3184 1345 καὶ
3235 1293 3293 1344 ἐν
3348 1289 3559 1351 τούτοις

1985 1384 2372 1453 τελευτήσασα,
2410 1383 2469 1434 τὸ
2503 1383 2774 1452 μακάριον
2806 1383 2978 1452 ἤρατο
3028 1379 3182 1442 κλέος
3234 1379 3291 1430 ἐν
3322 1374 3399 1448 τῷ
3431 1377 3561 1428 ἀπε-

1989 1472 2167 1540 ράντῳ
2215 1470 2371 1522 αἰῶνι
2410 1468 2893 1540 στεφανηφοροῦσα
2946 1467 3042 1520 καὶ
3087 1465 3404 1536 χορεύουσα,
3458 1462 3560 1523 τάς

1987 1558 2299 1627 ἀκηράτους
2358 1556 2524 1627 μονὰς
2568 1557 2706 1626 μετὰ
2770 1557 2929 1608 θείων
2979 1553 3166 1623 ψυχῶν
3214 1551 3308 1604 καὶ
3355 1549 3558 1618 ὁμοίων

1989 1646 2153 1716 ἐαυτῇ
2181 1647 2260 1706 εἰς
2290 1644 2376 1697 ἀεὶ
2412 1642 2762 1707 κατοικοῦσα,
2813 1643 2909 1694 καὶ
2954 1641 3062 1694 τῶν
3122 1638 3342 1706 ἀγαθῶν
3381 1636 3558 1707 ἐργων

1989 1734 2142 1803 παρὰ
2171 1733 2264 1785 τοῦ
2293 1733 2566 1786 Δεσπότου
2587 1731 2722 1784 Θεοῦ
2756 1731 2893 1800 μετά
2919 1727 3235 1800 παρρησίας
3267 1726 3366 1788 τάς
3395 1725 3559 1793 ἀμοι-

305 1823 510 1887 ᾰτυφος
559 1817 753 1887 γνώμη
779 1832 792 1844 ·
845 1817 1151 1887 άτάρακτος
1197 1815 1423 1882 καρδία·
1471 1815 1674 1874 ἄϋπνος
1712 1814 1883 1882 ἀγρυ-
1917 1841 1960 1899 Β
1990 1821 2086 1884 δάς
2117 1821 2438 1875 ἀπαιτοῦσα,

307 1906 441 1958 πνία
466 1921 479 1934 ·
508 1904 840 1975 ἀπερίεργον
871 1903 1086 1973 πνεῦμα
1111 1920 1123 1932 ·
1156 1903 1462 1974 ἀμέτρητος
1497 1902 1686 1968 ἀγάπη
1707 1916 1718 1927 ·
1748 1901 1884 1952 ἀκα-

303 1995 575 2065 τάληπτος
608 1993 861 2045 κοινωνία
888 2007 901 2021 ·
935 1991 1410 2061 εὐκαταφρόνητος
1444 1990 1605 2058 ἐσθής
1628 2003 1640 2016 ·
1678 1988 1883 2058 ἐγκρά-

303 2101 423 2136 τεια
473 2083 710 2152 ἄμετρος
736 2097 751 2110 ·
783 2079 1018 2150 εὐθύτης
1072 2080 1309 2142 διανοίας
1359 2082 1438 2140 εἰς
1468 2079 1598 2130 Θεόν
1620 2093 1632 2105 ·
1670 2076 1884 2139 ἐλπίδες

301 2173 521 2224 άένναοι
545 2187 557 2199 ·
589 2170 950 2240 ἐλεημοσύναι
984 2169 1371 2238 ἀνεκδιήγητοι
1392 2184 1404 2196 ·
1443 2170 1661 2221 πάντων
1690 2185 1882 2220 ταπει-

303 2260 413 2311 νῶν
456 2257 888 2326 ἐγκαλλώπισμα
914 2275 926 2286 ·
977 2257 1202 2316 πολλοὺς
1233 2257 1574 2326 πειρασμοὺς
1629 2256 1884 2325 ἐξαντλή-

306 2362 452 2398 σασα
481 2332 546 2412 ἐξ
570 2346 850 2416 ἐνεργείας
877 2345 969 2396 τοῦ
997 2345 1325 2398 ἐθελοκάκου
1356 2346 1448 2397 καὶ
1497 2344 1881 2414 ἀπειροκάλου.

304 2435 382 2486 Οὐ
440 2433 674 2503 μικροὺς
723 2432 942 2502 ἀγῶνας
995 2432 1380 2502 ἀγωνισαμένη
1433 2432 1573 2501 ὑπὲρ
1629 2431 1886 2501 ἀληθείας

303 2523 484 2576 Θεοῦ·
510 2523 769 2592 ἀμέτροις
817 2521 1072 2592 δακρύοις
1122 2523 1338 2592 νύκτωρ
1379 2523 1472 2573 καὶ
1505 2520 1622 2590 μεθ’
1668 2522 1886 2590 ἡμέραν

301 2611 570 2673 ἀνενδεῶς
608 2610 969 2680 συμϐιώσασα
996 2625 1009 2638 ·
1072 2610 1480 2679 ὐποταττομένη
1523 2611 1672 2680 πάσῃ
1727 2609 1885 2677 φύσει

301 2697 626 2770 ἀνθρωπίνῃ
650 2698 736 2750 διά
775 2697 865 2749 τὸν
915 2699 1154 2767 Κύριον·
1195 2697 1334 2766 μετά
1379 2698 1559 2766 πάσης
1602 2697 1887 2758 εὐλαϐείας

304 2786 712 2858 ὐποκλινομένη
747 2788 858 2849 τοῖς
906 2786 1229 2848 ἐπισκόποις
1273 2788 1385 2848 τοῖς
1413 2786 1588 2853 ἁγίοις
1611 2802 1624 2815 ·
1653 2785 1889 2837 σέϐουσα

299 2876 365 2927 τὸ
408 2873 800 2944 πρεσϐυτέριον
825 2889 838 2902 ⁸
863 2873 1082 2943 τιμῶσα
1099 2873 1190 2926 τὸν
1210 2873 1428 2944 κλῆρον.
1464 2873 1765 2941 Αἰδουμένη
1792 2872 1890 2940 τὴν

299 2963 563 3031 ἄσκησιν·
585 2961 956 3031 ἀποδεχομένη
983 2961 1304 3031 παρθενίαν·
1325 2962 1524 3032 χηρείᾳ
1546 2961 1887 3032 ἐπαρκοῦσα·

298 3050 576 3121 ὀρφανίαν
623 3050 1079 3120 ἁνατρεφομένη·
1139 3051 1326 3119 γήρως
1389 3050 1887 3119 ὑπερασπίζουσα·

298 3137 674 3202 ἀσθενοῦντας
712 3137 1154 3206 ἐπισκεπτομένη
1181 3153 1195 3166 ·
1253 3137 1598 3207 ἁμαρτωλοῖς
1649 3154 1890 3207 συμπεν-

299 3227 484 3281 θοῦσα
508 3244 522 3258 ·
557 3227 1005 3296 πεπλανημένους
1032 3225 1300 3292 όδηγοῦσα
1323 3240 1335 3253 °
1375 3228 1500 3286 τοὺς
1536 3225 1744 3288 πάντας
1777 3226 1892 3276 ἐλεο

293 3317 444 3369 οῦσα
467 3331 483 3346 ο
513 3315 640 3378 τούς
670 3313 999 3384 πενομένους
1024 3313 1262 3381 ἀφειδῶς
1284 3313 1655 3381 οἰκτείρουσα·
1694 3313 1892 3376 πολλάς

295 3423 365 3458 τε
393 3403 512 3457 τῶν
545 3403 792 3456 ἀπίστων
816 3404 1178 3472 κατηχήσασα
1217 3403 1500 3469 γυναῖκας,
1534 3402 1725 3470 καιτὰ
1757 3401 1894 3471 πρὸς

292 3495 404 3562 τὴν
457 3489 609 3561 ζωὴν
656 3491 1089 3560 ἐπικουρήσασα,
1136 3488 1465 3557 ἀείμνηστον
1521 3489 1894 3557 χρηστότητος

288 3584 480 3651 ὄνομα
510 3580 600 3632 διὰ
619 3579 816 3642 παντὸς
839 3577 932 3631 τοῦ
963 3578 1077 3647 βίου
1103 3576 1459 3647 κατηλέησεν.
1498 3577 1628 3629 Ἀπὸ
1653 3577 1896 3639 δουλείας

288 3673 380 3734 είς
415 3665 744 3735 ἐλευθερίαν
773 3665 883 3718 τῶν
914 3664 1142 3717 οἰκετῶν
1191 3664 1400 3735 μυρίων
1430 3665 1596 3733 ἑσμὸν
1625 3665 1894 3716 ἀνακαλε-

287 3756 552 3828 σαμένη,
593 3753 867 3822 ἰσοτίμους
920 3754 1020 3820 τῆς
1072 3753 1205 3814 ἰδίας
1255 3752 1533 3819 εὐγενείας
1576 3752 1892 3821 ἀπέφηνεν·

288 3842 521 3914 μᾶλλον
547 3839 604 3891 δὲ
636 3841 683 3892 εί
713 3839 820 3910 χρή
844 3839 1079 3910 τάληθὲς
1125 3840 1322 3903 εἰπεῖν,
1382 3839 1476 3892 καὶ
1524 3840 1896 3908 εὐγενέστεροι

285 3931 373 4001 τῷ
403 3932 660 3999 σχήματι
688 3929 784 3998 τῆς
816 3927 977 3995 ἁγίας
1023 3925 1228 3994 ταύτης
1267 3925 1590 3979 ἐδείκνυντο.
1624 3926 1757 3980 Οὐδὲ
1787 3928 1898 3995 γάρ

289 4015 702 4086 εὐτελέστερόν
753 4033 807 4068 τι
857 4015 966 4068 τῶν
1003 4015 1314 4084 ἐνδυμάτων
1359 4014 1564 4084 ταύτης
1609 4015 1897 4087 εὑρεθῆναι

289 4106 563 4163 ἐδυνάτο.
598 4105 717 4158 Τῶν
739 4105 850 4176 γὰρ
877 4106 1017 4159 πάνυ
1048 4103 1484 4175 ῥακοδυτούντων
1525 4103 1716 4168 ἀνάξια
1739 4099 1805 4175 ἦν
1830 4105 1898 4157 τά

289 4197 402 4265 τῆς
432 4193 599 4254 ὁσίας
629 4190 832 4262 ταύτης
869 4194 1254 4261 σκεπάσματα.
1285 4191 1521 4264 Τοιαύτη
1553 4191 1608 4245 δὲ
1640 4193 1768 4262 παρ’
1799 4193 1898 4245 αὐ-

285 4285 403 4356 τῆς
454 4281 697 4353 ἠπιότης
742 4283 1020 4352 ἐτρέφετο,
1070 4283 1145 4344 ὡς
1191 4283 1283 4335 καὶ
1309 4283 1490 4334 αὐτῶν
1543 4282 1651 4334 τῶν
1675 4283 1898 4336 παιδίων

291 4370 747 4442 ύπερακοντίσαι
774 4371 832 4422 τὸ
853 4370 1072 4438 ἀφελές.
1095 4371 1274 4436 Ψόγος
1294 4371 1466 4432 οὐδεὶς
1491 4370 1744 4424 οὐδέποτε
1781 4370 1900 4422 οὐδὲ

285 4463 411 4517 τῶν
443 4459 625 4520 πέλας
657 4459 806 4526 παρὰ
839 4461 902 4528 τῇ
955 4459 1316 4529 χριστοφόρῳ¹
1341 4459 1512 4528 ταύτῃ
1564 4459 1894 4528 ηὑρίσκετοο

284 4547 444 4604 ἀλλὰ
484 4547 600 4605 πᾶς
637 4547 665 4596 ὁ
718 4544 921 4612 ταύτης
958 4545 1186 4606 ἀϐίωτος
1216 4545 1327 4613 βίος
1375 4545 1430 4596 ἐν
1470 4544 1761 4608 κατανύξει
1801 4543 1896 4595 καλ⁹

287 4637 481 4706 συχνῇ
523 4630 777 4700 δακρύων
831 4631 1075 4701 ὑπῆρχεν
1135 4634 1263 4700 ῥοῇ·
1304 4633 1396 4684 καὶ
1425 4627 1492 4701 ἦν
1527 4632 1650 4684 ἰδεῖν
1703 4631 1903 4701 μᾶλλον

285 4724 500 4796 πηγὴν
534 4719 607 4771 τὰ
637 4718 835 4787 ἑαυτῆς
859 4718 1079 4787 νάματα
1100 4718 1484 4771 ἐπιλείπουσαν
1520 4719 1575 4770 ἐν
1611 4721 1722 4780 τοῖς
1770 4717 1903 4770 καύ-

285 4828 506 4883 μασιν,
557 4806 592 4876 ἢ
628 4806 756 4867 τοὺς
807 4804 1248 4875 ἁμετεωρίστους
1296 4806 1523 4871 ταύτης,
1554 4805 1650 4857 καὶ
1697 4806 1783 4857 ἀεὶ
1812 4805 1903 4858 τὸν

281 4897 559 4972 Χριστὸν
588 4893 830 4962 ὁρῶντας
873 4891 1186 4962 ὀφθαλμοὺς
1240 4893 1622 4960 διαλιμπάνειν
1650 4891 1903 4963 δακρύων

283 4986 461 5040 ποτέ.
513 4979 632 5032 Καὶ
659 4977 711 5029 τί
759 4977 977 5046 μέλλω;
1033 4978 1157 5029 ὅσον
1191 4978 1298 5046 γάρ
1349 4978 1414 5029 ἂν
1455 4976 1677 5047 παρέξω
1704 4981 1768 5047 τῇ
1797 4979 1902 5048 ἐμῇ

277 5073 527 5142 διανοίᾳ
567 5065 764 5135 σχολὴν
795 5065 920 5128 τοὺς
942 5065 1146 5136 ταύτης
1187 5064 1379 5127 ἄθλους
1407 5066 1502 5134 τῆς
1551 5066 1906 5134 πεπετρωμέ-

281 5181 397 5230 νης
434 5159 637 5228 ψυχῆς
668 5155 762 5207 καὶ
791 5153 994 5222 ἀρετὰς
1021 5153 1402 5222 διηγούμενος,
1433 5154 1568 5206 πολὺ
1597 5154 1824 5204 κατόπιν
1854 5156 1904 5206 οί

278 5253 458 5317 λόγοι
493 5243 618 5298 τῶν
650 5241 829 5311 ἔργων
863 5240 1273 5310 εὑρεθήσονται.
1315 5240 1426 5293 Καὶ
1472 5241 1544 5308 μή
1598 5257 1680 5303 τις
1708 5241 1903 5310 νομίσῃ

286 5341 365 5410 μὲ
405 5328 896 5399 κεκομψευμένως
925 5327 1105 5394 λέγειν
1127 5326 1196 5378 τὰ
1226 5327 1352 5395 περὶ
1384 5327 1482 5396 τῆς
1518 5328 1905 5397 ἀπαθεστάτης

281 5425 551 5491 ταύτης,
584 5416 680 5468 καὶ
707 5415 894 5468 λοιπον
915 5415 1043 5480 ὅλης
1063 5413 1154 5468 τοῦ
1181 5415 1339 5482 ἁγίου
1381 5414 1700 5484 Πνεύματος
1723 5417 1906 5486 τιμίου

283 5511 554 5569 σκεύους
621 5502 982 5572 Ὀλυμπιάδος
1023 5502 1122 5571 τῆς
1170 5503 1544 5572 σεμνοτάτης·
1595 5503 1710 5558 ἀλλ’
1776 5506 1907 5556 αύτ-

282 5604 490 5670 ὁπτην
515 5593 895 5662 γεγενημένον
924 5593 1015 5642 καὶ
1053 5591 1361 5661 θεωροῦντα
1383 5593 1476 5644 τὸν
1508 5592 1603 5661 τῆς
1632 5595 1910 5664 μακαρίας

280 5690 522 5755 ταύτης
563 5679 682 5750 βίον
713 5681 806 5732 καὶ
837 5679 1135 5747 ἀγγελικὴν
1187 5679 1482 5742 πολιτείαν,
1513 5681 1587 5743 ὡς
1617 5681 1711 5733 ἁτε
1744 5700 1907 5736 πνευ-

281 5773 557 5854 ματικὸν
587 5768 813 5837 γνήσιον
844 5766 994 5833 φίλον
1016 5769 1108 5818 καὶ
1141 5765 1420 5837 συγγενῶν
1438 5768 1766 5823 οἰκειότατον
1793 5787 1807 5802 ·
1835 5771 1910 5836 ὡς

732 5859 998 5920 Ρλτιιοῐι.
1045 5858 1134 5916 Gn
1149 5902 1164 5918 .
1205 5860 1319 5920 ΧΧ
1334 5860 1422 5923 Χι
1434 5861 1504 5920 γ.

2532 1921 2784 1975 ΚΕΦΛΛ.
2829 1921 3009 1973 ΡΜΕ’.

2511 2022 2651 2089 Περὶ
2704 2020 3024 2085 Κανδίδας.

2057 2125 2272 2194 Ταύτης
2307 2125 2536 2176 κατόπιν
2572 2124 2665 2175 καὶ
2692 2124 2987 2194 ἱσοτρόπως
3013 2121 3107 2174 καὶ
3137 2119 3300 2185 ἀξίως
3320 2119 3412 2171 τοῦ
3446 2118 3561 2169 Κυ-

1989 2214 2106 2286 ρίου
2139 2212 2384 2284 βιώσασα
2420 2215 2452 2281 ὴ
2488 2212 2732 2282 μακαρία
2763 2211 3017 2272 Κανδίδα,
3046 2212 3079 2281 ή
3104 2206 3374 2278 Τραϊανοῦ
3397 2205 3564 2271 θυγά-

1986 2313 2091 2365 τηρ
2123 2295 2214 2348 τοῦ
2241 2295 2632 2363 στρατηλάτου,
2661 2299 2753 2346 καὶ
2783 2297 2861 2355 είς
2884 2296 3052 2364 ἀκρον
3083 2293 3409 2360 σεμνότητος
3437 2288 3563 2340 ἐλά·

1989 2396 2150 2441 σασα,
2217 2377 2513 2446 ἐκκλησίας
2569 2394 2629 2428 τε
2674 2384 2814 2429 κατα
2836 2376 2990 2442 λόγον
3045 2376 3405 2444 κοσμήσασα,
3466 2371 3563 2422 καὶ

1988 2462 2320 2522 ἐπισκόπους
2346 2461 2512 2526 ἀξίως
2543 2461 2651 2512 τῶν
2677 2461 2770 2512 τοῦ
2799 2459 3032 2528 Χριστοῦ
3055 2457 3371 2527 μυστηρίων
3402 2454 3564 2506 σεϐα-

1989 2545 2200 2608 σθεῖσα,
2236 2543 2332 2596 καὶ
2370 2544 2545 2595 πάντα
2592 2543 2682 2594 τὸν
2714 2543 2808 2594 τοῦ
2851 2541 3090 2610 Χριστοῦ
3118 2540 3317 2610 κλῆρον
3360 2537 3564 2590 καταλ-

1988 2629 2166 2698 λήλως
2182 2628 2313 2697 τιμή
2323 2643 2484 2689 σασα,
2503 2626 2597 2679 καὶ
2618 2625 2713 2696 τήν
2730 2625 2864 2677 ἰδίαν
2887 2623 3161 2694 θυγατέρα
3181 2625 3563 2693 κατηχήσασα,

1993 2715 2070 2774 εἰς
2114 2713 2203 2766 τὸν
2254 2713 2354 2782 τῆς
2406 2712 2705 2781 παρθενίας
2751 2713 2951 2782 κλῆρον
2996 2710 3320 2782 προέπεμψε
3359 2711 3565 2782 ταύτην

1991 2801 2127 2869 πρὸς
2157 2801 2247 2852 τὸν
2298 2801 2531 2868 Χριστὸν
2584 2801 2776 2870 δῶρον,
2811 2802 2919 2852 τῶν
2970 2801 3140 2870 αὐτῆς
3174 2801 3447 2867 λαγόνων·
3484 2801 3566 2862 εἰς

1994 2888 2219 2959 ’ύστερον
2244 2889 2299 2942 δὲ
2327 2890 2421 2940 καὶ
2449 2889 2587 2957 αῦτη
2622 2888 2944 2960 σωφροσύνη
2973 2904 3055 2952 τε,
3092 2889 3187 2940 καὶ
3223 2887 3438 2957 ἁγνείᾳ,
3471 2888 3569 2940 καὶ

1991 2980 2104 3040 τοῖς
2130 2979 2238 3030 τῶν
2265 2978 2562 3048 χρημάτων
2586 2980 2950 3046 σκορπισμοῖς
2987 2977 3470 3045 ἐπακολουθήσασα
3498 2976 3564 3044 τῇ

1993 3066 2192 3136 ἐαυτῆς
2224 3065 2478 3136 θυγατρί.
2531 3064 2746 3134 Ταύτην
2769 3065 2865 3134 τὴν
2912 3068 3165 3132 γενναίαν
3194 3061 3310 3117 οῖδα
3337 3061 3449 3131 ἐγὼ
3479 3065 3567 3116 διά

1997 3156 2176 3224 πάσης
2215 3156 2312 3225 τῆς
2352 3155 2544 3216 νυκτὸς
2597 3155 2898 3216 κοπιῶσαν,
2947 3155 3041 3207 καὶ
3089 3153 3395 3224 ἀλήθουσαν
3446 3156 3568 3216 ταῖς

1998 3243 2155 3302 ίδίαις
2191 3242 2398 3311 χερσὶν,
2444 3241 2705 3296 ποιοῦσαν
2743 3242 2833 3294 τὸν
2867 3243 3030 3312 ἄρτον
3057 3243 3154 3311 τῆς
3200 3241 3570 3312 προσκομιδής

1996 3329 2088 3382 ἐπὶ
2112 3330 2432 3399 καθαιρέσει
2453 3330 2550 3399 τῆς
2576 3329 2669 3381 τοῦ
2700 3329 2950 3399 σώματος
2977 3331 3318 3393 δυναστείας,
3349 3330 3568 3400 διηγου-

1999 3418 2166 3485 μένην
2202 3417 2281 3468 δτι
2313 3415 2413 3484 τῆς
2455 3417 2709 3485 νηστείας
2764 3415 2839 3486 μὴ
2873 3417 3241 3488 ἐπαρκούσης,
3282 3418 3570 3488 σύμμαχον

1994 3505 2186 3572 δίδωμι
2235 3503 2409 3575 ταύτῃ
2444 3505 2536 3556 καὶ
2589 3505 2688 3574 τὴν
2730 3505 3029 3574 ἐπίμοχθον
3091 3507 3424 3576 ἀγρυπνίαν,
3483 3508 3570 3558 ἵνα

1996 3591 2283 3644 καταλύσω
2313 3593 2374 3644 τὸ
2405 3591 2984 3662 φρύαγματοῦἪσαῦ.
3015 3593 3163 3662 Αὕτη
3194 3593 3434 3662 ἐναίμων
3470 3594 3568 3664 μὲν

1997 3681 2092 3732 καὶ
2119 3679 2381 3750 ἐμψύχων
2408 3684 2485 3742 είς
2529 3680 2698 3748 ἀκρον
2733 3681 3024 3749 ἀπέσχετο,
3073 3679 3211 3750 πλὴν
3265 3681 3446 3749 ἰχθύος
3474 3686 3570 3735 καὶ

1998 3769 2177 3821 ἐλαίου
2206 3772 2300 3821 καὶ
2330 3769 2578 3838 λαχάνων
2604 3769 2906 3838 ἐλάμϐανεν
2935 3785 2948 3798 ·
2985 3771 3078 3822 καὶ
3123 3770 3294 3823 ταῦτα
3322 3772 3378 3822 ἐν
3406 3772 3567 3841 ἑορτῇ

2001 3856 2181 3926 μόνον.
2208 3857 2311 3908 Τὸν
2341 3856 2397 3908 δέ
2427 3855 2585 3910 ἄλλον
2609 3857 2824 3909 ᾶπαντα
2860 3858 3050 3927 χρόνον
3073 3857 3413 3924 διατελοῦσα,
3443 3861 3568 3924 ὀξυ-

2000 3929 2246 4011 κράματι
2298 3943 2394 3994 καὶ
2428 3941 2580 4012 ἀρτῳ
2609 3941 2756 4013 ξηρῷ
2804 3944 3120 4014 ἀρκουμένη
3160 3947 3218 3996 ἐν
3247 3947 3436 4016 ἑαυτῇ,
3471 3946 3569 4017 τὴν

2001 4030 2280 4099 μακαρίαν
2297 4029 2601 4082 ἀνάπαυσιν
2626 4033 2658 4101 ή
2679 4031 2920 4100 ἀοίδιμος
2944 4033 3267 4102 κοιμηθεῖσα
3286 4036 3351 4103 τῇ
3371 4033 3571 4104 σκληρο

1999 4117 2246 4186 αγωγία,
2295 4115 2389 4169 νῦν
2437 4117 2697 4170 ἀπολαύει
2755 4118 2862 4170 τῶν
2915 4119 3145 4172 αἰωνίων
3198 4120 3418 4188 ἀγαθῶν
3459 4122 3569 4174 τῶν

1997 4204 2418 4276 ἡτοιμασμένων
2447 4207 2557 4268 τοῖς
2582 4208 2671 4258 τὸν
2694 4207 2950 4275 ἐνάρετον
2984 4209 3098 4276 βίον
3127 4210 3494 4279 ἠγαπηκόσιν.

2545 4308 2792 4362 ΚΕΦΑΛ.
2831 4311 2926 4362 PM
2937 4313 3023 4376 ς’.

2529 4395 2671 4461 Περὶ
2710 4397 3036 4462 Γελασιάς.

1926 4511 1972 4566 D
2071 4490 2285 4562 Ταύτης
2314 4494 2410 4563 τῆς
2442 4493 2696 4564 ἐναρέτου
2731 4495 2870 4548 κατά
2896 4496 3057 4567 ζῆλον
3083 4497 3319 4552 ῶδευσεν
3349 4499 3446 4571 τήν
3472 4501 3573 4571 τῆς

2004 4579 2306 4642 ἀθανασίας
2360 4582 2479 4634 ὁδὸν
2527 4582 2766 4647 εὐσεϐῶς
2797 4585 3075 4639 ἑλκύσασα
3105 4588 3195 4639 τὸν
3231 4591 3328 4659 τῆς
3368 4590 3573 4659 παρθε-

2003 4670 2121 4732 νίας
2162 4669 2326 4736 ζυγὸν
2359 4672 2392 4739 ἡ
2444 4673 2747 4743 σεμνοτάτη
2799 4675 3052 4740 Γελασία,
3087 4675 3330 4747 θυγάτηρ
3365 4678 3574 4750 τριϐού-

2004 4774 2095 4809 νου
2122 4759 2287 4820 τινός.
2323 4758 2541 4828 Ταύτης
2565 4760 2666 4828 τῆς
2697 4762 2923 4833 ἀρίστης
2951 4765 3123 4832 ἀρετὴ
3150 4765 3290 4838 αῦτη
3325 4769 3570 4838 φέρεται,

2004 4844 2084 4898 ὃτι
2116 4845 2265 4915 ἥλιος
2290 4846 2542 4900 οὐδέποτε
2575 4851 2734 4901 ἐπέδυ
2770 4850 2864 4901 ἐπὶ
2901 4851 3044 4922 λύπη
3073 4853 3296 4923 ταύτης,
3329 4856 3388 4906 ού
3437 4856 3579 4908 κατὰ

2004 4935 2238 5003 οἰκέτου,
2264 4937 2324 4988 οὐ
2364 4936 2504 4990 κατά
2529 4937 2886 5007 θεραπαίνης,
2918 4941 2978 4991 οὐ
3011 4940 3152 4993 κατὰ
3188 4958 3332 5006 τινος
3364 4943 3573 5014 ἐτέρου.

2019 5025 2402 5095 ’Δποφυγοῦσα
2432 5026 2562 5093 γοῦν
2591 5025 2728 5094 αῦτη
2760 5028 2792 5096 ἡ
2827 5028 3074 5098 μακαρία
3117 5030 3215 5100 τὴν
3244 5030 3353 5083 τῶν
3386 5049 3578 5102 μνησι-

2007 5117 2192 5167 κάκων
2230 5116 2368 5178 ὁδδν,
2401 5118 2499 5182 τὴν
2530 5117 2606 5178 εἰς
2634 5115 2862 5168 θάνατον
2895 5116 3113 5170 αἰώνιον
3155 5121 3450 5190 φέρουσαν,
3477 5122 3573 5194 τῆς

2009 5205 2088 5264 εἰς
2121 5202 2288 5255 ἀΐδιον
2317 5201 2462 5272 ζωήν
2494 5203 2766 5274 φερούσης
2789 5204 3113 5260 ἐπελάϐετο.

2535 5305 2788 5358 ΚΕΦΑΛ.
2848 5307 3024 5359 ΡΜΖ’.

2523 5391 2659 5460 Περὶ
2721 5393 3069 5462 Ἰουλιανῆς.

2092 5494 2352 5564 Ἰουλιανή
2366 5511 2448 5556 τις
2469 5493 2628 5546 πάλιν
2653 5494 2877 5565 ὀνόματι
2908 5496 3175 5565 παρθένος
3189 5497 3246 5547 ἐν
3277 5495 3586 5564 Καισαρείᾳ

2009 5584 2106 5653 τῆς
2128 5582 2520 5644 Καππαδοκίας
2542 5581 2845 5651 λογιωτάτη
2861 5583 2953 5635 καὶ
2971 5583 3264 5651 πιστοτάτη
3279 5581 3494 5648 ἐλέγετο
3507 5578 3585 5631 εί-

2011 5690 2126 5726 ναι·
2188 5673 2308 5744 ἥτις
2361 5672 2644 5744 Ὠριγένην
2680 5672 2772 5724 τὸν
2817 5672 3140 5742 συγγραφέα
3175 5677 3447 5741 φεύγοντα
3485 5673 3588 5743 τὴν

2013 5762 2375 5817 ἐπανάστασιν
2408 5761 2517 5814 τῶν
2553 5761 2819 5831 Ἑλλήνων
2851 5761 3083 5832 ἐδέξατο,
3118 5762 3211 5814 ἐπὶ
3252 5760 3343 5814 δύο
3371 5759 3466 5831 ἔτη
3484 5777 3586 5813 κα-

3154 5854 3230 5912 Μ)
