4028 6428
456 371 582 438 i251

1903 372 2255 432 PALLADII
2339 425 2348 431 .

3582 375 3715 440 1252

453 485 840 554 τακρύπτουσα
877 472 1096 546 οἰκείοις
1114 482 1491 555 ἀναλώμασιν,
1519 483 1611 535 καὶ
1637 485 1701 553 τῇ
1728 482 1794 535 δι’
1827 480 2026 547 ἐαυτῆς
2057 480 2105 536 Λ
2136 480 2494 552 Συγχὼρησόν
2561 503 2648 554 μοι
2716 487 2895 557 μεῖναι
2944 488 3148 558 ταύτην
3208 489 3308 558 τὴν
3359 488 3534 542 νύκτα
3579 493 3714 559 μετὰ

453 567 724 640 ὑπηρεσίᾳ
761 568 1116 620 ἀναπαύουσα
1165 568 1254 620 τὸν
1300 568 1490 638 ἀνδρα.
1554 563 1724 636 Εὗρον
1760 566 1816 616 δὲ
1855 563 2028 616 ταῦτα

453 653 564 719 ἐγὼ
587 655 945 722 γεγραμμένα
971 654 1027 705 ἐν
1040 653 1386 721 παλαιοτάτῳ
1408 651 1524 720 βιϐλ
1535 651 1596 718 ίῳ
1614 667 1769 718 στιχη
1779 648 1875 718 ρῷ,
1891 648 2032 716 ὅπερ

456 739 760 808 ἐγέγραπτο
777 737 916 808 χειρὶ
943 737 1244 806 Ὠριγένους
1255 780 1266 792 .
1282 735 1452 788 Τοῦτο
1465 735 1524 786 τὸ
1539 733 1741 803 βιϐλίον
1752 728 1811 786 εῦ
1821 749 1909 802 ρον
1923 730 2034 798 ἐγὼ

455 825 606 894 παρὰ
642 822 902 891 Ἰουλιανῇ
935 820 1193 890 παρθένῳ
1210 821 1266 871 ὲν
1297 819 1623 887 Καισαρείᾳ,
1660 815 2034 886 κρυπτόμενος

457 909 613 978 κάγὼ
647 908 775 978 παρ’
800 909 960 978 αὐτῇ.
996 907 1154 967 ’Ἢτις
1186 904 1388 970 ἔλεγεν,
1427 904 1557 970 παρ’
1599 901 1764 954 αὑτοῦ
1811 901 2036 970 Συμμά-

457 1013 553 1065 χου
586 993 678 1044 τοῦ
707 991 986 1062 ἑρμηνέως
1011 989 1122 1040 τῶν
1169 987 1437 1039 Ἰουδαίων
1459 986 1589 1038 αὐτὸ
1626 984 1926 1052 εἰληφέναι.

531 1077 604 1130 Ού
633 1076 928 1143 παρέργως
972 1074 1026 1124 δὲ
1057 1072 1278 1124 τέθεικα
1325 1070 1419 1121 καὶ
1454 1070 1658 1129 ταύτας
1705 1069 1803 1128 τὰς
1833 1066 2036 1135 ἀρετὰς

458 1162 664 1217 τούτων
690 1161 798 1213 τῶν
834 1158 1093 1226 ἀοιδίμων
1137 1155 1413 1224 γυναικῶν
1437 1173 1452 1188 ο
1487 1154 1600 1208 ἀλλ’
1637 1153 1723 1207 ἵνα
1778 1152 2036 1224 μάθωμεν

459 1246 540 1298 ὅτι
563 1243 913 1312 πολυτρόπως
931 1242 1045 1294 ἐστι
1069 1240 1393 1312 κερδαίνειν,
1417 1237 1511 1291 ἐὰν
1537 1239 1804 1305 θέλωμεν,
1830 1238 1892 1289 ἐκ
1917 1238 2034 1287 δια·

463 1330 528 1398 φό
542 1347 647 1400 ρων
678 1328 1026 1398 προφάσεων.

1031 1413 1074 1463 Κ
1083 1411 1254 1462 ΕΦΑΛ
1267 1450 1279 1462 .
1315 1409 1500 1463 PMII'.

461 1500 744 1570 Διήγησις
804 1497 1168 1552 Ἱππολύτου
1196 1494 1320 1618 dri?)
1371 1494 1667 1563 γνωρίμου
1725 1491 1843 1546 τῶν
1890 1490 2040 1543 ἀπο-

1117 1582 1193 1618 στ
1274 1583 1373 1618 ων.

1117 1582 1373 1618 στοαιων.

545 1656 634 1706 Ἐν
667 1655 811 1720 ἄλλῳ
841 1651 1157 1722 βιϐλιδαρίῳ
1197 1649 1664 1718 ἐπιγεγραμμένῳ
1722 1646 2040 1700 Ἱππολύτου

460 1740 556 1794 τοῦ
575 1738 852 1810 γνωρίμου
872 1737 980 1790 τῶν
997 1735 1330 1795 ἀποστόλων,
1348 1731 1504 1803 εὗρον
1525 1734 1766 1802 διήγημα
1779 1732 2035 1784 τοιοῦτον·

2135 567 2338 635 ταύτης
2365 567 2464 636 τῆς
2500 570 2689 638 κόρης.
2716 570 2985 624 Εἰσελθὼν
3029 572 3121 626 οῦν
3164 575 3280 643 μετ’
3310 573 3485 641 αὐτῆς
3515 575 3594 635 είς
3622 575 3714 626 τὸν

2134 649 2453 718 ἀπόκρυφον
2481 649 2650 718 οἷκον,
2679 653 2824 721 λέγει
2846 656 2982 726 αὐτῇ
3010 673 3024 688 ·
3066 655 3320 721 Ἀνάστα,
3347 658 3523 709 σῶσον
3556 675 3716 709 σεαυ-

2134 733 2253 800 τήν.
2290 734 2400 786 Καὶ
2443 734 2673 799 ἐκδύσας
2719 737 2888 807 αὐτὴν
2923 743 2989 791 τὰ
3027 740 3238 809 ἱμάτια,
3263 742 3356 792 καὶ
3406 743 3474 808 τῇ
3521 739 3712 792 ἑαυτοῦ

2136 816 2323 886 ἐσθῆτι
2385 822 2767 887 μεταμφιάσας
2821 821 3010 891 αὐτὴν,
3036 825 3145 884 τοῖς
3173 840 3230 874 τε
3280 825 3583 891 καμισίοις,
3620 826 3714 875 καὶ

2136 903 2200 971 τῇ
2234 901 2483 971 χλαμύδι,
2518 905 2609 955 καὶ
2664 907 2776 967 τοῖς
2815 906 3077 975 ἀνδρείοις
3133 908 3317 969 πᾶσιν,
3350 907 3496 974 λέγει
3554 908 3711 976 αὐτῇ,

2138 984 2214 1052 τῷ
2253 985 2406 1054 ἄκρῳ
2433 986 2530 1054 τῆς
2561 986 2833 1055 χλαμύδος
2859 989 3347 1058 περικαλυψαμένη
3378 989 3585 1053 ἔξελθε.
3606 991 3714 1041 Καὶ

2138 1066 2309 1130 οὕτως
2353 1071 2647 1139 ποιήσασα,
2679 1071 2771 1123 καὶ
2816 1072 2943 1140 ὃλην
2994 1073 3190 1141 ἑαυτὴν
3241 1073 3591 1140 σφραγίσασα
3639 1072 3717 1140 τῷ

2143 1153 2428 1222 μυστηρίῳ
2473 1153 2565 1204 τοῦ
2619 1155 2851 1222 σταυροῦ
2899 1155 3193 1219 ἐξελθοῦσα
3236 1156 3469 1225 ἄφθορος
3507 1156 3601 1208 τοῦ
3630 1158 3716 1207 :6-

2141 1253 2242 1288 που
2290 1237 2520 1299 ἐκείνου,
2567 1242 2660 1291 καὶ
2715 1239 2996 1306 ἀμίαντος,
3029 1239 3310 1302 παντελῶς
3354 1242 3716 1291 διασέσωσται

2140 1321 2203 1388 τῇ
2241 1319 2422 1388 χάριτι
2457 1320 2548 1372 τοῦ
2577 1320 2835 1390 Χριστοῦ,
2867 1323 2962 1374 καὶ¹
3002 1325 3067 1392 τῇ
3105 1322 3197 1374 τοῦ
3229 1323 3513 1374 νεανίσκου
3548 1321 3713 1391 αἰτίᾳ,

2141 1404 2232 1456 τοῦ
2265 1403 2340 1472 τῷ
2364 1405 2478 1474 ἰδίῳ
2508 1405 2696 1473 αἵματι
2726 1406 2929 1474 ταύτην
2969 1405 3070 1473 τῆς
3088 1407 3284 1476 ἀτίμου
3307 1405 3512 1475 φθορᾶς
3547 1407 3718 1458 ἀπαλ-

2141 1486 2419 1551 λόιξαντος.
2453 1489 2530 1558 Τῇ
2558 1489 2614 1540 δὲ
2646 1488 2873 1559 ἐπιούσῃ
2901 1489 3087 1559 ἡμέρα
3114 1490 3361 1556 ἐγνώσθη
3391 1490 3452 1541 τὸ
3496 1489 3681 1557 δρᾶμα
3702 1503 3716 1517 ’

2143 1571 2238 1623 καὶ
2266 1573 2609 1643 προσηνέχθη
2656 1577 2683 1626 6
2728 1575 3133 1642 Μαγιστριανὸς
3182 1575 3259 1644 τῷ
3303 1575 3720 1644 θηριωδεστάῖῳ

2143 1655 2392 1728 δικαστῇ.
2442 1659 2761 1729 Ἀνακρίνας
2814 1659 2870 1711 δὲ
2916 1659 3006 1712 τὸν
3040 1661 3282 1727 γενναῖον
3340 1658 3577 1729 ἀθλητὴν
3629 1657 3718 1711 τοῦ

2149 1741 2382 1813 Χριστοῦ
2447 1741 2475 1793 ὁ
2529 1742 2826 1814 ἀνήμερος,
2877 1743 2971 1795 καὶ
3013 1743 3190 1796 πάντα
3251 1742 3457 1811 μαθὼν,
3512 1742 3721 1812 θηρίοις

533 1825 908 1892 Εὑγενεστάτη
965 1837 1047 1883 τις
1094 1821 1188 1872 καὶ
1220 1819 1525 1888 ὡραιοτάτη
1568 1817 1834 1887 παρθένος
1869 1816 2043 1886 ὑπῆρ-
2073 1816 2118 1873 Β
2151 1827 2334 1880 τοῦτον
2377 1826 2792 1896 παραϐληθῆναι
2823 1827 3108 1878 ἐκέλευσεν
3137 1843 3148 1856 ’
3176 1827 3265 1880 ἶνα
3311 1827 3404 1878 καὶ
3453 1828 3510 1878 ἐν
3547 1825 3723 1894 τούτῳ

465 1928 557 1980 χεν
588 1911 644 1961 ἐν
671 1912 736 1978 τῇ
781 1905 1031 1976 Κορίνθῳ
1060 1905 1232 1966 πόλει,
1264 1904 1577 1970 ἀσκουμένη
1607 1903 1688 1964 εἰς
1725 1901 1817 1954 τὸν
1851 1904 2042 1968 ἐνάρε-

463 2012 554 2048 τον
583 1994 714 2064 βίον.
747 1992 964 2061 Ταύτην
986 1993 1108 2044 κατ’
1139 1992 1317 2043 ἐκεῖνο
1338 1987 1530 2057 καιροῦ
1547 1986 1789 2039 διέϐαλον
1815 1985 1894 2054 τῷ
1922 1985 2044 2038 τότε

464 2078 742 2141 δικάζοντι
771 2076 995 2144 ’Έλληνι
1024 2075 1138 2128 δντι
1167 2073 1258 2125 ἐπὶ
1275 2071 1369 2124 τοῦ
1408 2070 1602 2140 καιροῦ
1638 2069 1747 2122 τῶν
1779 2069 2042 2133 διωκτῶν,

466 2163 542 2223 ὡς
566 2160 994 2230 βλασφημοῦσαν
1034 2159 1128 2210 καὶ
1157 2158 1283 2219 τοὺς
1323 2156 1569 2226 καιροὺς,
1604 2154 1697 2206 καὶ
1728 2156 1852 2216 τοὺς
1893 2153 2046 2223 βασι·

464 2249 598 2308 λεῖς,
623 2247 718 2298 καὶ
746 2245 816 2296 τὰ
853 2243 1068 2295 εἴδωλα.
1098 2242 1395 2310 Προέπινον
1421 2240 1478 2292 δὲ
1507 2240 1567 2292 τὸ
1593 2240 1794 2311 ταύτης
1830 2239 2044 2302 κάλλος,

466 2333 514 2382 οἱ
567 2329 694 2398 περὶ
752 2327 819 2380 τά
867 2325 1090 2379 τοιαῦτα
1131 2324 1383 2396 κάπηλοι,
1419 2323 1908 2393 γυναικομανοῦντι
1971 2322 2049 2393 τῷ

467 2411 610 2479 ἀθέῳ
638 2409 743 2462 τῶν
768 2409 1061 2463 δικαστῶν.
1100 2407 1160 2460 Ὀ
1191 2407 1247 2459 δὲ
1279 2407 1448 2476 ἡδέως
1482 2408 1700 2474 ἐδέξατο
1743 2409 1842 2478 τὴν
1871 2408 2050 2460 διαϐο-

468 2498 566 2568 λὴν
601 2499 713 2558 τοῖς
745 2497 990 2557 ἱππικοῖς
1022 2494 1224 2556 ώτίοις,
1252 2495 1345 2546 καὶ
1384 2495 1495 2554 τοῖς
1521 2494 1858 2563 θηλυμανέσι
1899 2493 2048 2562 λογι-

469 2586 646 2654 σμοῖς.
684 2579 1092 2652 Προσαχθείσης
1123 2580 1178 2630 δὲ
1228 2578 1430 2647 ταύτης
1496 2578 1571 2648 τῷ
1609 2581 1875 2650 μιαιφόνῳ
1917 2580 2046 2633 πολὺ

469 2668 634 2721 πλέον
659 2670 724 2738 τῇ
746 2665 953 2737 ἀσωτίᾳ
997 2665 1330 2734 ἐκμέμηνεν.
1375 2664 1460 2725 Ὠς
1491 2662 1546 2715 δέ
1577 2665 1757 2716 πᾶσαν
1799 2665 2051 2735 μηχανὴν

470 2751 592 2803 κατ’
627 2747 793 2820 αὐτῆς
823 2751 1051 2818 κινήσας
1073 2750 1100 2800 6
1137 2746 1364 2815 βέϐηλος
1386 2745 1484 2816 τὴν
1520 2747 1612 2800 τοῦ
1659 2746 1793 2799 Θεοῦ
1841 2747 2038 2816 ἀνθρω·

470 2853 573 2888 πον
617 2837 802 2886 πεῖσαι
844 2835 942 2885 οὐκ
996 2831 1561 2902 ἡδυνήθη,διαφόροις
1593 2831 1800 2894 αἰκίαις
1845 2833 2052 2901 ταύτην

471 2921 570 2986 τὴν
594 2919 845 2986 γενναίαν
865 2917 1157 2970 ὑπέϐαλεν.
1199 2915 1287 2979 Ὠς
1319 2915 1376 2967 δὲ
1404 2915 1494 2968 καὶ
1528 2916 1585 2966 ἐν
1610 2915 1821 2976 τούτοις
1852 2915 2054 2968 ἀπέτυ-

471 3020 588 3073 χεν,
620 3003 693 3072 μὴ
723 3003 948 3072 ἰσχύσας
972 2999 1141 3070 αὐτὴν
1176 3000 1483 3068 ἀποστῆσαι
1516 3000 1614 3066 τῆς
1643 2998 1932 3067 ὁμολογίας
1959 2998 2060 3067 τῆς

472 3088 567 3140 τοῦ
622 3087 882 3157 Χριστοῦ,
931 3085 1238 3154 ἁπομανεὶς
1273 3085 1411 3154 πρὸς
1460 3083 1633 3150 αὐτὴν
1677 3085 1704 3134 6
1755 3083 2050 3153 ἀνήμερος,

473 3172 595 3223 τότε
635 3171 877 3240 τιμωρία
915 3170 1140 3239 τοιαύτῃ
1199 3168 1368 3238 αὐτὴν
1434 3168 1745 3238 παρέδωκεν
1781 3183 1795 3197 '

472 3257 571 3325 τὴν
633 3256 885 3323 σώφρονα
933 3255 1012 3316 είς
1063 3254 1331 3321 πορνεῖον,
1387 3251 1687 3304 ἐνετείλατο
1741 3251 1818 3320 τῷ
1855 3251 2058 3313 ταύτας

477 3343 722 3409 νέμοντι,
773 3337 968 3405 λέγων’
1019 3336 1179 3398 Δέξαι
1200 3333 1426 3404 ταύτην,
1479 3333 1575 3386 καὶ
1627 3335 1906 3405 ἡμερήσιά
1967 3351 2057 3404 μοι

476 3426 537 3489 ἐξ
591 3423 757 3491 αύτῆι³
786 3423 913 3490 τρία
963 3419 1277 3489 νομίσματα
1331 3418 1659 3487 ἀποκόμιζε.
1711 3417 1767 3470 Ὀ
1829 3417 1886 3470 δὲ
1943 3420 2060 3470 εἰσ-

476 3510 846 3578 πραττόμενος
870 3507 963 3559 τὸν
1013 3508 1077 3558 ἐκ
1120 3505 1215 3574 τῆς
1244 3504 1683 3574 αἱσχροπραγίας
1710 3502 1931 3572 χρυσὸν,
1967 3501 2060 3554 έκ-

476 3596 626 3647 δοτον
658 3592 824 3662 αὐτὴν
872 3592 1100 3659 ἔστησεν
1131 3592 1240 3650 τοῖς
1269 3587 1616 3660 βουλομένοις
1655 3588 1712 3640 ἐν
1738 3587 1815 3657 τῷ
1831 3587 1924 3640 τοῦ
1959 3586 2059 3656 μιῖ-

479 3697 605 3740 σους
630 3675 999 3746 ἐργαστηρίῳ.
1032 3674 1118 3736 Ὠς
1137 3674 1228 3726 οὖν
1257 3673 1499 3740 ἔγνωσαν
1516 3675 1564 3724 οἱ
1588 3673 1714 3740 περὶ
1733 3671 1801 3724 τὰ
1837 3673 2060 3726 τοιαῦτα

477 3760 947 3832 γυναικοῖέρακες,
984 3756 1324 3828 παρήδρευον
1354 3755 1431 3826 τῷ
1462 3756 1763 3826 παρανόμῳ
1792 3757 2063 3828 ἐργαστη-

480 3849 605 3919 ρίῳ,
632 3845 869 3907 διδόντες
897 3844 988 3895 τὸν
1042 3844 1142 3912 τῆς
1177 3842 1375 3912 ἀτίμου
1427 3842 1692 3911 ἐργασίας
1729 3842 1940 3912 μισθὸν,
1967 3843 2064 3895 καὶ

481 3935 795 4006 βουλόμενοι
815 3931 989 4004 ταύτῃ
1023 3930 1158 3999 πρὸς
1198 3929 1406 3999 φθορὰν
1443 3929 1674 4000 ὁμιλεῖν.
1741 3929 1805 3982 Ἦ
1863 3929 1921 3982 δὲ
1971 3945 2063 3980 σεο

484 4017 724 4088 μνοτάτη
756 4015 918 4084 αὕτη,
952 4016 1046 4068 καὶ
1071 4015 1197 4076 τοὺς
1227 4013 1420 4081 λόγους
1464 4013 1598 4084 πρὸς
1627 4012 1845 4082 ἀπάτην
1878 4011 2062 4065 ἐκκλί-

481 4121 669 4168 νουσα,
731 4099 1107 4169 ἐκλιπαροῦσα
1161 4099 1358 4162 αὐτοὺς
1399 4097 1724 4168 παρεκάλει,
1785 4097 2064 4165 λέγουσα,

481 4192 565 4244 ὅτι
590 4190 787 4252 ’Ἕλκος
809 4187 920 4258 ἔχω
947 4203 999 4239 τι
1022 4189 1100 4247 είς
1127 4183 1514 4255 κεκρυμμένον
1540 4183 1724 4247 τόπον,
1743 4184 1880 4252 ὅπερ
1904 4182 2066 4253 ἐσχά-

481 4293 590 4338 τως
623 4273 737 4337 όζει
760 4292 774 4305 ·
803 4274 894 4327 καὶ
932 4273 1148 4325 δέδοικα
1195 4272 1271 4342 μὴ
1298 4271 1378 4332 εἰς
1411 4268 1571 4340 μῖσός
1608 4284 1710 4339 μου
1752 4269 1946 4338 ἔλθητε
1987 4267 2067 4338 τῷ

484 4360 844 4429 ἀποτροπαίῳ
897 4357 993 4410 τοῦ
1039 4356 1254 4418 ἕλκους.
1317 4353 1536 4407 Ἐνδοτε
1595 4348 1689 4406 οὖν
1739 4371 1830 4421 μοι
1880 4353 2068 4420 ὀλίγας

485 4446 721 4517 ἡμέρας,
759 4445 853 4497 καὶ
909 4442 1156 4510 ἐξουσίαν
1208 4459 1308 4511 μου
1353 4441 1504 4510 ἔχετε
1565 4438 1661 4493 καὶ
1726 4438 1936 4508 δωρεάν
2000 4455 2067 4506 με

1847 3168 2051 3235 στήσας
2079 3168 2124 3226 C.

2147 1915 2175 1965 6
2209 1910 2500 1981 μισόκαλος
2527 1909 2736 1980 δαίμων
2773 1911 3166 1982 καταισχυνθῇ.
3211 1912 3458 1982 Νομίσας
3495 1912 3606 1980 γὰρ
3633 1910 3724 1962 τὸν

2147 1996 2390 2064 ἀνδρεῖον
2427 2037 2441 2062 ν
2474 1999 2540 2066 τῇ
2575 1996 2817 2066 ἀθεμίτῳ
2865 1998 3102 2067 τιμωρίᾳ
3136 1997 3471 2066 περιϐαλεῖν,
3506 1994 3727 2048 διπλοῦν

2153 2079 2403 2150 μάρτυρα
2434 2080 2525 2133 τοῦ
2555 2078 2792 2148 Χριστοῦ
2817 2080 3004 2132 τοῦτον
3029 2080 3325 2150 ἀπέφηνεν,
3352 2083 3444 2133 καὶ
3471 2080 3610 2148 ὑπὲρ
3631 2079 3727 2144 τῆς

2149 2163 2344 2214 ἑαυτοῦ
2386 2163 2656 2216 ἀθανάτου
2691 2163 2868 2232 ψυχῆς
2921 2164 3235 2234 ἀθλήσαντα
3267 2165 3534 2232 γενναίως
3567 2203 3582 2225 ,
3633 2163 3730 2213 καὶ

2152 2248 2292 2318 ὑπὲρ
2323 2248 2420 2316 τῆς
2451 2248 2696 2316 ἀοιδίμου
2725 2247 2940 2318 ἐκείνης
2969 2248 3064 2300 καὶ
3099 2247 3376 2318 μακαρίας
3418 2244 3731 2314 ἀθλητικῶς

2150 2333 2263 2392 τοῖς
2303 2330 2488 2393 πόνοις
2534 2332 3039 2401 ἐγκαρτερήσαντα.
3071 2332 3162 2384 Διὸ
3209 2334 3303 2384 καὶ
3345 2330 3538 2399 διπλῆς
3565 2328 3732 2397 τιμῆς

2151 2415 2304 2484 παρά
2335 2414 2430 2468 τοῦ
2479 2414 2742 2484 Χριστοῦ,
2775 2415 3000 2468 καὶτῶν
3035 2415 3296 2484 ἀοιδίμων
3321 2416 3414 2467 καὶ
3443 2413 3731 2483 μακαρίων

2153 2500 2434 2567 στεφάνων
2480 2498 2630 2570 παρὰ
2659 2498 2757 2568 τῆς
2793 2497 2986 2550 τούτου
3045 2497 3455 2570 φιλανθρωπίας
3498 2495 3729 2565 ἠξιώθη.

2699 2597 2972 2648 ’ΚΕΦΑΛ.
3036 2597 3164 2648 PN’.

2155 2683 2294 2749 Περὶ
2339 2681 2750 2752 Μαηψεντίνου
2787 2681 2883 2732 καὶ
2939 2681 3047 2752 τῆς
3095 2678 3380 2748 γυναικὸς
3420 2676 3526 2731 τοῦ
3586 2693 3736 2744 συγ,

2769 2751 3082 2816 κλητικοῦ.

2239 2833 2551 2906 Ἰἰμνήσθην
2596 2834 2652 2887 δὲ
2706 2835 2801 2887 καὶ
2851 2835 3016 2902 ἄλλης
3075 2833 3358 2904 ἱστορίας,
3415 2832 3511 2884 καὶ
3567 2830 3732 2883 καλὸν

2156 2919 2314 2972 τοῦτο
2353 2921 2427 2990 μὴ
2455 2917 2767 2989 παρελθεῖν.
2801 2917 3034 2986 Λέγεται
3077 2920 3204 2987 περὶ
3235 2915 3602 2984 Μαγνεντίνου
3638 2911 3734 2965 τοῦ

2157 3017 2447 3088 ἀντάρτου,
2477 3017 2557 3068 ὅτι
2588 3015 2812 3078 πολλαῖς
2835 3014 3080 3082 γυναιξὶν
3114 3012 3446 3083 ἐπεμίγνυτο
3485 3010 3734 3077 Ἑλληνί-

2161 3118 2267 3163 σιν,
2312 3103 2405 3154 καὶ
2429 3104 2508 3163 είς
2531 3102 2865 3171 Χριστιανὰς
2896 3099 3213 3170 ἐπέρριψεν,
3245 3096 3410 3149 θέλων
3443 3094 3738 3162 ἐπιμίγνυν

2160 3185 2324 3237 σθαι·
2386 3184 2480 3238 καὶ
2530 3184 2696 3254 ᾕρουν
2735 3178 2895 3238 αὗται
2947 3179 3326 3248 ἀποθανεῖν,ἦ
3378 3177 3736 3246 σωφροσύνην

2162 3267 2477 3338 προδοῦναι.
2508 3267 2709 3320 Ἐλθὼν
2758 3263 2851 3320 οῦν
2893 3269 2950 3318 ἐν
3002 3267 3101 3336 μιᾷ
3139 3263 3312 3326 πόλει,
3345 3261 3561 3332 ἠράσθη
3592 3260 3735 3320 τινος

2159 3351 2417 3418 γυναικὸς
2449 3349 2813 3420 συγκλητικοῦ
2838 3350 2945 3402 ἀπὸ
2983 3348 3239 3418 ἐπάρχων
3267 3361 3279 3374 ·
3320 3345 3416 3398 καὶ
3475 3343 3736 3413 φοϐηθεὶς

2160 3436 2188 3487 6
2232 3435 2370 3505 ἀνὴρ
2411 3438 2604 3504 αὐτῆς,
2645 3430 2798 3487 εἴπεν
2839 3431 2992 3502 αὐτῷ
3027 3448 3040 3463 ·
3073 3429 3316 3500 Πέμψον,
3353 3424 3486 3499 ἆρον
3539 3427 3734 3494 αὑτήν.

2162 3522 2272 3575 Καὶ
2295 3515 2540 3582 ἐλθόντες
2565 3519 2614 3570 οἱ
2644 3516 2974 3588 στρατιῶται
3005 3517 3090 3568 ἐπ’
3126 3515 3314 3584 αὐτὴν,
3341 3508 3495 3564 εἶπεν
3549 3512 3735 3572 αὐτοῖς

2162 3608 2197 3677 ή
2261 3604 2398 3674 γυνή
2427 3620 2442 3634 ·
2482 3601 2803 3664 Ἐκδέξασθε
2865 3597 3061 3669 μικρὸν
3103 3599 3207 3659 ἕως
3255 3597 3621 3667 κοσμήσωμαι
3649 3593 3742 3645 τὸν

2162 3690 2370 3760 κόσμον
2404 3689 2463 3740 ἐν
2581 3684 2845 3753 είθίσθην,
2885 3684 2994 3736 Καὶ
3026 3680 3342 3734 εἰσελθοῦσα
3373 3681 3451 3743 εἰς
3480 3678 3573 3732 τὸν
3628 3695 3743 3729 κοι-

2163 3775 2312 3828 τῶνα
2333 3772 2556 3843 ἐαυτῆς,
2592 3768 2831 3823 λαϐοῦσα
2885 3767 3057 3836 ξίφος,
3089 3765 3228 3819 κατά
3275 3767 3380 3817 τῶν
3415 3764 3743 3832 σπλάγχνων

2166 3859 2368 3928 ἐαυτῆς
2415 3856 2697 3926 ἐνέπηξεν.
2749 3855 3172 3906 Ἀκουσάτωσαν
3221 3851 3274 3902 αἰ
3327 3848 3614 3919 παρθένοι,
3644 3846 3744 3898 καὶ

2165 3939 2604 4012 αἰσχυνέσθωσαν
2649 3939 2704 3991 αἱ
2727 3936 2962 4007 Χριστὸν
2997 3934 3462 4003 ἐπαγγελλόμεναι
3497 3930 3745 4001 ἔχειντὸν

2165 4024 2433 4095 Νυμφίον,
2453 4024 2546 4074 καὶ
2569 4024 2632 4074 ἐκ
2651 4021 2850 4090 μικρᾶς
2863 4017 3166 4088 φιληδονίας
3189 4017 3374 4070 τοῦτον
3389 4015 3742 4085 προδόσασαι.

2179 4108 2340 4178 Ἦμῖν
2372 4107 2428 4159 δέ
2466 4104 2577 4176 δῴη
2609 4105 2637 4155 6
2669 4104 2801 4166 θεὸς
2827 4104 3040 4172 ἑκάστῳ
3070 4101 3221 4170 μέλει
3260 4099 3432 4153 σώσαι
3474 4100 3572 4170 τὴν
3603 4115 3747 4167 παρ-

2167 4191 2349 4245 θενίαν
2375 4207 2390 4221 ·
2428 4191 2522 4245 καὶ
2557 4187 2921 4256 ἀγαλλόμεναι
2955 4187 3090 4256 μετά
3116 4184 3208 4237 τοῦ
3239 4183 3558 4254 ίεροψάλτου
3581 4181 3709 4251 βοᾷν
3728 4197 3742 4209 ⁸

2169 4275 2541 4340 Καθήλωσον
2559 4273 2630 4325 ἐκ
2653 4269 2760 4324 τοῦ
2796 4269 2983 4338 φόϐου
3025 4285 3142 4323 σου
3172 4269 3278 4333 τὰς
3326 4267 3559 4334 σάρκας
3584 4282 3702 4334 μου
3726 4280 3741 4290 ·

2168 4360 2287 4413 ἀπὸ
2320 4360 2428 4426 τὰρ
2469 4355 2586 4409 τῶν
2624 4353 2918 4424 χριμάτων
2954 4367 3069 4406 σου
3117 4351 3439 4420 ἐφοϐήθην.
3469 4348 3578 4401 Καί
3609 4365 3622 4377 ·
3655 4346 3749 4400 Ζῶ

2171 4442 2238 4496 δὲ
2263 4443 2466 4495 οὺκέτι
2494 4438 2629 4505 ἐγὼ,
2672 4436 2740 4505 ζῇ
2769 4436 2838 4488 δὲ
2880 4437 2950 4490 ἐν
2980 4435 3112 4504 ἐμοὶ
3153 4435 3426 4502 Χριστός.
3449 4432 3662 4484 Γένοιτο
3692 4429 3751 4480 δὲ

485 4513 651 4601 ἔχειν.
678 4527 903 4590 Τούτοις
933 4529 989 4579 δὲ
1017 4528 1128 4589 τοῖς
1151 4525 1378 4593 λόγοις-ἢ
1411 4523 1660 4594 μακαρία
1677 4523 1918 4577 πείσασα
1937 4523 2064 4582 τοὺς
2097 4525 2141 4580 B
2171 4529 2316 4597 ἡμᾶς
2352 4527 2445 4580 καὶ
2501 4523 2660 4576 τοῦτο
2688 4520 2962 4589 νηφούσας
2987 4521 3165 4588 λέγειν
3193 4535 3205 4548 ·
3252 4517 3402 4585 Ἐγὼ
3446 4515 3525 4579 τῷ
3572 4513 3751 4568 ἀδελ.

485 4612 729 4674 ἀσώτους
751 4611 886 4673 τέως
921 4611 1270 4678 ἀπέπεμψεν.
1313 4608 1779 4678 Ἑμμελεστάταις
1827 4607 1885 4659 δὲ
1941 4606 2066 4675 δεή-

488 4715 606 4750 σεσι
635 4697 726 4751 τὸν
769 4696 901 4749 Θεὸν
955 4695 1367 4764 δυσωπήσασα,
1420 4691 1516 4744 καὶ
1564 4691 2070 4761 κατανενυγμέναις

490 4781 723 4843 ἱκεσίαις
755 4780 945 4832 τοῦτον
966 4775 1463 4845 εἰςεύσπλαγχνίαν
1493 4775 1866 4844 κατέκαμψεν.
1891 4775 2069 4846 Προσ-

487 4865 742 4936 εσχηκὼς
783 4864 960 4918 τοίνυν
987 4868 1015 4918 6
1044 4863 1175 4926 Θεὸς
1211 4864 1238 4916 6
1268 4865 1368 4924 τὰς
1400 4861 1611 4922 ἐννοίας
1655 4861 1831 4924 εἰδὼς,
1861 4861 1976 4923 πῶς
2005 4861 2070 4912 ἐκ

488 4953 712 5024 καρδίας
742 4954 774 5023 ἡ
810 4951 1044 5020 σώφρων
1069 4953 1166 5020 τῆς
1199 4950 1422 5018 ἁγνείας
1465 4947 1706 5018 ἐκήδετσ,
1731 4948 1786 4999 ἐν
1834 4945 2072 5008 ἐκείναις

486 5041 605 5102 ταῖς
639 5039 867 5110 ἡμέραις
906 5039 1253 5108 ᾠκονόμησεν
1283 5036 1311 5087 6
1344 5034 1517 5103 φύλαξ
1562 5034 1662 5102 τῆς
1709 5032 1927 5084 πάντων
1979 5033 2071 5084 ἀν-

489 5125 518 5176 θ
527 5123 727 5194 ρώπων
749 5124 1024 5196 σωτηρίας
1046 5122 1246 5175 τοῖόνδε
1284 5139 1357 5174 τι.

1048 5209 1300 5262 ΚΕΦΛΛ.
1334 5207 1515 5262 ΡΜΘ’.

841 5293 980 5362 Περὶ
1029 5289 1476 5361 Mdg-(armarat?
1523 5305 1709 5356 τινος.

563 5380 864 5442 Νεανίσκος
916 5395 998 5440 τις
1052 5375 1480 5444 Μαγιστριανὸς,
1547 5374 1746 5442 ὡραῖος
1791 5368 1869 5442 τῷ
1918 5367 2071 5437 εἴδει,

409 5492 411 5494 -
494 5464 723 5534 εὐσεϐὴς
755 5467 821 5534 τῇ
847 5462 1062 5535 γνώμῃ,
1084 5454 1128 5528 ᾧ
1156 5459 1463 5514 ἐντέθεικεν
1496 5458 1526 5510 6
1553 5457 1684 5519 Θεὸς
1706 5454 1870 5526 ζῆλον
1906 5470 2071 5505 πνευ-

499 5550 726 5616 ματικὸν
769 5547 1100 5618 πυριφλεγῆ,
1133 5546 1208 5607 ώς
1237 5545 1330 5597 καὶ
1378 5542 1611 5596 θανάτου
1635 5538 2072 5609 καταφρονῆσαι.

496 5633 608 5686 Καὶ
641 5632 891 5686 ἀπελθὼν
938 5631 1018 5700 τῷ
1075 5630 1314 5700 σχήματι
1356 5629 1456 5696 τῆς
1507 5625 1805 5686 ἀκολασίας
1835 5621 2078 5691 εἰσέρχε-

496 5729 585 5767 ται
624 5715 842 5784 βαθεῖαν
869 5716 1106 5785 ἑσπέραν
1146 5715 1282 5785 πρὸς
1311 5713 1400 5766 τὸν
1432 5713 1696 5784 τρέφοντα
1727 5707 1952 5770 ταύτας,
1983 5704 2078 5769 καὶ

501 5793 715 5852 δίδωσιν
758 5799 906 5864 αύτῷ
947 5798 1107 5852 πέντε
1161 5797 1494 5867 νομίσματα,
1529 5796 1623 5848 καλ⁵
1667 5794 1815 5862 λέγει
1875 5787 2072 5859 αὐτῷ,⁶

2169 4609 2320 4680 φιδῷ
2336 4626 2474 4678 μου,
2507 4606 2603 4660 καὶ
2638 4609 2670 4660 d
2700 4604 3063 4673 ἀδελφιδοῦς
3107 4620 3226 4672 μου
3281 4601 3430 4670 ἐμοί.
3471 4599 3591 4652 Ὀτὲ
3647 4597 3748 4666 μὲν

2173 4693 2421 4762 νυμφίος,
2452 4691 2541 4742 ὁτὲ
2575 4689 2632 4741 δὲ
2666 4687 2912 4756 ἁδελφὸς,
2945 4687 3032 4740 ἵνα
3061 4684 3227 4757 μηδὲν
3256 4683 3516 4753 σαρκικὸν
3539 4681 3744 4748 νοῆται.

2184 4775 2307 4828 Ἐὰν
2348 4775 2456 4843 γάρ
2491 4771 2728 4842 ἀκούσῃς
2783 4771 3000 4839 νύμφην
3050 4770 3144 4822 καὶ
3176 4768 3428 4838 νυμφίον,
3462 4765 3557 4835 τὴν
3583 4779 3750 4816 πνευ-

2177 4859 2411 4930 ματικὴν
2441 4858 2636 4910 ἕνωσιν
2665 4855 2764 4921 τὴν
2800 4855 2935 4924 πρὸς
2955 4855 3044 4906 τὸν
3084 4853 3302 4922 Πατέρα
3330 4849 3608 4920 σημαίνεις

2247 4944 2474 5012 Είδομεν
2496 4941 2553 4992 δέ
2575 4941 2668 4993 καὶ
2691 4939 2884 5003 ἄλλους
2915 4940 3165 5006 Πατέρας
3193 4937 3286 4990 καὶ
3308 4935 3572 5007 μοναχοὺς
3605 4932 3748 4986 κατά

2175 5032 2355 5083 πᾶσαν
2404 5029 2504 5097 τὴν
2552 5023 3076 5093 Αίγυπτον,πολλάς
3104 5023 3358 5092 δυνάμεις
3403 5021 3497 5072 καὶ
3547 5021 3750 5088 σημεῖα

2174 5112 2560 5174 ἐπιτελοῦντας
2596 5128 2609 5141 ·
2645 5104 2718 5163 ὧν
2760 5109 2848 5163 διὰ
2878 5109 2938 5161 τὸ
2977 5108 3179 5179 πλῆθος
3209 5107 3308 5159 οὐκ
3340 5102 3751 5174 ἐμνημονεύσα-

2178 5217 2278 5271 μεν
2299 5215 2314 5227 ·
2348 5197 2481 5252 ἀλλὰ
2513 5195 2668 5264 ὀλίγα
2711 5195 2833 5248 ἀντὶ
2867 5191 3077 5247 πολλῶν
3106 5188 3507 5262 διηγησάμεθα.
3528 5187 3594 5238 Τί
3639 5185 3751 5271 γὰρ

2176 5270 2242 5338 ἀν
2271 5301 2353 5346 τις
2411 5281 2556 5334 εἴποι
2585 5280 2714 5349 περὶ
2755 5277 2856 5346 τῆς
2885 5277 3161 5347 ἀνωτέρας
3193 5272 3458 5342 Θηϐαΐδος
3487 5271 3583 5339 τῆς
3608 5270 3749 5321 κατά

2177 5368 2413 5438 Συήνην,
2448 5367 2505 5418 ἐν
2636 5361 3080 5432 θαυμασιώτατοι
3122 5359 3314 5428 ἄνδρες
3363 5356 3744 5424 τυγχάνουσιν,

2179 5436 2284 5504 καί
2304 5449 2508 5518 πλῆθος
2545 5436 2792 5516 μοναχῶν
2840 5447 3104 5516 ἀπειρον;
3149 5436 3225 5495 ὧν
3276 5441 3377 5494 οὐκ
3406 5439 3470 5493 ἄν
3523 5453 3606 5499 τις
3653 5453 3745 5486 πι-

2181 5537 2456 5590 στεύσειεν
2508 5535 2630 5595 ταῖς
2658 5531 2974 5594 πολιτείαις,
3021 5528 3162 5598 ὑπὲρ
3212 5523 3553 5594 ἀνθρωπίνην
3604 5519 3750 5589 ζωὴν

2181 5619 2550 5690 ὑπαρχούσαις
2571 5633 2583 5646 ·
2615 5617 2664 5669 οἳ
2696 5617 2790 5668 καὶ
2822 5614 3049 5685 νεκροὺς
3073 5613 3234 5682 μέχρι
3270 5609 3370 5679 τῆς
3397 5608 3633 5677 σήμερον
3656 5605 3752 5656 ἀν-

2183 5703 2424 5763 ιστῶσιν,
2453 5697 2680 5755 καὶτῶν
2717 5697 2925 5752 ὑδάτων
2965 5697 3338 5750 ἐπιϐαίνουσιν
3365 5691 3548 5758 ὥσπερ
3579 5689 3608 5740 6
3645 5687 3752 5740 Πέ-

2182 5806 2332 5861 τρος,
2364 5788 2457 5840 καὶ
2496 5786 2604 5838 πᾶν
2634 5783 2661 5836 ὅ
2683 5801 2735 5836 τι
2768 5783 2831 5836 ἂν
2862 5785 2890 5836 6
2922 5781 3108 5854 Σωτὴρ
3135 5779 3223 5834 διὰ
3252 5777 3358 5832 τῶν
3395 5774 3561 5844 ἁγίων
3618 5772 3753 5825 ἀπο.
