  <div class='ocr_page' id='page_1' title='image "/cluster/home/n/w/nwhite01/storage/ocr_20150623/34/coo.31924054869312/638.png"; bbox 0 0 4028 6434; ppageno 0'>
   <div class='ocr_carea' id='block_1_1' title="bbox 378 409 514 463">
    <p class='ocr_par' dir='ltr' id='par_1_1' title="bbox 378 409 514 463">
     <span class='ocr_line' id='line_1_1' title="bbox 378 409 514 463; baseline 0.007 -1"><span class='ocrx_word' id='word_1_1' title='bbox 378 409 514 463; x_wconf 68' lang='grc' dir='ltr'><strong>1ἓὸ5</strong></span> 
     </span>
    </p>
   </div>
   <div class='ocr_carea' id='block_1_2' title="bbox 1623 420 2333 484">
    <p class='ocr_par' dir='ltr' id='par_1_2' title="bbox 1623 420 2333 484">
     <span class='ocr_line' id='line_1_2' title="bbox 1623 420 2333 484; baseline 0.011 -8"><span class='ocrx_word' id='word_1_2' title='bbox 1623 420 1935 477; x_wconf 76' lang='lat' dir='ltr'><strong>HISTORIA</strong></span> <span class='ocrx_word' id='word_1_3' title='bbox 1978 420 2333 484; x_wconf 67' lang='lat' dir='ltr'><strong>LAUSIACA.</strong></span> 
     </span>
    </p>
   </div>
   <div class='ocr_carea' id='block_1_3' title="bbox 3454 445 3592 509">
    <p class='ocr_par' dir='ltr' id='par_1_3' title="bbox 3454 445 3592 509">
     <span class='ocr_line' id='line_1_3' title="bbox 3454 445 3592 509; baseline 0.08 -11"><span class='ocrx_word' id='word_1_4' title='bbox 3454 445 3592 509; x_wconf 62' lang='grc'>1251</span> 
     </span>
    </p>
   </div>
   <div class='ocr_carea' id='block_1_4' title="bbox 365 515 3592 627">
    <p class='ocr_par' dir='ltr' id='par_1_4' title="bbox 365 515 3592 627">
     <span class='ocr_line' id='line_1_4' title="bbox 365 515 3592 627; baseline 0.015 -61"><span class='ocrx_word' id='word_1_5' title='bbox 365 515 663 581; x_wconf 70' lang='lat' dir='ltr'><strong>sumptibus</strong></span> <span class='ocrx_word' id='word_1_6' title='bbox 689 528 742 572; x_wconf 89' lang='lat' dir='ltr'><strong>et</strong></span> <span class='ocrx_word' id='word_1_7' title='bbox 770 532 866 573; x_wconf 94' lang='lat' dir='ltr'><strong>suo</strong></span> <span class='ocrx_word' id='word_1_8' title='bbox 895 523 1188 579; x_wconf 84' lang='lat' dir='ltr'><strong>ministerio</strong></span> <span class='ocrx_word' id='word_1_9' title='bbox 1217 528 1383 583; x_wconf 89' lang='lat' dir='ltr'><strong>virum</strong></span> <span class='ocrx_word' id='word_1_10' title='bbox 1423 532 1591 588; x_wconf 88' lang='lat' dir='ltr'><strong>alens.</strong></span> <span class='ocrx_word' id='word_1_11' title='bbox 1629 533 1803 588; x_wconf 90' lang='lat' dir='ltr'><strong>Inveni</strong></span> <span class='ocrx_word' id='word_1_12' title='bbox 1832 551 1923 587; x_wconf 88' lang='lat' dir='ltr'><strong>an-</strong></span> <span class='ocrx_word' id='word_1_13' title='bbox 1950 528 1997 587; x_wconf 83' lang='lat' dir='ltr'><strong>A</strong></span> <span class='ocrx_word' id='word_1_14' title='bbox 2031 548 2250 602; x_wconf 83' lang='lat' dir='ltr'><strong>vespere</strong></span> <span class='ocrx_word' id='word_1_15' title='bbox 2280 538 2573 609; x_wconf 78' lang='lat' dir='ltr'><strong>ingreditur</strong></span> <span class='ocrx_word' id='word_1_16' title='bbox 2600 547 2664 600; x_wconf 88' lang='lat' dir='ltr'><strong>ad</strong></span> <span class='ocrx_word' id='word_1_17' title='bbox 2694 563 2814 603; x_wconf 91' lang='lat' dir='ltr'><strong>eum</strong></span> <span class='ocrx_word' id='word_1_18' title='bbox 2839 552 2927 620; x_wconf 88' lang='lat' dir='ltr'><strong>qui</strong></span> <span class='ocrx_word' id='word_1_19' title='bbox 2954 553 3071 610; x_wconf 89' lang='lat' dir='ltr'><strong>illas</strong></span> <span class='ocrx_word' id='word_1_20' title='bbox 3102 557 3276 613; x_wconf 87' lang='lat' dir='ltr'><strong>alebat</strong></span> <span class='ocrx_word' id='word_1_21' title='bbox 3295 601 3311 627; x_wconf 95' lang='lat'><strong>,</strong></span> <span class='ocrx_word' id='word_1_22' title='bbox 3344 572 3397 617; x_wconf 83' lang='lat' dir='ltr'><strong>et</strong></span> <span class='ocrx_word' id='word_1_23' title='bbox 3423 564 3513 619; x_wconf 82' lang='lat' dir='ltr'><strong>dat</strong></span> <span class='ocrx_word' id='word_1_24' title='bbox 3539 566 3592 622; x_wconf 71' lang='lat' dir='ltr'><strong>oi</strong></span> 
     </span>
     <span class='ocr_line' id='line_1_5' title="bbox 368 603 2105 627; baseline 0.001 0"><span class='ocrx_word' id='word_1_25' title='bbox 368 611 469 627; x_wconf 68' lang='grc' dir='ltr'><strong>ιη...</strong></span> <span class='ocrx_word' id='word_1_26' title='bbox 501 603 608 627; x_wconf 46' lang='lat' dir='ltr'><strong>L-.-</strong></span> <span class='ocrx_word' id='word_1_27' title='bbox 643 608 687 627; x_wconf 60' lang='grc' dir='ltr'>ξ..</span> <span class='ocrx_word' id='word_1_28' title='bbox 741 624 757 627; x_wconf 65' lang='grc'><em>,</em></span> <span class='ocrx_word' id='word_1_29' title='bbox 808 612 842 627; x_wconf 72' lang='grc' dir='ltr'><strong>,ε</strong></span> <span class='ocrx_word' id='word_1_30' title='bbox 922 613 931 623; x_wconf 90' lang='grc'>.</span> <span class='ocrx_word' id='word_1_31' title='bbox 997 614 1007 624; x_wconf 73' lang='grc' dir='ltr'>ι</span> <span class='ocrx_word' id='word_1_32' title='bbox 1130 616 1181 627; x_wconf 79' lang='grc' dir='ltr'><strong>ι..</strong></span> <span class='ocrx_word' id='word_1_33' title='bbox 1383 623 1393 627; x_wconf 91' lang='grc'><strong>-</strong></span> <span class='ocrx_word' id='word_1_34' title='bbox 2100 626 2105 627; x_wconf 40' lang='grc' dir='ltr'><em>ν</em></span> 
     </span>
    </p>
   </div>
   <div class='ocr_carea' id='block_1_5' title="bbox 368 603 1920 694">
    <p class='ocr_par' dir='ltr' id='par_1_5' title="bbox 368 603 1920 694">
     <span class='ocr_line' id='line_1_6' title="bbox 368 603 1920 694; baseline 0.018 -41"><span class='ocrx_word' id='word_1_35' title='bbox 368 611 470 654; x_wconf 78' lang='lat' dir='ltr'><strong>teni</strong></span> <span class='ocrx_word' id='word_1_36' title='bbox 499 603 610 658; x_wconf 60' lang='lat' dir='ltr'><strong>huic</strong></span> <span class='ocrx_word' id='word_1_37' title='bbox 643 608 693 660; x_wconf 91' lang='lat' dir='ltr'><strong>in</strong></span> <span class='ocrx_word' id='word_1_38' title='bbox 736 612 1101 679; x_wconf 87' lang='lat' dir='ltr'><strong>antiquissimo</strong></span> <span class='ocrx_word' id='word_1_39' title='bbox 1130 616 1263 671; x_wconf 91' lang='lat' dir='ltr'><strong>libre</strong></span> <span class='ocrx_word' id='word_1_40' title='bbox 1293 623 1490 689; x_wconf 90' lang='lat' dir='ltr'><strong>scripto</strong></span> <span class='ocrx_word' id='word_1_41' title='bbox 1532 628 1793 689; x_wconf 75' lang='lat' dir='ltr'><strong>versibus,</strong></span> <span class='ocrx_word' id='word_1_42' title='bbox 1833 629 1920 694; x_wconf 87' lang='lat' dir='ltr'><strong>qui</strong></span> 
     </span>
    </p>
   </div>
   <div class='ocr_carea' id='block_1_6' title="bbox 363 693 1920 777">
    <p class='ocr_par' dir='ltr' id='par_1_6' title="bbox 363 693 1920 777">
     <span class='ocr_line' id='line_1_7' title="bbox 363 693 1920 777; baseline 0.017 -34"><span class='ocrx_word' id='word_1_43' title='bbox 363 693 575 760; x_wconf 85' lang='lat' dir='ltr'><strong>quidem</strong></span> <span class='ocrx_word' id='word_1_44' title='bbox 623 698 851 766; x_wconf 86' lang='lat' dir='ltr'><strong>scriptus</strong></span> <span class='ocrx_word' id='word_1_45' title='bbox 890 711 1006 754; x_wconf 89' lang='lat' dir='ltr'><strong>erat</strong></span> <span class='ocrx_word' id='word_1_46' title='bbox 1052 720 1211 758; x_wconf 86' lang='lat' dir='ltr'><strong>manu</strong></span> <span class='ocrx_word' id='word_1_47' title='bbox 1278 706 1547 777; x_wconf 88' lang='lat' dir='ltr'><strong>Origenis.</strong></span> <span class='ocrx_word' id='word_1_48' title='bbox 1623 709 1781 765; x_wconf 87' lang='lat' dir='ltr'><strong>llunc</strong></span> <span class='ocrx_word' id='word_1_49' title='bbox 1849 693 1920 769; x_wconf 91' lang='lat' dir='ltr'><strong>li-</strong></span> 
     </span>
    </p>
   </div>
   <div class='ocr_carea' id='block_1_7' title="bbox 359 782 1923 867">
    <p class='ocr_par' dir='ltr' id='par_1_7' title="bbox 359 782 1923 867">
     <span class='ocr_line' id='line_1_8' title="bbox 359 782 1923 867; baseline 0.013 -31"><span class='ocrx_word' id='word_1_50' title='bbox 359 782 739 859; x_wconf 29' lang='lat' dir='ltr'><strong>brum‘inveni</strong></span> <span class='ocrx_word' id='word_1_51' title='bbox 786 802 885 857; x_wconf 90' lang='lat' dir='ltr'><strong>ego</strong></span> <span class='ocrx_word' id='word_1_52' title='bbox 931 793 1067 856; x_wconf 89' lang='lat' dir='ltr'><strong>apud</strong></span> <span class='ocrx_word' id='word_1_53' title='bbox 1114 793 1373 849; x_wconf 79' lang='lat' dir='ltr'><strong>Julianam</strong></span> <span class='ocrx_word' id='word_1_54' title='bbox 1422 797 1675 867; x_wconf 79' lang='lat' dir='ltr'><strong>virginem</strong></span> <span class='ocrx_word' id='word_1_55' title='bbox 1722 801 1773 854; x_wconf 93' lang='lat' dir='ltr'><strong>in</strong></span> <span class='ocrx_word' id='word_1_56' title='bbox 1807 800 1923 857; x_wconf 70' lang='lat' dir='ltr'><strong>Cas-</strong></span> 
     </span>
    </p>
   </div>
   <div class='ocr_carea' id='block_1_8' title="bbox 280 874 1916 952">
    <p class='ocr_par' dir='ltr' id='par_1_8' title="bbox 280 874 1916 952">
     <span class='ocr_line' id='line_1_9' title="bbox 280 874 1916 952; baseline 0.017 -32"><span class='ocrx_word' id='word_1_57' title='bbox 280 874 297 941; x_wconf 12' lang='lat'><strong>‘_&#39;</strong></span> <span class='ocrx_word' id='word_1_58' title='bbox 363 886 534 937; x_wconf 84' lang='lat' dir='ltr'><strong>sarea,</strong></span> <span class='ocrx_word' id='word_1_59' title='bbox 564 876 649 942; x_wconf 89' lang='lat' dir='ltr'><strong>qui</strong></span> <span class='ocrx_word' id='word_1_60' title='bbox 677 884 730 929; x_wconf 87' lang='lat' dir='ltr'><strong>et</strong></span> <span class='ocrx_word' id='word_1_61' title='bbox 770 878 878 945; x_wconf 91' lang='lat' dir='ltr'><strong>ipse</strong></span> <span class='ocrx_word' id='word_1_62' title='bbox 907 880 1053 952; x_wconf 72' lang='grc'>(215)</span> <span class='ocrx_word' id='word_1_63' title='bbox 1084 884 1220 950; x_wconf 88' lang='lat' dir='ltr'><strong>apud</strong></span> <span class='ocrx_word' id='word_1_64' title='bbox 1259 900 1377 939; x_wconf 83' lang='lat' dir='ltr'><strong>eam</strong></span> <span class='ocrx_word' id='word_1_65' title='bbox 1416 889 1707 945; x_wconf 87' lang='lat' dir='ltr'><strong>occultatus</strong></span> <span class='ocrx_word' id='word_1_66' title='bbox 1750 907 1916 949; x_wconf 88' lang='lat' dir='ltr'><strong>eram.</strong></span> 
     </span>
    </p>
   </div>
   <div class='ocr_carea' id='block_1_9' title="bbox 362 958 1919 1051">
    <p class='ocr_par' dir='ltr' id='par_1_9' title="bbox 362 958 1919 1051">
     <span class='ocr_line' id='line_1_10' title="bbox 362 958 1919 1051; baseline 0.018 -41"><span class='ocrx_word' id='word_1_67' title='bbox 362 958 579 1015; x_wconf 75' lang='lat' dir='ltr'><strong>Dicebat</strong></span> <span class='ocrx_word' id='word_1_68' title='bbox 605 974 779 1019; x_wconf 89' lang='lat' dir='ltr'><strong>autem</strong></span> <span class='ocrx_word' id='word_1_69' title='bbox 818 982 878 1021; x_wconf 89' lang='lat' dir='ltr'><strong>sc</strong></span> <span class='ocrx_word' id='word_1_70' title='bbox 914 972 1177 1029; x_wconf 80' lang='lat' dir='ltr'><strong>accepisse</strong></span> <span class='ocrx_word' id='word_1_71' title='bbox 1203 989 1232 1027; x_wconf 93' lang='lat' dir='ltr'><strong>a</strong></span> <span class='ocrx_word' id='word_1_72' title='bbox 1271 974 1591 1045; x_wconf 83' lang='lat' dir='ltr'><strong>Symmacho</strong></span> <span class='ocrx_word' id='word_1_73' title='bbox 1630 978 1919 1051; x_wconf 89' lang='lat' dir='ltr'><strong>interprete</strong></span> 
     </span>
    </p>
   </div>
   <div class='ocr_carea' id='block_1_10' title="bbox 358 1050 681 1113">
    <p class='ocr_par' dir='ltr' id='par_1_10' title="bbox 358 1050 681 1113">
     <span class='ocr_line' id='line_1_11' title="bbox 358 1050 681 1113; baseline 0.025 -9"><span class='ocrx_word' id='word_1_74' title='bbox 358 1050 681 1113; x_wconf 66' lang='lat' dir='ltr'><strong>Iudaeorum.</strong></span> 
     </span>
    </p>
   </div>
   <div class='ocr_carea' id='block_1_11' title="bbox 427 1141 1919 1228">
    <p class='ocr_par' dir='ltr' id='par_1_11' title="bbox 427 1141 1919 1228">
     <span class='ocr_line' id='line_1_12' title="bbox 427 1141 1919 1228; baseline 0.017 -36"><span class='ocrx_word' id='word_1_75' title='bbox 427 1141 540 1194; x_wconf 88' lang='lat' dir='ltr'><strong>Non</strong></span> <span class='ocrx_word' id='word_1_76' title='bbox 563 1143 659 1197; x_wconf 91' lang='lat' dir='ltr'><strong>fuit</strong></span> <span class='ocrx_word' id='word_1_77' title='bbox 678 1156 853 1202; x_wconf 85' lang='lat' dir='ltr'><strong>autem</strong></span> <span class='ocrx_word' id='word_1_78' title='bbox 877 1150 1103 1206; x_wconf 87' lang='lat' dir='ltr'><strong>alienum</strong></span> <span class='ocrx_word' id='word_1_79' title='bbox 1127 1156 1194 1207; x_wconf 90' lang='lat' dir='ltr'><strong>ab</strong></span> <span class='ocrx_word' id='word_1_80' title='bbox 1210 1158 1449 1212; x_wconf 80' lang='lat' dir='ltr'><strong>instituto</strong></span> <span class='ocrx_word' id='word_1_81' title='bbox 1470 1173 1653 1226; x_wconf 90' lang='lat' dir='ltr'><strong>opere,</strong></span> <span class='ocrx_word' id='word_1_82' title='bbox 1678 1164 1919 1228; x_wconf 87' lang='lat' dir='ltr'><strong>posuisse</strong></span> 
     </span>
    </p>
   </div>
   <div class='ocr_carea' id='block_1_12' title="bbox 356 1232 1916 1322">
    <p class='ocr_par' dir='ltr' id='par_1_12' title="bbox 356 1232 1916 1322">
     <span class='ocr_line' id='line_1_13' title="bbox 356 1232 1916 1322; baseline 0.017 -40"><span class='ocrx_word' id='word_1_83' title='bbox 356 1232 574 1287; x_wconf 78' lang='lat' dir='ltr'><strong>virtutes</strong></span> <span class='ocrx_word' id='word_1_84' title='bbox 600 1235 783 1291; x_wconf 91' lang='lat' dir='ltr'><strong>harum</strong></span> <span class='ocrx_word' id='word_1_85' title='bbox 814 1240 1154 1311; x_wconf 85' lang='lat' dir='ltr'><strong>feminarum;</strong></span> <span class='ocrx_word' id='word_1_86' title='bbox 1187 1249 1281 1301; x_wconf 90' lang='lat' dir='ltr'><strong>sed</strong></span> <span class='ocrx_word' id='word_1_87' title='bbox 1302 1257 1362 1303; x_wconf 90' lang='lat' dir='ltr'><strong>ut</strong></span> <span class='ocrx_word' id='word_1_88' title='bbox 1389 1251 1650 1318; x_wconf 85' lang='lat' dir='ltr'><strong>sciamus,</strong></span> <span class='ocrx_word' id='word_1_89' title='bbox 1681 1255 1822 1322; x_wconf 92' lang='lat' dir='ltr'><strong>quod</strong></span> <span class='ocrx_word' id='word_1_90' title='bbox 1852 1270 1916 1309; x_wconf 87' lang='lat' dir='ltr'><strong>ex</strong></span> 
     </span>
    </p>
   </div>
   <div class='ocr_carea' id='block_1_13' title="bbox 355 1324 1706 1406">
    <p class='ocr_par' dir='ltr' id='par_1_13' title="bbox 355 1324 1706 1406">
     <span class='ocr_line' id='line_1_14' title="bbox 355 1324 1706 1406; baseline 0.017 -30"><span class='ocrx_word' id='word_1_91' title='bbox 355 1324 579 1380; x_wconf 79' lang='lat' dir='ltr'><strong>diversis</strong></span> <span class='ocrx_word' id='word_1_92' title='bbox 604 1331 973 1388; x_wconf 82' lang='lat' dir='ltr'><strong>occasionibus</strong></span> <span class='ocrx_word' id='word_1_93' title='bbox 1002 1336 1123 1390; x_wconf 89' lang='lat' dir='ltr'><strong>licet</strong></span> <span class='ocrx_word' id='word_1_94' title='bbox 1154 1338 1367 1406; x_wconf 88' lang='lat' dir='ltr'><strong>lucrari,</strong></span> <span class='ocrx_word' id='word_1_95' title='bbox 1391 1343 1436 1396; x_wconf 89' lang='lat' dir='ltr'><strong>si</strong></span> <span class='ocrx_word' id='word_1_96' title='bbox 1465 1344 1706 1399; x_wconf 82' lang='lat' dir='ltr'><strong>velimus.</strong></span> 
     </span>
    </p>
   </div>
   <div class='ocr_carea' id='block_1_14' title="bbox 868 1427 1398 1487">
    <p class='ocr_par' dir='ltr' id='par_1_14' title="bbox 868 1427 1398 1487">
     <span class='ocr_line' id='line_1_15' title="bbox 868 1427 1398 1487; baseline 0.017 -9"><span class='ocrx_word' id='word_1_97' title='bbox 868 1427 1093 1483; x_wconf 78' lang='lat' dir='ltr'><strong>CAPUT</strong></span> <span class='ocrx_word' id='word_1_98' title='bbox 1128 1430 1398 1487; x_wconf 75' lang='lat' dir='ltr'><strong>CXLVIII.</strong></span> 
     </span>
    </p>
   </div>
   <div class='ocr_carea' id='block_1_15' title="bbox 354 1507 1909 1602">
    <p class='ocr_par' dir='ltr' id='par_1_15' title="bbox 354 1507 1909 1602">
     <span class='ocr_line' id='line_1_16' title="bbox 354 1507 1909 1602; baseline 0.017 -42"><span class='ocrx_word' id='word_1_99' title='bbox 354 1507 430 1562; x_wconf 77' lang='lat' dir='ltr'><strong>De</strong></span> <span class='ocrx_word' id='word_1_100' title='bbox 476 1511 663 1579; x_wconf 67' lang='lat' dir='ltr'><strong>ﬂmina</strong></span> <span class='ocrx_word' id='word_1_101' title='bbox 692 1514 839 1586; x_wconf 71' lang='lat' dir='ltr'><strong>(9J6)</strong></span> <span class='ocrx_word' id='word_1_102' title='bbox 870 1519 1182 1572; x_wconf 77' lang='lat' dir='ltr'><strong>nobilissima</strong></span> <span class='ocrx_word' id='word_1_103' title='bbox 1228 1540 1342 1591; x_wconf 73' lang='lat' dir='ltr'><strong>qua:</strong></span> <span class='ocrx_word' id='word_1_104' title='bbox 1383 1527 1481 1591; x_wconf 81' lang='lat' dir='ltr'><strong>fuit</strong></span> <span class='ocrx_word' id='word_1_105' title='bbox 1529 1544 1724 1598; x_wconf 76' lang='lat' dir='ltr'><strong>semper</strong></span> <span class='ocrx_word' id='word_1_106' title='bbox 1750 1547 1909 1602; x_wconf 75' lang='lat' dir='ltr'><strong>virgo.</strong></span> 
     </span>
    </p>
   </div>
   <div class='ocr_carea' id='block_1_16' title="bbox 422 1601 1906 1690">
    <p class='ocr_par' dir='ltr' id='par_1_16' title="bbox 422 1601 1906 1690">
     <span class='ocr_line' id='line_1_17' title="bbox 422 1601 1906 1690; baseline 0.018 -40"><span class='ocrx_word' id='word_1_107' title='bbox 422 1602 475 1651; x_wconf 89' lang='lat' dir='ltr'><strong>In</strong></span> <span class='ocrx_word' id='word_1_108' title='bbox 508 1601 608 1653; x_wconf 90' lang='lat' dir='ltr'><strong>alio</strong></span> <span class='ocrx_word' id='word_1_109' title='bbox 636 1603 769 1657; x_wconf 91' lang='lat' dir='ltr'><strong>libro</strong></span> <span class='ocrx_word' id='word_1_110' title='bbox 796 1609 1162 1676; x_wconf 86' lang='lat' dir='ltr'><strong>antiquissimo</strong></span> <span class='ocrx_word' id='word_1_111' title='bbox 1188 1651 1201 1674; x_wconf 92' lang='lat'><strong>,</strong></span> <span class='ocrx_word' id='word_1_112' title='bbox 1236 1615 1436 1681; x_wconf 90' lang='lat' dir='ltr'><strong>scripto</strong></span> <span class='ocrx_word' id='word_1_113' title='bbox 1477 1618 1545 1671; x_wconf 92' lang='lat' dir='ltr'><strong>ab</strong></span> <span class='ocrx_word' id='word_1_114' title='bbox 1586 1601 1869 1690; x_wconf 80' lang='lat' dir='ltr'><strong>Hippolyto</strong></span> <span class='ocrx_word' id='word_1_115' title='bbox 1893 1664 1906 1687; x_wconf 92' lang='lat'><strong>,</strong></span> 
     </span>
    </p>
   </div>
   <div class='ocr_carea' id='block_1_17' title="bbox 347 1688 1913 1766">
    <p class='ocr_par' dir='ltr' id='par_1_17' title="bbox 347 1688 1913 1766">
     <span class='ocr_line' id='line_1_18' title="bbox 347 1688 1913 1766; baseline 0.017 -28"><span class='ocrx_word' id='word_1_116' title='bbox 347 1688 437 1755; x_wconf 91' lang='lat' dir='ltr'><strong>qui</strong></span> <span class='ocrx_word' id='word_1_117' title='bbox 466 1689 563 1743; x_wconf 87' lang='lat' dir='ltr'><strong>fuit</strong></span> <span class='ocrx_word' id='word_1_118' title='bbox 593 1691 866 1749; x_wconf 82' lang='lat' dir='ltr'><strong>familiaris</strong></span> <span class='ocrx_word' id='word_1_119' title='bbox 903 1698 1265 1766; x_wconf 85' lang='lat' dir='ltr'><strong>apostolorum</strong></span> <span class='ocrx_word' id='word_1_120' title='bbox 1288 1740 1302 1766; x_wconf 90' lang='lat'><strong>,</strong></span> <span class='ocrx_word' id='word_1_121' title='bbox 1331 1703 1505 1758; x_wconf 90' lang='lat' dir='ltr'><strong>inveni</strong></span> <span class='ocrx_word' id='word_1_122' title='bbox 1539 1707 1693 1762; x_wconf 82' lang='lat' dir='ltr'><strong>talem</strong></span> <span class='ocrx_word' id='word_1_123' title='bbox 1726 1688 1913 1763; x_wconf 74' lang='lat' dir='ltr'><strong>narra-</strong></span> 
     </span>
    </p>
   </div>
   <div class='ocr_carea' id='block_1_18' title="bbox 346 1778 587 1837">
    <p class='ocr_par' dir='ltr' id='par_1_18' title="bbox 346 1778 587 1837">
     <span class='ocr_line' id='line_1_19' title="bbox 346 1778 587 1837; baseline 0.021 -5"><span class='ocrx_word' id='word_1_124' title='bbox 346 1778 543 1833; x_wconf 82' lang='lat' dir='ltr'><strong>tionem</strong></span> <span class='ocrx_word' id='word_1_125' title='bbox 572 1797 587 1837; x_wconf 87' lang='lat'><strong>:</strong></span> 
     </span>
    </p>
   </div>
   <div class='ocr_carea' id='block_1_19' title="bbox 2023 626 3587 710">
    <p class='ocr_par' dir='ltr' id='par_1_19' title="bbox 2023 626 3587 710">
     <span class='ocr_line' id='line_1_20' title="bbox 2023 626 3587 710; baseline 0.022 -36"><span class='ocrx_word' id='word_1_126' title='bbox 2023 626 2253 691; x_wconf 83' lang='lat' dir='ltr'><strong>quinque</strong></span> <span class='ocrx_word' id='word_1_127' title='bbox 2287 631 2520 693; x_wconf 89' lang='lat' dir='ltr'><strong>solidos;</strong></span> <span class='ocrx_word' id='word_1_128' title='bbox 2556 644 2611 689; x_wconf 89' lang='lat' dir='ltr'><strong>et</strong></span> <span class='ocrx_word' id='word_1_129' title='bbox 2646 637 2772 691; x_wconf 86' lang='lat' dir='ltr'><strong>dicit</strong></span> <span class='ocrx_word' id='word_1_130' title='bbox 2802 641 2851 693; x_wconf 92' lang='lat' dir='ltr'><strong>ei</strong></span> <span class='ocrx_word' id='word_1_131' title='bbox 2878 660 2891 696; x_wconf 89' lang='lat'><strong>:</strong></span> <span class='ocrx_word' id='word_1_132' title='bbox 2916 642 3160 700; x_wconf 89' lang='lat' dir='ltr'><strong>Concede</strong></span> <span class='ocrx_word' id='word_1_133' title='bbox 3207 626 3335 704; x_wconf 88' lang='lat' dir='ltr'><strong>mihi</strong></span> <span class='ocrx_word' id='word_1_134' title='bbox 3368 667 3587 710; x_wconf 89' lang='lat' dir='ltr'><strong>manere</strong></span> 
     </span>
    </p>
   </div>
   <div class='ocr_carea' id='block_1_20' title="bbox 2024 709 3589 806">
    <p class='ocr_par' dir='ltr' id='par_1_20' title="bbox 2024 709 3589 806">
     <span class='ocr_line' id='line_1_21' title="bbox 2024 709 3589 806; baseline 0.024 -45"><span class='ocrx_word' id='word_1_135' title='bbox 2024 709 2122 766; x_wconf 91' lang='lat' dir='ltr'><strong>hac</strong></span> <span class='ocrx_word' id='word_1_136' title='bbox 2148 725 2303 771; x_wconf 89' lang='lat' dir='ltr'><strong>nocte</strong></span> <span class='ocrx_word' id='word_1_137' title='bbox 2330 732 2449 772; x_wconf 91' lang='lat' dir='ltr'><strong>cum</strong></span> <span class='ocrx_word' id='word_1_138' title='bbox 2480 722 2576 775; x_wconf 88' lang='lat' dir='ltr'><strong>hac</strong></span> <span class='ocrx_word' id='word_1_139' title='bbox 2603 726 2797 792; x_wconf 88' lang='lat' dir='ltr'><strong>puella.</strong></span> <span class='ocrx_word' id='word_1_140' title='bbox 2830 728 2884 781; x_wconf 91' lang='lat' dir='ltr'><strong>In</strong></span> <span class='ocrx_word' id='word_1_141' title='bbox 2933 732 3110 787; x_wconf 91' lang='lat' dir='ltr'><strong>locum</strong></span> <span class='ocrx_word' id='word_1_142' title='bbox 3149 750 3273 806; x_wconf 82' lang='lat' dir='ltr'><strong>ergo</strong></span> <span class='ocrx_word' id='word_1_143' title='bbox 3317 742 3589 799; x_wconf 87' lang='lat' dir='ltr'><strong>occultum</strong></span> 
     </span>
    </p>
   </div>
   <div class='ocr_carea' id='block_1_21' title="bbox 2021 807 3581 897">
    <p class='ocr_par' dir='ltr' id='par_1_21' title="bbox 2021 807 3581 897">
     <span class='ocr_line' id='line_1_22' title="bbox 2021 807 3581 897; baseline 0.021 -44"><span class='ocrx_word' id='word_1_144' title='bbox 2021 814 2138 854; x_wconf 90' lang='lat' dir='ltr'><strong>cum</strong></span> <span class='ocrx_word' id='word_1_145' title='bbox 2169 819 2229 857; x_wconf 87' lang='lat' dir='ltr'><strong>ea</strong></span> <span class='ocrx_word' id='word_1_146' title='bbox 2260 807 2525 876; x_wconf 87' lang='lat' dir='ltr'><strong>ingressus</strong></span> <span class='ocrx_word' id='word_1_147' title='bbox 2550 853 2565 877; x_wconf 94' lang='lat'><strong>,</strong></span> <span class='ocrx_word' id='word_1_148' title='bbox 2593 813 2720 867; x_wconf 88' lang='lat' dir='ltr'><strong>dicit</strong></span> <span class='ocrx_word' id='word_1_149' title='bbox 2749 817 2797 869; x_wconf 91' lang='lat' dir='ltr'><strong>ei</strong></span> <span class='ocrx_word' id='word_1_150' title='bbox 2826 834 2838 869; x_wconf 91' lang='lat'><strong>:</strong></span> <span class='ocrx_word' id='word_1_151' title='bbox 2872 818 3069 888; x_wconf 80' lang='lat' dir='ltr'><strong>Surge,</strong></span> <span class='ocrx_word' id='word_1_152' title='bbox 3119 838 3269 877; x_wconf 90' lang='lat' dir='ltr'><strong>serva</strong></span> <span class='ocrx_word' id='word_1_153' title='bbox 3306 836 3356 881; x_wconf 90' lang='lat' dir='ltr'><strong>te</strong></span> <span class='ocrx_word' id='word_1_154' title='bbox 3388 830 3581 897; x_wconf 79' lang='lat' dir='ltr'><strong>ipsam.</strong></span> 
     </span>
    </p>
   </div>
   <div class='ocr_carea' id='block_1_22' title="bbox 2020 890 3587 981">
    <p class='ocr_par' dir='ltr' id='par_1_22' title="bbox 2020 890 3587 981">
     <span class='ocr_line' id='line_1_23' title="bbox 2020 890 3587 981; baseline 0.019 -38"><span class='ocrx_word' id='word_1_155' title='bbox 2020 890 2084 943; x_wconf 80' lang='lat' dir='ltr'><strong>Et</strong></span> <span class='ocrx_word' id='word_1_156' title='bbox 2115 907 2231 945; x_wconf 92' lang='lat' dir='ltr'><strong>cum</strong></span> <span class='ocrx_word' id='word_1_157' title='bbox 2262 910 2378 949; x_wconf 89' lang='lat' dir='ltr'><strong>eam</strong></span> <span class='ocrx_word' id='word_1_158' title='bbox 2409 903 2517 953; x_wconf 87' lang='lat' dir='ltr'><strong>suis</strong></span> <span class='ocrx_word' id='word_1_159' title='bbox 2549 904 2787 959; x_wconf 87' lang='lat' dir='ltr'><strong>vestibus</strong></span> <span class='ocrx_word' id='word_1_160' title='bbox 2820 908 3078 964; x_wconf 82' lang='lat' dir='ltr'><strong>induisset</strong></span> <span class='ocrx_word' id='word_1_161' title='bbox 3105 955 3117 975; x_wconf 90' lang='lat'><strong>,</strong></span> <span class='ocrx_word' id='word_1_162' title='bbox 3166 915 3345 968; x_wconf 91' lang='lat' dir='ltr'><strong>tunica</strong></span> <span class='ocrx_word' id='word_1_163' title='bbox 3371 957 3384 981; x_wconf 88' lang='lat'><strong>,</strong></span> <span class='ocrx_word' id='word_1_164' title='bbox 3416 920 3587 972; x_wconf 80' lang='lat' dir='ltr'><strong>cauti-</strong></span> 
     </span>
    </p>
   </div>
   <div class='ocr_carea' id='block_1_23' title="bbox 2019 982 3586 1071">
    <p class='ocr_par' dir='ltr' id='par_1_23' title="bbox 2019 982 3586 1071">
     <span class='ocr_line' id='line_1_24' title="bbox 2019 982 3586 1071; baseline 0.02 -39"><span class='ocrx_word' id='word_1_165' title='bbox 2019 982 2095 1033; x_wconf 87' lang='lat' dir='ltr'><strong>sia</strong></span> <span class='ocrx_word' id='word_1_166' title='bbox 2125 983 2276 1053; x_wconf 70' lang='lat'><strong>(218)</strong></span> <span class='ocrx_word' id='word_1_167' title='bbox 2297 1026 2312 1051; x_wconf 94' lang='lat'><strong>,</strong></span> <span class='ocrx_word' id='word_1_168' title='bbox 2345 997 2397 1040; x_wconf 93' lang='lat' dir='ltr'><strong>et</strong></span> <span class='ocrx_word' id='word_1_169' title='bbox 2426 989 2706 1062; x_wconf 82' lang='lat' dir='ltr'><strong>chlamyde</strong></span> <span class='ocrx_word' id='word_1_170' title='bbox 2731 1035 2745 1059; x_wconf 92' lang='lat'><strong>,</strong></span> <span class='ocrx_word' id='word_1_171' title='bbox 2777 1007 2833 1050; x_wconf 92' lang='lat' dir='ltr'><strong>et</strong></span> <span class='ocrx_word' id='word_1_172' title='bbox 2861 1000 3111 1054; x_wconf 91' lang='lat' dir='ltr'><strong>omnibus</strong></span> <span class='ocrx_word' id='word_1_173' title='bbox 3144 1003 3382 1059; x_wconf 87' lang='lat' dir='ltr'><strong>virilibus</strong></span> <span class='ocrx_word' id='word_1_174' title='bbox 3407 1048 3421 1071; x_wconf 86' lang='lat'><strong>,</strong></span> <span class='ocrx_word' id='word_1_175' title='bbox 3456 1008 3586 1064; x_wconf 84' lang='lat' dir='ltr'><strong>dicit</strong></span> 
     </span>
    </p>
   </div>
   <div class='ocr_carea' id='block_1_24' title="bbox 2018 1070 3583 1165">
    <p class='ocr_par' dir='ltr' id='par_1_24' title="bbox 2018 1070 3583 1165">
     <span class='ocr_line' id='line_1_25' title="bbox 2018 1070 3583 1165; baseline 0.02 -42"><span class='ocrx_word' id='word_1_176' title='bbox 2018 1070 2102 1123; x_wconf 88' lang='lat' dir='ltr'><strong>ei:</strong></span> <span class='ocrx_word' id='word_1_177' title='bbox 2141 1072 2421 1143; x_wconf 77' lang='lat' dir='ltr'><strong>Egredere,</strong></span> <span class='ocrx_word' id='word_1_178' title='bbox 2452 1087 2503 1134; x_wconf 91' lang='lat' dir='ltr'><strong>te</strong></span> <span class='ocrx_word' id='word_1_179' title='bbox 2526 1095 2729 1136; x_wconf 90' lang='lat' dir='ltr'><strong>summa</strong></span> <span class='ocrx_word' id='word_1_180' title='bbox 2762 1086 3056 1158; x_wconf 83' lang='lat' dir='ltr'><strong>chlamydis</strong></span> <span class='ocrx_word' id='word_1_181' title='bbox 3085 1100 3235 1158; x_wconf 88' lang='lat' dir='ltr'><strong>parte</strong></span> <span class='ocrx_word' id='word_1_182' title='bbox 3267 1105 3583 1165; x_wconf 85' lang='lat' dir='ltr'><strong>contegens.</strong></span> 
     </span>
    </p>
   </div>
   <div class='ocr_carea' id='block_1_25' title="bbox 2019 1161 3577 1249">
    <p class='ocr_par' dir='ltr' id='par_1_25' title="bbox 2019 1161 3577 1249">
     <span class='ocr_line' id='line_1_26' title="bbox 2019 1161 3577 1249; baseline 0.019 -37"><span class='ocrx_word' id='word_1_183' title='bbox 2019 1161 2145 1225; x_wconf 74' lang='lat' dir='ltr'><strong>Quae</strong></span> <span class='ocrx_word' id='word_1_184' title='bbox 2175 1179 2291 1218; x_wconf 92' lang='lat' dir='ltr'><strong>cum</strong></span> <span class='ocrx_word' id='word_1_185' title='bbox 2319 1168 2393 1221; x_wconf 92' lang='lat' dir='ltr'><strong>sic</strong></span> <span class='ocrx_word' id='word_1_186' title='bbox 2420 1169 2665 1237; x_wconf 81' lang='lat' dir='ltr'><strong>fecisset,</strong></span> <span class='ocrx_word' id='word_1_187' title='bbox 2698 1184 2751 1228; x_wconf 90' lang='lat' dir='ltr'><strong>et</strong></span> <span class='ocrx_word' id='word_1_188' title='bbox 2777 1190 2835 1230; x_wconf 91' lang='lat' dir='ltr'><strong>se</strong></span> <span class='ocrx_word' id='word_1_189' title='bbox 2862 1187 3023 1233; x_wconf 91' lang='lat' dir='ltr'><strong>totam</strong></span> <span class='ocrx_word' id='word_1_190' title='bbox 3056 1181 3208 1249; x_wconf 88' lang='lat' dir='ltr'><strong>signo</strong></span> <span class='ocrx_word' id='word_1_191' title='bbox 3248 1188 3423 1239; x_wconf 91' lang='lat' dir='ltr'><strong>crucis</strong></span> <span class='ocrx_word' id='word_1_192' title='bbox 3460 1204 3577 1241; x_wconf 89' lang='lat' dir='ltr'><strong>mu-</strong></span> 
     </span>
    </p>
   </div>
   <div class='ocr_carea' id='block_1_26' title="bbox 2018 1252 3585 1343">
    <p class='ocr_par' dir='ltr' id='par_1_26' title="bbox 2018 1252 3585 1343">
     <span class='ocr_line' id='line_1_27' title="bbox 2018 1252 3585 1343; baseline 0.019 -40"><span class='ocrx_word' id='word_1_193' title='bbox 2018 1252 2240 1321; x_wconf 90' lang='lat' dir='ltr'><strong>niisset,</strong></span> <span class='ocrx_word' id='word_1_194' title='bbox 2290 1272 2503 1325; x_wconf 80' lang='lat' dir='ltr'><strong>egressa</strong></span> <span class='ocrx_word' id='word_1_195' title='bbox 2553 1278 2618 1316; x_wconf 86' lang='lat' dir='ltr'><strong>ex</strong></span> <span class='ocrx_word' id='word_1_196' title='bbox 2664 1265 2755 1319; x_wconf 92' lang='lat' dir='ltr'><strong>illo</strong></span> <span class='ocrx_word' id='word_1_197' title='bbox 2786 1266 2903 1320; x_wconf 92' lang='lat' dir='ltr'><strong>loco</strong></span> <span class='ocrx_word' id='word_1_198' title='bbox 2949 1272 3165 1325; x_wconf 90' lang='lat' dir='ltr'><strong>omnino</strong></span> <span class='ocrx_word' id='word_1_199' title='bbox 3198 1273 3497 1343; x_wconf 87' lang='lat' dir='ltr'><strong>incorrupta</strong></span> <span class='ocrx_word' id='word_1_200' title='bbox 3529 1288 3585 1333; x_wconf 87' lang='lat' dir='ltr'><strong>et</strong></span> 
     </span>
    </p>
   </div>
   <div class='ocr_carea' id='block_1_27' title="bbox 2018 1342 3585 1428">
    <p class='ocr_par' dir='ltr' id='par_1_27' title="bbox 2018 1342 3585 1428">
     <span class='ocr_line' id='line_1_28' title="bbox 2018 1342 3585 1428; baseline 0.018 -32"><span class='ocrx_word' id='word_1_201' title='bbox 2018 1342 2287 1411; x_wconf 83' lang='lat' dir='ltr'><strong>impolluta</strong></span> <span class='ocrx_word' id='word_1_202' title='bbox 2314 1389 2329 1414; x_wconf 92' lang='lat'><strong>,</strong></span> <span class='ocrx_word' id='word_1_203' title='bbox 2361 1362 2569 1405; x_wconf 87' lang='lat' dir='ltr'><strong>servata</strong></span> <span class='ocrx_word' id='word_1_204' title='bbox 2602 1365 2681 1408; x_wconf 90' lang='lat' dir='ltr'><strong>est</strong></span> <span class='ocrx_word' id='word_1_205' title='bbox 2712 1358 2909 1412; x_wconf 76' lang='lat' dir='ltr'><strong>Christi</strong></span> <span class='ocrx_word' id='word_1_206' title='bbox 2936 1364 3102 1428; x_wconf 87' lang='lat' dir='ltr'><strong>gratia</strong></span> <span class='ocrx_word' id='word_1_207' title='bbox 3130 1403 3145 1428; x_wconf 90' lang='lat'><strong>,</strong></span> <span class='ocrx_word' id='word_1_208' title='bbox 3180 1375 3234 1420; x_wconf 89' lang='lat' dir='ltr'><strong>et.</strong></span> <span class='ocrx_word' id='word_1_209' title='bbox 3273 1342 3435 1421; x_wconf 78' lang='lat' dir='ltr'><strong>causa</strong></span> <span class='ocrx_word' id='word_1_210' title='bbox 3458 1370 3585 1423; x_wconf 87' lang='lat' dir='ltr'><strong>ado-</strong></span> 
     </span>
    </p>
   </div>
   <div class='ocr_carea' id='block_1_28' title="bbox 2017 1432 3583 1525">
    <p class='ocr_par' dir='ltr' id='par_1_28' title="bbox 2017 1432 3583 1525">
     <span class='ocr_line' id='line_1_29' title="bbox 2017 1432 3583 1525; baseline 0.02 -41"><span class='ocrx_word' id='word_1_211' title='bbox 2017 1432 2262 1490; x_wconf 88' lang='lat' dir='ltr'><strong>lescentis</strong></span> <span class='ocrx_word' id='word_1_212' title='bbox 2288 1439 2375 1506; x_wconf 90' lang='lat' dir='ltr'><strong>qui</strong></span> <span class='ocrx_word' id='word_1_213' title='bbox 2405 1457 2519 1494; x_wconf 91' lang='lat' dir='ltr'><strong>eam</strong></span> <span class='ocrx_word' id='word_1_214' title='bbox 2545 1459 2643 1499; x_wconf 91' lang='lat' dir='ltr'><strong>suo</strong></span> <span class='ocrx_word' id='word_1_215' title='bbox 2670 1450 2928 1515; x_wconf 88' lang='lat' dir='ltr'><strong>sanguine</strong></span> <span class='ocrx_word' id='word_1_216' title='bbox 2951 1452 3195 1507; x_wconf 81' lang='lat' dir='ltr'><strong>liberavit</strong></span> <span class='ocrx_word' id='word_1_217' title='bbox 3216 1471 3245 1509; x_wconf 89' lang='lat' dir='ltr'><strong>a</strong></span> <span class='ocrx_word' id='word_1_218' title='bbox 3271 1459 3407 1525; x_wconf 91' lang='lat' dir='ltr'><strong>turpi</strong></span> <span class='ocrx_word' id='word_1_219' title='bbox 3433 1462 3583 1514; x_wconf 89' lang='lat' dir='ltr'><strong>vitio.</strong></span> 
     </span>
    </p>
   </div>
   <div class='ocr_carea' id='block_1_29' title="bbox 2016 1522 3585 1614">
    <p class='ocr_par' dir='ltr' id='par_1_29' title="bbox 2016 1522 3585 1614">
     <span class='ocr_line' id='line_1_30' title="bbox 2016 1522 3585 1614; baseline 0.018 -38"><span class='ocrx_word' id='word_1_220' title='bbox 2016 1522 2265 1593; x_wconf 85' lang='lat' dir='ltr'><strong>Sequenti</strong></span> <span class='ocrx_word' id='word_1_221' title='bbox 2293 1538 2466 1584; x_wconf 82' lang='lat' dir='ltr'><strong>autent</strong></span> <span class='ocrx_word' id='word_1_222' title='bbox 2496 1533 2581 1589; x_wconf 91' lang='lat' dir='ltr'><strong>die</strong></span> <span class='ocrx_word' id='word_1_223' title='bbox 2608 1551 2692 1589; x_wconf 88' lang='lat' dir='ltr'><strong>res</strong></span> <span class='ocrx_word' id='word_1_224' title='bbox 2723 1538 2818 1590; x_wconf 85' lang='lat' dir='ltr'><strong>fuit</strong></span> <span class='ocrx_word' id='word_1_225' title='bbox 2848 1543 3083 1608; x_wconf 81' lang='lat' dir='ltr'><strong>cegnita,</strong></span> <span class='ocrx_word' id='word_1_226' title='bbox 3112 1553 3166 1598; x_wconf 90' lang='lat' dir='ltr'><strong>et</strong></span> <span class='ocrx_word' id='word_1_227' title='bbox 3192 1522 3479 1614; x_wconf 77' lang='lat' dir='ltr'><strong>productus</strong></span> <span class='ocrx_word' id='word_1_228' title='bbox 3500 1560 3585 1605; x_wconf 84' lang='lat' dir='ltr'><strong>est</strong></span> 
     </span>
    </p>
   </div>
   <div class='ocr_carea' id='block_1_30' title="bbox 2014 1612 3579 1696">
    <p class='ocr_par' dir='ltr' id='par_1_30' title="bbox 2014 1612 3579 1696">
     <span class='ocr_line' id='line_1_31' title="bbox 2014 1612 3579 1696; baseline 0.019 -33"><span class='ocrx_word' id='word_1_229' title='bbox 2014 1612 2376 1680; x_wconf 79' lang='lat' dir='ltr'><strong>Magistrianus</strong></span> <span class='ocrx_word' id='word_1_230' title='bbox 2407 1619 2472 1673; x_wconf 92' lang='lat' dir='ltr'><strong>ad</strong></span> <span class='ocrx_word' id='word_1_231' title='bbox 2518 1624 2869 1681; x_wconf 70' lang='lat' dir='ltr'><strong>saevissimum</strong></span> <span class='ocrx_word' id='word_1_232' title='bbox 2908 1630 3163 1696; x_wconf 88' lang='lat' dir='ltr'><strong>judicem.</strong></span> <span class='ocrx_word' id='word_1_233' title='bbox 3220 1635 3351 1688; x_wconf 92' lang='lat' dir='ltr'><strong>Cum</strong></span> <span class='ocrx_word' id='word_1_234' title='bbox 3402 1647 3579 1691; x_wconf 88' lang='lat' dir='ltr'><strong>autem</strong></span> 
     </span>
    </p>
   </div>
   <div class='ocr_carea' id='block_1_31' title="bbox 2014 1712 3584 1800">
    <p class='ocr_par' dir='ltr' id='par_1_31' title="bbox 2014 1712 3584 1800">
     <span class='ocr_line' id='line_1_32' title="bbox 2014 1712 3584 1800; baseline 0.02 -43"><span class='ocrx_word' id='word_1_235' title='bbox 2014 1716 2282 1763; x_wconf 83' lang='lat' dir='ltr'><strong>Strenuum</strong></span> <span class='ocrx_word' id='word_1_236' title='bbox 2314 1712 2509 1768; x_wconf 84' lang='lat' dir='ltr'><strong>Christi</strong></span> <span class='ocrx_word' id='word_1_237' title='bbox 2556 1717 2810 1772; x_wconf 85' lang='lat' dir='ltr'><strong>athletam</strong></span> <span class='ocrx_word' id='word_1_238' title='bbox 2861 1725 3217 1782; x_wconf 86' lang='lat' dir='ltr'><strong>cxaminasset</strong></span> <span class='ocrx_word' id='word_1_239' title='bbox 3266 1730 3456 1799; x_wconf 86' lang='lat' dir='ltr'><strong>impius</strong></span> <span class='ocrx_word' id='word_1_240' title='bbox 3480 1777 3494 1800; x_wconf 95' lang='lat'><strong>,</strong></span> <span class='ocrx_word' id='word_1_241' title='bbox 3524 1745 3584 1789; x_wconf 80' lang='lat' dir='ltr'><strong>ct</strong></span> 
     </span>
    </p>
   </div>
   <div class='ocr_carea' id='block_1_32' title="bbox 2013 1800 3581 1885">
    <p class='ocr_par' dir='ltr' id='par_1_32' title="bbox 2013 1800 3581 1885">
     <span class='ocr_line' id='line_1_33' title="bbox 2013 1800 3581 1885; baseline 0.02 -37"><span class='ocrx_word' id='word_1_242' title='bbox 2013 1800 2187 1852; x_wconf 87' lang='lat' dir='ltr'><strong>omnia</strong></span> <span class='ocrx_word' id='word_1_243' title='bbox 2212 1801 2507 1871; x_wconf 54' lang='lat' dir='ltr'><strong>didicisset,</strong></span> <span class='ocrx_word' id='word_1_244' title='bbox 2537 1806 2696 1875; x_wconf 85' lang='lat' dir='ltr'><strong>jussit</strong></span> <span class='ocrx_word' id='word_1_245' title='bbox 2723 1827 2841 1865; x_wconf 90' lang='lat' dir='ltr'><strong>cum</strong></span> <span class='ocrx_word' id='word_1_246' title='bbox 2884 1816 3041 1881; x_wconf 88' lang='lat' dir='ltr'><strong>objici</strong></span> <span class='ocrx_word' id='word_1_247' title='bbox 3071 1819 3253 1873; x_wconf 81' lang='lat' dir='ltr'><strong>bestiis</strong></span> <span class='ocrx_word' id='word_1_248' title='bbox 3283 1861 3298 1885; x_wconf 93' lang='lat'><strong>,</strong></span> <span class='ocrx_word' id='word_1_249' title='bbox 3333 1832 3390 1875; x_wconf 90' lang='lat' dir='ltr'><strong>ut</strong></span> <span class='ocrx_word' id='word_1_250' title='bbox 3419 1827 3581 1879; x_wconf 84' lang='lat' dir='ltr'><strong>etiam</strong></span> 
     </span>
    </p>
   </div>
   <div class='ocr_carea' id='block_1_33' title="bbox 419 1871 1892 1980">
    <p class='ocr_par' dir='ltr' id='par_1_33' title="bbox 419 1871 1874 1956">
     <span class='ocr_line' id='line_1_34' title="bbox 419 1871 1874 1956; baseline 0.015 -33"><span class='ocrx_word' id='word_1_251' title='bbox 419 1871 535 1925; x_wconf 85' lang='lat' dir='ltr'><strong>Fuit</strong></span> <span class='ocrx_word' id='word_1_252' title='bbox 563 1875 802 1941; x_wconf 69' lang='lat' dir='ltr'><strong>quaedam</strong></span> <span class='ocrx_word' id='word_1_253' title='bbox 833 1880 1158 1937; x_wconf 88' lang='lat' dir='ltr'><strong>nobilissima</strong></span> <span class='ocrx_word' id='word_1_254' title='bbox 1191 1888 1336 1956; x_wconf 70' lang='lat' dir='ltr'><strong>virgo</strong></span> <span class='ocrx_word' id='word_1_255' title='bbox 1383 1898 1437 1944; x_wconf 88' lang='lat' dir='ltr'><strong>et</strong></span> <span class='ocrx_word' id='word_1_256' title='bbox 1485 1889 1874 1945; x_wconf 86' lang='lat' dir='ltr'><strong>formosissima</strong></span> 
     </span>
    </p>
   </div>
   <div class='ocr_carea' id='block_1_34' title="bbox 1996 1871 3576 1980">
    <p class='ocr_par' dir='ltr' id='par_1_34' title="bbox 2018 1889 3576 1980">
     <span class='ocr_line' id='line_1_35' title="bbox 2018 1889 3576 1980; baseline 0.021 -42"><span class='ocrx_word' id='word_1_257' title='bbox 2018 1889 2168 1942; x_wconf 89' lang='lat' dir='ltr'><strong>malis</strong></span> <span class='ocrx_word' id='word_1_258' title='bbox 2218 1892 2441 1948; x_wconf 89' lang='lat' dir='ltr'><strong>infestus</strong></span> <span class='ocrx_word' id='word_1_259' title='bbox 2485 1896 2689 1952; x_wconf 71' lang='lat' dir='ltr'><strong>daemon</strong></span> <span class='ocrx_word' id='word_1_260' title='bbox 2740 1902 2791 1954; x_wconf 91' lang='lat' dir='ltr'><strong>in</strong></span> <span class='ocrx_word' id='word_1_261' title='bbox 2825 1918 2889 1957; x_wconf 92' lang='lat' dir='ltr'><strong>eo</strong></span> <span class='ocrx_word' id='word_1_262' title='bbox 2934 1904 3238 1962; x_wconf 85' lang='lat' dir='ltr'><strong>afficeretur</strong></span> <span class='ocrx_word' id='word_1_263' title='bbox 3267 1914 3576 1980; x_wconf 84' lang='lat' dir='ltr'><strong>ignominia.</strong></span> 
     </span>
    </p>
   </div>
   <div class='ocr_carea' id='block_1_35' title="bbox 344 1963 1901 2044">
    <p class='ocr_par' dir='ltr' id='par_1_35' title="bbox 344 1963 1901 2044">
     <span class='ocr_line' id='line_1_36' title="bbox 344 1963 1901 2044; baseline 0.017 -32"><span class='ocrx_word' id='word_1_264' title='bbox 344 1976 462 2027; x_wconf 70' lang='lat' dir='ltr'><strong>qua:</strong></span> <span class='ocrx_word' id='word_1_265' title='bbox 488 1963 538 2016; x_wconf 91' lang='lat' dir='ltr'><strong>in</strong></span> <span class='ocrx_word' id='word_1_266' title='bbox 569 1966 672 2018; x_wconf 86' lang='lat' dir='ltr'><strong>vita</strong></span> <span class='ocrx_word' id='word_1_267' title='bbox 702 1984 767 2021; x_wconf 82' lang='lat' dir='ltr'><strong>ex</strong></span> <span class='ocrx_word' id='word_1_268' title='bbox 791 1972 984 2025; x_wconf 85' lang='lat' dir='ltr'><strong>virtute</strong></span> <span class='ocrx_word' id='word_1_269' title='bbox 1012 1977 1217 2044; x_wconf 79' lang='lat' dir='ltr'><strong>agenda</strong></span> <span class='ocrx_word' id='word_1_270' title='bbox 1249 1981 1606 2036; x_wconf 78' lang='lat' dir='ltr'><strong>exercebatur</strong></span> <span class='ocrx_word' id='word_1_271' title='bbox 1635 1981 1901 2038; x_wconf 88' lang='lat' dir='ltr'><strong>Corinthi.</strong></span> 
     </span>
    </p>
   </div>
   <div class='ocr_carea' id='block_1_36' title="bbox 346 2050 1909 2143">
    <p class='ocr_par' dir='ltr' id='par_1_36' title="bbox 346 2050 1909 2143">
     <span class='ocr_line' id='line_1_37' title="bbox 346 2050 1909 2143; baseline 0.018 -39"><span class='ocrx_word' id='word_1_272' title='bbox 346 2050 489 2106; x_wconf 83' lang='lat' dir='ltr'><strong>Hanc</strong></span> <span class='ocrx_word' id='word_1_273' title='bbox 531 2055 623 2107; x_wconf 86' lang='lat' dir='ltr'><strong>illo</strong></span> <span class='ocrx_word' id='word_1_274' title='bbox 653 2065 892 2127; x_wconf 90' lang='lat' dir='ltr'><strong>tempore</strong></span> <span class='ocrx_word' id='word_1_275' title='bbox 928 2066 1233 2121; x_wconf 85' lang='lat' dir='ltr'><strong>detulerunt</strong></span> <span class='ocrx_word' id='word_1_276' title='bbox 1279 2071 1343 2125; x_wconf 87' lang='lat' dir='ltr'><strong>ad</strong></span> <span class='ocrx_word' id='word_1_277' title='bbox 1370 2071 1605 2139; x_wconf 88' lang='lat' dir='ltr'><strong>judicem</strong></span> <span class='ocrx_word' id='word_1_278' title='bbox 1628 2115 1643 2140; x_wconf 90' lang='lat'><strong>,</strong></span> <span class='ocrx_word' id='word_1_279' title='bbox 1676 2076 1764 2143; x_wconf 90' lang='lat' dir='ltr'><strong>qui</strong></span> <span class='ocrx_word' id='word_1_280' title='bbox 1792 2085 1909 2132; x_wconf 87' lang='lat' dir='ltr'><strong>erat</strong></span> 
     </span>
    </p>
   </div>
   <div class='ocr_carea' id='block_1_37' title="bbox 340 2142 1905 2229">
    <p class='ocr_par' dir='ltr' id='par_1_37' title="bbox 340 2142 1905 2229">
     <span class='ocr_line' id='line_1_38' title="bbox 340 2142 1905 2229; baseline 0.019 -39"><span class='ocrx_word' id='word_1_281' title='bbox 340 2142 555 2206; x_wconf 79' lang='lat' dir='ltr'><strong>gentilis</strong></span> <span class='ocrx_word' id='word_1_282' title='bbox 582 2144 632 2196; x_wconf 91' lang='lat' dir='ltr'><strong>in</strong></span> <span class='ocrx_word' id='word_1_283' title='bbox 663 2154 897 2217; x_wconf 87' lang='lat' dir='ltr'><strong>tempore</strong></span> <span class='ocrx_word' id='word_1_284' title='bbox 928 2165 1347 2222; x_wconf 74' lang='lat' dir='ltr'><strong>persecutorem,</strong></span> <span class='ocrx_word' id='word_1_285' title='bbox 1384 2169 1440 2212; x_wconf 90' lang='lat' dir='ltr'><strong>ut</strong></span> <span class='ocrx_word' id='word_1_286' title='bbox 1463 2176 1581 2229; x_wconf 65' lang='lat' dir='ltr'><strong>quae</strong></span> <span class='ocrx_word' id='word_1_287' title='bbox 1606 2164 1905 2219; x_wconf 76' lang='lat' dir='ltr'><strong>maledimis</strong></span> 
     </span>
    </p>
   </div>
   <div class='ocr_carea' id='block_1_38' title="bbox 344 2230 1901 2317">
    <p class='ocr_par' dir='ltr' id='par_1_38' title="bbox 344 2230 1901 2317">
     <span class='ocr_line' id='line_1_39' title="bbox 344 2230 1901 2317; baseline 0.018 -36"><span class='ocrx_word' id='word_1_288' title='bbox 344 2230 633 2288; x_wconf 81' lang='lat' dir='ltr'><strong>incesseret</strong></span> <span class='ocrx_word' id='word_1_289' title='bbox 657 2247 710 2291; x_wconf 87' lang='lat' dir='ltr'><strong>et</strong></span> <span class='ocrx_word' id='word_1_290' title='bbox 739 2247 996 2308; x_wconf 88' lang='lat' dir='ltr'><strong>tempera,</strong></span> <span class='ocrx_word' id='word_1_291' title='bbox 1019 2256 1069 2297; x_wconf 90' lang='lat' dir='ltr'><strong>et</strong></span> <span class='ocrx_word' id='word_1_292' title='bbox 1094 2244 1443 2314; x_wconf 90' lang='lat' dir='ltr'><strong>imperatores</strong></span> <span class='ocrx_word' id='word_1_293' title='bbox 1462 2293 1477 2317; x_wconf 94' lang='lat'><strong>,</strong></span> <span class='ocrx_word' id='word_1_294' title='bbox 1508 2262 1562 2307; x_wconf 88' lang='lat' dir='ltr'><strong>et</strong></span> <span class='ocrx_word' id='word_1_295' title='bbox 1592 2253 1901 2309; x_wconf 87' lang='lat' dir='ltr'><strong>simulacra.</strong></span> 
     </span>
    </p>
   </div>
   <div class='ocr_carea' id='block_1_39' title="bbox 339 2323 1903 2405">
    <p class='ocr_par' dir='ltr' id='par_1_39' title="bbox 339 2323 1903 2405">
     <span class='ocr_line' id='line_1_40' title="bbox 339 2323 1903 2405; baseline 0.019 -31"><span class='ocrx_word' id='word_1_296' title='bbox 339 2323 711 2392; x_wconf 82' lang='lat' dir='ltr'><strong>Propenebant</strong></span> <span class='ocrx_word' id='word_1_297' title='bbox 738 2342 909 2385; x_wconf 89' lang='lat' dir='ltr'><strong>autem</strong></span> <span class='ocrx_word' id='word_1_298' title='bbox 941 2335 1053 2402; x_wconf 89' lang='lat' dir='ltr'><strong>ejus</strong></span> <span class='ocrx_word' id='word_1_299' title='bbox 1097 2338 1542 2405; x_wconf 89' lang='lat' dir='ltr'><strong>pulchritudinem</strong></span> <span class='ocrx_word' id='word_1_300' title='bbox 1590 2345 1774 2400; x_wconf 88' lang='lat' dir='ltr'><strong>harum</strong></span> <span class='ocrx_word' id='word_1_301' title='bbox 1817 2364 1903 2403; x_wconf 86' lang='lat' dir='ltr'><strong>re-</strong></span> 
     </span>
    </p>
   </div>
   <div class='ocr_carea' id='block_1_40' title="bbox 335 2424 1901 2497">
    <p class='ocr_par' dir='ltr' id='par_1_40' title="bbox 335 2424 1901 2497">
     <span class='ocr_line' id='line_1_41' title="bbox 335 2424 1901 2497; baseline 0.019 -33"><span class='ocrx_word' id='word_1_302' title='bbox 335 2428 451 2466; x_wconf 90' lang='lat' dir='ltr'><strong>rum</strong></span> <span class='ocrx_word' id='word_1_303' title='bbox 500 2428 884 2486; x_wconf 87' lang='lat' dir='ltr'><strong>cauponatores</strong></span> <span class='ocrx_word' id='word_1_304' title='bbox 940 2424 1103 2493; x_wconf 88' lang='lat' dir='ltr'><strong>impio</strong></span> <span class='ocrx_word' id='word_1_305' title='bbox 1146 2429 1309 2497; x_wconf 92' lang='lat' dir='ltr'><strong>judici</strong></span> <span class='ocrx_word' id='word_1_306' title='bbox 1339 2472 1353 2497; x_wconf 94' lang='lat'><strong>,</strong></span> <span class='ocrx_word' id='word_1_307' title='bbox 1422 2432 1649 2491; x_wconf 83' lang='lat' dir='ltr'><strong>feminas</strong></span> <span class='ocrx_word' id='word_1_308' title='bbox 1712 2438 1901 2493; x_wconf 88' lang='lat' dir='ltr'><strong>insano</strong></span> 
     </span>
    </p>
   </div>
   <div class='ocr_carea' id='block_1_41' title="bbox 332 2510 1898 2592">
    <p class='ocr_par' dir='ltr' id='par_1_41' title="bbox 332 2510 1898 2592">
     <span class='ocr_line' id='line_1_42' title="bbox 332 2510 1898 2592; baseline 0.019 -35"><span class='ocrx_word' id='word_1_309' title='bbox 332 2517 515 2560; x_wconf 82' lang='lat' dir='ltr'><strong>amore</strong></span> <span class='ocrx_word' id='word_1_310' title='bbox 544 2510 885 2581; x_wconf 89' lang='lat' dir='ltr'><strong>depereunti;</strong></span> <span class='ocrx_word' id='word_1_311' title='bbox 922 2518 964 2571; x_wconf 92' lang='lat' dir='ltr'><strong>is</strong></span> <span class='ocrx_word' id='word_1_312' title='bbox 993 2534 1146 2585; x_wconf 82' lang='lat' dir='ltr'><strong>vero,</strong></span> <span class='ocrx_word' id='word_1_313' title='bbox 1174 2525 1383 2592; x_wconf 87' lang='lat' dir='ltr'><strong>equinis</strong></span> <span class='ocrx_word' id='word_1_314' title='bbox 1408 2528 1624 2583; x_wconf 86' lang='lat' dir='ltr'><strong>auribus</strong></span> <span class='ocrx_word' id='word_1_315' title='bbox 1648 2540 1702 2584; x_wconf 91' lang='lat' dir='ltr'><strong>et</strong></span> <span class='ocrx_word' id='word_1_316' title='bbox 1742 2531 1898 2585; x_wconf 86' lang='lat' dir='ltr'><strong>femi-</strong></span> 
     </span>
    </p>
   </div>
   <div class='ocr_carea' id='block_1_42' title="bbox 331 2600 1896 2688">
    <p class='ocr_par' dir='ltr' id='par_1_42' title="bbox 331 2600 1896 2688">
     <span class='ocr_line' id='line_1_43' title="bbox 331 2600 1896 2688; baseline 0.017 -38"><span class='ocrx_word' id='word_1_317' title='bbox 331 2612 430 2652; x_wconf 87' lang='lat' dir='ltr'><strong>nas</strong></span> <span class='ocrx_word' id='word_1_318' title='bbox 460 2600 645 2657; x_wconf 89' lang='lat' dir='ltr'><strong>insane</strong></span> <span class='ocrx_word' id='word_1_319' title='bbox 667 2609 971 2664; x_wconf 87' lang='lat' dir='ltr'><strong>amantibus</strong></span> <span class='ocrx_word' id='word_1_320' title='bbox 998 2613 1429 2681; x_wconf 76' lang='lat' dir='ltr'><strong>cogitationibus.</strong></span> <span class='ocrx_word' id='word_1_321' title='bbox 1456 2622 1660 2688; x_wconf 89' lang='lat' dir='ltr'><strong>accepit</strong></span> <span class='ocrx_word' id='word_1_322' title='bbox 1697 2623 1896 2677; x_wconf 85' lang='lat' dir='ltr'><strong>calum-</strong></span> 
     </span>
    </p>
   </div>
   <div class='ocr_carea' id='block_1_43' title="bbox 330 2688 1891 2781">
    <p class='ocr_par' dir='ltr' id='par_1_43' title="bbox 330 2688 1891 2781">
     <span class='ocr_line' id='line_1_44' title="bbox 330 2688 1891 2781; baseline 0.019 -43"><span class='ocrx_word' id='word_1_323' title='bbox 330 2688 471 2741; x_wconf 89' lang='lat' dir='ltr'><strong>niam</strong></span> <span class='ocrx_word' id='word_1_324' title='bbox 501 2708 513 2743; x_wconf 90' lang='lat'><strong>:</strong></span> <span class='ocrx_word' id='word_1_325' title='bbox 547 2705 608 2745; x_wconf 89' lang='lat' dir='ltr'><strong>ea</strong></span> <span class='ocrx_word' id='word_1_326' title='bbox 639 2704 813 2749; x_wconf 90' lang='lat' dir='ltr'><strong>autem</strong></span> <span class='ocrx_word' id='word_1_327' title='bbox 846 2700 1102 2765; x_wconf 89' lang='lat' dir='ltr'><strong>producta</strong></span> <span class='ocrx_word' id='word_1_328' title='bbox 1141 2703 1206 2757; x_wconf 86' lang='lat' dir='ltr'><strong>ad</strong></span> <span class='ocrx_word' id='word_1_329' title='bbox 1237 2706 1506 2761; x_wconf 92' lang='lat' dir='ltr'><strong>hominem</strong></span> <span class='ocrx_word' id='word_1_330' title='bbox 1548 2711 1891 2781; x_wconf 90' lang='lat' dir='ltr'><strong>sceleratum,</strong></span> 
     </span>
    </p>
   </div>
   <div class='ocr_carea' id='block_1_44' title="bbox 329 2778 1891 2864">
    <p class='ocr_par' dir='ltr' id='par_1_44' title="bbox 329 2778 1891 2864">
     <span class='ocr_line' id='line_1_45' title="bbox 329 2778 1891 2864; baseline 0.02 -38"><span class='ocrx_word' id='word_1_331' title='bbox 329 2778 498 2831; x_wconf 90' lang='lat' dir='ltr'><strong>multo</strong></span> <span class='ocrx_word' id='word_1_332' title='bbox 525 2784 689 2851; x_wconf 84' lang='lat' dir='ltr'><strong>magis</strong></span> <span class='ocrx_word' id='word_1_333' title='bbox 719 2786 899 2840; x_wconf 87' lang='lat' dir='ltr'><strong>insana</strong></span> <span class='ocrx_word' id='word_1_334' title='bbox 927 2800 1114 2858; x_wconf 89' lang='lat' dir='ltr'><strong>captus</strong></span> <span class='ocrx_word' id='word_1_335' title='bbox 1144 2802 1227 2847; x_wconf 90' lang='lat' dir='ltr'><strong>est</strong></span> <span class='ocrx_word' id='word_1_336' title='bbox 1269 2795 1697 2864; x_wconf 88' lang='lat' dir='ltr'><strong>intemperantia.</strong></span> <span class='ocrx_word' id='word_1_337' title='bbox 1737 2802 1891 2858; x_wconf 89' lang='lat' dir='ltr'><strong>Post-</strong></span> 
     </span>
    </p>
   </div>
   <div class='ocr_carea' id='block_1_45' title="bbox 328 2878 1891 2949">
    <p class='ocr_par' dir='ltr' id='par_1_45' title="bbox 328 2878 1891 2949">
     <span class='ocr_line' id='line_1_46' title="bbox 328 2878 1891 2949; baseline 0.02 -31"><span class='ocrx_word' id='word_1_338' title='bbox 328 2883 486 2934; x_wconf 88' lang='lat' dir='ltr'><strong>quam</strong></span> <span class='ocrx_word' id='word_1_339' title='bbox 517 2883 691 2927; x_wconf 85' lang='lat' dir='ltr'><strong>autem</strong></span> <span class='ocrx_word' id='word_1_340' title='bbox 722 2878 967 2933; x_wconf 91' lang='lat' dir='ltr'><strong>omnibus</strong></span> <span class='ocrx_word' id='word_1_341' title='bbox 987 2882 1239 2938; x_wconf 89' lang='lat' dir='ltr'><strong>adversus</strong></span> <span class='ocrx_word' id='word_1_342' title='bbox 1268 2900 1382 2941; x_wconf 89' lang='lat' dir='ltr'><strong>eam</strong></span> <span class='ocrx_word' id='word_1_343' title='bbox 1406 2889 1659 2945; x_wconf 89' lang='lat' dir='ltr'><strong>adhibitis</strong></span> <span class='ocrx_word' id='word_1_344' title='bbox 1688 2893 1891 2949; x_wconf 65' lang='lat' dir='ltr'><strong>machi«</strong></span> 
     </span>
    </p>
   </div>
   <div class='ocr_carea' id='block_1_46' title="bbox 327 2960 1892 3051">
    <p class='ocr_par' dir='ltr' id='par_1_46' title="bbox 327 2960 1892 3051">
     <span class='ocr_line' id='line_1_47' title="bbox 327 2960 1892 3051; baseline 0.017 -38"><span class='ocrx_word' id='word_1_345' title='bbox 327 2960 431 3027; x_wconf 85' lang='lat' dir='ltr'><strong>nis,</strong></span> <span class='ocrx_word' id='word_1_346' title='bbox 449 2961 568 3016; x_wconf 90' lang='lat' dir='ltr'><strong>huic</strong></span> <span class='ocrx_word' id='word_1_347' title='bbox 595 2965 682 3019; x_wconf 88' lang='lat' dir='ltr'><strong>Dei</strong></span> <span class='ocrx_word' id='word_1_348' title='bbox 706 2967 903 3023; x_wconf 89' lang='lat' dir='ltr'><strong>homini</strong></span> <span class='ocrx_word' id='word_1_349' title='bbox 924 2972 1042 3041; x_wconf 78' lang='lat' dir='ltr'><strong>(sic)</strong></span> <span class='ocrx_word' id='word_1_350' title='bbox 1065 2979 1383 3040; x_wconf 80' lang='lat' dir='ltr'><strong>persuadere</strong></span> <span class='ocrx_word' id='word_1_351' title='bbox 1406 2996 1507 3035; x_wconf 92' lang='lat' dir='ltr'><strong>non</strong></span> <span class='ocrx_word' id='word_1_352' title='bbox 1526 2985 1714 3051; x_wconf 89' lang='lat' dir='ltr'><strong>potuit,</strong></span> <span class='ocrx_word' id='word_1_353' title='bbox 1736 2987 1892 3040; x_wconf 87' lang='lat' dir='ltr'><strong>variis</strong></span> 
     </span>
    </p>
   </div>
   <div class='ocr_carea' id='block_1_47' title="bbox 328 3056 1888 3143">
    <p class='ocr_par' dir='ltr' id='par_1_47' title="bbox 328 3056 1888 3143">
     <span class='ocr_line' id='line_1_48' title="bbox 328 3056 1888 3143; baseline 0.019 -40"><span class='ocrx_word' id='word_1_354' title='bbox 328 3056 604 3109; x_wconf 82' lang='lat' dir='ltr'><strong>tormentis</strong></span> <span class='ocrx_word' id='word_1_355' title='bbox 632 3059 860 3127; x_wconf 84' lang='lat' dir='ltr'><strong>subjecit</strong></span> <span class='ocrx_word' id='word_1_356' title='bbox 885 3062 1075 3120; x_wconf 88' lang='lat' dir='ltr'><strong>fortem</strong></span> <span class='ocrx_word' id='word_1_357' title='bbox 1106 3066 1377 3124; x_wconf 85' lang='lat' dir='ltr'><strong>feminam.</strong></span> <span class='ocrx_word' id='word_1_358' title='bbox 1405 3072 1687 3143; x_wconf 90' lang='lat' dir='ltr'><strong>Postquam</strong></span> <span class='ocrx_word' id='word_1_359' title='bbox 1712 3086 1888 3132; x_wconf 83' lang='lat' dir='ltr'><strong>auten-</strong></span> 
     </span>
    </p>
   </div>
   <div class='ocr_carea' id='block_1_48' title="bbox 325 3140 1885 3238">
    <p class='ocr_par' dir='ltr' id='par_1_48' title="bbox 325 3140 1885 3238">
     <span class='ocr_line' id='line_1_49' title="bbox 325 3140 1885 3238; baseline 0.021 -48"><span class='ocrx_word' id='word_1_360' title='bbox 325 3152 393 3193; x_wconf 91' lang='lat' dir='ltr'><strong>ne</strong></span> <span class='ocrx_word' id='word_1_361' title='bbox 422 3140 503 3196; x_wconf 92' lang='lat' dir='ltr'><strong>his</strong></span> <span class='ocrx_word' id='word_1_362' title='bbox 532 3147 740 3213; x_wconf 90' lang='lat' dir='ltr'><strong>quidem</strong></span> <span class='ocrx_word' id='word_1_363' title='bbox 771 3151 821 3203; x_wconf 93' lang='lat' dir='ltr'><strong>id</strong></span> <span class='ocrx_word' id='word_1_364' title='bbox 849 3154 989 3217; x_wconf 89' lang='lat' dir='ltr'><strong>quod</strong></span> <span class='ocrx_word' id='word_1_365' title='bbox 1024 3157 1232 3211; x_wconf 88' lang='lat' dir='ltr'><strong>volebat</strong></span> <span class='ocrx_word' id='word_1_366' title='bbox 1260 3170 1342 3213; x_wconf 89' lang='lat' dir='ltr'><strong>est</strong></span> <span class='ocrx_word' id='word_1_367' title='bbox 1368 3140 1676 3234; x_wconf 76' lang='lat' dir='ltr'><strong>assecutus,</strong></span> <span class='ocrx_word' id='word_1_368' title='bbox 1712 3178 1770 3221; x_wconf 91' lang='lat' dir='ltr'><strong>ut</strong></span> <span class='ocrx_word' id='word_1_369' title='bbox 1796 3186 1885 3238; x_wconf 88' lang='lat' dir='ltr'><strong>qm</strong></span> 
     </span>
    </p>
   </div>
   <div class='ocr_carea' id='block_1_49' title="bbox 2011 1972 3581 2056">
    <p class='ocr_par' dir='ltr' id='par_1_49' title="bbox 2011 1972 3581 2056">
     <span class='ocr_line' id='line_1_50' title="bbox 2011 1972 3581 2056; baseline 0.02 -31"><span class='ocrx_word' id='word_1_370' title='bbox 2011 1972 2141 2028; x_wconf 89' lang='lat' dir='ltr'><strong>Nam</strong></span> <span class='ocrx_word' id='word_1_371' title='bbox 2172 1992 2290 2030; x_wconf 91' lang='lat' dir='ltr'><strong>cum</strong></span> <span class='ocrx_word' id='word_1_372' title='bbox 2320 1982 2678 2039; x_wconf 84' lang='lat' dir='ltr'><strong>existimassct</strong></span> <span class='ocrx_word' id='word_1_373' title='bbox 2709 1989 2875 2043; x_wconf 89' lang='lat' dir='ltr'><strong>virum</strong></span> <span class='ocrx_word' id='word_1_374' title='bbox 2907 1989 3098 2048; x_wconf 91' lang='lat' dir='ltr'><strong>fortem</strong></span> <span class='ocrx_word' id='word_1_375' title='bbox 3130 1997 3182 2050; x_wconf 93' lang='lat' dir='ltr'><strong>in</strong></span> <span class='ocrx_word' id='word_1_376' title='bbox 3215 1998 3469 2054; x_wconf 90' lang='lat' dir='ltr'><strong>nefarium</strong></span> <span class='ocrx_word' id='word_1_377' title='bbox 3498 2002 3581 2056; x_wconf 87' lang='lat' dir='ltr'><strong>in-</strong></span> 
     </span>
    </p>
   </div>
   <div class='ocr_carea' id='block_1_50' title="bbox 2006 2062 3575 2164">
    <p class='ocr_par' dir='ltr' id='par_1_50' title="bbox 2006 2062 3575 2164">
     <span class='ocr_line' id='line_1_51' title="bbox 2006 2062 3575 2164; baseline 0.021 -49"><span class='ocrx_word' id='word_1_378' title='bbox 2006 2062 2171 2131; x_wconf 90' lang='lat' dir='ltr'><strong>jicere</strong></span> <span class='ocrx_word' id='word_1_379' title='bbox 2210 2069 2542 2139; x_wconf 87' lang='lat' dir='ltr'><strong>supplicium,</strong></span> <span class='ocrx_word' id='word_1_380' title='bbox 2568 2089 2690 2129; x_wconf 90' lang='lat' dir='ltr'><strong>eum</strong></span> <span class='ocrx_word' id='word_1_381' title='bbox 2718 2079 2894 2134; x_wconf 71' lang='lat' dir='ltr'><strong>effecit</strong></span> <span class='ocrx_word' id='word_1_382' title='bbox 2924 2082 3119 2149; x_wconf 86' lang='lat' dir='ltr'><strong>duplici</strong></span> <span class='ocrx_word' id='word_1_383' title='bbox 3152 2086 3237 2156; x_wconf 84' lang='lat' dir='ltr'><strong>[F.</strong></span> <span class='ocrx_word' id='word_1_384' title='bbox 3267 2089 3575 2164; x_wconf 85' lang='lat' dir='ltr'><strong>dupliciter]</strong></span> 
     </span>
    </p>
   </div>
   <div class='ocr_carea' id='block_1_51' title="bbox 2008 2153 3577 2247">
    <p class='ocr_par' dir='ltr' id='par_1_51' title="bbox 2008 2153 3577 2247">
     <span class='ocr_line' id='line_1_52' title="bbox 2008 2153 3577 2247; baseline 0.02 -41"><span class='ocrx_word' id='word_1_385' title='bbox 2008 2153 2203 2208; x_wconf 89' lang='lat' dir='ltr'><strong>Christi</strong></span> <span class='ocrx_word' id='word_1_386' title='bbox 2243 2169 2554 2230; x_wconf 87' lang='lat' dir='ltr'><strong>martyrem,</strong></span> <span class='ocrx_word' id='word_1_387' title='bbox 2585 2172 2641 2217; x_wconf 90' lang='lat' dir='ltr'><strong>ut</strong></span> <span class='ocrx_word' id='word_1_388' title='bbox 2669 2168 2757 2234; x_wconf 92' lang='lat' dir='ltr'><strong>qui</strong></span> <span class='ocrx_word' id='word_1_389' title='bbox 2783 2178 2836 2223; x_wconf 92' lang='lat' dir='ltr'><strong>et</strong></span> <span class='ocrx_word' id='word_1_390' title='bbox 2866 2185 2960 2237; x_wconf 92' lang='lat' dir='ltr'><strong>pro</strong></span> <span class='ocrx_word' id='word_1_391' title='bbox 2994 2188 3089 2226; x_wconf 89' lang='lat' dir='ltr'><strong>sua</strong></span> <span class='ocrx_word' id='word_1_392' title='bbox 3117 2153 3290 2229; x_wconf 82' lang='lat' dir='ltr'><strong>anima</strong></span> <span class='ocrx_word' id='word_1_393' title='bbox 3320 2153 3577 2247; x_wconf 74' lang='lat' dir='ltr'><strong>praeclare</strong></span> 
     </span>
    </p>
   </div>
   <div class='ocr_carea' id='block_1_52' title="bbox 2006 2243 3578 2341">
    <p class='ocr_par' dir='ltr' id='par_1_52' title="bbox 2006 2243 3578 2341">
     <span class='ocr_line' id='line_1_53' title="bbox 2006 2243 3578 2341; baseline 0.02 -44"><span class='ocrx_word' id='word_1_394' title='bbox 2006 2243 2378 2313; x_wconf 78' lang='lat' dir='ltr'><strong>decertaverit,</strong></span> <span class='ocrx_word' id='word_1_395' title='bbox 2400 2260 2454 2306; x_wconf 88' lang='lat' dir='ltr'><strong>et</strong></span> <span class='ocrx_word' id='word_1_396' title='bbox 2471 2268 2567 2322; x_wconf 90' lang='lat' dir='ltr'><strong>pro</strong></span> <span class='ocrx_word' id='word_1_397' title='bbox 2590 2256 2675 2310; x_wconf 88' lang='lat' dir='ltr'><strong>illa</strong></span> <span class='ocrx_word' id='word_1_398' title='bbox 2695 2258 2843 2313; x_wconf 87' lang='lat' dir='ltr'><strong>beata</strong></span> <span class='ocrx_word' id='word_1_399' title='bbox 2866 2262 2914 2314; x_wconf 92' lang='lat' dir='ltr'><strong>in</strong></span> <span class='ocrx_word' id='word_1_400' title='bbox 2934 2262 3200 2319; x_wconf 89' lang='lat' dir='ltr'><strong>laboribus</strong></span> <span class='ocrx_word' id='word_1_401' title='bbox 3222 2243 3439 2325; x_wconf 79' lang='lat' dir='ltr'><strong>strenue</strong></span> <span class='ocrx_word' id='word_1_402' title='bbox 3456 2288 3578 2341; x_wconf 79' lang='lat' dir='ltr'><strong>per-</strong></span> 
     </span>
    </p>
   </div>
   <div class='ocr_carea' id='block_1_53' title="bbox 2005 2340 3577 2430">
    <p class='ocr_par' dir='ltr' id='par_1_53' title="bbox 2005 2340 3577 2430">
     <span class='ocr_line' id='line_1_54' title="bbox 2005 2340 3577 2430; baseline 0.018 -43"><span class='ocrx_word' id='word_1_403' title='bbox 2005 2340 2343 2392; x_wconf 86' lang='lat' dir='ltr'><strong>severaverit.</strong></span> <span class='ocrx_word' id='word_1_404' title='bbox 2364 2340 2618 2407; x_wconf 87' lang='lat' dir='ltr'><strong>Quocirca</strong></span> <span class='ocrx_word' id='word_1_405' title='bbox 2637 2347 2830 2415; x_wconf 90' lang='lat' dir='ltr'><strong>duplici</strong></span> <span class='ocrx_word' id='word_1_406' title='bbox 2853 2354 3057 2407; x_wconf 91' lang='lat' dir='ltr'><strong>honore</strong></span> <span class='ocrx_word' id='word_1_407' title='bbox 3072 2364 3124 2407; x_wconf 91' lang='lat' dir='ltr'><strong>et</strong></span> <span class='ocrx_word' id='word_1_408' title='bbox 3139 2355 3346 2413; x_wconf 89' lang='lat' dir='ltr'><strong>duabus</strong></span> <span class='ocrx_word' id='word_1_409' title='bbox 3366 2340 3577 2430; x_wconf 84' lang='lat' dir='ltr'><strong>insigni-</strong></span> 
     </span>
    </p>
   </div>
   <div class='ocr_carea' id='block_1_54' title="bbox 2004 2423 3569 2520">
    <p class='ocr_par' dir='ltr' id='par_1_54' title="bbox 2004 2423 3569 2520">
     <span class='ocr_line' id='line_1_55' title="bbox 2004 2423 3569 2520; baseline 0.018 -40"><span class='ocrx_word' id='word_1_410' title='bbox 2004 2423 2102 2481; x_wconf 87' lang='lat' dir='ltr'><strong>bus</strong></span> <span class='ocrx_word' id='word_1_411' title='bbox 2130 2430 2343 2486; x_wconf 90' lang='lat' dir='ltr'><strong>coronis</strong></span> <span class='ocrx_word' id='word_1_412' title='bbox 2372 2434 2563 2502; x_wconf 87' lang='lat' dir='ltr'><strong>dignus</strong></span> <span class='ocrx_word' id='word_1_413' title='bbox 2591 2446 2672 2490; x_wconf 90' lang='lat' dir='ltr'><strong>est</strong></span> <span class='ocrx_word' id='word_1_414' title='bbox 2701 2438 2910 2495; x_wconf 89' lang='lat' dir='ltr'><strong>habitus</strong></span> <span class='ocrx_word' id='word_1_415' title='bbox 2939 2456 2967 2496; x_wconf 86' lang='lat' dir='ltr'><strong>a</strong></span> <span class='ocrx_word' id='word_1_416' title='bbox 3000 2444 3193 2502; x_wconf 88' lang='lat' dir='ltr'><strong>Christi</strong></span> <span class='ocrx_word' id='word_1_417' title='bbox 3224 2448 3569 2520; x_wconf 77' lang='lat' dir='ltr'><strong>benignitate.</strong></span> 
     </span>
    </p>
   </div>
   <div class='ocr_carea' id='block_1_55' title="bbox 2591 2549 2972 2608">
    <p class='ocr_par' dir='ltr' id='par_1_55' title="bbox 2591 2549 2972 2608">
     <span class='ocr_line' id='line_1_56' title="bbox 2591 2549 2972 2608; baseline 0.018 -7"><span class='ocrx_word' id='word_1_418' title='bbox 2591 2549 2815 2606; x_wconf 87' lang='lat' dir='ltr'><strong>CAPUT</strong></span> <span class='ocrx_word' id='word_1_419' title='bbox 2865 2553 2972 2608; x_wconf 89' lang='lat' dir='ltr'><strong>CL.</strong></span> 
     </span>
    </p>
   </div>
   <div class='ocr_carea' id='block_1_56' title="bbox 2360 2634 3220 2712">
    <p class='ocr_par' dir='ltr' id='par_1_56' title="bbox 2360 2634 3220 2712">
     <span class='ocr_line' id='line_1_57' title="bbox 2360 2634 3220 2712; baseline 0.017 -25"><span class='ocrx_word' id='word_1_420' title='bbox 2360 2634 2433 2689; x_wconf 82' lang='lat' dir='ltr'><strong>De</strong></span> <span class='ocrx_word' id='word_1_421' title='bbox 2466 2654 2622 2692; x_wconf 75' lang='lat' dir='ltr'><strong>uxore</strong></span> <span class='ocrx_word' id='word_1_422' title='bbox 2652 2638 2799 2712; x_wconf 74' lang='grc'>(219)</span> <span class='ocrx_word' id='word_1_423' title='bbox 2826 2643 2918 2696; x_wconf 77' lang='lat' dir='ltr'><strong>viri</strong></span> <span class='ocrx_word' id='word_1_424' title='bbox 2953 2647 3220 2702; x_wconf 76' lang='lat' dir='ltr'><strong>senatorii.</strong></span> 
     </span>
    </p>
   </div>
   <div class='ocr_carea' id='block_1_57' title="bbox 2068 2722 3567 2805">
    <p class='ocr_par' dir='ltr' id='par_1_57' title="bbox 2068 2722 3567 2805">
     <span class='ocr_line' id='line_1_58' title="bbox 2068 2722 3567 2805; baseline 0.017 -29"><span class='ocrx_word' id='word_1_425' title='bbox 2068 2722 2279 2781; x_wconf 85' lang='lat' dir='ltr'><strong>Memini</strong></span> <span class='ocrx_word' id='word_1_426' title='bbox 2309 2736 2486 2783; x_wconf 85' lang='lat' dir='ltr'><strong>autem</strong></span> <span class='ocrx_word' id='word_1_427' title='bbox 2514 2731 2733 2787; x_wconf 89' lang='lat' dir='ltr'><strong>alterius</strong></span> <span class='ocrx_word' id='word_1_428' title='bbox 2766 2749 2977 2805; x_wconf 91' lang='lat' dir='ltr'><strong>quoque</strong></span> <span class='ocrx_word' id='word_1_429' title='bbox 3013 2739 3268 2805; x_wconf 70' lang='lat' dir='ltr'><strong>hismrize,</strong></span> <span class='ocrx_word' id='word_1_430' title='bbox 3296 2751 3348 2796; x_wconf 91' lang='lat' dir='ltr'><strong>et</strong></span> <span class='ocrx_word' id='word_1_431' title='bbox 3370 2743 3567 2801; x_wconf 84' lang='lat' dir='ltr'><strong>bonum</strong></span> 
     </span>
    </p>
   </div>
   <div class='ocr_carea' id='block_1_58' title="bbox 1998 2822 3571 2900">
    <p class='ocr_par' dir='ltr' id='par_1_58' title="bbox 1998 2822 3571 2900">
     <span class='ocr_line' id='line_1_59' title="bbox 1998 2822 3571 2900; baseline 0.014 -32"><span class='ocrx_word' id='word_1_432' title='bbox 1998 2824 2079 2868; x_wconf 91' lang='lat' dir='ltr'><strong>est</strong></span> <span class='ocrx_word' id='word_1_433' title='bbox 2108 2830 2222 2869; x_wconf 91' lang='lat' dir='ltr'><strong>eam</strong></span> <span class='ocrx_word' id='word_1_434' title='bbox 2249 2832 2351 2872; x_wconf 92' lang='lat' dir='ltr'><strong>non</strong></span> <span class='ocrx_word' id='word_1_435' title='bbox 2379 2823 2672 2888; x_wconf 69' lang='lat' dir='ltr'><strong>praeterire.</strong></span> <span class='ocrx_word' id='word_1_436' title='bbox 2700 2824 2905 2881; x_wconf 89' lang='lat' dir='ltr'><strong>Dicitur</strong></span> <span class='ocrx_word' id='word_1_437' title='bbox 2932 2828 2999 2883; x_wconf 92' lang='lat' dir='ltr'><strong>de</strong></span> <span class='ocrx_word' id='word_1_438' title='bbox 3030 2822 3571 2900; x_wconf 79' lang='lat' dir='ltr'><strong>Magnentinoinsnr-</strong></span> 
     </span>
    </p>
   </div>
   <div class='ocr_carea' id='block_1_59' title="bbox 1996 2909 3563 2983">
    <p class='ocr_par' dir='ltr' id='par_1_59' title="bbox 1996 2909 3563 2983">
     <span class='ocr_line' id='line_1_60' title="bbox 1996 2909 3563 2983; baseline 0.015 -27"><span class='ocrx_word' id='word_1_439' title='bbox 1996 2914 2233 2970; x_wconf 89' lang='lat' dir='ltr'><strong>rectore,</strong></span> <span class='ocrx_word' id='word_1_440' title='bbox 2272 2909 2413 2975; x_wconf 87' lang='lat' dir='ltr'><strong>quod</strong></span> <span class='ocrx_word' id='word_1_441' title='bbox 2457 2910 2713 2966; x_wconf 84' lang='lat' dir='ltr'><strong>habuerat</strong></span> <span class='ocrx_word' id='word_1_442' title='bbox 2747 2917 2918 2983; x_wconf 88' lang='lat' dir='ltr'><strong>stupri</strong></span> <span class='ocrx_word' id='word_1_443' title='bbox 2967 2921 3406 2977; x_wconf 83' lang='lat' dir='ltr'><strong>consuetudinem</strong></span> <span class='ocrx_word' id='word_1_444' title='bbox 3437 2940 3563 2979; x_wconf 90' lang='lat' dir='ltr'><strong>cum</strong></span> 
     </span>
    </p>
   </div>
   <div class='ocr_carea' id='block_1_60' title="bbox 1995 2997 3563 3077">
    <p class='ocr_par' dir='ltr' id='par_1_60' title="bbox 1995 2997 3563 3077">
     <span class='ocr_line' id='line_1_61' title="bbox 1995 2997 3563 3077; baseline 0.015 -29"><span class='ocrx_word' id='word_1_445' title='bbox 1995 2997 2175 3050; x_wconf 80' lang='lat' dir='ltr'><strong>multis</strong></span> <span class='ocrx_word' id='word_1_446' title='bbox 2194 3000 2503 3068; x_wconf 86' lang='lat' dir='ltr'><strong>gentilibus,</strong></span> <span class='ocrx_word' id='word_1_447' title='bbox 2530 3011 2583 3055; x_wconf 89' lang='lat' dir='ltr'><strong>et</strong></span> <span class='ocrx_word' id='word_1_448' title='bbox 2607 3004 2844 3059; x_wconf 88' lang='lat' dir='ltr'><strong>animum</strong></span> <span class='ocrx_word' id='word_1_449' title='bbox 2871 3008 3144 3077; x_wconf 90' lang='lat' dir='ltr'><strong>adjeccrat</strong></span> <span class='ocrx_word' id='word_1_450' title='bbox 3174 3019 3232 3064; x_wconf 88' lang='lat' dir='ltr'><strong>ut</strong></span> <span class='ocrx_word' id='word_1_451' title='bbox 3260 3028 3371 3067; x_wconf 88' lang='lat' dir='ltr'><strong>rem</strong></span> <span class='ocrx_word' id='word_1_452' title='bbox 3400 3016 3563 3071; x_wconf 89' lang='lat' dir='ltr'><strong>etiam</strong></span> 
     </span>
    </p>
   </div>
   <div class='ocr_carea' id='block_1_61' title="bbox 1994 3087 3566 3163">
    <p class='ocr_par' dir='ltr' id='par_1_61' title="bbox 1994 3087 3566 3163">
     <span class='ocr_line' id='line_1_62' title="bbox 1994 3087 3566 3163; baseline 0.015 -24"><span class='ocrx_word' id='word_1_453' title='bbox 1994 3087 2213 3143; x_wconf 90' lang='lat' dir='ltr'><strong>haberet</strong></span> <span class='ocrx_word' id='word_1_454' title='bbox 2253 3106 2373 3146; x_wconf 91' lang='lat' dir='ltr'><strong>cum</strong></span> <span class='ocrx_word' id='word_1_455' title='bbox 2414 3094 2759 3162; x_wconf 89' lang='lat' dir='ltr'><strong>Christianis;</strong></span> <span class='ocrx_word' id='word_1_456' title='bbox 2794 3114 2871 3153; x_wconf 68' lang='lat' dir='ltr'><strong>ea:</strong></span> <span class='ocrx_word' id='word_1_457' title='bbox 2907 3110 3083 3155; x_wconf 88' lang='lat' dir='ltr'><strong>autem</strong></span> <span class='ocrx_word' id='word_1_458' title='bbox 3131 3105 3397 3159; x_wconf 83' lang='lat' dir='ltr'><strong>malebant</strong></span> <span class='ocrx_word' id='word_1_459' title='bbox 3428 3110 3566 3163; x_wconf 92' lang='lat' dir='ltr'><strong>mori</strong></span> 
     </span>
    </p>
   </div>
   <div class='ocr_carea' id='block_1_62' title="bbox 1992 3186 3562 3262">
    <p class='ocr_par' dir='ltr' id='par_1_62' title="bbox 1992 3186 3562 3262">
     <span class='ocr_line' id='line_1_63' title="bbox 1992 3186 3562 3262; baseline 0.013 -29"><span class='ocrx_word' id='word_1_460' title='bbox 1992 3196 2149 3250; x_wconf 86' lang='lat' dir='ltr'><strong>quam</strong></span> <span class='ocrx_word' id='word_1_461' title='bbox 2200 3186 2427 3250; x_wconf 87' lang='lat' dir='ltr'><strong>prodere</strong></span> <span class='ocrx_word' id='word_1_462' title='bbox 2476 3188 2809 3255; x_wconf 84' lang='lat' dir='ltr'><strong>pudicitiam.</strong></span> <span class='ocrx_word' id='word_1_463' title='bbox 2861 3192 2992 3246; x_wconf 89' lang='lat' dir='ltr'><strong>Cum</strong></span> <span class='ocrx_word' id='word_1_464' title='bbox 3047 3208 3175 3262; x_wconf 89' lang='lat' dir='ltr'><strong>ergo</strong></span> <span class='ocrx_word' id='word_1_465' title='bbox 3228 3198 3464 3252; x_wconf 88' lang='lat' dir='ltr'><strong>venisset</strong></span> <span class='ocrx_word' id='word_1_466' title='bbox 3510 3202 3562 3254; x_wconf 93' lang='lat' dir='ltr'><strong>in</strong></span> 
     </span>
    </p>
   </div>
   <div class='ocr_carea' id='block_1_63' title="bbox 324 3242 3563 3349">
    <p class='ocr_par' dir='ltr' id='par_1_63' title="bbox 324 3242 3563 3349">
     <span class='ocr_line' id='line_1_64' title="bbox 2010 3242 3562 3262; baseline 0.003 -12"><span class='ocrx_word' id='word_1_467' title='bbox 2010 3242 2024 3250; x_wconf 91' lang='lat'><strong>.</strong></span> <span class='ocrx_word' id='word_1_468' title='bbox 2201 3242 2212 3250; x_wconf 96' lang='lat'><strong>.</strong></span> <span class='ocrx_word' id='word_1_469' title='bbox 2476 3242 2489 3255; x_wconf 92' lang='lat'><strong>.</strong></span> <span class='ocrx_word' id='word_1_470' title='bbox 2758 3242 2761 3243; x_wconf 42' lang='grc' dir='ltr'><em>ν</em></span> <span class='ocrx_word' id='word_1_471' title='bbox 2798 3242 2805 3243; x_wconf 39' lang='grc' dir='ltr'><em>κ</em></span> <span class='ocrx_word' id='word_1_472' title='bbox 2872 3242 2889 3245; x_wconf 69' lang='lat'><strong>-</strong></span> <span class='ocrx_word' id='word_1_473' title='bbox 3053 3242 3170 3262; x_wconf 61' lang='grc' dir='ltr'><strong>--.ν</strong></span> <span class='ocrx_word' id='word_1_474' title='bbox 3239 3242 3464 3252; x_wconf 57' lang='grc' dir='ltr'><strong>.-η-νυ--</strong></span> 
     </span>
     <span class='ocr_line' id='line_1_65' title="bbox 324 3242 3563 3349; baseline 0.014 -49"><span class='ocrx_word' id='word_1_475' title='bbox 324 3244 428 3283; x_wconf 82' lang='grc' dir='ltr'><strong>¹¹ο¹³</strong></span> <span class='ocrx_word' id='word_1_476' title='bbox 463 3246 642 3300; x_wconf 70' lang='grc' dir='ltr'><strong>Ροεδθῐ</strong></span> <span class='ocrx_word' id='word_1_477' title='bbox 669 3252 785 3292; x_wconf 66' lang='lat' dir='ltr'><strong>eam</strong></span> <span class='ocrx_word' id='word_1_478' title='bbox 828 3242 1093 3299; x_wconf 70' lang='lat' dir='ltr'><strong>abducere</strong></span> <span class='ocrx_word' id='word_1_479' title='bbox 1135 3262 1164 3301; x_wconf 70' lang='grc'><strong>³</strong></span> <span class='ocrx_word' id='word_1_480' title='bbox 1200 3249 1398 3305; x_wconf 63' lang='lat' dir='ltr'><strong>Chris“</strong></span> <span class='ocrx_word' id='word_1_481' title='bbox 1426 3254 1762 3312; x_wconf 65' lang='grc' dir='ltr'><strong>οοηῖεεείυηθ</strong></span> <span class='ocrx_word' id='word_1_482' title='bbox 1785 3301 1798 3324; x_wconf 83' lang='grc'><em>,</em></span> <span class='ocrx_word' id='word_1_483' title='bbox 1836 3261 1886 3314; x_wconf 84' lang='lat' dir='ltr'><strong>iII</strong></span> <span class='ocrx_word' id='word_1_484' title='bbox 1917 3255 1962 3318; x_wconf 70' lang='grc' dir='ltr'>Ο</span> <span class='ocrx_word' id='word_1_485' title='bbox 1994 3288 2148 3326; x_wconf 90' lang='lat' dir='ltr'><strong>unam</strong></span> <span class='ocrx_word' id='word_1_486' title='bbox 2172 3275 2382 3341; x_wconf 89' lang='lat' dir='ltr'><strong>urbem,</strong></span> <span class='ocrx_word' id='word_1_487' title='bbox 2408 3280 2605 3333; x_wconf 90' lang='lat' dir='ltr'><strong>amavit</strong></span> <span class='ocrx_word' id='word_1_488' title='bbox 2626 3282 2908 3349; x_wconf 89' lang='lat' dir='ltr'><strong>quamdam</strong></span> <span class='ocrx_word' id='word_1_489' title='bbox 2935 3298 3156 3340; x_wconf 84' lang='lat' dir='ltr'><strong>uxorem</strong></span> <span class='ocrx_word' id='word_1_490' title='bbox 3181 3288 3279 3342; x_wconf 90' lang='lat' dir='ltr'><strong>viri</strong></span> <span class='ocrx_word' id='word_1_491' title='bbox 3308 3293 3563 3345; x_wconf 86' lang='lat' dir='ltr'><strong>senatorii</strong></span> 
     </span>
    </p>
   </div>
   <div class='ocr_carea' id='block_1_64' title="bbox 322 3322 1887 3403">
    <p class='ocr_par' dir='ltr' id='par_1_64' title="bbox 322 3322 1887 3403">
     <span class='ocr_line' id='line_1_66' title="bbox 322 3322 1887 3403; baseline 0.019 -30"><span class='ocrx_word' id='word_1_492' title='bbox 322 3332 438 3373; x_wconf 76' lang='lat' dir='ltr'><strong>eam</strong></span> <span class='ocrx_word' id='word_1_493' title='bbox 466 3322 737 3381; x_wconf 88' lang='lat' dir='ltr'><strong>insaniens</strong></span> <span class='ocrx_word' id='word_1_494' title='bbox 760 3332 1012 3396; x_wconf 86' lang='lat' dir='ltr'><strong>crudelis,</strong></span> <span class='ocrx_word' id='word_1_495' title='bbox 1040 3350 1142 3389; x_wconf 94' lang='lat' dir='ltr'><strong>non</strong></span> <span class='ocrx_word' id='word_1_496' title='bbox 1170 3340 1330 3393; x_wconf 89' lang='lat' dir='ltr'><strong>tradit</strong></span> <span class='ocrx_word' id='word_1_497' title='bbox 1355 3356 1472 3396; x_wconf 89' lang='lat' dir='ltr'><strong>eam</strong></span> <span class='ocrx_word' id='word_1_498' title='bbox 1505 3353 1887 3403; x_wconf 90' lang='lat' dir='ltr'><strong>tormentorum</strong></span> 
     </span>
    </p>
   </div>
   <div class='ocr_carea' id='block_1_65' title="bbox 322 3414 1889 3501">
    <p class='ocr_par' dir='ltr' id='par_1_65' title="bbox 322 3414 1889 3501">
     <span class='ocr_line' id='line_1_67' title="bbox 322 3414 1889 3501; baseline 0.02 -35"><span class='ocrx_word' id='word_1_499' title='bbox 322 3414 659 3486; x_wconf 85' lang='lat' dir='ltr'><strong>cruciatibus,</strong></span> <span class='ocrx_word' id='word_1_500' title='bbox 710 3424 805 3475; x_wconf 92' lang='lat' dir='ltr'><strong>scd</strong></span> <span class='ocrx_word' id='word_1_501' title='bbox 848 3436 1047 3481; x_wconf 88' lang='lat' dir='ltr'><strong>castam</strong></span> <span class='ocrx_word' id='word_1_502' title='bbox 1104 3440 1154 3483; x_wconf 92' lang='lat' dir='ltr'><strong>et</strong></span> <span class='ocrx_word' id='word_1_503' title='bbox 1209 3440 1592 3501; x_wconf 90' lang='lat' dir='ltr'><strong>temperantem</strong></span> <span class='ocrx_word' id='word_1_504' title='bbox 1637 3437 1889 3497; x_wconf 86' lang='lat' dir='ltr'><strong>feminam</strong></span> 
     </span>
    </p>
   </div>
   <div class='ocr_carea' id='block_1_66' title="bbox 322 3509 1886 3601">
    <p class='ocr_par' dir='ltr' id='par_1_66' title="bbox 322 3509 1886 3601">
     <span class='ocr_line' id='line_1_68' title="bbox 322 3509 1886 3601; baseline 0.022 -47"><span class='ocrx_word' id='word_1_505' title='bbox 322 3521 523 3570; x_wconf 85' lang='lat' dir='ltr'><strong>ponens</strong></span> <span class='ocrx_word' id='word_1_506' title='bbox 553 3509 603 3561; x_wconf 93' lang='lat' dir='ltr'><strong>in</strong></span> <span class='ocrx_word' id='word_1_507' title='bbox 638 3514 949 3581; x_wconf 76' lang='lat' dir='ltr'><strong>prostibula,</strong></span> <span class='ocrx_word' id='word_1_508' title='bbox 979 3518 1135 3585; x_wconf 88' lang='lat' dir='ltr'><strong>jussit</strong></span> <span class='ocrx_word' id='word_1_509' title='bbox 1181 3523 1230 3576; x_wconf 92' lang='lat' dir='ltr'><strong>ei</strong></span> <span class='ocrx_word' id='word_1_510' title='bbox 1270 3526 1359 3592; x_wconf 90' lang='lat' dir='ltr'><strong>qni</strong></span> <span class='ocrx_word' id='word_1_511' title='bbox 1405 3541 1497 3581; x_wconf 91' lang='lat' dir='ltr'><strong>eas</strong></span> <span class='ocrx_word' id='word_1_512' title='bbox 1543 3533 1886 3601; x_wconf 85' lang='lat' dir='ltr'><strong>possidebat,</strong></span> 
     </span>
    </p>
   </div>
   <div class='ocr_carea' id='block_1_67' title="bbox 321 3596 1889 3681">
    <p class='ocr_par' dir='ltr' id='par_1_67' title="bbox 321 3596 1889 3681">
     <span class='ocr_line' id='line_1_69' title="bbox 321 3596 1889 3681; baseline 0.021 -34"><span class='ocrx_word' id='word_1_513' title='bbox 321 3596 501 3649; x_wconf 89' lang='lat' dir='ltr'><strong>dicens</strong></span> <span class='ocrx_word' id='word_1_514' title='bbox 525 3615 538 3651; x_wconf 92' lang='lat'><strong>:</strong></span> <span class='ocrx_word' id='word_1_515' title='bbox 563 3599 707 3655; x_wconf 84' lang='lat' dir='ltr'><strong>Hanc</strong></span> <span class='ocrx_word' id='word_1_516' title='bbox 728 3605 855 3657; x_wconf 84' lang='lat' dir='ltr'><strong>mihi</strong></span> <span class='ocrx_word' id='word_1_517' title='bbox 882 3622 1010 3675; x_wconf 89' lang='lat' dir='ltr'><strong>cape</strong></span> <span class='ocrx_word' id='word_1_518' title='bbox 1036 3620 1089 3664; x_wconf 88' lang='lat' dir='ltr'><strong>et</strong></span> <span class='ocrx_word' id='word_1_519' title='bbox 1117 3620 1223 3667; x_wconf 88' lang='lat' dir='ltr'><strong>tres</strong></span> <span class='ocrx_word' id='word_1_520' title='bbox 1252 3617 1452 3672; x_wconf 92' lang='lat' dir='ltr'><strong>solidos</strong></span> <span class='ocrx_word' id='word_1_521' title='bbox 1482 3635 1546 3674; x_wconf 74' lang='lat' dir='ltr'><strong>ex</strong></span> <span class='ocrx_word' id='word_1_522' title='bbox 1590 3637 1651 3675; x_wconf 90' lang='lat' dir='ltr'><strong>ea</strong></span> <span class='ocrx_word' id='word_1_523' title='bbox 1692 3626 1757 3679; x_wconf 90' lang='lat' dir='ltr'><strong>ad</strong></span> <span class='ocrx_word' id='word_1_524' title='bbox 1804 3642 1889 3681; x_wconf 91' lang='lat' dir='ltr'><strong>me</strong></span> 
     </span>
    </p>
   </div>
   <div class='ocr_carea' id='block_1_68' title="bbox 320 3686 1885 3785">
    <p class='ocr_par' dir='ltr' id='par_1_68' title="bbox 320 3686 1885 3785">
     <span class='ocr_line' id='line_1_70' title="bbox 320 3686 1885 3785; baseline 0.022 -47"><span class='ocrx_word' id='word_1_525' title='bbox 320 3686 468 3740; x_wconf 87' lang='lat' dir='ltr'><strong>defer</strong></span> <span class='ocrx_word' id='word_1_526' title='bbox 512 3694 765 3758; x_wconf 87' lang='lat' dir='ltr'><strong>quotidie.</strong></span> <span class='ocrx_word' id='word_1_527' title='bbox 814 3694 861 3749; x_wconf 84' lang='lat' dir='ltr'><strong>ls</strong></span> <span class='ocrx_word' id='word_1_528' title='bbox 908 3711 1083 3754; x_wconf 88' lang='lat' dir='ltr'><strong>autem</strong></span> <span class='ocrx_word' id='word_1_529' title='bbox 1126 3718 1313 3758; x_wconf 90' lang='lat' dir='ltr'><strong>aurum</strong></span> <span class='ocrx_word' id='word_1_530' title='bbox 1366 3710 1584 3778; x_wconf 83' lang='lat' dir='ltr'><strong>exigens</strong></span> <span class='ocrx_word' id='word_1_531' title='bbox 1630 3729 1694 3769; x_wconf 82' lang='lat' dir='ltr'><strong>ex</strong></span> <span class='ocrx_word' id='word_1_532' title='bbox 1744 3719 1885 3785; x_wconf 85' lang='lat' dir='ltr'><strong>turpi</strong></span> 
     </span>
    </p>
   </div>
   <div class='ocr_carea' id='block_1_69' title="bbox 317 3775 1886 3862">
    <p class='ocr_par' dir='ltr' id='par_1_69' title="bbox 317 3775 1886 3862">
     <span class='ocr_line' id='line_1_71' title="bbox 317 3775 1886 3862; baseline 0.024 -38"><span class='ocrx_word' id='word_1_533' title='bbox 317 3775 559 3839; x_wconf 80' lang='lat' dir='ltr'><strong>actione,</strong></span> <span class='ocrx_word' id='word_1_534' title='bbox 593 3795 709 3833; x_wconf 89' lang='lat' dir='ltr'><strong>eam</strong></span> <span class='ocrx_word' id='word_1_535' title='bbox 744 3786 955 3838; x_wconf 83' lang='lat' dir='ltr'><strong>tradidit</strong></span> <span class='ocrx_word' id='word_1_536' title='bbox 995 3790 1299 3848; x_wconf 87' lang='lat' dir='ltr'><strong>volentibus</strong></span> <span class='ocrx_word' id='word_1_537' title='bbox 1340 3796 1391 3850; x_wconf 89' lang='lat' dir='ltr'><strong>in</strong></span> <span class='ocrx_word' id='word_1_538' title='bbox 1424 3799 1635 3855; x_wconf 84' lang='lat' dir='ltr'><strong>officina</strong></span> <span class='ocrx_word' id='word_1_539' title='bbox 1678 3805 1886 3862; x_wconf 88' lang='lat' dir='ltr'><strong>abomi-</strong></span> 
     </span>
    </p>
   </div>
   <div class='ocr_carea' id='block_1_70' title="bbox 318 3866 1886 3960">
    <p class='ocr_par' dir='ltr' id='par_1_70' title="bbox 318 3866 1886 3960">
     <span class='ocr_line' id='line_1_72' title="bbox 318 3866 1886 3960; baseline 0.026 -47"><span class='ocrx_word' id='word_1_540' title='bbox 318 3867 475 3917; x_wconf 88' lang='lat' dir='ltr'><strong>nandi</strong></span> <span class='ocrx_word' id='word_1_541' title='bbox 507 3866 704 3937; x_wconf 87' lang='lat' dir='ltr'><strong>tlagitii.</strong></span> <span class='ocrx_word' id='word_1_542' title='bbox 734 3872 865 3927; x_wconf 84' lang='lat' dir='ltr'><strong>Cum</strong></span> <span class='ocrx_word' id='word_1_543' title='bbox 902 3879 1013 3931; x_wconf 73' lang='lat' dir='ltr'><strong>hazc</strong></span> <span class='ocrx_word' id='word_1_544' title='bbox 1035 3895 1159 3945; x_wconf 79' lang='lat' dir='ltr'><strong>ergo</strong></span> <span class='ocrx_word' id='word_1_545' title='bbox 1182 3886 1453 3941; x_wconf 88' lang='lat' dir='ltr'><strong>novissent</strong></span> <span class='ocrx_word' id='word_1_546' title='bbox 1490 3893 1579 3960; x_wconf 86' lang='lat' dir='ltr'><strong>qui</strong></span> <span class='ocrx_word' id='word_1_547' title='bbox 1630 3898 1886 3951; x_wconf 88' lang='lat' dir='ltr'><strong>teneban-</strong></span> 
     </span>
    </p>
   </div>
   <div class='ocr_carea' id='block_1_71' title="bbox 317 3958 1884 4044">
    <p class='ocr_par' dir='ltr' id='par_1_71' title="bbox 317 3958 1884 4044">
     <span class='ocr_line' id='line_1_73' title="bbox 317 3958 1884 4044; baseline 0.024 -37"><span class='ocrx_word' id='word_1_548' title='bbox 317 3963 405 4009; x_wconf 89' lang='lat' dir='ltr'><strong>tur</strong></span> <span class='ocrx_word' id='word_1_549' title='bbox 454 3958 641 4014; x_wconf 88' lang='lat' dir='ltr'><strong>insano</strong></span> <span class='ocrx_word' id='word_1_550' title='bbox 679 3978 861 4020; x_wconf 87' lang='lat' dir='ltr'><strong>amere</strong></span> <span class='ocrx_word' id='word_1_551' title='bbox 905 3970 1221 4040; x_wconf 89' lang='lat' dir='ltr'><strong>mulierum,</strong></span> <span class='ocrx_word' id='word_1_552' title='bbox 1270 3981 1575 4037; x_wconf 88' lang='lat' dir='ltr'><strong>assidebant</strong></span> <span class='ocrx_word' id='word_1_553' title='bbox 1610 3989 1884 4044; x_wconf 77' lang='lat' dir='ltr'><strong>scelerata:</strong></span> 
     </span>
    </p>
   </div>
   <div class='ocr_carea' id='block_1_72' title="bbox 314 4049 1883 4149">
    <p class='ocr_par' dir='ltr' id='par_1_72' title="bbox 314 4049 1883 4149">
     <span class='ocr_line' id='line_1_74' title="bbox 314 4049 1883 4149; baseline 0.024 -49"><span class='ocrx_word' id='word_1_554' title='bbox 314 4049 463 4101; x_wconf 80' lang='lat' dir='ltr'><strong>exitii</strong></span> <span class='ocrx_word' id='word_1_555' title='bbox 490 4052 735 4118; x_wconf 59' lang='lat' dir='ltr'><strong>officiosa,</strong></span> <span class='ocrx_word' id='word_1_556' title='bbox 770 4062 1070 4116; x_wconf 83' lang='lat' dir='ltr'><strong>mercedem</strong></span> <span class='ocrx_word' id='word_1_557' title='bbox 1117 4066 1308 4125; x_wconf 89' lang='lat' dir='ltr'><strong>dantes</strong></span> <span class='ocrx_word' id='word_1_558' title='bbox 1356 4073 1652 4131; x_wconf 72' lang='lat' dir='ltr'><strong>inhonesta:</strong></span> <span class='ocrx_word' id='word_1_559' title='bbox 1693 4097 1883 4149; x_wconf 82' lang='lat' dir='ltr'><strong>opera-</strong></span> 
     </span>
    </p>
   </div>
   <div class='ocr_carea' id='block_1_73' title="bbox 316 4141 1883 4239">
    <p class='ocr_par' dir='ltr' id='par_1_73' title="bbox 316 4141 1883 4239">
     <span class='ocr_line' id='line_1_75' title="bbox 316 4141 1883 4239; baseline 0.026 -50"><span class='ocrx_word' id='word_1_560' title='bbox 316 4141 495 4194; x_wconf 79' lang='lat' dir='ltr'><strong>tionis.</strong></span> <span class='ocrx_word' id='word_1_561' title='bbox 541 4142 630 4196; x_wconf 90' lang='lat' dir='ltr'><strong>Illa</strong></span> <span class='ocrx_word' id='word_1_562' title='bbox 674 4154 849 4201; x_wconf 87' lang='lat' dir='ltr'><strong>autem</strong></span> <span class='ocrx_word' id='word_1_563' title='bbox 883 4153 1029 4221; x_wconf 88' lang='lat' dir='ltr'><strong>virgo</strong></span> <span class='ocrx_word' id='word_1_564' title='bbox 1076 4155 1447 4218; x_wconf 80' lang='lat' dir='ltr'><strong>honestissima</strong></span> <span class='ocrx_word' id='word_1_565' title='bbox 1499 4177 1553 4221; x_wconf 89' lang='lat' dir='ltr'><strong>et</strong></span> <span class='ocrx_word' id='word_1_566' title='bbox 1601 4168 1651 4223; x_wconf 88' lang='lat' dir='ltr'><strong>in</strong></span> <span class='ocrx_word' id='word_1_567' title='bbox 1701 4175 1883 4239; x_wconf 86' lang='lat' dir='ltr'><strong>primis</strong></span> 
     </span>
    </p>
   </div>
   <div class='ocr_carea' id='block_1_74' title="bbox 314 4236 1877 4337">
    <p class='ocr_par' dir='ltr' id='par_1_74' title="bbox 314 4236 1877 4337">
     <span class='ocr_line' id='line_1_76' title="bbox 314 4236 1877 4337; baseline 0.024 -56"><span class='ocrx_word' id='word_1_568' title='bbox 314 4236 655 4303; x_wconf 83' lang='lat' dir='ltr'><strong>veneranda,</strong></span> <span class='ocrx_word' id='word_1_569' title='bbox 700 4248 755 4291; x_wconf 89' lang='lat' dir='ltr'><strong>et</strong></span> <span class='ocrx_word' id='word_1_570' title='bbox 801 4246 960 4297; x_wconf 86' lang='lat' dir='ltr'><strong>verba</strong></span> <span class='ocrx_word' id='word_1_571' title='bbox 1008 4247 1072 4299; x_wconf 90' lang='lat' dir='ltr'><strong>ad</strong></span> <span class='ocrx_word' id='word_1_572' title='bbox 1120 4249 1487 4321; x_wconf 85' lang='lat' dir='ltr'><strong>deceptionem</strong></span> <span class='ocrx_word' id='word_1_573' title='bbox 1548 4263 1877 4337; x_wconf 72' lang='lat' dir='ltr'><strong>deflectens,</strong></span> 
     </span>
    </p>
   </div>
   <div class='ocr_carea' id='block_1_75' title="bbox 310 4324 1882 4414">
    <p class='ocr_par' dir='ltr' id='par_1_75' title="bbox 310 4324 1882 4414">
     <span class='ocr_line' id='line_1_77' title="bbox 310 4324 1882 4414; baseline 0.027 -42"><span class='ocrx_word' id='word_1_574' title='bbox 310 4324 619 4391; x_wconf 85' lang='lat' dir='ltr'><strong>suppliciter</strong></span> <span class='ocrx_word' id='word_1_575' title='bbox 644 4331 721 4383; x_wconf 89' lang='lat' dir='ltr'><strong>eis</strong></span> <span class='ocrx_word' id='word_1_576' title='bbox 751 4332 978 4401; x_wconf 83' lang='lat' dir='ltr'><strong>diccbat,</strong></span> <span class='ocrx_word' id='word_1_577' title='bbox 1009 4354 1238 4409; x_wconf 83' lang='lat' dir='ltr'><strong>rogans:</strong></span> <span class='ocrx_word' id='word_1_578' title='bbox 1272 4346 1450 4404; x_wconf 86' lang='lat' dir='ltr'><strong>llabeo</strong></span> <span class='ocrx_word' id='word_1_579' title='bbox 1490 4354 1641 4408; x_wconf 90' lang='lat' dir='ltr'><strong>ulcus</strong></span> <span class='ocrx_word' id='word_1_580' title='bbox 1668 4358 1717 4409; x_wconf 93' lang='lat' dir='ltr'><strong>in</strong></span> <span class='ocrx_word' id='word_1_581' title='bbox 1765 4359 1882 4414; x_wconf 90' lang='lat' dir='ltr'><strong>loco</strong></span> 
     </span>
    </p>
   </div>
   <div class='ocr_carea' id='block_1_76' title="bbox 311 4414 1882 4511">
    <p class='ocr_par' dir='ltr' id='par_1_76' title="bbox 311 4414 1882 4511">
     <span class='ocr_line' id='line_1_78' title="bbox 311 4414 1882 4511; baseline 0.025 -48"><span class='ocrx_word' id='word_1_582' title='bbox 311 4414 553 4480; x_wconf 90' lang='lat' dir='ltr'><strong>occulto,</strong></span> <span class='ocrx_word' id='word_1_583' title='bbox 602 4420 739 4484; x_wconf 90' lang='lat' dir='ltr'><strong>quod</strong></span> <span class='ocrx_word' id='word_1_584' title='bbox 780 4424 1079 4482; x_wconf 87' lang='lat' dir='ltr'><strong>mirandum</strong></span> <span class='ocrx_word' id='word_1_585' title='bbox 1123 4432 1173 4485; x_wconf 91' lang='lat' dir='ltr'><strong>in</strong></span> <span class='ocrx_word' id='word_1_586' title='bbox 1218 4438 1429 4492; x_wconf 88' lang='lat' dir='ltr'><strong>modum</strong></span> <span class='ocrx_word' id='word_1_587' title='bbox 1464 4445 1602 4497; x_wconf 90' lang='lat' dir='ltr'><strong>male</strong></span> <span class='ocrx_word' id='word_1_588' title='bbox 1640 4447 1747 4501; x_wconf 88' lang='lat' dir='ltr'><strong>olet</strong></span> <span class='ocrx_word' id='word_1_589' title='bbox 1774 4487 1788 4511; x_wconf 89' lang='lat'><strong>,</strong></span> <span class='ocrx_word' id='word_1_590' title='bbox 1830 4458 1882 4503; x_wconf 89' lang='lat' dir='ltr'><strong>et</strong></span> 
     </span>
    </p>
   </div>
   <div class='ocr_carea' id='block_1_77' title="bbox 313 4502 1881 4597">
    <p class='ocr_par' dir='ltr' id='par_1_77' title="bbox 313 4502 1881 4597">
     <span class='ocr_line' id='line_1_79' title="bbox 313 4502 1881 4597; baseline 0.026 -45"><span class='ocrx_word' id='word_1_591' title='bbox 313 4502 475 4556; x_wconf 88' lang='lat' dir='ltr'><strong>timeo</strong></span> <span class='ocrx_word' id='word_1_592' title='bbox 515 4521 581 4559; x_wconf 88' lang='lat' dir='ltr'><strong>ne</strong></span> <span class='ocrx_word' id='word_1_593' title='bbox 626 4524 719 4563; x_wconf 88' lang='lat' dir='ltr'><strong>vos</strong></span> <span class='ocrx_word' id='word_1_594' title='bbox 764 4515 868 4567; x_wconf 90' lang='lat' dir='ltr'><strong>mei</strong></span> <span class='ocrx_word' id='word_1_595' title='bbox 899 4518 1074 4572; x_wconf 88' lang='lat' dir='ltr'><strong>odium</strong></span> <span class='ocrx_word' id='word_1_596' title='bbox 1107 4527 1280 4590; x_wconf 87' lang='lat' dir='ltr'><strong>capiat</strong></span> <span class='ocrx_word' id='word_1_597' title='bbox 1313 4541 1527 4597; x_wconf 84' lang='lat' dir='ltr'><strong>propter</strong></span> <span class='ocrx_word' id='word_1_598' title='bbox 1557 4536 1703 4589; x_wconf 88' lang='lat' dir='ltr'><strong>ulcus</strong></span> <span class='ocrx_word' id='word_1_599' title='bbox 1736 4553 1881 4593; x_wconf 86' lang='lat' dir='ltr'><strong>aver-</strong></span> 
     </span>
    </p>
   </div>
   <div class='ocr_carea' id='block_1_78' title="bbox 309 4593 1961 4689">
    <p class='ocr_par' dir='ltr' id='par_1_78' title="bbox 309 4593 1961 4689">
     <span class='ocr_line' id='line_1_80' title="bbox 309 4593 1961 4689; baseline 0.027 -48"><span class='ocrx_word' id='word_1_600' title='bbox 309 4593 567 4661; x_wconf 86' lang='lat' dir='ltr'><strong>sandum;</strong></span> <span class='ocrx_word' id='word_1_601' title='bbox 608 4602 886 4658; x_wconf 89' lang='lat' dir='ltr'><strong>concedite</strong></span> <span class='ocrx_word' id='word_1_602' title='bbox 931 4624 1058 4675; x_wconf 85' lang='lat' dir='ltr'><strong>ergo</strong></span> <span class='ocrx_word' id='word_1_603' title='bbox 1102 4613 1230 4667; x_wconf 90' lang='lat' dir='ltr'><strong>mihi</strong></span> <span class='ocrx_word' id='word_1_604' title='bbox 1264 4633 1461 4685; x_wconf 90' lang='lat' dir='ltr'><strong>paucos</strong></span> <span class='ocrx_word' id='word_1_605' title='bbox 1488 4625 1601 4678; x_wconf 89' lang='lat' dir='ltr'><strong>dies</strong></span> <span class='ocrx_word' id='word_1_606' title='bbox 1623 4666 1636 4689; x_wconf 91' lang='lat'><strong>,</strong></span> <span class='ocrx_word' id='word_1_607' title='bbox 1667 4639 1723 4681; x_wconf 91' lang='lat' dir='ltr'><strong>et</strong></span> <span class='ocrx_word' id='word_1_608' title='bbox 1756 4640 1879 4686; x_wconf 92' lang='lat' dir='ltr'><strong>tunc</strong></span> <span class='ocrx_word' id='word_1_609' title='bbox 1908 4626 1961 4684; x_wconf 77' lang='grc' dir='ltr'><strong>υ</strong></span> 
     </span>
    </p>
   </div>
   <div class='ocr_carea' id='block_1_79' title="bbox 310 4683 1879 4789">
    <p class='ocr_par' dir='ltr' id='par_1_79' title="bbox 310 4683 1879 4789">
     <span class='ocr_line' id='line_1_81' title="bbox 310 4683 1879 4789; baseline 0.028 -55"><span class='ocrx_word' id='word_1_610' title='bbox 310 4683 487 4739; x_wconf 86' lang='lat' dir='ltr'><strong>licebit</strong></span> <span class='ocrx_word' id='word_1_611' title='bbox 521 4690 669 4745; x_wconf 88' lang='lat' dir='ltr'><strong>vobis</strong></span> <span class='ocrx_word' id='word_1_612' title='bbox 697 4695 778 4747; x_wconf 81' lang='lat' dir='ltr'><strong>vel</strong></span> <span class='ocrx_word' id='word_1_613' title='bbox 809 4712 893 4751; x_wconf 91' lang='lat' dir='ltr'><strong>me</strong></span> <span class='ocrx_word' id='word_1_614' title='bbox 920 4699 1113 4757; x_wconf 89' lang='lat' dir='ltr'><strong>habere</strong></span> <span class='ocrx_word' id='word_1_615' title='bbox 1159 4683 1345 4774; x_wconf 79' lang='lat' dir='ltr'><strong>gratis.</strong></span> <span class='ocrx_word' id='word_1_616' title='bbox 1395 4712 1486 4766; x_wconf 89' lang='lat' dir='ltr'><strong>llis</strong></span> <span class='ocrx_word' id='word_1_617' title='bbox 1535 4683 1713 4773; x_wconf 85' lang='lat' dir='ltr'><strong>verbis</strong></span> <span class='ocrx_word' id='word_1_618' title='bbox 1761 4736 1879 4789; x_wconf 91' lang='lat' dir='ltr'><strong>per-</strong></span> 
     </span>
    </p>
   </div>
   <div class='ocr_carea' id='block_1_80' title="bbox 307 4783 1876 4870">
    <p class='ocr_par' dir='ltr' id='par_1_80' title="bbox 307 4783 1876 4870">
     <span class='ocr_line' id='line_1_82' title="bbox 307 4783 1876 4870; baseline 0.027 -42"><span class='ocrx_word' id='word_1_619' title='bbox 307 4790 493 4833; x_wconf 87' lang='lat' dir='ltr'><strong>suasus</strong></span> <span class='ocrx_word' id='word_1_620' title='bbox 544 4783 961 4853; x_wconf 86' lang='lat' dir='ltr'><strong>intemperantes</strong></span> <span class='ocrx_word' id='word_1_621' title='bbox 1006 4799 1325 4853; x_wconf 85' lang='lat' dir='ltr'><strong>amandabat</strong></span> <span class='ocrx_word' id='word_1_622' title='bbox 1376 4804 1529 4860; x_wconf 85' lang='lat' dir='ltr'><strong>beata</strong></span> <span class='ocrx_word' id='word_1_623' title='bbox 1586 4824 1601 4862; x_wconf 90' lang='lat'><strong><em>:</em></strong></span> <span class='ocrx_word' id='word_1_624' title='bbox 1648 4815 1876 4870; x_wconf 88' lang='lat' dir='ltr'><strong>assiduis</strong></span> 
     </span>
    </p>
   </div>
   <div class='ocr_carea' id='block_1_81' title="bbox 308 4875 1873 4973">
    <p class='ocr_par' dir='ltr' id='par_1_81' title="bbox 308 4875 1873 4973">
     <span class='ocr_line' id='line_1_83' title="bbox 308 4875 1873 4973; baseline 0.026 -56"><span class='ocrx_word' id='word_1_625' title='bbox 308 4878 484 4922; x_wconf 80' lang='lat' dir='ltr'><strong>autem</strong></span> <span class='ocrx_word' id='word_1_626' title='bbox 514 4875 758 4940; x_wconf 88' lang='lat' dir='ltr'><strong>precibus</strong></span> <span class='ocrx_word' id='word_1_627' title='bbox 786 4878 947 4933; x_wconf 91' lang='lat' dir='ltr'><strong>Deum</strong></span> <span class='ocrx_word' id='word_1_628' title='bbox 979 4886 1227 4952; x_wconf 83' lang='lat' dir='ltr'><strong>placens,</strong></span> <span class='ocrx_word' id='word_1_629' title='bbox 1277 4901 1330 4945; x_wconf 91' lang='lat' dir='ltr'><strong>et</strong></span> <span class='ocrx_word' id='word_1_630' title='bbox 1377 4903 1712 4961; x_wconf 90' lang='lat' dir='ltr'><strong>compunctis</strong></span> <span class='ocrx_word' id='word_1_631' title='bbox 1744 4919 1873 4973; x_wconf 90' lang='lat' dir='ltr'><strong>sup-</strong></span> 
     </span>
    </p>
   </div>
   <div class='ocr_carea' id='block_1_82' title="bbox 312 4958 1872 5050">
    <p class='ocr_par' dir='ltr' id='par_1_82' title="bbox 312 4958 1872 5050">
     <span class='ocr_line' id='line_1_84' title="bbox 312 4958 1872 5050; baseline 0.027 -42"><span class='ocrx_word' id='word_1_632' title='bbox 312 4958 682 5025; x_wconf 84' lang='lat' dir='ltr'><strong>plicationibus</strong></span> <span class='ocrx_word' id='word_1_633' title='bbox 717 4981 836 5019; x_wconf 88' lang='lat' dir='ltr'><strong>cum</strong></span> <span class='ocrx_word' id='word_1_634' title='bbox 873 4970 1082 5028; x_wconf 84' lang='lat' dir='ltr'><strong>inﬂexit</strong></span> <span class='ocrx_word' id='word_1_635' title='bbox 1111 4979 1175 5031; x_wconf 89' lang='lat' dir='ltr'><strong>ad</strong></span> <span class='ocrx_word' id='word_1_636' title='bbox 1212 4983 1653 5044; x_wconf 88' lang='lat' dir='ltr'><strong>misericordiam.</strong></span> <span class='ocrx_word' id='word_1_637' title='bbox 1680 4958 1872 5050; x_wconf 72' lang='lat' dir='ltr'><strong>Atten-</strong></span> 
     </span>
    </p>
   </div>
   <div class='ocr_carea' id='block_1_83' title="bbox 309 5050 1873 5148">
    <p class='ocr_par' dir='ltr' id='par_1_83' title="bbox 309 5050 1873 5148">
     <span class='ocr_line' id='line_1_85' title="bbox 309 5050 1873 5148; baseline 0.026 -47"><span class='ocrx_word' id='word_1_638' title='bbox 309 5050 439 5104; x_wconf 84' lang='lat' dir='ltr'><strong>deos</strong></span> <span class='ocrx_word' id='word_1_639' title='bbox 484 5068 609 5121; x_wconf 89' lang='lat' dir='ltr'><strong>ergo</strong></span> <span class='ocrx_word' id='word_1_640' title='bbox 657 5057 798 5112; x_wconf 88' lang='lat' dir='ltr'><strong>Deus</strong></span> <span class='ocrx_word' id='word_1_641' title='bbox 846 5063 934 5129; x_wconf 92' lang='lat' dir='ltr'><strong>qui</strong></span> <span class='ocrx_word' id='word_1_642' title='bbox 988 5070 1134 5121; x_wconf 84' lang='lat' dir='ltr'><strong>novit</strong></span> <span class='ocrx_word' id='word_1_643' title='bbox 1180 5075 1558 5146; x_wconf 86' lang='lat' dir='ltr'><strong>cogitationes,</strong></span> <span class='ocrx_word' id='word_1_644' title='bbox 1606 5088 1873 5148; x_wconf 88' lang='lat' dir='ltr'><strong>quomodo</strong></span> 
     </span>
    </p>
   </div>
   <div class='ocr_carea' id='block_1_84' title="bbox 307 5146 1875 5233">
    <p class='ocr_par' dir='ltr' id='par_1_84' title="bbox 307 5146 1875 5233">
     <span class='ocr_line' id='line_1_86' title="bbox 307 5146 1875 5233; baseline 0.026 -39"><span class='ocrx_word' id='word_1_645' title='bbox 307 5154 447 5195; x_wconf 88' lang='lat' dir='ltr'><strong>casta</strong></span> <span class='ocrx_word' id='word_1_646' title='bbox 477 5146 741 5211; x_wconf 74' lang='lat' dir='ltr'><strong>pudicitia:</strong></span> <span class='ocrx_word' id='word_1_647' title='bbox 764 5164 945 5207; x_wconf 87' lang='lat' dir='ltr'><strong>curam</strong></span> <span class='ocrx_word' id='word_1_648' title='bbox 973 5161 1191 5224; x_wconf 83' lang='lat' dir='ltr'><strong>gerebat</strong></span> <span class='ocrx_word' id='word_1_649' title='bbox 1219 5180 1281 5214; x_wconf 81' lang='lat' dir='ltr'><strong>ex</strong></span> <span class='ocrx_word' id='word_1_650' title='bbox 1310 5168 1511 5230; x_wconf 83' lang='lat' dir='ltr'><strong>animo,</strong></span> <span class='ocrx_word' id='word_1_651' title='bbox 1544 5172 1596 5225; x_wconf 91' lang='lat' dir='ltr'><strong>in</strong></span> <span class='ocrx_word' id='word_1_652' title='bbox 1625 5146 1729 5229; x_wconf 86' lang='lat' dir='ltr'><strong>illis</strong></span> <span class='ocrx_word' id='word_1_653' title='bbox 1763 5179 1875 5233; x_wconf 84' lang='lat' dir='ltr'><strong>die-</strong></span> 
     </span>
    </p>
   </div>
   <div class='ocr_carea' id='block_1_85' title="bbox 198 5222 1511 5319">
    <p class='ocr_par' dir='ltr' id='par_1_85' title="bbox 198 5222 1511 5319">
     <span class='ocr_line' id='line_1_87' title="bbox 198 5222 1511 5319; baseline 0.027 -40"><span class='ocrx_word' id='word_1_654' title='bbox 198 5222 215 5231; x_wconf 73' lang='grc'><em>”</em></span> <span class='ocrx_word' id='word_1_655' title='bbox 264 5282 275 5296; x_wconf 71' lang='grc'><em>,</em></span> <span class='ocrx_word' id='word_1_656' title='bbox 303 5230 402 5284; x_wconf 91' lang='lat' dir='ltr'><strong>bus</strong></span> <span class='ocrx_word' id='word_1_657' title='bbox 431 5247 526 5301; x_wconf 89' lang='lat' dir='ltr'><strong>pro</strong></span> <span class='ocrx_word' id='word_1_658' title='bbox 547 5236 715 5293; x_wconf 87' lang='lat' dir='ltr'><strong>salute</strong></span> <span class='ocrx_word' id='word_1_659' title='bbox 740 5222 1106 5301; x_wconf 73' lang='lat' dir='ltr'><strong>ornniutntale</strong></span> <span class='ocrx_word' id='word_1_660' title='bbox 1137 5253 1260 5319; x_wconf 90' lang='lat' dir='ltr'><strong>quid</strong></span> <span class='ocrx_word' id='word_1_661' title='bbox 1293 5261 1511 5314; x_wconf 86' lang='lat' dir='ltr'><strong>struxit.</strong></span> 
     </span>
    </p>
   </div>
   <div class='ocr_carea' id='block_1_86' title="bbox 846 5332 1339 5400">
    <p class='ocr_par' dir='ltr' id='par_1_86' title="bbox 846 5332 1339 5400">
     <span class='ocr_line' id='line_1_88' title="bbox 846 5332 1339 5400; baseline 0.028 -14"><span class='ocrx_word' id='word_1_662' title='bbox 846 5332 1070 5391; x_wconf 80' lang='lat' dir='ltr'><strong>CAPUT</strong></span> <span class='ocrx_word' id='word_1_663' title='bbox 1113 5342 1339 5400; x_wconf 84' lang='lat' dir='ltr'><strong>CXLIX.</strong></span> 
     </span>
    </p>
   </div>
   <div class='ocr_carea' id='block_1_87' title="bbox 759 5421 1410 5507">
    <p class='ocr_par' dir='ltr' id='par_1_87' title="bbox 759 5421 1410 5507">
     <span class='ocr_line' id='line_1_89' title="bbox 759 5421 1410 5507; baseline 0.032 -35"><span class='ocrx_word' id='word_1_664' title='bbox 759 5421 831 5475; x_wconf 85' lang='lat' dir='ltr'><strong>De</strong></span> <span class='ocrx_word' id='word_1_665' title='bbox 862 5423 912 5475; x_wconf 87' lang='grc' dir='ltr'><em>Μ</em></span> <span class='ocrx_word' id='word_1_666' title='bbox 920 5430 1196 5498; x_wconf 75' lang='lat' dir='ltr'><strong>agistriano</strong></span> <span class='ocrx_word' id='word_1_667' title='bbox 1239 5436 1294 5505; x_wconf 62' lang='grc' dir='ltr'>(ἓ</span> <span class='ocrx_word' id='word_1_668' title='bbox 1308 5439 1410 5507; x_wconf 87' lang='lat' dir='ltr'><strong>I7).</strong></span> 
     </span>
    </p>
   </div>
   <div class='ocr_carea' id='block_1_88' title="bbox 372 5504 1867 5611">
    <p class='ocr_par' dir='ltr' id='par_1_88' title="bbox 372 5504 1867 5611">
     <span class='ocr_line' id='line_1_90' title="bbox 372 5504 1867 5611; baseline 0.029 -56"><span class='ocrx_word' id='word_1_669' title='bbox 372 5504 593 5571; x_wconf 83' lang='lat' dir='ltr'><strong>Quidam</strong></span> <span class='ocrx_word' id='word_1_670' title='bbox 619 5510 926 5569; x_wconf 87' lang='lat' dir='ltr'><strong>adolescens</strong></span> <span class='ocrx_word' id='word_1_671' title='bbox 950 5504 1344 5593; x_wconf 83' lang='lat' dir='ltr'><strong>Magistrianus,</strong></span> <span class='ocrx_word' id='word_1_672' title='bbox 1372 5534 1554 5600; x_wconf 87' lang='lat' dir='ltr'><strong>specie</strong></span> <span class='ocrx_word' id='word_1_673' title='bbox 1581 5538 1867 5611; x_wconf 88' lang='lat' dir='ltr'><strong>formosus,</strong></span> 
     </span>
    </p>
   </div>
   <div class='ocr_carea' id='block_1_89' title="bbox 301 5599 1868 5693">
    <p class='ocr_par' dir='ltr' id='par_1_89' title="bbox 301 5599 1868 5693">
     <span class='ocr_line' id='line_1_91' title="bbox 301 5599 1868 5693; baseline 0.029 -48"><span class='ocrx_word' id='word_1_674' title='bbox 301 5604 479 5650; x_wconf 90' lang='lat' dir='ltr'><strong>mente</strong></span> <span class='ocrx_word' id='word_1_675' title='bbox 507 5599 644 5665; x_wconf 89' lang='lat' dir='ltr'><strong>pius,</strong></span> <span class='ocrx_word' id='word_1_676' title='bbox 669 5602 751 5654; x_wconf 90' lang='lat' dir='ltr'><strong>cui</strong></span> <span class='ocrx_word' id='word_1_677' title='bbox 782 5601 918 5658; x_wconf 87' lang='lat' dir='ltr'><strong>Deus</strong></span> <span class='ocrx_word' id='word_1_678' title='bbox 943 5612 1113 5665; x_wconf 88' lang='lat' dir='ltr'><strong>zelum</strong></span> <span class='ocrx_word' id='word_1_679' title='bbox 1144 5616 1367 5673; x_wconf 88' lang='lat' dir='ltr'><strong>immisit</strong></span> <span class='ocrx_word' id='word_1_680' title='bbox 1405 5625 1701 5693; x_wconf 88' lang='lat' dir='ltr'><strong>spiritalem</strong></span> <span class='ocrx_word' id='word_1_681' title='bbox 1732 5635 1868 5689; x_wconf 91' lang='lat' dir='ltr'><strong>adeo</strong></span> 
     </span>
    </p>
   </div>
   <div class='ocr_carea' id='block_1_90' title="bbox 297 5686 1864 5780">
    <p class='ocr_par' dir='ltr' id='par_1_90' title="bbox 297 5686 1864 5780">
     <span class='ocr_line' id='line_1_92' title="bbox 297 5686 1864 5780; baseline 0.027 -41"><span class='ocrx_word' id='word_1_682' title='bbox 297 5686 607 5755; x_wconf 85' lang='lat' dir='ltr'><strong>ardentem,</strong></span> <span class='ocrx_word' id='word_1_683' title='bbox 662 5703 717 5745; x_wconf 91' lang='lat' dir='ltr'><strong>ut</strong></span> <span class='ocrx_word' id='word_1_684' title='bbox 764 5696 921 5749; x_wconf 85' lang='lat' dir='ltr'><strong>etiam</strong></span> <span class='ocrx_word' id='word_1_685' title='bbox 962 5715 1187 5761; x_wconf 87' lang='lat' dir='ltr'><strong>mortem</strong></span> <span class='ocrx_word' id='word_1_686' title='bbox 1236 5721 1715 5777; x_wconf 80' lang='lat' dir='ltr'><strong>contemneretzis</strong></span> <span class='ocrx_word' id='word_1_687' title='bbox 1746 5739 1864 5780; x_wconf 90' lang='lat' dir='ltr'><strong>cum</strong></span> 
     </span>
    </p>
   </div>
   <div class='ocr_carea' id='block_1_91' title="bbox 298 5781 1864 5879">
    <p class='ocr_par' dir='ltr' id='par_1_91' title="bbox 298 5781 1864 5879">
     <span class='ocr_line' id='line_1_93' title="bbox 298 5781 1864 5879; baseline 0.028 -51"><span class='ocrx_word' id='word_1_688' title='bbox 298 5787 559 5845; x_wconf 71' lang='lat' dir='ltr'><strong>praetextu</strong></span> <span class='ocrx_word' id='word_1_689' title='bbox 607 5781 1025 5853; x_wconf 75' lang='lat' dir='ltr'><strong>intemperantia:</strong></span> <span class='ocrx_word' id='word_1_690' title='bbox 1076 5809 1142 5850; x_wconf 88' lang='lat' dir='ltr'><strong>eo</strong></span> <span class='ocrx_word' id='word_1_691' title='bbox 1188 5805 1548 5875; x_wconf 86' lang='lat' dir='ltr'><strong>accessisset,</strong></span> <span class='ocrx_word' id='word_1_692' title='bbox 1602 5815 1864 5879; x_wconf 87' lang='lat' dir='ltr'><strong>profundo</strong></span> 
     </span>
    </p>
   </div>
   <div class='ocr_carea' id='block_1_92' title="bbox 1993 3365 3561 3447">
    <p class='ocr_par' dir='ltr' id='par_1_92' title="bbox 1993 3365 3561 3447">
     <span class='ocr_line' id='line_1_94' title="bbox 1993 3365 3561 3447; baseline 0.01 -30"><span class='ocrx_word' id='word_1_693' title='bbox 1993 3377 2057 3417; x_wconf 89' lang='lat' dir='ltr'><strong>ex</strong></span> <span class='ocrx_word' id='word_1_694' title='bbox 2091 3365 2371 3432; x_wconf 83' lang='lat' dir='ltr'><strong>praefectis.</strong></span> <span class='ocrx_word' id='word_1_695' title='bbox 2414 3368 2627 3423; x_wconf 89' lang='lat' dir='ltr'><strong>Timore</strong></span> <span class='ocrx_word' id='word_1_696' title='bbox 2670 3382 2849 3427; x_wconf 90' lang='lat' dir='ltr'><strong>autem</strong></span> <span class='ocrx_word' id='word_1_697' title='bbox 2896 3372 3119 3428; x_wconf 78' lang='lat' dir='ltr'><strong>allectus</strong></span> <span class='ocrx_word' id='word_1_698' title='bbox 3156 3379 3270 3442; x_wconf 78' lang='lat' dir='ltr'><strong>ejus</strong></span> <span class='ocrx_word' id='word_1_699' title='bbox 3302 3382 3561 3447; x_wconf 89' lang='lat' dir='ltr'><strong>maritus,</strong></span> 
     </span>
    </p>
   </div>
   <div class='ocr_carea' id='block_1_93' title="bbox 1991 3457 3561 3528">
    <p class='ocr_par' dir='ltr' id='par_1_93' title="bbox 1991 3457 3561 3528">
     <span class='ocr_line' id='line_1_95' title="bbox 1991 3457 3561 3528; baseline 0.012 -19"><span class='ocrx_word' id='word_1_700' title='bbox 1991 3457 2122 3511; x_wconf 82' lang='lat' dir='ltr'><strong>dixit</strong></span> <span class='ocrx_word' id='word_1_701' title='bbox 2150 3460 2195 3513; x_wconf 91' lang='lat' dir='ltr'><strong>ei</strong></span> <span class='ocrx_word' id='word_1_702' title='bbox 2227 3477 2239 3512; x_wconf 90' lang='lat'><strong>:</strong></span> <span class='ocrx_word' id='word_1_703' title='bbox 2274 3462 2457 3525; x_wconf 13' lang='lat' dir='ltr'><strong>Mitte,</strong></span> <span class='ocrx_word' id='word_1_704' title='bbox 2493 3464 2617 3517; x_wconf 89' lang='lat' dir='ltr'><strong>tolle</strong></span> <span class='ocrx_word' id='word_1_705' title='bbox 2646 3480 2785 3516; x_wconf 89' lang='lat' dir='ltr'><strong>cam.</strong></span> <span class='ocrx_word' id='word_1_706' title='bbox 2814 3466 2942 3518; x_wconf 91' lang='lat' dir='ltr'><strong>Cum</strong></span> <span class='ocrx_word' id='word_1_707' title='bbox 2974 3478 3153 3521; x_wconf 89' lang='lat' dir='ltr'><strong>autem</strong></span> <span class='ocrx_word' id='word_1_708' title='bbox 3190 3473 3464 3527; x_wconf 79' lang='lat' dir='ltr'><strong>venissent</strong></span> <span class='ocrx_word' id='word_1_709' title='bbox 3494 3476 3561 3528; x_wconf 87' lang='lat' dir='ltr'><strong>ad</strong></span> 
     </span>
    </p>
   </div>
   <div class='ocr_carea' id='block_1_94' title="bbox 1989 3551 3563 3631">
    <p class='ocr_par' dir='ltr' id='par_1_94' title="bbox 1989 3551 3563 3631">
     <span class='ocr_line' id='line_1_96' title="bbox 1989 3551 3563 3631; baseline 0.01 -31"><span class='ocrx_word' id='word_1_710' title='bbox 1989 3562 2105 3601; x_wconf 88' lang='lat' dir='ltr'><strong>eam</strong></span> <span class='ocrx_word' id='word_1_711' title='bbox 2135 3551 2351 3615; x_wconf 87' lang='lat' dir='ltr'><strong>milites,</strong></span> <span class='ocrx_word' id='word_1_712' title='bbox 2381 3552 2513 3606; x_wconf 82' lang='lat' dir='ltr'><strong>dixit</strong></span> <span class='ocrx_word' id='word_1_713' title='bbox 2539 3555 2615 3607; x_wconf 88' lang='lat' dir='ltr'><strong>eis</strong></span> <span class='ocrx_word' id='word_1_714' title='bbox 2645 3556 2876 3609; x_wconf 88' lang='lat' dir='ltr'><strong>mulier:</strong></span> <span class='ocrx_word' id='word_1_715' title='bbox 2908 3557 3229 3624; x_wconf 83' lang='lat' dir='ltr'><strong>ExSpectate</strong></span> <span class='ocrx_word' id='word_1_716' title='bbox 3277 3577 3563 3631; x_wconf 85' lang='lat' dir='ltr'><strong>parumper</strong></span> 
     </span>
    </p>
   </div>
   <div class='ocr_carea' id='block_1_95' title="bbox 1989 3640 3559 3714">
    <p class='ocr_par' dir='ltr' id='par_1_95' title="bbox 1989 3640 3559 3714">
     <span class='ocr_line' id='line_1_97' title="bbox 1989 3640 3559 3714; baseline 0.011 -22"><span class='ocrx_word' id='word_1_717' title='bbox 1989 3640 2159 3694; x_wconf 85' lang='lat' dir='ltr'><strong>donec</strong></span> <span class='ocrx_word' id='word_1_718' title='bbox 2189 3644 2439 3697; x_wconf 84' lang='lat' dir='ltr'><strong>mundum</strong></span> <span class='ocrx_word' id='word_1_719' title='bbox 2484 3660 2656 3699; x_wconf 88' lang='lat' dir='ltr'><strong>meum</strong></span> <span class='ocrx_word' id='word_1_720' title='bbox 2684 3662 3001 3714; x_wconf 88' lang='lat' dir='ltr'><strong>componam</strong></span> <span class='ocrx_word' id='word_1_721' title='bbox 3026 3690 3039 3713; x_wconf 94' lang='lat'><strong>,</strong></span> <span class='ocrx_word' id='word_1_722' title='bbox 3070 3653 3151 3703; x_wconf 88' lang='lat' dir='ltr'><strong>cui</strong></span> <span class='ocrx_word' id='word_1_723' title='bbox 3180 3666 3293 3705; x_wconf 90' lang='lat' dir='ltr'><strong>sum</strong></span> <span class='ocrx_word' id='word_1_724' title='bbox 3328 3666 3559 3709; x_wconf 84' lang='lat' dir='ltr'><strong>assueta.</strong></span> 
     </span>
    </p>
   </div>
   <div class='ocr_carea' id='block_1_96' title="bbox 1989 3731 3558 3811">
    <p class='ocr_par' dir='ltr' id='par_1_96' title="bbox 1989 3731 3558 3811">
     <span class='ocr_line' id='line_1_98' title="bbox 1989 3731 3558 3811; baseline 0.011 -27"><span class='ocrx_word' id='word_1_725' title='bbox 1989 3731 2226 3798; x_wconf 87' lang='lat' dir='ltr'><strong>Ingressa</strong></span> <span class='ocrx_word' id='word_1_726' title='bbox 2260 3742 2431 3788; x_wconf 89' lang='lat' dir='ltr'><strong>autem</strong></span> <span class='ocrx_word' id='word_1_727' title='bbox 2462 3750 2613 3790; x_wconf 91' lang='lat' dir='ltr'><strong>suum</strong></span> <span class='ocrx_word' id='word_1_728' title='bbox 2639 3740 2829 3801; x_wconf 86' lang='lat' dir='ltr'><strong>cubile,</strong></span> <span class='ocrx_word' id='word_1_729' title='bbox 2863 3753 3082 3809; x_wconf 85' lang='lat' dir='ltr'><strong>accepto</strong></span> <span class='ocrx_word' id='word_1_730' title='bbox 3114 3758 3265 3811; x_wconf 85' lang='lat' dir='ltr'><strong>ense,</strong></span> <span class='ocrx_word' id='word_1_731' title='bbox 3291 3762 3410 3799; x_wconf 91' lang='lat' dir='ltr'><strong>eum</strong></span> <span class='ocrx_word' id='word_1_732' title='bbox 3444 3750 3558 3803; x_wconf 84' lang='lat' dir='ltr'><strong>suis</strong></span> 
     </span>
    </p>
   </div>
   <div class='ocr_carea' id='block_1_97' title="bbox 1987 3820 3558 3904">
    <p class='ocr_par' dir='ltr' id='par_1_97' title="bbox 1987 3820 3558 3904">
     <span class='ocr_line' id='line_1_99' title="bbox 1987 3820 3558 3904; baseline 0.013 -32"><span class='ocrx_word' id='word_1_733' title='bbox 1987 3820 2154 3874; x_wconf 80' lang='lat' dir='ltr'><strong>infixit</strong></span> <span class='ocrx_word' id='word_1_734' title='bbox 2195 3825 2506 3881; x_wconf 86' lang='lat' dir='ltr'><strong>visceribus.</strong></span> <span class='ocrx_word' id='word_1_735' title='bbox 2556 3827 2787 3882; x_wconf 81' lang='lat' dir='ltr'><strong>Audiant</strong></span> <span class='ocrx_word' id='word_1_736' title='bbox 2832 3830 3063 3899; x_wconf 86' lang='lat' dir='ltr'><strong>virgines</strong></span> <span class='ocrx_word' id='word_1_737' title='bbox 3104 3844 3153 3886; x_wconf 88' lang='lat' dir='ltr'><strong>et</strong></span> <span class='ocrx_word' id='word_1_738' title='bbox 3202 3835 3558 3904; x_wconf 88' lang='lat' dir='ltr'><strong>erubescant,</strong></span> 
     </span>
    </p>
   </div>
   <div class='ocr_carea' id='block_1_98' title="bbox 1986 3918 3560 3997">
    <p class='ocr_par' dir='ltr' id='par_1_98' title="bbox 1986 3918 3560 3997">
     <span class='ocr_line' id='line_1_100' title="bbox 1986 3918 3560 3997; baseline 0.013 -33"><span class='ocrx_word' id='word_1_739' title='bbox 1986 3930 2102 3980; x_wconf 79' lang='lat' dir='ltr'><strong>que</strong></span> <span class='ocrx_word' id='word_1_740' title='bbox 2152 3918 2463 3982; x_wconf 67' lang='lat' dir='ltr'><strong>pretitentur</strong></span> <span class='ocrx_word' id='word_1_741' title='bbox 2509 3934 2568 3972; x_wconf 87' lang='lat' dir='ltr'><strong>se</strong></span> <span class='ocrx_word' id='word_1_742' title='bbox 2614 3920 2768 3973; x_wconf 90' lang='lat' dir='ltr'><strong>Chris</strong></span> <span class='ocrx_word' id='word_1_743' title='bbox 2798 3938 2883 3974; x_wconf 90' lang='lat' dir='ltr'><strong>um</strong></span> <span class='ocrx_word' id='word_1_744' title='bbox 2940 3925 3137 3978; x_wconf 89' lang='lat' dir='ltr'><strong>habere</strong></span> <span class='ocrx_word' id='word_1_745' title='bbox 3184 3941 3470 3997; x_wconf 87' lang='lat' dir='ltr'><strong>sponsum,</strong></span> <span class='ocrx_word' id='word_1_746' title='bbox 3505 3940 3560 3985; x_wconf 81' lang='lat' dir='ltr'><strong>et</strong></span> 
     </span>
    </p>
   </div>
   <div class='ocr_carea' id='block_1_99' title="bbox 1986 4011 3560 4076">
    <p class='ocr_par' dir='ltr' id='par_1_99' title="bbox 1986 4011 3560 4076">
     <span class='ocr_line' id='line_1_101' title="bbox 1986 4011 3560 4076; baseline 0.012 -20"><span class='ocrx_word' id='word_1_747' title='bbox 1986 4020 2142 4073; x_wconf 86' lang='lat' dir='ltr'><strong>prava</strong></span> <span class='ocrx_word' id='word_1_748' title='bbox 2174 4022 2291 4061; x_wconf 90' lang='lat' dir='ltr'><strong>eum</strong></span> <span class='ocrx_word' id='word_1_749' title='bbox 2323 4011 2547 4076; x_wconf 90' lang='lat' dir='ltr'><strong>produnt</strong></span> <span class='ocrx_word' id='word_1_750' title='bbox 2577 4011 2813 4067; x_wconf 88' lang='lat' dir='ltr'><strong>libidine.</strong></span> <span class='ocrx_word' id='word_1_751' title='bbox 2845 4014 3006 4068; x_wconf 87' lang='lat' dir='ltr'><strong>Nobis</strong></span> <span class='ocrx_word' id='word_1_752' title='bbox 3029 4028 3203 4071; x_wconf 89' lang='lat' dir='ltr'><strong>autem</strong></span> <span class='ocrx_word' id='word_1_753' title='bbox 3232 4020 3323 4075; x_wconf 87' lang='lat' dir='ltr'><strong>det</strong></span> <span class='ocrx_word' id='word_1_754' title='bbox 3349 4023 3560 4075; x_wconf 90' lang='lat' dir='ltr'><strong>unicui-</strong></span> 
     </span>
    </p>
   </div>
   <div class='ocr_carea' id='block_1_100' title="bbox 1985 4098 3556 4171">
    <p class='ocr_par' dir='ltr' id='par_1_100' title="bbox 1985 4098 3556 4171">
     <span class='ocr_line' id='line_1_102' title="bbox 1985 4098 3556 4171; baseline 0.013 -24"><span class='ocrx_word' id='word_1_755' title='bbox 1985 4112 2085 4163; x_wconf 86' lang='lat' dir='ltr'><strong>que</strong></span> <span class='ocrx_word' id='word_1_756' title='bbox 2112 4098 2247 4151; x_wconf 92' lang='lat' dir='ltr'><strong>Deus</strong></span> <span class='ocrx_word' id='word_1_757' title='bbox 2275 4114 2487 4154; x_wconf 89' lang='lat' dir='ltr'><strong>servare</strong></span> <span class='ocrx_word' id='word_1_758' title='bbox 2519 4102 2895 4171; x_wconf 82' lang='lat' dir='ltr'><strong>virginitatem,</strong></span> <span class='ocrx_word' id='word_1_759' title='bbox 2942 4118 2995 4159; x_wconf 86' lang='lat' dir='ltr'><strong>et</strong></span> <span class='ocrx_word' id='word_1_760' title='bbox 3022 4112 3420 4167; x_wconf 80' lang='lat' dir='ltr'><strong>exsultantibus</strong></span> <span class='ocrx_word' id='word_1_761' title='bbox 3444 4114 3556 4167; x_wconf 88' lang='lat' dir='ltr'><strong>cla-</strong></span> 
     </span>
    </p>
   </div>
   <div class='ocr_carea' id='block_1_101' title="bbox 1985 4194 3557 4269">
    <p class='ocr_par' dir='ltr' id='par_1_101' title="bbox 1985 4194 3557 4269">
     <span class='ocr_line' id='line_1_103' title="bbox 1985 4194 3557 4269; baseline 0.011 -28"><span class='ocrx_word' id='word_1_762' title='bbox 1985 4204 2129 4243; x_wconf 80' lang='lat' dir='ltr'><strong>mare</strong></span> <span class='ocrx_word' id='word_1_763' title='bbox 2175 4207 2291 4244; x_wconf 91' lang='lat' dir='ltr'><strong>cum</strong></span> <span class='ocrx_word' id='word_1_764' title='bbox 2340 4194 2741 4263; x_wconf 81' lang='lat' dir='ltr'><strong>psalmographe</strong></span> <span class='ocrx_word' id='word_1_765' title='bbox 2786 4215 2798 4248; x_wconf 74' lang='grc' dir='ltr'><em>τ</em></span> <span class='ocrx_word' id='word_1_766' title='bbox 2847 4199 3065 4269; x_wconf 84' lang='lat' dir='ltr'><strong>Cenfige</strong></span> <span class='ocrx_word' id='word_1_767' title='bbox 3115 4202 3165 4254; x_wconf 90' lang='lat' dir='ltr'><strong>in</strong></span> <span class='ocrx_word' id='word_1_768' title='bbox 3226 4205 3415 4257; x_wconf 85' lang='lat' dir='ltr'><strong>timore</strong></span> <span class='ocrx_word' id='word_1_769' title='bbox 3467 4214 3557 4259; x_wconf 91' lang='lat' dir='ltr'><strong>tuo</strong></span> 
     </span>
    </p>
   </div>
   <div class='ocr_carea' id='block_1_102' title="bbox 1983 4284 3552 4365">
    <p class='ocr_par' dir='ltr' id='par_1_102' title="bbox 1983 4284 3552 4365">
     <span class='ocr_line' id='line_1_104' title="bbox 1983 4284 3552 4365; baseline 0.01 -34"><span class='ocrx_word' id='word_1_770' title='bbox 1983 4295 2169 4333; x_wconf 80' lang='lat' dir='ltr'><strong>carnes</strong></span> <span class='ocrx_word' id='word_1_771' title='bbox 2192 4299 2334 4336; x_wconf 83' lang='lat' dir='ltr'><strong>meas</strong></span> <span class='ocrx_word' id='word_1_772' title='bbox 2360 4301 2372 4336; x_wconf 89' lang='lat'>:</span> <span class='ocrx_word' id='word_1_773' title='bbox 2399 4300 2425 4337; x_wconf 89' lang='lat' dir='ltr'><strong>a</strong></span> <span class='ocrx_word' id='word_1_774' title='bbox 2443 4284 2656 4353; x_wconf 88' lang='lat' dir='ltr'><strong>judiciis</strong></span> <span class='ocrx_word' id='word_1_775' title='bbox 2682 4290 2822 4341; x_wconf 87' lang='lat' dir='ltr'><strong>enim</strong></span> <span class='ocrx_word' id='word_1_776' title='bbox 2850 4292 2951 4342; x_wconf 91' lang='lat' dir='ltr'><strong>tuis</strong></span> <span class='ocrx_word' id='word_1_777' title='bbox 2976 4292 3121 4344; x_wconf 88' lang='lat' dir='ltr'><strong>timui</strong></span> <span class='ocrx_word' id='word_1_778' title='bbox 3148 4291 3317 4363; x_wconf 82' lang='lat' dir='ltr'><strong>(Psal.</strong></span> <span class='ocrx_word' id='word_1_779' title='bbox 3338 4301 3552 4365; x_wconf 86' lang='lat' dir='ltr'><strong>cxvm).</strong></span> 
     </span>
    </p>
   </div>
   <div class='ocr_carea' id='block_1_103' title="bbox 1986 4370 3556 4450">
    <p class='ocr_par' dir='ltr' id='par_1_103' title="bbox 1986 4370 3556 4450">
     <span class='ocr_line' id='line_1_105' title="bbox 1986 4370 3556 4450; baseline 0.013 -29"><span class='ocrx_word' id='word_1_780' title='bbox 1986 4370 2246 4424; x_wconf 83' lang='lat' dir='ltr'><strong>Et:Vivo</strong></span> <span class='ocrx_word' id='word_1_781' title='bbox 2318 4382 2497 4426; x_wconf 87' lang='lat' dir='ltr'><strong>autem</strong></span> <span class='ocrx_word' id='word_1_782' title='bbox 2546 4373 2652 4443; x_wconf 89' lang='lat' dir='ltr'><strong>jam</strong></span> <span class='ocrx_word' id='word_1_783' title='bbox 2711 4393 2818 4433; x_wconf 91' lang='lat' dir='ltr'><strong>non</strong></span> <span class='ocrx_word' id='word_1_784' title='bbox 2874 4396 3011 4450; x_wconf 85' lang='lat' dir='ltr'><strong>ego,</strong></span> <span class='ocrx_word' id='word_1_785' title='bbox 3082 4381 3364 4435; x_wconf 79' lang='lat' dir='ltr'><strong>Vivitvero</strong></span> <span class='ocrx_word' id='word_1_786' title='bbox 3394 4384 3556 4438; x_wconf 84' lang='lat' dir='ltr'><strong>inme</strong></span> 
     </span>
    </p>
   </div>
   <div class='ocr_carea' id='block_1_104' title="bbox 1982 4459 3555 4544">
    <p class='ocr_par' dir='ltr' id='par_1_104' title="bbox 1982 4459 3555 4544">
     <span class='ocr_line' id='line_1_106' title="bbox 1982 4459 3555 4544; baseline 0.008 -29"><span class='ocrx_word' id='word_1_787' title='bbox 1982 4459 2223 4515; x_wconf 86' lang='lat' dir='ltr'><strong>Christus</strong></span> <span class='ocrx_word' id='word_1_788' title='bbox 2250 4461 2443 4533; x_wconf 79' lang='lat' dir='ltr'><strong>(Colat.</strong></span> <span class='ocrx_word' id='word_1_789' title='bbox 2471 4464 2555 4533; x_wconf 87' lang='lat' dir='ltr'><strong>tt).</strong></span> <span class='ocrx_word' id='word_1_790' title='bbox 2588 4466 2925 4522; x_wconf 87' lang='lat' dir='ltr'><strong>Concedatur</strong></span> <span class='ocrx_word' id='word_1_791' title='bbox 2954 4480 3129 4524; x_wconf 86' lang='lat' dir='ltr'><strong>autem</strong></span> <span class='ocrx_word' id='word_1_792' title='bbox 3157 4480 3215 4525; x_wconf 91' lang='lat' dir='ltr'><strong>ut</strong></span> <span class='ocrx_word' id='word_1_793' title='bbox 3236 4488 3329 4527; x_wconf 87' lang='lat' dir='ltr'><strong>vos</strong></span> <span class='ocrx_word' id='word_1_794' title='bbox 3346 4490 3555 4544; x_wconf 89' lang='lat' dir='ltr'><strong>quoque</strong></span> 
     </span>
    </p>
   </div>
   <div class='ocr_carea' id='block_1_105' title="bbox 1985 4552 3551 4630">
    <p class='ocr_par' dir='ltr' id='par_1_105' title="bbox 1985 4552 3551 4630">
     <span class='ocr_line' id='line_1_107' title="bbox 1985 4552 3551 4630; baseline 0.007 -25"><span class='ocrx_word' id='word_1_795' title='bbox 1985 4552 2170 4605; x_wconf 87' lang='lat' dir='ltr'><strong>dicatis</strong></span> <span class='ocrx_word' id='word_1_796' title='bbox 2202 4553 2393 4607; x_wconf 77' lang='lat' dir='ltr'><strong>sobria:</strong></span> <span class='ocrx_word' id='word_1_797' title='bbox 2421 4572 2433 4606; x_wconf 91' lang='lat'><strong>:</strong></span> <span class='ocrx_word' id='word_1_798' title='bbox 2470 4556 2579 4623; x_wconf 85' lang='lat' dir='ltr'><strong>Ego</strong></span> <span class='ocrx_word' id='word_1_799' title='bbox 2609 4560 2830 4624; x_wconf 88' lang='lat' dir='ltr'><strong>patrueli</strong></span> <span class='ocrx_word' id='word_1_800' title='bbox 2864 4575 3002 4625; x_wconf 91' lang='lat' dir='ltr'><strong>meo,</strong></span> <span class='ocrx_word' id='word_1_801' title='bbox 3033 4572 3088 4616; x_wconf 89' lang='lat' dir='ltr'><strong>et</strong></span> <span class='ocrx_word' id='word_1_802' title='bbox 3120 4566 3375 4630; x_wconf 86' lang='lat' dir='ltr'><strong>patruelis</strong></span> <span class='ocrx_word' id='word_1_803' title='bbox 3400 4580 3551 4619; x_wconf 87' lang='lat' dir='ltr'><strong>meus</strong></span> 
     </span>
    </p>
   </div>
   <div class='ocr_carea' id='block_1_106' title="bbox 1985 4642 3543 4722">
    <p class='ocr_par' dir='ltr' id='par_1_106' title="bbox 1985 4642 3543 4722">
     <span class='ocr_line' id='line_1_108' title="bbox 1985 4642 3543 4722; baseline 0.007 -28"><span class='ocrx_word' id='word_1_804' title='bbox 1985 4651 2065 4695; x_wconf 89' lang='lat' dir='ltr'><strong>est</strong></span> <span class='ocrx_word' id='word_1_805' title='bbox 2096 4642 2243 4706; x_wconf 90' lang='lat' dir='ltr'><strong>mihi,</strong></span> <span class='ocrx_word' id='word_1_806' title='bbox 2271 4644 2554 4711; x_wconf 86' lang='lat' dir='ltr'><strong>aliquando</strong></span> <span class='ocrx_word' id='word_1_807' title='bbox 2580 4648 2791 4714; x_wconf 89' lang='lat' dir='ltr'><strong>quidem</strong></span> <span class='ocrx_word' id='word_1_808' title='bbox 2822 4666 3075 4715; x_wconf 81' lang='lat' dir='ltr'><strong>Sponsus,</strong></span> <span class='ocrx_word' id='word_1_809' title='bbox 3102 4654 3387 4722; x_wconf 86' lang='lat' dir='ltr'><strong>aliquando</strong></span> <span class='ocrx_word' id='word_1_810' title='bbox 3418 4671 3543 4708; x_wconf 84' lang='lat' dir='ltr'><strong>vero</strong></span> 
     </span>
    </p>
   </div>
   <div class='ocr_carea' id='block_1_107' title="bbox 1983 4731 3546 4811">
    <p class='ocr_par' dir='ltr' id='par_1_107' title="bbox 1983 4731 3546 4811">
     <span class='ocr_line' id='line_1_109' title="bbox 1983 4731 3546 4811; baseline 0.009 -28"><span class='ocrx_word' id='word_1_811' title='bbox 1983 4731 2165 4794; x_wconf 84' lang='lat' dir='ltr'><strong>frater,</strong></span> <span class='ocrx_word' id='word_1_812' title='bbox 2194 4742 2250 4785; x_wconf 94' lang='lat' dir='ltr'><strong>ut</strong></span> <span class='ocrx_word' id='word_1_813' title='bbox 2286 4734 2415 4786; x_wconf 93' lang='lat' dir='ltr'><strong>nihil</strong></span> <span class='ocrx_word' id='word_1_814' title='bbox 2450 4736 2709 4803; x_wconf 87' lang='lat' dir='ltr'><strong>cogitetur</strong></span> <span class='ocrx_word' id='word_1_815' title='bbox 2750 4741 2964 4793; x_wconf 80' lang='lat' dir='ltr'><strong>carnale</strong></span> <span class='ocrx_word' id='word_1_816' title='bbox 2988 4740 3163 4808; x_wconf 81' lang='lat' dir='ltr'><strong>(Cant.</strong></span> <span class='ocrx_word' id='word_1_817' title='bbox 3198 4741 3292 4811; x_wconf 68' lang='grc' dir='ltr'><strong>γι).</strong></span> <span class='ocrx_word' id='word_1_818' title='bbox 3320 4743 3374 4796; x_wconf 90' lang='lat' dir='ltr'><strong>Si</strong></span> <span class='ocrx_word' id='word_1_819' title='bbox 3404 4744 3546 4797; x_wconf 88' lang='lat' dir='ltr'><strong>enim</strong></span> 
     </span>
    </p>
   </div>
   <div class='ocr_carea' id='block_1_108' title="bbox 1980 4822 3540 4899">
    <p class='ocr_par' dir='ltr' id='par_1_108' title="bbox 1980 4822 3540 4899">
     <span class='ocr_line' id='line_1_110' title="bbox 1980 4822 3540 4899; baseline 0.008 -27"><span class='ocrx_word' id='word_1_820' title='bbox 1980 4822 2209 4875; x_wconf 87' lang='lat' dir='ltr'><strong>audieris</strong></span> <span class='ocrx_word' id='word_1_821' title='bbox 2254 4836 2504 4891; x_wconf 91' lang='lat' dir='ltr'><strong>sponsum</strong></span> <span class='ocrx_word' id='word_1_822' title='bbox 2534 4836 2589 4879; x_wconf 91' lang='lat' dir='ltr'><strong>et</strong></span> <span class='ocrx_word' id='word_1_823' title='bbox 2616 4842 2867 4893; x_wconf 88' lang='lat' dir='ltr'><strong>sponsam</strong></span> <span class='ocrx_word' id='word_1_824' title='bbox 2896 4870 2911 4893; x_wconf 89' lang='lat'><strong>,</strong></span> <span class='ocrx_word' id='word_1_825' title='bbox 2942 4830 3203 4896; x_wconf 84' lang='lat' dir='ltr'><strong>significat</strong></span> <span class='ocrx_word' id='word_1_826' title='bbox 3246 4832 3540 4899; x_wconf 87' lang='lat' dir='ltr'><strong>spiritalem</strong></span> 
     </span>
    </p>
   </div>
   <div class='ocr_carea' id='block_1_109' title="bbox 1979 4916 2560 4985">
    <p class='ocr_par' dir='ltr' id='par_1_109' title="bbox 1979 4916 2560 4985">
     <span class='ocr_line' id='line_1_111' title="bbox 1979 4916 2560 4985; baseline 0.002 -14"><span class='ocrx_word' id='word_1_827' title='bbox 1979 4916 2223 4971; x_wconf 89' lang='lat' dir='ltr'><strong>unionem</strong></span> <span class='ocrx_word' id='word_1_828' title='bbox 2248 4933 2366 4971; x_wconf 89' lang='lat' dir='ltr'><strong>cum</strong></span> <span class='ocrx_word' id='word_1_829' title='bbox 2395 4927 2560 4985; x_wconf 89' lang='lat' dir='ltr'><strong>patre.</strong></span> 
     </span>
    </p>
   </div>
   <div class='ocr_carea' id='block_1_110' title="bbox 2049 5008 3548 5080">
    <p class='ocr_par' dir='ltr' id='par_1_110' title="bbox 2049 5008 3548 5080">
     <span class='ocr_line' id='line_1_112' title="bbox 2049 5008 3548 5080; baseline 0.004 -19"><span class='ocrx_word' id='word_1_830' title='bbox 2049 5008 2287 5062; x_wconf 84' lang='lat' dir='ltr'><strong>Vidimus</strong></span> <span class='ocrx_word' id='word_1_831' title='bbox 2329 5017 2503 5062; x_wconf 84' lang='lat' dir='ltr'><strong>autem</strong></span> <span class='ocrx_word' id='word_1_832' title='bbox 2550 5009 2680 5063; x_wconf 90' lang='lat' dir='ltr'><strong>alios</strong></span> <span class='ocrx_word' id='word_1_833' title='bbox 2717 5025 2927 5080; x_wconf 88' lang='lat' dir='ltr'><strong>quoque</strong></span> <span class='ocrx_word' id='word_1_834' title='bbox 2960 5012 3142 5066; x_wconf 87' lang='lat' dir='ltr'><strong>Patres</strong></span> <span class='ocrx_word' id='word_1_835' title='bbox 3170 5022 3223 5066; x_wconf 88' lang='lat' dir='ltr'><strong>et</strong></span> <span class='ocrx_word' id='word_1_836' title='bbox 3256 5014 3548 5067; x_wconf 89' lang='lat' dir='ltr'><strong>monachos</strong></span> 
     </span>
    </p>
   </div>
   <div class='ocr_carea' id='block_1_111' title="bbox 1981 5100 3549 5173">
    <p class='ocr_par' dir='ltr' id='par_1_111' title="bbox 1981 5100 3549 5173">
     <span class='ocr_line' id='line_1_113' title="bbox 1981 5100 3549 5173; baseline 0.008 -25"><span class='ocrx_word' id='word_1_837' title='bbox 1981 5112 2072 5166; x_wconf 92' lang='lat' dir='ltr'><strong>per</strong></span> <span class='ocrx_word' id='word_1_838' title='bbox 2100 5109 2260 5151; x_wconf 89' lang='lat' dir='ltr'><strong>totam</strong></span> <span class='ocrx_word' id='word_1_839' title='bbox 2282 5100 2588 5169; x_wconf 66' lang='lat' dir='ltr'><strong>Egyptum,</strong></span> <span class='ocrx_word' id='word_1_840' title='bbox 2623 5102 2814 5155; x_wconf 90' lang='lat' dir='ltr'><strong>multas</strong></span> <span class='ocrx_word' id='word_1_841' title='bbox 2841 5104 3060 5156; x_wconf 87' lang='lat' dir='ltr'><strong>virtutes</strong></span> <span class='ocrx_word' id='word_1_842' title='bbox 3088 5114 3141 5156; x_wconf 88' lang='lat' dir='ltr'><strong>et</strong></span> <span class='ocrx_word' id='word_1_843' title='bbox 3168 5107 3314 5173; x_wconf 86' lang='lat' dir='ltr'><strong>signa</strong></span> <span class='ocrx_word' id='word_1_844' title='bbox 3347 5106 3549 5161; x_wconf 84' lang='lat' dir='ltr'><strong>facien-</strong></span> 
     </span>
    </p>
   </div>
   <div class='ocr_carea' id='block_1_112' title="bbox 1981 5195 3543 5265">
    <p class='ocr_par' dir='ltr' id='par_1_112' title="bbox 1981 5195 3543 5265">
     <span class='ocr_line' id='line_1_114' title="bbox 1981 5195 3543 5265; baseline 0.006 -23"><span class='ocrx_word' id='word_1_845' title='bbox 1981 5198 2083 5252; x_wconf 77' lang='lat' dir='ltr'><strong>tes,</strong></span> <span class='ocrx_word' id='word_1_846' title='bbox 2114 5207 2336 5260; x_wconf 89' lang='lat' dir='ltr'><strong>quorum</strong></span> <span class='ocrx_word' id='word_1_847' title='bbox 2370 5210 2473 5245; x_wconf 91' lang='lat' dir='ltr'><strong>non</strong></span> <span class='ocrx_word' id='word_1_848' title='bbox 2505 5195 2841 5248; x_wconf 91' lang='lat' dir='ltr'><strong>meminimus</strong></span> <span class='ocrx_word' id='word_1_849' title='bbox 2875 5208 3088 5264; x_wconf 85' lang='lat' dir='ltr'><strong>propter</strong></span> <span class='ocrx_word' id='word_1_850' title='bbox 3125 5200 3543 5265; x_wconf 85' lang='lat' dir='ltr'><strong>multitudinem,</strong></span> 
     </span>
    </p>
   </div>
   <div class='ocr_carea' id='block_1_113' title="bbox 1978 5281 3547 5356">
    <p class='ocr_par' dir='ltr' id='par_1_113' title="bbox 1978 5281 3547 5356">
     <span class='ocr_line' id='line_1_115' title="bbox 1978 5281 3547 5356; baseline 0.005 -22"><span class='ocrx_word' id='word_1_851' title='bbox 1978 5281 2069 5334; x_wconf 86' lang='lat' dir='ltr'><strong>sed</strong></span> <span class='ocrx_word' id='word_1_852' title='bbox 2104 5297 2261 5348; x_wconf 86' lang='lat' dir='ltr'><strong>pauca</strong></span> <span class='ocrx_word' id='word_1_853' title='bbox 2295 5297 2387 5348; x_wconf 91' lang='lat' dir='ltr'><strong>pro</strong></span> <span class='ocrx_word' id='word_1_854' title='bbox 2415 5285 2593 5336; x_wconf 89' lang='lat' dir='ltr'><strong>multis</strong></span> <span class='ocrx_word' id='word_1_855' title='bbox 2622 5286 2951 5338; x_wconf 89' lang='lat' dir='ltr'><strong>narravimus</strong></span> <span class='ocrx_word' id='word_1_856' title='bbox 2978 5287 3173 5354; x_wconf 64' lang='lat' dir='ltr'><strong>(Ra/)2,</strong></span> <span class='ocrx_word' id='word_1_857' title='bbox 3204 5290 3240 5342; x_wconf 87' lang='grc' dir='ltr'><strong>Ι.</strong></span> <span class='ocrx_word' id='word_1_858' title='bbox 3272 5291 3404 5352; x_wconf 75' lang='grc' dir='ltr'>11,ἱη</span> <span class='ocrx_word' id='word_1_859' title='bbox 3436 5292 3547 5356; x_wconf 81' lang='lat' dir='ltr'><strong>epi-</strong></span> 
     </span>
    </p>
   </div>
   <div class='ocr_carea' id='block_1_114' title="bbox 1978 5372 3547 5447">
    <p class='ocr_par' dir='ltr' id='par_1_114' title="bbox 1978 5372 3547 5447">
     <span class='ocr_line' id='line_1_116' title="bbox 1978 5372 3547 5447; baseline 0.007 -23"><span class='ocrx_word' id='word_1_860' title='bbox 1978 5372 2138 5443; x_wconf 82' lang='lat' dir='ltr'><strong>logo).</strong></span> <span class='ocrx_word' id='word_1_861' title='bbox 2174 5374 2305 5439; x_wconf 87' lang='lat' dir='ltr'><strong>Quid</strong></span> <span class='ocrx_word' id='word_1_862' title='bbox 2338 5374 2476 5427; x_wconf 84' lang='lat' dir='ltr'><strong>enim</strong></span> <span class='ocrx_word' id='word_1_863' title='bbox 2531 5376 2724 5430; x_wconf 83' lang='lat' dir='ltr'><strong>dixerit</strong></span> <span class='ocrx_word' id='word_1_864' title='bbox 2764 5378 2952 5446; x_wconf 91' lang='lat' dir='ltr'><strong>aliquis</strong></span> <span class='ocrx_word' id='word_1_865' title='bbox 2996 5380 3062 5432; x_wconf 89' lang='lat' dir='ltr'><strong>dc</strong></span> <span class='ocrx_word' id='word_1_866' title='bbox 3104 5381 3365 5447; x_wconf 72' lang='lat' dir='ltr'><strong>superiori</strong></span> <span class='ocrx_word' id='word_1_867' title='bbox 3408 5383 3547 5435; x_wconf 86' lang='lat' dir='ltr'><strong>Thc-</strong></span> 
     </span>
    </p>
   </div>
   <div class='ocr_carea' id='block_1_115' title="bbox 1979 5464 3545 5537">
    <p class='ocr_par' dir='ltr' id='par_1_115' title="bbox 1979 5464 3545 5537">
     <span class='ocr_line' id='line_1_117' title="bbox 1979 5464 3545 5537; baseline 0.007 -20"><span class='ocrx_word' id='word_1_868' title='bbox 1979 5464 2133 5518; x_wconf 86' lang='lat' dir='ltr'><strong>baide</strong></span> <span class='ocrx_word' id='word_1_869' title='bbox 2159 5482 2274 5533; x_wconf 67' lang='lat' dir='ltr'><strong>qua:</strong></span> <span class='ocrx_word' id='word_1_870' title='bbox 2304 5477 2384 5519; x_wconf 88' lang='lat' dir='ltr'><strong>est</strong></span> <span class='ocrx_word' id='word_1_871' title='bbox 2416 5482 2507 5534; x_wconf 88' lang='lat' dir='ltr'><strong>per</strong></span> <span class='ocrx_word' id='word_1_872' title='bbox 2532 5468 2760 5537; x_wconf 87' lang='lat' dir='ltr'><strong>Syenem</strong></span> <span class='ocrx_word' id='word_1_873' title='bbox 2781 5510 2797 5535; x_wconf 89' lang='lat'><strong>,</strong></span> <span class='ocrx_word' id='word_1_874' title='bbox 2850 5471 2901 5523; x_wconf 91' lang='lat' dir='ltr'><strong>in</strong></span> <span class='ocrx_word' id='word_1_875' title='bbox 2949 5487 3050 5537; x_wconf 90' lang='lat' dir='ltr'><strong>qua</strong></span> <span class='ocrx_word' id='word_1_876' title='bbox 3082 5481 3207 5525; x_wconf 89' lang='lat' dir='ltr'><strong>sunt</strong></span> <span class='ocrx_word' id='word_1_877' title='bbox 3250 5474 3346 5527; x_wconf 90' lang='lat' dir='ltr'><strong>viri</strong></span> <span class='ocrx_word' id='word_1_878' title='bbox 3391 5476 3545 5528; x_wconf 86' lang='lat' dir='ltr'><strong>valde</strong></span> 
     </span>
    </p>
   </div>
   <div class='ocr_carea' id='block_1_116' title="bbox 1977 5554 3544 5632">
    <p class='ocr_par' dir='ltr' id='par_1_116' title="bbox 1977 5554 3544 5632">
     <span class='ocr_line' id='line_1_118' title="bbox 1977 5554 3544 5632; baseline 0.008 -27"><span class='ocrx_word' id='word_1_879' title='bbox 1977 5554 2333 5617; x_wconf 73' lang='lat' dir='ltr'><strong>admirabiles,</strong></span> <span class='ocrx_word' id='word_1_880' title='bbox 2367 5567 2417 5609; x_wconf 87' lang='lat' dir='ltr'><strong>et</strong></span> <span class='ocrx_word' id='word_1_881' title='bbox 2447 5558 2725 5611; x_wconf 87' lang='lat' dir='ltr'><strong>multitudo</strong></span> <span class='ocrx_word' id='word_1_882' title='bbox 2756 5563 3135 5614; x_wconf 87' lang='lat' dir='ltr'><strong>monachorum</strong></span> <span class='ocrx_word' id='word_1_883' title='bbox 3160 5563 3385 5628; x_wconf 80' lang='lat' dir='ltr'><strong>inﬁnita,</strong></span> <span class='ocrx_word' id='word_1_884' title='bbox 3409 5582 3544 5632; x_wconf 84' lang='lat' dir='ltr'><strong>quo-</strong></span> 
     </span>
    </p>
   </div>
   <div class='ocr_carea' id='block_1_117' title="bbox 1976 5647 3541 5724">
    <p class='ocr_par' dir='ltr' id='par_1_117' title="bbox 1976 5647 3541 5724">
     <span class='ocr_line' id='line_1_119' title="bbox 1976 5647 3541 5724; baseline 0.007 -27"><span class='ocrx_word' id='word_1_885' title='bbox 1976 5662 2091 5699; x_wconf 86' lang='lat' dir='ltr'><strong>rum</strong></span> <span class='ocrx_word' id='word_1_886' title='bbox 2136 5661 2241 5700; x_wconf 85' lang='lat' dir='ltr'><strong>non</strong></span> <span class='ocrx_word' id='word_1_887' title='bbox 2289 5647 2575 5702; x_wconf 85' lang='lat' dir='ltr'><strong>crediderit</strong></span> <span class='ocrx_word' id='word_1_888' title='bbox 2625 5650 2815 5718; x_wconf 86' lang='lat' dir='ltr'><strong>aliquis</strong></span> <span class='ocrx_word' id='word_1_889' title='bbox 2864 5651 2985 5705; x_wconf 71' lang='lat' dir='ltr'><strong>vita:</strong></span> <span class='ocrx_word' id='word_1_890' title='bbox 3030 5652 3301 5717; x_wconf 82' lang='lat' dir='ltr'><strong>instituta,</strong></span> <span class='ocrx_word' id='word_1_891' title='bbox 3337 5665 3393 5707; x_wconf 91' lang='lat' dir='ltr'><strong>ut</strong></span> <span class='ocrx_word' id='word_1_892' title='bbox 3421 5670 3541 5724; x_wconf 83' lang='lat' dir='ltr'><strong>quae</strong></span> 
     </span>
    </p>
   </div>
   <div class='ocr_carea' id='block_1_118' title="bbox 1974 5737 3538 5817">
    <p class='ocr_par' dir='ltr' id='par_1_118' title="bbox 1974 5737 3538 5817">
     <span class='ocr_line' id='line_1_120' title="bbox 1974 5737 3538 5817; baseline 0.009 -31"><span class='ocrx_word' id='word_1_893' title='bbox 1974 5737 2134 5789; x_wconf 83' lang='lat' dir='ltr'><strong>vitam</strong></span> <span class='ocrx_word' id='word_1_894' title='bbox 2191 5738 2471 5792; x_wconf 84' lang='lat' dir='ltr'><strong>humanam</strong></span> <span class='ocrx_word' id='word_1_895' title='bbox 2517 5750 2771 5807; x_wconf 82' lang='lat' dir='ltr'><strong>superant</strong></span> <span class='ocrx_word' id='word_1_896' title='bbox 2807 5758 2819 5795; x_wconf 91' lang='lat'><strong>:</strong></span> <span class='ocrx_word' id='word_1_897' title='bbox 2854 5744 2939 5811; x_wconf 86' lang='lat' dir='ltr'><strong>qui</strong></span> <span class='ocrx_word' id='word_1_898' title='bbox 2988 5744 3147 5799; x_wconf 88' lang='lat' dir='ltr'><strong>etiam</strong></span> <span class='ocrx_word' id='word_1_899' title='bbox 3203 5755 3437 5817; x_wconf 88' lang='lat' dir='ltr'><strong>mortuos</strong></span> <span class='ocrx_word' id='word_1_900' title='bbox 3482 5746 3538 5800; x_wconf 88' lang='lat' dir='ltr'><strong>in</strong></span> 
     </span>
    </p>
   </div>
   <div class='ocr_carea' id='block_1_119' title="bbox 1973 5827 3542 5905">
    <p class='ocr_par' dir='ltr' id='par_1_119' title="bbox 1973 5827 3542 5905">
     <span class='ocr_line' id='line_1_121' title="bbox 1973 5827 3542 5905; baseline 0.004 -24"><span class='ocrx_word' id='word_1_901' title='bbox 1973 5827 2283 5883; x_wconf 83' lang='lat' dir='ltr'><strong>hodiernam</strong></span> <span class='ocrx_word' id='word_1_902' title='bbox 2317 5844 2483 5899; x_wconf 75' lang='lat' dir='ltr'><strong>usque</strong></span> <span class='ocrx_word' id='word_1_903' title='bbox 2504 5830 2641 5885; x_wconf 88' lang='lat' dir='ltr'><strong>dicm</strong></span> <span class='ocrx_word' id='word_1_904' title='bbox 2674 5832 2948 5903; x_wconf 81' lang='lat' dir='ltr'><strong>suscitant,</strong></span> <span class='ocrx_word' id='word_1_905' title='bbox 2978 5842 3030 5889; x_wconf 82' lang='lat' dir='ltr'><strong>et</strong></span> <span class='ocrx_word' id='word_1_906' title='bbox 3057 5849 3217 5905; x_wconf 85' lang='lat' dir='ltr'><strong>super</strong></span> <span class='ocrx_word' id='word_1_907' title='bbox 3241 5850 3403 5905; x_wconf 71' lang='lat' dir='ltr'><strong>aquas</strong></span> <span class='ocrx_word' id='word_1_908' title='bbox 3424 5849 3542 5888; x_wconf 81' lang='lat' dir='ltr'><strong>am-</strong></span> 
     </span>
    </p>
   </div>
  </div>
