4028 6444
566 404 698 459 12ἔὶ5

2006 385 2322 440 I’ALLADII

3643 399 3757 456 4256

553 520 731 575 bulam
756 560 770 583 ,
800 521 933 574 sicut
966 520 1187 585 Petrus;
1218 530 1272 575 et
1301 521 1557 591 quidquid
1590 520 1841 577 Servator
1872 537 1966 589 per
1997 535 2116 572 san-
2147 521 2196 578 Α
2222 517 2455 571 caruisse
2478 558 2491 580 ,
2540 526 2591 570 et
2639 516 2820 573 itidem
2871 514 2991 572 cum
3034 520 3299 591 jejunaret
3324 563 3339 584 ,
3390 522 3622 579 allectum
3667 543 3755 580 nan

552 618 666 665 ctus
709 610 889 665 effecit
935 612 1204 677 apostolos
1225 652 1240 675 ,
1272 628 1332 666 ea
1364 627 1504 666 nunc
1532 628 1744 681 quoque
1794 612 1979 666 efticit.
2014 609 2120 663 Sed

551 703 670 770 quia
701 717 946 772 magnum
980 702 1294 756 imminebat
1335 703 1626 768 periculum
1655 749 1669 770 ,
1721 703 1766 757 si
1813 703 1947 756 ultra
1978 703 2123 772 Lyco

552 790 919 854 transiremus,
946 801 1160 860 propter
1183 793 1445 846 latronum
1471 794 1847 861 irruptionem,
1874 809 1979 845 non
2003 793 2119 846 ausi

547 894 731 933 smnus
758 880 941 934 videre
984 881 1099 934 illos
1146 891 1375 936 sanctos.
1409 883 1592 952 Neque
1632 884 1774 937 enim
1834 884 2119 951 praedictos

550 970 732 1022 Patres
780 970 1007 1023 vidimus
1058 972 1173 1024 sine
1220 973 1490 1038 periculo,
1546 989 1718 1040 neque
1769 974 1884 1027 sine
1940 973 2124 1026 labore

547 1063 848 1127 aspeximus
873 1076 1053 1115 sacras
1078 1063 1169 1114 has
1194 1062 1452 1116 feminas:
1478 1064 1569 1117 sed
1596 1063 1754 1127 multa
1782 1064 1928 1131 prius
1955 1062 2119 1129 passi,

545 1162 598 1204 et
628 1154 1009 1220 propemodum
1041 1153 1345 1221 periclitati.
1380 1156 1463 1207 vix
1493 1156 1727 1210 assecuti
1758 1171 1941 1209 smnus
1971 1165 2029 1208 ut
2055 1170 2118 1208 ea

544 1242 863 1296 videremus.
899 1244 1107 1311 Septies
1137 1245 1277 1299 enim
1328 1247 1380 1299 in
1429 1257 1653 1301 mortem
1702 1248 2015 1307 incidimus;
2067 1247 2120 1299 in

542 1345 734 1387 octavo
760 1346 935 1389 autem
971 1338 1165 1389 malmn
1199 1352 1297 1390 nos
1328 1353 1431 1391 non
1463 1341 1667 1407 attigit,
1702 1356 1822 1394 cum
1858 1342 1995 1393 Deus
2021 1356 2119 1392 nos

542 1429 758 1479 omnino
802 1436 1093 1482 servasset.
1124 1428 1302 1483 Semel
1342 1431 1483 1484 enim
1518 1433 1755 1501 quinque
1793 1431 1907 1484 dies
1937 1443 1989 1486 et
2020 1449 2120 1485 no-

541 1527 651 1571 ctes
678 1519 1015 1573 ambulantes
1046 1536 1142 1587 per
1170 1522 1513 1575 solitudinem
1534 1565 1547 1586 ,
1580 1522 1719 1577 fame
1755 1532 1811 1577 et
1836 1524 1920 1577 siti
1955 1539 2119 1591 prope

540 1610 735 1664 fuimus
783 1614 1087 1665 exanimati.
1142 1613 1445 1682 Aliquando
1495 1625 1672 1669 autem
1726 1616 1777 1669 in
1827 1628 2006 1670 acutas.
2066 1625 2119 1669 ct

539 1716 756 1768 asperas
787 1703 1004 1769 paludes
1041 1704 1368 1771 incidentes,
1402 1715 1455 1759 et
1495 1706 1657 1773 pedes
1687 1716 1901 1761 nostros
1934 1708 2119 1775 perlo-

540 1804 740 1856 rantes,
771 1803 826 1847 ut
854 1794 1067 1849 dolores
1090 1806 1272 1849 essent
1300 1797 1692 1861 intolerabiles,
1730 1798 2114 1866 propemodum

2224 607 2409 671 fuisse,
2441 619 2496 662 ut
2516 611 2625 677 qui,
2653 620 2710 662 ut
2736 611 2991 678 arbitror,
3014 615 3231 667 vicisset
3254 613 3604 679 affectionem,
3624 617 3755 686 longe

2224 710 2486 751 remotum
2519 699 2585 752 ab
2614 700 2831 752 avaritia
2856 740 2869 763 ,
2903 710 3212 755 contentum
3258 717 3471 772 semper
3512 718 3755 770 praesenti.

2222 788 2341 851 bus,
2378 803 2479 841 non
2509 803 2567 842 se
2595 799 2879 844 ornantem
2912 793 3180 859 vestibus,
3211 804 3567 864 contemptum
3588 800 3757 865 gratias

2223 892 2489 950 agentem,
2526 896 2622 950 pro
2650 884 2916 950 germanis
2961 885 3146 939 amicis
3185 886 3420 952 pericula
3467 888 3755 953 adeuntem,

2223 970 2495 1025 daemones
2519 982 2796 1041 expertum
2829 974 2945 1041 plus
2972 991 3130 1044 quam
3159 977 3355 1032 millies
3375 1019 3390 1040 ,
3426 978 3553 1032 adeo
3577 990 3629 1031 ut
3650 995 3757 1047 quo-

2222 1058 2343 1111 dam
2386 1061 2471 1114 die
2509 1076 2629 1114 cum
2662 1078 2727 1116 eo
2756 1063 2966 1118 dmmnn
2998 1076 3183 1133 pactus
3206 1069 3275 1119 sit
3299 1108 3313 1133 ,
3344 1077 3397 1121 et
3426 1068 3649 1123 dixerit:
3673 1069 3760 1122 Pa-

2223 1149 2424 1204 ciscere
2473 1167 2678 1207 mecum
2731 1165 2780 1207 te
2830 1157 2911 1208 vel
2942 1157 3107 1210 semel
3152 1170 3522 1227 peccaturum,
3551 1171 3598 1212 et
3624 1176 3757 1227 quam

2222 1242 2350 1293 mihi
2382 1242 2431 1294 in
2463 1244 2559 1296 hac
2588 1244 2692 1297 vita
2717 1245 2916 1298 dixeris
2941 1289 2956 1310 ,
2990 1249 3069 1301 vel
3121 1250 3351 1304 nobilem
3378 1296 3391 1316 ,
3440 1253 3518 1305 vel
3569 1252 3759 1307 divitem

2221 1332 2429 1383 eamad
2455 1343 2506 1386 te
2535 1333 2815 1389 adducam.
2851 1338 2910 1388 Et
2954 1353 3137 1392 rursus
3175 1354 3294 1393 cum
3338 1343 3616 1410 aliquando
3654 1361 3763 1409 qna-

2222 1422 2517 1475 tuordecim
2588 1437 2771 1478 noctes
2833 1440 2952 1479 cum
2998 1443 3064 1481 eo
3113 1431 3505 1499 depugnasset,
3559 1441 3613 1487 ut
3656 1434 3764 1488 mihi

2222 1515 2479 1577 ttarravit,
2510 1522 2563 1567 et
2594 1524 2750 1567 not-tu
2786 1518 2919 1582 pede
2951 1519 3224 1582 traxisset,
3250 1522 3421 1588 ipsum
3464 1532 3547 1575 est
3584 1522 3759 1577 allocu-

2223 1609 2328 1667 tus,
2376 1602 2598 1658 dicens:
2625 1606 2740 1661 Noli
2772 1609 2995 1663 adorare
3035 1609 3340 1678 Christum,
3394 1622 3448 1667 et
3497 1614 3560 1667 ad
3593 1623 3639 1668 te
3676 1629 3762 1670 non

2222 1693 2491 1745 accedam.
2525 1696 2569 1747 Is
2597 1699 2944 1761 reSpondens,
2978 1699 3114 1753 dixit
3143 1718 3156 1753 :
3192 1701 3479 1769 Propterea
3512 1720 3631 1757 eum
3656 1707 3763 1758 ado-

2223 1801 2305 1849 ro,
2333 1798 2383 1839 et
2413 1787 2885 1844 innumerabilibus
2912 1790 3408 1860 amplius'partihus
3438 1796 3730 1864 glorificabn
3750 1840 3763 1865 ,

537 1880 733 1950 frigore
756 1885 923 1937 euecti
955 1898 1156 1937 sumus.
1196 1886 1377 1939 Tertio
1407 1898 1583 1940 autem
1611 1902 1766 1941 coeno
1787 1888 1850 1939 ad
1877 1889 2112 1942 lumbum
2149 1877 2192 1935 Β
2218 1886 2272 1930 et
2296 1879 2491 1946 sepius
2517 1881 2683 1935 orabo
2702 1922 2716 1946 ,
2749 1886 2996 1950 quoniam
3028 1886 3143 1952 ejus
3173 1888 3343 1938 cultus
3366 1898 3418 1939 te
3443 1888 3581 1940 male
3609 1890 3764 1943 habet.

536 1986 703 2037 usque
749 1972 1087 2037 iuha‘siums,
1122 1984 1175 2028 et
1207 1991 1309 2027 non
1351 1985 1468 2029 erat
1497 1977 1584 2045 qui
1629 1978 1897 2045 eriperet;
1939 1989 1991 2031 et
2021 1980 2115 2029 has

536 2057 676 2114 brati
722 2062 881 2115 David
917 2078 1074 2117 voces
1103 2066 1523 2120 exclamavimus
1550 2087 1562 2119 :
1591 2070 1813 2122 Salvum
1870 2084 1955 2121 me
1998 2066 2112 2131 fac,

539 2150 765 2205 Domine
795 2152 957 2215 Deus,
986 2154 1231 2221 quoniam
1269 2155 1521 2224 ingressu:
1544 2168 1663 2211 sunt
1687 2172 1837 2223 aquae
1860 2172 2025 2224 usque
2048 2158 2114 2211 ad

535 2244 785 2295 auimam-
813 2258 1004 2299 meant.
1041 2245 1235 2298 lntixus
1262 2262 1377 2299 smn
1425 2248 1477 2301 in
1527 2248 1691 2302 lutmn
1744 2250 1989 2316 profundi
2014 2292 2026 2312 ,
2062 2260 2115 2303 et

536 2348 639 2385 non
685 2342 767 2387 est
819 2334 1113 2389 substantia
1145 2336 1314 2405 (Psal.
1350 2340 1575 2410 vam);
1622 2351 1713 2405 et,
1758 2342 1920 2395 Serva
1962 2358 2045 2397 me
2084 2358 2112 2395 a

480 2418 484 2420 Ἴ
536 2425 665 2489 luto,
690 2434 749 2478 ut
778 2441 844 2480 ne
876 2427 1083 2497 iniigar.
1111 2430 1365 2495 Quartum
1397 2441 1573 2486 autem
1606 2431 1704 2486 fuit
1736 2451 1887 2502 aquae
1927 2438 2106 2488 multi-

534 2519 659 2570 tudo
688 2534 807 2586 quae
834 2520 1042 2574 affluxit
1090 2537 1153 2575 ex
1188 2522 1285 2575 Nili
1335 2523 1703 2588 incremento,
1737 2542 1856 2578 cum
1889 2536 2115 2594 quatuor

531 2608 646 2661 dies
676 2624 765 2673 rer
806 2625 972 2679 aquas
1000 2612 1395 2668 ambularemus
1428 2632 1441 2669 :
1471 2624 1525 2669 et
1554 2614 1606 2669 in
1636 2615 1789 2669 ostiis
1830 2632 2113 2685 propemo-

531 2698 659 2751 dum
705 2701 927 2755 obrutis.
958 2701 1106 2755 Tunc
1154 2704 1541 2771 clamavimus,
1586 2705 1965 2762 dicentesch
2016 2724 2114 2762 nos

532 2787 805 2856 demergat
838 2798 1125 2858 tempestas
1148 2809 1323 2861 aqua},
1358 2811 1455 2850 nec
1496 2812 1581 2851 me
1625 2798 1845 2852 devoret
1896 2799 2115 2868 profun-

512 2875 657 2956 _dum
690 2876 862 2946 (Psal.
890 2884 1096 2949 vam).
1134 2883 1329 2950 Quinto
1358 2896 1532 2938 autem
1560 2886 1842 2941 inridimus
1875 2889 1927 2942 in
1952 2890 2115 2943 latro-

532 2984 624 3022 nes
654 2968 705 3022 in
739 2970 918 3026 littore
950 2975 1109 3025 maris
1138 3015 1150 3035 ,
1197 2976 1470 3030 venientes
1502 2977 1552 3030 in
1599 2977 1818 3033 Diolcou
1848 2997 1859 3032 :
1895 2982 1984 3049 qui
2016 2997 2114 3034 nos

533 3059 693 3111 etiam
725 3075 961 3131 eousque
989 3072 1114 3117 sunt
1147 3069 1447 3134 persecuti,
1477 3069 1718 3123 volentes
1754 3072 2113 3137 compreheu'

536 3152 695 3215 dere,
730 3153 899 3207 donec
927 3155 1081 3209 nobis
1114 3172 1307 3223 parvus
1340 3160 1731 3228 relinqueretur
1770 3162 2019 3231 spiritus,
2052 3173 2114 3216 ut

2222 1965 2276 2016 In
2303 1978 2511 2021 centum
2544 1978 2599 2023 et
2624 1985 2714 2024 sex
2750 1972 2897 2026 venit
2939 1974 3184 2028 civitates
3210 2017 3224 2040 ,
3269 1984 3324 2027 et
3357 1977 3408 2029 iu
3442 1977 3678 2043 plurimis
3702 1987 3769 2032 est

2216 2058 2375 2110 eiam
2404 2060 2585 2128 aliquo
2612 2070 2851 2131 tempore
2884 2074 3149 2120 versatus.
3183 2065 3421 2119 Mulieris
3448 2068 3648 2121 nullam
3686 2068 3766 2120 ba-

2218 2147 2327 2201 buit
2360 2153 2740 2217 experientiam
2768 2194 2783 2217 ,
2828 2170 2893 2209 ne
2933 2156 2985 2209 in
3016 2158 3218 2210 somnis
3247 2157 3461 2227 quidem
3488 2200 3505 2223 ,
3537 2160 3640 2213 nisi
3665 2160 3703 2213 si
3726 2174 3771 2213 se

2217 2241 2508 2294 somniaret
2537 2257 2565 2294 a
2606 2242 2852 2298 daemone
2897 2243 3269 2299 fornicationis
3314 2252 3631 2317 oppugnari.
3679 2250 3769 2302 Ter

2215 2345 2337 2384 eum
2384 2333 2504 2386 novi
2546 2333 2679 2387 cibis
2724 2337 3046 2406 indigentem
3098 2341 3369 2394 esculenta
3414 2343 3688 2411 accepisse
3717 2343 3770 2394 ab

2216 2424 2424 2491 angelo.
2455 2426 2695 2490 Quodam
2722 2427 2809 2482 die
2836 2443 2956 2482 cum
3002 2431 3052 2483 in
3089 2441 3334 2490 extrema
3384 2435 3672 2489 solitudine
3716 2448 3769 2488 ne

2218 2515 2407 2569 micam
2435 2519 2645 2586 quidem
2679 2520 2931 2585 haberet,
2980 2524 3183 2577 invenit
3230 2525 3282 2578 in
3333 2525 3466 2593 pelle
3501 2527 3653 2579 ovina
3680 2537 3770 2579 tres

2219 2622 2384 2674 panes
2415 2610 2616 2664 calidos
2651 2612 3019 2678 paxamidios;
3049 2615 3335 2681 aliquando
3385 2633 3574 2669 rursus
3619 2620 3771 2669 vinum

2216 2705 2269 2749 et
2295 2698 2825 2768 panetn;aliquando
2856 2717 3041 2756 rursus
3113 2701 3260 2756 venit
3328 2699 3395 2755 ad
3456 2714 3589 2754 eum
3646 2712 3764 2761 vox.

2216 2788 2397 2844 dicens
2422 2808 2433 2842 :
2460 2790 2591 2845 Novi
2620 2791 2710 2845 tibi
2736 2792 2929 2846 deesse
2953 2793 3133 2857 cibos;
3160 2794 3292 2847 vade
3331 2806 3385 2847 et
3425 2797 3613 2862 accipe
3633 2797 3692 2848 ab
3719 2795 3771 2847 Ν.

2219 2876 2312 2931 illo
2337 2878 2552 2931 homine
2574 2878 2900 2935 frumentum
2931 2890 2985 2935 et
3011 2882 3208 2936 oleum.
3240 2883 3370 2937 Cum
3401 2898 3539 2952 ergo
3565 2885 3771 2938 venisset

2218 2968 2282 3022 ad
2314 2969 2458 3023 illum
2489 2970 2552 3023 ad
2585 2985 2741 3039 quem
2768 2973 2963 3025 ntissus
2993 2973 3191 3037 fuerat,
3220 2974 3264 3026 is
3294 2976 3390 3043 ipsi
3424 2975 3601 3031 dixit:
3629 2975 3696 3028 Tu
3720 2989 3772 3028 es

2218 3059 2308 3114 ille
2336 3061 2669 3114 monachus?
2715 3062 2850 3115 Tum
2900 3064 3027 3117 ille:
3060 3064 3154 3125 Ita.
3199 3078 3315 3118 sum
3354 3065 3398 3119 is
3443 3082 3605 3133 quem
3641 3066 3771 3119 dicis.

2219 3151 2454 3221 Subjecit
2482 3154 2617 3206 alter
2644 3170 2655 3205 :
2688 3152 3078 3208 Paterfamilias
3104 3155 3262 3225 jussit
3299 3157 3519 3224 quidem
3562 3167 3615 3211 te
3650 3158 3773 3211 acci-

531 3242 621 3310 qni
655 3258 751 3296 nos
781 3244 959 3298 decies
991 3248 1133 3300 mille
1166 3262 1353 3313 passus
1400 3259 1585 3303 essent
1630 3254 1915 3318 persecuti.
1947 3254 2111 3307 Sexto

2220 3257 2343 3311 pere
2373 3242 2584 3311 triginta
2609 3244 2816 3298 modios
2841 3245 3115 3310 frumenti,
3140 3255 3194 3300 et
3220 3247 3504 3301 duodecim
3530 3247 3772 3302 sextarios

530 3342 740 3401 autem,
787 3334 960 3388 Nilum
1015 3340 1365 3405 navigantes,
1401 3342 1783 3409 propemodum
1831 3344 2004 3397 eversi
2051 3360 2114 3399 ac

530 3422 793 3477 submersi
854 3439 1061 3479 sumus.
1112 3428 1408 3496 Septimum
1444 3430 1572 3494 fuit,
1604 3431 1814 3497 quando
1842 3434 1893 3486 in
1922 3433 2115 3502 palude

532 3514 853 3579 Mareotide,
901 3518 986 3573 ubi
1035 3520 1220 3574 charta
1272 3524 1527 3586 nascitur,
1581 3523 1773 3592 abiecti
1821 3540 2009 3580 sumus
2061 3528 2112 3581 in

529 3611 811 3674 quannlam
846 3625 1064 3677 parVam
1097 3612 1321 3666 insulam
1348 3612 1651 3678 desertam;
1693 3623 1746 3668 et
1779 3626 1887 3670 tres
1931 3629 2113 3671 noctes

529 3708 583 3752 et
611 3702 725 3753 dies
750 3702 847 3753 sub
872 3701 959 3755 dio
989 3705 1303 3770 mansimus,
1326 3720 1520 3775 magno
1545 3705 1745 3775 frigore
1774 3717 1828 3762 et
1858 3708 2114 3763 imbribus

530 3797 684 3850 nobis
704 3795 1123 3864 imminentibus,
1145 3810 1260 3854 erat
1280 3802 1422 3855 enim
1442 3810 1652 3871 tempus
1671 3803 2109 3872 Epiphaniorum.

528 3893 782 3947 Octavum
816 3904 991 3948 autem
1027 3912 1488 3962 supervacaneum
1519 3897 1732 3965 quidem
1760 3909 1841 3952 est
1870 3914 2110 3961 narrare,

528 3987 620 4038 sed
649 3994 826 4039 tamen
857 3998 937 4040 est
967 3989 1125 4052 utile;
1165 4005 1286 4043 nam
1316 4005 1434 4042 cum
1465 4006 1562 4043 nos
1593 4007 1690 4060 per
1722 3994 2005 4060 quemdam
2035 3996 2109 4045 lo-

526 4090 647 4129 cum
678 4078 1012 4131 venissemus
1039 4080 1272 4143 Nitreas,
1295 4090 1408 4134 erat
1434 4081 1485 4133 in
1511 4097 1571 4133 ea
1603 4084 1820 4149 regione
1847 4084 2110 4151 quoddam

530 4183 782 4237 magnum
814 4185 1107 4224 concavum
1138 4211 1151 4233 ,
1182 4171 1232 4225 in
1266 4187 1370 4241 quo
1401 4174 1550 4226 multi
1593 4186 1965 4228 remanserant
1995 4192 2112 4230 cro-

526 4260 685 4314 codili
712 4303 726 4326 ,
759 4277 878 4316 cum
922 4277 1053 4331 aqua
1102 4265 1412 4318 recessisset
1442 4280 1507 4319 ex
1554 4266 1715 4333 agris.
1746 4266 1937 4320 Tribus
1985 4285 2113 4338 ergo

526 4355 809 4407 crocodilis
842 4371 889 4407 in
925 4354 1163 4419 margine
1193 4356 1347 4409 fossa:
1375 4358 1643 4419 extensis,
1673 4360 1999 4411 accessimus
2033 4361 2114 4412 vi-

528 4442 636 4494 suri
666 4442 865 4495 belluas
889 4486 901 4509 ,
937 4452 1183 4509 putantes
1215 4458 1306 4497 eas
1334 4460 1453 4498 esse
1483 4454 1722 4497 mortuas
1746 4485 1759 4509 ,
1796 4446 1899 4499 illa:
1931 4457 2109 4501 autem

527 4532 704 4585 statim
738 4534 791 4585 in
830 4547 927 4585 nos
980 4535 1268 4587 irruerunt.
1306 4535 1470 4589 Nobis
1512 4546 1688 4588 autem
1744 4551 1931 4605 magna
1982 4553 2110 4592 voce

2217 3335 2343 3388 olei.
2382 3335 2454 3389 De
2483 3350 2548 3389 eo
2570 3344 2757 3403 potero
2778 3334 2993 3403 gloriari
3020 3350 3081 3389 ac
3105 3336 3395 3405 praedicare
3415 3338 3593 3407 qualis
3614 3349 3767 3397 esset;

2217 3445 2374 3499 quem
2408 3430 2529 3484 novi
2552 3446 2693 3495 saepe
2722 3430 2844 3485 esse
2866 3430 3216 3499 lacrymatum
3245 3439 3460 3499 propter
3486 3447 3582 3485 eos
3608 3431 3691 3499 qui
3711 3444 3764 3483 ex

2218 3523 2539 3576 necessitate
2568 3520 2884 3576 laborabant
2908 3522 3118 3589 inopia;
3151 3522 3420 3589 praebebat
3442 3536 3576 3591 ergo
3596 3521 3639 3577 si
3661 3519 3769 3589 quid

2218 3612 2467 3677 habebat,
2499 3628 2596 3666 suo
2623 3628 2847 3680 corpore
2876 3620 3127 3681 excepto.
3162 3613 3289 3668 Novi
3318 3614 3480 3668 etiam
3525 3629 3643 3669 eum
3673 3626 3775 3667 esse

2219 3706 2567 3775 Iacrymalum
2595 3716 2812 3773 propter
2838 3720 2961 3759 eum
2991 3705 3078 3774 qui
3104 3705 3373 3759 ceciderat
3397 3707 3448 3758 in
3482 3716 3712 3773 peccata,
3731 3710 3777 3755 et

2217 3812 2339 3851 eum
2363 3798 2450 3864 qui
2480 3797 2747 3851 ceciderat
2791 3795 3081 3850 adduxisse
3128 3796 3378 3863 lacrymis
3429 3797 3497 3849 ad
3540 3798 3775 3865 poeniten-

2220 3890 2364 3940 tiam.
2394 3886 2440 3940 Is
2471 3886 2597 3940 mihi
2627 3886 2914 3954 aliquando
2942 3887 3041 3939 hoc
3082 3886 3317 3939 narravit
3346 3901 3361 3938 :
3396 3885 3563 3938 Deum
3585 3884 3773 3954 rogavi,

2220 3992 2274 4034 ut.
2293 3981 2559 4035 neminem
2580 3992 2983 4049 compungcret,
3010 3982 3315 4035 maximeex
3332 3980 3591 4036 leilibJS
3613 3992 3663 4035 et
3680 3982 3771 4034 im-

2220 4072 2422 4139 probis,
2457 4082 2514 4125 ut
2544 4074 2670 4126 mihi
2705 4072 2903 4141 aliquid
2927 4073 3116 4129 darent
3146 4072 3285 4142 quod
3329 4082 3474 4127 esset
3519 4074 3587 4128 ad
3628 4086 3769 4127 usum

2220 4166 2609 4217 necessarium.

2292 4254 2416 4308 Mihi
2441 4264 2615 4307 autem
2651 4257 2750 4309 hoc
2776 4232 2996 4318 sufﬁcit:
3026 4253 3164 4323 quod
3194 4255 3383 4323 dignus
3412 4254 3511 4308 sim
3548 4252 3778 4311 habitus.

2215 4347 2302 4414 qui
2333 4345 2518 4398 horum
2548 4346 2785 4399 omnium
2836 4345 3192 4400 meminissem
3224 4361 3341 4413 quae
3385 4345 3599 4413 scriptis
3644 4359 3776 4396 inatt-

2216 4438 2356 4491 davi.
2392 4438 2504 4492 Non
2535 4440 2676 4493 enim
2709 4440 2828 4492 sine
2855 4439 2945 4492 Dei
2981 4440 3195 4491 muuine
3229 4440 3329 4491 hoc
3360 4439 3554 4491 factum
3585 4447 3664 4492 est
3688 4477 3701 4498 ,
3729 4443 3780 4488 ut

2218 4545 2368 4582 mens
2402 4539 2489 4582 tua
2520 4537 2824 4583 moveretur
2849 4538 2906 4582 ut
2929 4529 3143 4597 juberes
3168 4544 3254 4583 me
3283 4530 3423 4582 hunc
3444 4528 3636 4582 librum
3659 4527 3774 4580 scri-

530 4623 810 4677 Dominum
845 4626 1257 4689 nominantibus,
1294 4627 1525 4692 ChriSte,
1557 4627 1747 4696 adjuva
1780 4644 1897 4692 nos,
1931 4630 2110 4684 statim

2222 4622 2363 4682 here,
2395 4620 2625 4686 scriptis,
2658 4620 2892 4689 inquatn,
2930 4619 3140 4673 tradere
3170 4621 3329 4673 vitam
3362 4620 3551 4673 horum
3583 4629 3779 4672 sancto-

529 4712 721 4767 hclluze
750 4722 998 4783 tanquam
1032 4715 1099 4769 ab
1123 4714 1313 4783 angelo
1343 4732 1571 4781 aversa‘,
1604 4719 1808 4785 seipsas
1837 4720 1890 4773 in
1916 4736 2111 4790 aquam

528 4814 651 4859 sunt
674 4805 939 4873 jaculatae.
973 4806 1078 4860 Nos
1106 4816 1285 4864 autem
1315 4807 1523 4861 Nitreas
1555 4824 1748 4879 magno
1783 4825 1945 4864 cursu
1982 4826 2111 4865 con-

531 4898 824 4963 tendimus,
858 4899 1001 4953 illam
1045 4915 1228 4954 vocem
1271 4899 1370 4954 Job
1416 4901 1735 4956 meditantes
1761 4944 1776 4968 ,
1823 4902 1911 4957 ubi
1944 4904 2112 4958 dicit:

529 4989 738 5057 Septies
764 5006 828 5043 ex
861 4992 1270 5045 necessitatibus
1303 4992 1548 5045 liberabit
1581 5002 1659 5057 te;
1693 4992 1745 5045 in
1779 5000 1969 5047 octavo
2012 5009 2112 5047 au-

530 5092 634 5136 tem
665 5093 715 5135 te
744 5098 848 5137 non
876 5082 1098 5152 attinget
1118 5085 1315 5137 malmn
1349 5084 1468 5155 (Job
1487 5084 1564 5155 v).
1595 5085 1703 5139 Deo
1734 5100 1861 5154 ergo
1892 5086 2108 5156 agimus

530 5182 725 5237 granas
753 5174 841 5242 qui
873 5189 971 5228 nos
1012 5190 1073 5228 ex
1108 5183 1186 5228 tot
1229 5174 1472 5229 liberavit
1515 5176 1769 5245 periculis
1856 5188 1910 5229 et
1959 5178 2113 5231 nobis

535 5280 721 5331 magna
750 5264 985 5319 ostendit
1010 5267 1331 5334 spectacula.

1123 5357 1350 5412 CAPUT
1388 5357 1518 5413 CLI.

737 5443 854 5499 Vita
886 5446 1058 5515 fratris
1090 5447 1238 5516 (220)
1263 5450 1349 5517 qui
1374 5465 1489 5500 cum
1515 5464 1572 5501 eo
1602 5448 1915 5502 versabarur.

603 5537 733 5589 Cum
765 5551 891 5605 ergo
920 5552 1081 5604 pauca
1107 5538 1298 5590 dixero
1327 5538 1393 5591 de
1422 5539 1605 5601 fratre,
1635 5539 1724 5607 qui
1759 5554 1969 5591 mecum
1998 5553 2114 5592 ver-

535 5633 680 5677 eatur
726 5642 754 5680 a
796 5624 1073 5694 juventute
1127 5640 1293 5695 asilue
1341 5626 1392 5680 iu
1446 5626 1760 5681 hodiermnn
1810 5628 1994 5692 diem,
2031 5628 2116 5680 hic

535 5713 785 5783 deinceps
813 5716 970 5769 finem
998 5719 1265 5785 imponam
1298 5718 1553 5773 orationi.
1589 5720 1722 5774 Eunt
1756 5734 1855 5789 ego
1882 5720 2111 5787 cognovi

542 5804 700 5875 longo
729 5816 988 5874 tempore,
1014 5823 1131 5864 cum
1164 5810 1495 5878 comederet,
1519 5813 1661 5866 omni
1685 5811 1819 5882 gula:
1838 5810 2118 5866 affectione

2221 4727 2335 4765 rum
2368 4719 2421 4763 ct
2444 4712 2716 4765 beatorum
2750 4712 2979 4772 Patrum.

2290 4802 2367 4857 Tu
2400 4812 2576 4856 autem
2602 4844 2619 4869 ,
2651 4804 2956 4857 fidelissime
2987 4801 3182 4856 Christi
3227 4816 3381 4855 serve
3408 4816 3468 4854 ac
3498 4796 3781 4853 venerande

2220 4895 2413 4958 Lause,
2443 4905 2493 4950 et
2520 4904 2679 4961 caput
2701 4894 2829 4947 mihi
2854 4894 3234 4947 amicissimum
3258 4905 3311 4946 et
3338 4892 3565 4945 maxime
3593 4903 3785 4960 germa-

2222 5002 2370 5052 num,
2406 4987 2545 5040 hunc
2574 4985 2768 5040 librum
2804 4986 3036 5040 libenter
3068 4985 3272 5053 legens,
3302 4997 3541 5052 magnam
3576 4992 3678 5034 tua;
3699 4980 3782 5031 im-

2222 5077 2432 5130 mortali
2475 5076 2670 5129 animm
2702 5075 2967 5144 pra-bebis
2998 5074 3297 5136 utilitatem,
3338 5075 3385 5126 in
3410 5073 3673 5140 justorum
3706 5083 3781 5122 re-

2222 5168 2575 5230 surrectione,
2602 5167 2919 5234 inclytorum
2951 5174 3108 5219 recta:
3136 5165 3255 5216 vitae
3284 5164 3600 5215 athletarum
3636 5157 3778 5211 insti-

2222 5272 2353 5324 tuta,
2388 5262 2616 5324 labores,
2642 5270 2697 5313 ct
2728 5267 2926 5313 tantam
2962 5258 3313 5319 tolerantiam,
3340 5256 3559 5322 vitaeque
3580 5252 3779 5305 duriter

2221 5363 2352 5408 actae
2384 5352 2690 5422 patientiam
2723 5362 2901 5406 mente
2930 5351 3310 5417 complectens.
3339 5344 3692 5413 Quamobrem
3720 5354 3777 5394 ea

2226 5452 2471 5515 prompto
2496 5455 2547 5497 et
2577 5443 2735 5496 alacri
2769 5443 2949 5495 animo
2978 5455 3221 5507 sequere,
3248 5439 3385 5492 bona
3415 5447 3468 5491 et
3490 5440 3781 5499 incorrupta

2226 5552 2322 5606 spe
2354 5536 2608 5599 nutritus,
2638 5549 2850 5602 semper
2882 5544 3025 5586 retro
3056 5531 3241 5584 videns
3271 5530 3386 5583 dies
3408 5530 3492 5598 qui
3520 5534 3641 5578 ante
3670 5531 3783 5575 Sttnl

2227 5628 2539 5691 breviores;
2572 5636 2623 5680 et
2654 5641 2747 5679 ora
2780 5639 2877 5693 pro
2908 5638 3014 5691 me,
3050 5621 3275 5690 teipsum
3304 5632 3621 5675 conservans
3658 5615 3784 5669 alie-

2229 5734 2352 5771 nmn
2382 5732 2412 5771 a
2444 5716 2863 5786 reprehensione
2894 5724 2947 5769 et
2983 5711 3287 5768 custodiens
3317 5713 3567 5780 integrum
3618 5722 3635 5759 :
3665 5721 3784 5775 qna-

2230 5811 2331 5863 letn
2364 5815 2415 5862 te
2444 5808 2567 5862 novi
2612 5816 2665 5863 et
2711 5807 2870 5861 habui
2890 5848 2904 5873 ,
2936 5820 2964 5859 a
2996 5804 3273 5860 consulatu
3303 5801 3505 5857 Tatiani
3534 5813 3700 5868 usque
3740 5798 3783 5847 iu
