4028 6434
341 376 481 443 1257

1573 369 1938 432 HISTORIA
1981 365 2376 426 LAUSIACA.

3469 365 3608 430 1258

341 491 544 545 στόλων
600 489 940 555 ἐπετέλεσεν,
979 487 1150 541 ταῦτα
1200 487 1292 540 καὶ
1340 485 1434 538 νῦν
1480 483 1731 538 διατελεῖ.
1776 482 1915 532 Ἀλλ’
1949 483 1993 537 Α
2022 475 2416 546 νηστεύσαντα,
2443 478 2761 546 νικήσαντα.
2787 477 2861 540 ὡς
2889 475 3115 544 νομίζω,
3141 475 3312 538 πάθος
3343 475 3612 547 φιλαργυ-

342 575 534 646 ἐπειδὴ
557 575 802 637 κίνδυνος
828 570 895 642 ἦν
926 575 982 625 ἐν
1000 575 1132 643 ἡμῖν
1164 571 1440 642 μέγιστος,
1473 567 1783 639 περαιτέρω
1826 567 1926 635 τῆς

339 659 506 713 Λυκῶ
561 657 827 718 ἀνελθεῖν,
857 656 946 709 διὰ
999 657 1098 726 τὴν
1147 655 1256 707 τῶν
1311 652 1526 724 λῃστῶν
1567 651 1785 718 ἔφοδον,
1828 649 1928 700 οὑκ

344 742 724 812 ἐτολμήσαμεν
771 742 895 803 τοὺς
930 741 1119 806 ἁγίους
1159 738 1400 800 ἐκείνους
1453 735 1603 788 ίδεῖν.
1634 734 1768 786 Οὐδὲ
1818 732 1928 801 γὰρ

342 827 468 889 τοὺς
497 824 884 896 ’πορρηθέντας
929 823 1178 894 Πατέρας
1237 821 1533 883 ἀκινδύνως
1578 819 1779 886 ἴδομεν,
1819 816 1927 870 οὐδ’

343 909 558 972 ἀπόνως
584 909 702 961 οὑδέ
750 908 958 976 ἀκμητὶ
1012 906 1110 969 τὰς
1153 905 1306 974 ἱεράς
1333 904 1536 965 ταύτας
1562 902 1886 970 ἑωράκαμεν
1912 917 1927 933 ⁶

342 992 480 1044 ἀλλά
510 993 680 1045 πολλὰ
709 991 1104 1060 προπαθόντες,
1141 991 1237 1042 καί⁹
1272 987 1470 1058 μικροῦ
1508 989 1617 1040 δεῖν
1647 987 1928 1040 κινδυνεύ-

346 1092 560 1138 σαντες,
593 1077 750 1145 μόγις
776 1075 1192 1144 κατηξιώθημεν
1213 1072 1385 1127 ταῦτα
1399 1073 1713 1125 θεάσασθαι.
1737 1072 1930 1123 Ἕϐδο-

346 1175 448 1226 μον
474 1159 581 1226 γάρ
620 1157 832 1226 θανάτῳ
866 1159 1297 1228 περιεπέσαμεν,
1333 1159 1389 1208 ἐν
1442 1156 1498 1209 δὲ
1527 1157 1603 1226 τῷ
1635 1157 1807 1224 ὀγδόῳ
1833 1158 1930 1226 οὑχ

344 1241 523 1311 ἥψατο
554 1241 709 1310 ήμῶν
737 1241 927 1306 κακὸν,
960 1242 1054 1294 τοῦ
1095 1241 1231 1294 Θεοῦ
1277 1241 1509 1294 πάντοτε
1539 1242 1686 1310 ἡμᾶς
1733 1241 1930 1294 διασώ-

349 1343 564 1388 σαντος.
593 1326 777 1389 ’Ἃπαξ
809 1326 908 1396 μὲν
939 1325 1048 1395 γὰρ
1078 1325 1224 1394 λιμῷ
1271 1328 1366 1379 καὶ
1395 1325 1538 1394 δίψει
1573 1326 1735 1378 πέντε
1770 1326 1932 1393 νυχθο

346 1411 534 1478 ήμερα
571 1410 656 1462 διὰ
688 1411 785 1478 τῆς
813 1411 1024 1482 ἐρήμου
1054 1411 1553 1480 περιπατήσαντες,
1593 1409 1792 1481 μικροῦ
1823 1410 1930 1461 δεῖν

349 1495 854 1566 ἐλιποψυχήσαμεν.
893 1496 1116 1548 Ἀλλοτε
1165 1495 1220 1547 δὲ
1264 1494 1411 1562 ὀξέσι
1443 1498 1537 1549 καὶ
1563 1498 1792 1566 παχέσιν
1819 1495 1933 1548 ἐλε-

352 1595 436 1629 σιν
471 1579 822 1646 ἐμπεσόντες,
855 1579 950 1633 καὶ
983 1581 1109 1642 τοὺς
1149 1580 1316 1643 πόδας
1365 1579 1574 1633 ἑαυτῶν
1605 1579 1933 1649 διατρήσαν-

348 1678 462 1723 τες,
499 1661 574 1724 ὡς
621 1664 981 1726 ἁνυποίστους
1028 1663 1281 1730 γενέσθαι
1339 1664 1436 1726 τὰς
1478 1662 1798 1733 ἀλγηδόνας,
1847 1680 1934 1732 μι-

350 1743 487 1814 κροῦ
526 1744 634 1797 δεῖν
664 1745 1042 1814 ἀπεψύξαμεν.
1080 1746 1274 1815 Τρίτον
1304 1745 1381 1807 δὲ,
1436 1746 1718 1817 βορϐόροις
1770 1748 1933 1798 ἐνεπ-

350 1826 459 1897 άγη
470 1845 568 1896 μεν
593 1827 752 1898 ἄχρις
774 1830 997 1898 ὀσφύος,
1026 1830 1116 1882 καὶ
1144 1832 1244 1882 οὑκ
1263 1825 1330 1900 ἦν
1356 1832 1383 1882 ὁ
1411 1831 1693 1900 ῥυόμενος⁸
1719 1833 1814 1882 καὶ
1841 1832 1939 1893 τὰς
1973 1837 2010 1892 Β

349 1911 446 1964 τοῦ
478 1914 749 1984 μακαρίου
787 1915 952 1966 Δαϐὶδ
979 1915 1292 1983 ἀνεϐοῶμεν
1320 1915 1524 1981 φωνάς’
1556 1912 1767 1967 Σῶσόν
1784 1932 1882 1984 με,
1905 1919 1937 1970 d

355 1998 520 2063 Θεὸς,
568 1997 656 2051 ὅτι
699 2001 1080 2056 εἰσήλθοοάν
1126 2000 1316 2052 ὕδατα
1353 2000 1462 2064 ἕως
1509 1998 1716 2068 ψυχῆς
1777 2018 1936 2069 μουο

349 2085 656 2154 ἐνεπάγην
689 2091 774 2151 εἰς
801 2086 1174 2152 ἰλὺν-βυθοῦ,
1212 2087 1310 2141 καὶ
1332 2090 1442 2139 οὐκ
1469 2088 1640 2139 ἔστιν
1673 2088 1938 2141 ὑπόστα-

352 2187 475 2234 σις.
503 2173 610 2224 Καί
635 2189 649 2204 ·
683 2171 984 2240 Σῶσόνμε
1013 2173 1131 2226 ἀπὸ
1171 2172 1390 2237 πηλοῦ,
1427 2173 1526 2224 ἵνα
1556 2172 1640 2240 μὴ
1675 2173 1938 2241 ἐμπαγῶ.

353 2257 630 2328 Τέταρτον
657 2255 724 2326 ἦν
745 2259 803 2311 τὸ
832 2259 941 2312 τῶν
968 2259 1174 2312 ὑδάτων
1219 2258 1423 2327 πλῆθος
1450 2259 1714 2330 ἐπιρῤυὲν
1749 2261 1810 2311 ἐκ
1841 2260 1941 2325 τῆς

351 2343 448 2397 τοῦ
479 2343 674 2397 Νείλου
711 2343 1014 2412 αὐξήσεως,
1045 2345 1138 2396 ἐπὶ
1187 2345 1336 2414 τρεῖς
1385 2343 1596 2413 ὴμέρας
1642 2344 1711 2396 δι’
1734 2343 1942 2397 ὑδάτων

355 2429 737 2499 πορευόμενοι,
769 2429 864 2482 καὶ
899 2430 957 2481 ἐν
985 2429 1099 2492 τοῖς
1131 2427 1377 2496 στομίοις
1407 2426 1606 2497 μικροῦ
1631 2428 1742 2481 δεῖν
1775 2447 1944 2482 καταοι

354 2512 690 2567 κλυσθεῖσιν.
737 2514 868 2565 Τότε
905 2512 1150 2574 ἐϐοῶμεν
1189 2511 1440 2580 λέγοντες
1469 2527 1482 2541 ·
1527 2513 1624 2574 Μή
1650 2530 1726 2579 με
1770 2531 1944 2568 κατα-

355 2597 701 2651 ποντισάτω
729 2597 1000 2666 καταιγὶς
1045 2596 1266 2661 ὕδατος
1303 2596 1459 2666 μηδὲ
1503 2599 1837 2652 κτιταπιέτω
1868 2617 1944 2667 με

352 2682 573 2747 βυθός.
619 2682 882 2751 Πέμπτον
935 2682 1009 2746 δὲ,
1044 2681 1268 2754 λῃσταῖς
1341 2682 1752 2751 περιεπέσαμεν
1809 2687 1946 2736 κατὰ

356 2765 460 2834 τὴν
490 2763 785 2817 θαλασσίαν
827 2765 992 2834 δχθαν
1036 2765 1128 2818 ἐπὶ⁸
1159 2766 1259 2834 τὴν
1301 2767 1518 2818 Δίολκον
1581 2767 1903 2835 ἀφικόμενοι
1929 2785 1943 2799 '

357 2847 410 2898 οἳ
460 2847 590 2917 ἄχρι
627 2848 884 2901 τοσούτου
917 2849 1066 2917 ἡμᾶς
1101 2849 1438 2914 κατεδίωξαν
1468 2849 1797 2903 καταλαϐεῖν
1822 2850 1948 2919 βου-

357 2929 596 2999 λόμενοι,
628 2933 786 3001 ἄχρις
810 2932 875 2985 ἂν
920 2930 1018 3001 τὴν
1057 2931 1227 3003 πνοὴν
1264 2933 1420 3002 ήμῶν
1483 2933 1687 3004 μικρὰν
1728 2935 1948 2987 ὑπολει-

361 3013 584 3084 φθῆναι,
608 3016 684 3079 ὼς
712 3017 807 3069 ἐπὶ
838 3015 970 3068 δέκα
1001 3015 1150 3083 μίλια
1172 3015 1331 3086 ἡμῶν
1363 3017 1722 3086 διωχθέντων.
1751 3017 1950 3070 Ἕκτον

358 3101 440 3168 δὲ,
489 3101 580 3154 τὸν
619 3101 811 3154 Νεῖλον
851 3101 1136 3162 πλέοντες,
1194 3101 1389 3170 μικρὸν
1441 3101 1951 3171 κατεποντίσθημεν

359 3185 1131 3255 καταστραφέντες.Ἔϐδομον
1152 3181 1239 3256 ἦν,
1255 3186 1343 3237 ὅτε
1362 3187 1498 3238 κατᾶ
1521 3185 1617 3256 τὴν
1634 3185 1956 3256 Μαρεώτιδα

360 3266 561 3337 λίμνην
589 3268 716 3322 ἔνθα
734 3271 760 3321 ὁ
786 3268 987 3337 χάρτης
1017 3271 1293 3337 γεννᾶται,
1313 3271 1392 3331 εἰς
1423 3269 1583 3337 νῆσόν
1599 3287 1721 3324 τινα
1754 3271 1955 3340 μικρὰν

362 3353 752 3424 ἀπεῤῥίφημεν
793 3352 1018 3423 ἔρημον,
1041 3355 1134 3406 καὶ
1159 3355 1287 3424 τρία
1327 3354 1643 3425 νυχθήμερα
1678 3355 1956 3425 ὑπαίθριοι

363 3438 687 3507 ἐμείναμεν,
722 3439 923 3507 κρύους
960 3438 1196 3507 μεγάλου
1219 3441 1309 3492 καὶ
1333 3438 1555 3508 ὄμϐριον
1582 3441 1714 3508 ἡμῖν
1742 3440 1954 3490 ἐπικει-

366 3522 566 3592 μένωνο
586 3518 654 3593 ἦν
687 3524 796 3593 γὰρ
825 3524 852 3574 ὁ
891 3523 1082 3593 καιρὸς
1106 3522 1215 3574 τῶν
1244 3523 1602 3592 Ἐπιφανίων.
1655 3523 1742 3574 Ἐν
1772 3522 1826 3574 δὲ
1877 3523 1955 3587 τῷ

363 3606 559 3676 ὀγδόῳ,
599 3606 858 3676 περισσὸν
905 3609 1002 3676 μέν
1052 3607 1168 3658 ἐστι
1204 3607 1263 3658 τὸ
1303 3607 1570 3676 διήγημα,
1605 3608 1754 3675 ὅμως
1811 3607 1954 3675 ὠφέ-

363 3689 545 3759 λιμον.
578 3689 890 3758 ΙΙαριόντων
922 3689 1027 3759 γὰρ
1057 3688 1215 3757 ἡμῶν
1244 3689 1333 3742 διά
1355 3706 1498 3751 τινος
1520 3691 1686 3741 τόπου
1729 3691 1807 3752 είς
1857 3691 1955 3753 τὰς

365 3775 619 3841 Νιτρίας,
645 3775 830 3835 κοιλάς
849 3792 931 3834 τις
953 3768 1020 3841 ἦν
1044 3775 1184 3826 κατὰ
1205 3773 1303 3844 τὴν
1321 3772 1504 3844 χώραν
1531 3775 1741 3842 μεγάλη
1763 3771 1956 3836 ὕδατος

366 3859 614 3928 γέμουσα
643 3861 699 3910 ἐν
797 3860 1256 3929 ἐναπομείναντες
1283 3857 1616 3928 κροκόδειλοι
1644 3853 1786 3927 ἦσαν
1827 3859 1954 3910 πολ-

367 3943 472 4007 λοὶ,
498 3943 591 3996 τοῦ
619 3943 808 4008 ὓδατος
834 3946 896 3998 ἐκ
913 3945 1020 3998 τῶν
1052 3944 1244 4013 χωρῶν
1270 3943 1750 4012 ὑποχωρήσαντος.
1777 3941 1955 4012 Τριῶν

368 4026 464 4080 οὖν
496 4027 857 4098 κροκοδείλων
890 4029 982 4080 ἐπί
1006 4027 1067 4080 τὸ
1101 4028 1276 4098 χεῖλος
1303 4026 1398 4080 τοῦ
1424 4026 1616 4098 βόθρου
1652 4026 1955 4093 ἐκτεταμέ-

370 4127 501 4173 νων,
533 4112 870 4182 προσήειμεν
925 4114 1089 4180 ἡμεῖς
1149 4110 1408 4179 ὀψόμενοι
1451 4111 1519 4162 τὰ
1574 4111 1739 4181 θηρία
1800 4111 1954 4180 νομί-

373 4212 568 4258 σαντες
591 4197 730 4248 αὑτά
751 4195 1072 4267 τεθνηκέναι
1104 4211 1118 4225 ο
1145 4197 1215 4247 τά
1258 4195 1315 4246 δὲ
1348 4194 1511 4257 εὐθὺς
1541 4195 1624 4262 ἐφ’
1666 4197 1810 4266 ἡμᾶς
1845 4195 1955 4265 ὥρ-

376 4295 580 4349 μησαν.
617 4277 802 4349 Ἠμῶν
825 4281 878 4332 δὲ
907 4280 1118 4351 μεγάλῃ
1161 4281 1226 4349 τῇ
1260 4281 1408 4348 φωνῇ
1448 4279 1538 4330 τὸν
1573 4279 1774 4350 Κύριον
1835 4277 1955 4330 ὀνο-

377 4363 686 4431 μασάντων,
719 4364 920 4434 Χριστὲ
957 4363 1162 4433 βοήθει,
1198 4363 1358 4426 εὐθὺς
1377 4365 1425 4417 οί
1448 4363 1613 4432 θῆρες
1639 4363 1828 4432 ὥσπερ
1854 4364 1957 4416 ὑπὸ

375 4446 610 4514 ἀγγέλου
651 4447 1114 4516 ἀποστραφέντες,
1141 4448 1365 4508 ἑαυτοὺς
1419 4447 1497 4510 εἰς
1528 4449 1590 4499 τὸ
1621 4447 1765 4516 ὕδωρ
1797 4447 1956 4516 ἠκόν-

373 4550 533 4586 τισαν
566 4550 578 4564 ο
609 4535 767 4603 ἡμεῖς
794 4533 850 4584 δὲ
894 4533 1080 4602 δρόμῳ
1106 4533 1284 4600 συχνῷ
1319 4533 1411 4584 ἐπὶ
1449 4533 1546 4594 τάς
1576 4533 1808 4601 Νιτρίας
1852 4534 1960 4579 ἑσπ-
1996 4523 2036 4576 D

378 4617 740 4688 ἐληλύθαμεν,
773 4616 870 4687 τὴν
902 4615 996 4668 τοῦ
1057 4615 1179 4667 Ἰὼϐ
1220 4615 1403 4683 φωνὴν
1435 4615 1791 4683 μελετῶντες,
1833 4615 1959 4666 ἔνθα

378 4703 546 4773 φησίν
573 4717 586 4730 '
629 4700 904 4765 Ἑπτάκις
939 4701 1008 4764 ἐξ
1042 4698 1322 4767 ἀναγκῶν
1349 4699 1642 4763 ἐξελεῑταί
1667 4714 1760 4764 σε,
1795 4699 1866 4752 ἐν·
1893 4700 1962 4751 δὲ

380 4792 571 4860 ὀγδόῳ
610 4792 682 4844 οὐ
723 4789 810 4859 μὴ
862 4787 1090 4856 ἅψηται
1118 4803 1235 4840 σου
1259 4787 1467 4839 κακόν.
1517 4784 1962 4855 Εὑχαριστοῦμεν

382 4874 475 4930 οῦν
525 4877 602 4947 τῷ
641 4875 762 4945 Θεῷ
791 4875 868 4945 τῷ
900 4877 964 4927 ἐκ
1011 4872 1280 4926 τοσούτων
1312 4873 1458 4940 ἡμᾶς
1507 4870 1767 4923 κινδύνων
1800 4872 1966 4940 ῥυσα-

389 4961 556 5031 μένῳ,
584 4959 675 5012 καὶ
708 4958 954 5028 μεγάλας
977 4956 1210 5017 θεωοίας
1239 4956 1370 5024 ἡμῖν
1411 4953 1761 5020 ἐπιδείξαντι.

946 5109 1198 5161 ΚΕΦᾹΛ.
1234 5103 1402 5160 ΡΝΛῖ

636 5238 777 5308 Περὶ
817 5239 923 5292 τοῦ
951 5238 1245 5302 συνόντος
1297 5253 1399 5305 μοι
1434 5235 1722 5302 ἀδελφοῦ.

474 5383 662 5451 ’(ὶλίγα
698 5367 877 5437 τοίνυν
901 5380 1030 5454 περὶ
1055 5379 1148 5432 τοῦ
1188 5380 1436 5442 συνόντος
1477 5393 1564 5447 μοι
1602 5375 1833 5446 ἀδελφοῦ
1863 5375 1972 5428 ἀπὸ

391 5470 644 5537 νεότητος
671 5467 776 5529 ἓως
808 5470 907 5536 τῆς
956 5467 1193 5535 σήμερον
1227 5462 1464 5533 εἰρηκὼς
1491 5460 1726 5514 ἐνταῦθα
1788 5461 1974 5512 λοιπὸν

393 5551 733 5608 καταπαύσω
758 5551 848 5604 τὸν
878 5551 1055 5616 λόγον.
1083 5547 1283 5601 Τοῦτον
1308 5547 1419 5614 ἐγὼ
1450 5545 1620 5613 ἔγνων
1641 5544 1885 5616 ἀκριϐῶς
1912 5547 1976 5596 ἐκ

399 5639 628 5706 μακρῶν
658 5637 766 5687 τῶν
796 5635 1000 5704 χρόνων
1025 5634 1112 5704 τὴν
1133 5633 1360 5704 ἀρίστην
1390 5629 1664 5684 πολιτείαν
1694 5628 1974 5698 κατορθώ-

399 5739 588 5788 σαντα,
638 5722 734 5773 καὶ
778 5719 967 5772 παθῶν
1009 5718 1481 5789 κατακρατοῦντα.
1533 5716 1642 5770 Καὶ
1696 5710 1812 5766 οἶδα
1867 5713 1977 5780 ἐγὼ

398 5804 582 5858 τοῦτον
614 5802 876 5874 ἀκριϐῶς,
907 5802 979 5872 μὴ
1033 5805 1269 5870 φαγόντα
1315 5800 1498 5869 πάθει,
1534 5801 1608 5871 μὴ
1645 5796 1976 5869 προσπαθῶς

2037 559 2179 628 ρίας,
2213 560 2272 612 τὸ
2302 560 2553 614 πλεῖστον
2577 561 2878 624 κενοδοξίας
2912 560 3243 627 ἐκφυγόντα,
3275 561 3614 630 ἀρκούμενον

2035 643 2122 694 ἀεὶ
2169 645 2280 704 τοῖς
2344 644 2648 714 παροῦσιν,
2714 644 2788 714 μὴ
2834 642 3306 710 καλλωπιζόμενον
3357 644 3613 712 ἱματίοις,

2036 726 2547 795 καταφρονούμενον
2569 727 2673 780 ὑπό
2688 725 2896 795 τινωνῆ
2917 725 3434 795 κατευτελιζόμενον
3454 727 3587 797 εὑχσ.
3601 756 3617 767 ο

2037 811 2260 876 ριστεῖν,
2281 808 2804 877 ὑπερκινδυνεύοντα
2823 809 3064 877 γνησίων
3089 809 3280 876 φίλων,
3304 811 3499 878 πεῖραν
3523 811 3617 864 λαο

2037 890 2201 943 ϐόντα
2243 891 2514 961 δαιμόνων
2574 893 2679 956 ἕως
2718 893 2977 962 χιλιάκις,
3021 895 3114 947 καὶ
3155 895 3369 947 ἐπάνωο
3398 895 3472 958 ὡς
3521 895 3616 948 καὶ⁵

2040 975 2138 1042 μιᾷ
2162 973 2267 1026 τῶν
2291 975 2515 1046 ἡμερῶν
2554 977 2784 1046 δαίμονα
2828 977 2976 1048 αὐτῷ
3019 979 3495 1048 συντετυχηκέναι,
3523 983 3618 1034 καὶ⁹

2037 1058 2211 1108 εἰπεῖν
2245 1058 2424 1125 μόνον·
2455 1058 2654 1111 Σύνθου
2693 1077 2781 1128 μοι
2811 1059 2902 1112 τοῦ
2934 1060 3038 1113 κᾶν
3087 1060 3235 1125 am:
3277 1063 3615 1131 ἁμαρτῆσαι,

2037 1141 2217 1210 καλήν
2265 1141 2329 1194 ἂν
2383 1142 2509 1213 δόξῃ
2543 1161 2624 1195 σοι
2659 1146 2830 1196 εἰπεῖν
2890 1143 3154 1211 εὑγενίδα,
3191 1147 3286 1199 καὶ
3334 1146 3616 1210 πλουσίαν,

2038 1223 2151 1290 ἐγώ
2179 1241 2260 1277 σοι
2290 1225 2402 1290 ἄξω
2443 1228 2705 1298 εὐχερῶς.
2749 1231 2856 1281 Καὶ
2895 1229 3056 1281 πάλιν
3088 1228 3276 1282 ἄλλοτε
3307 1230 3620 1292 πυκτεύσας

2038 1307 2065 1356 ὁ
2095 1309 2192 1376 τῆς
2211 1308 2520 1379 βλαφημίας
2553 1312 2760 1382 δαίμων
2788 1315 2845 1363 ἐν
2866 1313 3231 1384 νυχθημέροις
3261 1314 3621 1387 δεκατέσσαρ-

2041 1407 2145 1455 σιν,
2211 1392 2287 1455 ὡς
2337 1394 2501 1455 αὑτός
2558 1412 2646 1464 μοι
2698 1396 2956 1464 διηγεῖτο,
2993 1399 3085 1450 καὶ
3144 1399 3202 1450 ἐν
3238 1397 3397 1449 νυκτὶ
3449 1397 3618 1466 σύρας

2038 1477 2228 1530 τοῦτον
2265 1479 2329 1530 ἐκ
2383 1479 2542 1540 ποδὸς
2576 1482 2726 1550 φωνῇ
2772 1482 3024 1552 ἐπάνδρῳ
3054 1481 3390 1550 προσωμίλει
3421 1481 3614 1548 λέγων·

2039 1562 2130 1632 Μὴ
2165 1561 2463 1630 προσκύνει
2509 1560 2600 1613 τὸν
2642 1562 2894 1630 Χριστὸν,
2932 1565 3026 1614 καὶ
3052 1563 3110 1615 οὑ
3164 1563 3239 1630 μὴ
3280 1579 3375 1614 σου
3441 1579 3618 1632 προσ-

2040 1646 2265 1713 εγγίσω.
2321 1645 2423 1698 Τὸν
2482 1645 2538 1698 δέ
2590 1646 3030 1715 ἀποκρινάμενον
3074 1649 3248 1699 εἰπεῖν
3298 1647 3483 1716 αὑτῷ·
3518 1648 3621 1705 Διά

2040 1727 2198 1781 τοῦτο
2251 1729 2308 1782 δὲ
2357 1728 2532 1781 αὑτόσ
2589 1728 2775 1799 ἐπειδὴ
2837 1729 2899 1781 σὺ
2957 1729 3146 1782 τοῦτον
3207 1729 3446 1801 ἀηδίζῃ,
3510 1729 3621 1798 ἐγὼ

2042 1811 2204 1864 αὑτὸν
2223 1812 2585 1882 προσκυνήσω
2637 1811 2733 1863 καὶ⁸
2761 1811 2989 1876 δοξάσω.
3024 1812 3136 1865 Καὶ
3163 1812 3346 1876 πάλιν,
3373 1814 3468 1866 καὶ
3492 1813 3623 1864 πολ-

2042 1895 2201 1956 λάκις
2259 1894 2646 1954 πολυπλασίως
2694 1894 3032 1965 δεηθήσομαι
3066 1935 3080 1960 ,
3135 1896 3230 1948 καὶ
3285 1895 3390 1958 ἓως
3447 1894 3623 1948 ἔνεστί

2045 1996 2136 2046 μοι
2185 1977 2429 2047 Πνεῦμα,
2470 1975 2658 2030 τοῦτον
2707 1976 2990 2042 ἱκετεύσω,
3031 1978 3120 2030 διὰ
3154 1977 3216 2030 τό
3267 1995 3324 2029 σε
3357 1977 3625 2030 ἐναντιοῦ-

2046 2060 2166 2114 σθαι
2200 2063 2264 2130 τῇ
2289 2059 2383 2112 τοῦ
2417 2060 2554 2112 Θεοῦ
2583 2060 2829 2130 λατρεία.
2866 2059 3090 2113 Ἑκατὸν
3125 2060 3183 2124 ἒξ
3223 2062 3407 2124 πόλεις
3447 2066 3626 2130 πατῇ-

2046 2160 2166 2205 σας,
2187 2146 2242 2195 ἐν
2271 2144 2327 2196 δὲ
2345 2145 2468 2206 ταῖς
2490 2143 2768 2206 πλείσταις
2802 2144 2895 2196 καὶ
2925 2144 3202 2214 χρονίσας,
3240 2147 3493 2212 γυναικὸς
3511 2149 3626 2197 πεῖ-

2049 2243 2146 2296 ραν
2185 2228 2284 2278 οὑκ
2316 2226 2475 2296 ἔσχεν
2513 2227 2653 2279 ἐλέει
2683 2227 2778 2279 τοῦ
2801 2227 3061 2296 Χριστοῦ,
3092 2229 3213 2280 οὑδέ
3244 2229 3440 2281 τὸκατ’
3468 2229 3624 2299 ὄναρ,

2046 2309 2186 2377 πλὴν
2212 2308 2306 2359 τοῦ
2339 2309 2579 2378 πολέμου
2635 2309 2727 2362 τοῦ
2758 2310 2898 2362 κατὰ
2930 2310 3026 2380 τὴν
3054 2312 3312 2382 πορνείαν
3349 2311 3624 2380 δαίμονος.

2046 2391 2241 2461 Τρίτον
2284 2391 2473 2444 τοῦτον
2504 2392 2676 2460 ἔγνων
2728 2392 2920 2462 ἔχοντα
2976 2394 3162 2464 χρείαν
3203 2393 3529 2463 βρωμάτων,
3564 2396 3630 2447 ἐκ

2045 2476 2226 2547 χειρὸς
2259 2478 2428 2544 ἁγίων
2468 2478 2716 2545 ἀγγέλων
2745 2477 2996 2531 λαϐόντα.
3054 2477 3142 2529 Ἐν
3176 2480 3275 2548 μιᾷ
3327 2478 3434 2530 τῶν
3489 2481 3630 2548 ἠμε-

2051 2562 2158 2631 ρῶν
2196 2562 2440 2631 εὑρεθεὶς
2475 2565 2532 2614 ἐν
2573 2563 2852 2632 ἀκροτάτῃ
2901 2562 3130 2632 ἐρημίᾳ,
3172 2564 3267 2616 καὶ
3325 2562 3450 2632 μηδ’
3494 2563 3632 2626 ὅλως

2052 2644 2251 2715 βρῶμά
2287 2663 2339 2697 τι
2375 2644 2680 2714 βαστάζων,
2710 2648 2860 2715 τρεῖς
2886 2645 3082 2716 ἄρτους
3111 2637 3272 2716 εὗρεν
3308 2646 3547 2715 θερμοὺς
3574 2650 3631 2698 ὲν

2049 2732 2114 2798 τῇ
2163 2729 2408 2798 μηλωτῇ.
2449 2728 2672 2780 Ἀλλοτε
2720 2729 2882 2781 πάλιν
2935 2728 3282 2799 παξαμίδας·
3309 2730 3400 2781 καὶ
3449 2731 3528 2792 εἰς
3576 2730 3636 2782 τὸ

2049 2811 2250 2882 τρίτον,
2275 2808 2416 2864 οἶνον
2450 2814 2588 2881 μετά
2627 2811 2828 2882 ἄρτων.
2875 2813 3088 2880 Ἐγνων
3126 2813 3289 2866 πάλιν
3336 2812 3524 2866 τοῦτον
3557 2813 3636 2865 λι-

2053 2898 2286 2964 πόμενον
2331 2897 2704 2966 ἀναλωμάτων
2774 2895 3004 2950 ἀκοῦσαι
3061 2899 3188 2967 παρ’
3248 2897 3518 2964 ἀγγέλου,
3555 2899 3636 2950 ὅτι

2066 2979 2339 3032 Ἀπελθὼν
2382 2980 2513 3033 λάϐε
2554 2981 2706 3050 παρὰ
2745 2979 2898 3032 τοῦδε
2946 2979 3122 3033 ἔλαιον
3157 2982 3250 3034 καὶ
3299 2983 3441 3033 σῖτον
3486 2981 3543 3033 Ὁ
3580 2983 3636 3032 δὲ

2059 3064 2224 3132 μηδὲν
2253 3063 2533 3134 διακρίνας
2560 3063 2773 3132 ἀπῆλθε
2804 3064 2940 3132 πρὸς
2985 3064 3075 3116 τὸν
3104 3063 3412 3134 μηνυθέντα
3464 3064 3631 3133 αὑτῷ.

1985 3171 2025 3225 C
2073 3147 2211 3199 Ἡδὲ
2240 3147 2362 3199 ἰδὼν
2420 3148 2600 3212 αὑτὸν,
2642 3149 2788 3216 λέγει
2846 3146 3014 3217 αὐτῷ·
3051 3149 3121 3200 Σὺ
3170 3143 3221 3199 εἴ
3254 3150 3280 3200 ό
3337 3147 3485 3200 δεῖνα
3542 3165 3638 3216 μο-

2060 3228 2269 3298 vagor);
2328 3231 2730 3302 Ἀποκρίνεται,
2778 3233 2872 3284 καὶ
2912 3232 3080 3299 λέγει’
3102 3231 3230 3295 Ναὶ,
3264 3232 3374 3298 ἐγώ
3422 3234 3536 3297 εἰμι
3581 3231 3639 3284 ὃν

2007 3384 2011 3388 .
2059 3311 2257 3379 λέγεις.
2291 3314 2348 3366 Ὀ
2375 3315 2452 3366 δέ’
2497 3315 2552 3368 Ὀ
2582 3315 2966 3384 οἰκοδεσπότης
3000 3314 3285 3368 ἐκέλευσέν
3311 3332 3391 3367 σοι
3421 3314 3639 3382 δοθῆναι

2057 3398 2352 3466 τριάκοντα
2387 3397 2600 3467 μοδίους
2629 3399 2799 3463 σίτου,
2830 3399 2925 3450 καὶ
2963 3397 3170 3450 δώδεκα
3210 3398 3404 3462 ξέστας
3435 3399 3637 3453 ἐλαίου.

2073 3479 2244 3550 Ὑπὲρ
2267 3481 2360 3532 τοῦ
2392 3481 2635 3533 τοιούτου
2675 3482 3046 3550 καυχήσομαι,
3089 3475 3201 3542 οἷος
3263 3478 3329 3550 ἦν
3380 3477 3533 3544 οὗτος
3582 3481 3642 3534 ὃν

2056 3563 2168 3630 ἐγὼ
2199 3564 2371 3632 ἔγνων
2397 3581 2411 3594 ·
2447 3563 2632 3616 τοῦτον
2655 3560 2770 3616 οἶδα
2802 3563 2911 3632 ἐγὼ
2939 3565 3286 3635 δακρύσαντα
3308 3566 3401 3617 ἐπὶ
3431 3565 3643 3635 ἀνδρῶν

2059 3649 2115 3699 ἐν
2142 3649 2356 3720 ἀνάγκῃ
2379 3649 2566 3714 όντων,
2600 3650 2695 3702 καὶ
2733 3650 3123 3719 ἀπορουμένων
3151 3651 3208 3702 ἐν
3234 3651 3470 3712 πενίαις,
3502 3666 3644 3719 παρ-

2061 3732 2335 3798 εσχηκότα
2370 3732 2422 3784 εἴ
2445 3748 2497 3782 τι
2540 3726 2708 3800 εἶχεν,
2732 3731 2873 3800 πλὴν
2900 3731 2995 3800 τῆς
3021 3731 3217 3783 ἑαυτοῦ
3268 3732 3487 3801 σαρκός.
3513 3729 3644 3782 Οἶδα

2057 3817 2246 3870 τοῦτον
2287 3815 2398 3883 ἐγὼ
2432 3815 2748 3868 κλαύσαντα
2771 3816 2863 3866 καὶ
2895 3816 2985 3866 ἐπὶ
3017 3815 3338 3878 ἐκπεσόντος
3378 3816 3434 3868 ἐν
3462 3815 3645 3884 ἀμαρ-

2059 3906 2206 3968 τίαις
2235 3920 2247 3934 ’
2273 3904 2330 3966 ὃς
2359 3906 2469 3966 τοῖς
2499 3903 2761 3972 δάκρυσιν
2779 3905 2857 3965 είς
2881 3902 3168 3972 μετάνοιαν
3195 3893 3402 3972 ἤγαγεν
3433 3902 3522 3953 τὸν
3554 3903 3646 3953 ἐκ-

2059 3990 2312 4063 πεσόντα.
2345 3982 2515 4052 Οὗτός
2557 3990 2648 4058 μοί
2703 4004 2834 4040 ποτε
2887 3987 3215 4055 διωμόσατο,
3247 3989 3327 4040 ὅτι
3373 3987 3465 4039 τοῦ
3509 3988 3643 4040 Θεοῦ

2059 4075 2284 4142 ἐδεήθην
2309 4072 2512 4142 μηδένα
2538 4073 2711 4138 νύξαι,
2735 4073 2967 4142 μάλιστα
2983 4071 3089 4125 τῶν
3117 4070 3332 4140 φαύλων
3351 4071 3639 4136 πλουσίων,

2064 4159 2158 4210 ἐπὶ
2190 4156 2267 4225 τῷ
2290 4155 2471 4210 δοῦναί
2507 4156 2595 4226 μοί
2639 4174 2688 4208 τι
2724 4157 2832 4208 τῶν
2871 4154 3067 4226 χρειῶν
3089 4155 3414 4224 λιπομένων.

2143 4310 2296 4379 Ἐμοὶ
2322 4309 2377 4361 δὲ
2408 4307 2566 4360 τοῦτο
2601 4307 2764 4376 ἀρκεῖ
2786 4307 2844 4360 τὸ
2875 4309 3096 4378 μνήμην
3129 4309 3460 4378 πεποιῆσθαι
3517 4325 3648 4359 κατ-

2060 4393 2355 4462 ἀξιωθῆναι
2388 4392 2539 4461 παρὰ
2577 4391 2673 4460 τῆς
2715 4391 2865 4454 Θείας
2904 4392 3125 4461 χάριτος
3159 4391 3364 4443 τούτων
3393 4389 3649 4443 ἁπάντων

2066 4480 2160 4532 καὶ
2197 4476 2489 4545 δυνηθῆναι
2538 4475 2708 4527 ταῦτα
2744 4479 2930 4544 γραφῇ
2960 4474 3424 4544 παραδεδωκέναι.
3452 4473 3650 4526 Οὐκέτι

2065 4564 2197 4632 γὰρ,
2228 4561 2303 4623 ὡς
2331 4558 2510 4632 οἶμαι,
2531 4560 2591 4611 τὸ
2621 4560 2907 4630 κινηθῆναί
2934 4576 3027 4612 σου
3059 4561 3157 4630 τὴν
3192 4559 3399 4630 ἀγαθὴν
3415 4559 3652 4613 διάνοιαν

2063 4648 2192 4701 ἄνευ
2229 4649 2328 4715 τῆς
2385 4645 2480 4697 τοῦ
2537 4643 2673 4696 Θεοῦ
2716 4645 3018 4714 ἐνεργείας,
3058 4646 3137 4705 εἰς
3185 4645 3245 4696 τὸ
3285 4643 3540 4706 ἐπιτάξαι
3585 4645 3650 4714 τῇ

2063 4735 2170 4802 ἐμῇ
2199 4730 2455 4801 οὑθενεία
2476 4729 2577 4800 τὴν
2607 4729 2860 4793 σύνταξιν
2878 4729 2971 4782 τοῦ
3014 4728 3218 4798 βιϐλίου
3246 4727 3436 4780 τούτου
3492 4727 3653 4795 ποιῆ-

2067 4839 2177 4883 σαι,
2211 4822 2307 4873 καὶ
2355 4822 2542 4889 γραφῇ
2599 4817 2932 4886 παραδοῦναι
2964 4818 3089 4878 τοὺς
3134 4815 3279 4885 βίους
3308 4815 3415 4869 τῶν
3480 4815 3653 4883 ἁγίων

2067 4908 2163 4960 καὶ
2203 4906 2489 4977 μακαρίων
2521 4904 2661 4957 [Ιατέ
2669 4921 2798 4973 ρων.

2141 5034 2213 5086 Σὺ
2265 5032 2322 5084 δέ
2371 5047 2457 5098 γε,
2523 5029 2814 5082 πιστότατε
2841 5028 2996 5082 δοῦλε
3053 5029 3148 5082 τοῦ
3185 5029 3444 5100 Χριστοῦ,
3502 5029 3654 5101 τίμιε

2072 5116 2276 5180 Λαῦσε,
2305 5115 2400 5168 καὶ
2428 5114 2619 5167 πασῶν
2644 5114 2768 5182 ἐμοὶ
2792 5112 2922 5182 φίλη
2941 5114 3032 5166 καὶ
3051 5115 3399 5184 γνησιωτάτη
3419 5116 3653 5185 κεφαλὴ,

2073 5201 2248 5271 ήδέως
2280 5197 2624 5268 ἐντυγχάνων
2643 5195 2815 5268 ταύτῂ
2847 5200 2914 5269 τῇ
2948 5197 3138 5268 βίϐλῳ,
3173 5199 3364 5268 ἱκανὴν
3384 5197 3657 5266 ὠφέλειαν

2073 5288 2166 5337 ἐπὶ
2210 5285 2275 5354 τῇ
2340 5283 2449 5335 τῶν
2504 5281 2727 5334 δικαίων
2775 5282 3071 5334 ἀναστάσει
3125 5281 3383 5352 παρέξεις
3447 5299 3541 5334 σου
3589 5283 3654 5350 τῇ

2075 5368 2327 5437 ἀθανάτῳ
2341 5367 2508 5437 ψυχῇ,
2545 5365 2654 5418 τῶν
2681 5365 2940 5436 ἀοιδίμων
2971 5364 3219 5435 ἀθλητῶν
3249 5366 3346 5428 τὰς
3370 5365 3656 5434 ἐναρέτους

2076 5452 2376 5514 πολιτείας,
2393 5453 2488 5504 καὶ
2523 5453 2650 5514 τοὺς
2694 5451 2864 5520 βίους,
2904 5452 2998 5503 καί¹
3033 5450 3160 5512 τοὺς
3190 5449 3409 5511 πόνους,
3436 5457 3528 5502 και
3557 5449 3656 5519 τήν

2077 5537 2345 5605 τοσαύτην
2393 5533 2691 5605 ὑπομονὴν,
2719 5535 2814 5587 καὶ⁵
2877 5533 3176 5604 καρτερίαν
3235 5532 3658 5602 σκληραγωγίας

2081 5622 2373 5692 λαμϐάνων
2414 5622 2471 5671 ἐν
2521 5619 2617 5690 νῷ.
2651 5620 2824 5672 Ἐπου
2860 5620 3070 5680 τούτοις
3095 5616 3413 5687 προθύμως,
3445 5618 3656 5686 χρηστῇ

2081 5708 2177 5761 καὶ
2198 5707 2460 5777 άκηράτῳ
2489 5705 2824 5775 τρεφόμενος
2847 5703 3042 5767 ἐλπίδι,
3072 5701 3414 5773 βραχυτέρας
3444 5702 3524 5754 ἀεὶ
3561 5697 3661 5760 τὰς

2084 5791 2391 5862 ἔμπροσθεν
2406 5789 2513 5843 τῶν
2537 5787 2914 5860 δπισθενὸρῶν
2943 5787 3156 5857 ἡμέρας
3189 5801 3202 5815 ·
3239 5785 3332 5838 καὶ
3363 5784 3497 5854 ὑπὲρ
3522 5777 3656 5852 ἐμοῦ
