4266 6360
237 485 397 855 ἐξ
473 701 728 851 DE
806 688 1968 852 SANCTORUM
2050 668 3315 840 MACARIORUM

1356 1010 1715 1074 AEGYPTII
1759 1009 1855 1070 ET
1904 1006 2435 1069 ALEXANDRINI

1698 1220 2093 1341 VITIS

657 1492 1503 1607 QUAESTIONES
1561 1486 2111 1580 CRITICAE
2181 1485 2333 1573 ET
2400 1480 3173 1576 HISTORICAE.

1285 1704 1571 1755 SCRIPSIT
1607 1702 1871 1755 EDITOR.
1905 1701 2128 1753 EDITIO
2160 1700 2537 1753 BECOGNITA.

1886 1894 1958 1911 ὀ

1530 2062 1802 2124 INDEX
1873 2062 2269 2123 CAP/TUM.

1894 2414 1946 2472 Α
2038 2430 2344 2491 Cotelerio
2389 2428 2580 2501 edita,
2633 2428 2873 2489 inedita
2911 2426 3193 2489 codicum
3224 2428 3538 2491 Vindobo-

261 2441 469 2500 CAPUT
496 2436 546 2496 Ι.
583 2432 1052 2511 Prolegomena.

264 2524 471 2580 CAPUT
545 2518 621 2576 II.
708 2510 1035 2575 Palladius
1112 2510 1185 2572 de
1257 2518 1471 2570 sancto
1567 2510 1854 2571 Macario

346 2596 678 2675 Aegyptio.

265 2666 660 2739 ΩΑΡυῖἸΙΙ.
746 2670 1074 2733 Palladius
1133 2668 1205 2730 de
1275 2676 1489 2729 sancto
1566 2666 1856 2731 Macario

350 2752 809 2816 Alexandrino.

266 2838 475 2897 CAPUT
566 2834 669 2893 1V.
746 2830 1007 2907 Ruﬁnus
1087 2828 1160 2887 de
1232 2828 1464 2889 sanctis

349 2913 737 2992 Aegyptiam
760 2907 1215 2992 ΑιεᾳσίιηάῖὶτξρΓ

268 2985 595 3054 (ΞΑΡυῖν.
642 2989 991 3067 Evagrius,
1023 2988 1091 3047 S.
1122 2987 1569 3067 Hieronymus,
1606 2985 1859 3067 Cassia-

352 3090 469 3131 nus
549 3070 622 3130 de
703 3064 939 3129 sanctis
1016 3066 1322 3127 Macariis
1398 3064 1705 3143 Aegyptio
1805 3073 1863 3124 et

352 3148 811 3210 Alexandrino.

271 3231 481 3291 CAPUT
524 3230 626 3289 VI.
689 3225 1093 3289 Collectionis
1157 3221 1628 3283 Rosweidianae
1704 3220 1864 3281 liber

353 3310 609 3379 tertius,
654 3306 932 3385 quintus,
974 3312 1210 3385 sextus,
1258 3302 1551 3385 septimus
1590 3302 1863 3385 vitarum

352 3388 614 3447 Patrum
654 3380 711 3444 et
763 3383 1105 3443 sententiae
1130 3384 1395 3442 Patrum
1416 3380 1864 3459 Aegyptiorum

352 3467 425 3525 de
483 3466 719 3525 sanctis
777 3462 1083 3523 Macariis
1130 3461 1438 3540 Aegyptio
1477 3468 1533 3519 et
1577 3459 1862 3520 Alexan-

353 3545 538 3603 drino
552 3591 564 3604 .

268 3624 477 3687 CAPUT
536 3624 666 3684 VII.
722 3619 1266 3700 Apophthegmata
1330 3637 1369 3677 a
1423 3616 1674 3679 Possino
1720 3625 1779 3674 et
1827 3633 1865 3672 a

1554 2827 1861 2888 Macariis

673 4017 716 4086 1
749 4016 992 4077 CAPUT
1036 4015 1364 4077 PRIMUM.

821 4129 1281 4176 PROLEGOMENA
1294 4159 1306 4171 .

352 4216 471 4291 ξι.
520 4217 591 4276 In
648 4214 1011 4277 vastissimis
1067 4214 1295 4291 Libyae
1350 4212 1631 4283 desertis,
1692 4210 1858 4272 haud

275 4315 498 4396 procul
558 4332 593 4376 a
631 4314 861 4375 Nitriae
916 4313 1251 4393 paludibus
1290 4312 1455 4372 nitro
1502 4311 1857 4385 uberrimis,

275 4426 551 4497 quatuor
590 4416 666 4479 ad
712 4415 1089 4476 hodiernum
1137 4413 1303 4475 diem
1345 4420 1589 4474 exstant
1635 4431 1859 4475 mona-

267 4518 480 4582 steria.
504 4520 781 4590 Quorum
808 4533 1029 4587 unum,
1051 4514 1221 4593 quod
1253 4514 1332 4575 ab
1362 4514 1857 4592 Italicujusdam,

268 4615 379 4695 qui
418 4614 682 4694 paludes
722 4614 873 4674 istas
902 4612 1107 4692 pretio
1149 4612 1474 4684 conduxit,
1516 4611 1768 4673 castello
1796 4612 1861 4672 in

268 4717 467 4777 Nitria
496 4716 639 4789 sito,
673 4722 975 4795 quantum
1024 4712 1195 4773 horis
1241 4712 1488 4773 circiter
1515 4718 1654 4775 octo
1685 4713 1861 4775 asino

266 4822 487 4876 vectus
537 4814 917 4893 permeabis,
979 4812 1248 4891 spatium
1291 4812 1488 4885 abest,
1522 4812 1597 4873 ad
1652 4822 1863 4873 nostra

267 4927 475 4988 usque
519 4916 804 4988 tempora
854 4908 1302 4967 monasterium
1343 4909 1547 4967 sancti
1590 4909 1864 4969 Macarii

265 5012 653 5093 appellatur;
704 5011 946 5090 reliqua
974 5010 1240 5088 singula,
1274 5009 1534 5087 singulis
1576 5011 1863 5073 distincta

267 5116 668 5189 nominibus,
708 5117 771 5177 in
806 5115 1171 5176 universum
1201 5113 1341 5176 Abu
1380 5116 1604 5176 Macar
1641 5132 1860 5177 mona-

268 5219 457 5280 steria
487 5224 810 5288 vocantur,
844 5224 903 5276 et
932 5222 1060 5277 tota
1092 5215 1265 5292 regio
1304 5215 1678 5275 Macariana
1727 5234 1861 5274 ere-

265 5340 427 5381 mus.
487 5321 601 5394 Qui
653 5319 780 5379 illic
825 5318 1059 5395 degunt
1114 5315 1408 5378 monachi
1472 5317 1862 5396 paucissimis

268 5423 415 5482 anni
468 5422 691 5483 diebus
730 5437 918 5481 carne
958 5427 1318 5487 vescuntur,
1369 5424 1649 5478 ceterum
1696 5436 1860 5496 pane

267 5521 485 5582 vivunt
537 5529 598 5583 et
656 5520 927 5581 lentibus
984 5518 1175 5580 bulbo
1225 5525 1285 5579 et
1323 5516 1465 5578 oleo
1511 5518 1855 5596 permixtis,

268 5628 461 5699 atque
510 5622 575 5682 in
620 5620 888 5694 cellulis,
919 5637 1079 5700 quae
1111 5636 1239 5680 non
1271 5618 1391 5678 nisi
1437 5636 1553 5697 per
1593 5618 1861 5679 arctissi-

2038 2509 2323 2569 nensium
2385 2508 2747 2591 appendix
2798 2507 3092 2591 Cotel_erii
3147 2509 3543 2591 Apaphtheg-

2038 2600 2295 2660 matum,
2330 2589 2494 2648 vitae
2537 2589 2910 2651 Sanctorum
2941 2588 3012 2647 de
3040 2590 3274 2650 sanctis
3318 2588 3544 2652 Maca-

2038 2669 2156 2728 riis
2184 2667 2488 2746 Aegyptio
2522 2676 2579 2728 et
2604 2666 3062 2727 Alexandrino.

1961 2750 2166 2811 CAPUT
2196 2748 2349 2807 Vlll.
2387 2748 2760 2807 Sanctorum
2786 2747 3217 2826 Macariorum
3251 2748 3546 2826 Aegyptii

2042 2836 2098 2887 et
2135 2826 2557 2886 Alexandrini
2606 2826 2865 2885 exilium
2918 2824 3031 2885 sub
3068 2827 3257 2887 Lucio
3304 2824 3544 2887 Ariona

2039 2906 2469 2967 Alexandriae
2522 2906 2828 2984 episcopo.
2878 2905 3191 2984 Socrates,
3251 2908 3545 2968 Sozome-

2040 3004 2159 3044 nus
2198 3033 2212 3059 ,
2293 2983 2599 3065 ceterique
2697 3002 2949 3065 rerum,
2986 2983 3547 3065 ecclesiasticarum

2043 3066 2379 3141 scriptores
2451 3062 2523 3123 de
2618 3062 2860 3122 iisdem.
2913 3063 3176 3138 Quando
3248 3065 3548 3124 memoria

2041 3151 2399 3203 sanctorum
2427 3142 3160 3219 MacariorumAegyotii
3192 3152 3248 3203 et
3277 3142 3547 3203 Alexan-

2046 3222 2220 3282 drini
2251 3232 2501 3300 agatur.

1964 3303 2168 3363 CAPUT
2225 3304 2335 3381 IX.
2380 3302 2432 3361 A
2494 3302 2727 3361 sanctis
2780 3301 3097 3381 Macariis
3130 3302 3437 3381 Aegyptio
3489 3310 3547 3361 et

2045 3380 2477 3443 Alexandrino
2535 3381 2889 3440 Macarium
2944 3381 3012 3441 S.
3056 3380 3317 3440 Antonii
3354 3381 3548 3441 mini-

2044 3469 2259 3539 strum?
2303 3459 2579 3539 aliosque
2634 3460 3027 3537 cognomines
3087 3458 3365 3521 diversos
3424 3478 3550 3521 esse

2047 3538 2423 3599 ostenditur.

1896 4020 2131 4078 Bmam
2190 4026 2434 4095 portam
2490 4016 2694 4078 lucem
2743 4016 3165 4077 intromittunt
3198 4063 3213 4089 ,
3273 4013 3554 4077 habitant

1972 4114 2261 4193 precibus
2318 4116 2531 4178 dediti.
2599 4116 2809 4177 Primo
2852 4132 3037 4177 mane
3087 4125 3352 4194 surgunt
3386 4125 3449 4179 et
3486 4118 3552 4179 in

1968 4214 2293 4276 ecclesiam
2320 4224 2685 4295 properant,
2699 4216 2808 4277 ubi
2821 4216 3129 4278 adsistunt
3147 4218 3345 4279 innixi
3366 4220 3556 4281 bacu-

1968 4311 2066 4385 lis,
2097 4314 2459 4375 Macarianis
2491 4312 2806 4392 hodieque
2840 4314 3198 4376 nominatis.
3225 4316 3552 4379 Rariorem

1968 4414 2043 4476 ad
2081 4432 2270 4494 quem
2301 4415 2391 4475 ibi
2435 4416 2596 4478 vitae
2629 4408 2914 4495 tempora
2947 4416 3299 4493 producant
3335 4417 3549 4494 ﬁnem,

1970 4516 2329 4596 exemplum
2352 4516 2519 4577 senis
2536 4514 2803 4577 ostendit
2824 4514 2991 4576 illius
3006 4515 3547 4591 a'l‘ischendorfio,

1970 4618 2149 4678 cuius
2202 4617 2558 4677 narratione
2613 4616 2847 4677 utimur
2903 4616 3009 4694 (1),
3065 4616 3153 4678 ibi
3201 4620 3547 4696 conspecti,

1970 4722 2221 4776 centum
2245 4714 2462 4792 viginti
2482 4730 2684 4776 annos
2702 4713 2850 4786 nati,
2870 4719 3217 4786 senectute,
3241 4713 3466 4790 vigiliis
3490 4722 3553 4777 et

1972 4813 2327 4894 pernicioso
2358 4813 2474 4875 sub
2510 4812 2895 4874 fervescente
2924 4812 3057 4873 sole
3088 4829 3313 4874 arenae
3335 4813 3551 4876 colore

1972 4911 2299 4974 oculorum
2326 4911 2565 4973 lumine
2592 4912 2834 4991 privati,
2871 4911 3083 4973 animo
3134 4911 3381 4974 coelum
3410 4931 3552 4993 spe-

1972 5012 2197 5073 ctantis
2229 5019 2290 5073 et
2313 5013 2409 5073 vix
2438 5030 2629 5074 unam
2649 5011 2773 5072 diei
2795 5010 3015 5073 horam
3045 5028 3267 5075 somno
3286 5012 3549 5091 largien-

1971 5113 2067 5173 tis.
2089 5115 2329 5174 Fratres
2346 5114 2409 5173 in
2434 5113 2794 5174 universum
2826 5112 3116 5191 pedibus,
3141 5115 3350 5192 quoad
3375 5115 3548 5177 calor

1971 5234 2197 5277 arenae
2220 5216 2543 5295 permittit,
2558 5216 2866 5295 inopertis
2879 5216 3199 5290 incedunt,
3216 5218 3544 5282 ecclesiam

1972 5333 2098 5376 non
2118 5316 2235 5376 nisi
2258 5315 2440 5377 nudis
2458 5315 2724 5395 pedibus
2738 5316 2989 5377 intrant.
3004 5318 3235 5389 Quodsi
3252 5320 3546 5382 Tischen—

1970 5412 2118 5473 dorf
2142 5413 2418 5475 habitum
2456 5414 2713 5476 fratrum
2752 5414 3000 5476 illorum
3046 5434 3121 5477 ex
3168 5419 3339 5479 omni
3369 5428 3543 5498 parte

1969 5513 2422 5593 descripsisset,
2454 5521 2694 5576 veteres
2726 5532 2854 5577 non
2908 5515 3123 5577 dubito
3156 5518 3351 5579 Scetis
3389 5518 3540 5579 soli-

1967 5614 2201 5676 tudinis
2254 5616 2305 5684 2
2366 5614 2585 5677 fratres
2616 5652 2687 5661 —
2715 5616 2801 5677 sic
2844 5616 3011 5678 enim
3052 5619 3393 5681 Macariana
3427 5619 3544 5681 ista

345 5810 422 5880 (1)
478 5806 801 5862 Constanti"
850 5804 1213 5859 Tisvliemlorl‘
1252 5802 1409 5858 Bcise
1452 5805 1503 5858 in
1536 5803 1638 5859 den
1667 5801 1856 5857 Orient
1899 5803 2033 5857 1840
2064 5802 2125 5857 Τ.
2159 5803 2173 5856 Ι
2212 5804 2390 5872 p.110
2417 5818 2537 5874 sqq.

594 5900 862 5960 Parnm.
902 5899 1018 5959 Gn.
1072 5900 1185 5959 ΧΧ
1200 5900 1365 5961 XIV.

3271 5903 3297 5958 1
