  <div class='ocr_page' id='page_1' title='image "/cluster/home/n/w/nwhite01/storage/ocr_20150623/34/nnc1.0046978860/011.png"; bbox 0 0 4266 6360; ppageno 0'>
   <div class='ocr_carea' id='block_1_1' title="bbox 756 385 4014 457">
    <p class='ocr_par' dir='ltr' id='par_1_1' title="bbox 756 385 4014 457">
     <span class='ocr_line' id='line_1_1' title="bbox 756 385 4014 457; baseline -0.002 -8"><span class='ocrx_word' id='word_1_1' title='bbox 756 391 793 449; x_wconf 76' lang='lat'><strong><em>3</em></strong></span> <span class='ocrx_word' id='word_1_2' title='bbox 1566 387 1664 444; x_wconf 88' lang='lat' dir='ltr'>SS.</span> <span class='ocrx_word' id='word_1_3' title='bbox 1708 387 2171 445; x_wconf 80' lang='lat' dir='ltr'>MACARIORUM</span> <span class='ocrx_word' id='word_1_4' title='bbox 2210 385 2529 443; x_wconf 78' lang='lat' dir='ltr'>AEGYPTII</span> <span class='ocrx_word' id='word_1_5' title='bbox 2570 385 2657 441; x_wconf 84' lang='lat' dir='ltr'><strong>ET</strong></span> <span class='ocrx_word' id='word_1_6' title='bbox 2681 385 3145 443; x_wconf 78' lang='lat' dir='ltr'>ALEXANDRINI</span> <span class='ocrx_word' id='word_1_7' title='bbox 3978 399 4014 457; x_wconf 65' lang='grc' dir='ltr'><strong><em>ι</em></strong></span> 
     </span>
    </p>
   </div>
   <div class='ocr_carea' id='block_1_2' title="bbox 758 504 4017 586">
    <p class='ocr_par' dir='ltr' id='par_1_2' title="bbox 758 504 4017 586">
     <span class='ocr_line' id='line_1_2' title="bbox 758 504 4017 586; baseline 0.001 -13"><span class='ocrx_word' id='word_1_8' title='bbox 758 525 1006 573; x_wconf 89' lang='lat' dir='ltr'>eremus</span> <span class='ocrx_word' id='word_1_9' title='bbox 1028 513 1088 568; x_wconf 92' lang='lat' dir='ltr'>et</span> <span class='ocrx_word' id='word_1_10' title='bbox 1114 506 1385 585; x_wconf 82' lang='lat' dir='ltr'>antiquis</span> <span class='ocrx_word' id='word_1_11' title='bbox 1412 510 1472 565; x_wconf 83' lang='lat' dir='ltr'>et</span> <span class='ocrx_word' id='word_1_12' title='bbox 1492 507 1721 566; x_wconf 84' lang='lat' dir='ltr'>nostris</span> <span class='ocrx_word' id='word_1_13' title='bbox 1741 505 2130 586; x_wconf 84' lang='lat' dir='ltr'>temporibus</span> <span class='ocrx_word' id='word_1_14' title='bbox 2152 506 2337 582; x_wconf 80' lang='lat' dir='ltr'>vulgo</span> <span class='ocrx_word' id='word_1_15' title='bbox 2368 509 2413 564; x_wconf 80' lang='grc' dir='ltr'><strong>Α</strong></span> <span class='ocrx_word' id='word_1_16' title='bbox 2443 504 2628 564; x_wconf 89' lang='lat' dir='ltr'>nibus</span> <span class='ocrx_word' id='word_1_17' title='bbox 2658 504 2892 583; x_wconf 89' lang='lat' dir='ltr'>optime</span> <span class='ocrx_word' id='word_1_18' title='bbox 2927 506 3237 567; x_wconf 85' lang='lat' dir='ltr'>convenit.</span> <span class='ocrx_word' id='word_1_19' title='bbox 3259 506 3456 569; x_wconf 81' lang='lat' dir='ltr'>Etiam</span> <span class='ocrx_word' id='word_1_20' title='bbox 3476 505 3797 581; x_wconf 85' lang='lat' dir='ltr'>Ludolfus,</span> <span class='ocrx_word' id='word_1_21' title='bbox 3816 517 4017 575; x_wconf 78' lang='lat' dir='ltr'>rector</span> 
     </span>
    </p>
   </div>
   <div class='ocr_carea' id='block_1_3' title="bbox 755 606 2333 692">
    <p class='ocr_par' dir='ltr' id='par_1_3' title="bbox 755 606 2333 692">
     <span class='ocr_line' id='line_1_3' title="bbox 755 606 2333 692; baseline -0.004 -18"><span class='ocrx_word' id='word_1_22' title='bbox 755 610 1106 692; x_wconf 82' lang='lat' dir='ltr'>appellatur</span> <span class='ocrx_word' id='word_1_23' title='bbox 1155 642 1223 651; x_wconf 93' lang='lat'><strong>—</strong></span> <span class='ocrx_word' id='word_1_24' title='bbox 1259 624 1368 669; x_wconf 91' lang='lat' dir='ltr'>eos</span> <span class='ocrx_word' id='word_1_25' title='bbox 1414 606 1731 680; x_wconf 82' lang='lat' dir='ltr'>nimirum,</span> <span class='ocrx_word' id='word_1_26' title='bbox 1773 607 1881 685; x_wconf 91' lang='lat' dir='ltr'>qui</span> <span class='ocrx_word' id='word_1_27' title='bbox 1930 606 2008 667; x_wconf 92' lang='lat' dir='ltr'>ab</span> <span class='ocrx_word' id='word_1_28' title='bbox 2050 606 2333 683; x_wconf 81' lang='lat' dir='ltr'>Evagrio,</span> 
     </span>
    </p>
   </div>
   <div class='ocr_carea' id='block_1_4' title="bbox 757 706 2335 782">
    <p class='ocr_par' dir='ltr' id='par_1_4' title="bbox 757 706 2335 782">
     <span class='ocr_line' id='line_1_4' title="bbox 757 706 2335 782; baseline -0.003 -11"><span class='ocrx_word' id='word_1_29' title='bbox 757 711 1070 782; x_wconf 86' lang='lat' dir='ltr'>Cassiano,</span> <span class='ocrx_word' id='word_1_30' title='bbox 1118 707 1254 769; x_wconf 92' lang='lat' dir='ltr'>aliis</span> <span class='ocrx_word' id='word_1_31' title='bbox 1294 706 1753 781; x_wconf 88' lang='lat' dir='ltr'>describuntur,</span> <span class='ocrx_word' id='word_1_32' title='bbox 1789 715 1933 768; x_wconf 87' lang='lat' dir='ltr'>ante</span> <span class='ocrx_word' id='word_1_33' title='bbox 1963 706 2182 768; x_wconf 89' lang='lat' dir='ltr'>oculos</span> <span class='ocrx_word' id='word_1_34' title='bbox 2222 706 2335 767; x_wconf 90' lang='lat' dir='ltr'>ha-</span> 
     </span>
    </p>
   </div>
   <div class='ocr_carea' id='block_1_5' title="bbox 754 806 2337 886">
    <p class='ocr_par' dir='ltr' id='par_1_5' title="bbox 754 806 2337 886">
     <span class='ocr_line' id='line_1_5' title="bbox 754 806 2337 886; baseline -0.005 -13"><span class='ocrx_word' id='word_1_35' title='bbox 754 812 906 873; x_wconf 88' lang='lat' dir='ltr'>bere</span> <span class='ocrx_word' id='word_1_36' title='bbox 960 808 1270 871; x_wconf 88' lang='lat' dir='ltr'>crederes.</span> <span class='ocrx_word' id='word_1_37' title='bbox 1336 808 1479 886; x_wconf 88' lang='lat' dir='ltr'>Ipsa</span> <span class='ocrx_word' id='word_1_38' title='bbox 1540 807 1917 867; x_wconf 78' lang='lat' dir='ltr'>monasteria</span> <span class='ocrx_word' id='word_1_39' title='bbox 1979 806 2337 867; x_wconf 82' lang='lat' dir='ltr'>etiamnunc</span> 
     </span>
    </p>
   </div>
   <div class='ocr_carea' id='block_1_6' title="bbox 755 903 2334 991">
    <p class='ocr_par' dir='ltr' id='par_1_6' title="bbox 755 903 2334 991">
     <span class='ocr_line' id='line_1_6' title="bbox 755 903 2334 991; baseline -0.006 -19"><span class='ocrx_word' id='word_1_40' title='bbox 755 911 1056 991; x_wconf 90' lang='lat' dir='ltr'>quadrata</span> <span class='ocrx_word' id='word_1_41' title='bbox 1098 913 1205 968; x_wconf 92' lang='lat' dir='ltr'>aut</span> <span class='ocrx_word' id='word_1_42' title='bbox 1244 904 1654 987; x_wconf 88' lang='lat' dir='ltr'>quadrilonga</span> <span class='ocrx_word' id='word_1_43' title='bbox 1682 903 1882 966; x_wconf 89' lang='lat' dir='ltr'>forma</span> <span class='ocrx_word' id='word_1_44' title='bbox 1916 912 2057 968; x_wconf 82' lang='lat' dir='ltr'>sunt</span> <span class='ocrx_word' id='word_1_45' title='bbox 2090 913 2151 965; x_wconf 92' lang='lat' dir='ltr'>et</span> <span class='ocrx_word' id='word_1_46' title='bbox 2194 922 2334 964; x_wconf 91' lang='lat' dir='ltr'>mu-</span> 
     </span>
    </p>
   </div>
   <div class='ocr_carea' id='block_1_7' title="bbox 756 1006 2333 1088">
    <p class='ocr_par' dir='ltr' id='par_1_7' title="bbox 756 1006 2333 1088">
     <span class='ocr_line' id='line_1_7' title="bbox 756 1006 2333 1088; baseline -0.005 -15"><span class='ocrx_word' id='word_1_47' title='bbox 756 1014 863 1086; x_wconf 90' lang='lat' dir='ltr'>ris,</span> <span class='ocrx_word' id='word_1_48' title='bbox 919 1012 1078 1072; x_wconf 90' lang='lat' dir='ltr'>intra</span> <span class='ocrx_word' id='word_1_49' title='bbox 1137 1026 1298 1088; x_wconf 87' lang='lat' dir='ltr'>quos</span> <span class='ocrx_word' id='word_1_50' title='bbox 1349 1006 1635 1067; x_wconf 85' lang='lat' dir='ltr'>hortulus</span> <span class='ocrx_word' id='word_1_51' title='bbox 1686 1006 1998 1079; x_wconf 87' lang='lat' dir='ltr'>nutritur,</span> <span class='ocrx_word' id='word_1_52' title='bbox 2048 1006 2333 1083; x_wconf 91' lang='lat' dir='ltr'>obsepta.</span> 
     </span>
    </p>
   </div>
   <div class='ocr_carea' id='block_1_8' title="bbox 756 1106 2339 1184">
    <p class='ocr_par' dir='ltr' id='par_1_8' title="bbox 756 1106 2339 1184">
     <span class='ocr_line' id='line_1_8' title="bbox 756 1106 2339 1184; baseline -0.005 -11"><span class='ocrx_word' id='word_1_53' title='bbox 756 1115 874 1173; x_wconf 84' lang='lat' dir='ltr'>Fac</span> <span class='ocrx_word' id='word_1_54' title='bbox 898 1117 957 1171; x_wconf 93' lang='lat' dir='ltr'>te</span> <span class='ocrx_word' id='word_1_55' title='bbox 984 1109 1195 1169; x_wconf 91' lang='lat' dir='ltr'>videre</span> <span class='ocrx_word' id='word_1_56' title='bbox 1218 1107 1342 1167; x_wconf 92' lang='lat' dir='ltr'>illic</span> <span class='ocrx_word' id='word_1_57' title='bbox 1374 1123 1588 1166; x_wconf 90' lang='lat' dir='ltr'>senem</span> <span class='ocrx_word' id='word_1_58' title='bbox 1614 1106 1927 1184; x_wconf 91' lang='lat' dir='ltr'>quendam</span> <span class='ocrx_word' id='word_1_59' title='bbox 1948 1113 2339 1178; x_wconf 80' lang='lat' dir='ltr'>caecum,ter</span> 
     </span>
    </p>
   </div>
   <div class='ocr_carea' id='block_1_9' title="bbox 757 1202 2340 1281">
    <p class='ocr_par' dir='ltr' id='par_1_9' title="bbox 757 1202 2340 1281">
     <span class='ocr_line' id='line_1_9' title="bbox 757 1202 2340 1281; baseline -0.004 -11"><span class='ocrx_word' id='word_1_60' title='bbox 757 1208 949 1270; x_wconf 87' lang='lat' dir='ltr'>altare</span> <span class='ocrx_word' id='word_1_61' title='bbox 979 1203 1606 1281; x_wconf 86' lang='lat' dir='ltr'>circumgredientem</span> <span class='ocrx_word' id='word_1_62' title='bbox 1637 1209 1697 1263; x_wconf 94' lang='lat' dir='ltr'>et</span> <span class='ocrx_word' id='word_1_63' title='bbox 1726 1202 1981 1263; x_wconf 91' lang='lat' dir='ltr'>iuvenili</span> <span class='ocrx_word' id='word_1_64' title='bbox 2010 1220 2163 1263; x_wconf 91' lang='lat' dir='ltr'>voce</span> <span class='ocrx_word' id='word_1_65' title='bbox 2193 1202 2340 1263; x_wconf 89' lang='lat' dir='ltr'>alle-</span> 
     </span>
    </p>
   </div>
   <div class='ocr_carea' id='block_1_10' title="bbox 757 1303 2338 1379">
    <p class='ocr_par' dir='ltr' id='par_1_10' title="bbox 757 1303 2338 1379">
     <span class='ocr_line' id='line_1_10' title="bbox 757 1303 2338 1379; baseline -0.004 -10"><span class='ocrx_word' id='word_1_66' title='bbox 757 1310 883 1369; x_wconf 92' lang='lat' dir='ltr'>luia</span> <span class='ocrx_word' id='word_1_67' title='bbox 915 1312 1265 1377; x_wconf 90' lang='lat' dir='ltr'>canentem,</span> <span class='ocrx_word' id='word_1_68' title='bbox 1293 1311 1399 1364; x_wconf 93' lang='lat' dir='ltr'>aut</span> <span class='ocrx_word' id='word_1_69' title='bbox 1421 1303 1594 1363; x_wconf 91' lang='lat' dir='ltr'>illum</span> <span class='ocrx_word' id='word_1_70' title='bbox 1621 1310 1873 1363; x_wconf 86' lang='lat' dir='ltr'>centum</span> <span class='ocrx_word' id='word_1_71' title='bbox 1894 1303 2111 1379; x_wconf 81' lang='lat' dir='ltr'>viginti</span> <span class='ocrx_word' id='word_1_72' title='bbox 2139 1320 2338 1363; x_wconf 90' lang='lat' dir='ltr'>annos</span> 
     </span>
    </p>
   </div>
   <div class='ocr_carea' id='block_1_11' title="bbox 758 1402 2341 1481">
    <p class='ocr_par' dir='ltr' id='par_1_11' title="bbox 758 1402 2341 1481">
     <span class='ocr_line' id='line_1_11' title="bbox 758 1402 2341 1481; baseline -0.004 -11"><span class='ocrx_word' id='word_1_73' title='bbox 758 1416 995 1479; x_wconf 89' lang='lat' dir='ltr'>natum,</span> <span class='ocrx_word' id='word_1_74' title='bbox 1016 1405 1173 1466; x_wconf 88' lang='lat' dir='ltr'>cella</span> <span class='ocrx_word' id='word_1_75' title='bbox 1197 1404 1623 1481; x_wconf 89' lang='lat' dir='ltr'>egredientem</span> <span class='ocrx_word' id='word_1_76' title='bbox 1655 1409 1716 1463; x_wconf 90' lang='lat' dir='ltr'>et</span> <span class='ocrx_word' id='word_1_77' title='bbox 1745 1403 2000 1464; x_wconf 89' lang='lat' dir='ltr'>abeunti</span> <span class='ocrx_word' id='word_1_78' title='bbox 2019 1402 2131 1463; x_wconf 88' lang='lat' dir='ltr'>tibi</span> <span class='ocrx_word' id='word_1_79' title='bbox 2150 1403 2341 1464; x_wconf 89' lang='lat' dir='ltr'>bene-</span> 
     </span>
    </p>
   </div>
   <div class='ocr_carea' id='block_1_12' title="bbox 757 1502 2340 1582">
    <p class='ocr_par' dir='ltr' id='par_1_12' title="bbox 757 1502 2340 1582">
     <span class='ocr_line' id='line_1_12' title="bbox 757 1502 2340 1582; baseline -0.003 -13"><span class='ocrx_word' id='word_1_80' title='bbox 757 1509 1093 1577; x_wconf 90' lang='lat' dir='ltr'>dicentem,</span> <span class='ocrx_word' id='word_1_81' title='bbox 1144 1502 1448 1564; x_wconf 78' lang='lat' dir='ltr'>ineffabili</span> <span class='ocrx_word' id='word_1_82' title='bbox 1492 1503 1628 1563; x_wconf 89' lang='lat' dir='ltr'>sine</span> <span class='ocrx_word' id='word_1_83' title='bbox 1666 1502 1860 1563; x_wconf 91' lang='lat' dir='ltr'>dubio</span> <span class='ocrx_word' id='word_1_84' title='bbox 1898 1510 1958 1563; x_wconf 91' lang='lat' dir='ltr'>et</span> <span class='ocrx_word' id='word_1_85' title='bbox 1990 1503 2153 1582; x_wconf 86' lang='lat' dir='ltr'>ipse,</span> <span class='ocrx_word' id='word_1_86' title='bbox 2179 1503 2340 1564; x_wconf 89' lang='lat' dir='ltr'>sicut</span> 
     </span>
    </p>
   </div>
   <div class='ocr_carea' id='block_1_13' title="bbox 754 1597 2335 1677">
    <p class='ocr_par' dir='ltr' id='par_1_13' title="bbox 754 1597 2335 1677">
     <span class='ocr_line' id='line_1_13' title="bbox 754 1597 2335 1677; baseline -0.005 -13"><span class='ocrx_word' id='word_1_87' title='bbox 754 1600 1185 1673; x_wconf 87' lang='lat' dir='ltr'>Tischendorf,</span> <span class='ocrx_word' id='word_1_88' title='bbox 1205 1598 1667 1677; x_wconf 91' lang='lat' dir='ltr'>perfundereris</span> <span class='ocrx_word' id='word_1_89' title='bbox 1684 1597 2102 1657; x_wconf 89' lang='lat' dir='ltr'>venerationis</span> <span class='ocrx_word' id='word_1_90' title='bbox 2124 1614 2335 1657; x_wconf 91' lang='lat' dir='ltr'>sensu.</span> 
     </span>
    </p>
   </div>
   <div class='ocr_carea' id='block_1_14' title="bbox 756 1696 2341 1778">
    <p class='ocr_par' dir='ltr' id='par_1_14' title="bbox 756 1696 2341 1778">
     <span class='ocr_line' id='line_1_14' title="bbox 756 1696 2341 1778; baseline -0.006 -13"><span class='ocrx_word' id='word_1_91' title='bbox 756 1705 1000 1765; x_wconf 91' lang='lat' dir='ltr'>Circum</span> <span class='ocrx_word' id='word_1_92' title='bbox 1045 1718 1139 1775; x_wconf 89' lang='lat' dir='ltr'>ea,</span> <span class='ocrx_word' id='word_1_93' title='bbox 1182 1716 1343 1778; x_wconf 91' lang='lat' dir='ltr'>quae</span> <span class='ocrx_word' id='word_1_94' title='bbox 1384 1697 1533 1771; x_wconf 81' lang='lat' dir='ltr'>dixi,</span> <span class='ocrx_word' id='word_1_95' title='bbox 1576 1703 1841 1775; x_wconf 90' lang='lat' dir='ltr'>quatuor</span> <span class='ocrx_word' id='word_1_96' title='bbox 1872 1696 2250 1757; x_wconf 85' lang='lat' dir='ltr'>monasteria</span> <span class='ocrx_word' id='word_1_97' title='bbox 2279 1702 2341 1756; x_wconf 89' lang='lat' dir='ltr'>et</span> 
     </span>
    </p>
   </div>
   <div class='ocr_carea' id='block_1_15' title="bbox 757 1798 2334 1879">
    <p class='ocr_par' dir='ltr' id='par_1_15' title="bbox 757 1798 2334 1879">
     <span class='ocr_line' id='line_1_15' title="bbox 757 1798 2334 1879; baseline -0.004 -13"><span class='ocrx_word' id='word_1_98' title='bbox 757 1805 987 1866; x_wconf 88' lang='lat' dir='ltr'>Nitriae</span> <span class='ocrx_word' id='word_1_99' title='bbox 1035 1812 1307 1873; x_wconf 86' lang='lat' dir='ltr'>montes,</span> <span class='ocrx_word' id='word_1_100' title='bbox 1364 1799 1495 1879; x_wconf 91' lang='lat' dir='ltr'>qui,</span> <span class='ocrx_word' id='word_1_101' title='bbox 1556 1798 1901 1876; x_wconf 91' lang='lat' dir='ltr'>paullulum</span> <span class='ocrx_word' id='word_1_102' title='bbox 1963 1800 2334 1872; x_wconf 85' lang='lat' dir='ltr'>eminentes,</span> 
     </span>
    </p>
   </div>
   <div class='ocr_carea' id='block_1_16' title="bbox 757 1897 2336 1985">
    <p class='ocr_par' dir='ltr' id='par_1_16' title="bbox 757 1897 2336 1985">
     <span class='ocr_line' id='line_1_16' title="bbox 757 1897 2336 1985; baseline -0.004 -19"><span class='ocrx_word' id='word_1_103' title='bbox 757 1906 1016 1985; x_wconf 89' lang='lat' dir='ltr'>paludes</span> <span class='ocrx_word' id='word_1_104' title='bbox 1046 1902 1181 1963; x_wconf 93' lang='lat' dir='ltr'>illas</span> <span class='ocrx_word' id='word_1_105' title='bbox 1205 1902 1271 1962; x_wconf 93' lang='lat' dir='ltr'>in</span> <span class='ocrx_word' id='word_1_106' title='bbox 1293 1900 1500 1979; x_wconf 88' lang='lat' dir='ltr'>ampla</span> <span class='ocrx_word' id='word_1_107' title='bbox 1529 1898 1685 1960; x_wconf 88' lang='lat' dir='ltr'>valle</span> <span class='ocrx_word' id='word_1_108' title='bbox 1704 1898 1848 1959; x_wconf 91' lang='lat' dir='ltr'>sitas</span> <span class='ocrx_word' id='word_1_109' title='bbox 1886 1897 2239 1972; x_wconf 85' lang='lat' dir='ltr'>includunt,</span> <span class='ocrx_word' id='word_1_110' title='bbox 2270 1898 2336 1960; x_wconf 90' lang='lat' dir='ltr'>in</span> 
     </span>
    </p>
   </div>
   <div class='ocr_carea' id='block_1_17' title="bbox 756 1995 2333 2080">
    <p class='ocr_par' dir='ltr' id='par_1_17' title="bbox 756 1995 2333 2080">
     <span class='ocr_line' id='line_1_17' title="bbox 756 1995 2333 2080; baseline -0.007 -12"><span class='ocrx_word' id='word_1_111' title='bbox 756 2005 1037 2068; x_wconf 87' lang='lat' dir='ltr'>arenosis</span> <span class='ocrx_word' id='word_1_112' title='bbox 1083 2009 1269 2080; x_wconf 91' lang='lat' dir='ltr'>atque</span> <span class='ocrx_word' id='word_1_113' title='bbox 1309 1999 1631 2060; x_wconf 90' lang='lat' dir='ltr'>immensis</span> <span class='ocrx_word' id='word_1_114' title='bbox 1682 1995 2145 2070; x_wconf 88' lang='lat' dir='ltr'>solitudinibus,</span> <span class='ocrx_word' id='word_1_115' title='bbox 2185 2013 2333 2076; x_wconf 88' lang='lat' dir='ltr'>per-</span> 
     </span>
    </p>
   </div>
   <div class='ocr_carea' id='block_1_18' title="bbox 756 2097 2333 2176">
    <p class='ocr_par' dir='ltr' id='par_1_18' title="bbox 756 2097 2333 2176">
     <span class='ocr_line' id='line_1_18' title="bbox 756 2097 2333 2176; baseline -0.006 -9"><span class='ocrx_word' id='word_1_116' title='bbox 756 2106 948 2167; x_wconf 90' lang='lat' dir='ltr'>multa</span> <span class='ocrx_word' id='word_1_117' title='bbox 996 2104 1142 2164; x_wconf 92' lang='lat' dir='ltr'>hinc</span> <span class='ocrx_word' id='word_1_118' title='bbox 1193 2101 1364 2163; x_wconf 89' lang='lat' dir='ltr'>illinc</span> <span class='ocrx_word' id='word_1_119' title='bbox 1404 2099 1653 2159; x_wconf 91' lang='lat' dir='ltr'>moenia</span> <span class='ocrx_word' id='word_1_120' title='bbox 1710 2097 2186 2176; x_wconf 91' lang='lat' dir='ltr'>conspiciuntur</span> <span class='ocrx_word' id='word_1_121' title='bbox 2238 2104 2333 2159; x_wconf 91' lang='lat' dir='ltr'>te-</span> 
     </span>
    </p>
   </div>
   <div class='ocr_carea' id='block_1_19' title="bbox 756 2199 2333 2282">
    <p class='ocr_par' dir='ltr' id='par_1_19' title="bbox 756 2199 2333 2282">
     <span class='ocr_line' id='line_1_19' title="bbox 756 2199 2333 2282; baseline -0.004 -14"><span class='ocrx_word' id='word_1_122' title='bbox 756 2206 1000 2278; x_wconf 89' lang='lat' dir='ltr'>stantia,</span> <span class='ocrx_word' id='word_1_123' title='bbox 1052 2208 1284 2282; x_wconf 91' lang='lat' dir='ltr'>quanta</span> <span class='ocrx_word' id='word_1_124' title='bbox 1332 2200 1479 2262; x_wconf 90' lang='lat' dir='ltr'>olim</span> <span class='ocrx_word' id='word_1_125' title='bbox 1514 2199 1602 2261; x_wconf 91' lang='lat' dir='ltr'>ibi</span> <span class='ocrx_word' id='word_1_126' title='bbox 1631 2199 1934 2261; x_wconf 79' lang='lat' dir='ltr'>exstiterit</span> <span class='ocrx_word' id='word_1_127' title='bbox 1971 2199 2154 2279; x_wconf 87' lang='lat' dir='ltr'>copia</span> <span class='ocrx_word' id='word_1_128' title='bbox 2194 2217 2333 2262; x_wconf 88' lang='lat' dir='ltr'>mo-</span> 
     </span>
    </p>
   </div>
   <div class='ocr_carea' id='block_1_20' title="bbox 755 2303 1305 2382">
    <p class='ocr_par' dir='ltr' id='par_1_20' title="bbox 755 2303 1305 2382">
     <span class='ocr_line' id='line_1_20' title="bbox 755 2303 1305 2382; baseline -0.011 -14"><span class='ocrx_word' id='word_1_129' title='bbox 755 2306 1170 2369; x_wconf 85' lang='lat' dir='ltr'>nasteriorum</span> <span class='ocrx_word' id='word_1_130' title='bbox 1197 2303 1214 2381; x_wconf 93' lang='lat'>(</span> <span class='ocrx_word' id='word_1_131' title='bbox 1226 2304 1305 2382; x_wconf 95' lang='lat'>1).</span> 
     </span>
    </p>
   </div>
   <div class='ocr_carea' id='block_1_21' title="bbox 838 2402 2338 2484">
    <p class='ocr_par' dir='ltr' id='par_1_21' title="bbox 838 2402 2338 2484">
     <span class='ocr_line' id='line_1_21' title="bbox 838 2402 2338 2484; baseline -0.004 -15"><span class='ocrx_word' id='word_1_132' title='bbox 838 2412 865 2484; x_wconf 87' lang='lat'><strong>§</strong></span> <span class='ocrx_word' id='word_1_133' title='bbox 901 2407 966 2468; x_wconf 78' lang='lat'>2.</span> <span class='ocrx_word' id='word_1_134' title='bbox 1014 2405 1319 2468; x_wconf 87' lang='lat' dir='ltr'>Macarius</span> <span class='ocrx_word' id='word_1_135' title='bbox 1346 2403 1474 2475; x_wconf 90' lang='lat' dir='ltr'>ille,</span> <span class='ocrx_word' id='word_1_136' title='bbox 1508 2402 1685 2464; x_wconf 91' lang='lat' dir='ltr'>cuius</span> <span class='ocrx_word' id='word_1_137' title='bbox 1710 2402 1966 2464; x_wconf 89' lang='lat' dir='ltr'>nomine</span> <span class='ocrx_word' id='word_1_138' title='bbox 2000 2418 2248 2464; x_wconf 86' lang='lat' dir='ltr'>eremus</span> <span class='ocrx_word' id='word_1_139' title='bbox 2277 2408 2338 2463; x_wconf 90' lang='lat' dir='ltr'>et</span> 
     </span>
    </p>
   </div>
   <div class='ocr_carea' id='block_1_22' title="bbox 754 2501 2336 2582">
    <p class='ocr_par' dir='ltr' id='par_1_22' title="bbox 754 2501 2336 2582">
     <span class='ocr_line' id='line_1_22' title="bbox 754 2501 2336 2582; baseline -0.004 -13"><span class='ocrx_word' id='word_1_140' title='bbox 754 2506 1131 2569; x_wconf 88' lang='lat' dir='ltr'>monasteria</span> <span class='ocrx_word' id='word_1_141' title='bbox 1188 2503 1530 2565; x_wconf 91' lang='lat' dir='ltr'>hodiedum</span> <span class='ocrx_word' id='word_1_142' title='bbox 1591 2501 1987 2582; x_wconf 90' lang='lat' dir='ltr'>appellantur</span> <span class='ocrx_word' id='word_1_143' title='bbox 2032 2536 2108 2545; x_wconf 93' lang='lat'>—</span> <span class='ocrx_word' id='word_1_144' title='bbox 2142 2502 2336 2581; x_wconf 90' lang='lat' dir='ltr'>ipsius</span> 
     </span>
    </p>
   </div>
   <div class='ocr_carea' id='block_1_23' title="bbox 753 2604 2337 2686">
    <p class='ocr_par' dir='ltr' id='par_1_23' title="bbox 753 2604 2337 2686">
     <span class='ocr_line' id='line_1_23' title="bbox 753 2604 2337 2686; baseline -0.003 -16"><span class='ocrx_word' id='word_1_145' title='bbox 753 2612 985 2686; x_wconf 80' lang='lat' dir='ltr'>imago,</span> <span class='ocrx_word' id='word_1_146' title='bbox 1029 2624 1152 2686; x_wconf 82' lang='lat' dir='ltr'>qua</span> <span class='ocrx_word' id='word_1_147' title='bbox 1182 2605 1405 2667; x_wconf 90' lang='lat' dir='ltr'>baculo</span> <span class='ocrx_word' id='word_1_148' title='bbox 1452 2604 1706 2665; x_wconf 83' lang='lat' dir='ltr'>innixus</span> <span class='ocrx_word' id='word_1_149' title='bbox 1750 2604 2157 2684; x_wconf 86' lang='lat' dir='ltr'>conspicitur,</span> <span class='ocrx_word' id='word_1_150' title='bbox 2198 2604 2337 2666; x_wconf 91' lang='lat' dir='ltr'>istic</span> 
     </span>
    </p>
   </div>
   <div class='ocr_carea' id='block_1_24' title="bbox 754 2704 2339 2791">
    <p class='ocr_par' dir='ltr' id='par_1_24' title="bbox 754 2704 2339 2791">
     <span class='ocr_line' id='line_1_24' title="bbox 754 2704 2339 2791; baseline -0.005 -18"><span class='ocrx_word' id='word_1_151' title='bbox 754 2710 1259 2791; x_wconf 83' lang='lat' dir='ltr'>frequentissima</span> <span class='ocrx_word' id='word_1_152' title='bbox 1332 2714 1421 2768; x_wconf 86' lang='lat' dir='ltr'>est</span> <span class='ocrx_word' id='word_1_153' title='bbox 1465 2705 1544 2787; x_wconf 73' lang='lat'>(2)</span> <span class='ocrx_word' id='word_1_154' title='bbox 1580 2742 1656 2751; x_wconf 90' lang='lat'><strong>—</strong></span> <span class='ocrx_word' id='word_1_155' title='bbox 1686 2706 1807 2767; x_wconf 89' lang='lat' dir='ltr'>nisi</span> <span class='ocrx_word' id='word_1_156' title='bbox 1841 2724 1942 2768; x_wconf 90' lang='lat' dir='ltr'>me</span> <span class='ocrx_word' id='word_1_157' title='bbox 1989 2705 2201 2767; x_wconf 91' lang='lat' dir='ltr'>omnia</span> <span class='ocrx_word' id='word_1_158' title='bbox 2230 2704 2339 2766; x_wconf 90' lang='lat' dir='ltr'>fal-</span> 
     </span>
    </p>
   </div>
   <div class='ocr_carea' id='block_1_25' title="bbox 756 2811 2338 2894">
    <p class='ocr_par' dir='ltr' id='par_1_25' title="bbox 756 2811 2338 2894">
     <span class='ocr_line' id='line_1_25' title="bbox 756 2811 2338 2894; baseline -0.004 -16"><span class='ocrx_word' id='word_1_159' title='bbox 756 2817 916 2890; x_wconf 92' lang='lat' dir='ltr'>lunt,</span> <span class='ocrx_word' id='word_1_160' title='bbox 948 2815 1289 2894; x_wconf 77' lang='lat' dir='ltr'>Aegyptius</span> <span class='ocrx_word' id='word_1_161' title='bbox 1335 2812 1636 2875; x_wconf 86' lang='lat' dir='ltr'>Macarius</span> <span class='ocrx_word' id='word_1_162' title='bbox 1675 2812 1814 2886; x_wconf 89' lang='lat' dir='ltr'>fuit,</span> <span class='ocrx_word' id='word_1_163' title='bbox 1855 2812 2095 2893; x_wconf 91' lang='lat' dir='ltr'>primus</span> <span class='ocrx_word' id='word_1_164' title='bbox 2144 2811 2338 2873; x_wconf 92' lang='lat' dir='ltr'>Scetis</span> 
     </span>
    </p>
   </div>
   <div class='ocr_carea' id='block_1_26' title="bbox 756 2912 2341 2994">
    <p class='ocr_par' dir='ltr' id='par_1_26' title="bbox 756 2912 2341 2994">
     <span class='ocr_line' id='line_1_26' title="bbox 756 2912 2341 2994; baseline -0.004 -16"><span class='ocrx_word' id='word_1_165' title='bbox 756 2917 1112 2979; x_wconf 82' lang='lat' dir='ltr'>solitudinis</span> <span class='ocrx_word' id='word_1_166' title='bbox 1138 2914 1345 2976; x_wconf 88' lang='lat' dir='ltr'>incola</span> <span class='ocrx_word' id='word_1_167' title='bbox 1386 2914 1494 2994; x_wconf 91' lang='lat'>(3),</span> <span class='ocrx_word' id='word_1_168' title='bbox 1540 2912 1743 2974; x_wconf 91' lang='lat' dir='ltr'>clarus</span> <span class='ocrx_word' id='word_1_169' title='bbox 1773 2912 2120 2985; x_wconf 86' lang='lat' dir='ltr'>virtutibus,</span> <span class='ocrx_word' id='word_1_170' title='bbox 2166 2928 2341 2988; x_wconf 76' lang='lat' dir='ltr'>egre-</span> 
     </span>
    </p>
   </div>
   <div class='ocr_carea' id='block_1_27' title="bbox 759 3012 2337 3097">
    <p class='ocr_par' dir='ltr' id='par_1_27' title="bbox 759 3012 2337 3097">
     <span class='ocr_line' id='line_1_27' title="bbox 759 3012 2337 3097; baseline -0.003 -17"><span class='ocrx_word' id='word_1_171' title='bbox 759 3018 898 3097; x_wconf 89' lang='lat' dir='ltr'>gius</span> <span class='ocrx_word' id='word_1_172' title='bbox 929 3024 1119 3097; x_wconf 89' lang='lat' dir='ltr'>atque</span> <span class='ocrx_word' id='word_1_173' title='bbox 1160 3015 1427 3077; x_wconf 91' lang='lat' dir='ltr'>invictus</span> <span class='ocrx_word' id='word_1_174' title='bbox 1448 3012 1679 3075; x_wconf 89' lang='lat' dir='ltr'>athleta</span> <span class='ocrx_word' id='word_1_175' title='bbox 1705 3012 1815 3075; x_wconf 91' lang='lat' dir='ltr'>Dei</span> <span class='ocrx_word' id='word_1_176' title='bbox 1842 3012 1948 3093; x_wconf 75' lang='lat'>(4).</span> <span class='ocrx_word' id='word_1_177' title='bbox 1982 3017 2066 3075; x_wconf 84' lang='lat' dir='ltr'>Ac</span> <span class='ocrx_word' id='word_1_178' title='bbox 2087 3014 2337 3075; x_wconf 88' lang='lat' dir='ltr'>moenia</span> 
     </span>
    </p>
   </div>
   <div class='ocr_carea' id='block_1_28' title="bbox 759 3114 2337 3195">
    <p class='ocr_par' dir='ltr' id='par_1_28' title="bbox 759 3114 2337 3195">
     <span class='ocr_line' id='line_1_28' title="bbox 759 3114 2337 3195; baseline -0.003 -16"><span class='ocrx_word' id='word_1_179' title='bbox 759 3119 984 3191; x_wconf 74' lang='lat' dir='ltr'>vicina,</span> <span class='ocrx_word' id='word_1_180' title='bbox 1008 3133 1168 3195; x_wconf 89' lang='lat' dir='ltr'>quae</span> <span class='ocrx_word' id='word_1_181' title='bbox 1190 3116 1254 3177; x_wconf 93' lang='lat' dir='ltr'>in</span> <span class='ocrx_word' id='word_1_182' title='bbox 1275 3114 1498 3175; x_wconf 89' lang='lat' dir='ltr'>mediis</span> <span class='ocrx_word' id='word_1_183' title='bbox 1526 3114 1648 3175; x_wconf 90' lang='lat' dir='ltr'>illis</span> <span class='ocrx_word' id='word_1_184' title='bbox 1677 3114 1939 3175; x_wconf 87' lang='lat' dir='ltr'>desertis</span> <span class='ocrx_word' id='word_1_185' title='bbox 1961 3114 2337 3175; x_wconf 86' lang='lat' dir='ltr'>creberrima</span> 
     </span>
    </p>
   </div>
   <div class='ocr_carea' id='block_1_29' title="bbox 2439 601 4020 682">
    <p class='ocr_par' dir='ltr' id='par_1_29' title="bbox 2439 601 4020 682">
     <span class='ocr_line' id='line_1_29' title="bbox 2439 601 4020 682; baseline 0.005 -20"><span class='ocrx_word' id='word_1_186' title='bbox 2439 601 2742 663; x_wconf 88' lang='lat' dir='ltr'>ecclesiae</span> <span class='ocrx_word' id='word_1_187' title='bbox 2794 604 3169 682; x_wconf 89' lang='lat' dir='ltr'>parochialis</span> <span class='ocrx_word' id='word_1_188' title='bbox 3220 605 3285 665; x_wconf 91' lang='lat' dir='ltr'>in</span> <span class='ocrx_word' id='word_1_189' title='bbox 3349 605 3655 678; x_wconf 86' lang='lat' dir='ltr'>Suchem,</span> <span class='ocrx_word' id='word_1_190' title='bbox 3713 606 4020 670; x_wconf 72' lang='lat' dir='ltr'>dioecesrs</span> 
     </span>
    </p>
   </div>
   <div class='ocr_carea' id='block_1_30' title="bbox 2437 703 4021 779">
    <p class='ocr_par' dir='ltr' id='par_1_30' title="bbox 2437 703 4021 779">
     <span class='ocr_line' id='line_1_30' title="bbox 2437 703 4021 779; baseline 0.003 -16"><span class='ocrx_word' id='word_1_191' title='bbox 2437 703 2993 779; x_wconf 89' lang='lat' dir='ltr'>Paderbornensis,</span> <span class='ocrx_word' id='word_1_192' title='bbox 3048 704 3115 765; x_wconf 92' lang='lat' dir='ltr'>in</span> <span class='ocrx_word' id='word_1_193' title='bbox 3155 704 3314 766; x_wconf 89' lang='lat' dir='ltr'>libro</span> <span class='ocrx_word' id='word_1_194' title='bbox 3348 730 3373 759; x_wconf 79' lang='grc' dir='ltr'><strong>α</strong></span> <span class='ocrx_word' id='word_1_195' title='bbox 3419 706 3504 765; x_wconf 93' lang='lat' dir='ltr'>De</span> <span class='ocrx_word' id='word_1_196' title='bbox 3544 706 3770 767; x_wconf 89' lang='lat' dir='ltr'>itinere</span> <span class='ocrx_word' id='word_1_197' title='bbox 3819 714 4021 769; x_wconf 78' lang='lat' dir='ltr'>terrae</span> 
     </span>
    </p>
   </div>
   <div class='ocr_carea' id='block_1_31' title="bbox 2437 795 4022 885">
    <p class='ocr_par' dir='ltr' id='par_1_31' title="bbox 2437 795 4022 885">
     <span class='ocr_line' id='line_1_31' title="bbox 2437 795 4022 885; baseline -0.001 -20"><span class='ocrx_word' id='word_1_198' title='bbox 2437 812 2711 880; x_wconf 89' lang='lat' dir='ltr'>sanctae,</span> <span class='ocrx_word' id='word_1_199' title='bbox 2750 830 2775 860; x_wconf 75' lang='grc' dir='ltr'>ι)</span> <span class='ocrx_word' id='word_1_200' title='bbox 2824 824 3013 885; x_wconf 88' lang='lat' dir='ltr'>quem</span> <span class='ocrx_word' id='word_1_201' title='bbox 3052 806 3217 867; x_wconf 82' lang='lat' dir='ltr'>circa</span> <span class='ocrx_word' id='word_1_202' title='bbox 3250 795 3305 867; x_wconf 81' lang='lat' dir='ltr'>a.</span> <span class='ocrx_word' id='word_1_203' title='bbox 3353 804 3505 866; x_wconf 87' lang='lat'>1350</span> <span class='ocrx_word' id='word_1_204' title='bbox 3533 809 3910 885; x_wconf 92' lang='lat' dir='ltr'>composuit,</span> <span class='ocrx_word' id='word_1_205' title='bbox 3943 808 4022 869; x_wconf 76' lang='lat' dir='ltr'>de</span> 
     </span>
    </p>
   </div>
   <div class='ocr_carea' id='block_1_32' title="bbox 2437 905 4013 984">
    <p class='ocr_par' dir='ltr' id='par_1_32' title="bbox 2437 905 4013 984">
     <span class='ocr_line' id='line_1_32' title="bbox 2437 905 4013 984; baseline 0.003 -20"><span class='ocrx_word' id='word_1_206' title='bbox 2437 905 2559 965; x_wconf 89' lang='lat' dir='ltr'>illis</span> <span class='ocrx_word' id='word_1_207' title='bbox 2580 907 2973 967; x_wconf 87' lang='lat' dir='ltr'>monasteriis</span> <span class='ocrx_word' id='word_1_208' title='bbox 2994 905 3149 967; x_wconf 91' lang='lat' dir='ltr'>haec</span> <span class='ocrx_word' id='word_1_209' title='bbox 3170 906 3422 967; x_wconf 89' lang='lat' dir='ltr'>tradidit</span> <span class='ocrx_word' id='word_1_210' title='bbox 3445 924 3456 965; x_wconf 90' lang='lat'><em>:</em></span> <span class='ocrx_word' id='word_1_211' title='bbox 3477 928 3505 959; x_wconf 74' lang='grc' dir='ltr'><strong><em>α</em></strong></span> <span class='ocrx_word' id='word_1_212' title='bbox 3521 908 3675 967; x_wconf 92' lang='lat' dir='ltr'>Item</span> <span class='ocrx_word' id='word_1_213' title='bbox 3716 906 3780 967; x_wconf 92' lang='lat' dir='ltr'>in</span> <span class='ocrx_word' id='word_1_214' title='bbox 3826 910 4013 984; x_wconf 75' lang='lat' dir='ltr'>Aegy-</span> 
     </span>
    </p>
   </div>
   <div class='ocr_carea' id='block_1_33' title="bbox 2440 1005 4021 1085">
    <p class='ocr_par' dir='ltr' id='par_1_33' title="bbox 2440 1005 4021 1085">
     <span class='ocr_line' id='line_1_33' title="bbox 2440 1005 4021 1085; baseline 0 -18"><span class='ocrx_word' id='word_1_215' title='bbox 2440 1012 2551 1083; x_wconf 89' lang='lat' dir='ltr'>pto</span> <span class='ocrx_word' id='word_1_216' title='bbox 2579 1005 2785 1068; x_wconf 91' lang='lat' dir='ltr'>adhuc</span> <span class='ocrx_word' id='word_1_217' title='bbox 2816 1024 3003 1085; x_wconf 92' lang='lat' dir='ltr'>quam</span> <span class='ocrx_word' id='word_1_218' title='bbox 3030 1006 3293 1085; x_wconf 92' lang='lat' dir='ltr'>plurima</span> <span class='ocrx_word' id='word_1_219' title='bbox 3315 1014 3477 1067; x_wconf 90' lang='lat' dir='ltr'>stant</span> <span class='ocrx_word' id='word_1_220' title='bbox 3497 1008 3735 1084; x_wconf 89' lang='lat' dir='ltr'>integra</span> <span class='ocrx_word' id='word_1_221' title='bbox 3758 1007 4021 1069; x_wconf 89' lang='lat' dir='ltr'>claustra</span> 
     </span>
    </p>
   </div>
   <div class='ocr_carea' id='block_1_34' title="bbox 2439 1105 4021 1181">
    <p class='ocr_par' dir='ltr' id='par_1_34' title="bbox 2439 1105 4021 1181">
     <span class='ocr_line' id='line_1_34' title="bbox 2439 1105 4021 1181; baseline 0.003 -15"><span class='ocrx_word' id='word_1_222' title='bbox 2439 1114 2499 1167; x_wconf 93' lang='lat' dir='ltr'>et</span> <span class='ocrx_word' id='word_1_223' title='bbox 2526 1106 2927 1180; x_wconf 89' lang='lat' dir='ltr'>monasteria,</span> <span class='ocrx_word' id='word_1_224' title='bbox 2948 1105 3251 1167; x_wconf 90' lang='lat' dir='ltr'>ecclesiae</span> <span class='ocrx_word' id='word_1_225' title='bbox 3281 1114 3343 1166; x_wconf 87' lang='lat' dir='ltr'>et</span> <span class='ocrx_word' id='word_1_226' title='bbox 3375 1108 3745 1181; x_wconf 89' lang='lat' dir='ltr'>eremitaria,</span> <span class='ocrx_word' id='word_1_227' title='bbox 3786 1107 3896 1169; x_wconf 90' lang='lat' dir='ltr'>sed</span> <span class='ocrx_word' id='word_1_228' title='bbox 3927 1115 4021 1169; x_wconf 86' lang='lat' dir='ltr'>ta-</span> 
     </span>
    </p>
   </div>
   <div class='ocr_carea' id='block_1_35' title="bbox 2437 1206 4019 1287">
    <p class='ocr_par' dir='ltr' id='par_1_35' title="bbox 2437 1206 4019 1287">
     <span class='ocr_line' id='line_1_35' title="bbox 2437 1206 4019 1287; baseline 0.004 -22"><span class='ocrx_word' id='word_1_229' title='bbox 2437 1222 2585 1266; x_wconf 90' lang='lat' dir='ltr'>men</span> <span class='ocrx_word' id='word_1_230' title='bbox 2634 1206 2900 1279; x_wconf 91' lang='lat' dir='ltr'>deserta,</span> <span class='ocrx_word' id='word_1_231' title='bbox 2952 1213 3014 1267; x_wconf 93' lang='lat' dir='ltr'>et</span> <span class='ocrx_word' id='word_1_232' title='bbox 3053 1207 3289 1285; x_wconf 84' lang='lat' dir='ltr'>Optime</span> <span class='ocrx_word' id='word_1_233' title='bbox 3332 1207 3602 1285; x_wconf 89' lang='lat' dir='ltr'>depicta,</span> <span class='ocrx_word' id='word_1_234' title='bbox 3635 1208 3744 1268; x_wconf 93' lang='lat' dir='ltr'>sed</span> <span class='ocrx_word' id='word_1_235' title='bbox 3782 1209 4019 1287; x_wconf 90' lang='lat' dir='ltr'>pictura</span> 
     </span>
    </p>
   </div>
   <div class='ocr_carea' id='block_1_36' title="bbox 2437 1307 4021 1388">
    <p class='ocr_par' dir='ltr' id='par_1_36' title="bbox 2437 1307 4021 1388">
     <span class='ocr_line' id='line_1_36' title="bbox 2437 1307 4021 1388; baseline 0.004 -24"><span class='ocrx_word' id='word_1_236' title='bbox 2437 1323 2555 1385; x_wconf 89' lang='lat' dir='ltr'>per</span> <span class='ocrx_word' id='word_1_237' title='bbox 2618 1307 2963 1368; x_wconf 91' lang='lat' dir='ltr'>Saracenos</span> <span class='ocrx_word' id='word_1_238' title='bbox 3021 1314 3115 1367; x_wconf 93' lang='lat' dir='ltr'>est</span> <span class='ocrx_word' id='word_1_239' title='bbox 3176 1307 3592 1369; x_wconf 89' lang='lat' dir='ltr'>diversimode</span> <span class='ocrx_word' id='word_1_240' title='bbox 3651 1310 4021 1388; x_wconf 82' lang='lat' dir='ltr'>vituperata.</span> 
     </span>
    </p>
   </div>
   <div class='ocr_carea' id='block_1_37' title="bbox 2436 1405 4023 1485">
    <p class='ocr_par' dir='ltr' id='par_1_37' title="bbox 2436 1405 4023 1485">
     <span class='ocr_line' id='line_1_37' title="bbox 2436 1405 4023 1485; baseline 0.001 -20"><span class='ocrx_word' id='word_1_241' title='bbox 2436 1406 2594 1465; x_wconf 89' lang='lat' dir='ltr'>Item</span> <span class='ocrx_word' id='word_1_242' title='bbox 2626 1406 2689 1466; x_wconf 94' lang='lat' dir='ltr'>in</span> <span class='ocrx_word' id='word_1_243' title='bbox 2734 1405 2997 1466; x_wconf 92' lang='lat' dir='ltr'>desertis</span> <span class='ocrx_word' id='word_1_244' title='bbox 3036 1407 3301 1485; x_wconf 80' lang='lat' dir='ltr'>Aegypti</span> <span class='ocrx_word' id='word_1_245' title='bbox 3331 1406 3535 1468; x_wconf 90' lang='lat' dir='ltr'>adhuc</span> <span class='ocrx_word' id='word_1_246' title='bbox 3564 1414 3655 1468; x_wconf 92' lang='lat' dir='ltr'>tot</span> <span class='ocrx_word' id='word_1_247' title='bbox 3698 1416 3862 1469; x_wconf 90' lang='lat' dir='ltr'>stant</span> <span class='ocrx_word' id='word_1_248' title='bbox 3892 1408 4023 1469; x_wconf 91' lang='lat' dir='ltr'>cel-</span> 
     </span>
    </p>
   </div>
   <div class='ocr_carea' id='block_1_38' title="bbox 2436 1503 4021 1588">
    <p class='ocr_par' dir='ltr' id='par_1_38' title="bbox 2436 1503 4021 1588">
     <span class='ocr_line' id='line_1_38' title="bbox 2436 1503 4021 1588; baseline 0.004 -24"><span class='ocrx_word' id='word_1_249' title='bbox 2436 1503 2601 1566; x_wconf 91' lang='lat' dir='ltr'>lulae</span> <span class='ocrx_word' id='word_1_250' title='bbox 2635 1514 2695 1566; x_wconf 91' lang='lat' dir='ltr'>et</span> <span class='ocrx_word' id='word_1_251' title='bbox 2743 1512 3100 1567; x_wconf 91' lang='lat' dir='ltr'>sanctorum</span> <span class='ocrx_word' id='word_1_252' title='bbox 3136 1508 3383 1567; x_wconf 86' lang='lat' dir='ltr'>Patrum</span> <span class='ocrx_word' id='word_1_253' title='bbox 3433 1509 3806 1583; x_wconf 88' lang='lat' dir='ltr'>eremitaria,</span> <span class='ocrx_word' id='word_1_254' title='bbox 3852 1510 4021 1588; x_wconf 91' lang='lat' dir='ltr'>quod</span> 
     </span>
    </p>
   </div>
   <div class='ocr_carea' id='block_1_39' title="bbox 2437 1605 4021 1685">
    <p class='ocr_par' dir='ltr' id='par_1_39' title="bbox 2437 1605 4021 1685">
     <span class='ocr_line' id='line_1_39' title="bbox 2437 1605 4021 1685; baseline 0.003 -20"><span class='ocrx_word' id='word_1_255' title='bbox 2437 1605 2504 1665; x_wconf 91' lang='lat' dir='ltr'>in</span> <span class='ocrx_word' id='word_1_256' title='bbox 2542 1605 2857 1683; x_wconf 91' lang='lat' dir='ltr'>aliquibus</span> <span class='ocrx_word' id='word_1_257' title='bbox 2904 1606 3081 1679; x_wconf 91' lang='lat' dir='ltr'>locis,</span> <span class='ocrx_word' id='word_1_258' title='bbox 3116 1611 3186 1667; x_wconf 93' lang='lat' dir='ltr'>ut</span> <span class='ocrx_word' id='word_1_259' title='bbox 3227 1606 3441 1679; x_wconf 90' lang='lat' dir='ltr'>credo,</span> <span class='ocrx_word' id='word_1_260' title='bbox 3474 1624 3588 1685; x_wconf 90' lang='lat' dir='ltr'>per</span> <span class='ocrx_word' id='word_1_261' title='bbox 3617 1608 3744 1670; x_wconf 93' lang='lat' dir='ltr'>duo</span> <span class='ocrx_word' id='word_1_262' title='bbox 3776 1609 3871 1671; x_wconf 91' lang='lat' dir='ltr'>vel</span> <span class='ocrx_word' id='word_1_263' title='bbox 3907 1610 4021 1670; x_wconf 88' lang='lat' dir='ltr'>tria</span> 
     </span>
    </p>
   </div>
   <div class='ocr_carea' id='block_1_40' title="bbox 2438 1702 4023 1785">
    <p class='ocr_par' dir='ltr' id='par_1_40' title="bbox 2438 1702 4023 1785">
     <span class='ocr_line' id='line_1_40' title="bbox 2438 1702 4023 1785; baseline 0.003 -22"><span class='ocrx_word' id='word_1_264' title='bbox 2438 1702 2746 1777; x_wconf 87' lang='lat' dir='ltr'>milliaria,</span> <span class='ocrx_word' id='word_1_265' title='bbox 2778 1704 2857 1764; x_wconf 93' lang='lat' dir='ltr'>de</span> <span class='ocrx_word' id='word_1_266' title='bbox 2886 1721 3015 1764; x_wconf 93' lang='lat' dir='ltr'>uno</span> <span class='ocrx_word' id='word_1_267' title='bbox 3063 1704 3140 1765; x_wconf 93' lang='lat' dir='ltr'>ad</span> <span class='ocrx_word' id='word_1_268' title='bbox 3184 1704 3352 1765; x_wconf 90' lang='lat' dir='ltr'>aliud</span> <span class='ocrx_word' id='word_1_269' title='bbox 3394 1707 3592 1784; x_wconf 89' lang='lat' dir='ltr'>possit</span> <span class='ocrx_word' id='word_1_270' title='bbox 3633 1709 3928 1785; x_wconf 89' lang='lat' dir='ltr'>sagittari,</span> <span class='ocrx_word' id='word_1_271' title='bbox 3962 1715 4023 1770; x_wconf 87' lang='lat' dir='ltr'>et</span> 
     </span>
    </p>
   </div>
   <div class='ocr_carea' id='block_1_41' title="bbox 2438 1803 4024 1894">
    <p class='ocr_par' dir='ltr' id='par_1_41' title="bbox 2438 1803 4024 1894">
     <span class='ocr_line' id='line_1_41' title="bbox 2438 1803 4024 1894; baseline 0.005 -31"><span class='ocrx_word' id='word_1_272' title='bbox 2438 1804 2504 1863; x_wconf 90' lang='lat' dir='ltr'>in</span> <span class='ocrx_word' id='word_1_273' title='bbox 2528 1821 2716 1882; x_wconf 89' lang='lat' dir='ltr'>quam</span> <span class='ocrx_word' id='word_1_274' title='bbox 2756 1804 3042 1894; x_wconf 88' lang='lat' dir='ltr'>pluribus</span> <span class='ocrx_word' id='word_1_275' title='bbox 3081 1803 3286 1865; x_wconf 91' lang='lat' dir='ltr'>adhuc</span> <span class='ocrx_word' id='word_1_276' title='bbox 3318 1803 3555 1882; x_wconf 83' lang='lat' dir='ltr'>degunt</span> <span class='ocrx_word' id='word_1_277' title='bbox 3588 1807 3722 1867; x_wconf 92' lang='lat' dir='ltr'>Indi</span> <span class='ocrx_word' id='word_1_278' title='bbox 3754 1810 4024 1871; x_wconf 89' lang='lat' dir='ltr'>Nubiani</span> 
     </span>
    </p>
   </div>
   <div class='ocr_carea' id='block_1_42' title="bbox 2441 1905 4025 1979">
    <p class='ocr_par' dir='ltr' id='par_1_42' title="bbox 2441 1905 4025 1979">
     <span class='ocr_line' id='line_1_42' title="bbox 2441 1905 4025 1979; baseline 0.002 -12"><span class='ocrx_word' id='word_1_279' title='bbox 2441 1913 2502 1967; x_wconf 92' lang='lat' dir='ltr'>et</span> <span class='ocrx_word' id='word_1_280' title='bbox 2531 1907 2800 1979; x_wconf 91' lang='lat' dir='ltr'>Suriani,</span> <span class='ocrx_word' id='word_1_281' title='bbox 2833 1906 2910 1967; x_wconf 89' lang='lat' dir='ltr'>ad</span> <span class='ocrx_word' id='word_1_282' title='bbox 2951 1905 3239 1967; x_wconf 92' lang='lat' dir='ltr'>ordinem</span> <span class='ocrx_word' id='word_1_283' title='bbox 3286 1908 3483 1967; x_wconf 91' lang='lat' dir='ltr'>sancti</span> <span class='ocrx_word' id='word_1_284' title='bbox 3513 1909 3766 1969; x_wconf 87' lang='lat' dir='ltr'>Antonii</span> <span class='ocrx_word' id='word_1_285' title='bbox 3806 1917 3867 1969; x_wconf 94' lang='lat' dir='ltr'>et</span> <span class='ocrx_word' id='word_1_286' title='bbox 3898 1912 4025 1971; x_wconf 84' lang='lat' dir='ltr'>Ma-</span> 
     </span>
    </p>
   </div>
   <div class='ocr_carea' id='block_1_43' title="bbox 2440 2001 4025 2085">
    <p class='ocr_par' dir='ltr' id='par_1_43' title="bbox 2440 2001 4025 2085">
     <span class='ocr_line' id='line_1_43' title="bbox 2440 2001 4025 2085; baseline 0.003 -22"><span class='ocrx_word' id='word_1_287' title='bbox 2440 2004 2590 2064; x_wconf 89' lang='lat' dir='ltr'>carii</span> <span class='ocrx_word' id='word_1_288' title='bbox 2652 2020 2719 2064; x_wconf 86' lang='lat' dir='ltr'>se</span> <span class='ocrx_word' id='word_1_289' title='bbox 2775 2002 3099 2064; x_wconf 89' lang='lat' dir='ltr'>habentes.</span> <span class='ocrx_word' id='word_1_290' title='bbox 3142 2004 3211 2063; x_wconf 94' lang='lat' dir='ltr'>In</span> <span class='ocrx_word' id='word_1_291' title='bbox 3247 2001 3344 2063; x_wconf 91' lang='lat' dir='ltr'>his</span> <span class='ocrx_word' id='word_1_292' title='bbox 3390 2004 3653 2066; x_wconf 88' lang='lat' dir='ltr'>desertis</span> <span class='ocrx_word' id='word_1_293' title='bbox 3701 2006 3865 2067; x_wconf 92' lang='lat' dir='ltr'>Deus</span> <span class='ocrx_word' id='word_1_294' title='bbox 3910 2024 4025 2085; x_wconf 85' lang='lat' dir='ltr'>per</span> 
     </span>
    </p>
   </div>
   <div class='ocr_carea' id='block_1_44' title="bbox 2440 2102 4025 2186">
    <p class='ocr_par' dir='ltr' id='par_1_44' title="bbox 2440 2102 4025 2186">
     <span class='ocr_line' id='line_1_44' title="bbox 2440 2102 4025 2186; baseline 0.001 -20"><span class='ocrx_word' id='word_1_295' title='bbox 2440 2110 2687 2166; x_wconf 90' lang='lat' dir='ltr'>sanctos</span> <span class='ocrx_word' id='word_1_296' title='bbox 2708 2106 2919 2165; x_wconf 86' lang='lat' dir='ltr'>Patres</span> <span class='ocrx_word' id='word_1_297' title='bbox 2935 2103 3128 2164; x_wconf 90' lang='lat' dir='ltr'>multa</span> <span class='ocrx_word' id='word_1_298' title='bbox 3156 2102 3460 2165; x_wconf 88' lang='lat' dir='ltr'>mirabilia</span> <span class='ocrx_word' id='word_1_299' title='bbox 3491 2112 3583 2165; x_wconf 89' lang='lat' dir='ltr'>est</span> <span class='ocrx_word' id='word_1_300' title='bbox 3612 2114 3928 2186; x_wconf 85' lang='lat' dir='ltr'>Operatus,</span> <span class='ocrx_word' id='word_1_301' title='bbox 3962 2114 4025 2167; x_wconf 86' lang='lat' dir='ltr'>et</span> 
     </span>
    </p>
   </div>
   <div class='ocr_carea' id='block_1_45' title="bbox 2440 2204 4020 2286">
    <p class='ocr_par' dir='ltr' id='par_1_45' title="bbox 2440 2204 4020 2286">
     <span class='ocr_line' id='line_1_45' title="bbox 2440 2204 4020 2286; baseline 0.001 -19"><span class='ocrx_word' id='word_1_302' title='bbox 2440 2206 2791 2286; x_wconf 85' lang='lat' dir='ltr'>specialiter</span> <span class='ocrx_word' id='word_1_303' title='bbox 2844 2206 2911 2266; x_wconf 93' lang='lat' dir='ltr'>in</span> <span class='ocrx_word' id='word_1_304' title='bbox 2967 2205 3111 2267; x_wconf 90' lang='lat' dir='ltr'>loco</span> <span class='ocrx_word' id='word_1_305' title='bbox 3169 2205 3279 2285; x_wconf 92' lang='lat' dir='ltr'>qui</span> <span class='ocrx_word' id='word_1_306' title='bbox 3328 2204 3528 2265; x_wconf 77' lang='lat' dir='ltr'>Stichi</span> <span class='ocrx_word' id='word_1_307' title='bbox 3583 2204 3727 2283; x_wconf 78' lang='lat' dir='ltr'>(leg.</span> <span class='ocrx_word' id='word_1_308' title='bbox 3777 2207 4020 2282; x_wconf 79' lang='lat' dir='ltr'>Scithi,</span> 
     </span>
    </p>
   </div>
   <div class='ocr_carea' id='block_1_46' title="bbox 2439 2308 4022 2386">
    <p class='ocr_par' dir='ltr' id='par_1_46' title="bbox 2439 2308 4022 2386">
     <span class='ocr_line' id='line_1_46' title="bbox 2439 2308 4022 2386; baseline 0.002 -17"><span class='ocrx_word' id='word_1_309' title='bbox 2439 2310 2636 2383; x_wconf 83' lang='lat' dir='ltr'>Scete]</span> <span class='ocrx_word' id='word_1_310' title='bbox 2667 2308 2912 2379; x_wconf 92' lang='lat' dir='ltr'>dicitur,</span> <span class='ocrx_word' id='word_1_311' title='bbox 2938 2324 3052 2386; x_wconf 90' lang='lat' dir='ltr'>per</span> <span class='ocrx_word' id='word_1_312' title='bbox 3083 2314 3333 2368; x_wconf 91' lang='lat' dir='ltr'>sanctos</span> <span class='ocrx_word' id='word_1_313' title='bbox 3354 2308 3692 2368; x_wconf 89' lang='lat' dir='ltr'>Antonium</span> <span class='ocrx_word' id='word_1_314' title='bbox 3723 2314 3784 2367; x_wconf 91' lang='lat' dir='ltr'>et</span> <span class='ocrx_word' id='word_1_315' title='bbox 3817 2310 4022 2372; x_wconf 85' lang='lat' dir='ltr'>Maea-</span> 
     </span>
    </p>
   </div>
   <div class='ocr_carea' id='block_1_47' title="bbox 2440 2408 4023 2480">
    <p class='ocr_par' dir='ltr' id='par_1_47' title="bbox 2440 2408 4023 2480">
     <span class='ocr_line' id='line_1_47' title="bbox 2440 2408 4023 2480; baseline 0.002 -12"><span class='ocrx_word' id='word_1_316' title='bbox 2440 2408 2623 2480; x_wconf 91' lang='lat' dir='ltr'>rium,</span> <span class='ocrx_word' id='word_1_317' title='bbox 2649 2416 2717 2468; x_wconf 92' lang='lat' dir='ltr'>ut</span> <span class='ocrx_word' id='word_1_318' title='bbox 2745 2408 2809 2468; x_wconf 91' lang='lat' dir='ltr'>in</span> <span class='ocrx_word' id='word_1_319' title='bbox 2831 2408 2969 2469; x_wconf 91' lang='lat' dir='ltr'>vitis</span> <span class='ocrx_word' id='word_1_320' title='bbox 2992 2410 3245 2469; x_wconf 89' lang='lat' dir='ltr'>Patrum</span> <span class='ocrx_word' id='word_1_321' title='bbox 3276 2410 3653 2469; x_wconf 91' lang='lat' dir='ltr'>continetur.</span> <span class='ocrx_word' id='word_1_322' title='bbox 3675 2411 3745 2470; x_wconf 93' lang='lat' dir='ltr'>In</span> <span class='ocrx_word' id='word_1_323' title='bbox 3762 2409 3885 2471; x_wconf 92' lang='lat' dir='ltr'>hoc</span> <span class='ocrx_word' id='word_1_324' title='bbox 3906 2408 4023 2471; x_wconf 88' lang='lat' dir='ltr'>de-</span> 
     </span>
    </p>
   </div>
   <div class='ocr_carea' id='block_1_48' title="bbox 2441 2508 4021 2589">
    <p class='ocr_par' dir='ltr' id='par_1_48' title="bbox 2441 2508 4021 2589">
     <span class='ocr_line' id='line_1_48' title="bbox 2441 2508 4021 2589; baseline 0.001 -20"><span class='ocrx_word' id='word_1_325' title='bbox 2441 2516 2605 2569; x_wconf 88' lang='lat' dir='ltr'>serto</span> <span class='ocrx_word' id='word_1_326' title='bbox 2623 2515 2715 2569; x_wconf 91' lang='lat' dir='ltr'>est</span> <span class='ocrx_word' id='word_1_327' title='bbox 2736 2508 2913 2570; x_wconf 92' lang='lat' dir='ltr'>locus</span> <span class='ocrx_word' id='word_1_328' title='bbox 2940 2508 3055 2569; x_wconf 92' lang='lat' dir='ltr'>sub</span> <span class='ocrx_word' id='word_1_329' title='bbox 3084 2508 3378 2569; x_wconf 91' lang='lat' dir='ltr'>altissima</span> <span class='ocrx_word' id='word_1_330' title='bbox 3414 2515 3471 2569; x_wconf 90' lang='lat' dir='ltr'>et</span> <span class='ocrx_word' id='word_1_331' title='bbox 3506 2510 3810 2571; x_wconf 91' lang='lat' dir='ltr'>artissima</span> <span class='ocrx_word' id='word_1_332' title='bbox 3838 2526 4021 2589; x_wconf 89' lang='lat' dir='ltr'>rupe,</span> 
     </span>
    </p>
   </div>
   <div class='ocr_carea' id='block_1_49' title="bbox 2441 2609 4025 2690">
    <p class='ocr_par' dir='ltr' id='par_1_49' title="bbox 2441 2609 4025 2690">
     <span class='ocr_line' id='line_1_49' title="bbox 2441 2609 4025 2690; baseline 0.001 -19"><span class='ocrx_word' id='word_1_333' title='bbox 2441 2628 2571 2689; x_wconf 93' lang='lat' dir='ltr'>quo</span> <span class='ocrx_word' id='word_1_334' title='bbox 2598 2618 2848 2671; x_wconf 89' lang='lat' dir='ltr'>sanctus</span> <span class='ocrx_word' id='word_1_335' title='bbox 2874 2610 3181 2671; x_wconf 87' lang='lat' dir='ltr'>Antonius</span> <span class='ocrx_word' id='word_1_336' title='bbox 3211 2609 3498 2688; x_wconf 87' lang='lat' dir='ltr'>degebat,</span> <span class='ocrx_word' id='word_1_337' title='bbox 3532 2617 3593 2672; x_wconf 90' lang='lat' dir='ltr'>et</span> <span class='ocrx_word' id='word_1_338' title='bbox 3623 2628 3701 2671; x_wconf 91' lang='lat' dir='ltr'>ex</span> <span class='ocrx_word' id='word_1_339' title='bbox 3727 2609 3832 2673; x_wconf 88' lang='lat' dir='ltr'>illa</span> <span class='ocrx_word' id='word_1_340' title='bbox 3863 2629 4025 2690; x_wconf 87' lang='lat' dir='ltr'>rupe</span> 
     </span>
    </p>
   </div>
   <div class='ocr_carea' id='block_1_50' title="bbox 2441 2708 4021 2789">
    <p class='ocr_par' dir='ltr' id='par_1_50' title="bbox 2441 2708 4021 2789">
     <span class='ocr_line' id='line_1_50' title="bbox 2441 2708 4021 2789; baseline 0.001 -19"><span class='ocrx_word' id='word_1_341' title='bbox 2441 2710 2779 2771; x_wconf 81' lang='lat' dir='ltr'>fonticulus</span> <span class='ocrx_word' id='word_1_342' title='bbox 2814 2709 3009 2771; x_wconf 77' lang='lat' dir='ltr'>efﬂuit</span> <span class='ocrx_word' id='word_1_343' title='bbox 3043 2708 3123 2771; x_wconf 91' lang='lat' dir='ltr'>ad</span> <span class='ocrx_word' id='word_1_344' title='bbox 3170 2711 3561 2789; x_wconf 89' lang='lat' dir='ltr'>semijactum</span> <span class='ocrx_word' id='word_1_345' title='bbox 3600 2709 3826 2789; x_wconf 92' lang='lat' dir='ltr'>lapidis</span> <span class='ocrx_word' id='word_1_346' title='bbox 3874 2730 4021 2773; x_wconf 85' lang='lat' dir='ltr'>cur-</span> 
     </span>
    </p>
   </div>
   <div class='ocr_carea' id='block_1_51' title="bbox 2442 2809 4026 2888">
    <p class='ocr_par' dir='ltr' id='par_1_51' title="bbox 2442 2809 4026 2888">
     <span class='ocr_line' id='line_1_51' title="bbox 2442 2809 4026 2888; baseline 0 -17"><span class='ocrx_word' id='word_1_347' title='bbox 2442 2828 2587 2871; x_wconf 92' lang='lat' dir='ltr'>rens</span> <span class='ocrx_word' id='word_1_348' title='bbox 2614 2811 2679 2870; x_wconf 92' lang='lat' dir='ltr'>in</span> <span class='ocrx_word' id='word_1_349' title='bbox 2735 2810 3044 2883; x_wconf 90' lang='lat' dir='ltr'>sabulum,</span> <span class='ocrx_word' id='word_1_350' title='bbox 3078 2816 3147 2870; x_wconf 94' lang='lat' dir='ltr'>ut</span> <span class='ocrx_word' id='word_1_351' title='bbox 3175 2826 3337 2888; x_wconf 91' lang='lat' dir='ltr'>aqua</span> <span class='ocrx_word' id='word_1_352' title='bbox 3369 2809 3560 2871; x_wconf 86' lang='lat' dir='ltr'>fluida</span> <span class='ocrx_word' id='word_1_353' title='bbox 3598 2810 3803 2871; x_wconf 90' lang='lat' dir='ltr'>nivem</span> <span class='ocrx_word' id='word_1_354' title='bbox 3830 2810 4026 2871; x_wconf 92' lang='lat' dir='ltr'>intrat</span> 
     </span>
    </p>
   </div>
   <div class='ocr_carea' id='block_1_52' title="bbox 2443 2908 4026 2989">
    <p class='ocr_par' dir='ltr' id='par_1_52' title="bbox 2443 2908 4026 2989">
     <span class='ocr_line' id='line_1_52' title="bbox 2443 2908 4026 2989; baseline 0.001 -19"><span class='ocrx_word' id='word_1_355' title='bbox 2443 2917 2503 2970; x_wconf 91' lang='lat' dir='ltr'>et</span> <span class='ocrx_word' id='word_1_356' title='bbox 2536 2910 2694 2971; x_wconf 93' lang='lat' dir='ltr'>ultra</span> <span class='ocrx_word' id='word_1_357' title='bbox 2746 2927 2876 2970; x_wconf 91' lang='lat' dir='ltr'>non</span> <span class='ocrx_word' id='word_1_358' title='bbox 2914 2914 3195 2988; x_wconf 88' lang='lat' dir='ltr'>apparet.</span> <span class='ocrx_word' id='word_1_359' title='bbox 3236 2909 3410 2969; x_wconf 91' lang='lat' dir='ltr'>Idem</span> <span class='ocrx_word' id='word_1_360' title='bbox 3453 2908 3632 2970; x_wconf 91' lang='lat' dir='ltr'>locus</span> <span class='ocrx_word' id='word_1_361' title='bbox 3671 2927 3706 2970; x_wconf 93' lang='lat' dir='ltr'>a</span> <span class='ocrx_word' id='word_1_362' title='bbox 3736 2908 4026 2989; x_wconf 89' lang='lat' dir='ltr'>plurimis</span> 
     </span>
    </p>
   </div>
   <div class='ocr_carea' id='block_1_53' title="bbox 2443 3008 4022 3081">
    <p class='ocr_par' dir='ltr' id='par_1_53' title="bbox 2443 3008 4022 3081">
     <span class='ocr_line' id='line_1_53' title="bbox 2443 3008 4022 3081; baseline 0.002 -12"><span class='ocrx_word' id='word_1_363' title='bbox 2443 3026 2626 3071; x_wconf 88' lang='lat' dir='ltr'>causa</span> <span class='ocrx_word' id='word_1_364' title='bbox 2666 3009 3015 3071; x_wconf 91' lang='lat' dir='ltr'>devotionis</span> <span class='ocrx_word' id='word_1_365' title='bbox 3044 3015 3105 3070; x_wconf 91' lang='lat' dir='ltr'>et</span> <span class='ocrx_word' id='word_1_366' title='bbox 3131 3008 3562 3070; x_wconf 91' lang='lat' dir='ltr'>delectationis</span> <span class='ocrx_word' id='word_1_367' title='bbox 3596 3009 3892 3081; x_wconf 87' lang='lat' dir='ltr'>visitatur,</span> <span class='ocrx_word' id='word_1_368' title='bbox 3924 3018 4022 3072; x_wconf 88' lang='lat' dir='ltr'>at-</span> 
     </span>
    </p>
   </div>
   <div class='ocr_carea' id='block_1_54' title="bbox 2444 3108 4028 3188">
    <p class='ocr_par' dir='ltr' id='par_1_54' title="bbox 2444 3108 4028 3188">
     <span class='ocr_line' id='line_1_54' title="bbox 2444 3108 4028 3188; baseline 0.002 -19"><span class='ocrx_word' id='word_1_369' title='bbox 2444 3125 2567 3187; x_wconf 91' lang='lat' dir='ltr'>que</span> <span class='ocrx_word' id='word_1_370' title='bbox 2597 3108 2781 3169; x_wconf 90' lang='lat' dir='ltr'>etiam</span> <span class='ocrx_word' id='word_1_371' title='bbox 2812 3126 2927 3188; x_wconf 91' lang='lat' dir='ltr'>per</span> <span class='ocrx_word' id='word_1_372' title='bbox 2958 3110 3215 3186; x_wconf 84' lang='lat' dir='ltr'>gratiam</span> <span class='ocrx_word' id='word_1_373' title='bbox 3249 3108 3359 3169; x_wconf 86' lang='lat' dir='ltr'>Dei</span> <span class='ocrx_word' id='word_1_374' title='bbox 3396 3115 3457 3169; x_wconf 94' lang='lat' dir='ltr'>et</span> <span class='ocrx_word' id='word_1_375' title='bbox 3497 3108 3805 3170; x_wconf 89' lang='lat' dir='ltr'>honorem</span> <span class='ocrx_word' id='word_1_376' title='bbox 3828 3114 4028 3173; x_wconf 88' lang='lat' dir='ltr'>sancti</span> 
     </span>
    </p>
   </div>
   <div class='ocr_carea' id='block_1_55' title="bbox 762 3200 4030 3290">
    <p class='ocr_par' dir='ltr' id='par_1_55' title="bbox 762 3200 4030 3290">
     <span class='ocr_line' id='line_1_55' title="bbox 762 3200 4030 3290; baseline -0.002 -12"><span class='ocrx_word' id='word_1_377' title='bbox 762 3222 1025 3287; x_wconf 82' lang='lat' dir='ltr'>exstant,</span> <span class='ocrx_word' id='word_1_378' title='bbox 1067 3213 1616 3282; x_wconf 87' lang='lat' dir='ltr'>monasteriorum,</span> <span class='ocrx_word' id='word_1_379' title='bbox 1668 3228 1828 3290; x_wconf 90' lang='lat' dir='ltr'>quae</span> <span class='ocrx_word' id='word_1_380' title='bbox 1861 3228 1894 3272; x_wconf 88' lang='lat' dir='ltr'>a</span> <span class='ocrx_word' id='word_1_381' title='bbox 1946 3219 2165 3290; x_wconf 91' lang='lat' dir='ltr'>quarto</span> <span class='ocrx_word' id='word_1_382' title='bbox 2196 3229 2333 3272; x_wconf 91' lang='lat' dir='ltr'>sae-</span> <span class='ocrx_word' id='word_1_383' title='bbox 2365 3200 2407 3255; x_wconf 74' lang='grc' dir='ltr'>ο</span> <span class='ocrx_word' id='word_1_384' title='bbox 2440 3210 2693 3271; x_wconf 87' lang='lat' dir='ltr'>Antonii</span> <span class='ocrx_word' id='word_1_385' title='bbox 2726 3210 2955 3271; x_wconf 90' lang='lat' dir='ltr'>multae</span> <span class='ocrx_word' id='word_1_386' title='bbox 2989 3210 3380 3271; x_wconf 87' lang='lat' dir='ltr'>infirmitates</span> <span class='ocrx_word' id='word_1_387' title='bbox 3418 3226 3494 3270; x_wconf 92' lang='lat' dir='ltr'>ex</span> <span class='ocrx_word' id='word_1_388' title='bbox 3532 3210 3674 3288; x_wconf 90' lang='lat' dir='ltr'>ipso</span> <span class='ocrx_word' id='word_1_389' title='bbox 3718 3209 3893 3273; x_wconf 88' lang='lat' dir='ltr'>fonte</span> <span class='ocrx_word' id='word_1_390' title='bbox 3930 3229 4030 3273; x_wconf 85' lang='lat' dir='ltr'>sa-</span> 
     </span>
    </p>
   </div>
   <div class='ocr_carea' id='block_1_56' title="bbox 758 3302 2340 3378">
    <p class='ocr_par' dir='ltr' id='par_1_56' title="bbox 758 3302 2340 3378">
     <span class='ocr_line' id='line_1_56' title="bbox 758 3302 2340 3378; baseline -0.004 0"><span class='ocrx_word' id='word_1_391' title='bbox 758 3316 903 3378; x_wconf 89' lang='lat' dir='ltr'>culo</span> <span class='ocrx_word' id='word_1_392' title='bbox 952 3316 1188 3377; x_wconf 90' lang='lat' dir='ltr'>circum</span> <span class='ocrx_word' id='word_1_393' title='bbox 1227 3312 1482 3373; x_wconf 89' lang='lat' dir='ltr'>Nitriam</span> <span class='ocrx_word' id='word_1_394' title='bbox 1530 3317 1591 3371; x_wconf 92' lang='lat' dir='ltr'>et</span> <span class='ocrx_word' id='word_1_395' title='bbox 1621 3310 1685 3371; x_wconf 91' lang='lat' dir='ltr'>in</span> <span class='ocrx_word' id='word_1_396' title='bbox 1716 3310 1962 3371; x_wconf 88' lang='lat' dir='ltr'>Cellulis</span> <span class='ocrx_word' id='word_1_397' title='bbox 1992 3302 2340 3372; x_wconf 87' lang='lat' dir='ltr'>ﬂoruerunt</span> 
     </span>
    </p>
   </div>
   <div class='ocr_carea' id='block_1_57' title="bbox 757 3409 2339 3488">
    <p class='ocr_par' dir='ltr' id='par_1_57' title="bbox 757 3409 2339 3488">
     <span class='ocr_line' id='line_1_57' title="bbox 757 3409 2339 3488; baseline -0.004 -11"><span class='ocrx_word' id='word_1_398' title='bbox 757 3417 1110 3487; x_wconf 90' lang='lat' dir='ltr'>innumera,</span> <span class='ocrx_word' id='word_1_399' title='bbox 1164 3411 1554 3473; x_wconf 90' lang='lat' dir='ltr'>venerandae</span> <span class='ocrx_word' id='word_1_400' title='bbox 1609 3409 1990 3487; x_wconf 85' lang='lat' dir='ltr'>antiquitatis</span> <span class='ocrx_word' id='word_1_401' title='bbox 2035 3409 2339 3488; x_wconf 87' lang='lat' dir='ltr'>reliquiae</span> 
     </span>
    </p>
   </div>
   <div class='ocr_carea' id='block_1_58' title="bbox 760 3508 2341 3591">
    <p class='ocr_par' dir='ltr' id='par_1_58' title="bbox 760 3508 2341 3591">
     <span class='ocr_line' id='line_1_58' title="bbox 760 3508 2341 3591; baseline -0.006 -15"><span class='ocrx_word' id='word_1_402' title='bbox 760 3522 927 3587; x_wconf 92' lang='lat' dir='ltr'>sunt,</span> <span class='ocrx_word' id='word_1_403' title='bbox 963 3530 1169 3591; x_wconf 92' lang='lat' dir='ltr'>neque</span> <span class='ocrx_word' id='word_1_404' title='bbox 1198 3512 1425 3572; x_wconf 91' lang='lat' dir='ltr'>iniuste</span> <span class='ocrx_word' id='word_1_405' title='bbox 1454 3509 1672 3571; x_wconf 87' lang='lat' dir='ltr'>fratres</span> <span class='ocrx_word' id='word_1_406' title='bbox 1699 3508 2026 3568; x_wconf 86' lang='lat' dir='ltr'>Macariani</span> <span class='ocrx_word' id='word_1_407' title='bbox 2048 3508 2341 3569; x_wconf 84' lang='lat' dir='ltr'>coenobii</span> 
     </span>
    </p>
   </div>
   <div class='ocr_carea' id='block_1_59' title="bbox 762 3606 2340 3675">
    <p class='ocr_par' dir='ltr' id='par_1_59' title="bbox 762 3606 2340 3675">
     <span class='ocr_line' id='line_1_59' title="bbox 762 3606 2340 3675; baseline -0.003 -1"><span class='ocrx_word' id='word_1_408' title='bbox 762 3630 841 3675; x_wconf 93' lang='lat' dir='ltr'>ex</span> <span class='ocrx_word' id='word_1_409' title='bbox 902 3612 1231 3673; x_wconf 89' lang='lat' dir='ltr'>traditione</span> <span class='ocrx_word' id='word_1_410' title='bbox 1283 3609 1733 3671; x_wconf 90' lang='lat' dir='ltr'>monasterium</span> <span class='ocrx_word' id='word_1_411' title='bbox 1768 3625 1950 3668; x_wconf 92' lang='lat' dir='ltr'>suum</span> <span class='ocrx_word' id='word_1_412' title='bbox 1980 3614 2125 3668; x_wconf 89' lang='lat' dir='ltr'>ante</span> <span class='ocrx_word' id='word_1_413' title='bbox 2168 3606 2340 3670; x_wconf 85' lang='lat' dir='ltr'>mille</span> 
     </span>
    </p>
   </div>
   <div class='ocr_carea' id='block_1_60' title="bbox 762 3706 2336 3792">
    <p class='ocr_par' dir='ltr' id='par_1_60' title="bbox 762 3706 2336 3792">
     <span class='ocr_line' id='line_1_60' title="bbox 762 3706 2336 3792; baseline -0.004 -19"><span class='ocrx_word' id='word_1_414' title='bbox 762 3712 1143 3792; x_wconf 89' lang='lat' dir='ltr'>quingentos</span> <span class='ocrx_word' id='word_1_415' title='bbox 1190 3726 1389 3771; x_wconf 92' lang='lat' dir='ltr'>annos</span> <span class='ocrx_word' id='word_1_416' title='bbox 1435 3706 1762 3769; x_wconf 89' lang='lat' dir='ltr'>fundatum</span> <span class='ocrx_word' id='word_1_417' title='bbox 1812 3724 1950 3768; x_wconf 89' lang='lat' dir='ltr'>esse</span> <span class='ocrx_word' id='word_1_418' title='bbox 1990 3706 2336 3768; x_wconf 91' lang='lat' dir='ltr'>contende-</span> 
     </span>
    </p>
   </div>
   <div class='ocr_carea' id='block_1_61' title="bbox 764 3804 2343 3887">
    <p class='ocr_par' dir='ltr' id='par_1_61' title="bbox 764 3804 2343 3887">
     <span class='ocr_line' id='line_1_61' title="bbox 764 3804 2343 3887; baseline -0.004 -16"><span class='ocrx_word' id='word_1_419' title='bbox 764 3816 909 3872; x_wconf 89' lang='lat' dir='ltr'>runt</span> <span class='ocrx_word' id='word_1_420' title='bbox 941 3810 1047 3887; x_wconf 88' lang='lat'>(5),</span> <span class='ocrx_word' id='word_1_421' title='bbox 1082 3807 1278 3887; x_wconf 93' lang='lat' dir='ltr'>quod,</span> <span class='ocrx_word' id='word_1_422' title='bbox 1320 3808 1465 3867; x_wconf 90' lang='lat' dir='ltr'>licet</span> <span class='ocrx_word' id='word_1_423' title='bbox 1504 3823 1631 3867; x_wconf 92' lang='lat' dir='ltr'>non</span> <span class='ocrx_word' id='word_1_424' title='bbox 1673 3806 1750 3866; x_wconf 90' lang='lat' dir='ltr'>de</span> <span class='ocrx_word' id='word_1_425' title='bbox 1779 3804 1996 3878; x_wconf 91' lang='lat' dir='ltr'>muris,</span> <span class='ocrx_word' id='word_1_426' title='bbox 2030 3806 2139 3883; x_wconf 90' lang='lat' dir='ltr'>qui</span> <span class='ocrx_word' id='word_1_427' title='bbox 2174 3821 2343 3865; x_wconf 88' lang='lat' dir='ltr'>nunc</span> 
     </span>
    </p>
   </div>
   <div class='ocr_carea' id='block_1_62' title="bbox 765 3904 2340 3983">
    <p class='ocr_par' dir='ltr' id='par_1_62' title="bbox 765 3904 2340 3983">
     <span class='ocr_line' id='line_1_62' title="bbox 765 3904 2340 3983; baseline -0.005 -13"><span class='ocrx_word' id='word_1_428' title='bbox 765 3916 1131 3980; x_wconf 90' lang='lat' dir='ltr'>cernuntur,</span> <span class='ocrx_word' id='word_1_429' title='bbox 1171 3914 1381 3967; x_wconf 90' lang='lat' dir='ltr'>tamen</span> <span class='ocrx_word' id='word_1_430' title='bbox 1422 3906 1499 3965; x_wconf 92' lang='lat' dir='ltr'>de</span> <span class='ocrx_word' id='word_1_431' title='bbox 1542 3906 1741 3983; x_wconf 90' lang='lat' dir='ltr'>prima</span> <span class='ocrx_word' id='word_1_432' title='bbox 1787 3904 2078 3965; x_wconf 92' lang='lat' dir='ltr'>coenobii</span> <span class='ocrx_word' id='word_1_433' title='bbox 2112 3904 2340 3963; x_wconf 89' lang='lat' dir='ltr'>funda-</span> 
     </span>
    </p>
   </div>
   <div class='ocr_carea' id='block_1_63' title="bbox 764 4003 2341 4083">
    <p class='ocr_par' dir='ltr' id='par_1_63' title="bbox 764 4003 2341 4083">
     <span class='ocr_line' id='line_1_63' title="bbox 764 4003 2341 4083; baseline -0.004 -14"><span class='ocrx_word' id='word_1_434' title='bbox 764 4009 937 4070; x_wconf 87' lang='lat' dir='ltr'>tione</span> <span class='ocrx_word' id='word_1_435' title='bbox 980 4013 1151 4069; x_wconf 91' lang='lat' dir='ltr'>certo</span> <span class='ocrx_word' id='word_1_436' title='bbox 1182 4006 1305 4066; x_wconf 91' lang='lat' dir='ltr'>dici</span> <span class='ocrx_word' id='word_1_437' title='bbox 1356 4012 1581 4083; x_wconf 91' lang='lat' dir='ltr'>potest.</span> <span class='ocrx_word' id='word_1_438' title='bbox 1612 4005 1739 4065; x_wconf 90' lang='lat' dir='ltr'>Nec</span> <span class='ocrx_word' id='word_1_439' title='bbox 1776 4003 2024 4065; x_wconf 91' lang='lat' dir='ltr'>silentio</span> <span class='ocrx_word' id='word_1_440' title='bbox 2059 4012 2341 4083; x_wconf 90' lang='lat' dir='ltr'>praeter-</span> 
     </span>
    </p>
   </div>
   <div class='ocr_carea' id='block_1_64' title="bbox 767 4104 2341 4186">
    <p class='ocr_par' dir='ltr' id='par_1_64' title="bbox 767 4104 2341 4186">
     <span class='ocr_line' id='line_1_64' title="bbox 767 4104 2341 4186; baseline -0.004 -15"><span class='ocrx_word' id='word_1_441' title='bbox 767 4109 972 4171; x_wconf 91' lang='lat' dir='ltr'>eunda</span> <span class='ocrx_word' id='word_1_442' title='bbox 1019 4124 1157 4169; x_wconf 90' lang='lat' dir='ltr'>esse</span> <span class='ocrx_word' id='word_1_443' title='bbox 1210 4105 1584 4186; x_wconf 90' lang='lat' dir='ltr'>perpulchra</span> <span class='ocrx_word' id='word_1_444' title='bbox 1629 4104 1736 4165; x_wconf 90' lang='lat' dir='ltr'>illa</span> <span class='ocrx_word' id='word_1_445' title='bbox 1777 4104 2025 4165; x_wconf 89' lang='lat' dir='ltr'>traditio</span> <span class='ocrx_word' id='word_1_446' title='bbox 2074 4104 2341 4171; x_wconf 87' lang='lat' dir='ltr'>videtur.</span> 
     </span>
    </p>
   </div>
   <div class='ocr_carea' id='block_1_65' title="bbox 768 4202 2341 4289">
    <p class='ocr_par' dir='ltr' id='par_1_65' title="bbox 768 4202 2341 4289">
     <span class='ocr_line' id='line_1_65' title="bbox 768 4202 2341 4289; baseline -0.004 -18"><span class='ocrx_word' id='word_1_447' title='bbox 768 4227 891 4289; x_wconf 88' lang='lat' dir='ltr'>qua</span> <span class='ocrx_word' id='word_1_448' title='bbox 920 4208 1255 4288; x_wconf 88' lang='lat' dir='ltr'>praeterito</span> <span class='ocrx_word' id='word_1_449' title='bbox 1286 4214 1336 4283; x_wconf 84' lang='lat'><strong>3</strong></span> <span class='ocrx_word' id='word_1_450' title='bbox 1367 4204 1615 4266; x_wconf 91' lang='lat' dir='ltr'>saeculo</span> <span class='ocrx_word' id='word_1_451' title='bbox 1638 4202 1883 4264; x_wconf 89' lang='lat' dir='ltr'>cuidam</span> <span class='ocrx_word' id='word_1_452' title='bbox 1906 4202 1971 4262; x_wconf 93' lang='lat' dir='ltr'>in</span> <span class='ocrx_word' id='word_1_453' title='bbox 1992 4202 2115 4263; x_wconf 92' lang='lat' dir='ltr'>illis</span> <span class='ocrx_word' id='word_1_454' title='bbox 2134 4204 2341 4280; x_wconf 88' lang='lat' dir='ltr'>regio-</span> 
     </span>
    </p>
   </div>
   <div class='ocr_carea' id='block_1_66' title="bbox 770 4303 2346 4386">
    <p class='ocr_par' dir='ltr' id='par_1_66' title="bbox 770 4303 2346 4386">
     <span class='ocr_line' id='line_1_66' title="bbox 770 4303 2346 4386; baseline -0.004 -17"><span class='ocrx_word' id='word_1_455' title='bbox 770 4310 954 4369; x_wconf 90' lang='lat' dir='ltr'>nibus</span> <span class='ocrx_word' id='word_1_456' title='bbox 983 4306 1404 4386; x_wconf 89' lang='lat' dir='ltr'>peregrinanti</span> <span class='ocrx_word' id='word_1_457' title='bbox 1438 4303 1517 4382; x_wconf 86' lang='lat'>(6)</span> <span class='ocrx_word' id='word_1_458' title='bbox 1549 4304 1740 4364; x_wconf 89' lang='lat' dir='ltr'>abbas</span> <span class='ocrx_word' id='word_1_459' title='bbox 1768 4303 2098 4364; x_wconf 87' lang='lat' dir='ltr'>Macariani</span> <span class='ocrx_word' id='word_1_460' title='bbox 2132 4320 2346 4363; x_wconf 87' lang='lat' dir='ltr'>mona-</span> 
     </span>
    </p>
   </div>
   <div class='ocr_carea' id='block_1_67' title="bbox 769 4402 2344 4477">
    <p class='ocr_par' dir='ltr' id='par_1_67' title="bbox 769 4402 2344 4477">
     <span class='ocr_line' id='line_1_67' title="bbox 769 4402 2344 4477; baseline -0.004 -8"><span class='ocrx_word' id='word_1_461' title='bbox 769 4407 939 4470; x_wconf 81' lang='lat' dir='ltr'>sterii</span> <span class='ocrx_word' id='word_1_462' title='bbox 961 4405 1302 4477; x_wconf 74' lang='lat' dir='ltr'>affirmavit,</span> <span class='ocrx_word' id='word_1_463' title='bbox 1323 4404 1388 4464; x_wconf 92' lang='lat' dir='ltr'>in</span> <span class='ocrx_word' id='word_1_464' title='bbox 1422 4404 1601 4464; x_wconf 90' lang='lat' dir='ltr'>Scete</span> <span class='ocrx_word' id='word_1_465' title='bbox 1623 4410 1683 4463; x_wconf 92' lang='lat' dir='ltr'>et</span> <span class='ocrx_word' id='word_1_466' title='bbox 1704 4402 1770 4463; x_wconf 91' lang='lat' dir='ltr'>in</span> <span class='ocrx_word' id='word_1_467' title='bbox 1782 4402 2012 4463; x_wconf 89' lang='lat' dir='ltr'>Nitriae</span> <span class='ocrx_word' id='word_1_468' title='bbox 2028 4402 2344 4464; x_wconf 91' lang='lat' dir='ltr'>montibus</span> 
     </span>
    </p>
   </div>
   <div class='ocr_carea' id='block_1_68' title="bbox 769 4502 2419 4599">
    <p class='ocr_par' dir='ltr' id='par_1_68' title="bbox 769 4502 2419 4599">
     <span class='ocr_line' id='line_1_68' title="bbox 769 4502 2419 4599; baseline -0.003 -30"><span class='ocrx_word' id='word_1_469' title='bbox 769 4517 861 4569; x_wconf 90' lang='lat' dir='ltr'>tot</span> <span class='ocrx_word' id='word_1_470' title='bbox 881 4508 1029 4569; x_wconf 93' lang='lat' dir='ltr'>olim</span> <span class='ocrx_word' id='word_1_471' title='bbox 1060 4505 1365 4567; x_wconf 91' lang='lat' dir='ltr'>exstitisse</span> <span class='ocrx_word' id='word_1_472' title='bbox 1388 4502 1786 4576; x_wconf 90' lang='lat' dir='ltr'>monasteria,</span> <span class='ocrx_word' id='word_1_473' title='bbox 1812 4508 1966 4581; x_wconf 91' lang='lat' dir='ltr'>quot</span> <span class='ocrx_word' id='word_1_474' title='bbox 1986 4520 2188 4563; x_wconf 89' lang='lat' dir='ltr'>annus</span> <span class='ocrx_word' id='word_1_475' title='bbox 2208 4503 2343 4565; x_wconf 90' lang='lat' dir='ltr'>dies</span> <span class='ocrx_word' id='word_1_476' title='bbox 2374 4545 2419 4599; x_wconf 67' lang='grc' dir='ltr'><strong>Β</strong></span> 
     </span>
    </p>
   </div>
   <div class='ocr_carea' id='block_1_69' title="bbox 772 4602 2340 4683">
    <p class='ocr_par' dir='ltr' id='par_1_69' title="bbox 772 4602 2340 4683">
     <span class='ocr_line' id='line_1_69' title="bbox 772 4602 2340 4683; baseline -0.004 -15"><span class='ocrx_word' id='word_1_477' title='bbox 772 4614 1090 4678; x_wconf 84' lang='lat' dir='ltr'>numeret;</span> <span class='ocrx_word' id='word_1_478' title='bbox 1121 4606 1334 4683; x_wconf 90' lang='lat' dir='ltr'>idque,</span> <span class='ocrx_word' id='word_1_479' title='bbox 1382 4602 1435 4663; x_wconf 92' lang='lat' dir='ltr'>si</span> <span class='ocrx_word' id='word_1_480' title='bbox 1483 4619 1639 4675; x_wconf 92' lang='lat' dir='ltr'>rem,</span> <span class='ocrx_word' id='word_1_481' title='bbox 1678 4618 1806 4663; x_wconf 92' lang='lat' dir='ltr'>non</span> <span class='ocrx_word' id='word_1_482' title='bbox 1846 4602 2033 4663; x_wconf 90' lang='lat' dir='ltr'>verba</span> <span class='ocrx_word' id='word_1_483' title='bbox 2074 4610 2340 4681; x_wconf 87' lang='lat' dir='ltr'>spectas,</span> 
     </span>
    </p>
   </div>
   <div class='ocr_carea' id='block_1_70' title="bbox 771 4699 2343 4783">
    <p class='ocr_par' dir='ltr' id='par_1_70' title="bbox 771 4699 2343 4783">
     <span class='ocr_line' id='line_1_70' title="bbox 771 4699 2343 4783; baseline -0.006 -14"><span class='ocrx_word' id='word_1_484' title='bbox 771 4726 915 4770; x_wconf 91' lang='lat' dir='ltr'>cum</span> <span class='ocrx_word' id='word_1_485' title='bbox 941 4706 1124 4767; x_wconf 90' lang='lat' dir='ltr'>variis</span> <span class='ocrx_word' id='word_1_486' title='bbox 1159 4703 1363 4783; x_wconf 91' lang='lat' dir='ltr'>quarti</span> <span class='ocrx_word' id='word_1_487' title='bbox 1402 4709 1465 4764; x_wconf 93' lang='lat' dir='ltr'>et</span> <span class='ocrx_word' id='word_1_488' title='bbox 1498 4702 1700 4781; x_wconf 88' lang='lat' dir='ltr'>quinti</span> <span class='ocrx_word' id='word_1_489' title='bbox 1734 4699 1969 4762; x_wconf 90' lang='lat' dir='ltr'>saeculi</span> <span class='ocrx_word' id='word_1_490' title='bbox 1998 4701 2343 4762; x_wconf 87' lang='lat' dir='ltr'>enarratio-</span> 
     </span>
    </p>
   </div>
   <div class='ocr_carea' id='block_1_71' title="bbox 842 4933 2341 5011">
    <p class='ocr_par' dir='ltr' id='par_1_71' title="bbox 842 4933 2341 5011">
     <span class='ocr_line' id='line_1_71' title="bbox 842 4933 2341 5011; baseline -0.004 -18"><span class='ocrx_word' id='word_1_491' title='bbox 842 4937 1321 5011; x_wconf 81' lang='lat' dir='ltr'>(l)1‘ischendorf</span> <span class='ocrx_word' id='word_1_492' title='bbox 1385 4938 1423 4991; x_wconf 94' lang='lat' dir='ltr'>l.</span> <span class='ocrx_word' id='word_1_493' title='bbox 1490 4937 1565 5003; x_wconf 81' lang='lat'>1.;</span> <span class='ocrx_word' id='word_1_494' title='bbox 1626 4937 1691 4991; x_wconf 89' lang='lat' dir='ltr'>G.</span> <span class='ocrx_word' id='word_1_495' title='bbox 1756 4934 2064 4989; x_wconf 80' lang='lat' dir='ltr'>Wilkinson</span> <span class='ocrx_word' id='word_1_496' title='bbox 2121 4933 2341 4988; x_wconf 83' lang='lat' dir='ltr'>Modern</span> 
     </span>
    </p>
   </div>
   <div class='ocr_carea' id='block_1_72' title="bbox 774 5024 2095 5101">
    <p class='ocr_par' dir='ltr' id='par_1_72' title="bbox 774 5024 2095 5101">
     <span class='ocr_line' id='line_1_72' title="bbox 774 5024 2095 5101; baseline -0.005 -18"><span class='ocrx_word' id='word_1_497' title='bbox 774 5032 945 5101; x_wconf 75' lang='lat' dir='ltr'>Egypt</span> <span class='ocrx_word' id='word_1_498' title='bbox 984 5030 1090 5084; x_wconf 87' lang='lat' dir='ltr'>and</span> <span class='ocrx_word' id='word_1_499' title='bbox 1132 5028 1344 5082; x_wconf 84' lang='lat' dir='ltr'>Thebes</span> <span class='ocrx_word' id='word_1_500' title='bbox 1378 5026 1519 5081; x_wconf 65' lang='grc'>1845</span> <span class='ocrx_word' id='word_1_501' title='bbox 1546 5026 1669 5080; x_wconf 82' lang='lat' dir='ltr'>Vol.</span> <span class='ocrx_word' id='word_1_502' title='bbox 1701 5024 1719 5079; x_wconf 94' lang='lat' dir='ltr'>l</span> <span class='ocrx_word' id='word_1_503' title='bbox 1746 5042 1799 5095; x_wconf 91' lang='lat' dir='ltr'>p.</span> <span class='ocrx_word' id='word_1_504' title='bbox 1843 5024 1950 5080; x_wconf 76' lang='lat'>582</span> <span class='ocrx_word' id='word_1_505' title='bbox 1976 5040 2095 5094; x_wconf 89' lang='lat' dir='ltr'>sqq.</span> 
     </span>
    </p>
   </div>
   <div class='ocr_carea' id='block_1_73' title="bbox 843 5118 1684 5192">
    <p class='ocr_par' dir='ltr' id='par_1_73' title="bbox 843 5118 1684 5192">
     <span class='ocr_line' id='line_1_73' title="bbox 843 5118 1684 5192; baseline -0.006 -18"><span class='ocrx_word' id='word_1_506' title='bbox 843 5122 920 5192; x_wconf 73' lang='lat'>(2)</span> <span class='ocrx_word' id='word_1_507' title='bbox 956 5118 1319 5175; x_wconf 80' lang='lat' dir='ltr'>Tischendort‘</span> <span class='ocrx_word' id='word_1_508' title='bbox 1345 5119 1380 5173; x_wconf 95' lang='lat' dir='ltr'>l.</span> <span class='ocrx_word' id='word_1_509' title='bbox 1416 5118 1453 5172; x_wconf 94' lang='lat' dir='ltr'>l.</span> <span class='ocrx_word' id='word_1_510' title='bbox 1484 5134 1537 5187; x_wconf 88' lang='lat' dir='ltr'>p.</span> <span class='ocrx_word' id='word_1_511' title='bbox 1566 5118 1684 5171; x_wconf 71' lang='grc'>123.</span> 
     </span>
    </p>
   </div>
   <div class='ocr_carea' id='block_1_74' title="bbox 844 5210 2341 5283">
    <p class='ocr_par' dir='ltr' id='par_1_74' title="bbox 844 5210 2341 5283">
     <span class='ocr_line' id='line_1_74' title="bbox 844 5210 2341 5283; baseline -0.003 -15"><span class='ocrx_word' id='word_1_512' title='bbox 844 5217 920 5283; x_wconf 77' lang='lat'>(5)</span> <span class='ocrx_word' id='word_1_513' title='bbox 961 5215 1210 5270; x_wconf 89' lang='lat' dir='ltr'>Cassian.</span> <span class='ocrx_word' id='word_1_514' title='bbox 1246 5214 1385 5268; x_wconf 89' lang='lat' dir='ltr'>Coll.</span> <span class='ocrx_word' id='word_1_515' title='bbox 1416 5211 1509 5265; x_wconf 74' lang='lat' dir='ltr'>XV</span> <span class='ocrx_word' id='word_1_516' title='bbox 1544 5227 1665 5281; x_wconf 82' lang='lat' dir='ltr'>cap.</span> <span class='ocrx_word' id='word_1_517' title='bbox 1707 5213 1759 5274; x_wconf 78' lang='lat'>3.</span> <span class='ocrx_word' id='word_1_518' title='bbox 1796 5212 2045 5266; x_wconf 84' lang='lat' dir='ltr'>Cassiani</span> <span class='ocrx_word' id='word_1_519' title='bbox 2080 5210 2217 5281; x_wconf 92' lang='lat' dir='ltr'>Opp.</span> <span class='ocrx_word' id='word_1_520' title='bbox 2256 5212 2341 5265; x_wconf 91' lang='lat' dir='ltr'>ed.</span> 
     </span>
    </p>
   </div>
   <div class='ocr_carea' id='block_1_75' title="bbox 772 5302 2344 5375">
    <p class='ocr_par' dir='ltr' id='par_1_75' title="bbox 772 5302 2344 5375">
     <span class='ocr_line' id='line_1_75' title="bbox 772 5302 2344 5375; baseline -0.004 -14"><span class='ocrx_word' id='word_1_521' title='bbox 772 5304 1202 5375; x_wconf 84' lang='lat' dir='ltr'>Gazaeus.Lips.</span> <span class='ocrx_word' id='word_1_522' title='bbox 1234 5305 1371 5359; x_wconf 77' lang='grc'>1755</span> <span class='ocrx_word' id='word_1_523' title='bbox 1402 5321 1447 5373; x_wconf 92' lang='lat' dir='ltr'>p.</span> <span class='ocrx_word' id='word_1_524' title='bbox 1476 5303 1611 5368; x_wconf 73' lang='lat'>468,</span> <span class='ocrx_word' id='word_1_525' title='bbox 1653 5302 1828 5373; x_wconf 80' lang='lat' dir='ltr'>Migne</span> <span class='ocrx_word' id='word_1_526' title='bbox 1856 5302 2057 5356; x_wconf 89' lang='lat' dir='ltr'>Patrol.</span> <span class='ocrx_word' id='word_1_527' title='bbox 2090 5302 2151 5355; x_wconf 90' lang='lat' dir='ltr'>T.</span> <span class='ocrx_word' id='word_1_528' title='bbox 2182 5302 2344 5355; x_wconf 80' lang='lat' dir='ltr'>XLIX</span> 
     </span>
    </p>
   </div>
   <div class='ocr_carea' id='block_1_76' title="bbox 772 5398 986 5469">
    <p class='ocr_par' dir='ltr' id='par_1_76' title="bbox 772 5398 986 5469">
     <span class='ocr_line' id='line_1_76' title="bbox 772 5398 986 5469; baseline -0.009 -18"><span class='ocrx_word' id='word_1_529' title='bbox 772 5416 825 5469; x_wconf 88' lang='lat' dir='ltr'>p.</span> <span class='ocrx_word' id='word_1_530' title='bbox 862 5398 986 5453; x_wconf 80' lang='lat'>995.</span> 
     </span>
    </p>
   </div>
   <div class='ocr_carea' id='block_1_77' title="bbox 846 5486 2343 5561">
    <p class='ocr_par' dir='ltr' id='par_1_77' title="bbox 846 5486 2343 5561">
     <span class='ocr_line' id='line_1_77' title="bbox 846 5486 2343 5561; baseline -0.016 0"><span class='ocrx_word' id='word_1_531' title='bbox 846 5491 922 5561; x_wconf 64' lang='grc'>(4)</span> <span class='ocrx_word' id='word_1_532' title='bbox 963 5488 1201 5544; x_wconf 82' lang='lat' dir='ltr'>Historia</span> <span class='ocrx_word' id='word_1_533' title='bbox 1258 5487 1519 5543; x_wconf 80' lang='lat' dir='ltr'>Lausiaca</span> <span class='ocrx_word' id='word_1_534' title='bbox 1569 5487 1793 5541; x_wconf 80' lang='lat' dir='ltr'>Palladii</span> <span class='ocrx_word' id='word_1_535' title='bbox 1844 5486 2109 5541; x_wconf 84' lang='lat' dir='ltr'>Macarios</span> <span class='ocrx_word' id='word_1_536' title='bbox 2167 5488 2343 5556; x_wconf 77' lang='lat' dir='ltr'>Aegy-</span> 
     </span>
    </p>
   </div>
   <div class='ocr_carea' id='block_1_78' title="bbox 773 5577 2344 5653">
    <p class='ocr_par' dir='ltr' id='par_1_78' title="bbox 773 5577 2344 5653">
     <span class='ocr_line' id='line_1_78' title="bbox 773 5577 2344 5653; baseline -0.004 -16"><span class='ocrx_word' id='word_1_537' title='bbox 773 5587 943 5653; x_wconf 85' lang='lat' dir='ltr'>ptium</span> <span class='ocrx_word' id='word_1_538' title='bbox 962 5594 1015 5639; x_wconf 84' lang='lat' dir='ltr'>et</span> <span class='ocrx_word' id='word_1_539' title='bbox 1041 5584 1461 5639; x_wconf 77' lang='lat' dir='ltr'>Alexandrinum</span> <span class='ocrx_word' id='word_1_540' title='bbox 1492 5594 1647 5635; x_wconf 88' lang='lat' dir='ltr'>vocat</span> <span class='ocrx_word' id='word_1_541' title='bbox 1668 5580 1979 5649; x_wconf 81' lang='grc' dir='ltr'>γενναίους</span> <span class='ocrx_word' id='word_1_542' title='bbox 2005 5577 2227 5645; x_wconf 77' lang='grc' dir='ltr'>ἄνδρας</span> <span class='ocrx_word' id='word_1_543' title='bbox 2250 5580 2344 5631; x_wconf 76' lang='grc' dir='ltr'>καὶ</span> 
     </span>
    </p>
   </div>
   <div class='ocr_carea' id='block_1_79' title="bbox 773 5670 2202 5747">
    <p class='ocr_par' dir='ltr' id='par_1_79' title="bbox 773 5670 2202 5747">
     <span class='ocr_line' id='line_1_79' title="bbox 773 5670 2202 5747; baseline -0.007 -15"><span class='ocrx_word' id='word_1_544' title='bbox 773 5679 1296 5747; x_wconf 70' lang='grc' dir='ltr'>ἀκαταγωνίστους</span> <span class='ocrx_word' id='word_1_545' title='bbox 1324 5674 1605 5739; x_wconf 70' lang='grc' dir='ltr'>ἀθλητάς.</span> <span class='ocrx_word' id='word_1_546' title='bbox 1638 5673 1720 5727; x_wconf 86' lang='lat' dir='ltr'>Cf.</span> <span class='ocrx_word' id='word_1_547' title='bbox 1758 5672 1896 5725; x_wconf 79' lang='lat' dir='ltr'>infra</span> <span class='ocrx_word' id='word_1_548' title='bbox 1936 5672 2106 5740; x_wconf 80' lang='lat' dir='ltr'>Caput</span> <span class='ocrx_word' id='word_1_549' title='bbox 2143 5670 2202 5723; x_wconf 90' lang='lat' dir='ltr'>ll.</span> 
     </span>
    </p>
   </div>
   <div class='ocr_carea' id='block_1_80' title="bbox 845 5766 1698 5837">
    <p class='ocr_par' dir='ltr' id='par_1_80' title="bbox 845 5766 1698 5837">
     <span class='ocr_line' id='line_1_80' title="bbox 845 5766 1698 5837; baseline -0.009 -14"><span class='ocrx_word' id='word_1_550' title='bbox 845 5770 923 5837; x_wconf 82' lang='lat'>(5)</span> <span class='ocrx_word' id='word_1_551' title='bbox 962 5768 1326 5822; x_wconf 81' lang='lat' dir='ltr'>Tiscliendorf</span> <span class='ocrx_word' id='word_1_552' title='bbox 1351 5768 1385 5819; x_wconf 91' lang='lat' dir='ltr'>l.</span> <span class='ocrx_word' id='word_1_553' title='bbox 1418 5768 1453 5819; x_wconf 94' lang='lat' dir='ltr'>l.</span> <span class='ocrx_word' id='word_1_554' title='bbox 1489 5783 1537 5833; x_wconf 91' lang='lat' dir='ltr'>p.</span> <span class='ocrx_word' id='word_1_555' title='bbox 1577 5766 1698 5817; x_wconf 69' lang='lat'>127.</span> 
     </span>
    </p>
   </div>
   <div class='ocr_carea' id='block_1_81' title="bbox 844 5851 2337 5923">
    <p class='ocr_par' dir='ltr' id='par_1_81' title="bbox 844 5851 2337 5923">
     <span class='ocr_line' id='line_1_81' title="bbox 844 5851 2337 5923; baseline -0.006 -9"><span class='ocrx_word' id='word_1_556' title='bbox 844 5859 919 5923; x_wconf 84' lang='lat'>(6)</span> <span class='ocrx_word' id='word_1_557' title='bbox 959 5858 1103 5913; x_wconf 82' lang='lat' dir='ltr'>Patri</span> <span class='ocrx_word' id='word_1_558' title='bbox 1146 5857 1391 5922; x_wconf 80' lang='lat' dir='ltr'>Sicanio,</span> <span class='ocrx_word' id='word_1_559' title='bbox 1427 5853 1792 5909; x_wconf 78' lang='lat' dir='ltr'>Tischemlort‘</span> <span class='ocrx_word' id='word_1_560' title='bbox 1829 5854 1862 5907; x_wconf 92' lang='grc' dir='ltr'>Ι.</span> <span class='ocrx_word' id='word_1_561' title='bbox 1903 5854 1934 5906; x_wconf 95' lang='lat' dir='ltr'>l.</span> <span class='ocrx_word' id='word_1_562' title='bbox 1987 5870 2035 5922; x_wconf 92' lang='lat' dir='ltr'>p.</span> <span class='ocrx_word' id='word_1_563' title='bbox 2087 5854 2206 5907; x_wconf 77' lang='lat'>117.</span> <span class='ocrx_word' id='word_1_564' title='bbox 2254 5851 2337 5906; x_wconf 82' lang='lat' dir='ltr'>Cf.</span> 
     </span>
    </p>
   </div>
   <div class='ocr_carea' id='block_1_82' title="bbox 2441 3309 4025 3392">
    <p class='ocr_par' dir='ltr' id='par_1_82' title="bbox 2441 3309 4025 3392">
     <span class='ocr_line' id='line_1_82' title="bbox 2441 3309 4025 3392; baseline 0.001 -22"><span class='ocrx_word' id='word_1_565' title='bbox 2441 3318 2671 3371; x_wconf 89' lang='lat' dir='ltr'>nantur</span> <span class='ocrx_word' id='word_1_566' title='bbox 2691 3317 2752 3371; x_wconf 94' lang='lat' dir='ltr'>et</span> <span class='ocrx_word' id='word_1_567' title='bbox 2778 3309 3093 3387; x_wconf 83' lang='lat' dir='ltr'>fugantur.</span> <span class='ocrx_word' id='word_1_568' title='bbox 3115 3311 3270 3370; x_wconf 89' lang='lat' dir='ltr'>Nam</span> <span class='ocrx_word' id='word_1_569' title='bbox 3303 3310 3437 3370; x_wconf 92' lang='lat' dir='ltr'>eius</span> <span class='ocrx_word' id='word_1_570' title='bbox 3467 3309 3844 3387; x_wconf 88' lang='lat' dir='ltr'>specialibus</span> <span class='ocrx_word' id='word_1_571' title='bbox 3873 3328 4025 3392; x_wconf 83' lang='lat' dir='ltr'>pre-</span> 
     </span>
    </p>
   </div>
   <div class='ocr_carea' id='block_1_83' title="bbox 2442 3409 4025 3490">
    <p class='ocr_par' dir='ltr' id='par_1_83' title="bbox 2442 3409 4025 3490">
     <span class='ocr_line' id='line_1_83' title="bbox 2442 3409 4025 3490; baseline 0.001 -18"><span class='ocrx_word' id='word_1_572' title='bbox 2442 3411 2619 3473; x_wconf 92' lang='lat' dir='ltr'>cibus</span> <span class='ocrx_word' id='word_1_573' title='bbox 2657 3427 2734 3471; x_wconf 92' lang='lat' dir='ltr'>ex</span> <span class='ocrx_word' id='word_1_574' title='bbox 2783 3427 2941 3490; x_wconf 90' lang='lat' dir='ltr'>rupe</span> <span class='ocrx_word' id='word_1_575' title='bbox 2992 3410 3269 3471; x_wconf 90' lang='lat' dir='ltr'>creditur</span> <span class='ocrx_word' id='word_1_576' title='bbox 3300 3409 3643 3472; x_wconf 83' lang='lat' dir='ltr'>fonticulus</span> <span class='ocrx_word' id='word_1_577' title='bbox 3684 3410 4025 3486; x_wconf 80' lang='lat' dir='ltr'>efﬂuxisse,</span> 
     </span>
    </p>
   </div>
   <div class='ocr_carea' id='block_1_84' title="bbox 2443 3511 4029 3590">
    <p class='ocr_par' dir='ltr' id='par_1_84' title="bbox 2443 3511 4029 3590">
     <span class='ocr_line' id='line_1_84' title="bbox 2443 3511 4029 3590; baseline 0.001 -18"><span class='ocrx_word' id='word_1_578' title='bbox 2443 3511 2614 3590; x_wconf 94' lang='lat' dir='ltr'>quod</span> <span class='ocrx_word' id='word_1_579' title='bbox 2654 3512 2837 3571; x_wconf 91' lang='lat' dir='ltr'>etiam</span> <span class='ocrx_word' id='word_1_580' title='bbox 2866 3512 3027 3571; x_wconf 91' lang='lat' dir='ltr'>bene</span> <span class='ocrx_word' id='word_1_581' title='bbox 3060 3518 3249 3589; x_wconf 90' lang='lat' dir='ltr'>patet,</span> <span class='ocrx_word' id='word_1_582' title='bbox 3287 3511 3433 3589; x_wconf 90' lang='lat' dir='ltr'>quia</span> <span class='ocrx_word' id='word_1_583' title='bbox 3458 3528 3585 3571; x_wconf 91' lang='lat' dir='ltr'>non</span> <span class='ocrx_word' id='word_1_584' title='bbox 3610 3511 3854 3572; x_wconf 88' lang='lat' dir='ltr'>videtur</span> <span class='ocrx_word' id='word_1_585' title='bbox 3882 3512 4029 3590; x_wconf 93' lang='lat' dir='ltr'>plus</span> 
     </span>
    </p>
   </div>
   <div class='ocr_carea' id='block_1_85' title="bbox 2441 3609 4031 3689">
    <p class='ocr_par' dir='ltr' id='par_1_85' title="bbox 2441 3609 4031 3689">
     <span class='ocr_line' id='line_1_85' title="bbox 2441 3609 4031 3689; baseline 0.001 -16"><span class='ocrx_word' id='word_1_586' title='bbox 2441 3612 2716 3684; x_wconf 87' lang='lat' dir='ltr'>fluxisse,</span> <span class='ocrx_word' id='word_1_587' title='bbox 2760 3627 2949 3689; x_wconf 90' lang='lat' dir='ltr'>quam</span> <span class='ocrx_word' id='word_1_588' title='bbox 2978 3609 3054 3674; x_wconf 92' lang='lat' dir='ltr'>ad</span> <span class='ocrx_word' id='word_1_589' title='bbox 3086 3610 3404 3672; x_wconf 91' lang='lat' dir='ltr'>modicum</span> <span class='ocrx_word' id='word_1_590' title='bbox 3448 3609 3785 3673; x_wconf 86' lang='lat' dir='ltr'>habitaculi</span> <span class='ocrx_word' id='word_1_591' title='bbox 3808 3612 3929 3686; x_wconf 91' lang='lat' dir='ltr'>sui,</span> <span class='ocrx_word' id='word_1_592' title='bbox 3962 3620 4031 3674; x_wconf 90' lang='lat' dir='ltr'>et</span> 
     </span>
    </p>
   </div>
   <div class='ocr_carea' id='block_1_86' title="bbox 2443 3710 3516 3791">
    <p class='ocr_par' dir='ltr' id='par_1_86' title="bbox 2443 3710 3516 3791">
     <span class='ocr_line' id='line_1_86' title="bbox 2443 3710 3516 3791; baseline -0.006 -18"><span class='ocrx_word' id='word_1_593' title='bbox 2443 3710 2761 3773; x_wconf 90' lang='lat' dir='ltr'>hortulum</span> <span class='ocrx_word' id='word_1_594' title='bbox 2797 3728 2978 3771; x_wconf 92' lang='lat' dir='ltr'>suum</span> <span class='ocrx_word' id='word_1_595' title='bbox 3011 3710 3303 3787; x_wconf 89' lang='lat' dir='ltr'>irrigasse</span> <span class='ocrx_word' id='word_1_596' title='bbox 3349 3711 3458 3791; x_wconf 86' lang='lat'>(7).</span> <span class='ocrx_word' id='word_1_597' title='bbox 3487 3734 3516 3766; x_wconf 67' lang='grc' dir='ltr'><strong>ι</strong></span> 
     </span>
    </p>
   </div>
   <div class='ocr_carea' id='block_1_87' title="bbox 2530 3807 4029 3885">
    <p class='ocr_par' dir='ltr' id='par_1_87' title="bbox 2530 3807 4029 3885">
     <span class='ocr_line' id='line_1_87' title="bbox 2530 3807 4029 3885; baseline 0.001 -17"><span class='ocrx_word' id='word_1_598' title='bbox 2530 3807 2776 3868; x_wconf 88' lang='lat' dir='ltr'>Macarii</span> <span class='ocrx_word' id='word_1_599' title='bbox 2809 3807 3098 3885; x_wconf 84' lang='lat' dir='ltr'>Aegyptii</span> <span class='ocrx_word' id='word_1_600' title='bbox 3131 3807 3581 3867; x_wconf 88' lang='lat' dir='ltr'>monasterium</span> <span class='ocrx_word' id='word_1_601' title='bbox 3613 3825 3678 3869; x_wconf 85' lang='lat' dir='ltr'>1n</span> <span class='ocrx_word' id='word_1_602' title='bbox 3715 3809 3896 3870; x_wconf 90' lang='lat' dir='ltr'>Scete</span> <span class='ocrx_word' id='word_1_603' title='bbox 3936 3809 4029 3870; x_wconf 86' lang='lat' dir='ltr'>si-</span> 
     </span>
    </p>
   </div>
   <div class='ocr_carea' id='block_1_88' title="bbox 2443 3907 4028 3986">
    <p class='ocr_par' dir='ltr' id='par_1_88' title="bbox 2443 3907 4028 3986">
     <span class='ocr_line' id='line_1_88' title="bbox 2443 3907 4028 3986; baseline 0.002 -19"><span class='ocrx_word' id='word_1_604' title='bbox 2443 3914 2575 3967; x_wconf 91' lang='lat' dir='ltr'>tum</span> <span class='ocrx_word' id='word_1_605' title='bbox 2613 3932 2639 3963; x_wconf 80' lang='lat'><strong>«</strong></span> <span class='ocrx_word' id='word_1_606' title='bbox 2671 3925 2785 3986; x_wconf 92' lang='lat' dir='ltr'>per</span> <span class='ocrx_word' id='word_1_607' title='bbox 2822 3907 2945 3967; x_wconf 91' lang='lat' dir='ltr'>diei</span> <span class='ocrx_word' id='word_1_608' title='bbox 2988 3918 3049 3967; x_wconf 88' lang='lat' dir='ltr'>et</span> <span class='ocrx_word' id='word_1_609' title='bbox 3080 3907 3279 3967; x_wconf 90' lang='lat' dir='ltr'>noctis</span> <span class='ocrx_word' id='word_1_610' title='bbox 3316 3908 3434 3967; x_wconf 91' lang='lat' dir='ltr'>iter</span> <span class='ocrx_word' id='word_1_611' title='bbox 3463 3931 3491 3963; x_wconf 70' lang='grc' dir='ltr'><strong><em>ι</em></strong></span> <span class='ocrx_word' id='word_1_612' title='bbox 3520 3925 3555 3967; x_wconf 90' lang='lat' dir='ltr'>a</span> <span class='ocrx_word' id='word_1_613' title='bbox 3589 3908 3782 3969; x_wconf 90' lang='lat' dir='ltr'>Nitria</span> <span class='ocrx_word' id='word_1_614' title='bbox 3830 3909 4028 3971; x_wconf 88' lang='lat' dir='ltr'>dista-</span> 
     </span>
    </p>
   </div>
   <div class='ocr_carea' id='block_1_89' title="bbox 2444 4006 4029 4085">
    <p class='ocr_par' dir='ltr' id='par_1_89' title="bbox 2444 4006 4029 4085">
     <span class='ocr_line' id='line_1_89' title="bbox 2444 4006 4029 4085; baseline 0.003 -17"><span class='ocrx_word' id='word_1_615' title='bbox 2444 4007 2571 4079; x_wconf 90' lang='lat' dir='ltr'>bat,</span> <span class='ocrx_word' id='word_1_616' title='bbox 2602 4014 2669 4068; x_wconf 92' lang='lat' dir='ltr'>ut</span> <span class='ocrx_word' id='word_1_617' title='bbox 2714 4006 2905 4067; x_wconf 88' lang='lat' dir='ltr'>refert</span> <span class='ocrx_word' id='word_1_618' title='bbox 2953 4007 3222 4085; x_wconf 89' lang='lat' dir='ltr'>scriptor</span> <span class='ocrx_word' id='word_1_619' title='bbox 3262 4006 3405 4067; x_wconf 91' lang='lat' dir='ltr'>libri</span> <span class='ocrx_word' id='word_1_620' title='bbox 3448 4009 3710 4069; x_wconf 90' lang='lat' dir='ltr'>secundi</span> <span class='ocrx_word' id='word_1_621' title='bbox 3746 4010 4029 4072; x_wconf 87' lang='lat' dir='ltr'>Vitarum</span> 
     </span>
    </p>
   </div>
   <div class='ocr_carea' id='block_1_90' title="bbox 2443 4107 4032 4190">
    <p class='ocr_par' dir='ltr' id='par_1_90' title="bbox 2443 4107 4032 4190">
     <span class='ocr_line' id='line_1_90' title="bbox 2443 4107 4032 4190; baseline 0.003 -23"><span class='ocrx_word' id='word_1_622' title='bbox 2443 4109 2719 4180; x_wconf 91' lang='lat' dir='ltr'>Patrum,</span> <span class='ocrx_word' id='word_1_623' title='bbox 2760 4125 2913 4187; x_wconf 90' lang='lat' dir='ltr'>quas</span> <span class='ocrx_word' id='word_1_624' title='bbox 2964 4107 3159 4167; x_wconf 91' lang='lat' dir='ltr'>edidit</span> <span class='ocrx_word' id='word_1_625' title='bbox 3215 4108 3595 4168; x_wconf 83' lang='lat' dir='ltr'>Rosweidus</span> <span class='ocrx_word' id='word_1_626' title='bbox 3638 4108 3756 4190; x_wconf 92' lang='lat'>(8);</span> <span class='ocrx_word' id='word_1_627' title='bbox 3798 4110 4032 4173; x_wconf 79' lang='lat' dir='ltr'>Nitriae</span> 
     </span>
    </p>
   </div>
   <div class='ocr_carea' id='block_1_91' title="bbox 2444 4207 4029 4287">
    <p class='ocr_par' dir='ltr' id='par_1_91' title="bbox 2444 4207 4029 4287">
     <span class='ocr_line' id='line_1_91' title="bbox 2444 4207 4029 4287; baseline 0.004 -20"><span class='ocrx_word' id='word_1_628' title='bbox 2444 4208 2754 4268; x_wconf 90' lang='lat' dir='ltr'>montium</span> <span class='ocrx_word' id='word_1_629' title='bbox 2801 4207 3178 4267; x_wconf 88' lang='lat' dir='ltr'>monasteria</span> <span class='ocrx_word' id='word_1_630' title='bbox 3225 4207 3595 4269; x_wconf 87' lang='lat' dir='ltr'>fundaverat</span> <span class='ocrx_word' id='word_1_631' title='bbox 3638 4211 3699 4269; x_wconf 93' lang='lat' dir='ltr'>S.</span> <span class='ocrx_word' id='word_1_632' title='bbox 3731 4214 4029 4287; x_wconf 89' lang='lat' dir='ltr'>Ammon,</span> 
     </span>
    </p>
   </div>
   <div class='ocr_carea' id='block_1_92' title="bbox 2446 4306 4031 4390">
    <p class='ocr_par' dir='ltr' id='par_1_92' title="bbox 2446 4306 4031 4390">
     <span class='ocr_line' id='line_1_92' title="bbox 2446 4306 4031 4390; baseline 0.004 -25"><span class='ocrx_word' id='word_1_633' title='bbox 2446 4307 2555 4385; x_wconf 90' lang='lat' dir='ltr'>qui</span> <span class='ocrx_word' id='word_1_634' title='bbox 2604 4307 2935 4383; x_wconf 89' lang='lat' dir='ltr'>superstite</span> <span class='ocrx_word' id='word_1_635' title='bbox 2978 4306 3161 4366; x_wconf 86' lang='lat' dir='ltr'>etiam</span> <span class='ocrx_word' id='word_1_636' title='bbox 3196 4308 3257 4366; x_wconf 93' lang='lat' dir='ltr'>S.</span> <span class='ocrx_word' id='word_1_637' title='bbox 3302 4308 3572 4369; x_wconf 83' lang='lat' dir='ltr'>Antonio</span> <span class='ocrx_word' id='word_1_638' title='bbox 3594 4308 3759 4369; x_wconf 87' lang='lat' dir='ltr'>diem</span> <span class='ocrx_word' id='word_1_639' title='bbox 3801 4328 4031 4390; x_wconf 87' lang='lat' dir='ltr'>supre-</span> 
     </span>
    </p>
   </div>
   <div class='ocr_carea' id='block_1_93' title="bbox 2446 4405 4032 4489">
    <p class='ocr_par' dir='ltr' id='par_1_93' title="bbox 2446 4405 4032 4489">
     <span class='ocr_line' id='line_1_93' title="bbox 2446 4405 4032 4489; baseline 0.004 -24"><span class='ocrx_word' id='word_1_640' title='bbox 2446 4423 2615 4465; x_wconf 92' lang='lat' dir='ltr'>mum</span> <span class='ocrx_word' id='word_1_641' title='bbox 2682 4406 2836 4466; x_wconf 90' lang='lat' dir='ltr'>obiit</span> <span class='ocrx_word' id='word_1_642' title='bbox 2889 4405 2997 4484; x_wconf 91' lang='lat'>(9),</span> <span class='ocrx_word' id='word_1_643' title='bbox 3052 4406 3349 4484; x_wconf 89' lang='lat' dir='ltr'>ideoque,</span> <span class='ocrx_word' id='word_1_644' title='bbox 3420 4406 3590 4486; x_wconf 92' lang='lat' dir='ltr'>quod</span> <span class='ocrx_word' id='word_1_645' title='bbox 3631 4408 3792 4469; x_wconf 88' lang='lat' dir='ltr'>infra</span> <span class='ocrx_word' id='word_1_646' title='bbox 3849 4419 4032 4489; x_wconf 86' lang='lat' dir='ltr'>pate—</span> 
     </span>
    </p>
   </div>
   <div class='ocr_carea' id='block_1_94' title="bbox 2448 4506 4030 4587">
    <p class='ocr_par' dir='ltr' id='par_1_94' title="bbox 2448 4506 4030 4587">
     <span class='ocr_line' id='line_1_94' title="bbox 2448 4506 4030 4587; baseline 0.002 -19"><span class='ocrx_word' id='word_1_647' title='bbox 2448 4508 2559 4579; x_wconf 87' lang='lat' dir='ltr'>bit,</span> <span class='ocrx_word' id='word_1_648' title='bbox 2624 4506 2924 4567; x_wconf 91' lang='lat' dir='ltr'>Macarios</span> <span class='ocrx_word' id='word_1_649' title='bbox 2993 4513 3243 4567; x_wconf 91' lang='lat' dir='ltr'>nostros</span> <span class='ocrx_word' id='word_1_650' title='bbox 3304 4514 3505 4567; x_wconf 89' lang='lat' dir='ltr'>aetate</span> <span class='ocrx_word' id='word_1_651' title='bbox 3571 4507 4030 4587; x_wconf 88' lang='lat' dir='ltr'>aliquantulum</span> 
     </span>
    </p>
   </div>
   <div class='ocr_carea' id='block_1_95' title="bbox 2450 4603 4029 4684">
    <p class='ocr_par' dir='ltr' id='par_1_95' title="bbox 2450 4603 4029 4684">
     <span class='ocr_line' id='line_1_95' title="bbox 2450 4603 4029 4684; baseline 0.003 -19"><span class='ocrx_word' id='word_1_652' title='bbox 2450 4605 2810 4683; x_wconf 90' lang='lat' dir='ltr'>praecessit.</span> <span class='ocrx_word' id='word_1_653' title='bbox 2835 4604 2944 4665; x_wconf 91' lang='lat' dir='ltr'>llle</span> <span class='ocrx_word' id='word_1_654' title='bbox 2971 4620 3121 4664; x_wconf 93' lang='lat' dir='ltr'>vero</span> <span class='ocrx_word' id='word_1_655' title='bbox 3162 4603 3360 4676; x_wconf 92' lang='lat' dir='ltr'>locus,</span> <span class='ocrx_word' id='word_1_656' title='bbox 3384 4604 3493 4665; x_wconf 90' lang='lat' dir='ltr'>ubi</span> <span class='ocrx_word' id='word_1_657' title='bbox 3520 4604 3673 4665; x_wconf 90' lang='lat' dir='ltr'>alter</span> <span class='ocrx_word' id='word_1_658' title='bbox 3698 4608 4029 4684; x_wconf 91' lang='lat' dir='ltr'>Macarius,</span> 
     </span>
    </p>
   </div>
   <div class='ocr_carea' id='block_1_96' title="bbox 2453 4700 4033 4784">
    <p class='ocr_par' dir='ltr' id='par_1_96' title="bbox 2453 4700 4033 4784">
     <span class='ocr_line' id='line_1_96' title="bbox 2453 4700 4033 4784; baseline 0.004 -21"><span class='ocrx_word' id='word_1_659' title='bbox 2453 4702 2907 4765; x_wconf 84' lang='lat' dir='ltr'>Alexandrinus</span> <span class='ocrx_word' id='word_1_660' title='bbox 2978 4700 3498 4778; x_wconf 88' lang='lat' dir='ltr'>cognominatus,</span> <span class='ocrx_word' id='word_1_661' title='bbox 3566 4702 3676 4780; x_wconf 90' lang='lat' dir='ltr'>qui</span> <span class='ocrx_word' id='word_1_662' title='bbox 3747 4706 4033 4784; x_wconf 85' lang='lat' dir='ltr'>aequalis</span> 
     </span>
    </p>
   </div>
   <div class='ocr_carea' id='block_1_97' title="bbox 2452 4935 4031 5005">
    <p class='ocr_par' dir='ltr' id='par_1_97' title="bbox 2452 4935 4031 5005">
     <span class='ocr_line' id='line_1_97' title="bbox 2452 4935 4031 5005; baseline 0.005 -18"><span class='ocrx_word' id='word_1_663' title='bbox 2452 4935 2788 4992; x_wconf 86' lang='lat' dir='ltr'>Wandslebli</span> <span class='ocrx_word' id='word_1_664' title='bbox 2841 4937 3261 5005; x_wconf 88' lang='lat' dir='ltr'>descriptionem</span> <span class='ocrx_word' id='word_1_665' title='bbox 3321 4938 3778 4993; x_wconf 87' lang='lat' dir='ltr'>monasteriorum</span> <span class='ocrx_word' id='word_1_666' title='bbox 3842 4940 4031 4995; x_wconf 82' lang='lat' dir='ltr'>codice</span> 
     </span>
    </p>
   </div>
   <div class='ocr_carea' id='block_1_98' title="bbox 2452 5028 4028 5097">
    <p class='ocr_par' dir='ltr' id='par_1_98' title="bbox 2452 5028 4028 5097">
     <span class='ocr_line' id='line_1_98' title="bbox 2452 5028 4028 5097; baseline 0.004 -16"><span class='ocrx_word' id='word_1_667' title='bbox 2452 5028 2669 5082; x_wconf 81' lang='lat' dir='ltr'>arabico</span> <span class='ocrx_word' id='word_1_668' title='bbox 2717 5030 2941 5097; x_wconf 87' lang='lat' dir='ltr'>antiquo</span> <span class='ocrx_word' id='word_1_669' title='bbox 2986 5028 3326 5097; x_wconf 89' lang='lat' dir='ltr'>desumptam</span> <span class='ocrx_word' id='word_1_670' title='bbox 3367 5029 3420 5079; x_wconf 92' lang='lat' dir='ltr'>in</span> <span class='ocrx_word' id='word_1_671' title='bbox 3472 5029 3610 5082; x_wconf 88' lang='lat' dir='ltr'>libro</span> <span class='ocrx_word' id='word_1_672' title='bbox 3641 5030 3727 5083; x_wconf 91' lang='lat' dir='ltr'>cui</span> <span class='ocrx_word' id='word_1_673' title='bbox 3773 5030 3967 5084; x_wconf 78' lang='lat' dir='ltr'>titulus</span> <span class='ocrx_word' id='word_1_674' title='bbox 4012 5052 4028 5087; x_wconf 94' lang='lat'>:</span> 
     </span>
    </p>
   </div>
   <div class='ocr_carea' id='block_1_99' title="bbox 2456 5118 4030 5191">
    <p class='ocr_par' dir='ltr' id='par_1_99' title="bbox 2456 5118 4030 5191">
     <span class='ocr_line' id='line_1_99' title="bbox 2456 5118 4030 5191; baseline 0.003 -18"><span class='ocrx_word' id='word_1_675' title='bbox 2456 5118 2652 5175; x_wconf 83' lang='lat' dir='ltr'>Paulus</span> <span class='ocrx_word' id='word_1_676' title='bbox 2698 5120 3019 5189; x_wconf 86' lang='lat' dir='ltr'>Sammlung</span> <span class='ocrx_word' id='word_1_677' title='bbox 3058 5122 3155 5174; x_wconf 86' lang='lat' dir='ltr'>der</span> <span class='ocrx_word' id='word_1_678' title='bbox 3207 5119 3694 5191; x_wconf 76' lang='lat' dir='ltr'>merkwﬁrdigsten</span> <span class='ocrx_word' id='word_1_679' title='bbox 3738 5120 3936 5177; x_wconf 80' lang='lat' dir='ltr'>Reisen</span> <span class='ocrx_word' id='word_1_680' title='bbox 3972 5125 4030 5177; x_wconf 88' lang='lat' dir='ltr'>in</span> 
     </span>
    </p>
   </div>
   <div class='ocr_carea' id='block_1_100' title="bbox 2452 5208 3317 5278">
    <p class='ocr_par' dir='ltr' id='par_1_100' title="bbox 2452 5208 3317 5278">
     <span class='ocr_line' id='line_1_100' title="bbox 2452 5208 3317 5278; baseline -0.001 -15"><span class='ocrx_word' id='word_1_681' title='bbox 2452 5211 2553 5264; x_wconf 86' lang='lat' dir='ltr'>den</span> <span class='ocrx_word' id='word_1_682' title='bbox 2585 5209 2771 5263; x_wconf 89' lang='lat' dir='ltr'>Orient</span> <span class='ocrx_word' id='word_1_683' title='bbox 2794 5208 2857 5262; x_wconf 86' lang='grc' dir='ltr'>Τ.</span> <span class='ocrx_word' id='word_1_684' title='bbox 2885 5208 2947 5261; x_wconf 93' lang='lat' dir='ltr'>lll</span> <span class='ocrx_word' id='word_1_685' title='bbox 2978 5225 3031 5278; x_wconf 89' lang='lat' dir='ltr'>p.</span> <span class='ocrx_word' id='word_1_686' title='bbox 3069 5209 3176 5263; x_wconf 74' lang='grc'>255</span> <span class='ocrx_word' id='word_1_687' title='bbox 3196 5224 3317 5277; x_wconf 88' lang='lat' dir='ltr'>sqq.</span> 
     </span>
    </p>
   </div>
   <div class='ocr_carea' id='block_1_101' title="bbox 2529 5298 4017 5368">
    <p class='ocr_par' dir='ltr' id='par_1_101' title="bbox 2529 5298 4017 5368">
     <span class='ocr_line' id='line_1_101' title="bbox 2529 5298 4017 5368; baseline 0 -15"><span class='ocrx_word' id='word_1_688' title='bbox 2529 5302 2605 5368; x_wconf 85' lang='lat'>(7)</span> <span class='ocrx_word' id='word_1_689' title='bbox 2651 5299 2883 5363; x_wconf 81' lang='lat' dir='ltr'>Ludolti,</span> <span class='ocrx_word' id='word_1_690' title='bbox 2913 5302 3139 5354; x_wconf 85' lang='lat' dir='ltr'>rectoris</span> <span class='ocrx_word' id='word_1_691' title='bbox 3169 5298 3430 5353; x_wconf 82' lang='lat' dir='ltr'>ecclesiae</span> <span class='ocrx_word' id='word_1_692' title='bbox 3464 5298 3791 5367; x_wconf 82' lang='lat' dir='ltr'>parochialis</span> <span class='ocrx_word' id='word_1_693' title='bbox 3828 5300 3881 5352; x_wconf 94' lang='lat' dir='ltr'>in</span> <span class='ocrx_word' id='word_1_694' title='bbox 3923 5298 4017 5353; x_wconf 88' lang='lat' dir='ltr'>Sn-</span> 
     </span>
    </p>
   </div>
   <div class='ocr_carea' id='block_1_102' title="bbox 2449 5389 4030 5455">
    <p class='ocr_par' dir='ltr' id='par_1_102' title="bbox 2449 5389 4030 5455">
     <span class='ocr_line' id='line_1_102' title="bbox 2449 5389 4030 5455; baseline 0.001 -9"><span class='ocrx_word' id='word_1_695' title='bbox 2449 5394 2638 5455; x_wconf 87' lang='lat' dir='ltr'>chem,</span> <span class='ocrx_word' id='word_1_696' title='bbox 2670 5394 2733 5447; x_wconf 82' lang='lat' dir='ltr'>de</span> <span class='ocrx_word' id='word_1_697' title='bbox 2769 5394 2955 5445; x_wconf 76' lang='lat' dir='ltr'>itinere</span> <span class='ocrx_word' id='word_1_698' title='bbox 3000 5402 3170 5445; x_wconf 77' lang='lat' dir='ltr'>terrae</span> <span class='ocrx_word' id='word_1_699' title='bbox 3216 5402 3431 5445; x_wconf 73' lang='lat' dir='ltr'>sanctae</span> <span class='ocrx_word' id='word_1_700' title='bbox 3475 5391 3630 5444; x_wconf 86' lang='lat' dir='ltr'>liber.</span> <span class='ocrx_word' id='word_1_701' title='bbox 3691 5389 3837 5446; x_wconf 80' lang='lat' dir='ltr'>Nach</span> <span class='ocrx_word' id='word_1_702' title='bbox 3879 5394 4030 5447; x_wconf 81' lang='lat' dir='ltr'>allen</span> 
     </span>
    </p>
   </div>
   <div class='ocr_carea' id='block_1_103' title="bbox 2450 5483 4031 5553">
    <p class='ocr_par' dir='ltr' id='par_1_103' title="bbox 2450 5483 4031 5553">
     <span class='ocr_line' id='line_1_103' title="bbox 2450 5483 4031 5553; baseline 0.002 -18"><span class='ocrx_word' id='word_1_703' title='bbox 2450 5483 2865 5538; x_wconf 77' lang='lat' dir='ltr'>Handscliriftcn</span> <span class='ocrx_word' id='word_1_704' title='bbox 2914 5484 3202 5551; x_wconf 72' lang='lat' dir='ltr'>berichtigt</span> <span class='ocrx_word' id='word_1_705' title='bbox 3244 5483 3685 5553; x_wconf 81' lang='lat' dir='ltr'>herausgegeben</span> <span class='ocrx_word' id='word_1_706' title='bbox 3723 5499 3829 5537; x_wconf 86' lang='lat' dir='ltr'>von</span> <span class='ocrx_word' id='word_1_707' title='bbox 3857 5483 3921 5536; x_wconf 83' lang='lat' dir='ltr'>D&#39;</span> <span class='ocrx_word' id='word_1_708' title='bbox 3965 5485 4031 5539; x_wconf 89' lang='lat' dir='ltr'>F.</span> 
     </span>
    </p>
   </div>
   <div class='ocr_carea' id='block_1_104' title="bbox 2451 5575 3366 5646">
    <p class='ocr_par' dir='ltr' id='par_1_104' title="bbox 2451 5575 3366 5646">
     <span class='ocr_line' id='line_1_104' title="bbox 2451 5575 3366 5646; baseline 0.001 -18"><span class='ocrx_word' id='word_1_709' title='bbox 2451 5576 2914 5646; x_wconf 77' lang='lat' dir='ltr'>Deyks.StuItgart</span> <span class='ocrx_word' id='word_1_710' title='bbox 2946 5576 3073 5629; x_wconf 75' lang='grc'>1851</span> <span class='ocrx_word' id='word_1_711' title='bbox 3106 5590 3155 5643; x_wconf 92' lang='lat' dir='ltr'>p.</span> <span class='ocrx_word' id='word_1_712' title='bbox 3189 5575 3250 5628; x_wconf 78' lang='grc'>61</span> <span class='ocrx_word' id='word_1_713' title='bbox 3285 5591 3366 5645; x_wconf 87' lang='lat' dir='ltr'>sq.</span> 
     </span>
    </p>
   </div>
   <div class='ocr_carea' id='block_1_105' title="bbox 2521 5662 4030 5735">
    <p class='ocr_par' dir='ltr' id='par_1_105' title="bbox 2521 5662 4030 5735">
     <span class='ocr_line' id='line_1_105' title="bbox 2521 5662 4030 5735; baseline -0.001 -18"><span class='ocrx_word' id='word_1_714' title='bbox 2521 5667 2596 5735; x_wconf 87' lang='lat'>(8)</span> <span class='ocrx_word' id='word_1_715' title='bbox 2644 5665 2748 5717; x_wconf 86' lang='lat' dir='ltr'>VV.</span> <span class='ocrx_word' id='word_1_716' title='bbox 2784 5664 2883 5717; x_wconf 85' lang='lat' dir='ltr'>PP.</span> <span class='ocrx_word' id='word_1_717' title='bbox 2926 5666 3010 5718; x_wconf 86' lang='lat' dir='ltr'>ed.</span> <span class='ocrx_word' id='word_1_718' title='bbox 3053 5664 3234 5719; x_wconf 81' lang='lat' dir='ltr'>Rosw.</span> <span class='ocrx_word' id='word_1_719' title='bbox 3268 5665 3361 5720; x_wconf 92' lang='lat' dir='ltr'>lib.</span> <span class='ocrx_word' id='word_1_720' title='bbox 3405 5664 3442 5716; x_wconf 98' lang='grc' dir='ltr'><strong>ΙΙ</strong></span> <span class='ocrx_word' id='word_1_721' title='bbox 3485 5679 3603 5731; x_wconf 88' lang='lat' dir='ltr'>cap.</span> <span class='ocrx_word' id='word_1_722' title='bbox 3628 5662 3698 5717; x_wconf 78' lang='grc'>29</span> <span class='ocrx_word' id='word_1_723' title='bbox 3732 5662 3829 5717; x_wconf 86' lang='lat' dir='ltr'>Ed.</span> <span class='ocrx_word' id='word_1_724' title='bbox 3863 5663 4030 5716; x_wconf 79' lang='lat' dir='ltr'>Antv.</span> 
     </span>
    </p>
   </div>
   <div class='ocr_carea' id='block_1_106' title="bbox 2457 5756 3525 5827">
    <p class='ocr_par' dir='ltr' id='par_1_106' title="bbox 2457 5756 3525 5827">
     <span class='ocr_line' id='line_1_106' title="bbox 2457 5756 3525 5827; baseline -0.003 -15"><span class='ocrx_word' id='word_1_725' title='bbox 2457 5760 2592 5812; x_wconf 66' lang='lat'>1628</span> <span class='ocrx_word' id='word_1_726' title='bbox 2624 5776 2671 5827; x_wconf 92' lang='lat' dir='ltr'>p.</span> <span class='ocrx_word' id='word_1_727' title='bbox 2707 5759 2828 5821; x_wconf 74' lang='grc'>481,</span> <span class='ocrx_word' id='word_1_728' title='bbox 2856 5760 2905 5811; x_wconf 80' lang='lat' dir='ltr'>l.</span> <span class='ocrx_word' id='word_1_729' title='bbox 2943 5758 3024 5811; x_wconf 80' lang='lat' dir='ltr'>Cf.</span> <span class='ocrx_word' id='word_1_730' title='bbox 3063 5757 3199 5810; x_wconf 82' lang='lat' dir='ltr'>infra</span> <span class='ocrx_word' id='word_1_731' title='bbox 3229 5756 3403 5825; x_wconf 86' lang='lat' dir='ltr'>Caput</span> <span class='ocrx_word' id='word_1_732' title='bbox 3440 5756 3525 5809; x_wconf 83' lang='lat' dir='ltr'>IV.</span> 
     </span>
    </p>
   </div>
   <div class='ocr_carea' id='block_1_107' title="bbox 2529 5845 4030 5917">
    <p class='ocr_par' dir='ltr' id='par_1_107' title="bbox 2529 5845 4030 5917">
     <span class='ocr_line' id='line_1_107' title="bbox 2529 5845 4030 5917; baseline -0.002 -13"><span class='ocrx_word' id='word_1_733' title='bbox 2529 5853 2604 5917; x_wconf 80' lang='lat'>(9)</span> <span class='ocrx_word' id='word_1_734' title='bbox 2652 5850 2767 5903; x_wconf 83' lang='lat' dir='ltr'>Vita</span> <span class='ocrx_word' id='word_1_735' title='bbox 2828 5851 2883 5901; x_wconf 75' lang='lat' dir='ltr'>S.</span> <span class='ocrx_word' id='word_1_736' title='bbox 2951 5850 3209 5913; x_wconf 83' lang='lat' dir='ltr'>Antonii,</span> <span class='ocrx_word' id='word_1_737' title='bbox 3271 5850 3326 5901; x_wconf 81' lang='lat' dir='ltr'>S.</span> <span class='ocrx_word' id='word_1_738' title='bbox 3377 5848 3664 5901; x_wconf 81' lang='lat' dir='ltr'>Athanasii</span> <span class='ocrx_word' id='word_1_739' title='bbox 3732 5845 3871 5913; x_wconf 70' lang='lat' dir='ltr'>Opp.</span> <span class='ocrx_word' id='word_1_740' title='bbox 3932 5847 4030 5904; x_wconf 74' lang='lat' dir='ltr'>ed.</span> 
     </span>
    </p>
   </div>
  </div>
