4266 6360
288 362 321 417 ε
1800 358 1973 415 VITAl

1851 358 2028 415 ITAE.
3504 353 3536 409 6

288 473 586 552 Aegyptio
610 472 746 547 fuit,
780 471 1058 548 sedebat,
1095 474 1176 536 ob
1203 473 1566 537 cellularum
1607 475 1693 537 ibi
1735 475 1855 537 dis-
1884 486 1929 538 Α
1958 492 2095 537 rum
2126 475 2487 554 saepissime
2517 472 2873 545 utebantur,
2904 471 2987 533 ita
3018 470 3297 550 quidem,
3326 475 3399 532 ut
3420 478 3539 536 soil

286 591 604 654 persarum
662 573 1122 635 multitudinem
1181 574 1365 635 Cellia
1428 592 1541 635 seu
1588 573 1856 635 Cellulae
1960 596 2026 639 se
2064 578 2131 639 in
2178 577 2399 640 cellam
2438 576 2822 639 monasterio
2854 575 3117 637 vicinam
3160 575 3534 653 reciperent,

286 675 743 748 nominabatur,
790 691 953 753 quae
1006 672 1230 734 eodem
1274 672 1384 735 illo
1441 680 1696 735 auctore
1755 673 1854 734 di-
1960 678 2131 757 quod
2177 679 2432 757 quidem
2491 678 2571 739 de
2634 678 2696 736 S.
2758 676 3030 737 Antonio
3084 673 3232 755 (10),
3274 674 3538 736 Macario

287 774 527 837 stabant
555 774 774 836 decem
814 774 948 835 fere
990 773 1274 835 milliaria
1302 792 1337 834 a
1368 771 1559 835 Nitria
1596 775 1662 835 in
1692 774 1857 835 inte-
1958 777 2266 856 Aegyptio
2319 775 2465 855 (11),
2503 776 2640 837 aliis
2660 773 2923 836 relatum
2974 772 3263 850 legimus.
3294 774 3535 833 Eremi-

289 878 450 939 riore
511 876 759 938 deserto
809 874 916 956 (1).
982 874 1158 937 Unde
1225 874 1552 952 colligitur,
1600 874 1862 937 Alexan-
1958 885 2162 941 tarum
2205 878 2480 956 denique
2511 876 2905 938 severitatem
2940 873 3305 951 longissime
3346 890 3538 954 supe-

288 979 451 1039 drini
502 978 978 1051 habitationem,
1045 976 1191 1038 licet
1262 976 1456 1038 Nitria
1516 977 1582 1037 in
1648 978 1858 1039 medio
1961 981 2179 1040 rabant
2226 978 2641 1039 anachoretae
2711 975 2856 1055 (12),
2898 974 3030 1054 qui,
3083 990 3540 1053 saepenumero

286 1076 614 1154 utriusque
652 1076 849 1155 posita
876 1082 1059 1150 esset,
1093 1082 1259 1137 certe
1288 1075 1451 1137 haud
1485 1076 1749 1137 multum
1781 1078 1859 1139 ab
1961 1088 2153 1141 totam
2178 1096 2379 1159 paene
2407 1079 2595 1139 vitam
2633 1078 2698 1138 in
2720 1077 3017 1137 interiore
3040 1076 3375 1137 solitudine
3404 1076 3541 1136 sine

288 1178 574 1255 Aegyptii
620 1178 1013 1239 monasteriis
1058 1185 1361 1239 remotam
1408 1177 1620 1239 fuisse.
1668 1181 1861 1238 Tanta
1964 1188 2014 1258 5
2046 1180 2171 1242 ulla
2215 1181 2486 1242 hominis
2541 1195 2665 1258 ope
2712 1178 3034 1259 degentes,
3076 1196 3190 1257 per
3234 1178 3543 1257 quinqua-

289 1283 495 1336 autem
544 1276 706 1337 fama
749 1276 1015 1337 duorum
1065 1278 1474 1338 Macariorum
1522 1284 1652 1339 erat
1700 1279 1865 1338 inter
1965 1280 2130 1355 ginta
2157 1297 2345 1357 saepe
2374 1296 2574 1340 annos
2599 1284 2659 1339 et
2690 1277 2957 1357 amplius
3006 1277 3237 1338 nu‘llius
3268 1277 3543 1339 hominis

288 1373 453 1435 illius
484 1375 759 1452 regionis
786 1375 1029 1447 fratres,
1058 1382 1126 1436 ut
1157 1375 1359 1437 eidem
1389 1378 1625 1439 auctori
1656 1385 1864 1456 patres
1964 1380 2200 1441 vultum
2230 1380 2680 1459 adspiciebant,
2704 1378 3040 1452 radicibus,
3071 1380 3296 1458 pomis,
3329 1378 3543 1441 herbis

291 1477 627 1555 quidamin
650 1476 850 1537 Celliis
880 1484 1222 1551 narrarent,
1254 1480 1412 1541 duos
1456 1481 1521 1541 in
1554 1480 1709 1543 locis
1735 1480 1865 1544 istis
1966 1487 2308 1541 vescentes.
2363 1481 2491 1540 Nec
2537 1481 2671 1541 sine
2719 1478 3036 1558 voluptate
3091 1479 3543 1541 fervescentem

289 1576 589 1636 Macarios
648 1598 675 1630 α
714 1575 893 1652 quasi
952 1576 1078 1637 duo
1146 1576 1304 1637 caeli
1370 1576 1602 1639 lumina
1670 1579 1863 1641 reful-
1968 1579 2523 1658 solisignem,sitis
2555 1578 3216 1651 ardorem,defectum
3248 1596 3449 1657 aquae
3476 1580 3543 1641 in

291 1676 443 1736 sisse
467 1675 571 1756 (2),
610 1697 637 1729 ››
668 1684 728 1735 et
756 1673 1083 1760 Palladius,
1116 1676 1225 1754 qui
1265 1694 1392 1737 una
1435 1695 1574 1739 cum
1602 1680 1866 1741 Macario
1969 1679 2273 1741 honorem
2304 1678 2525 1741 Christi
2553 1680 2858 1740 ferebant.
2910 1681 3378 1759 Nonnunquam
3411 1681 3541 1743 via—

288 1774 708 1835 Alexandrino
745 1781 868 1834 tres
890 1791 1089 1833 annos
1123 1768 1504 1838 habitaverat
1540 1778 1605 1838 in
1637 1778 1861 1853 Celliis,
1901 1827 1943 1881 Β
1970 1784 2089 1851 tor,
2142 1780 2459 1838 desertum
2499 1793 2860 1857 peragrans,
2907 1782 3048 1837 ante
3086 1777 3371 1855 ipsorum
3403 1779 3541 1840 obi-

292 1874 540 1935 illorum
577 1873 793 1935 laudes
825 1873 1103 1935 referens
1132 1875 1430 1952 singulari
1457 1877 1727 1955 quadam
1760 1878 1861 1939 in-
1901 1873 1940 1881 ”
1972 1886 2102 1940 tum
2133 1880 2311 1959 quasi
2344 1896 2379 1939 a
2425 1880 2551 1939 Deo
2601 1878 2829 1938 missus
2881 1878 3384 1955 superveniebat,
3436 1879 3547 1957 qui

289 1977 686 2037 troductione
728 1991 889 2053 Opus
929 1974 1044 2036 sibi
1086 1992 1222 2037 esse
1257 1983 1527 2054 putaret,
1566 1997 1641 2039 ne
1685 1987 1864 2039 tanta
1971 1977 2176 2039 nudos
2218 1995 2327 2038 eos
2369 1976 2701 2055 longisque
2755 1973 2994 2053 capillis
3024 1974 3088 2033 in
3127 1991 3395 2053 corpore
3439 1974 3549 2035 ob-

288 2095 563 2136 narrans
602 2077 857 2135 mentiri
904 2075 1222 2135 videretur
1260 2076 1367 2155 (3).
1405 2078 1580 2140 Vitae
1629 2080 1862 2141 severi-
1971 2084 2170 2139 tectos
2198 2079 2263 2139 in
2282 2078 2497 2138 ultima
2520 2076 2674 2137 hora
2710 2074 3027 2135 reficiebat
3057 2084 3117 2135 et
3150 2074 3416 2137 honesto
3444 2082 3545 2138 tu-

287 2183 383 2236 tas
408 2170 1012 2255 paeneincredibilis
1040 2184 1168 2236 tum
1197 2177 1261 2237 in
1289 2176 1637 2240 innumeris
1670 2183 1869 2258 Aegy-
1972 2177 2142 2239 mulo
2195 2176 2540 2256 sepeliebat
2591 2174 2738 2253 (13).
2788 2175 3029 2235 Fratres
3072 2179 3279 2233 autem
3311 2174 3375 2234 in
3406 2190 3547 2235 mo-

290 2279 381 2357 pti
409 2277 801 2337 monasteriis
834 2278 1099 2355 vigebat,
1131 2280 1185 2353 4
1217 2294 1343 2357 quo
1377 2277 1703 2341 referenda
1724 2288 1869 2343 sunt
1973 2279 2262 2341 nasteriis
2294 2294 2544 2357 semper
2571 2274 2755 2337 nudis
2786 2276 3052 2355 pedibus
3086 2282 3145 2335 et
3176 2276 3412 2336 baculis
3446 2276 3546 2337 in-

288 2377 507 2437 crebra
542 2384 602 2438 et
632 2375 817 2454 longa
852 2376 1085 2438 ieiunia
1117 2377 1221 2456 (4),
1263 2378 1467 2439 omnis
1500 2377 1632 2440 fere
1665 2381 1867 2443 carnis
1976 2378 2155 2439 nixos
2175 2377 2527 2448 incessisse,
2552 2381 2741 2456 caput
2767 2375 3014 2437 cucullo
3034 2376 3324 2437 indutum
3354 2383 3415 2438 et
3438 2375 3553 2437 hu-

288 2476 665 2539 abstinentia
697 2479 801 2557 (5),
829 2477 1072 2555 vigiliae
1107 2476 1212 2557 (6),
1247 2476 1546 2539 habitatio
1582 2479 1646 2541 in
1681 2480 1869 2543 cellu-
1974 2496 2182 2541 meros
2238 2478 2569 2559 scapulari,
2617 2496 2850 2558 corpus
2894 2494 3052 2539 zona
3099 2478 3372 2539 cinctum
3433 2477 3547 2540 ha-

290 2574 393 2648 lis,
430 2574 495 2635 in
527 2576 755 2655 quibus
802 2578 902 2637 vix
943 2584 1188 2657 poterat
1231 2594 1461 2657 corpus
1501 2581 1738 2641 moveri
1760 2580 1867 2661 (7),
1975 2580 2210 2653 buisse,
2241 2580 2502 2660 insuper
2529 2579 2824 2641 melotem
2852 2579 2892 2639 i.
2931 2594 2985 2639 e.
3032 2579 3280 2641 ovinam
3320 2579 3551 2659 pellem

293 2680 357 2735 et
404 2674 544 2748 alia,
579 2694 738 2755 quae
769 2676 1017 2738 duriora
1061 2677 1126 2738 in
1170 2679 1566 2741 monasteriis
1594 2683 1870 2744 exerceri
1979 2679 2267 2756 gessisse,
2300 2679 2467 2757 apud
2496 2678 2825 2757 Evagrium
2858 2677 3004 2756 (14),
3037 2679 3393 2739 Cassianum
3427 2679 3548 2759 (15)

294 2775 604 2837 solebant.
636 2781 685 2837 Α
712 2778 1038 2839 monachis
1066 2779 1131 2839 in
1160 2780 1556 2841 monasteriis
1584 2781 1869 2859 degenti-

294 2877 416 2936 bus
463 2877 883 2954 distinguendi
919 2886 1063 2939 sunt
1117 2880 1433 2953 eremitae,
1475 2881 1584 2959 qui
1624 2884 1873 2944 maioris

297 2976 635 3054 spiritualis
660 2977 1061 3055 perfectionis
1103 2979 1317 3057 gratia,
1349 2980 1569 3042 abbate
1603 2999 1871 3045 consen-

296 3074 515 3146 tiente,
542 3075 604 3135 in
633 3075 994 3138 interiorem
1024 3079 1422 3140 solitudinem
1450 3098 1516 3141 se
1538 3080 1869 3155 abdebant,

1980 2784 2041 2837 et
2070 2777 2134 2836 in
2154 2777 2308 2837 Vitis
2324 2778 2573 2837 Patrum
2607 2776 2898 2838 editionis
2927 2778 3403 2840 Bosweidianac
3440 2796 3551 2840 co-

1980 2877 2334 2955 piosissime
2364 2884 2669 2937 narratur.
3320 2884 3323 2889 ’

2062 2981 2088 3052 ᾗ
2112 2975 2169 3037 3.
2201 2976 2545 3041 Solitariam
2574 2978 2640 3038 in
2664 2982 2945 3056 Aegypto
2972 2979 3157 3039 vitam
3189 2980 3390 3059 quarti
3426 2999 3558 3044 sae-

1982 3076 2106 3137 culi
2146 3084 2229 3149 et,
2272 3096 2400 3157 quo
2430 3080 2580 3142 inde
2630 3080 2750 3141 late
2781 3080 3005 3141 diffusa
3044 3087 3157 3154 est,
3188 3082 3253 3141 in
3284 3082 3459 3160 Syria
3495 3092 3560 3145 et

296 3171 410 3231 ubi
442 3190 690 3250 parvam
729 3174 948 3235 cellam
988 3176 1406 3239 inhabitantes
1448 3179 1709 3257 singulis
1741 3180 1875 3241 die-
1905 3182 1947 3240 C
1981 3175 2326 3239 Palaestina
2374 3180 2629 3241 uberius
2685 3180 3064 3252 describere,
3121 3182 3198 3241 ab
3240 3179 3360 3241 hoc
3414 3181 3558 3243 loco

297 3272 419 3332 bus
462 3290 689 3350 aquam
741 3291 776 3334 e
824 3277 1206 3338 monasterio
1250 3278 1500 3339 missam
1537 3297 1678 3341 cum
1713 3298 1876 3359 pane

299 3368 688 3446 recipiebant
719 3369 832 3452 (8);
869 3388 1344 3451 nonnumquam
1364 3390 1512 3435 vero
1543 3381 1603 3435 et
1626 3375 1747 3453 ipsi
1778 3374 1876 3436 lo-

300 3486 445 3529 cum
471 3486 782 3548 aquosum
809 3472 927 3532 sibi
965 3473 1299 3551 eligebant,
1340 3492 1468 3553 quo
1502 3482 1783 3536 sererent
1819 3483 1881 3536 et

301 3586 533 3649 panem
562 3589 673 3632 sua
708 3590 897 3633 manu
926 3574 1309 3635 conficerent
1338 3573 1445 3655 (9).
1484 3576 1606 3635 Sed
1646 3576 1873 3637 eremi-

302 3671 426 3730 tica
452 3672 573 3732 vita
606 3672 789 3733 etiam
821 3673 1075 3735 abhates
1118 3685 1223 3735 aut
1245 3690 1429 3735 senes
1463 3676 1881 3736 monasterio-

304 3815 504 3870 Bened.
529 3816 732 3872 Patavii
768 3820 901 3872 I777
935 3819 998 3873 T.
1024 3819 1042 3871 1
1078 3820 1134 3875 P.
1160 3820 1202 3873 ιι
1225 3836 1278 3889 p.
1304 3821 1410 3874 672
1440 3822 1582 3890 (cap.
1619 3821 1737 3887 eo);
1760 3818 1875 3873 vv.

304 3908 413 3961 PP.
466 3907 649 3963 Itosw.
704 3926 754 3979 p.
786 3912 925 3973 51,1
974 3915 1115 3982 (cap.
1166 3914 1274 3982 52).
1329 3912 1445 3966 Vita
1499 3912 1555 3966 S.
1606 3911 1883 3967 Pachumii

289 4015 425 4069 .cap.
455 3997 634 4061 I,VV.
667 3999 770 4054 PP.
810 4000 991 4056 ROsw.
1028 4019 1078 4071 p.
1104 4003 1220 4062 115,
1252 4001 1306 4055 2.

377 4091 454 4158 (1)
495 4088 604 4144 \‘V.
638 4090 738 4144 PP.
776 4090 958 4145 Rosw.
992 4093 1083 4146 lib.
1116 4092 1159 4145 11
1194 4108 1309 4161 cap.
1349 4092 1419 4146 22
1452 4110 1504 4162 p.
1538 4092 1662 4154 478,
1698 4092 1750 4145 1.

379 4184 458 4250 (2)
500 4180 738 4238 VV.PP.
772 4184 953 4236 Rosw.
988 4184 1081 4237 lib.
1116 4182 1155 4235 Il
1187 4200 1307 4253 cap.
1340 4183 1409 4237 28
1443 4200 1495 4253 p.
1533 4185 1656 4245 479,
1681 4184 1737 4236 2.

380 4277 457 4341 (5)
500 4275 637 4329 Hist.
672 4274 870 4341 Laus.;
908 4275 980 4329 cf.
1022 4276 1161 4329 infra
1190 4278 1361 4345 Caput
1396 4276 1459 4330 11.

381 4368 581 4436 (4)Α1ιί
630 4377 753 4437 post
800 4369 1043 4437 quinque
1096 4369 1231 4433 dies,
1286 4369 1377 4422 alii
1430 4376 1553 4438 post
1594 4369 1755 4431 duos,
1793 4369 1884 4422 alii

305 4469 434 4527 post
480 4469 613 4519 tres.
646 4459 735 4512 alii
781 4461 947 4513 semel
981 4469 1189 4514 tantum
1230 4462 1285 4513 in
1336 4461 1672 4515 hebdomade
1704 4476 1887 4515 come-

304 4552 528 4613 derunt,
580 4551 668 4604 alii
713 4552 1078 4605 hebdomades
1126 4551 1363 4622 integras
1410 4553 1744 4607 iciunarunt.
1798 4550 1882 4606 Cf.

306 4640 584 4696 Bosweidi
634 4641 867 4695 Iudicem
931 4659 1106 4695 rerum
1157 4644 1212 4696 in
1264 4646 1398 4697 vitas
1458 4643 1684 4696 Patrum
1737 4658 1783 4697 s.
1830 4658 1884 4694 v.

304 4733 584 4786 ieiunium.

381 4816 459 4885 (5)
506 4836 524 4866 ‹
567 4815 641 4869 De
688 4817 944 4871 carnibus
1001 4832 1129 4871 vero
1185 4827 1239 4871 et
1294 4817 1420 4871 vino
1470 4830 1647 4874 tacere
1692 4824 1886 4879 melius

303 4921 443 4980 puto
467 4924 629 4978 quam
656 4910 950 4979 quidquam
978 4909 1176 4973 dicere,
1215 4912 1432 4979 quando
1466 4928 1564 4967 nec
1598 4914 1737 4981 apud
1767 4916 1888 4983 plu-

304 5006 483 5056 rimos
526 5003 745 5070 quidem
789 5003 1181 5055 monachorum
1218 5004 1522 5058 istiusmodi
1554 5007 1757 5074 aliquid
1796 5024 1885 5062 re-

307 5096 572 5163 periatur.
600 5113 617 5143 ι
653 5092 767 5145 Vita
798 5092 854 5146 S.
883 5092 1126 5151 Antonii,
1173 5092 1229 5147 S.
1268 5094 1472 5148 Athan.
1506 5095 1641 5164 Opp.
1680 5097 1714 5150 I.
1755 5098 1788 5151 l.
1828 5114 1879 5168 p.

305 5187 415 5239 658
450 5187 591 5253 (cap.
621 5185 696 5250 7),
730 5183 842 5238 VV.
876 5185 977 5238 PP.
1011 5186 1194 5242 Rosw.
1227 5203 1278 5256 p.
1310 5189 1399 5249 38,
1434 5189 1453 5240 I
1498 5193 1638 5257 (cap.
1670 5188 1747 5257 6).

384 5280 461 5347 (6)
507 5277 731 5348 Vigiliae
759 5288 811 5331 et
850 5289 1149 5333 nocturnae
1203 5281 1477 5334 orationes
1516 5280 1657 5348 apud
1699 5296 1890 5335 mona-

308 5374 447 5428 chos
482 5373 845 5425 creberrimae
887 5382 1061 5425 erant.
1102 5371 1183 5426 Cf.
1231 5370 1499 5426 Rosweidi
1554 5370 1791 5424 Iudicem
1840 5388 1886 5425 s.

306 5479 363 5515 ν.
392 5460 620 5524 vigiliae.

386 5554 462 5622 (7)
506 5552 691 5606 Talcm
718 5552 964 5606 cellulam
1000 5552 1323 5606 iuhahilavit
1357 5551 1625 5606 Macarius
1654 5552 1888 5605 Alexan-

308 5648 524 5700 drinus.
557 5645 650 5699 CI'.‘
673 5645 808 5698 infra
833 5644 1006 5713 Caput
1042 5642 1124 5699 III.

389 5739 463 5809 (8)
510 5737 782 5806 Sulpicius
846 5737 1077 5791 Severus
1112 5738 1244 5790 Dial.
1282 5772 1294 5790 .
1330 5753 1447 5806 cap.
1494 5738 1577 5797 10,
1620 5736 1886 5790 Gallamlil

319 5828 454 5885 Bibi.
510 5827 611 5880 PP.
664 5828 727 5880 T.
772 5825 877 5880 VIII
912 5844 964 5897 p.
998 5828 1124 5891 405,
1156 5827 1210 5893 2,
1252 5826 1427 5897 Migno
1459 5824 1663 5879 Patro].
1697 5825 1757 5877 T.
1793 5823 1886 5877 XX

1983 3277 2258 3339 alienum
2305 3287 2417 3340 est.
2479 3283 2844 3360 Quanquam
2894 3280 3049 3341 haec
3100 3299 3297 3361 pauca
3343 3282 3563 3345 adiun-

1985 3376 2188 3453 genda
2213 3376 2530 3438 duximus.
2573 3380 2753 3439 Pater
2786 3378 3192 3440 monachicae
3216 3380 3559 3442 institutio-

1986 3477 2083 3538 nis
2118 3478 2187 3537 in
2218 3482 2499 3558 Aegypto
2519 3480 2580 3539 S.
2613 3479 2919 3540 Antonius
2949 3496 3213 3557 magnus
3239 3482 3384 3553 fuit;
3416 3500 3563 3544 nam

1990 3600 2018 3630 α
2066 3576 2336 3637 necdum
2393 3581 2559 3653 [ante
2603 3581 2769 3653 eum]
2817 3586 2940 3639 tam
3008 3578 3227 3639 crebra
3269 3586 3445 3641 erant
3496 3581 3562 3642 in

1984 3681 2267 3765 Aegypto
2322 3678 2731 3752 monasteria,
2802 3696 3011 3757 neque
3067 3680 3328 3740 omnino
3395 3680 3565 3759 quis-

1987 3838 2037 3891 p.
2078 3822 2199 3875 I90.
2237 3821 2319 3876 CI’.
2365 3822 2474 3876 Vit.
2519 3821 2577 3875 S.
2635 3820 2882 3883 Antonii,
2926 3819 2982 3873 S.
3021 3821 3220 3875 Athan.
3271 3822 3408 3892 Opp.
3446 3822 3483 3876 l.
3524 3824 3561 3877 l.

1986 3930 2105 3982 cap.
2138 3916 2225 3978 50,
2262 3914 2374 3968 VV.
2406 3914 2509 3967 PP.
2550 3913 2732 3968 Rosw.
2768 3929 2886 3983 cap.
2917 3914 3017 3977 24,
3043 3914 3134 3967 25.

2051 4004 2126 4071 (9)
2168 4000 2242 4055 Ita
2277 4003 2333 4055 S.
2366 4001 2655 4055 Antonius.
2688 4000 2808 4055 Vita
2857 4001 2914 4056 S.
2950 4004 3169 4057 Antonii
3198 4042 3212 4061 ,
3267 4002 3323 4055 S.
3361 4003 3561 4057 Athan.

1986 4094 2122 4161 Opp.
2152 4093 2189 4146 l.
2222 4093 2257 4145 l.
2294 4109 2347 4162 p.
2390 4094 2495 4147 665
2521 4093 2677 4163 (cap.
2719 4091 2844 4164 50),
2891 4092 3004 4148 VV.
3042 4092 3145 4146 PP.
3190 4092 3374 4147 Rosw.
3406 4098 3566 4162 p.48,

1984 4182 2020 4237 2
2051 4184 2190 4252 (cap.
2218 4183 2333 4244 25).

2059 4268 2169 4335 (10)
2208 4266 2325 4320 Vita
2356 4264 2413 4319 S.
2450 4265 2692 4328 Antonii,
2723 4266 2778 4318 S.
2816 4266 3017 4319 Athan.
3044 4264 3181 4334 Opp.
3217 4267 3252 4319 l.
3296 4267 3333 4318 l.
3369 4282 3422 4335 p.
3456 4266 3566 4320 662

1991 4359 2133 4427 (cap.
2175 4358 2288 4428 45),
2315 4356 2428 4411 VV.
2458 4356 2563 4412 PP.
2592 4357 2777 4411 Rosw.
2818 4373 2870 4427 p.
2897 4357 2985 4421 47,
3013 4358 3049 4410 2
3086 4358 3227 4429 (cap.
3257 4356 3370 4427 22).

2062 4450 2171 4517 (II)
2209 4449 2294 4503 Cf.
2324 4448 2467 4503 infra
2495 4449 2670 4517 Caput
2697 4448 2760 4501 ll.

2060 4543 2172 4611 (I2)
2219 4560 2238 4593 ι
2280 4540 2538 4596 Habitant
2567 4542 2810 4610 plerique
2854 4540 2907 4593 in
2940 4554 3124 4595 eremo
3156 4540 3273 4595 sine
3311 4540 3437 4594 ullis
3482 4550 3567 4594 ta-

1990 4634 2319 4697 bernaculis,
2352 4650 2493 4699 quos
2536 4634 2897 4687 anachoretas
2943 4641 3179 4696 vocant;
3216 4632 3406 4686 vivunt
3445 4632 3570 4687 her-

1989 4727 2181 4781 barum
2219 4726 2513 4788 radicibus,
2549 4726 2699 4778 nullo
2727 4739 2970 4793 unquam
3011 4733 3163 4778 certo
3222 4725 3343 4778 loco
3379 4724 3564 4778 consi—

1992 4827 2161 4879 stunt,
2210 4833 2277 4870 ne
2311 4818 2378 4870 ab
2420 4817 2735 4871 hominibus
2782 4817 3225 4885 frequententur;
3277 4832 3413 4884 quas
3462 4832 3564 4871 nox

1990 4909 2245 4977 coegerit,
2293 4906 2448 4961 sedes
2481 4908 2700 4962 habent.
2743 4926 2760 4957 ι
2798 4906 2949 4975 Sulp.
2989 4906 3177 4961 Sever.
3215 4904 3352 4959 Dial.
3391 4906 3409 4960 I
3441 4922 3563 4976 cap.

1994 5001 2058 5053 15
2088 4999 2293 5069 (ltosw.
2333 5000 2367 5050 1.
2406 4999 2442 5051 1.
2474 5014 2527 5067 p.
2565 4999 2688 5060 540,
2723 4998 2802 5064 2).

2065 5094 2175 5162 (I5)
2212 5091 2328 5144 Vita
2382 5090 2669 5159 Onuphrii,
2717 5088 2825 5142 VV.
2887 5088 2989 5143 PP.
3023 5089 3204 5143 Rosw.
3250 5105 3301 5158 p.
3345 5089 3413 5143 99
3444 5106 3564 5156 sqq.

1991 5185 2065 5239 De
2096 5184 2397 5238 coenobitis
2438 5193 2489 5237 et
2522 5182 2865 5236 anachoretis
2890 5182 2959 5236 cf.
3001 5180 3056 5235 S.
3102 5181 3321 5235 Ilieron.
3362 5198 3448 5249 ep.
3473 5181 3563 5243 2:2,

1993 5275 2129 5345 Opp.
2157 5276 2240 5330 ed.
2286 5275 2461 5343 Migne
2498 5272 2561 5325 Τ.
2604 5272 2620 5325 1
2657 5271 2882 5343 [PatroL
2919 5272 2981 5326 Τ.
3017 5271 3179 5343 XXII]
3212 5288 3262 5341 p.
3296 5272 3400 5325 419
3442 5288 3563 5341 Sqq.

1994 5368 2241 5422 Cassian.
2277 5366 2414 5419 Coll.
2450 5362 2614 5417 XVIII
2641 5380 2760 5433 cap.
2796 5364 2830 5417 4
2862 5380 2981 5432 sqq.
3019 5362 3155 5431 Opp.
3193 5364 3279 5417 ed.
3321 5363 3567 5417 Gazacus

1996 5476 2046 5528 p.
2081 5459 2183 5511 5I6
2215 5475 2359 5527 sqq.,
2395 5456 2571 5524 Migne
2610 5456 2810 5510 Patrol.
2843 5455 2905 5509 T.
2946 5454 3109 5507 XLIX
3141 5472 3191 5522 p.
3226 5457 3383 5510 1005.

2065 5548 2176 5613 (14)
2229 5547 2283 5600 1η
2333 5548 2492 5606 libro,
2529 5547 2621 5614 qui
2668 5547 2963 5613 inscriptus
2984 5555 3065 5598 est
3105 5544 3297 5612 Capita
3332 5546 3567 5610 practica

2000 5641 2063 5693 ad
2096 5637 2699 5692 Anatolium.'Galland.
2729 5636 2868 5692 Bibl.
2896 5638 2999 5691 PP.
3025 5635 3087 5689 T.
3119 5636 3204 5688 VII
3237 5653 3286 5704 p.
3317 5637 3421 5690 553
3443 5653 3565 5705 sqq.

2071 5733 2181 5799 (15)
2219 5731 2304 5784 Cf.
2333 5731 2398 5782 de
2429 5730 2815 5782 coenobiorum
2857 5729 3117 5782 institutis
3145 5730 3235 5780 lih.
3272 5728 3285 5781 Ι
3320 5728 3566 5782 Cassiani

2000 5823 2134 5892 Opp.
2176 5823 2261 5877 ed.
2297 5820 2542 5875 Gazacus
2579 5835 2633 5890 p.
2674 5819 2708 5873 4
2738 5835 2885 5889 sqq.,
2912 5818 3088 5889 Migne
3125 5819 3161 5872 l.
3194 5819 3228 5874 l.
3260 5836 3312 5887 ν.
3340 5820 3407 5874 59
3442 5834 3565 5887 sqq.
