4266 6360
760 417 798 475 ’1
1569 412 1667 467 SS.
1711 409 2168 465 MACARIORUM
2211 409 2533 466 AICGYPTII
2567 412 2654 467 ET
2688 411 3156 470 ALEXANDRINI
3971 402 4006 459 8

771 550 956 615 quam
1010 534 1207 593 aviam
1261 529 1653 592 solitudinem
1709 536 1992 603 noverat,
2040 529 2149 590 sed
2185 531 2326 609 qui-
2361 540 2402 592 A
2434 532 2625 607 dicas,
2652 550 2880 594 novum
2904 531 3221 612 quoddam
3253 527 3527 606 martyrii
3556 543 3773 603 genus,
3806 525 4003 605 quod,

768 648 1020 711 cunque
1047 631 1111 691 in
1148 629 1366 690 Christi
1394 629 1687 688 servitute
1725 628 1973 689 sibimet
2018 627 2143 706 ipsi
2178 644 2328 706 pro-
2434 650 2561 711 quo
2596 635 2789 712 magis
2832 634 3113 712 ipsorum
3156 630 3531 691 voluntatem
3574 628 3737 688 Deus
3775 626 4004 688 ducere

765 729 948 789 desse
978 725 1288 805 cupiebat,
1322 742 1451 785 non
1481 724 1667 802 longe
1697 742 1731 785 a
1763 742 1872 785 sua
1906 724 2116 785 villula
2146 743 2330 804 sepa-
2435 730 2795 807 dignaretur
2828 731 2904 792 ad
2936 732 3193 800 exitum,
3244 728 3364 821 ipsi
3412 727 3529 787 sibi
3572 726 4004 805 imponebant,

765 836 934 889 ratus
962 828 1398 888 instituebatur
1432 824 1535 905 (1).
1574 849 1601 881 ι)
1639 827 1699 885 S.
1732 826 2035 887 Antonius
2064 843 2233 899 vero,
2264 826 2334 887 li-
2433 846 2503 889 ac
2523 837 2819 908 tanquam
2842 830 3001 890 viam
3031 828 3467 908 perfectiorem
3498 826 4005 904 securioremque

765 934 865 987 cet
893 928 1011 987 vita
1044 926 1176 987 eius
1206 923 1433 986 multos
1464 930 1669 1002 patres
1697 924 1774 984 ad
1804 923 2213 985 imitationem
2242 924 2335 985 in-
2416 929 2549 989 .sibi
2586 929 2918 1005 eligebant,
2946 926 3328 987 saecularem
3360 927 3567 997 vitam,
3596 924 3659 984 id
3691 922 3861 1002 quod
3891 923 4003 984 be-

768 1027 1194 1099 ﬂammaverit,
1230 1032 1289 1087 et
1321 1049 1343 1079 ιι
1383 1024 1621 1086 cunctis
1652 1024 1729 1085 ad
1758 1025 2125 1086 imitandum
2157 1043 2334 1105 prae—
2434 1046 2513 1089 ne
2556 1029 2869 1101 observes,
2904 1028 3160 1089 minime
3192 1026 3611 1105 despicientes
3638 1025 3741 1105 (5).
3779 1026 3865 1085 Ex
3898 1019 4006 1085 illo

768 1130 931 1190 clare
961 1128 1277 1207 pr0posita
1316 1124 1393 1204 (2)
1436 1150 1462 1179 »
1506 1143 1735 1185 novum
1765 1125 1937 1185 illum
1970 1125 2048 1185 ad
2087 1142 2332 1187 eremos
2432 1130 2642 1190 autem
2679 1130 2978 1189 interiore
3026 1136 3289 1200 tantum,
3326 1128 3497 1205 quod
3528 1127 3783 1205 Spiritus
3817 1128 4005 1187 effer-

765 1246 1139 1292 concursuin
1160 1226 1422 1287 multum
1447 1226 1848 1304 promoverit,
1880 1226 2136 1285 minime
2166 1226 2331 1286 hunc
2432 1247 2691 1291 vescens
2721 1236 3034 1308 operatur,
3068 1228 3378 1289 desiderio
3416 1227 3752 1287 sanctitatis
3790 1244 4005 1287 exem-

763 1331 1125 1391 interiorem
1168 1327 1367 1404 gentis
1414 1326 1752 1404 Aegyptiae
1797 1324 2157 1401 religiosum
2205 1325 2334 1386 ani-
2433 1329 2668 1408 ploque
2705 1346 2740 1389 a
2777 1330 3032 1389 senibus
3064 1328 3291 1389 sanctis
3337 1326 3414 1387 ad
3454 1326 3821 1387 imitandum
3854 1343 4005 1405 pro-

766 1432 849 1494 mi
872 1447 1123 1491 sensum
1152 1436 1385 1489 temere
1418 1426 1783 1505 procreavit,
1810 1443 2026 1486 verum
2052 1432 2332 1503 tempora
2434 1430 2643 1508 posito
2673 1428 2969 1507 explicari
3023 1434 3251 1507 potest,
3300 1425 3468 1506 quod
3512 1433 3640 1487 tota
3674 1428 3850 1505 quasi
3884 1430 4004 1487 Ae-

764 1530 868 1591 illa
910 1530 1171 1607 Aegypti
1219 1528 1295 1587 ad
1335 1531 1391 1600 6
1436 1527 1618 1587 vitam
1668 1526 2099 1587 monachicam
2146 1541 2331 1602 quam
2435 1537 2663 1609 gyptus
2693 1546 2876 1590 senes
2904 1530 2953 1599 7
2984 1528 3125 1588 illos
3165 1529 3229 1588 in
3258 1527 3503 1588 deserto
3544 1529 3626 1587 sit
3673 1536 3909 1600 secuta,
3945 1535 4006 1588 et

766 1630 1038 1690 maxime
1097 1627 1497 1688 inclinabant.
1552 1649 1577 1681 α
1617 1628 1763 1686 Post
1828 1626 2330 1703 persecutionem
2433 1647 2559 1690 una
2606 1648 2745 1690 cum
2810 1630 2887 1688 iis
2951 1628 3379 1688 lubentissime
3421 1628 3797 1706 asperrimos
3848 1630 4008 1690 vitae

766 1726 1126 1788 Diocletiani
1149 1732 1209 1785 et
1231 1722 1947 1785 Maximianicrudelium
1975 1724 2333 1803 principum
2434 1729 2682 1790 labores
2745 1728 2979 1801 tulerit,
3037 1728 3207 1807 quod
3256 1735 3399 1807 post
3442 1747 3551 1789 sex
3611 1729 3706 1790 vel
3766 1738 4009 1809 septem

766 1825 1095 1887 multitudo
1141 1824 1417 1901 gentium
1468 1822 1554 1897 [in
1608 1823 2005 1898 monasteria]
2060 1822 2329 1894 intravit,
2364 1828 2742 1939 Bdecennia
2805 1828 3189 1888 vastissimae
3262 1827 3633 1889 solitudines
3689 1826 4007 1891 monaste-

766 1933 826 1989 et
885 1924 1233 1987 fecunditas
1261 1921 1574 1983 Ecclesiae
1616 1922 1855 1982 fructus
1912 1921 2331 2001 amplissimos
2364 1921 2406 1939 ¹¹
2435 1928 2541 1988 riis
2583 1929 2938 2005 sanctisque
2984 1928 3131 1989 viris
3186 1928 3270 1989 ita
3320 1928 3552 1988 fuerint
3595 1930 3881 2003 refertae,
3917 1938 4007 2004 ut,

764 2029 973 2107 coepit
1014 2026 1307 2088 exhibere
1355 2022 1459 2102 (3).
1500 2046 1527 2078 ››
1568 2025 1718 2083 Nam
1761 2045 1787 2078 α
1838 2022 2326 2094 considerantes,
2436 2050 2463 2080 α
2500 2027 2715 2103 quanti
2756 2026 2975 2105 populi
3025 2026 3416 2087 habebantur
3450 2026 3515 2086 in
3554 2028 3836 2101 urbibus,
3869 2036 4010 2089 tan-

765 2132 870 2209 qui
903 2130 979 2190 de
1018 2129 1305 2205 gentibus
1338 2128 1402 2186 in
1438 2125 1676 2185 Christo
1709 2124 2122 2193 crediderant,
2163 2139 2328 2181 mar-
2431 2132 2529 2185 tae
2560 2142 2760 2203 paene
2789 2128 2852 2185 in
2884 2125 3145 2186 desertis
3178 2125 3557 2185 haberentur
3581 2127 4012 2189 multitudines

765 2238 970 2309 tyrum
1010 2229 1355 2307 passiones,
1404 2242 1750 2303 eorumque
1798 2224 2112 2285 sincerum
2171 2221 2331 2283 circa
2432 2226 2886 2287 monachorum
2922 2225 3024 2306 (6),
3061 2248 3091 2282 in
3124 2224 3295 2304 quod
3325 2224 3401 2285 ad
3441 2225 3772 2287 horribiles
3816 2230 4013 2290 Scetis

764 2330 1072 2390 Christum
1102 2326 1516 2389 confessionis
1545 2327 1860 2397 affectum,
1896 2329 2241 2402 coeperunt
2272 2328 2333 2382 et
2431 2325 2607 2387 locos
2640 2342 2673 2385 c
2705 2326 2937 2405 palatio
2968 2325 3263 2386 Arsenius
3294 2326 3403 2404 (7),
3438 2341 3473 2385 e
3513 2326 3807 2388 mollibus
3839 2331 4015 2389 aedi-

764 2431 884 2509 ipsi
943 2448 1056 2510 per
1110 2428 1364 2506 gratiam
1415 2427 1663 2489 Domini
1729 2428 2097 2486 Sanctorum
2143 2423 2331 2483 vitam
2432 2425 2551 2486 bus
2578 2426 2837 2487 iuvenes
2867 2432 3124 2488 tenerae
3150 2425 3370 2487 aetatis
3404 2424 3485 2505 (8)
3526 2426 3604 2487 ad
3640 2427 3888 2489 labores
3917 2429 4017 2488 vix

765 2529 1427 2606 conversationemque
1476 2525 1718 2598 sectari,
1767 2532 1826 2585 et
1868 2523 2053 2583 huius
2090 2522 2334 2583 institu-
2432 2526 2730 2587 ferendos
2803 2526 3301 2606 properaverint,
3353 2526 3525 2604 quod
3583 2528 3775 2588 Nitria
3835 2546 4021 2590 mons

764 2630 953 2690 tionis
986 2645 1143 2699 esse,
1174 2635 1244 2687 ut
1272 2627 1456 2687 etiam
1494 2624 1590 2685 his
1620 2623 1772 2685 illud
1812 2629 2129 2703 aptaretur
2159 2623 2331 2699 Apo-

766 2731 907 2793 stoli
952 2749 963 2790 :
1010 2728 1461 2790 Circumierunt
1497 2726 1563 2786 in
1607 2725 1852 2786 melotis
1882 2772 1895 2798 ,
1953 2724 2018 2783 in
2064 2722 2335 2802 pellibus

765 2830 1057 2911 caprinis,
1114 2835 1391 2905 egentes,
1443 2825 1797 2903 angustiati,
1843 2823 2070 2895 afﬂicti,
2104 2823 2333 2901 quibus

766 2951 893 2995 non
930 2940 1059 2993 erat
1089 2930 1313 3006 dignus
1347 2927 1641 2997 mundus,
1676 2926 1741 2985 in
1773 2924 2211 2984 solitudinibus
2241 2942 2337 2983 er-

765 3042 973 3095 rantes
1008 3038 1068 3092 et
1096 3030 1435 3101 montibus,
1485 3027 1549 3087 in
1600 3025 1917 3105 speluncis
1967 3030 2027 3083 et
2056 3024 2335 3085 cavernis

764 3142 966 3193 terrae
998 3131 1101 3210 (4).
1138 3154 1165 3185 ››
1198 3128 1385 3190 Vides
1414 3127 1686 3188 studium
1715 3125 2013 3203 martyrii,
2044 3125 2333 3185 timorem

2434 2626 2719 2703 quinque
2764 2624 3044 2685 millibus
3084 2624 3190 2705 (9),
3243 2624 3422 2683 Scete
3476 2640 3703 2701 magno
3751 2642 4018 2687 numero

2433 2724 2888 2785 monachorum
2912 2723 3059 2805 (10),
3086 2725 3272 2786 Cellia
3291 2726 3637 2786 innumeris
3654 2724 4014 2787 abundave-

2435 2825 2557 2885 rint
2587 2825 2829 2886 cellulis
2852 2824 2997 2903 (11),
3025 2826 3313 2902 regiones
3342 2826 3417 2886 ad
3442 2825 3780 2904 Memphim
3812 2834 3870 2885 et
3898 2828 4017 2886 Ba-

2436 2925 2735 3003 bylonem
2810 2926 3201 3004 pertinentes
3255 2926 3497 3003 ingenti
3564 2924 4019 2986 monachorum

2436 3024 2834 3085 multitudine
2881 3024 3233 3085 aﬂluxerint
3274 3022 3421 3103 (12),
3466 3023 3628 3084 circa
3661 3022 3865 3083 Nilum
3898 3042 4019 3084 nu-

2438 3125 2857 3185 merosissima
2895 3134 3234 3203 conspecta
3276 3125 3397 3185 sint
3445 3125 3818 3185 monasteria
3857 3122 3977 3201 (13)
4001 3173 4017 3197 ,

766 3230 895 3302 Dei,
934 3237 1121 3307 atque
1165 3244 1377 3289 curam
1418 3242 1601 3286 verae
1641 3222 1851 3285 salutis
1879 3223 2123 3282 animae
2172 3223 2336 3283 viros
2363 3217 2404 3272 C
2440 3224 2610 3302 quod
2630 3224 2933 3303 Serapion
2959 3224 3093 3286 fere
3112 3223 3331 3285 decem
3354 3223 3545 3284 millia
3565 3223 4019 3285 monachorum

765 3330 908 3390 illos
928 3330 993 3389 in
1022 3345 1302 3389 eremum
1334 3325 1646 3397 eduxisse,
1679 3325 1745 3384 in
1767 3341 1887 3401 qua
1910 3324 2091 3383 vitam
2114 3326 2179 3383 in
2208 3324 2335 3385 Deo

766 3428 1134 3493 collocatam
1174 3427 1468 3497 viverent,
1520 3430 1581 3485 et
1621 3430 1821 3484 morte
1852 3438 1966 3501 pro
2003 3421 2242 3483 Christo
2271 3422 2336 3483 in

769 3527 1311 3608 persecutionibus
1356 3523 1682 3585 subeunda
1732 3540 1859 3582 non
1894 3522 2129 3598 dignati
2167 3539 2336 3583 nunc

766 3630 883 3690 sibi
918 3628 1035 3707 ipsi
1084 3634 1143 3687 et
1190 3624 1428 3686 mundo
1476 3630 1890 3693 morerentur,
1934 3630 2001 3682 ut
2035 3639 2333 3699 exsurge-

770 3734 906 3789 rent
934 3728 999 3787 in
1037 3726 1297 3786 Christo.
1342 3723 1852 3784 Anachoreticam
1892 3729 1952 3782 et
1998 3722 2334 3782 solitariam

768 3829 970 3909 quarti
1015 3826 1248 3888 saeculi
1281 3826 1465 3884 vitam
1500 3823 1927 3884 continuatum
1971 3824 2333 3900 martyrium

840 3978 915 4046 (1)
949 3976 1067 4029 Vita
1104 3974 1160 4028 S.
1198 3973 1455 4035 Antonii,
1489 3971 1548 4025 S.
1584 3971 1785 4026 Athan.
1818 3969 1957 4040 Opp.
2001 3972 2037 4024 l.
2075 3971 2110 4023 l.
2140 3986 2194 4039 p.
2230 3970 2336 4024 654

769 4073 910 4136 (cap.
948 4068 1023 4134 5),
1056 4063 1168 4118 VV.
1210 4063 1314 4118 PP.
1351 4062 1535 4117 Itosw.
1571 4078 1623 4131 p.
1658 4061 1748 4124 56,
1772 4062 1807 4113 ‘2
1840 4060 1981 4129 (cap.
2015 4062 2087 4130 5).

841 4158 916 4227 (2)
947 4156 1072 4210 Vita
1099 4158 1158 4211 ὃ.
1194 4155 1477 4209 Pachomii
1523 4169 1647 4223 cap.
1683 4153 1737 4217 1,
1773 4150 1883 4205 VV.
1911 4151 2015 4207 PP.
2065 4151 2249 4205 ltosw.
2282 4167 2331 4221 p.

773 4247 896 4309 115,
927 4246 981 4299 2.

842 4335 1414 4407 (3)|bid.p.il4,1.

843 4427 919 4496 (4)
953 4427 1165 4493 Prolog.
1195 4426 1249 4478 in
1274 4423 1449 4477 Vitam
1478 4423 1537 4477 S.
1565 4422 1865 4481 Pacliomii.
1892 4421 2023 4476 ibid.
2054 4438 2107 4492 p.
2134 4422 2257 4484 115,
2288 4423 2336 4477 1.

842 4518 919 4587 (5)
969 4514 1282 4576 Revelatur,
1340 4513 1707 4582 Paphnutium
1771 4514 2063 4567 sanctitate
2109 4511 2339 4565 similem

773 4624 896 4663 esse
919 4607 1312 4677 symphoniaco
1340 4602 1578 4667 cuidam,
1607 4604 1699 4673 qui
1724 4603 1778 4656 in
1810 4605 1928 4657 vico
1952 4603 2186 4672 quodam
2210 4617 2341 4655 can-

776 4698 925 4752 tandi
962 4706 1079 4752 arte
1108 4700 1312 4752 victum
1343 4696 1662 4766 quaerebat.
1698 4695 1942 4749 Eundem
1973 4696 2243 4749 revelatur
2268 4696 2342 4750 si-

780 4792 955 4845 milem
988 4806 1109 4845 esse
1150 4790 1464 4859 praeposito
1495 4789 1599 4839 vici
1632 4788 1919 4842 cuiusdam
1964 4787 2148 4840 vicini.
2196 4786 2339 4840 ldem

780 4882 1067 4935 sanctitate
1091 4882 1285 4935 similis
1315 4880 1588 4934 iudicatur
1621 4879 1949 4950 negotiatori
1976 4879 2342 4932 Alexandrino

778 4974 964 5041 viginti
1005 4974 1244 5027 millibus
1290 4972 1591 5027 solidorum
1630 4972 1985 5026 mercimonia
2037 4972 2214 5027 tribus
2246 4987 2345 5025 na-

778 5066 937 5119 vibus
974 5064 1240 5119 deferenti
1272 5080 1337 5117 ex
1372 5063 1665 5118 Thebaide.
1710 5062 1825 5117 VV.
1876 5064 1981 5116 PP.
2026 5062 2211 5119 Rosw.
2245 5064 2340 5117 lib.

782 5156 819 5207 ll
845 5171 963 5224 cap.
992 5155 1058 5209 16
1088 5172 1142 5225 p.
1177 5157 1282 5209 4⁵15
1315 5172 1435 5225 sqq.
1462 5173 1476 5219 ;
1505 5155 1645 5208 llist.
1677 5154 1841 5209 Laus.
1873 5154 1958 5208 ed.
1986 5154 2187 5209 Meurs.
2221 5170 2341 5223 cap.

784 5249 869 5310 44,
900 5248 989 5309 45,
1027 5250 1114 5302 46.
1149 5248 1385 5302 Macario
1416 5264 1516 5302 vox
1554 5248 1647 5302 Dei
1688 5267 1701 5302 :
1758 5268 1775 5299 ι
1817 5248 2037 5312 Macari,
2074 5269 2092 5300 ι
2146 5250 2341 5317 inquit,

786 5357 805 5387 ι
839 5338 1065 5391 necdum
1102 5336 1169 5389 ad
1202 5352 1513 5392 mensuram
1542 5334 1773 5391 duarum
1816 5338 2105 5391 mulierum
2152 5353 2343 5406 perve-

782 5430 933 5494 nisti,
969 5445 1105 5499 quae
1137 5431 1191 5483 in
1228 5431 1477 5499 proxima
1518 5432 1724 5498 pariter
1762 5430 2009 5482 habitant
2038 5430 2279 5485 civitate.
2322 5448 2338 5481 ι

784 5523 912 5575 Ibid.
944 5522 1037 5575 lib.
1074 5520 1137 5573 111
1166 5536 1287 5589 cap.
1325 5521 1390 5573 97
1420 5537 1472 5589 p.
1502 5521 1625 5582 515,
1662 5522 1713 5575 1.
1758 5518 1911 5572 Talia
1946 5526 2075 5573 vero
2101 5523 2346 5591 exempla

784 5616 838 5666 in
879 5612 984 5665 νιν.
1022 5610 1125 5663 ΡΡ.
1158 5612 1325 5665 multa
1357 5612 1729 5665 inveniuntur.

854 5704 929 5775 (6)
963 5701 1049 5755 νγ
1106 5701 1207 5754 PP.
1249 5702 1431 5759 Rosw.
1460 5703 1554 5755 lib.
1594 5702 1632 5753 Il
1660 5718 1780 5771 cap.
1812 5703 1843 5753 7
1867 5718 1919 5771 p.
1946 5703 2071 5767 461,
2104 5704 2170 5767 9.;
2202 5703 2343 5757 Hist.

784 5795 943 5848 Ltus.
975 5794 1061 5848 ed.
1095 5795 1293 5849 Meurs.
1335 5812 1455 5863 cap.
1488 5796 1575 5857 52.
1612 5798 1746 5862 Upp.
1783 5794 2005 5847 Meursii
2041 5812 2106 5851 ex
2132 5812 2339 5852 recens.

782 5888 832 5938 .l.
866 5885 1017 5940 Lami
1051 5884 1355 5941 Florentiae
1388 5887 1521 5941 1746
1555 5886 1615 5940 Τ,
1658 5885 1764 5941 Vlll
1794 5902 1843 5955 p.
1880 5887 2003 5943 497.

2439 3326 2668 3385 rexerit
2700 3324 2850 3404 (14),
2870 3325 3040 3404 quod
3060 3326 3126 3385 in
3152 3326 3463 3385 Tabennis
3489 3324 3852 3385 Pachomius
3882 3342 4021 3403 per-

2440 3425 2741 3502 grandem
2770 3424 3030 3486 fratrum
3063 3424 3311 3503 copiam
3331 3424 3544 3501 regula
3573 3425 3845 3484 tenuerit
3872 3425 4017 3503 (15),

2445 3528 2667 3588 civitas
2694 3534 2902 3588 autem
2931 3527 3346 3606 Oxyrynchus
3374 3528 3438 3587 in
3464 3526 3778 3586 Thebaide
3806 3542 4023 3586 mona-

2441 3625 2575 3688 chis
2595 3625 2783 3687 fuerit
2806 3626 3184 3687 intrinsecus
3206 3633 3267 3687 et
3289 3627 3677 3686 extrinsecus
3701 3623 3936 3703 repleta
3958 3630 4021 3685 et

2443 3727 2846 3799 circumdata,
2872 3728 3007 3788 eius
3036 3727 3224 3787 aedes
3246 3727 3533 3806 publicae
3563 3744 3679 3787 nec
3709 3744 3837 3786 non
3866 3732 4021 3786 tem-

2445 3828 2543 3906 pla
2555 3830 2848 3907 antiquae
2860 3827 3363 3906 superstitionisa
3380 3826 3702 3889 monachis
3715 3826 4023 3887 inhabita-

2513 3979 2589 4049 (7)
2634 3977 2803 4031 Index
2835 3975 3112 4030 Bosweidi
3151 3992 3199 4029 s.
3232 3993 3281 4030 v.
3317 3977 3587 4032 Arsenius.

2511 4070 2587 4138 (8)
2634 4066 2749 4122 vv.
2787 4066 2891 4119 PP.
2941 4067 3127 4121 nosw.
3164 4068 3258 4120 lib.
3305 4066 3372 4119 γι
3403 4068 3571 4122 libell.
3602 4069 3656 4133 5,
3696 4070 3768 4136 a;
3821 4071 3915 4125 lib.
3952 4070 4018 4124 ιιι

2439 4175 2559 4229 cap.
2598 4158 2721 4212 196.
2752 4158 2838 4211 Cf.
2877 4157 3021 4211 intra
3054 4156 3229 4226 Caput
3263 4155 3353 4211 Vl.

2511 4252 2587 4319 (9)
2620 4250 2762 4305 Hist.
2796 4248 2961 4303 Laus.
2998 4249 3035 4302 l.
3071 4249 3108 4302 1.
3141 4264 3263 4319 cap.
3304 4250 3337 4304 8
3365 4265 3417 4319 p.
3456 4250 3583 4304 559.

2512 4345 2625 4413 (10)
2656 4342 2741 4395 Cf.
2777 4342 2921 4395 infra
2950 4341 3128 4409 Caput
3157 4340 3221 4393 ll.

2513 4433 2623 4503 (11)
2656 4432 2769 4489 VV.
2804 4433 2910 4488 PP.
2958 4432 3139 4488 Rosw.
3194 4432 3287 4487 lib.
3324 4431 3391 4486 111
3424 4448 3543 4504 cap.
3583 4434 3653 4488 26
3693 4450 3746 4505 p.
3784 4437 3908 4502 501,
3949 4430 4012 4494 1;

2443 4530 2537 4583 lib.
2574 4526 2617 4580 ιι
2656 4542 2778 4595 cap.
2810 4526 2881 4579 εει.
2916 4542 2969 4596 p.
3000 4526 3125 4589 478,
3158 4525 3209 4577 ι.

2513 4619 2624 4687 (12)
2653 4617 2787 4672 Ibid.
2817 4618 2913 4670 lib.
2950 4613 2991 4668 ιι
3021 4631 3142 4685 cap.
3176 4615 3243 4669 ιδ
3269 4630 3320 4684 p.
3358 4614 3557 4678 476,1.

2515 4710 2626 4778 (15)
2662 4709 2815 4778 Sulp.
2850 4707 2977 4762 Sev.
3010 4706 3146 4759 Dial.
3176 4707 3194 4760 l
3221 4722 3343 4775 cap.
3378 4708 3461 4759 10¹
3490 4707 3575 4769 17,
3602 4706 3853 4763 Galland.
3879 4709 4019 4764 Bibl.

2445 4800 2546 4854 PP.
2584 4799 2645 4853 T.
2690 4798 2801 4853 Vlll
2838 4816 2886 4854 υ.
2925 4800 3050 4853 405.
3085 4798 3214 4864 407,
3247 4798 3425 4867 Migne
3470 4798 3676 4851 Palrol.
3719 4800 3783 4853 Τ.
3831 4799 3922 4852 XX
3971 4817 4023 4865 p.

2446 4892 2568 4947 190.
2604 4891 2725 4945 195.

2516 4982 2628 5051 (14)
2666 4979 2780 5034 νγ.
2817 4979 2923 5036 PP.
2969 4982 3154 5033 Rosw.
3196 4980 3291 5033 lib.
3339 4978 3379 5030 ll
3415 4995 3536 5048 cap.
3576 4980 3642 5033 18
3686 4995 3738 5049 p.
3786 4981 3913 5045 476,
3950 4981 3973 5033 1
4006 4997 4021 5045 ;

2448 5069 2589 5125 llist.
2621 5070 2787 5124 Laus.
2819 5086 2939 5140 cap.
2970 5070 3031 5122 77
3058 5071 3194 5141 (ipp.
3218 5071 3417 5126 Meurs.
3445 5073 3479 5124 l.
3512 5073 3547 5125 l.
3580 5088 3631 5141 p.
3655 5072 3776 5127 557.
3802 5072 4025 5127 Codiei-

2448 5165 2550 5219 bus
2582 5162 3104 5218 Vindobonensibus
3153 5164 3425 5219 Historiae
3460 5164 3761 5221 Lausiacae
3790 5168 3926 5221 nihil
3957 5167 4029 5221 de

2452 5259 2748 5329 Serapione
2787 5260 3121 5322 continetur,
3159 5259 3231 5313 cf.
3278 5259 3506 5313 Palladii
3545 5262 3842 5316 Historiam
3880 5262 4030 5316 Lau-

2448 5352 2647 5403 siacam
2664 5350 2731 5402 ad
2753 5350 2949 5403 codicis
2980 5350 3395 5406 Vindobonensis
3431 5354 3589 5421 ﬁdem
3619 5371 3652 5407 a
3679 5356 3828 5407 nobis
3857 5354 4031 5409 brevi-

2452 5452 2527 5494 ter
2547 5440 3053 5503 delineatam,‘inl'ra
3086 5442 3214 5495 huic
3239 5452 3459 5497 nostrae
3494 5445 3723 5498 editioni
3750 5444 4031 5501 Historiae

2450 5531 2748 5587 Lausiacae
2780 5534 3172 5602 praepositam.

2522 5625 2633 5693 (l5)
2654 5622 2776 5677 Vita
2800 5624 2857 5677 S.
2884 5610 3307 5691 Pachomii,VV.
3332 5626 3436 5680 PP.
3463 5625 3644 5680 Rosw.
3676 5627 3854 5696 p.119.
3879 5644 4030 5696 sqq.;

2452 5712 2564 5766 VV.
2605 5712 2705 5767 PP.
2738 5716 2916 5768 ltosw.
2953 5716 3046 5769 lib.
3084 5715 3145 5767 111
3193 5732 3315 5784 cap.
3368 5718 3470 5782 54;
3519 5717 3657 5771 llist.
3695 5715 3857 5771 Laus.
3900 5731 4029 5785 cap.

2451 5804 2537 5865 59,
2570 5802 2704 5873 Opp.
2740 5804 2939 5859 Meurs.
2968 5808 3002 5859 Ι.
3042 5809 3075 5860 1.
3118 5823 3171 5877 p.
3212 5808 3333 5862 454.
3378 5808 3767 5863 Monasterium
3809 5823 4037 5877 quoque

2451 5896 2725 5962 virginum
2760 5894 2815 5949 S.
2847 5896 3175 5956 Pacliomius
3210 5902 3383 5955 sorori
3411 5918 3539 5955 suae
3576 5900 3867 5955 exstruxit.
3910 5896 4036 5950 Vita
