4266 6360
287 373 323 429 9
1781 386 1972 445 VITAE

1861 389 2009 447 ΓΑΕ.
3480 402 3546 453 10

288 503 347 553 ta
368 496 516 568 sint,
543 501 937 577 etpertotam
959 497 1127 559 illam
1151 499 1456 562 civitatem
1481 504 1678 565 multo
1692 504 1869 583 plura
1900 516 1944 570 Α
1974 509 2236 587 ceditur,
2264 521 2326 575 et
2354 515 2839 577 extraordinaria
2872 521 3155 593 tempora
3203 532 3329 576 non
3373 521 3521 578 ordt.

288 600 689 671 monasteria,
710 617 895 678 quam
916 600 1139 661 domus
1160 602 1525 677 exstiterint,
1539 605 1618 667 ita
1634 612 1699 667 ut
1714 607 1863 668 urbs

287 707 417 760 tota
442 718 565 761 una
587 701 850 763 ecclesia
871 718 1008 763 esse
1029 703 1364 777 videretur,
1392 711 1579 785 atque
1609 706 1861 786 episco-

285 819 406 881 pus
425 800 545 863 loci
568 803 782 881 viginti
802 803 993 865 millia
1007 805 1314 883 virginum
1344 812 1403 866 et
1423 807 1641 869 decem
1671 808 1862 871 millia

284 903 742 965 monachorum
782 908 837 979 8
882 905 1039 967 inibi
1083 905 1360 969 habitare
1390 908 1721 972 afﬁrmaret
1751 909 1858 991 (1).

285 1006 373 1065 Ex
405 1005 653 1068 interno
698 1013 936 1068 tantum
971 1009 1253 1088 martyrii
1285 1026 1494 1084 sensu,
1531 1012 1639 1091 qui
1667 1019 1861 1074 totam

284 1109 633 1185 Aegyptum
656 1106 1101 1181 inﬂammabat,
1127 1126 1205 1170 ex
1232 1113 1534 1189 adspectu
1562 1110 1860 1173 libidino-

284 1222 388 1265 sae
430 1223 775 1283 paucorum
809 1224 1195 1286 paganorum
1220 1209 1403 1283 vitae,
1443 1227 1520 1272 ex
1546 1211 1860 1274 desiderio

282 1312 603 1367 anteactae
639 1308 798 1367 vitae
826 1308 1139 1369 severiore
1180 1308 1507 1388 disciplina
1538 1310 1857 1388 corrigen-

280 1405 421 1477 dae,
466 1423 501 1467 e
529 1424 750 1467 senum
781 1409 1178 1469 eremitarum
1209 1410 1576 1484 constantia,
1610 1412 1858 1489 patien-

281 1504 387 1576 tia,
420 1506 771 1579 virtutibus,
806 1507 1121 1569 miraculis
1151 1510 1259 1569 Dei
1295 1525 1417 1588 ope
1449 1510 1723 1588 patratis,
1756 1510 1857 1571 in-

279 1602 473 1680 telligi
506 1613 713 1684 potest
741 1606 845 1667 ille
877 1624 1222 1670 concursus
1249 1608 1328 1670 ad
1364 1610 1739 1671 monasteria
1774 1611 1860 1671 vi-

278 1709 507 1783 taeque
554 1706 869 1780 severitas,
940 1726 1101 1787 quae
1158 1709 1348 1771 nimia
1401 1726 1857 1790 saepenumero

277 1802 552 1880 cuipiam
586 1804 865 1865 videatur
895 1823 931 1867 e
958 1807 1194 1884 vulgari
1222 1826 1397 1869 more
1428 1810 1745 1890 modoque
1769 1811 1860 1872 iu-

278 1901 536 1976 dicanti,
556 1912 742 1985 atque
766 1907 996 1981 effecit,
1020 1916 1088 1969 ut
1112 1916 1380 1971 exeunte
1402 1916 1623 1988 quarto
1648 1928 1860 1973 saecu-

275 2004 422 2065 culo
455 2009 773 2085 Aegyptus
820 2009 1061 2070 cunctis
1090 2010 1272 2071 terris
1304 2008 1627 2086 religionis
1656 2009 1858 2073 facem

274 2106 664 2183 praetulerit.
708 2109 769 2167 S.
813 2106 1237 2188 Hieronymus
1286 2126 1321 2170 e
1367 2110 1685 2185 Dalmatia,
1721 2114 1855 2173 Ru-

276 2207 442 2268 finus
478 2225 555 2269 ex
586 2209 781 2284 Italia,
832 2210 1145 2291 Sulpicius
1185 2212 1449 2273 Severus
1493 2228 1528 2273 e
1566 2213 1855 2287 Massilia,

275 2308 573 2384 Evagrius
617 2327 652 2370 e
699 2312 923 2385 Ponto,
982 2312 1291 2375 Palladius
1333 2331 1368 2375 e
1417 2315 1855 2377 Constantino-

276 2406 433 2484 poli,
478 2409 803 2471 Cassianus
851 2410 1083 2491 aliique
1132 2430 1167 2474 e
1202 2412 1571 2487 Palaestina,
1614 2414 1857 2476 nobiles

276 2506 391 2566 viri
445 2514 507 2567 et
543 2509 816 2571 feminae
858 2510 973 2591 (2)
1024 2528 1058 2573 e
1100 2514 1299 2573 Roma
1341 2517 1691 2592 Aegyptum
1738 2532 1854 2593 pe-

276 2613 441 2680 tunt,
472 2614 542 2667 ut
569 2609 873 2688 adspectu
903 2617 964 2671 et
992 2611 1450 2673 consuetudine
1471 2629 1695 2673 senum
1721 2612 1854 2674 fru-

277 2715 419 2769 ctus
468 2711 734 2789 Spiritus
774 2712 970 2773 sancti
1018 2713 1137 2774 sibi
1188 2713 1504 2791 colligant.
1535 2714 1625 2774 Ad
1662 2716 1854 2774 Fran-

275 2827 390 2870 cos
424 2810 502 2889 (3)
534 2829 737 2891 usque
780 2818 840 2873 et
890 2813 1080 2874 Indos
1114 2811 1195 2894 (4)
1225 2813 1388 2875 fama
1435 2816 1852 2889 curationum,

276 2929 436 2990 quas
488 2930 603 2991 per
653 2930 834 2974 senes
882 2915 1045 2975 Deus
1092 2914 1419 2987 efﬁciebat,
1485 2916 1852 2993 penetravit.

274 3015 600 3091 Aegyptus
628 3032 826 3075 unum
858 3016 1331 3089 monasterium,
1365 3014 1542 3076 cuius
1572 3014 1734 3076 filiae
1764 3032 1860 3076 es-

273 3121 418 3173 sent
458 3114 633 3191 Syria
675 3123 737 3176 et
779 3115 1123 3177 Palaestina
1157 3116 1277 3195 (5),
1326 3132 1463 3177 esse
1506 3114 1851 3176 videbatur.

1969 614 2161 676 nariis
2193 618 2432 680 normis
2452 616 2848 680 diiudicanda
2879 623 3041 677 sunt.
3070 617 3319 679 Simeon
3353 619 3542 698 Styli-

1968 722 2060 777 tes
2094 716 2174 795 (7)
2219 717 2345 791 ille,
2380 720 2488 799 qui
2531 724 2731 781 totum
2768 736 2970 798 paene
3005 719 3164 781 vitae
3204 725 3452 799 tempus
3477 720 3545 783 in

1967 815 2259 877 columna
2291 819 2510 892 stabat,
2540 824 2601 880 et
2628 818 2823 879 altero
2854 835 3019 896 genu
3050 824 3370 880 arescente
3411 836 3545 880 ver-

1966 915 2300 998 mibusque
2350 935 2385 979 e
2428 936 2695 999 corpore
2745 919 3186 981 ebullientibus
3230 920 3296 981 in
3347 919 3543 982 altero

1968 1029 2121 1074 sano
2166 1014 2491 1077 insistebat
2523 1017 2658 1079 solo
2691 1033 2806 1097 per
2843 1017 3123 1095 integros
3156 1017 3384 1079 multos
3426 1035 3542 1078 an-

1967 1129 2107 1185 nos,
2158 1114 2288 1192 qui,
2331 1133 2525 1195 quum
2574 1124 2772 1178 mater
2808 1116 3142 1177 clamaret:
3174 1119 3356 1179 Pater
3401 1125 3544 1179 tuus

1966 1221 2227 1293 propter
2252 1221 2313 1276 te
2338 1204 2585 1278 tristitia
2606 1217 2931 1280 confectus
2952 1219 3240 1291 decessit,
3266 1235 3339 1280 ac
3368 1218 3543 1281 lacri-

1966 1330 2099 1374 mas
2130 1314 2543 1393 profunderet
2572 1318 3025 1390 acerbissimas,
3059 1318 3143 1379 ita
3178 1325 3249 1378 ut
3275 1325 3541 1380 testante

1966 1413 2298 1494 discipulo,
2348 1418 2456 1495 qui
2501 1419 2685 1479 vitam
2738 1419 2874 1479 eius
2921 1418 3271 1497 descripsit,
3320 1436 3541 1481 omnes

1966 1514 2073 1591 qui
2123 1514 2383 1576 aderant
2426 1516 2671 1590 ﬂerent,
2711 1516 2848 1595 ipse
2897 1517 3152 1595 quidem
3205 1539 3232 1571 α
3278 1516 3542 1577 audiens

1963 1630 2181 1675 vocem
2210 1615 2541 1693 genetricis
2573 1633 2720 1677 suae
2768 1618 2976 1695 posuit
3003 1616 3225 1677 faciem
3256 1634 3429 1677 suam
3475 1617 3540 1678 in

1964 1731 2183 1777 manus
2232 1734 2373 1777 suas
2422 1724 2483 1778 et
2520 1717 2784 1796 ploravit
2839 1710 3055 1778 amare
3091 1716 3204 1796 (8),
3240 1740 3267 1773 »
3313 1720 3421 1779 sed
3460 1719 3539 1779 de

1964 1815 2291 1894 proposito
2321 1833 2435 1876 suo
2478 1815 2803 1876 hominum
2837 1816 2997 1877 vires
3027 1817 3370 1878 excedente
3398 1834 3537 1877 mo-

1960 1914 2088 1974 veri
2114 1931 2243 1975 non
2274 1920 2519 1993 poterat
2552 1932 2564 1973 :
2599 1913 2727 1986 ille,
2757 1914 3039 1992 inquam.
3067 1914 3321 1974 Simeon
3350 1913 3537 1991 Styli-

1958 2020 2051 2075 tes
2089 2013 2240 2093 quid
2274 2030 2403 2075 non
2434 2014 2726 2092 exemplo
2758 2014 3101 2075 severitatis
3145 2031 3260 2074 suo
3291 2011 3533 2075 eﬂ‘ecitl

1959 2121 2112 2192 quot
2153 2131 2431 2192 paganos
2468 2114 2739 2176 incultos
2784 2113 2906 2175 hoc
2957 2114 3238 2175 inaudito
3286 2121 3535 2192 specta-

1957 2213 2102 2275 culo
2133 2212 2375 2275 Christo
2406 2212 2679 2275 lucratus
2708 2211 2835 2273 estl
2871 2218 3104 2291 quanta
3141 2211 3414 2271 nominis
3440 2209 3535 2271 fa-

1958 2330 2058 2373 ma
2086 2330 2201 2393 per
2225 2318 2423 2374 totum
2445 2312 2963 2392 percrebrescens
2986 2311 3297 2371 Orientem
3320 2309 3542 2372 inﬁde-

1962 2413 2049 2475 les
2075 2414 2390 2475 concussit
2418 2421 2480 2474 et
2502 2411 2885 2473 Christianos
2906 2408 3345 2472 inflammavit!
3382 2413 3535 2471 Fru-

1957 2523 2094 2577 ctus
2122 2522 2330 2577 autem
2353 2531 2542 2593 quam
2569 2514 2799 2574 uberes
2820 2529 2855 2573 e
2881 2510 3148 2573 mirabili
3175 2510 3284 2572 illo
3315 2511 3533 2570 Orien-

1956 2617 2037 2678 tis
2075 2616 2153 2677 ad
2192 2614 2538 2693 angelicam
2588 2615 2777 2676 vitam
2829 2613 3041 2675 volatu
3085 2613 3152 2673 in
3194 2611 3536 2677 Ecclesiam

1959 2715 2408 2787 redundarint,
2470 2721 2533 2775 et
2584 2720 2955 2792 argumento
3011 2718 3158 2773 sunt
3217 2710 3418 2789 quarti
3478 2718 3538 2771 et

1960 2816 2163 2894 quinti
2194 2815 2426 2877 saeculi
2473 2819 2707 2887 Patres,
2754 2814 2863 2894 qui
2898 2820 3113 2874 sancto
3158 2812 3363 2873 studio
3403 2814 3537 2873 eius

1958 2917 2260 2996 temporis
2304 2916 2522 2977 nutriti
2568 2916 2647 2976 ad
2674 2914 3008 2976 maximam
3046 2914 3215 2973 illam
3254 2914 3539 2974 sanctita-

1958 3019 2037 3079 tis
2067 3026 2127 3079 et
2151 3016 2598 3094 magnitudinis
2625 3014 2965 3077 claritatem
3001 3013 3440 3086 evehebantur,
3477 3021 3537 3074 et

1962 3121 2301 3181 ostendunt
2349 3126 2559 3181 cetera
2618 3134 2781 3196 quae
2837 3122 3189 3195 sequuntur
3249 3114 3532 3187 saecula,

272 3212 469 3272 Tanta
508 3230 655 3273 vero
686 3214 850 3274 inter
898 3231 1119 3275 omnes
1149 3213 1494 3275 monachos
1530 3212 1857 3292 disciplina
1887 3240 1927 3295 ο
1962 3221 2189 3300 quibus
2222 3220 2593 3281 monachica
2636 3219 2759 3279 vita
2807 3216 2884 3278 ad
2919 3215 3338 3277 occidentales
3371 3232 3534 3293 quo-

272 3311 544 3388 vigebat,
575 3320 831 3393 tamque
854 3314 1010 3375 mire
1032 3314 1315 3393 quemvis
1343 3313 1623 3375 trahebat
1650 3314 1854 3374 senio-

272 3434 415 3476 rum
446 3417 825 3495 exemplum,
863 3424 931 3478 ut
961 3417 1086 3478 duo
1112 3418 1395 3490 iuvenes,
1430 3420 1681 3492 aegroto
1711 3432 1851 3476 ere-

272 3518 463 3578 mitae
507 3518 660 3579 ﬁcus
688 3518 931 3597 aliquot
958 3518 1292 3598 deportare
1317 3518 1492 3592 iussi,
1521 3536 1665 3579 cum
1694 3536 1727 3578 a
1758 3520 1852 3580 via

270 3620 688 3693 aberrassent,
733 3626 876 3698 post
904 3617 1245 3680 nonnullos
1271 3618 1403 3679 dies
1436 3618 1716 3681 defuncti
1754 3619 1849 3681 fa—

272 3737 376 3781 me
404 3719 837 3781 invenirentur
882 3720 949 3780 in
990 3719 1263 3793 deserto,
1295 3718 1545 3781 intactis
1584 3720 1849 3795 ﬁcubus,

272 3837 430 3897 quas
465 3828 723 3897 aegroto
751 3820 1037 3880 tradituri
1065 3820 1314 3880 fuerant
1337 3819 1443 3899 (6).
1466 3827 1523 3896 9
1551 3822 1678 3892 Qua
1707 3820 1855 3881 obe-

269 3920 505 3982 dientia
527 3920 832 4000 quosdam
862 3920 1119 3981 modum
1147 3920 1491 3981 severitatis
1514 3922 1853 3983 excessisse

270 4022 371 4080 vix
408 4021 620 4098 negari
648 4027 882 4099 potest;
915 4020 1025 4080 sed
1054 4038 1087 4081 e
1114 4020 1425 4081 contraria
1458 4028 1633 4099 parte
1670 4021 1853 4083 liber-

268 4120 414 4181 tatis
441 4129 630 4198 atque
660 4119 923 4180 inertiae
952 4118 1180 4180 modus
1216 4118 1412 4180 multo
1458 4120 1709 4199 saepius
1737 4138 1849 4181 ex-

267 4284 439 4338 Pach.
474 4299 597 4354 cap.
648 4284 719 4338 28
754 4300 806 4352 p.
846 4284 985 4349 124,
1022 4286 1087 4349 1;
1119 4283 1194 4338 cf.
1232 4283 1375 4339 Hist.
1410 4283 1578 4341 Laus.
1628 4304 1751 4357 cap.
1787 4291 1859 4343 40

266 4395 416 4447 sqq.,
450 4378 584 4431 ibid.
617 4394 672 4447 p.
699 4378 807 4432 457
841 4394 959 4447 sqq.

343 4468 419 4538 (1)
454 4466 568 4521 VV.
602 4467 705 4520 PP.
739 4466 923 4522 Rosw.
953 4468 1048 4522 lib.
1072 4467 1116 4520 ll
1146 4483 1267 4537 cap.
1300 4468 1368 4533 5;
1396 4468 1692 4525 Paradisus
1712 4470 1849 4541 Opp.

266 4562 493 4615 Meursii
517 4560 580 4614 T.
601 4560 718 4615 Vlll
752 4578 805 4631 p.
830 4561 972 4626 642;
1003 4561 1178 4617 Codd.
1202 4561 1476 4616 Vindobb.
1501 4562 1637 4618 Hist.
1665 4563 1850 4625 Laus.,

266 4657 339 4712 cf.
362 4656 592 4711 Palladii
628 4654 928 4709 Historiam
972 4654 1289 4708 Lausiacam
1319 4654 1387 4706 ad
1421 4656 1616 4709 codicis
1657 4655 1853 4710 Vindo-

267 4744 511 4797 bonenat's
534 4743 688 4811 ﬁdem
708 4760 741 4795 a
760 4743 910 4796 nobis
942 4743 1164 4796 breviter
1193 4742 1536 4807 delineatam,
1557 4745 1697 4799 infra
1724 4747 1852 4802 huic

263 4835 496 4890 editioni
519 4833 789 4889 Historiae
802 4834 1106 4888 Lausiacae
1122 4837 1491 4903 praepositam
1520 4855 1532 4890 :
1556 4837 1700 4891 edita
1723 4855 1851 4893 vero

265 4930 602 4997 exemplaria
633 4928 906 4982 Historiae
939 4926 1239 4982 Lausiacae
1266 4929 1334 4982 de
1366 4927 1695 4999 Oxyryncho
1717 4932 1851 4985 civi-

265 5030 379 5074 tate
410 5020 547 5073 nihil
583 5030 835 5074 narrant.
861 5019 936 5075 De
971 5021 1328 5075 monasteriis
1353 5022 1594 5076 civitatis
1623 5022 1845 5078 Antinoi

266 5121 324 5169 in
344 5113 625 5169 Thebaide
649 5115 785 5169 sitae
810 5113 881 5168 cf.
911 5112 1051 5168 Hist.
1074 5113 1238 5168 Laus.
1256 5115 1344 5169 ed.
1369 5115 1571 5172 Meurs.
1589 5132 1711 5188 cap.
1732 5120 1818 5174 96.

334 5207 413 5277 (2)
452 5206 673 5261 Fabiola
696 5246 710 5267 .
748 5206 949 5267 Paula,
980 5206 1236 5261 Marcella
1258 5249 1272 5271 ,
1306 5210 1464 5272 aliae,
1498 5226 1728 5276 quarum
1765 5214 1847 5265 vi-

262 5307 353 5355 tas
405 5298 463 5353 S.
496 5298 861 5368 Hieronymus
900 5299 1267 5367 pulcherrime
1312 5300 1561 5368 epistolis
1605 5304 1720 5356 suis
1753 5303 1847 5356 de-

262 5392 507 5459 scripsit.
551 5391 609 5444 S.
651 5390 873 5446 Hieron.
906 5389 1045 5461 Opp.
1083 5389 1169 5443 ed.
1226 5391 1404 5462 Migne
1436 5390 1499 5446 Τ.
1539 5393 1555 5445 Ι
1591 5394 1842 5465 [PatroL

270 5480 455 5551 xxn].

337 5574 416 5641 (3)
460 5573 576 5626 Vita
628 5572 685 5627 S.
720 5572 1017 5626 Hilarionis
1076 5586 1195 5641 cap.
1233 5573 1316 5634 17,
1358 5572 1469 5627 VV.
1507 5575 1611 5629 PP.
1654 5576 1836 5631 Rosw.

264 5681 319 5733 p.
353 5664 443 5717 79.

338 5755 413 5822 (4)
452 5752 576 5807 Vita
630 5753 876 5806 Barlaam
912 5753 1168 5807 erctnitac
1198 5769 1227 5806 a
1258 5752 1467 5811 Joanne
1501 5757 1837 5813 Damasccuo

263 5849 578 5916 conscripta
614 5864 735 5914 cap.
777 5846 823 5907 1,
869 5842 979 5899 γν.
1022 5842 1122 5896 l'l‘.
1157 5842 1336 5899 Hosw.
1376 5864 1425 5915 p.
1458 5849 1579 5910 215,
1621 5852 1661 5901 Ι.

1960 3339 2082 3401 que
2113 3320 2403 3397 regiones
2442 3318 2726 3381 accessit.
2774 3320 2845 3379 In
2894 3334 3049 3396 quas
3088 3332 3122 3376 e
3168 3315 3537 3377 monachica

1961 3422 2100 3493 vita,
2134 3421 2477 3499 praecipue
2506 3418 2651 3480 inde
2693 3435 2727 3479 a
2766 3424 3055 3496 tempore
3086 3418 3147 3477 S.
3188 3416 3533 3489 Benedicti,

1956 3522 2194 3584 fructus
2223 3520 2606 3582 redundasse
2635 3518 3077 3597 amplissimos,
3112 3533 3299 3577 nemo
3324 3525 3532 3593 negat.

2036 3626 2063 3697 §
2098 3621 2154 3681 4.
2198 3620 2319 3681 Sed
2364 3617 2766 3680 incommoda
2808 3631 3065 3694 quoque
3092 3632 3164 3675 ex
3197 3613 3536 3677 indiscrete

1956 3723 2349 3805 quorundam
2372 3726 2433 3781 et
2454 3716 2991 3797 superabundanti
3011 3715 3217 3777 studio
3236 3713 3318 3793 (9)
3348 3715 3539 3775 inter-

1956 3826 2102 3885 dum
2135 3838 2455 3884 emanasse
2485 3819 2806 3879 fatendum
2850 3822 2962 3877 est.
3008 3812 3111 3890 ιο
3138 3814 3316 3887 Quid,
3364 3814 3536 3892 quod

1954 3919 2075 3998 ipsi
2102 3917 2466 3978 fundatores
2497 3921 2558 3975 et
2602 3914 2785 3993 primi
2825 3914 2991 3973 illius
3032 3913 3192 3973 vitae
3223 3919 3533 3983 auctores,

1959 4035 2151 4096 quum
2200 4017 2426 4093 ingens
2488 4013 2816 4074 hominum
2870 4012 3206 4073 multitudo
3264 4011 3538 4072 cuiusvis

1958 4118 2173 4180 aetatis
2217 4114 2546 4192 omnisque
2582 4114 2740 4173 vitae
2781 4112 3161 4174 conditionis
3208 4117 3395 4188 atque
3424 4128 3533 4187 ge-

2028 4284 2103 4352 (5)
2148 4282 2206 4337 S.
2238 4282 2484 4334 Hilarion
2522 4278 2600 4349 (1-
2645 4277 2805 4347 371),
2844 4275 2899 4330 S.
2944 4276 3164 4329 Antonii
3208 4275 3533 4345 discipulus,

1961 4377 2133 4444 prima
2163 4374 2507 4427 Palaestinae
2534 4381 2589 4426 et
2623 4370 2813 4441 Syriae
2860 4370 3193 4422 monasteria
3234 4368 3531 4422 exstruxit.

1958 4468 2010 4519 In
2054 4467 2214 4521 cuius
2242 4467 2351 4517 vita
2389 4465 2522 4516 haec
2576 4463 2873 4530 leguntur:
2916 4479 2934 4511 ι
2977 4459 3226 4513 Habebat
3272 4458 3537 4513 Dominus

1952 4556 2113 4611 Jesus
2146 4556 2201 4610 in
2232 4555 2480 4625 Aegypto
2515 4568 2700 4608 senem
2729 4552 3047 4617 Antonium,
3074 4550 3311 4603 habebat
3342 4550 3394 4602 in
3430 4549 3536 4600 Pa-

1954 4649 2186 4703 laestina
2245 4647 2582 4701 Hilarionem
2650 4645 2943 4698 iuniorem.
2992 4662 3011 4694 ι
3081 4641 3204 4696 Vita
3261 4640 3530 4696 Hilarion.

1951 4759 2072 4812 cap.
2107 4742 2195 4806 10,
2232 4740 2345 4794 VV.
2381 4739 2483 4793 PP.
2514 4738 2699 4793 Rosw.
2733 4754 2786 4807 p.
2824 4738 2914 4799 78,
2960 4738 3011 4789 1.
3040 4736 3115 4791 De
3160 4737 3218 4790 S.
3254 4733 3537 4787 Hilarionc

1951 4837 2022 4889 cf.
2063 4834 2283 4888 Sozom.
2312 4832 2455 4887 Hist.
2494 4831 2642 4885 Eccl.
2673 4832 2770 4885 lib.
2802 4830 2867 4883 lll
2895 4830 3015 4898 cap.
3047 4830 3115 4882 14
3138 4828 3226 4882 ed.
3260 4828 3535 4882 Henricus

1954 4927 2207 4982 Valesius
2239 4941 2292 4995 p.
2329 4925 2432 4978 519
2460 4938 2609 4992 sqq.,
2647 4934 2699 4975 et
2732 4920 2863 4989 Epp.
2893 4918 2949 4972 S.
2987 4920 3212 4973 Hieron.

2022 5019 2099 5091 (6)
2142 5019 2394 5072 Cassian.
2427 5016 2520 5068 lib.
2568 5014 2609 5067 V
2646 5016 2713 5068 de
2748 5013 2886 5081 spir.
2925 5019 3096 5083 gastr.
3155 5024 3258 5079 cap
3288 5008 3377 5072 40,
3413 5004 3528 5063 VV.

1949 5112 2055 5167 PP.
2086 5112 2270 5166 Rosw.
2317 5126 2371 5178 p.
2416 5108 2543 5168 551.
2581 5108 2631 5169 1,
2678 5106 2928 5161 Cassiani
2970 5104 3108 5175 Opp.
3150 5104 3237 5158 ed.
3286 5102 3533 5155 Gazaeus

1950 5218 2003 5257 υ.
2051 5202 2151 5254 ius
2185 5217 2293 5267 sq.,
2332 5198 2509 5266 Migne
2538 5195 2743 5248 Patrol.
2778 5194 2841 5247 Τ.
2876 5193 3042 5247 XLIX
3079 5208 3133 5262 p.
3164 5193 3270 5246 εδδ
3297 5209 3380 5261 sq.

2023 5292 2101 5361 (7)
2141 5290 2257 5343 VV.
2290 5289 2393 5343 PP.
2430 5289 2613 5341 Rosw.
2648 5303 2700 5356 p.
2738 5286 2841 5339 170
2866 5303 2988 5355 sqq.

2019 5383 2095 5451 (8)
2138 5382 2273 5434 Ibid.
2310 5397 2430 5449 cap.
2472 5382 2504 5431 8
2538 5395 2569 5447 p
2628 5378 2751 5441 172,
2788 5377 2840 5430 2.

2021 5475 2098 5541 (9)
2131 5471 2246 5527 Huc
2270 5472 2543 5541 pertinent
2568 5470 2788 5526 Valens.
2815 5465 2980 5528 Hero,
3004 5466 3527 5534 Ptolemaeus,virgn

1952 5566 2125 5634 lapsa,
2155 5562 2488 5632 Stephanus,
2521 5560 2845 5629 Eucarpius,
2882 5560 2949 5613 de
2973 5559 3173 5626 quibus
3214 5568 3399 5611 narrat
3442 5558 3525 5611 lli-

1951 5658 2117 5709 storia
2158 5655 2423 5708 Lausiaca
2464 5654 2551 5707 ed.
2593 5653 2797 5705 Mcurs.
2849 5667 3007 5719 capp.
3046 5651 3133 5703 5'2.
3173 5651 3258 5704 53.
3301 5650 3389 5703 51.
3427 5651 3515 5703 55.

1949 5750 2068 5801 105.
2126 5750 2273 5801 Alios
2325 5746 2569 5799 infelices
2612 5744 2910 5797 monachos
2966 5752 3213 5796 recenset
3262 5744 3509 5795 (Jassian.

1945 5841 2079 5895 Coll.
2106 5838 2168 5893 ll.
2208 5854 2361 5907 capp.
2400 5839 2447 5891 5.
2484 5838 2533 5889 6.
2577 5836 2622 5889 7.
2656 5834 2709 5887 8.
