4266 6360
754 358 812 413 Il
1558 360 1657 416 SS.
1699 360 2156 419 MACARIOHUM
2194 363 2515 420 AEGYPTII
2557 364 2642 419 ΕΤ
2680 365 3147 423 ALEXANDRINI
3919 368 3987 426 η

746 476 916 541 ueris
942 477 1019 540 ad
1043 495 1151 541 eos
1181 478 1548 552 conﬂueret,
1579 478 1656 540 ad
1690 479 1898 552 finem,
1931 498 2118 558 quem
2140 481 2316 542 initio
2347 489 2389 543 Α
2420 500 2564 560 gere
2594 486 2934 564 nequis,ita
2969 486 3171 565 quarti
3202 493 3261 545 et
3290 486 3491 564 quinti
3520 485 3752 549 saeculi
3772 486 3986 550 Eccle-

749 579 867 639 sibi
907 580 1407 659 proposuissent,
1464 596 1592 641 non
1628 581 1957 659 pervenire
2006 599 2072 643 se
2111 582 2314 661 questi

748 678 899 739 sint!
926 678 1039 740 Illo
1072 698 1200 759 quo
1230 682 1290 739 S.
1314 681 1620 763 Antonius
1650 682 2031 743 moriebatur
2060 700 2225 745 anno
2248 683 2310 741 S.

748 776 1062 851 Hilarion,
1107 779 1215 857 qui
1256 779 1321 840 in
1378 781 1591 859 Syriae
1639 781 1899 841 desertis
1937 781 2314 842 monasteria

746 874 1118 951 instituerat,
1151 896 1292 939 cum
1316 878 1550 955 grande
1579 879 1927 941 aediﬁcium
1960 890 2019 941 et
2041 880 2314 942 multitu-

750 975 959 1038 dinem
1003 996 1214 1041 secum
1259 980 1666 1042 habitantium
1711 982 2049 1060 turbasque
2096 998 2313 1042 eorum

749 1086 1051 1151 cerneret,
1097 1082 1204 1158 qui
1234 1079 1491 1141 diversis
1521 1080 1924 1159 languoribus
1951 1090 2011 1142 et
2038 1082 2312 1143 immun-

749 1177 843 1239 dis
873 1179 1190 1257 spiritibus
1222 1190 1561 1258 occupatos
1582 1183 1659 1243 ad
1686 1200 1751 1244 se
1787 1183 2199 1255 deducebant,
2231 1184 2315 1244 ita

748 1286 817 1339 ut
856 1282 1025 1342 omni
1054 1298 1283 1358 genere
1310 1282 1634 1345 hominum
1658 1293 1784 1346 tota
1813 1285 2083 1346 solitudo
2106 1284 2311 1363 reple-

747 1386 939 1453 retur,
972 1382 1250 1459 quotidie
1281 1384 1465 1445 ﬂebat
1486 1400 1775 1445 moerens
1806 1402 1877 1446 ac
1904 1384 2157 1447 dicens:
2184 1404 2317 1447 rur-

748 1494 853 1538 sus
879 1496 946 1539 se
976 1479 1050 1539 ad
1084 1481 1399 1542 saeculum
1421 1498 1733 1543 reversum
1764 1499 1921 1555 esse,
1957 1483 2315 1543 monasterii

745 1579 1002 1641 nomine
1046 1580 1121 1641 ad
1160 1580 1689 1661 dispensationem
1726 1582 1983 1643 fratrum
2033 1598 2100 1643 se
2139 1582 2314 1643 villae

745 1680 1178 1755 possessiones
1216 1690 1276 1743 et
1314 1682 1764 1759 supellectilem
1800 1682 2073 1755 habere;
2121 1700 2315 1762 quare

2415 585 2542 647 siae
2560 585 2815 647 historia
2846 604 2987 648 cum
3005 587 3125 649 hoc
3149 605 3311 648 novo
3333 588 3632 665 martyrio
3664 586 3986 650 monachi-

2415 700 2515 756 co,
2531 700 2607 749 ex
2633 701 2760 763 quo
2780 685 3004 745 iustam
3026 686 3228 747 lucem
3252 704 3425 747 suam
3446 688 3697 765 accipit,
3713 688 3985 749 arctissi-

2414 801 2515 844 me
2526 784 2839 847 cohaeret.
2854 786 3133 848 Macariis
3149 771 3355 848 autem
3369 788 3597 848 nostris
3619 787 3678 847 id
3702 787 3988 861 debetur,

2414 881 2583 960 quod
2610 891 2753 961 post
2778 885 3113 945 Antonium
3143 886 3325 963 primi
3347 886 3477 946 fere
3498 885 3845 946 exstiterint
3866 902 3993 945 ma-

2415 996 2571 1057 gnae
2592 982 2757 1043 illius
2785 983 2850 1042 in
2872 986 3154 1062 Aegypto
3175 984 3408 1046 saeculi
3430 984 3634 1063 quarti
3663 984 3990 1062 religiosae

2414 1080 2765 1143 animorum
2794 1082 3298 1144 inﬂammationis
3340 1094 3626 1146 auctores
3654 1092 3713 1145 et
3744 1102 3993 1163 promo-

2414 1189 2621 1243 tores:
2656 1200 2783 1262 quo
2818 1183 3072 1262 quidem
3104 1184 3168 1244 in
3196 1202 3425 1262 genere
3453 1194 3757 1264 quantum
3790 1186 3991 1246 excel-

2414 1278 2665 1351 luerint,
2697 1282 2830 1343 viva
2854 1281 2959 1342 illa
2990 1281 3259 1356 traditio,
3290 1300 3451 1362 quae
3482 1284 3729 1343 Macarii
3760 1300 3990 1344 nomen

2415 1380 2491 1441 ad
2543 1380 2918 1443 hodiernum
2974 1381 3141 1442 diem
3190 1399 3339 1461 prae
3392 1382 3617 1443 ceteris
3673 1381 3988 1455 omnibus,

2416 1481 2525 1560 qui
2550 1482 2615 1542 in
2650 1481 2783 1542 istis
2817 1481 3199 1542 vastitatibus
3237 1482 3465 1560 Libyae
3497 1481 3645 1543 olim
3677 1482 3988 1553 vixerunt,

2416 1596 2530 1657 per
2557 1579 2919 1657 quindecim
2955 1578 3202 1639 saecula
3230 1578 3367 1638 tulit
3388 1577 3494 1658 (5),
3515 1578 3867 1640 luculenter
3888 1579 3993 1639 de-

2415 1684 2737 1740 monstrat.
2782 1678 2968 1754 Signa
2995 1694 3141 1738 vero
3178 1686 3239 1738 et
3277 1677 3561 1757 prodigia
3587 1678 3666 1739 ab
3698 1677 3796 1738 his
3819 1679 3987 1739 seni-

744 1786 963 1856 postea
987 1780 1174 1841 aedes
1195 1780 1839 1860 inJulianiApostatae
1853 1782 2310 1860 persecutione,
2346 1830 2389 1885 Β
2414 1780 2532 1841 bus
2577 1780 2760 1853 facta,
2810 1777 3093 1858 quamvis
3125 1796 3161 1839 a
3190 1778 3595 1857 scriptoribus
3626 1778 3792 1839 illius
3825 1787 3989 1839 tem-

744 1875 894 1935 dum
926 1877 1061 1955 ipse
1090 1876 1305 1950 abfuit,
1338 1877 1570 1939 dirutas
1590 1880 1915 1939 restituere
1946 1879 2171 1952 noluit,
2202 1880 2312 1941 sed
2346 1875 2387 1885 ”
2416 1881 2588 1961 poris
2618 1895 3075 1959 saepenumero
3106 1885 3353 1957 praeter
3388 1878 3990 1940 verisimilitudinem

742 1974 808 2034 in
846 1976 1154 2037 vastitates
1197 1978 1452 2038 secessit
1488 1976 1591 2058 (1).
1626 1979 1843 2057 Neque
1864 1979 2119 2055 inﬁtior,
2144 1981 2311 2042 indi-
2413 1988 2763 2050 narrentur,
2812 1979 2914 2038 vix
2960 1985 3170 2038 tamen
3212 1994 3460 2057 semper
3511 1977 3985 2056 psychologice,

743 2090 901 2150 gnos
933 2091 1380 2154 nonnunquam
1419 2076 1493 2137 ad
1524 2078 1899 2138 monasteria
1934 2078 2309 2156 confugisse,
2412 2090 2480 2143 ut
2510 2082 2800 2143 nonnulli
2828 2082 3136 2157 fecerunt,
3196 2091 3299 2143 aut
3328 2081 3450 2143 alio
3490 2082 3765 2161 quodam
3804 2091 3989 2143 natu-

742 2174 921 2235 cuius
947 2176 1036 2236 rei
1068 2177 1351 2255 exempla
1380 2177 1545 2256 apud
1577 2178 1913 2258 scriptores
1935 2180 2309 2257 invenimus,
2413 2182 2525 2243 rali
2551 2182 2739 2244 modo
2760 2184 3156 2262 interpreter.
3189 2182 3477 2261 Quisquis
3495 2181 3840 2243 Christiano
3879 2200 3989 2242 no-

740 2274 886 2335 licet
920 2275 1169 2354 plurimi
1207 2278 1384 2356 impii
1412 2295 1651 2358 senum
1700 2282 2178 2344 mansuetudine
2224 2284 2313 2363 pii
2411 2281 2579 2341 mine
2622 2298 2751 2341 non
2800 2280 3097 2357 indignus
3154 2286 3268 2353 est,
3314 2279 3555 2355 magnis
3600 2280 3989 2357 temporibus

740 2375 991 2436 tandem
1016 2377 1219 2437 effecti
1245 2378 1366 2438 sint
1387 2376 1466 2458 (2)
1485 2380 1894 2459 ;immoipsas
1924 2381 2212 2445 haereses
2235 2402 2313 2446 ex
2412 2396 2665 2440 manum
2700 2379 2810 2441 Dei
2842 2380 2907 2441 in
2937 2379 3297 2440 hominibus
3339 2396 3560 2455 magna
3590 2377 3812 2439 fecisse
3849 2394 3992 2456 pro-

740 2475 943 2535 caecis
982 2476 1423 2537 nonnullorum
1457 2478 1673 2539 studiis
1703 2480 2015 2541 interdum
2051 2501 2310 2561 proces-
2412 2477 2570 2538 fiteri
2619 2485 2871 2557 paratus
2915 2485 3028 2540 est.
3070 2478 3265 2557 quue
3310 2478 3515 2557 ipsum
3560 2494 3673 2538 cur
3718 2476 3817 2537 hic
3858 2493 3989 2536 non

741 2574 895 2635 sisse
924 2575 1026 2654 (3).
1048 2576 1166 2637 Sed
1191 2576 1595 2639 nihilominus
1617 2587 1901 2659 tempora
1928 2581 2033 2643 illa
2048 2582 2308 2645 salutem
2411 2586 2733 2654 statuatur,
2764 2598 2959 2659 quum
2986 2579 3152 2640 idem
3180 2580 3245 2639 in
3286 2577 3587 2658 apostolis
3619 2584 3679 2637 et
3704 2576 3991 2638 Patribus

732 2672 1043 2736 Ecclesiae
1086 2694 1271 2754 quam
1311 2679 1579 2740 maxime
1616 2688 2085 2758 promoverunt.
2135 2684 2310 2755 Quod
2401 2678 2715 2742 Ecclesiae
2746 2680 3003 2741 minime
3031 2679 3391 2752 inﬁtiemur,
3424 2696 3551 2739 non
3575 2679 3878 2755 intelligo.
3914 2680 3987 2739 1n

744 2775 938 2837 tribus
966 2776 1279 2860 prioribus
1310 2779 1573 2840 saeculis
1610 2790 1935 2859 martyres,
1984 2782 2048 2843 id
2088 2793 2311 2863 quarto
2410 2778 2694 2843 fabulosa
2728 2790 2936 2843 autem
2979 2782 3401 2841 narrationum
3432 2780 3639 2855 forma
3673 2779 3725 2839 si
3763 2796 3985 2858 saepe-

742 2881 803 2934 et
840 2876 1096 2937 ineunte
1150 2878 1369 2955 quinto
1426 2879 1675 2941 saeculo
1722 2880 2156 2958 anachoretae,
2211 2886 2308 2953 11
2412 2898 2676 2943 numero
2709 2881 3069 2953 oﬂ‘cnderis,
3104 2881 3259 2941 scito
3290 2887 3350 2939 et
3380 2897 3523 2940 cum
3554 2880 3753 2956 gentis
3782 2884 3985 2957 Aegy-

742 2973 1056 3045 eremitae,
1082 2973 1374 3035 monachi
1395 2975 1981 3058 Orientisstanquam
2012 2982 2155 3042 novi
2181 2984 2315 3062 qui—
2414 2981 2582 3058 ptiae
2615 2982 2826 3043 indole
2857 2989 2917 3043 et
2956 2998 3098 3043 cum
3142 2979 3437 3057 singulari
3478 2996 3701 3040 senum
3740 2979 3983 3039 vivendi

740 3072 883 3131 dam
912 3072 1223 3134 innumeri
1246 3082 1547 3152 martyres
1572 3076 1653 3155 (4)
1675 3077 2221 3142 efﬁciebant.Nam
2247 3090 2315 3143 ut
2414 3096 2644 3155 genere
2676 3088 3160 3159 temporumque
3190 3080 3447 3158 insuper
3472 3087 3690 3139 natura
3722 3095 3858 3139 eam
3885 3080 3985 3139 in-

739 3180 1079 3251 martyrum
1110 3176 1480 3237 cruciatibus
1512 3177 1664 3239 ﬁdes
1688 3196 1759 3239 ac
1787 3180 1907 3240 vita
1936 3181 2311 3243 Christiano-
2341 3164 2382 3221 (ἶ
2415 3178 2564 3239 time
2606 3178 2978 3251 cohaerere;
3029 3178 3323 3255 quocirca
3370 3176 3493 3237 illis
3534 3176 3707 3238 libris
3754 3176 3833 3237 de
3883 3178 3987 3246 12

739 3290 875 3333 rum
904 3274 1020 3334 sibi
1042 3274 1240 3336 facem
1266 3276 1665 3352 accendebat,
1704 3279 1785 3339 ita
1808 3281 2135 3342 severitate
2165 3282 2307 3343 illo-

738 3390 901 3446 rum,
952 3375 1061 3452 qui
1108 3377 1413 3438 mundum
1462 3396 1718 3457 prorsus
1762 3382 2160 3458 spernebant,
2202 3402 2307 3445 ce-

737 3479 1015 3535 terorum
1053 3475 1330 3538 ﬁdelium
1374 3478 1657 3541 voluntas
1696 3480 2166 3543 incendebatur.
2232 3486 2309 3544 Ut

738 3574 1081 3646 martyrum
1100 3574 1445 3635 constantia
1464 3578 1809 3654 paganismi
1823 3580 1942 3638 vim
1962 3579 2304 3658 frangebat,

738 3670 821 3729 ita
855 3669 1273 3733 solitariorum
1315 3676 1673 3755 exemplum
1704 3677 1919 3739 ultima
1956 3681 2189 3760 templa
2222 3683 2311 3745 di-

738 3767 880 3826 ruit.
898 3768 973 3827 Ut
996 3785 1030 3829 e
1054 3770 1221 3830 vultu
1244 3781 1608 3851 martyrum,
1631 3794 1823 3853 quum
1855 3778 1931 3839 ad
1959 3779 2310 3842 crudelissi-

736 3884 836 3926 ma
886 3869 1193 3948 supplicia
1242 3882 1606 3951 pergerent,
1664 3874 1937 3939 hilaritas
1977 3887 2039 3940 et
2075 3879 2305 3944 laetitia

736 3966 898 4027 coeli
944 3969 1300 4045 etfulgebat,
1325 3972 1409 4033 ita
1462 3974 1527 4035 in
1558 3976 1779 4037 ardore
1823 3985 1882 4037 et
1914 3979 2141 4053 studio,
2176 3998 2304 4060 quo

735 4068 1033 4129 monachi
1066 4072 1275 4133 omnia
1312 4073 1514 4134 carnis
1551 4075 1860 4154 supplicia
1888 4077 2006 4155 ipsi
2044 4080 2157 4141 sibi
2190 4082 2305 4141 im-

736 4171 1078 4247 ponebant,
1100 4172 1470 4235 christianae
1496 4176 1816 4254 religionis
1843 4179 2034 4239 virtus
2065 4181 2301 4241 revela-

734 4272 1027 4333 batur.Ut
1050 4274 1163 4336 tria
1191 4277 1399 4354 priora
1427 4278 1672 4339 saecula
1702 4280 1833 4340 sine
1866 4279 2122 4341 historia
2146 4300 2305 4342 mar-

733 4372 878 4450 tyrii
908 4391 1148 4449 eorum,
1174 4377 1281 4455 qui
1300 4394 1367 4438 se
1397 4378 1634 4440 Christo
1658 4378 2043 4453 addixerant,
2067 4380 2296 4441 intelli-

803 4555 879 4623 (Ι)
910 4554 1030 4609 Vita
1059 4554 1115 4609 S.
1145 4555 1413 4611 Hilarion.
1435 4572 1557 4628 cap.
1580 4556 1651 4611 25
1680 4573 1826 4628 sqq.,
1846 4556 1960 4613 VV.
1989 4556 2091 4613 PP.
2117 4557 2299 4613 Rosw.

732 4663 785 4714 p.
823 4647 910 4704 8|.
943 4649 965 4700 1
996 4665 1117 4719 sqq.

804 4739 882 4804 (2)
918 4739 1069 4805 Ipsos
1115 4741 1357 4795 latrones
1399 4741 1466 4794 ab
1498 4741 1567 4796 iis
1598 4756 1893 4797 conversos
1925 4752 1977 4796 et
2005 4744 2301 4799 monachos

733 4830 907 4884 factos
949 4846 1070 4885 esse
1120 4833 1370 4900 legimus.
1410 4831 1523 4885 VV.
1574 4831 1681 4889 PP.
1728 4832 1913 4887 Rosw.
1950 4835 2044 4888 lib.
2096 4834 2137 4887 Χ
2177 4850 2296 4903 cap.

734 4920 835 4973 I66
880 4936 932 4990 p.
976 4921 1109 4981 912.
1154 4923 1214 4985 I;
1260 4922 1354 4975 lib.
1398 4921 1417 4973 1
1466 4938 1519 4991 p.
1559 4922 1646 4985 77,
1696 4923 1755 4989 I;
1808 4922 1947 4978 Hist.
1994 4923 2156 4977 Laus.
2210 4925 2297 4978 ed.

733 5011 932 5065 Meurs.
969 5028 1086 5081 cap.
1113 5012 1199 5077 99,
1228 5014 1451 5083 passim.
1489 5016 1528 5065 Α
1551 5015 1691 5069 veris
1714 5016 2013 5078 monachis,
2044 5015 2302 5070 coenobi-

732 5105 803 5156 tis
836 5105 1090 5157 nimirum
1122 5116 1175 5159 et
1197 5106 1562 5167 anachoretis,
1594 5105 1663 5159 de
1693 5107 1893 5175 quibus
1917 5107 2049 5161 solis
2072 5107 2159 5160 hic
2184 5109 2301 5176 agi-

732 5208 840 5257 tur,
866 5196 1237 5264 disﬁnguendi
1273 5206 1400 5251 sunt
1429 5199 1515 5251 isti
1549 5198 2038 5266 pseudomonachi,
2073 5215 2211 5268 quos
2240 5198 2294 5253 S.

733 5285 1095 5357 Hieronymus
1128 5286 1491 5350 Remobooth,
1520 5289 1821 5345 Cassianus
1857 5290 2297 5347 Sarabaitas.alii

733 5377 923 5429 Ιῖόσκοι
965 5392 1057 5430 seu
1094 5377 1440 5446 pabulatores
1471 5388 1755 5433 vocarunt.
1792 5380 1847 5433 S.
1890 5380 2250 5451 Hieronymus
2282 5401 2293 5435 :

735 5485 755 5519 ι
786 5468 871 5533 Ili,
904 5488 920 5520 ι
972 5468 1178 5537 inquit,
1217 5487 1234 5519 ‹
1277 5469 1389 5521 bini
1438 5471 1519 5523 vel
1568 5470 1728 5536 terni,
1761 5486 1861 5525 nec
1902 5473 2074 5524 multo
2115 5472 2297 5540 plures

732 5560 893 5614 simul
931 5561 1215 5626 habitant,
1263 5576 1363 5614 suo
1408 5561 1673 5614 arbitratu
1730 5576 1793 5615 ac
1846 5562 2052 5615 ditione
2107 5565 2295 5616 viven-

730 5664 831 5714 tes,
900 5696 910 5706 .
956 5694 967 5705 .
1014 5694 1028 5708 .
1074 5692 1086 5705 .
1132 5690 1145 5703 .
1192 5693 1203 5704 .
1246 5662 1301 5705 et
1344 5652 1500 5719 quasi
1546 5668 1636 5706 ars
1670 5653 1737 5707 sit
1776 5660 1985 5713 sancta,
2023 5669 2131 5706 non
2164 5655 2295 5715 vita,

731 5744 992 5813 quidquid
1038 5742 1408 5807 vendiderint,
1455 5743 1673 5797 maioris
1720 5752 1803 5797 est
1846 5744 2001 5811 pretii
2047 5784 2058 5796 .
2112 5789 2118 5798 .
2164 5782 2177 5795 .
2222 5784 2234 5796 .
2280 5782 2292 5796 .

734 5836 883 5903 Apud
923 5840 1018 5891 hos
1050 5835 1295 5891 affectata
1322 5845 1441 5890 sunt
1476 5836 1657 5890 omnia
1691 5852 1702 5887 :
1734 5835 1888 5889 laxae
1922 5835 2183 5901 manicae,
2210 5851 2288 5889 ca-

2417 3277 2693 3356 patribus
2722 3277 2916 3338 eremi
2947 3277 3191 3355 scriptis
3220 3278 3440 3357 poesin
3485 3276 3796 3356 quandam
3829 3293 3985 3336 con-

2416 3377 2599 3436 tineri
2628 3376 2889 3436 dixerim
2920 3394 2955 3437 a
2980 3375 3156 3437 factis
3174 3395 3245 3437 ac
3268 3376 3568 3455 prodigiis
3594 3392 3814 3436 senum
3845 3392 3991 3454 pro-

2414 3476 2661 3547 fectam,
2707 3476 2812 3537 sed
2843 3476 3005 3537 fama
3042 3484 3103 3537 et
3144 3478 3388 3555 poetica
3419 3477 3619 3553 gentis
3658 3484 3846 3555 atque
3876 3494 3985 3539 ae-

2415 3578 2554 3637 tatis
2583 3576 2796 3639 indole
2826 3577 2983 3638 mire
3012 3578 3319 3639 excultam
3359 3584 3419 3637 et
3450 3585 3831 3638 exornatam.

2496 3682 2523 3753 §
2564 3678 2619 3737 5.
2672 3677 2793 3739 Sed
2834 3678 2989 3739 haec
3040 3677 3118 3739 de
3178 3678 3535 3757 primordiis
3571 3677 3730 3738 vitae
3768 3694 3987 3738 mona-

2416 3776 2629 3839 chicae
2650 3777 2989 3839 sufficiunt.
3012 3779 3147 3838 Jam
3176 3785 3534 3855 antequam,
3568 3794 3728 3855 quae
3760 3776 3835 3836 de
3868 3778 3989 3837 Ma-

2416 3876 2597 3937 cariis
2625 3875 2938 3953 leguntur,
2969 3875 3250 3953 digerere
3288 3875 3683 3954 incipiamus,
3715 3873 3793 3934 de
3837 3874 3982 3934 fon-

2412 3976 2577 4036 tibus
2623 3976 2889 4037 breviter
2934 3975 3317 4036 monendum
3354 3982 3465 4035 est.
3512 3978 3832 4045 Auctores,
3876 3975 3985 4051 qui

2412 4076 2818 4136 Macariurum
2846 4082 3129 4153 tempore
3159 4084 3265 4135 aut
3295 4075 3505 4153 paullo
3546 4082 3688 4153 post
3718 4082 3983 4135 mortem

2410 4192 2627 4236 eorum
2654 4176 2720 4235 in
2747 4178 3029 4253 Aegypto
3055 4173 3327 4247 fuerunt,
3353 4175 3435 4234 ita
3466 4181 3533 4234 ut
3561 4174 3655 4233 vel
3685 4175 3984 4235 Macarios

2407 4273 2527 4351 ipsi
2572 4272 2861 4347 viderint,
2908 4272 3002 4334 vel
3033 4273 3111 4333 ab
3136 4290 3350 4333 eorum
3382 4272 3747 4352 aequalibus
3775 4273 3981 4336 edocti

2408 4376 2551 4449 sint,
2598 4375 2857 4436 nomino
2903 4375 3249 4451 Evagrium,
3282 4375 3599 4448 Ruﬁnum,
3650 4376 3712 4435 S.
3753 4377 3979 4438 Hiero-

2408 4550 2547 4620 ligae
2592 4550 2919 4614 follicantes,
2971 4552 3141 4606 vestis
3175 4552 3437 4621 grossior,
3479 4553 3667 4607 crebra
3719 4553 3977 4622 suspiria,

2414 4644 2653 4697 visitatio
2698 4644 2994 4713 virginum,
3054 4644 3385 4699 detractatio
3429 4647 3778 4710 clericorum,
3824 4658 3877 4701 et
3931 4649 3979 4702 si

2406 4733 2624 4802 quando
2670 4734 2787 4788 dies
2830 4732 3003 4789 festus
3045 4737 3279 4798 venerit,
3323 4744 3643 4790 saturantur
3692 4738 3757 4791 ad
3798 4739 3980 4791 vomi-

2407 4833 2542 4877 tum.
2593 4843 2611 4875 ι
2662 4824 2762 4893 Ep.
2809 4825 2899 4887 2‘2,
2942 4824 2997 4879 S.
3050 4825 3272 4881 Hieron.
3310 4826 3448 4897 Opp.
3485 4829 3571 4881 etl.
3619 4828 3794 4896 Migne
3835 4828 3899 4881 Τ.
3933 4829 3974 4883 I.

2409 4914 2635 4985 [Patro].
2665 4914 2727 4968 T.
2762 4914 2925 4986 XXII]
2968 4932 3021 4986 p.
3063 4917 3186 4970 M9.
3218 4917 3468 4971 tlassian.
3512 4918 3650 4972 (Joll.
3686 4917 3873 4981 XVIII,
3918 4920 3975 4981 7,

2406 5005 2542 5075 Opp.
2561 5006 2648 5059 ed.
2678 5004 2922 5060 Gazacus
2953 5023 3005 5077 p.
3039 5008 3163 5070 52I,
3192 5008 3366 5079 Migne
3394 5025 3443 5077 p.
3482 5010 3620 5063 “02
3652 5026 3733 5080 sq.

2478 5098 2552 5167 (5)
2577 5098 2715 5152 Hist.
2733 5098 2895 5153 Laus.
2913 5101 2998 5152 ed.
3018 5100 3212 5155 Meurs.
3234 5116 3281 5154 c.
3301 5103 3389 5155 56.
3412 5102 3485 5154 De
3502 5103 3790 5164 monacho,
3810 5104 3899 5170 qui
3920 5104 3976 5157 in

2405 5197 2606 5243 sectam
2636 5188 3031 5242 Hieracitarum
3061 5190 3410 5249 incidit.vide
3444 5190 3584 5245 infra
3611 5192 3785 5260 Caput
3817 5192 3878 5244 Il.
3902 5192 3977 5245 De

2405 5282 2685 5335 monachis
2705 5281 3104 5350 Origenismum
3134 5282 3517 5351 proﬁtentibus
3552 5284 3622 5334 of.
3664 5282 3813 5352 Sulp.
3845 5281 3970 5336 Sev.

2404 5373 2541 5429 Dial.
2578 5375 2595 5428 Ι
2635 5389 2754 5443 cap.
2787 5373 2841 5435 6,
2877 5371 3121 5427 Gallaud.
3164 5374 3297 5427 Bibl.
3335 5375 3435 5428 PP.
3467 5375 3528 5428 T.
3563 5373 3675 5428 VIII
3701 5392 3753 5445 p.
3785 5375 3908 5437 404,
3938 5375 3975 5427 2

2406 5485 2550 5537 sqq.,
2585 5468 2761 5537 Migue
2796 5465 2998 5519 Patrol.
3031 5466 3094 5521 Τ.
3124 5467 3216 5520 XX
3247 5485 3296 5537 p.
3336 5470 3457 5524 187.

2474 5560 2548 5629 (4)
2587 5558 2883 5613 Cassianus
2927 5560 3291 5625 anachorelas
3318 5569 3372 5614 et
3402 5561 3712 5615 coenohitas
3766 5578 3784 5610 ι
3813 5558 3969 5613 vivos

2404 5658 2670 5718 martyres
2698 5667 2715 5698 ι
2742 5657 2917 5702 vocat.
2944 5649 3080 5703 Coll.
3107 5649 3268 5703 XVIII
3298 5668 3415 5722 cap.
3439 5653 3465 5702 7
3491 5652 3575 5707 ed.
3600 5650 3727 5705 Gaz.
3761 5665 3811 5719 p.
3836 5649 3964 5715 522,

2405 5741 2581 5809 Migne
2606 5756 2657 5806 p.
2689 5741 2843 5793 “06.

2471 5833 2527 5900 (5
2581 5831 2944 5889 Tischendorf
2970 5832 3005 5887 l.
3040 5834 3074 5887 l.
3107 5849 3157 5905 ει.
3198 5834 3315 5889 lI9.
