4266 6360
284 379 351 430 15
1825 390 1969 444 νιΤΑ

1832 389 2049 448 Vl'l‘AE.
3453 413 3517 465 ει

285 501 570 593 nymum,
623 488 983 565 Palladium,
1025 496 1404 561 Cassianum.
1454 506 1751 580 Quorum,
1802 510 1852 569 si
1884 518 1926 571 Α
1957 511 2294 589 interprete
2326 514 2441 573 CLI
2471 513 2669 591 capita
2705 512 3138 591 complectitur
3160 512 3266 593 (6).
3300 516 3521 587 Altera,

280 588 581 649 Macarius
621 601 884 670 spectas,
918 594 1443 677 locupletissimus
1470 611 1655 684 atque
1680 608 1849 669 ﬁdis-

276 688 473 749 simus
508 692 680 751 testis
715 701 806 753 est
837 695 1167 771 Palladius,
1211 702 1318 779 qui
1348 706 1626 768 secundo
1655 708 1855 770 Theo-

277 788 439 849 dosii
471 793 682 868 magni
714 793 1077 873 imperantis
1116 817 1281 862 anno
1312 803 1388 863 ad
1429 813 1679 883 portum
1706 808 1850 869 Ale-

274 889 574 951 xandriae
618 894 860 972 appulit
883 894 989 974 (1),
1022 899 1271 976 triginta
1302 919 1411 963 sex
1436 907 1756 968 mensibus
1787 908 1851 970 in

277 994 698 1066 monasteriis,
749 1013 910 1074 quae
957 998 1117 1061 circa
1172 1001 1606 1068 Alexandriam
1651 1018 1847 1079 erant,

276 1091 547 1165 peractis
583 1092 649 1152 in
690 1102 966 1157 montem
1005 1099 1236 1160 Nitriae
1280 1103 1537 1164 secessit
1561 1104 1666 1184 (2),
1696 1114 1756 1167 et
1786 1107 1850 1168 in

276 1187 505 1262 Celliis,
553 1190 617 1250 in
668 1192 894 1270 quibus
944 1212 1167 1257 novem
1216 1216 1414 1262 annos
1448 1204 1849 1282 transigebat,

274 1293 402 1349 tres
454 1307 573 1351 una
618 1309 762 1352 cum
801 1296 1064 1357 Macario
1111 1298 1530 1363 Alexandrino
1554 1305 1705 1365 vixit
1742 1305 1848 1383 (3).

272 1391 618 1467 Aegyptius
645 1410 793 1455 vero
825 1397 1126 1459 Macarius
1146 1416 1335 1471 anno,
1366 1409 1696 1482 antequam
1720 1406 1853 1466 Pal-

272 1483 478 1549 ladius
504 1490 570 1549 in
614 1492 1018 1557 solitudinem
1059 1500 1514 1575 egrediebatur,
1565 1512 1852 1568 mortuus

273 1592 407 1646 erat
451 1585 556 1663 (4).
594 1590 809 1668 Itaque
855 1592 1035 1654 facile
1074 1596 1389 1675 intelligis,
1422 1603 1851 1665 auctoritatem

272 1684 531 1746 Palladii
554 1690 805 1751 maximi
838 1691 1185 1756 faciendam
1212 1715 1369 1772 esse,
1392 1700 1583 1779 idque
1615 1719 1690 1764 eo
1722 1723 1852 1764 ma-

1956 627 2115 689 quae
2148 612 2378 688 pariter
2411 630 2483 673 ac
2511 621 2754 674 ceterae
2782 613 2946 691 apud
2989 612 3383 673 Rosweidum
3432 612 3524 673 le—

1955 709 2137 785 gitur,
2171 710 2413 772 incerto
2453 718 2664 773 vetere
2697 713 3061 791 interprete,
3094 712 3400 792 capitibus
3422 714 3529 772 XX

1954 817 2195 872 constat
2232 810 2333 891 (7).
2353 813 2555 873 Tertia
2586 812 2882 891 denique,
2917 813 3131 874 itidem
3159 814 3400 876 incerto
3430 832 3530 875 ve-

1955 916 2085 971 tere
2136 912 2507 990 interprete,
2553 914 2737 973 LVIII
2781 913 3089 992 capitibus
3134 913 3369 993 prodiit
3405 913 3525 975 hoc

1952 1008 2187 1071 indice:
2217 1034 2244 1065 α
2262 1011 2605 1073 Heraclidis
2627 1012 2949 1090 paradisus
2970 1011 3117 1092 (8),»
3138 1012 3247 1091 qui
3268 1012 3523 1091 quidem

1953 1108 2166 1169 titulus
2199 1109 2390 1170 falsus
2416 1117 2529 1182 est,
2560 1128 2753 1189 quum
2790 1111 3124 1188 legendum
3150 1112 3227 1172 sit
3258 1136 3285 1166 α
3319 1112 3519 1173 Palla-

1954 1201 2039 1262 dii
2087 1204 2481 1281 paradisus,»
2516 1212 2583 1266 ut
2622 1212 2715 1267 est
2758 1208 2824 1268 in
2849 1208 3267 1269 vetustissmo
3304 1209 3523 1270 codice

1952 1303 2232 1363 eiusdem
2278 1305 2582 1365 versionis
2626 1306 2883 1367 ineunte
2942 1324 3069 1367 sec.
3133 1308 3215 1366 IX
3263 1307 3519 1385 scripto,

1951 1420 2140 1479 quem
2189 1404 2312 1464 adii
2353 1406 2591 1465 Romae
2627 1405 2693 1465 in
2735 1406 3112 1468 bibliotheca
3160 1406 3524 1467 monasterii

1960 1502 2407 1564 Ycrusalemmc
2451 1506 2519 1565 in
2553 1506 2743 1567 Croce
2775 1504 2880 1584 (9).
2902 1506 3244 1568 Heraclidis
3273 1506 3518 1586 paradi-

1951 1618 2056 1662 sus
2099 1602 2255 1663 alius
2302 1604 2560 1664 omnino
2598 1604 2757 1665 liber
2802 1605 2993 1665 fuisse
3039 1606 3300 1677 videtur,
3346 1605 3522 1665 cuius

1949 1702 2197 1762 codices
2222 1705 2456 1764 Romae
2484 1704 2551 1764 in
2572 1704 2950 1765 bibliotheca
2981 1704 3321 1766 Christinae
3354 1704 3519 1781 regi-

272 1782 387 1884 gis,
421 1802 615 1863 quum
646 1805 713 1848 se
745 1790 936 1853 ﬁdum
977 1802 1393 1873 spectatorem
1430 1800 1743 1876 exhibeat,
1789 1810 1850 1863 et
1882 1819 1922 1872 Β
1951 1819 2067 1861 nae
2081 1812 2476 1865 asservantur
2500 1804 2638 1884 (10).
2661 1806 2781 1865 Sed
2803 1806 2880 1866 ad
2910 1806 3046 1866 illas
3062 1812 3188 1867 tres
3204 1806 3521 1865 versiones

271 1877 459 1960 longa
491 1902 799 1949 annorum
848 1893 1007 1955 serie
1053 1918 1080 1950 ε(
1125 1912 1202 1957 ex
1241 1898 1458 1959 virtute
1491 1910 1660 1977 gesta
1699 1920 1846 1963 san-
1953 1901 2055 1972 14
2093 1903 2399 1965 Historiae
2442 1905 2769 1965 Lausiacae
2807 1905 3043 1966 accedit
3084 1906 3287 1982 graeci
3317 1910 3522 1965 textus

272 1989 518 2044 ctorum
568 1995 1047 2070 sanctarumque
1086 1994 1153 2055 in
1198 1998 1461 2076 Aegypti
1508 2000 1847 2063 solitudine
1946 2001 2161 2063 itidem
2184 2004 2409 2083 triplex
2431 2004 2916 2083 editio,quarum
2938 2006 3104 2065 nulla
3129 2005 3519 2066 cumversio-

272 2089 335 2139 et
362 2083 427 2143 in
458 2086 649 2164 Libya
682 2096 743 2149 et
763 2090 1077 2154 Thebaide
1108 2101 1168 2155 et
1196 2098 1399 2174 Syene
1424 2106 1485 2159 et
1510 2101 1843 2177 Tabennis,

271 2181 503 2245 deinde
546 2186 609 2246 in
644 2191 1113 2270 MeSOpotamia,
1165 2197 1509 2261 Palaestina
1550 2208 1607 2263 et
1646 2204 1843 2281 Syria,

270 2290 334 2342 et
360 2283 424 2343 in
457 2288 739 2364 partibus
758 2292 1110 2355 Occidentis
1131 2304 1192 2357 et
1225 2299 1457 2361 Romae
1494 2307 1555 2361 et
1584 2303 1649 2362 in
1680 2305 1849 2363 Cam-

269 2386 457 2462 pania
489 2395 549 2449 et
570 2389 635 2450 in
656 2390 753 2465 iis,
790 2411 953 2471 quae
986 2403 1132 2457 sunt
1162 2398 1325 2459 circa
1358 2417 1485 2475 eas,
1519 2403 1843 2481 partibus»

266 2485 409 2563 ipse
434 2492 894 2568 peregrinando
917 2501 1278 2574 cognoverit
1307 2501 1628 2581 (5).Liber,
1658 2522 1843 2582 quem

266 2587 578 2652 Palladius
616 2592 693 2653 de
730 2597 1053 2660 monachis
1088 2600 1302 2675 edidit,
1352 2605 1552 2665 Lauso
1600 2605 1844 2667 cuidam

268 2690 630 2765 praeposito
669 2692 990 2757 dedicatus
1019 2706 1135 2770 est,
1168 2700 1336 2762 unde
1372 2719 1606 2762 nomen
1637 2704 1848 2764 Histo-

265 2787 404 2845 riae
472 2788 833 2868 Lausiacae,
902 2805 1009 2858 aut
1088 2800 1452 2880 simpliciter
1511 2804 1846 2865 Lausiacae

268 2884 517 2962 (graece
569 2899 798 2973 Ἰστορία
827 2906 961 2976 πρὸς
995 2902 1236 2977 Λαῦσον)
1274 2902 1477 2961 traxit.
1502 2904 1685 2964 Cuius
1722 2912 1848 2965 tres

266 2995 515 3050 exstant
549 2990 777 3056 latinae
816 2999 1133 3061 versiones
1168 3001 1346 3063 valde
1377 3003 1539 3063 inter
1565 3021 1631 3063 se
1661 3005 1843 3065 ditfe-

1949 2102 2131 2163 nibus
2160 2106 2472 2165 convenit.
2498 2106 2796 2184 Princeps
2824 2122 3043 2181 graeca
3078 2106 3267 2166 editio
3289 2104 3521 2183 prodiit

1950 2218 2025 2263 ex
2060 2204 2278 2265 codice
2310 2203 2725 2265 bibliothecae
2755 2204 3064 2266 Palatinae
3093 2224 3240 2266 cura
3269 2204 3522 2265 Meursii

1948 2304 2257 2383 capitibus
2268 2305 2393 2365 CIII
2409 2304 2426 2383 (
2437 2304 2455 2364 1
2476 2304 2553 2383 1),
2570 2322 2769 2383 eaque
2781 2307 2943 2367 haud
2960 2324 3173 2385 parum
3188 2306 3520 2367 aversione

1946 2406 2217 2478 Herveti,
2233 2424 2490 2484 prorsus
2508 2414 2712 2467 autem
2732 2423 2767 2468 a
2787 2407 3411 2469 ceterisversionibus
3432 2406 3521 2466 di-

1947 2511 2085 2565 stat.
2104 2507 2235 2577 Quo
2257 2504 2509 2583 quidem
2525 2512 2693 2566 textu
2706 2507 3054 2568 Meursiano
3068 2506 3251 2582 longe
3269 2506 3519 2584 plenio-

1946 2620 2080 2664 rem
2112 2620 2146 2663 e
2176 2602 2498 2663 codicibus
2521 2602 2731 2679 Regiis
2753 2622 2873 2664 una
2905 2622 3046 2665 cum
3063 2606 3348 2665 versione
3368 2606 3525 2665 Her-

1948 2704 2072 2765 veti
2102 2704 2411 2783 capitibus
2438 2705 2555 2763 CLI
2585 2704 2780 2765 edidit
2812 2707 3041 2766 Fronto
3062 2707 3345 2767 Ducaeus
3370 2704 3516 2786 (12).

1950 2805 2228 2883 Denique
2288 2805 2485 2884 capita
2545 2806 2848 2867 nonnulla
2894 2807 2959 2867 in
3009 2806 3125 2869 hac
3168 2807 3519 2885 ceterisque

1948 2906 2325 2967 editionibus
2375 2907 2601 2966 omissa
2649 2914 2946 2985 tanquam
3005 2925 3164 2969 nova
3216 2908 3517 2986 quaedam

1946 3006 2110 3065 illius
2147 3006 2439 3066 editionis
2492 3007 2927 3085 supplementa
2974 3007 3240 3083 vulgavit
3276 3009 3516 3069 Cotele-

266 3097 500 3151 rentes.
563 3095 652 3155 Ex
708 3098 937 3174 quibus
980 3118 1074 3174 ea,
1126 3118 1287 3180 quae
1341 3103 1566 3163 ceteris
1604 3105 1845 3165 duabus
1875 3159 1912 3184 τ,
1949 3104 2238 3184 rius(13).
2267 3106 3520 3178 QuibusadditamentisetDucaeietCote—

266 3190 468 3253 multo
517 3193 897 3276 locupletior
925 3207 1039 3273 est,
1088 3202 1395 3263 Gentiano
1427 3205 1697 3266 Herveto
1744 3204 1844 3274 13
1874 3190 1915 3215 υ
1950 3205 2343 3267 leriiauctam
2366 3206 2705 3267 editionem
2728 3207 2847 3267 iam
2864 3208 3131 3269 babesin
3147 3209 3518 3270 collectione

340 3369 417 3439 (1)
467 3372 604 3429 Hist.
655 3375 818 3433 Laus.
880 3395 998 3450 cap.
1049 3382 1097 3435 I.
1153 3382 1291 3452 Opp.
1352 3382 1555 3441 Meurs.
1606 3385 1671 3440 Τ.
1729 3385 1865 3454 VIII,

268 3476 323 3530 p.
363 3463 488 3518 548.

340 3550 417 3620 (2)
461 3551 591 3608 Ibid.
623 3572 742 3625 cap.
771 3558 803 3611 8
834 3575 889 3628 p.
926 3561 1052 3613 560.

342 3643 418 3711 (3)
461 3643 591 3700 Ibid.
633 3664 751 3717 cap.
784 3648 845 3702 21
881 3669 933 3721 p.
972 3652 1095 3706 396.

342 3737 419 3803 (4)
462 3738 594 3793 Ibid.
628 3756 746 3812 cap.
775 3745 844 3795 21)
867 3760 917 3812 p.
949 3744 1071 3797 396.

341 3827 414 3896 (5)
457 3828 672 3899 Prolog.
716 3834 781 3886 ad
814 3833 956 3889 Hist.
1003 3836 1169 3891 Laus.
1208 3835 1347 3907 Opp.
1382 3838 1577 3891 Meurs.
1634 3842 1671 3898 I.
1704 3844 1739 3898 Ι.
1784 3863 1833 3913 p.

266 3917 411 3982 340;
453 3918 562 3975 VV.
596 3923 698 3976 PP.
725 3923 906 3980 Bosw.
936 3943 989 3996 p.
1027 3928 1152 3981 706.

343 4014 420 4081 (6)
464 4013 709 4069 Primum
757 4020 959 4087 prodiit
1018 4019 1245 4075 Parisiis
1294 4020 1453 4085 I555,
1497 4020 1598 4084 4°;
1646 4037 1838 4075 recusa

267 4114 356 4158 est
397 4105 596 4160 ibidem
629 4108 784 4173 1570,
820 4111 897 4172 4ο,
935 4119 1097 4180 atque
1136 4128 1261 4165 cum
1305 4112 1529 4167 scholiis
1564 4111 1845 4167 Laurentii

268 4188 561 4247 Barrensis
603 4196 657 4248 in
690 4197 808 4251 eius
851 4198 1077 4252 historia
1114 4200 1416 4254 christiana
1457 4209 1701 4255 veterum
1746 4202 1847 4255 Pa-

267 4294 416 4337 trum
457 4284 633 4342 Paris.
670 4289 809 4343 I583
843 4290 937 4344 fol.
980 4308 1033 4360 p.
1074 4292 1162 4356 55,
1193 4308 1294 4345 nec
1328 4309 1438 4346 non
1480 4294 1535 4346 in
1570 4294 1705 4348 Bibl.
1742 4295 1844 4349 PP.

266 4392 393 4429 cur.
427 4375 495 4430 de
520 4378 567 4430 la
599 4377 768 4448 Bigne
790 4378 967 4434 Paris.
1000 4381 1137 4435 1589
1163 4391 1215 4434 et
1246 4382 1383 4435 1610
1408 4384 1469 4438 Τ.
1496 4382 1611 4446 VII,
1648 4386 1701 4437 in
1735 4384 1844 4437 VV.

266 4465 376 4519 PP.
416 4466 597 4521 Rosw.
650 4469 740 4522 lib.
789 4471 903 4523 VllI
934 4487 985 4539 p.
1032 4470 1132 4525 704
1172 4488 1321 4541 sqq.,
1352 4484 1405 4528 et
1447 4474 1503 4527 in
1536 4474 1847 4529 Meursiaua

266 4559 512 4613 editione
542 4558 813 4615 Historiae
844 4561 1146 4618 Lausiacae
1170 4563 1421 4631 Palladii,
1454 4562 1592 4634 Opp.
1626 4564 1844 4620 Meursii

267 4646 335 4699 Τ.
372 4646 479 4699 VIII
519 4665 569 4717 p.
612 4650 713 4703 551
743 4666 860 4719 sqq.

347 4738 426 4804 (7)
472 4738 625 4793 Edita
657 4749 742 4794 est
778 4741 833 4793 in
866 4740 1001 4796 Vitis
1032 4740 1276 4807 Patrum,
1321 4758 1460 4812 quae
1502 4746 1700 4813 triplici
1729 4747 1848 4799 vice

268 4831 391 4905 sine
418 4832 761 4901 typographi,
786 4832 889 4886 loci
918 4842 971 4887 et
993 4834 1123 4886 anni
1150 4843 1276 4888 nota
1303 4844 1545 4905 tempore
1569 4842 1846 4890 nascentis

269 4899 663 4989 typographiae
706 4923 1047 4990 prodierunt,
1099 4924 1228 4991 Iol.;
1268 4899 1461 4980 recusa
1497 4928 1551 4980 in
1589 4926 1843 4981 Theodo-

271 5014 369 5065 rici
402 5012 579 5067 Loher
599 5028 627 5065 a
655 5014 855 5070 Stratis
886 5024 1172 5087 prototypo
1205 5022 1400 5089 veteris
1425 5021 1711 5086 ecclesiae,
1743 5021 1845 5076 Co-

268 5111 452 5163 loniae
482 5111 638 5176 1547,
665 5110 790 5174 fol.,
819 5121 873 5167 et
900 5113 955 5167 in
996 5112 1107 5167 VV.
1144 5112 1248 5166 PP.
1284 5114 1469 5169 Rosw.
1496 5131 1548 5185 p.
1582 5118 1686 5172 984
1719 5135 1839 5189 sqq.

344 5203 419 5270 (8)
469 5200 597 5254 Eam
664 5205 767 5257 sub
835 5205 1041 5260 titulo:
1083 5223 1101 5255 ‹
1134 5204 1437 5260 Heraclidis
1496 5210 1785 5273 paradisus
1818 5229 1835 5261 ι

267 5296 478 5362 primus
522 5296 739 5349 videtur
796 5296 1033 5351 edidisse
1088 5296 1204 5351 Jac.
1264 5296 1439 5352 Faber
1499 5298 1843 5369 Stapulensis

266 5388 443 5441 Paris.
482 5388 638 5442 1504.
672 5389 881 5442 Collata
922 5405 1046 5442 cum
1090 5390 1282 5444 codice
1320 5406 1423 5446 ms.
1458 5391 1697 5453 Veneto,
1745 5396 1841 5462 qui

267 5492 381 5530 non
416 5476 780 5539 Heraclidem,
833 5480 926 5533 sed
976 5480 1279 5535 Palladium
1328 5484 1647 5552 scriptorem
1695 5494 1840 5538 recte

270 5572 579 5640 proﬁtetur,
614 5574 815 5642 prodiit
846 5575 899 5627 iu
937 5573 1077 5630 Vitis
1108 5593 1204 5646 per
1232 5577 1510 5647 Aloysium
1549 5579 1839 5646 Lipoman-

270 5676 402 5713 num
438 5653 681 5715 collectis
715 5660 777 5715 T.
822 5662 883 5715 111
930 5664 1118 5719 Venet.
1171 5666 1328 5719 1554.
1377 5666 1617 5734 Denique
1662 5677 1841 5722 exstat

272 5751 327 5802 in
353 5748 465 5804 VV.
486 5749 588 5802 PP.
627 5751 810 5805 Rosw.
840 5769 893 5821 p.
924 5754 1026 5809 939
1056 5772 1177 5825 sqq.
1211 5756 1283 5810 De
1314 5758 1478 5809 variis
1503 5757 1651 5810 hisce
1676 5759 1838 5811 trium

271 5842 586 5897 versionqu
636 5842 965 5901 editiouibus
1009 5848 1081 5901 cf.
1128 5847 1208 5905 Jo.
1260 5850 1381 5904 Alb.
1427 5848 1734 5908 Fabricium
1785 5854 1839 5907 in

1949 3387 2280 3442 Bibliotheca
2314 3388 2544 3450 Graeca,
2580 3387 2719 3457 Opp.
2764 3388 2965 3445 Meurs.
3012 3406 3079 3444 ex
3124 3406 3235 3445 rec.
3268 3389 3511 3445 LamiT.

1948 3477 2060 3531 VIII
2101 3496 2153 3548 p.
2191 3480 2315 3543 667,
2358 3480 2559 3546 I,inl‘ra
2591 3482 2645 3534 in
2685 3481 2839 3535 initio
2876 3492 3095 3538 nostrae
3136 3485 3393 3539 editionis
3425 3484 3521 3538 Hi-

1943 3568 2149 3621 storiae
2194 3568 2510 3633 Lausiacae,
2535 3578 2590 3623 et
2611 3567 2726 3624 VV.
2762 3570 2867 3624 PP.
2902 3571 3085 3626 Rosw.
3122 3572 3334 3644 Proleg.
3377 3572 3517 3641 XIV,

1945 3675 1981 3727 p
2037 3658 2218 3713 XLIV.

2005 3753 2091 3822 ’(9)
2133 3752 2306 3809 Huius
2348 3752 2719 3809 Bibliothecae
2778 3754 2970 3809 codice
3020 3754 3135 3808 XLI
3184 3754 3276 3808 fol.
3317 3754 3350 3809 9
3385 3757 3517 3809 haec

1945 3842 2080 3914 legis
2112 3863 2123 3897 :
2155 3863 2173 3893 ι
2217 3844 2409 3911 Incipit
2436 3845 2589 3907 liber,
2625 3847 2712 3913 qui
2746 3846 3047 3913 appellatur
3064 3846 3360 3914 paradgsus
3391 3845 3518 3899 Pal-

1948 3937 2077 3989 ladii
2108 3938 2365 3999 monachi,
2387 3940 2475 4005 qui
2499 3939 2600 4005 fuit
2624 3939 2914 4006 discipulus
2948 3938 3181 4008 Evagrii.
3216 3939 3367 3991 Multi
3392 3942 3515 4008 qui-

1947 4026 2069 4079 dem
2104 4029 2302 4082 multos
2334 4030 2622 4096 variosque
2651 4030 2842 4094 libros,
2877 4039 2989 4083 cet.
3020 4049 3039 4081 ι
3061 4030 3264 4085 Textus
3308 4030 3516 4085 codicis

1948 4135 1975 4172 a
2008 4120 2146 4173 libro
2178 4121 2443 4188 impresso
2476 4135 2668 4190 parum
2695 4122 2857 4177 nobis
2876 4121 3191 4190 discrepare
3217 4125 3368 4178 visus
3396 4133 3503 4178 est.

1946 4210 2130 4265 Codex
2158 4210 2399 4267 Venetus
2428 4228 2649 4283 quoque
2688 4214 2989 4267 Palladium
3026 4214 3351 4284 scriptorem
3386 4231 3515 4285 prae

1948 4320 2006 4358 se
2036 4303 2161 4358 fert.

2018 4392 2131 4462 (10)
2182 4393 2237 4446 In
2281 4394 2529 4462 catalogo
2568 4394 2739 4447 latino
2781 4394 2921 4448 Bibl.
2960 4394 3269 4449 Christinae
3312 4394 3515 4448 Romae

1947 4485 2081 4553 legis
2115 4500 2128 4535 :
2163 4504 2181 4535 ‹
2212 4485 2343 4537 Cod.
2381 4483 2477 4536 Nr.
2500 4484 2603 4539 452
2625 4484 2929 4539 Heraclidis
2964 4485 3252 4553 paradisus
3275 4490 3387 4537 sive
3416 4486 3509 4538 lib.

1946 4576 2012 4628 de
2052 4575 2161 4628 νγ.
2197 4576 2296 4630 SS.
2342 4575 2566 4629 Patrum
2608 4577 2676 4629 ad
2725 4576 2962 4630 Lausum
3010 4577 3377 4647 praepositum
3422 4594 3513 4645 pa-

1942 4667 2079 4721 latii.
2114 4687 2130 4718 ›
2198 4666 2425 4721 Nomine
2470 4670 2750 4736 scriptoris
2789 4668 2995 4721 omisso
3032 4669 3088 4721 in
3141 4669 3388 4737 catalogo
3436 4670 3510 4720 la-

1941 4760 2056 4812 tino
2087 4758 2225 4812 Bibl.
2268 4758 2559 4814 Vaticanae
2605 4761 2801 4829 legitur
2835 4776 2847 4809 :
2892 4778 2914 4810 ο
2946 4760 3000 4811 2.
3032 4758 3347 4823 Paradisus,
3378 4762 3512 4814 liber

1942 4851 2022 4903 sic
2070 4851 2362 4919 inscriptus
2406 4851 2475 4905 de
2515 4850 2654 4905 Vitis
2698 4850 3045 4913 Sanctorum,
3091 4850 3195 4904 353
3234 4851 3327 4904 Nr.
3371 4851 3509 4918 499;

1942 4940 2121 4994 denuo
2152 4940 2253 4994 363
2282 4939 2376 4993 Nr.
2412 4942 2568 4995 1512.
2603 4960 2621 4992 ι
2665 4940 2916 4995 Graviter
2947 4940 3215 5003 dolemus,
3255 4942 3398 5010 quod
3426 4958 3512 4995 re-

1946 5033 2048 5085 bus
2082 5033 2425 5101 gravioribus
2465 5034 2626 5088 nimis
2665 5032 2913 5101 occupati
2961 5033 3061 5087 bos
3103 5033 3341 5097 codices,
3384 5049 3509 5087 cum

1944 5122 2145 5178 Romae
2172 5139 2442 5189 essemus,
2475 5125 2788 5179 examinare
2820 5139 2925 5178 non
2953 5126 3242 5193 potuimus.

2015 5219 2125 5286 (II)
2160 5217 2329 5287 Lugd.
2370 5218 2486 5270 Bat.
2521 5218 2677 5281 I6I6,
2714 5219 2789 5271 4°.
2818 5218 3089 5272 Meursius
3120 5226 3277 5273 notas
3304 5220 3510 5275 addidit

1940 5309 2204 5371 cruditas,
2237 5310 2499 5363 nonnulla
2521 5310 2688 5362 etiam
2724 5324 2756 5363 e
2784 5309 2972 5363 codice
3002 5309 3372 5363 Bibliothecae
3403 5309 3508 5363 lie-

1945 5400 2063 5469 giae
2078 5400 2561 5460 Parisiensis,cum
2594 5399 2837 5453 Lutetiae
2864 5406 3191 5462 versaretur,
3213 5400 3502 5467 supplevit.

2014 5492 2123 5560 (12)
2170 5492 2485 5546 Auctarium
2535 5492 2671 5545 Bibl.
2713 5489 2816 5542 PP.
2865 5489 3038 5543 Paris.
3070 5489 3228 5554 1624,
3281 5492 3397 5555 fol.,
3438 5493 3500 5545 'I‘.

1940 5580 1981 5632 II
2015 5597 2067 5649 p.
2104 5582 2293 5635 893——
2347 5581 2512 5645 I055;
2546 5580 2681 5633 Bibl.
2719 5578 2825 5631 PP.
2870 5579 3044 5632 Paris.
3096 5580 3229 5634 1654
3274 5580 3337 5633 Τ.
3386 5580 3503 5634 XIII

1944 5689 1989 5741 p.
2023 5668 2313 5726 895-1055.
2342 5672 2619 5725 Accedunt
2647 5670 2846 5724 Ducaei
2874 5679 3054 5723 notae.

2013 5764 2125 5831 (15)
2166 5763 2311 5817 Eccl.
2335 5763 2527 5816 Graec.
2555 5765 2703 5816 Mon.
2734 5762 2855 5815 Lut.
2887 5760 3061 5821 Paris.
3097 5762 3234 5818 I677
3266 5761 3324 5818 Τ.
3360 5762 3421 5817 Ill
3445 5780 3495 5834 p.

1949 5856 2422 5925 m—ieoeip.
2461 5856 2796 5913 158-170,
