4266 6360
719 374 784 426 15
1507 368 1611 424 SS.
1644 368 2105 425 MACARIORUM
2145 371 2464 427 AEGYPTII
2506 371 2594 427 ET
2633 367 3127 426 ALEXANDRINI.
3893 366 3956 421 16

710 485 982 562 Operum
1028 484 1276 545 Meursii
1334 501 1404 545 ex
1465 486 1832 546 recensione
1869 487 2129 546 Joannis
2170 488 2281 545 La-
2314 486 2796 547 Adedicatorias
2878 482 3198 561 epistolas,
3279 494 3439 558 quae
3470 476 3556 537 ibi
3636 472 3951 551 leguntur,

710 584 795 644 mi
830 582 934 663 (1).
961 585 1160 644 Caveo
1183 589 1336 644 teste
1359 584 1422 642 in
1447 584 1639 644 Isaaci
1669 584 1870 644 Vossii
1900 583 2277 645 bibliotheca

710 682 910 743 codex
927 683 1259 744 Lausiacae
1278 684 1734 758 inveniebatur,
1754 685 1862 762 qui
1886 683 2067 745 editis
2085 681 2278 761 duplo

708 782 949 843 auctior
987 782 1104 843 fuit
1144 781 1249 861 (2).
1295 785 1381 843 Ex
1419 784 1709 843 omnibus
1748 800 1895 843 vero
1930 784 2083 855 istis,
2117 799 2278 861 quae

707 882 1037 957 habentur,
1070 883 1450 944 editionibus
1475 884 1642 944 nulla
1664 884 1745 944 ita
1775 891 2131 961 comparata
2161 889 2275 955 est,

708 992 771 1041 ut
798 982 1052 1058 genuini
1082 988 1287 1043 textus
1314 983 1589 1060 speciem
1620 998 1769 1061 prae
1799 999 1865 1042 se
1885 981 2061 1043 ferat.
2094 981 2280 1041 Vides

707 1081 917 1157 igitur,
960 1082 1383 1143 difﬁcultatem
1420 1083 1752 1142 maximam
1791 1082 1891 1143 hic
1940 1082 2121 1142 nobis
2160 1082 2276 1142 ob-

710 1182 881 1242 oriri.
923 1183 1043 1243 Sed
1083 1184 1414 1245 commode
1451 1185 1679 1257 evenit,
1708 1191 1772 1243 ut
1801 1184 1862 1242 in
1901 1182 2279 1243 bibliotheca

709 1282 1001 1339 Caesarea
1032 1279 1505 1341 Vindobonensi
1535 1282 1894 1357 genuinam,
1922 1281 2093 1359 quod
2127 1280 2281 1340 mihi

710 1378 966 1455 quidem
983 1378 1243 1452 videtur,
1259 1381 1589 1441 Historiam
1605 1381 1957 1441 Lausiacam
1972 1380 2172 1440 adhuc
2192 1380 2283 1438 in-

711 1476 1023 1553 cognitam
1048 1480 1386 1554 repererim
1403 1480 1465 1539 in
1479 1479 1725 1541 duobus
1743 1480 1909 1540 Codd
1923 1482 2085 1540 .Mss.
2098 1528 2111 1551 ,
2128 1496 2283 1557 quo-

711 1593 850 1636 rum
866 1583 1134 1655 utroque
1148 1580 1385 1656 integra
1408 1582 1785 1649 continetur,
1802 1597 1962 1641 mem
1973 1580 2282 1640 branaceo

713 1685 774 1738 et
808 1685 1162 1755 pervetusto
1194 1698 1346 1753 uno,
1368 1680 1697 1742 chartaceo
1722 1681 1915 1741 altero
1935 1679 2043 1758 (3).
2069 1685 2151 1740 Ac
2182 1696 2285 1756 ge-

711 1778 962 1839 nuitatis
996 1777 1095 1845 15
1128 1786 1337 1840 notam
1366 1778 1510 1838 huic
1544 1768 1781 1839 inedito
1810 1779 2005 1839 textui
2034 1778 2282 1838 vindico

713 1889 853 1933 cum
890 1887 1149 1955 prOpter
1178 1893 1403 1937 nexum
1435 1893 1665 1948 rerum,
1697 1895 1729 1937 a
1764 1894 1885 1954 qua
1926 1883 2097 1955 parte
2130 1875 2285 1935 nihil

713 1971 1118 2047 desideratur,
1135 1984 1263 2034 tum
1282 1983 1542 2053 propter
1564 1974 2026 2053 simplicitatem
2051 1975 2284 2036 dictio—

715 2074 810 2133 nis
841 2082 901 2135 et
934 2076 1315 2154 praeclaram
1364 2076 1554 2136 totius
1590 2076 1733 2137 libri
1781 2076 2282 2155 dispositionem.

713 2174 881 2235 Edita
923 2176 1299 2255 exemplaria
1342 2177 1647 2237 Historiae
1691 2178 2020 2238 Lausiacae
2057 2177 2109 2237 si
2145 2193 2288 2238 cum

715 2282 885 2336 textu
908 2277 1129 2338 horum
1151 2278 1438 2339 codicum
1458 2277 1729 2350 confers,
1746 2279 1899 2339 mire
1919 2278 2289 2357 interpolata

716 2383 777 2435 et
839 2377 1213 2455 babylonica
1274 2378 1541 2457 quadam
1617 2377 1991 2439 confusione
2067 2378 2291 2439 affecta

714 2487 1040 2558 apparent,
1072 2482 1153 2541 ita
1187 2488 1275 2554 ut,
1308 2498 1469 2559 quae
1500 2481 1564 2542 in
1597 2482 1802 2542 medio
1836 2480 1993 2541 libro
2025 2480 2291 2557 legenda

716 2588 880 2652 sunt,
917 2580 1199 2658 legantur
1227 2583 1290 2643 in
1320 2584 1465 2654 ﬁne,
1501 2589 1584 2656 et,
1619 2599 1780 2661 quae
1809 2581 1886 2643 ad
1923 2582 2109 2642 ﬁnem
2143 2600 2289 2661 per-

714 2680 943 2755 tinent,
994 2682 1269 2743 medium
1321 2681 1530 2743 locum
1592 2690 1905 2761 occupent
1936 2682 2041 2762 (4).
2094 2684 2292 2755 Quare

718 2781 987 2858 primum
1021 2782 1295 2859 genuino
1340 2782 1645 2843 Historiae
1692 2781 2021 2843 Lausiacae
2054 2783 2132 2843 de
2164 2785 2292 2843 Ma-

718 2883 900 2943 cariis
955 2890 1148 2956 textu,
1203 2901 1393 2962 quem
1450 2901 1527 2943 ex
1584 2884 1905 2945 codicibus
1966 2884 2291 2962 descripsi,

718 2984 878 3045 infra
919 2991 1197 3057 utemur;
1230 2983 1457 3046 deinde
1498 2986 1661 3045 edita
1703 2984 2083 3064 exemplaria
2118 3002 2292 3046 com-

722 3085 1097 3164 parabimus.
1156 3086 1502 3146 Varietates
1540 3085 1681 3146 illae
1721 3085 1787 3145 in
1837 3085 2296 3163 exemplaribus

720 3187 867 3247 inde
896 3194 1074 3248 natae
1100 3205 1236 3248 esse
1266 3187 1574 3257 videntur,
1601 3187 1771 3265 quod
1801 3204 1877 3247 ex
1909 3187 2044 3246 aliis
2071 3187 2148 3246 de
2176 3188 2298 3249 vita
2323 3172 2367 3230 ο

722 3296 969 3367 patrum
993 3290 1185 3349 eremi
1214 3289 1459 3367 scriptis
1483 3288 1671 3349 modo
1703 3288 1902 3367 plura,
1928 3289 2118 3348 modo
2149 3306 2300 3367 pau-

724 3389 893 3450 ciora
920 3389 984 3449 in
1015 3389 1343 3449 Historiam
1378 3390 1734 3450 Lausiacam
1762 3388 2079 3460 translata,
2109 3397 2297 3467 atque

725 3490 996 3568 antiquis
1040 3490 1162 3549 iam
1209 3490 1597 3567 temporibus
1641 3507 1780 3549 cum
1838 3506 1909 3549 ea
1964 3490 2299 3549 commixta

726 3592 871 3653 sint.
898 3591 945 3651 E
967 3609 1092 3670 quo
1117 3608 1379 3652 numero
1402 3592 1737 3670 praecipue
1762 3590 1931 3651 illum
1955 3592 2300 3653 Heraclidis

726 3693 1082 3773 paradisum
1102 3692 1294 3754 fuisse
1317 3692 1623 3765 existimo,
1642 3693 1747 3771 qui
1774 3694 2095 3755 dedicatus
2109 3692 2301 3755 fuisse

727 3794 972 3856 videtur
1003 3794 1083 3871 (5)
1121 3794 1326 3855 eidem
1364 3796 1564 3856 Lauso
1603 3796 1985 3872 praeposito,
2016 3797 2117 3856 cui
2158 3795 2300 3856 Pal-

727 3894 931 3956 ladius
958 3896 1294 3956 Historiam
1333 3896 1689 3957 Lausiacam
1721 3896 2058 3973 inscripsit.
2092 3897 2190 3958 Sic
2226 3914 2304 3958 ex

728 3996 1071 4076 prooemiis
1124 3997 1370 4058 duobus
1418 3998 1725 4059 Historiae
1754 3998 2108 4069 Lausiacae,
2142 4016 2305 4077 quae

728 4097 1079 4157 Meursiana
1109 4097 1300 4158 editio
1331 4097 1532 4171 affert,
1562 4098 1759 4177 prius,
1793 4098 1964 4175 quod
1995 4116 2029 4159 a
2058 4098 2261 4159 verbis
2288 4115 2301 4158 :

744 4207 846 4259 Ἐν
867 4206 1054 4273 ταύτῃ
1084 4204 1157 4272 τῇ
1174 4206 1376 4271 βίϐλῳ
1396 4224 1453 4259 κ.
1477 4224 1530 4260 τ.
1553 4210 1613 4260 .1.
1638 4199 1856 4277 incipit
1880 4197 1986 4276 (6),
2010 4199 2305 4276 equidem

732 4295 1042 4358 Heraclidi
1090 4295 1437 4356 tribuerim.
1486 4298 1635 4357 Nam
1698 4296 2041 4357 Palladium
2090 4298 2306 4357 ambas

803 4566 881 4639 (1)
918 4566 1004 4623 Jo.
1061 4565 1281 4621 Meursii
1322 4564 1456 4635 Opp.
1503 4582 1570 4620 ex
1618 4580 1729 4619 rec.
1766 4563 1853 4619 Jo.
1894 4564 2047 4619 Lami
2088 4565 2151 4618 T.
2190 4562 2307 4617 Vill

731 4658 1041 4715 Florentiae
1076 4660 1235 4725 1746,
1264 4659 1381 4718 101..
1416 4674 1466 4727 p.
1507 4660 1703 4713 551-
1723 4658 1847 4713 670.

806 4750 881 4819 (2)
923 4748 1084 4803 Guill.
1112 4749 1275 4810 Cave,
1308 4747 1533 4818 Scriptt.
1567 4748 1765 4803 eccles.
1792 4748 1929 4803 Hist.
1949 4748 2053 4801 litt.
2088 4746 2155 4801 de
2178 4746 2310 4800 Pal-

734 4843 877 4895 ladio
904 4842 992 4897 ed.
1040 4841 1167 4896 Bas.
1210 4841 1342 4893 1741
1376 4839 1440 4895 Τ.
1479 4840 1576 4910 lp.
1613 4840 1738 4894 376.
1788 4840 2056 4894 Meursius
2092 4855 2310 4908 quoque

734 4935 961 4987 Palladii
988 4934 1259 5004 quandam
1298 4935 1547 5005 διήγησιν
1576 4934 1703 5003 περὶ
1726 4932 1833 4985 τῶν
1872 4934 1992 4985 κατ’
2035 4931 2310 5000 Αἴγυπτον

734 5024 1151 5093 διαλαμψάντων
1192 5024 1445 5091 πατέρων
1494 5024 1723 5076 invenit.
1772 5022 1947 5089 Atque
1990 5019 2306 5075 Meursius:

744 5136 761 5166 ι
795 5116 845 5169 id
879 5131 1100 5184 quoque
1134 5130 1271 5184 opus
1302 5136 1347 5175 ι,
1391 5114 1586 5182 inquit,
1643 5132 1661 5164 ‹
1693 5114 1738 5167 si
1780 5113 1990 5181 placere
2034 5112 2175 5165 hanc
2213 5110 2309 5163 Hi-

740 5206 939 5259 storiae
966 5204 1265 5258 Lausiacae
1300 5203 1593 5257 editionem
1628 5202 1964 5264 intellexero,
2001 5198 2308 5252 communi-

740 5296 894 5347 cabo.
931 5313 947 5345 ι
997 5293 1099 5348 Sed
1160 5308 1439 5361 nunquam
1479 5291 1581 5344 hoc
1626 5291 1919 5359 praestitit.
1960 5303 2137 5356 neque
2176 5288 2312 5340 satis

740 5397 892 5439 certo
928 5388 1152 5445 scimus,
1186 5384 1312 5452 quid
1344 5382 1436 5435 illo
1457 5381 1660 5434 inedito
1689 5381 1826 5432 lihro
1857 5378 2311 5445 comprehensum

736 5476 931 5529 ιη.οί
952 5474 1087 5545 Opp.
1124 5476 1343 5529 Meursii
1364 5473 1547 5527 T.Vlll
1576 5489 1626 5541 p.
1656 5471 1779 5525 532.
1813 5471 1935 5525 668.
1960 5470 2123 5540 [infra
2153 5469 2313 5523 initio

743 5577 966 5622 nostrae
999 5568 1254 5622 editionis
1290 5566 1560 5621 Historiae
1589 5562 1933 5630 Lausiacae].

819 5660 896 5724 (5)
934 5658 1083 5712 Alter
1145 5668 1228 5713 est
1271 5657 1402 5712 Cod.
1442 5672 1543 5710 ms.
1597 5657 1724 5709 hist.
1764 5668 1945 5724 graec.
1986 5652 2123 5705 Bihl.
2151 5652 2310 5707 Caes.

747 5750 978 5807 Vindob.
1022 5750 1114 5806 Nr.
1160 5751 1248 5814 84,
1282 5752 1410 5805 olim
1457 5749 1546 5808 29.
1580 5750 1909 5807 membran.,
1943 5753 2310 5816 pervetustus.

742 5846 978 5916 Optimae
1007 5853 1187 5909 notae,
1211 5844 1287 5909 4⁸,
1318 5853 1369 5899 et
1396 5850 1608 5898 constat
1639 5841 1783 5896 foliis
1813 5839 1931 5895 125.
1969 5841 2119 5894 Alter
2157 5838 2303 5892 char-

2381 588 2558 665 operi
2594 603 2708 647 suo
2740 584 3101 663 praeﬁxisse
3147 582 3245 640 vix
3294 576 3633 640 credideris
3669 593 3681 633 :
3714 574 3952 634 Vindo-

2380 690 2694 749 bonenses
2731 703 2877 747 vero
2916 684 3187 753 codices,
3222 680 3430 773 priore
3475 676 3723 743 omissa,
3753 674 3957 733 statim

2380 790 2459 849 ab
2484 788 2697 860 altera,
2729 803 2889 865 quae
2926 784 3145 861 incipit
3180 801 3191 841 :
3227 786 3534 853 Μακαρίζω
3571 802 3627 836 κ.
3662 800 3712 835 τ.
3749 786 3807 835 .1.
3846 773 3954 849 (7),

2381 889 2734 950 ordiuntur.
2761 890 3085 947 Praeterea
3109 882 3272 943 edita
3294 879 3602 941 Historiae
3625 875 3956 937 Lausiacae

2382 990 2759 1068 exemplaria
2818 987 2985 1048 haud
3038 986 3263 1061 exigua
3318 985 3694 1058 receperunt
3747 977 3956 1035 inere-

2382 1097 2588 1150 menta
2621 1107 2655 1150 e
2688 1106 2911 1166 graeco
2941 1094 3002 1147 et
3032 1086 3223 1146 latino
3264 1092 3436 1144 textu
3484 1082 3625 1141 libri
3654 1082 3778 1138 νγ.
3812 1080 3955 1146 PP.,

2382 1191 2489 1269 qui
2528 1191 2591 1250 in
2630 1190 3003 1252 collectione
3040 1185 3347 1247 Rosweidi
3387 1183 3605 1245 ordine
3645 1179 3961 1242 secundus

2384 1298 2476 1351 est
2507 1292 2615 1369 (8).
2648 1296 2847 1370 Atque
2874 1293 3083 1369 ipsum
3116 1289 3283 1347 hunc
3314 1285 3565 1355 librum,
3599 1290 3667 1342 ut
3699 1298 3841 1341 mox
3874 1281 3964 1339 vi-

2385 1388 2697 1463 debimus,
2725 1390 2989 1449 Ruﬁnus
3011 1406 3045 1448 e
3070 1402 3295 1463 graeco
3330 1384 3394 1444 in
3424 1383 3683 1443 latinum
3711 1388 3814 1457 ιθ
3837 1396 3965 1439 ser-

2386 1505 2637 1549 monem
2687 1484 3022 1557 transtulit,
3068 1500 3257 1563 quam
3311 1481 3662 1541 versionem
3721 1479 3842 1537 iam
3895 1477 3959 1538 S.

2385 1590 2808 1665 Hieronymus
2850 1587 3013 1647 bene
3058 1583 3371 1660 cognovit.
3405 1582 3709 1639 Graecum
3753 1582 3963 1635 autem

2386 1687 2705 1765 exemplar
2746 1687 2809 1746 in
2858 1685 3151 1745 Lausiaca
3197 1678 3549 1749 scribenda,
3586 1686 3655 1737 ut
3699 1674 3963 1754 patebit,

2384 1789 2522 1867 ipse
2560 1785 2869 1846 Palladius
2911 1784 3215 1844 adhibuit.
3248 1783 3336 1841 Ex
3366 1778 3595 1859 quibus
3627 1774 3962 1852 colligitur,

2389 1906 2459 1949 ea
2483 1903 2643 1966 quae
2666 1887 2730 1946 in
2755 1886 2936 1945 editis
2960 1884 3265 1943 Historiae
3296 1879 3624 1940 Lausiacae
3644 1873 3966 1951 exempla-

2388 1987 2559 2047 ribus
2584 1992 2829 2063 praeter
2848 1983 3024 2055 illud,
3041 1982 3209 2060 quod
3241 1980 3439 2042 codex
3463 1974 3969 2037 Vindobonensis

2388 2085 2834 2164 suppeditabit,
2867 2084 3281 2161 reperiantur,
3330 2096 3365 2139 e
3428 2077 3603 2138 fonte
3652 2075 3799 2135 satis
3848 2090 3967 2133 an-

2388 2188 2565 2265 tiquo
2597 2185 2874 2256 ﬂuxisse,
2906 2190 3095 2261 atque
3131 2182 3315 2242 etiam
3357 2180 3689 2241 observatu
3728 2173 3968 2250 dignis-

2389 2288 2545 2348 sima
2594 2302 2753 2346 esse.
2799 2285 2884 2344 De
2939 2282 3235 2359 singulari
3283 2296 3431 2341 vero
3480 2274 3968 2344 necessitudine,

2391 2404 2551 2465 quae
2584 2386 2750 2447 inter
2785 2386 2972 2446 istum
3013 2382 3358 2444 Heraclidis
3390 2379 3768 2461 paradisum,
3801 2375 3971 2435 hunc

2391 2488 2619 2549 librum
2690 2487 3037 2549 secundum
3092 2493 3153 2545 et
3204 2484 3541 2545 Historiam
3611 2478 3971 2541 Lausiacam

2392 2590 2647 2652 Palladii
2676 2587 3068 2650 intercedere
3097 2586 3361 2657 videtur,
3393 2582 3794 2644 disseremus.

2476 2696 2503 2765 ᾗ
2556 2690 2612 2750 6.
2670 2689 2972 2769 Expedita
3026 2687 3143 2749 hac
3194 2685 3550 2748 difﬁcultate
3608 2681 3684 2743 ad
3746 2694 3974 2741 novam

2395 2789 2563 2851 haud
2613 2789 2822 2849 minus
2866 2785 3332 2849 incommodam
3378 2780 3755 2851 accedimus,
3785 2793 3975 2856 quam

2396 2892 2576 2952 aﬁ‘ert
2605 2890 2889 2949 Ruﬁnus.
2918 2891 2977 2948 Is
3006 2889 3120 2949 sub
3156 2885 3429 2946 Valentis
3456 2881 3745 2960 imperio,
3779 2894 3977 2956 quum

2397 2993 2457 3051 S.
2509 2989 2837 3052 Athanasio
2876 2997 3123 3049 mortuo
3166 2987 3394 3047 Lucius
3445 2983 3569 3043 Arii
3609 2987 3880 3042 sectator
3911 2978 3978 3039 in

2399 3092 2831 3170 episcopatum
2881 3088 3284 3149 Alexandriae
3334 3104 3447 3165 per
3505 3084 3868 3155 fenestram,
3912 3086 3981 3141 ut

2401 3190 2640 3260 dicunt,
2671 3208 2737 3249 se
2767 3188 3141 3259 intrusisset,
3167 3204 3288 3247 una
3322 3202 3464 3246 cum
3496 3183 3749 3244 senibus
3779 3182 3843 3241 in
3876 3179 3974 3240 de-

2402 3296 2569 3350 serto
2618 3289 2880 3361 vivebat,
2930 3288 3220 3366 dirasque
3277 3286 3449 3347 Lucii
3509 3282 3983 3363 persecutiones

2403 3390 2768 3452 sustinebat.
2802 3390 2958 3449 Nam
2990 3388 3137 3448 istas
3172 3388 3383 3448 turbas
3410 3384 3772 3446 describens
3802 3381 3937 3459 ipse
3966 3398 3978 3440 :

2408 3514 2436 3545 α
2472 3492 2591 3550 Per
2623 3490 2811 3561 idem,
2848 3512 2874 3543 »
2906 3487 3131 3566 inquit,
3169 3510 3195 3540 ‹‹
3228 3494 3478 3563 tempus
3514 3492 3717 3562 patres
3760 3498 3980 3542 mona-

2405 3589 2670 3651 chorum
2701 3589 2858 3649 vitae
2896 3595 2957 3649 et
2992 3587 3375 3665 antiquitatis
3412 3585 3633 3646 merito
3680 3580 3985 3643 Macarius

2409 3696 2469 3749 et
2490 3688 2763 3748 Isidorus
2780 3687 3064 3765 aliusque
3085 3687 3385 3747 Macarius
3406 3691 3593 3763 atque
3624 3678 3985 3742 Heraclides

2410 3797 2470 3850 et
2503 3789 2791 3861 Pambus,
2825 3787 3074 3847 Antonii
3121 3784 3435 3864 discipuli,
3474 3800 3588 3862 per
3631 3785 3983 3859 Aegyptum

2410 3897 2472 3951 et
2502 3890 2771 3949 maxime
2814 3888 2879 3948 in
2926 3886 3154 3947 Nitriae
3193 3886 3423 3946 deserti
3464 3883 3743 3963 partibus
3786 3880 3985 3941 habe-

2411 3993 2636 4052 bantur
2676 3989 2810 4059 viri,
2853 3987 2961 4066 qui
3011 3986 3397 4048 consortium
3436 3986 3595 4044 vitae
3635 3989 3696 4044 et
3735 3988 3988 4043 actuum

2406 4113 2535 4157 non
2559 4112 2702 4156 cum
2727 4093 2951 4154 ceteris
2975 4090 3365 4161 mortalibus,
3389 4088 3499 4148 sed
3525 4104 3669 4148 cum
3697 4085 3989 4164 supernis

2406 4196 2643 4273 angelis
2695 4193 2927 4254 habere
2981 4189 3430 4261 credebantur;
3482 4206 3636 4266 quae
3689 4203 3990 4264 praesens

2411 4296 2545 4355 vidi
2595 4294 2837 4373 loquor,
2868 4301 2925 4352 et
2978 4308 3189 4351 eorum
3236 4296 3410 4367 gesta
3459 4287 3693 4364 refero,
3725 4301 3989 4365 quorum

2410 4568 2599 4614 taceus
2628 4566 2712 4613 est
2744 4556 2881 4613 Cod.
2916 4572 3021 4612 ms.
3058 4556 3187 4611 hist.
3221 4572 3403 4625 graec.
3429 4554 3495 4608 N.
3525 4555 3579 4616 9,
3608 4556 3736 4607 olim
3767 4553 3856 4620 42,
3889 4568 3989 4607 an—

2409 4652 2615 4719 tiquus,
2660 4651 2754 4702 l'ol.
2790 4651 3014 4709 maiore,
3056 4664 3166 4717 quo
3217 4648 3479 4703 Lausiaca
3524 4649 3841 4701 continetur
3890 4647 3987 4699 fol.

2410 4742 2603 4796 165-
2625 4742 2750 4797 250.
2783 4740 2867 4794 Cf.
2901 4740 3231 4795 Commentt.
3267 4741 3542 4794 Lambecii
3578 4738 3806 4793 Vindob.
3852 4738 3991 4792 1782

2410 4834 2473 4888 Τ.
2522 4832 2637 4886 Vlll
2681 4849 2737 4904 p.
2775 4832 2899 4887 665.
2945 4832 3084 4896 810;
3135 4831 3203 4886 de
3249 4830 3441 4887 Nessel
3482 4831 3654 4886 Catal.
3708 4830 3765 4885 P.
3812 4830 3877 4885 ν.
3932 4847 3987 4901 p.

2411 4927 2533 4980 145.
2562 4926 2651 4979 51.

2481 5019 2557 5087 (4)
2598 5016 3014 5085 Ordinem,quo
3044 5030 3135 5069 res
3181 5014 3237 5069 in
3280 5022 3433 5068 textu
3479 5014 3729 5067 codicum
3781 5011 3983 5067 Vindo-

2412 5109 2731 5163 bonensium
2774 5120 3083 5168 narrantur,
3116 5107 3249 5175 legis
3289 5106 3342 5159 in
3385 5106 3623 5159 Palladii
3657 5104 3991 5172 Helenopoli-

2414 5201 2526 5253 tani
2551 5199 2777 5266 episcopi
2812 5197 3054 5251 Historia
3080 5196 3347 5249 Lausiaca
3380 5197 3448 5248 ad
3486 5197 3679 5249 codicis
3722 5195 3990 5247 Vindobo-

2413 5292 2586 5345 nensis
2634 5290 2789 5357 ﬁdem
2836 5290 3053 5342 breviter
3096 5289 3391 5352 delineata,
3432 5288 3571 5341 infra
3601 5288 3727 5342 huic
3766 5294 3990 5341 nostrae

2412 5383 2637 5436 editioni
2680 5380 2950 5435 Historiae
2990 5379 3287 5434 Lausiacae
3319 5380 3649 5449 praeposita.

2484 5474 2561 5541 (5)
2604 5472 2675 5525 De
2707 5472 2809 5524 hac
2841 5487 2899 5525 re
2930 5472 3070 5523 infra
3103 5470 3434 5525 videbimus.

2486 5564 2561 5632 (6)
2602 5562 2740 5632 Opp.
2780 5564 2979 5616 Meurs.
3015 5562 3052 5613 l.
3086 5561 3120 5613 ι.
3156 5576 3208 5629 p.
3244 5563 3371 5614 555.

2491 5655 2565 5721 (7)
2606 5655 2741 5709 Ibid.
2780 5670 2835 5721 p.
2864 5653 2987 5707 537.

2488 5750 2564 5813 (8)
2606 5746 2717 5798 VV.
2753 5746 2855 5799 PP.
2891 5746 3068 5800 Rosw.
3105 5762 3157 5815 p.
3193 5742 3458 5800 148—485.
