4266 6360
252 381 319 438 1⁸1
1764 381 1900 437 VlTl

1780 383 1997 437 VITAE.
3427 382 3494 440 18

238 500 303 557 in
355 494 754 574 passionibus
806 496 1010 556 socius
1064 514 1188 556 esse
1242 498 1564 573 promerui
1616 495 1723 576 (1).

236 596 500 657 Ruﬁnus
530 596 590 655 S.
624 594 957 657 Athanasio
1002 597 1336 675 superstite
1365 596 1429 656 in
1459 600 1811 674 Aegyptum

236 696 481 756 venisse
518 696 789 768 videtur;
821 696 1052 756 etenim
1090 697 1440 771 Melaniam,
1468 697 1645 758 cuius
1679 698 1811 757 Ru-

240 798 401 858 ﬁnus
455 796 520 856 in
581 795 804 857 itinere
861 813 1075 857 comes
1128 796 1267 871 fuit,
1326 798 1387 856 S.
1447 795 1814 858 Athanasius

243 896 429 957 ovina
463 894 646 975 pelle,
675 914 861 975 quam
890 897 1025 975 ipse
1046 913 1081 957 a
1108 896 1373 957 Macario
1393 896 1613 957 abbate
1643 894 1813 956 dono

247 1002 593 1076 acceperat,
643 995 893 1057 donavit
942 996 1044 1074 (2).
1099 1000 1299 1075 Atque
1365 997 1465 1066 17
1527 994 1813 1068 Melania,

247 1106 578 1177 postquam
604 1115 702 1158 res
730 1114 872 1158 suas
896 1097 1302 1158 Alexandriae
1322 1096 1620 1165 vendidit,
1643 1112 1819 1156 mon-

245 1207 373 1258 tem
429 1197 657 1257 Nitriae
711 1197 993 1274 ingressa
1048 1213 1192 1257 cum
1247 1196 1477 1258 sanctis
1539 1197 1818 1275 patribus

247 1296 571 1358 dimidium
592 1297 723 1357 fere
745 1314 979 1357 annum
998 1296 1375 1357 versabatur.
1399 1299 1565 1369 Quos
1592 1295 1820 1357 deinde

248 1414 283 1457 a
320 1396 638 1475 praefecto
679 1395 1084 1456 Alexandriae
1140 1394 1451 1472 relegatos
1493 1396 1558 1454 in
1602 1394 1817 1455 Palae-

248 1497 447 1556 stinae
515 1496 839 1573 regionem
904 1495 1069 1555 circa
1115 1494 1587 1556 Diocaesaream
1639 1494 1821 1555 sitam

249 1603 462 1657 secuta
524 1603 638 1668 est,
693 1595 949 1673 suisque
1010 1601 1072 1655 et
1130 1595 1358 1673 Opibus
1416 1602 1478 1655 et
1536 1594 1825 1657 manibus

249 1695 471 1757 sedulo
522 1695 756 1756 adiuvit
804 1694 908 1774 (3).
959 1695 1259 1755 Ruﬁnum
1302 1712 1451 1756 vero
1499 1713 1624 1756 una
1679 1713 1824 1757 cum

248 1796 514 1858 Melania
556 1798 622 1857 in
675 1796 1079 1857 Palaestinam
1117 1795 1441 1857 advenisse
1491 1797 1554 1856 S.
1598 1796 1823 1857 Hiero-
1857 1838 1900 1893 Β

251 1915 480 1975 nymus
515 1897 851 1970 audiverat,
883 1898 991 1977 qui
1029 1895 1343 1957 Florentio
1388 1895 1602 1957 scribit
1633 1911 1645 1953 :
1681 1918 1709 1950 ‹‹
1748 1896 1823 1955 Et

252 2000 401 2077 quia
430 1997 622 2058 frater
649 1997 932 2067 Ruﬁnus,
964 1997 1073 2077 qui
1119 2015 1263 2058 cum
1311 2002 1522 2057 sancta
1566 1994 1827 2056 Melania

250 2100 332 2159 ab
380 2103 663 2177 Aegypto
717 2096 1216 2175 Hierosolymam
1258 2097 1503 2157 venisse
1548 2102 1830 2177 narratur

315 2246 328 2258 .
367 2247 379 2258 .
416 2173 526 2279 (4).
546 2173 574 2254 »ἶ
598 2196 939 2277 Epistolam
962 2173 1166 2257 eidem
1187 2195 1416 2259 Ruﬁno
1448 2173 1829 2256 reddendam

253 2300 320 2359 S.
350 2299 773 2377 Hieronymus
801 2296 995 2357 literis
1016 2296 1092 2357 ad
1109 2295 1492 2358 Florentium
1519 2294 1828 2367 iunxerat,

252 2399 322 2459 in
363 2416 486 2479 qua
529 2398 834 2476 legimus:
870 2421 898 2453 ‹‹
932 2396 1133 2458 Audio
1176 2404 1237 2458 te
1285 2395 1548 2475 Aegypti
1595 2399 1833 2456 secreta

258 2506 613 2580 penetrare,
658 2497 1113 2560 monachorum
1169 2496 1439 2557 invisere
1491 2495 1741 2568 choros,
1773 2500 1834 2554 et

258 2602 592 2664 caelestem
620 2601 687 2661 in
714 2608 877 2662 terra
899 2598 1226 2662 circumire
1246 2596 1571 2669 familiam;
1602 2620 1629 2651 ››
1661 2603 1830 2656 tum:

262 2726 292 2757 α
328 2702 623 2763 Ruﬁnum
672 2701 839 2762 enim
878 2700 1109 2761 Nitriae
1159 2715 1295 2759 esse
1320 2745 1335 2772 ,
1366 2703 1427 2759 et
1466 2696 1545 2759 ad
1583 2696 1835 2757 beatum

260 2802 615 2881 perrexisse
657 2799 1016 2874 Macarium,
1069 2798 1287 2861 crebra
1350 2796 1837 2859 commeantium

337 3011 413 3082 (l)
453 3009 595 3065 Hist.
624 3009 769 3064 Eccl.
808 3009 903 3062 lib.
933 3006 976 3060 ll
1003 3024 1122 3077 cap.
1156 3010 1190 3062 4
1222 3008 1410 3061 Auctt.
1450 3003 1595 3059 Hist.
1627 3003 1836 3057 Eccles.

266 3104 437 3159 Basil.
460 3104 598 3157 1544
638 3120 690 3173 p.
711 3102 839 3167 242,
870 3100 1054 3155 Ruﬁni
1084 3099 1223 3170 Opp.
1244 3100 1331 3154 ed.
1365 3096 1599 3152 Vallarsi
1628 3112 1683 3163 p.
1712 3095 1837 3159 271,

268 3196 446 3267 Migue
472 3195 678 3249 Patrol.
706 3193 768 3248 Τ.
795 3193 916 3247 XXI
951 3210 1003 3264 p.
1040 3194 1165 3247 511.

338 3289 414 3360 (2)
456 3286 661 3343 Textus
720 3284 941 3340 Meursii
991 3300 1059 3339 eo
1113 3284 1253 3348 loco,
1288 3297 1398 3353 quo
1439 3280 1507 3337 de
1553 3281 1656 3337 hac
1699 3267 1837 3351 pelle

266 3389 543 3443 narratur,
584 3387 878 3447 corruptus
926 3386 1025 3431 est.
1070 3375 1292 3445 Legitur
1339 3375 1483 3429 enim
1520 3393 1533 3428 :
1573 3392 1591 3425 ‹
1630 3372 1838 3428 Κώδιον

270 3472 541 3545 προϐάτου
590 3470 822 3541 μεγάλου
861 3470 1088 3539 ήνεγκεν
1119 3466 1189 3539 [ἡ
1215 3465 1411 3537 ὓαινα]
1452 3465 1529 3535 τῷ
1562 3465 1702 3535 ἁγίῳ
1747 3464 1840 3517 καὶ

271 3563 521 3635 μακαρίῳ
551 3561 841 3630 Μακαρίῳ,
862 3561 999 3630 ὅπερ
1039 3558 1232 3611 κώδιον
1260 3552 1415 3621 οὗτος
1436 3559 1463 3610 ό
1482 3556 1575 3610 τοῦ
1602 3556 1838 3627 Χριστοῦ

264 3654 450 3716 δοῦλος
478 3651 865 3705 καταλέλοιπεν
895 3648 971 3719 τῷ
1004 3648 1144 3718 ἁγίῳ
1180 3649 1274 3701 καὶ
1319 3649 1572 3719 μακαρίῳ
1618 3647 1842 3700 Ἀθανα-

268 3748 371 3817 σίῳ
418 3744 496 3814 τῷ
550 3743 790 3814 μεγάλῳ,
832 3743 906 3804 ὡς
941 3741 997 3793 δὲ
1033 3740 1127 3793 καὶ
1152 3741 1202 3810 ,ἠ
1252 3740 1495 3810 μακαρία
1540 3739 1700 3811 δούλη
1745 3739 1840 3791 τοῦ

268 3836 506 3908 Χριστοῦ
535 3835 754 3903 Μελάνη
783 3849 872 3903 μοι
900 3827 1073 3895 εἶπεν,
1092 3831 1172 3883 ὅτι
1210 3830 1370 3896 παρὰ
1399 3830 1508 3884 τοῦ
1538 3832 1711 3901 ἁγίου
1743 3831 1840 3882 καὶ

269 3928 609 3997 θαυμασίου
637 3924 854 3993 ἀνδρὸς
872 3922 1178 3990 Maxaplov
1209 3921 1318 3989 ἐγὼ
1348 3921 1537 3974 ἔλαϐον
1564 3922 1625 3974 τὸ
1652 3921 1842 3974 κώδιον

270 4023 447 4074 ὲκεῖνο
496 4035 549 4072 κ.
596 4034 646 4071 τ.
700 4016 751 4070 λ.
798 4014 960 4085 (Hist.
1011 4014 1179 4069 Laus.
1226 4014 1317 4068 ed.
1362 4013 1562 4069 Meurs.
1607 4028 1727 4083 cap.
1772 4012 1837 4066 21

272 4128 328 4180 p.
364 4108 514 4177 410.)
551 4107 654 4163 Ubi
701 4108 821 4162 sine
865 4106 1031 4160 dubio
1074 4106 1359 4175 legendum
1408 4112 1532 4159 est:
1566 4104 1719 4174 παρὰ
1749 4106 1844 4161 τοῦ

273 4204 430 4272 ἁγίου
461 4204 556 4256 καὶ
592 4199 895 4271 θαυμασίου
925 4199 1116 4270 ἀνδρὸς
1144 4199 1441 4267 μακαρίου
1484 4199 1844 4254 ’Δθανασίυυ

273 4316 332 4351 κ.
355 4315 406 4349 τ.
437 4297 494 4348 λ.
514 4294 747 4350 Codices
769 4292 1226 4348 Vindobonenses
1255 4291 1524 4346 Historiae
1546 4291 1845 4346 Lausiacae

273 4396 429 4442 recte
480 4385 729 4441 scribunt
761 4400 775 4437 :
806 4384 942 4453 ὅπερ
994 4380 1187 4435 κώδιον
1239 4382 1402 4444 αὐτὸς
1461 4380 1720 4433 κατέλιπε
1767 4380 1845 4450 τῷ

276 4482 420 4550 ἁγίῳ
479 4477 782 4547 Ἀθανασίῳ
822 4474 900 4545 τῷ
947 4474 1250 4544 ὲπισκόπῳ.
1280 4474 1388 4527 Καὶ
1433 4476 1466 4543 ἡ
1516 4473 1757 4543 μακαρία
1789 4472 1845 4525 δὲ

279 4569 501 4637 Μελάνη
537 4561 658 4619 είπέ
696 4582 786 4635 μοι
807 4578 822 4595 ⁸
846 4566 927 4617 ὅτι
956 4563 1109 4633 παρὰ
1138 4562 1245 4616 τοῦ
1274 4563 1446 4630 ἁγίου
1488 4563 1845 4619 Ἀθανασίου

281 4664 458 4715 ἐκεῖνο
477 4660 538 4712 τὸ
565 4658 756 4712 κώδιον
776 4656 988 4720 ἔλαϐον,
1022 4655 1193 4722 ξένιον
1213 4656 1310 4724 τῆς
1331 4655 1520 4725 ὑαίνης
1540 4655 1847 4725 λεγόμενον.

279 4756 458 4808 Aliter
487 4752 715 4806 omnino
739 4750 807 4805 de
843 4750 1001 4819 pellis
1040 4749 1338 4803 donatione
1367 4749 1537 4803 refert
1579 4748 1853 4819 fragmen-

278 4858 420 4912 tum,
454 4845 599 4914 quod
640 4852 820 4900 exstat
848 4845 902 4896 in
938 4842 1128 4897 codice
1158 4857 1262 4895 ms.
1300 4840 1465 4894 theol.
1497 4856 1678 4911 graec.
1711 4839 1850 4894 Bibl.

279 4939 441 4993 Caes.
468 4936 704 4991 Vindob.
726 4934 856 4989 Nro.
879 4935 1005 4998 274,
1028 4935 1157 4989 olim
1180 4933 1309 4995 258,
1334 4934 1512 4987 chart.
1532 4932 1623 4986 fol.
1642 4934 1768 4997 247,
1793 4934 1849 4995 2,

283 5031 338 5083 in
384 5029 577 5082 harum
616 5026 1005 5096 quaestionum
1050 5024 1364 5095 Appendice
1422 5025 1603 5094 priore
1643 5026 1744 5079 sub
1791 5024 1854 5079 IV

283 5122 429 5190 typis
466 5134 751 5177 excusum.
783 5117 870 5171 ubi
921 5116 1154 5186 legimus
1182 5136 1194 5171 :
1230 5115 1458 5180 Κώδιον,
1482 5118 1618 5188 ὅπερ
1646 5120 1672 5169 ὁ
1702 5117 1856 5185 ἅγιος

281 5216 512 5285 Μάρκος
546 5210 903 5265 καταλέλοιπε
929 5208 1006 5278 τῷ
1041 5209 1178 5280 ἁγίῳ
1208 5210 1478 5279 Μακαρίῳ
1505 5208 1582 5278 τῷ
1615 5210 1853 5279 μεγάλῳ,

281 5306 377 5360 και
408 5298 563 5368 οὗτος
588 5306 653 5373 τῇ
684 5301 926 5372 μακαρίᾳ
950 5300 1166 5371 Μελάνῃ
1207 5301 1416 5371 ἀφῆκεν
1457 5300 1518 5352 τὸ
1553 5299 1725 5366 ξένιον
1760 5302 1857 5369 τῆς

283 5398 476 5468 ὑαίνης
519 5396 926 5465 ἐπιλεγόμενον.
971 5394 1074 5448 Sed
1111 5394 1213 5447 hoc
1253 5392 1613 5462 fragmentum
1653 5394 1855 5447 recenti

283 5506 451 5545 manu
493 5488 827 5558 negligenter
869 5485 1131 5554 scriptum
1172 5499 1283 5537 non
1325 5492 1504 5553 potest
1545 5485 1857 5539 auctoritati

283 5582 538 5636 codicum
561 5581 773 5633 illorum
799 5576 1075 5631 Historiae
1102 5574 1400 5629 Lausiacae
1421 5576 1645 5644 opponi.
1672 5575 1859 5643 Neque

284 5689 417 5728 vero
449 5652 686 5733 Marcus,
718 5669 813 5723 sed
854 5668 1125 5721 Macarius
1151 5666 1575 5730 Alexandrinus,
1605 5668 1796 5735 pellem
1829 5682 1860 5721 a

291 5768 479 5819 leaena
502 5762 734 5832 accepit,
755 5776 918 5830 quam
941 5758 1239 5813 Athanasio
1263 5758 1501 5827 reliquit.
1517 5758 1697 5811 Ruﬁn.
1716 5757 1855 5815 Hist.

290 5857 441 5912 Eccl.
470 5856 567 5911 lib.
598 5855 640 5909 Il
672 5869 794 5922 cap.
822 5853 855 5907 4
892 5853 929 5907 1.
961 5852 996 5906 Ι.
1033 5851 1104 5906 De
1140 5848 1538 5919 permutatione
1578 5849 1858 5903 nominum

1780 518 1807 552 »
1840 504 1885 558 A
1913 498 2243 559 multitudo
2268 497 2575 559 referebat
2602 496 2756 577 (5).»
2782 499 2909 570 Qua
2931 497 2995 557 in
3018 496 3280 576 epistola
3301 516 3496 577 quum

1913 618 2095 661 senes
2130 599 2393 677 Aegypti
2427 621 2453 651 ‹‹
2486 598 2882 659 confessores
2928 605 2991 659 et
3030 596 3345 659 voluntate
3376 600 3497 659 iam

1914 710 2217 780 martyres
2260 724 2287 755 n
2338 701 2642 771 nominet,
2678 706 2928 777 tempus
2970 699 3148 759 istius
3196 716 3498 778 persecu-

1914 800 2121 872 tionis,
2152 816 2340 878 quam
2391 800 2616 860 Lucius
2668 798 2960 875 agitabat,
2992 804 3207 876 aperte
3257 799 3498 876 signiti-

1915 910 2089 964 catur
2122 902 2227 982 (6).
2264 902 2373 963 Ille
2414 902 2668 980 quidem
2718 902 2995 973 nuntius,
3022 902 3316 961 Ruﬁnum
3359 919 3505 962 cum

1915 1003 2176 1063 Melania
2212 1002 2647 1081 Hierosolyma
2677 1001 3028 1073 advenisse,
3048 1018 3241 1062 vanus
3263 1001 3498 1074 fuerat;

1918 1122 2062 1165 nam
2095 1105 2358 1165 Ruﬁnus
2388 1104 2671 1166 nondum
2712 1120 2788 1165 eo
2832 1109 3085 1163 venerat
3127 1102 3205 1179 (7)
3240 1120 3252 1161 :
3283 1102 3507 1180 probat

1917 1211 2127 1265 tamen
2149 1204 2300 1266 haec
2318 1204 2509 1265 altera
2529 1203 2812 1281 epistola,
2830 1202 3128 1262 Ruﬁnum
3151 1207 3297 1262 tunc
3323 1218 3506 1262 senes

1920 1306 2183 1385 Aegypti
2229 1306 2334 1374 18
2376 1305 2682 1365 invisisse.
2715 1308 2929 1381 Atque
2957 1294 3075 1362 hic
3102 1303 3236 1379 ipse
3278 1302 3356 1362 de
3398 1303 3505 1361 Ni-

1920 1408 2035 1467 tria
2068 1414 2129 1467 et
2163 1406 2241 1467 de
2284 1406 2548 1466 Macario
2595 1422 2630 1465 a
2677 1420 2746 1463 se
2792 1402 3050 1463 visitatis
3092 1402 3157 1461 in
3206 1402 3507 1479 Apologia

1925 1509 2285 1585 [Invectiva]
2317 1509 2372 1568 II
2398 1525 2409 1567 :
2445 1530 2472 1562 «
2510 1508 2663 1583 Ego,
2690 1528 2717 1559 »
2746 1504 2971 1581 inquit,
2998 1527 3025 1556 α
3055 1502 3163 1579 qui
3192 1518 3301 1561 sex
3328 1501 3509 1561 annis

1925 1611 2033 1672 Dei
2078 1628 2264 1673 causa
2317 1615 2740 1670 commoratus
2788 1624 2950 1677 sum,
2989 1611 3051 1665 et
3092 1606 3319 1664 iterum
3370 1611 3512 1681 post

1924 1709 2317 1771 intervallum
2349 1706 2605 1785 aliquod
2643 1706 2779 1767 aliis
2822 1705 3069 1766 duobus
3101 1703 3233 1777 (Ed.
3270 1704 3507 1762 Bened.

1927 1816 2069 1888 post
2097 1808 2492 1871 intervallum
2526 1807 2762 1885 aliquot
2794 1805 2937 1864 aliis
2970 1803 3233 1878 diebus],
3265 1805 3375 1863 ubi
3419 1804 3516 1862 Di-

1930 1907 2174 1986 dymus.
2196 1957 2209 1968 .
2231 1956 2243 1968 .
2263 1956 2277 1981 ,
2295 1914 2354 1968 et
2371 1914 2438 1967 ut
2453 1906 2528 1967 ad
2552 1905 3083 1982 eremimagistros
3097 1904 3364 1973 veniam,
3381 1903 3518 1981 qui-

1929 2015 2045 2075 bus
2076 2018 2137 2072 et
2166 2010 2459 2071 attentius
2487 2015 2547 2068 et
2578 2006 2969 2085 frequentius
2998 2003 3391 2072 vacabamus,
3411 2002 3519 2062 ubi

1928 2113 2228 2174 Macarius
2258 2109 2509 2170 Antonii
2536 2106 2904 2186 discipulus,
2924 2112 2985 2165 et
3006 2105 3163 2165 alter
3189 2104 3513 2174 Macarius,

1932 2220 1992 2275 et
2016 2212 2312 2285 Isidorus,
2336 2218 2397 2271 et
2425 2208 2766 2270 Pambus...
2792 2206 2897 2285 (8).
2924 2230 2950 2260 »
2977 2207 3098 2267 Sex
3128 2204 3417 2275 istianni,
3439 2203 3517 2264 de

1932 2314 2161 2393 quibus
2196 2312 2497 2391 loquitur,
2532 2311 2685 2388 quin
2729 2309 3169 2386 migrationem
3213 2305 3412 2385 ipsius
3442 2322 3519 2365 ex

1931 2414 2214 2487 Aegypto
2234 2408 2297 2467 in
2320 2406 2732 2467 Palaestinam
2760 2405 3230 2477 antecesserint,
3256 2402 3520 2464 dubium

1935 2527 2071 2571 esse
2128 2509 2372 2586 nequit.
2422 2509 2582 2567 Istos
2633 2521 2891 2585 quoque
2946 2505 3107 2565 duos
3162 2521 3364 2566 annos
3403 2503 3522 2578 [vel

1934 2610 2171 2691 aliquot
2202 2611 2379 2685 dies],
2404 2608 2549 2687 quia
2571 2606 2881 2668 Palladius
2894 2608 3214 2677 Ruﬁnum,
3239 2611 3522 2684 Aegypto

1935 2711 2172 2784 relicta,
2195 2710 2655 2789 Hierosolymis
2680 2727 2801 2770 una
2825 2726 2967 2770 cum
2994 2708 3258 2769 Melania
3280 2706 3523 2783 degisse

1937 2819 2143 2874 narrat
2184 2811 2288 2893 (9),
2318 2813 2385 2873 in
2424 2810 2680 2873 alteram
2719 2818 2824 2887 19
2868 2810 3177 2886 [brevem]
3207 2807 3523 2886 quandam

1938 3017 2163 3088 Μάρκος
2192 3023 2243 3071 et
2268 3015 2559 3085 Μακάριος
2583 3015 2657 3069 cf.
2688 3015 2831 3069 infra
2864 3016 3037 3084 Caput
3069 3013 3155 3068 Ill.

2010 3109 2087 3179 (5)
2129 3108 2264 3162 Hist.
2301 3107 2467 3163 Laus.
2500 3108 2586 3162 ed.
2621 3107 2827 3163 Meurs.
2859 3124 2983 3177 cap.
3022 3107 3122 3162 117
3152 3104 3290 3177 Opp.
3320 3104 3519 3160 Meurs.

1942 3202 1982 3255 ι.
2015 3202 2050 3256 l.
2080 3218 2131 3271 p.
2165 3200 2291 3255 594.

2014 3294 2090 3363 (4)
2132 3293 2229 3362 Ep.
2256 3294 2311 3355 4,
2339 3292 2395 3346 S.
2427 3292 2652 3347 Hieron.
2675 3292 2816 3363 Opp.
2840 3290 2929 3347 ed.
2957 3291 3135 3363 Migne
3160 3289 3228 3345 Τ.
3252 3291 3265 3342 Ι
3294 3289 3524 3362 [Ρ.ιιι’‹›1.

1940 3383 2003 3438 Τ.
2036 3383 2205 3455 xxu]
2238 3400 2287 3453 p.
2324 3381 2451 3437 556.

2011 3477 2087 3546 (5)
2128 3476 2225 3529 Ed.
2264 3477 2318 3539 5,
2350 3476 2480 3529 ibid.
2515 3491 2568 3542 p.
2602 3474 2727 3528 559..
2769 3474 2894 3527 555.

2009 3568 2085 3634 (6)
2130 3566 2190 3621 8.
2246 3567 2467 3621 Hieron.
2514 3565 2651 3635 Opp.
2708 3567 2798 3622 ed.
2848 3565 3028 3637 Migne
3073 3564 3137 3620 Τ.
3188 3567 3211 3620 1
3269 3563 3524 3636 [Patrol.

1942 3656 2005 3710 Τ.
2043 3656 2211 3727 xxu]
2245 3656 2423 3710 Praef.
2457 3672 2509 3726 p.
2544 3655 2728 3709 XLIX.

2012 3749 2087 3819 (7)
2138 3768 2155 3799 ί
2191 3746 2420 3801 Ruﬁnus
2463 3756 2640 3801 autem
2676 3747 2865 3810 frater,
2900 3757 2960 3801 ut
3002 3748 3200 3803 scribis
3233 3790 3246 3812 ,
3285 3747 3526 3801 necdum

1944 3842 2113 3895 venit.
2156 3860 2172 3891 ι
2225 3838 2282 3893 S.
2338 3839 2561 3894 Hieron.
2613 3855 2732 3909 cap.
2780 3840 2811 3893 5
2857 3838 2925 3892 ad
2975 3837 3338 3901 Florentium,
3392 3838 3527 3892 ibid.

1944 3947 1997 4000 p.
2031 3931 2157 3985 556.

2015 4023 2093 4093 (8)
2136 4022 2315 4076 Ruﬁni
2357 4022 2617 4092 Apologia
2640 4020 2962 4094 [lnvectiva]
2985 4023 3038 4075 in
3061 4023 3117 4074 S.
3139 4022 3529 4090 Hieronymum

1944 4112 2040 4166 lib.
2074 4111 2117 4165 ll
2142 4128 2264 4181 cap.
2307 4110 2373 4164 12
2410 4110 2551 4179 Opp.
2578 4110 2667 4164 ed.
2702 4109 2937 4164 Vallarsi
2967 4126 3019 4179 p.
3052 4110 3152 4164 567
3210 4125 3335 4163 ουιιι
3369 4120 3494 4162 nota
3519 4152 3531 4171 ,

1945 4204 2123 4274 Migne
2157 4202 2363 4255 Patrol.
2394 4200 2457 4254 T.
2492 4199 2614 4253 XXI
2648 4218 2699 4271 p.
2736 4202 2869 4266 59‘;
2914 4199 2970 4255 S.
3011 4201 3237 4257 Hieron.
3268 4199 3406 4270 Opp.
3441 4200 3526 4255 ed.

1942 4294 2145 4349 Bened.
2179 4291 2243 4345 Τ.
2279 4290 2346 4344 ιν
2376 4291 2438 4346 P.
2470 4289 2535 4346 ll.
2567 4307 2620 4360 p.
2648 4290 2774 4343 424.

2016 4385 2091 4454 (9)
2129 4383 2268 4439 Hist.
2299 4381 2468 4437 Laus.
2516 4384 2604 4437 ed.
2650 4381 2856 4435 Meurs.
2881 4395 3002 4449 cap.
3032 4380 3130 4434 119
3162 4378 3299 4449 Opp.
3330 4378 3530 4432 Meurs.

1945 4474 1985 4534 l.
2018 4480 2055 4533 l.
2088 4496 2143 4550 p.
2184 4477 2309 4533 596.
2357 4476 2636 4531 Palladius
2676 4475 2926 4537 tradidit,
2969 4472 3222 4540 Ruﬁnum
3276 4469 3533 4523 Hieroso-

1952 4573 2103 4643 lymis
2132 4572 2317 4641 viginti
2343 4580 2537 4639 septem
2565 4585 2732 4621 annos
2758 4583 2866 4619 una
2892 4583 3011 4619 cum
3037 4564 3274 4617 Melania
3301 4562 3532 4628 hospites

1952 4663 2178 4730 undique
2227 4661 2565 4713 adventantes
2620 4658 2906 4723 excepisse.
2940 4654 3095 4720 Quod
3138 4668 3247 4707 non
3301 4652 3529 4705 omnino

1952 4768 2141 4807 verum
2175 4767 2297 4806 esse
2324 4759 2520 4820 potest.
2557 4747 2693 4801 Nam
2736 4746 2969 4801 Rufinus
3016 4746 3123 4797 iam
3172 4743 3312 4797 duos
3357 4757 3535 4796 annos

1953 4844 2258 4913 Aquileiam
2314 4855 2569 4897 reversus
2622 4839 2919 4892 Anastasio
2982 4835 3164 4906 Papae
3222 4849 3367 4887 anno
3424 4834 3526 4886 501

1956 4937 2197 5005 scripsit,
2230 4952 2284 4989 se
2310 4946 2425 5003 post
2460 4934 2676 4999 triginta
2707 4932 2814 5001 fere
2853 4948 3022 4983 annos
3064 4927 3369 4998 parentibus
3411 4933 3530 4979 red-

1954 5029 2121 5081 ditum
2151 5044 2283 5081 esse.
2314 5025 2498 5079 Ruﬁni
2536 5023 2799 5094 Apologia
2832 5022 2899 5076 ad
2932 5020 3286 5075 Anastasium
3320 5033 3441 5084 cap.
3477 5018 3529 5080 1,

1956 5120 2095 5190 Opp.
2134 5120 2219 5175 ed.
2266 5117 2499 5174 Vallarsi
2545 5134 2598 5188 ρ.
2639 5116 2777 5181 405,
2828 5115 3004 5183 Migne
3046 5111 3250 5166 Patrol.
3297 5108 3361 5166 T.
3408 5107 3531 5167 XX,

1956 5228 2009 5281 p.
2041 5211 2164 5266 625,
2203 5210 2259 5264 8.
2305 5208 2529 5263 Hieron.
2579 5208 2735 5277 Apol.
2784 5206 2847 5267 ll,
2895 5205 2952 5261 S.
3003 5204 3223 5257 Hieron.
3269 5200 3403 5271 Opp.
3438 5203 3526 5257 ed.

1958 5301 2157 5355 Bened.
2192 5299 2254 5352 T.
2288 5298 2355 5352 IV
2389 5316 2441 5369 p.
2477 5296 2599 5351 589.
2633 5297 2779 5350 ldom
2820 5295 2931 5349 fere
2970 5292 3202 5345 Ruﬁnus
3238 5293 3439 5360 passim
3473 5293 3531 5345 in

1958 5392 2233 5461 Apologiis
2282 5387 2617 5461 [Invectivis]
2662 5388 2720 5440 in
2773 5386 2833 5439 S.
2893 5384 3281 5453 Hieronymum
3338 5381 3525 5435 tradit.

1960 5484 2141 5537 Ruﬁni
2173 5483 2329 5550 Apol.
2369 5479 2686 5553 [lnvectiva]
2728 5480 2823 5532 lib.
2872 5477 2913 5531 ll
2960 5493 3081 5546 cap.
3116 5474 3206 5539 22,
3256 5472 3395 5543 Opp.
3437 5474 3527 5528 ed.

1960 5575 2187 5629 Vallarsi
2224 5592 2277 5643 p.
2314 5575 2447 5635 551,
2475 5573 2649 5641 Migne
2690 5572 2724 5624 ι.
2766 5572 2802 5621 1.
2851 5586 2901 5635 p.
2936 5569 3072 5634 560;
3114 5565 3171 5620 S.
3212 5565 3529 5635 Hieronymi

1961 5667 2098 5737 Opp.
2131 5666 2220 5721 ed.
2260 5664 2458 5719 Bened.
2492 5663 2557 5719 T.
2584 5662 2649 5715 IV
2684 5678 2735 5731 p.
2769 5662 2895 5716 576.
2931 5659 3073 5729 Ergo
3124 5658 3404 5721 Ruﬁnum,
3434 5656 3528 5725 qui

1963 5763 2016 5814 in
2048 5761 2289 5829 Aegypto
2318 5773 2413 5826 per
2442 5754 2763 5810 sexennium
2796 5753 2963 5818 degit,
2988 5752 3110 5821 plus
3133 5764 3309 5803 annos
3338 5747 3529 5816 viginti

1966 5854 2105 5908 duos
2142 5850 2529 5911 Hierosolymis
2568 5848 2789 5912 vixisse,
2821 5845 2985 5902 statui
3022 5842 3230 5912 nequit.
3273 5843 3342 5897 At
3374 5854 3532 5896 error
