4266 6360
733 343 800 396 19

1547 339 1646 394 SS.
1690 337 2147 395 MACARIORUM
2187 336 2505 394 AEGYPTII
2545 339 2631 393 ET
2669 336 3137 393 ALEXANDRINI

3903 339 3974 390 ‘20

730 451 1287 513 commorationem
1317 451 1539 512 cadere
1569 452 1932 525 credideris,
1956 469 2140 531 quam
2175 453 2305 512 Ru-
2340 461 2379 511 A
2412 452 2744 531 principio,
2793 470 2981 530 quem
3043 459 3103 510 et
3150 448 3524 511 catholicum
3588 453 3650 509 et
3694 455 3972 508 sanctum

730 555 891 611 tinus
922 551 1324 612 Alexandriae
1358 551 1596 626 fecerit,
1639 559 1970 630 antequam
2004 552 2065 612 in
2097 552 2303 613 Palae-

731 653 953 712 stinam
994 653 1209 713 abiret.
1251 655 1426 714 Certe
1472 654 1537 713 hi
1567 654 1692 714 duo
1729 653 1875 714 anni
1914 653 2029 729 (vel
2065 652 2301 730 aliquot

733 754 884 827 dies]
922 771 1152 813 annuat
1185 752 1320 824 385,
1360 771 1486 832 quo
1529 754 1917 832 Theophilus
1964 755 2300 833 episc0pus

731 850 1137 912 Alexandriae
1175 851 1374 912 factus
1417 859 1510 912 est
1559 850 1664 931 (1),
1714 853 2111 913 antecedunt.
2148 855 2299 914 Nam

733 952 792 1009 S.
828 951 1244 1028 Hieronymus
1285 953 1349 1012 in
1396 952 1696 1031 Apologia
1744 954 1970 1014 Ruﬁno
2004 971 2016 1010 :
2053 977 2078 1008 ‹‹
2115 955 2227 1027 Tu,
2270 978 2296 1008 υ

731 1052 955 1130 inquit,
979 1077 1005 1106 α
1033 1061 1363 1131 postquam
1389 1054 1487 1114 hic
1517 1054 1940 1133 [TheOphilus]
1966 1055 2300 1132 epiSCOpus

731 1152 932 1214 factus
973 1161 1085 1224 est,
1117 1154 1522 1214 Alexandriae
1559 1172 1686 1214 non
1731 1156 1896 1214 fuisti
1928 1153 2032 1232 (2).
2071 1178 2096 1208 ι›
2141 1156 2299 1217 Hinc

731 1252 919 1327 igitur
951 1255 1242 1312 Ruﬁnum
1273 1255 1365 1313 bis
1395 1261 1634 1312 tantum
1657 1253 2060 1313 Alexandriae
2084 1261 2142 1313 et
2168 1253 2300 1332 qui-

735 1353 874 1412 dem
909 1362 1052 1414 ante
1088 1371 1319 1415 annum
1351 1353 1462 1413 385
1495 1355 1710 1427 fuisse,
1748 1356 1894 1416 satis
1939 1355 2002 1415 in
2048 1361 2300 1434 promtu

734 1458 849 1512 est.

814 1575 1117 1643 Quorsum
1153 1573 1329 1647 haec,
1363 1591 1520 1652 quae
1567 1574 1642 1633 de
1688 1573 1914 1634 Ruﬁno
1962 1572 2301 1652 diSputavi-

734 1690 895 1744 mus,
930 1681 1234 1751 spectent,
1286 1675 1430 1747 iam,
1486 1692 1741 1752 quaeso,
1794 1675 2137 1753 perpende.
2186 1679 2302 1736 Le-

733 1772 935 1849 gimus
983 1775 1149 1833 enim
1187 1775 1353 1852 apud
1382 1777 1442 1835 S.
1498 1776 1950 1852 Hieronymum
1986 1794 1997 1834 :
2034 1800 2060 1830 ‹‹
2109 1776 2305 1835 Huius

737 1872 1018 1947 [Evagrii]
1049 1872 1239 1932 libros
1262 1891 1374 1950 per
1401 1874 1710 1933 Orientem
1742 1891 1996 1951 graecos
2018 1880 2079 1934 et
2106 1873 2302 1933 inter-

733 1979 1016 2049 pretante
1038 1973 1342 2050 discipulo
1372 1974 1504 2033 eius
1525 1974 1751 2033 Ruﬁno
1775 1973 1997 2033 latinos
2018 1972 2304 2051 plerique

732 2071 797 2130 in
858 2072 1187 2132 Occidente
1243 2073 1538 2133 lectitant.
1593 2074 1706 2144 Qui
1769 2072 1994 2133 librum
2051 2090 2304 2150 quoque

733 2173 978 2251 scripsit
1025 2175 1200 2251 quasi
1241 2175 1316 2234 de
1350 2173 1695 2245 monachis,
1729 2174 2083 2252 multosque
2122 2175 2185 2233 in
2227 2190 2302 2234 eo

734 2283 1076 2345 enumerat,
1099 2275 1205 2352 qui
1228 2292 1546 2353 nunquam
1568 2275 1839 2347 fuerunt,
1861 2280 1920 2334 et
1936 2291 2094 2352 quos
2115 2273 2303 2333 fuisse

733 2372 1053 2445 describit,
1085 2374 1482 2451 Origenistas,
1515 2382 1575 2434 et
1600 2374 1677 2434 ab
1709 2372 2022 2451 episcopis
2052 2371 2305 2432 damna-

730 2479 827 2532 tos
858 2490 992 2532 esse
1032 2491 1157 2533 non
1200 2475 1459 2534 dubium
1494 2481 1607 2546 est,
1654 2473 2051 2533 Ammonium
2082 2473 2300 2533 videli-

732 2579 849 2644 cet,
901 2579 962 2632 et
1010 2574 1367 2647 Eusebium,
1421 2579 1480 2635 et
1527 2573 1952 2652 Euthymium,
1998 2580 2058 2634 et
2094 2575 2301 2651 ipsum

730 2672 1077 2748 Evagrium,
1115 2674 1194 2733 Or
1224 2690 1478 2752 quoque
1509 2680 1569 2734 et
1610 2674 1936 2745 Isidorum,
1976 2680 2036 2733 et
2074 2672 2303 2732 multos

730 2771 909 2844 alios,
949 2791 1107 2851 quos
1158 2791 1523 2835 enumerare
1559 2774 1832 2834 taedium
1882 2780 1995 2846 est,
2031 2781 2090 2834 et
2137 2775 2304 2833 iuxta

732 2870 885 2931 illud
917 2874 1183 2933 Lucretii
1217 2876 1286 2950 (Ι,
1322 2873 1434 2933 935
1466 2874 1628 2953 sqq.)
1669 2892 1682 2933 :

769 2994 845 3045 Ac
875 2993 1046 3045 veluti
1077 2995 1258 3061 pueris
1287 2996 1557 3049 absinthia
1593 3005 1728 3048 tetra
1757 2995 2034 3048 medentes

763 3064 898 3134 (ium
939 3066 1067 3114 dare
1092 3074 1380 3125 conantur,
1415 3067 1566 3132 prius
1597 3081 1720 3134 oras
1750 3066 1940 3134 poeula
1969 3069 2177 3119 circum

768 3131 1104 3201 Contingunt
1137 3136 1280 3188 dulci
1315 3131 1488 3189 mellis
1520 3131 1764 3190 llavouue
1793 3136 2020 3204 liquore.

733 3247 821 3306 lta
870 3244 972 3307 ille
1018 3264 1215 3306 unum
1244 3249 1548 3308 Joannem
1591 3249 1655 3308 in
1699 3250 1896 3327 ipsrus
1923 3247 2064 3308 libri
2098 3248 2303 3327 posuit

2339 1822 2378 1874 B

2403 548 2593 610 fuisse
2626 568 2751 610 non
2785 549 3043 609 dubium
3081 554 3194 619 est,
3232 554 3298 606 ut
3336 562 3447 625 per
3488 544 3652 604 illius
3693 543 3973 604 occasio—

2404 666 2548 708 nem
2580 657 2844 721 ceteros,
2869 665 3026 726 quos
3058 653 3372 726 posuerat,
3400 643 3746 704 haereticos
3778 640 3968 701 eccle-

2403 749 2528 809 siae
2574 749 2999 809 introduceret
3048 747 3153 827 (3).
3191 770 3218 801 »
3255 746 3451 805 'Hisce
3500 746 3560 802 S.
3609 741 3974 819 Hieronymi

2402 850 2606 910 verbis
2648 849 2799 927 quin
2824 848 2976 910 liber
3003 847 3335 918 indicetur,
3374 861 3563 924 quem
3613 840 3974 902 Rosweidus

2405 972 2432 1003 ‹‹
2463 949 2808 1010 secundum
2837 947 3063 1008 librum
3094 947 3217 1004 VV.
3249 947 3404 1005 PP.»
3438 942 3753 1022 inscripsit
3785 939 3889 1021 (4),
3913 941 3975 1000 in

2403 1068 2530 1130 quo
2558 1052 2634 1112 de
2663 1053 2903 1111 Joanne
2936 1049 3138 1128 primo
3168 1047 3335 1120 loco,
3370 1044 3599 1106 deinde
3631 1044 3709 1105 de
3734 1047 3970 1103 Ammo-

2404 1150 2532 1222 nio,
2565 1150 2849 1228 Evagrio,
2898 1150 2998 1222 Or,
3031 1148 3294 1221 Isidoro,
3345 1148 3453 1215 20
3496 1145 3632 1206 aliis
3661 1142 3853 1204 multa
3891 1142 3970 1204 le-

2405 1256 2657 1324 guntur,
2704 1249 2968 1309 dubitari
3017 1249 3253 1326 nequit.
3298 1250 3538 1318 Fateor,
3587 1245 3666 1305 de
3710 1244 3978 1306 Eusebio
4086 1235 4088 1237 ’

2405 1350 2660 1427 quidem
2695 1357 2755 1409 et
2803 1348 2881 1409 de
2921 1348 3258 1426 Euthymio
3305 1347 3458 1407 nihil
3498 1346 3717 1406 haberi
3762 1345 3826 1404 in
3870 1343 3976 1405 illo

2406 1449 2870 1508 Rosweidianae
2915 1447 3303 1510 collectionis
3341 1447 3500 1508 libro
3552 1444 3830 1508 secundo
3875 1463 3887 1504 :
3923 1456 3988 1507 at

2407 1549 2467 1608 S.
2501 1549 2952 1627 Hieronymum
3006 1565 3077 1610 ea
3124 1548 3380 1608 nomina
3424 1565 3567 1609 cum
3618 1546 3876 1621 Eulogio
3923 1553 3986 1606 et

2408 1650 2695 1728 Didyme,
2723 1651 2830 1729 qui
2853 1651 2915 1709 in
2937 1649 3097 1709 libro
3119 1648 3412 1724 leguntur
3437 1646 3542 1726 (5),
3569 1645 3984 1712 confundere,

2408 1759 2512 1810 aut
2559 1750 3026 1827 corruptionem
3076 1749 3261 1823 longa
3311 1756 3665 1824 temporum
3714 1746 3873 1806 serie
3919 1746 3985 1803 in

2407 1853 2578 1929 ipsos
2614 1849 2861 1911 codices
2904 1857 3009 1910 aut
3052 1849 3195 1908 libri
3223 1854 3328 1908 aut
3356 1849 3416 1906 S.
3449 1847 3816 1923 Hieronymi
3844 1847 3976 1926 epi-

2407 1952 2599 2012 stolae
2631 1950 2977 2028 irrepsisse,
3015 1956 3511 2010 consentaneum
3549 1956 3661 2008 est.

2483 2054 2696 2128 Itaque
2725 2051 2928 2110 verbis
2973 2048 3093 2108 illis
3139 2049 3198 2107 S.
3233 2048 3654 2124 Hieronymus
3686 2047 3979 2107 Ruﬁnum

2406 2149 2546 2211 libri
2562 2151 2737 2210 istius
2751 2149 3056 2226 signiﬁcat
3073 2148 3464 2226 scriptorem,
3487 2165 3615 2207 non
3633 2149 3955 2224 Evagrium
3971 2194 3984 2218 ,

2405 2253 2492 2312 uti
2543 2251 2828 2311 nonnulli
2865 2250 2942 2330 (6)
2982 2249 3465 2322 contenderunt,
3503 2249 3695 2327 quod,
3747 2249 3855 2328 qui
3885 2248 3978 2310 lo-

2407 2369 2548 2411 cum
2583 2353 2642 2411 S.
2685 2350 3054 2427 Hieronymi
3085 2356 3318 2409 attente
3365 2349 3605 2426 legerit,
3640 2349 3758 2408 sibi
3803 2348 3980 2410 facile

2407 2451 2806 2529 persuadebit
2831 2450 2937 2528 (7).
2962 2449 3238 2522 Accedit,
3265 2454 3332 2509 ut
3354 2447 3710 2527 complures
3733 2448 3981 2509 codices

2407 2569 2596 2611 manu
2624 2550 2858 2630 scripti,
2895 2549 3057 2610 inter
3084 2566 3244 2628 quos
3271 2567 3433 2609 unus
3461 2556 3760 2622 vetustus,
3795 2566 3981 2627 quem

2406 2648 2766 2709 Rosweidus
2814 2648 2879 2708 in
2918 2646 3177 2707 edendis
3223 2646 3363 2705 vitis
3409 2643 3720 2718 adhibuit,
3772 2643 3982 2704 Ruﬁni

2408 2767 2639 2810 nomen
2668 2755 2883 2827 aperte
2922 2747 3332 2826 proﬁteantur
3362 2744 3468 2823 (8).

2485 2851 2660 2910 Unde
2681 2849 2801 2910 iam
2825 2847 3152 2909 difﬁcultas
3176 2847 3322 2906 satis
3345 2863 3566 2921 magna
3592 2843 3805 2904 oritur.
3830 2845 3983 2904 Nam

2408 2951 2456 3010 si
2504 2952 2567 3010 in
2616 2949 2842 3010 librum
2892 2948 3237 3008 secundum
3290 2945 3637 3006 accuratius
3685 2944 3981 3022 inquiris,

2408 3049 2544 3110 luce
2577 3049 2802 3110 clarius
2829 3054 3111 3127 apparet,
3146 3046 3442 3107 Ruﬁnum
3473 3062 3608 3106 esse
3638 3062 3766 3105 non
3798 3062 3983 3124 posse

2331 3150 2376 3209 C
2410 3157 2748 3210 auctorem.

2489 3249 2765 3307 Primum
2790 3245 2953 3307 enim
2980 3251 3199 3306 auctor
3223 3243 3363 3304 libri
3391 3241 3654 3304 secundi
3679 3258 3804 3302 non
3834 3249 3984 3302 tem-

735 3503 960 3557 Palladii
1020 3505 1278 3559 facillime
1332 3506 1456 3560 inde
1506 3507 1833 3574 explicatur,
1872 3507 2018 3574 quod
2072 3508 2301 3562 Ruﬁnus
2405 3513 2551 3566 tibus
2583 3531 2599 3562 ι
2638 3515 2841 3567 vlolsse
2873 3512 3078 3580 (Ruﬁn.
3123 3513 3265 3568 Hist.
3308 3512 3455 3567 Eccl.
3495 3514 3591 3568 lib.
3621 3511 3663 3564 ll
3694 3527 3744 3566 c.
3778 3512 3809 3564 8
3843 3511 3980 3580 Opp.

736 3594 1130 3665 Hierosolymis
1171 3611 1276 3648 una
1320 3611 1444 3649 cum
1487 3595 1716 3649 Melania
1760 3597 1913 3660 vixit,
1943 3612 2082 3665 quae
2111 3599 2301 3668 viginti

735 3695 940 3754 septem
958 3703 1133 3741 annos
1153 3687 1542 3757 Hierosolymis
1562 3687 1681 3741 fuit.
1699 3687 1840 3740 Hist.
1857 3688 2019 3742 Laus.
2042 3706 2162 3758 cap.
2183 3692 2305 3754 117,

736 3775 1126 3841 H8.Melania,
1147 3776 1475 3847 Hieronymo
1497 3787 1655 3841 teste,
1679 3795 1839 3847 quem
1865 3780 1931 3832 de
1958 3780 2058 3834 hac
2084 3797 2141 3833 re
2167 3781 2304 3834 bene

733 3867 985 3920 edoctum
1015 3884 1137 3921 esse
1162 3871 1467 3936 oportebat,
1491 3869 1868 3936 Hierosolyma
1891 3871 2038 3923 venit
2064 3886 2206 3923 anno
2232 3870 2280 3923 Χ

737 3958 978 4013 Valentis
1009 3959 1492 4027 imperatoris,i.e.
1519 3977 1662 4014 anno
1694 3962 1815 4014 574.
1856 3961 2104 4031 (Hieron.
2131 3965 2304 4016 Chro-

735 4047 940 4108 nicon.)
974 4050 1118 4104 Idem
1146 4051 1290 4120 quod
1320 4051 1594 4105 Palladius
1621 4051 1798 4120 (Hist.
1826 4052 1991 4107 Laus.
2017 4069 2136 4124 cap.
2166 4054 2301 4122 117)

735 4143 959 4205 indicat,
984 4141 1248 4195 Paulinus
1283 4140 1524 4196 Nolanus
1557 4141 1715 4212 (Opp.
1739 4143 1826 4196 ed.
1856 4142 2075 4196 Lebrun
2099 4159 2184 4212 ep.
2211 4143 2301 4211 29)

736 4249 843 4286 non
871 4241 1050 4302 negat.
1077 4232 1340 4287 Paulinus
1368 4235 1428 4300 (l.
1459 4235 1517 4304 l.)
1549 4235 1835 4289 Melaniam
1863 4254 1880 4287 ‹
1911 4245 2034 4304 post
2060 4238 2303 4304 quinque

736 4330 908 4381 lustra
943 4347 962 4379 ι
1002 4330 1226 4381 Romam
1260 4344 1534 4382 remeasse
1571 4331 1666 4394 ait,
1703 4345 1932 4383 numero
1962 4346 2094 4383 usus
2121 4330 2297 4397 pleno,

733 4424 825 4488 qui
871 4438 980 4474 non
1034 4420 1332 4488 urgendus,
1365 4423 1458 4473 sed
1507 4421 1572 4472 ad
1621 4422 2022 4475 accuratiorem
2070 4421 2300 4475 Palladii

734 4527 1000 4565 summam
1037 4512 1391 4579 explicandus
1426 4524 1529 4566 est.
1578 4512 1707 4565 Inde
1759 4528 1908 4576 vero,
1939 4512 2081 4581 quod
2123 4513 2301 4567 editus

732 4602 959 4656 Palladii
991 4613 1172 4658 textus
1200 4606 1341 4674 (cap.
1381 4607 1504 4673 119)
1538 4609 1728 4670 habet,
1764 4607 2048 4661 Melaniam
2078 4609 2300 4677 triginta

732 4705 935 4762 septem
971 4711 1143 4750 annos
1180 4696 1420 4764 hospites
1454 4700 1755 4766 excepisse,
1792 4714 2136 4767 nequaquam
2173 4715 2298 4752 cum

731 4786 1075 4840 Tillemontio
1113 4795 1341 4851 statuas,
1371 4803 1487 4841 eam
1535 4790 1724 4844 decem
1770 4805 1944 4845 annos
1975 4792 2030 4844 in
2059 4793 2301 4861 Aegypto

733 4895 949 4946 quoque
979 4881 1261 4943 mansisse,
1285 4897 1448 4948 quum
1475 4890 1722 4950 apertum
1748 4897 1988 4935 errorem
2014 4884 2300 4951 scriptoris

735 4970 821 5021 hic
848 4968 1338 5036 deprehendamus,
1369 4973 1460 5039 qui
1497 4987 1595 5041 pro
1622 4973 1848 5041 xq',i.e.
1880 4974 2065 5040 viginti
2095 4981 2299 5042 septem

733 5053 1093 5129 posueritln',
1118 5061 1152 5113 i.
1185 5076 1233 5114 e.
1274 5062 1494 5129 triginta
1529 5072 1753 5132 septem.
1791 5063 1935 5118 Haec
1964 5066 2030 5119 de
2071 5063 2299 5118 Melania

731 5153 1131 5213 annotavimus,
1151 5153 1277 5220 quia
1308 5153 1359 5205 in
1390 5155 1491 5206 hoc
1519 5157 1696 5223 capite
1725 5157 2131 5211 'l'illemontium
2164 5158 2297 5227 (ne-

731 5243 932 5296 moires
979 5243 1064 5296 ed.
1117 5244 1290 5299 Paris.
1337 5244 1398 5299 Τ.
1450 5245 1491 5298 Χ
1539 5263 1591 5314 p.
1645 5247 1768 5302 596.
1812 5266 1932 5318 sqq.
1982 5250 2078 5304 82l
2125 5250 2292 5320 sqq.),

731 5333 1072 5388 Rosweidum
1093 5334 1291 5401 (Ruﬁni
1320 5346 1371 5390 et
1401 5337 1658 5392 Melaniae
1686 5345 2047 5409 peregrinatio
2065 5341 2171 5395 νγ.
2190 5342 2290 5395 PP.

731 5441 781 5494 p.
821 5426 924 5477 425
958 5429 1104 5495 sqq.)
1139 5435 1194 5481 et
1239 5428 1577 5497 Stiltingium
1615 5430 1756 5484 tVita
1801 5432 1855 5485 S.
1898 5433 2144 5498 Hierom,
2180 5435 2292 5488 AA.

729 5515 830 5568 88.
859 5516 992 5568 Bell.
1028 5517 1177 5586 Sept.
1212 5516 1275 5572 T.
1307 5517 1418 5572 Vlll
1458 5537 1507 5588 p.
1544 5521 1646 5573 552
1674 5522 1840 5591 sqq),
1867 5524 1993 5578 licet
2023 5525 2122 5593 ipsi
2155 5526 2297 5579 inter

731 5625 786 5661 se
819 5609 1044 5661 multum
1085 5609 1416 5678 discrepent,
1450 5613 1685 5680 graviter
1715 5629 1928 5668 errasse
1967 5616 2292 5671 invenimus.

731 5699 1011 5765 Superest.
1063 5707 1121 5754 ut
1170 5711 1517 5766 annotemus,
1564 5703 1821 5757 Ruﬁnum
1873 5723 2030 5761 senes
2079 5725 2294 5777 quoque

731 5791 1149 5862 Mesopotamiae
1172 5810 1190 5843 (
1216 5793 1355 5862 apud
1393 5793 1649 5850 Edessam
1683 5805 1734 5850 et
1764 5797 1814 5849 in
1847 5796 2135 5852 Carrarum
2169 5815 2292 5869 par-

2402 3604 2489 3656 ed.
2523 3602 2750 3658 Vallarsi
2786 3621 2837 3674 p.
2881 3606 3014 3668 279,
3052 3605 3228 3675 Migne
3272 3605 3475 3659 Patrol.
3503 3605 3566 3657 Τ.
3594 3604 3711 3657 XXI
3749 3621 3799 3673 p.
3833 3605 3982 3669 517),

2403 3696 2547 3763 quod
2587 3697 2712 3760 iter,
2744 3705 3037 3766 postquam
3072 3695 3448 3768 Hierosolyma
3478 3699 3650 3761 venit,
3680 3697 3986 3752 instituisse

2403 3787 2641 3838 videtur.

2476 3878 2552 3946 (1)
2598 3876 2754 3930 Socr.
2785 3876 2924 3930 Hist.
2955 3876 3103 3931 Eccl.
3132 3879 3225 3931 lib.
3253 3878 3293 3929 V
3324 3894 3445 3948 cap.
3472 3879 3558 3932 12.
3588 3877 3805 3933 Sozom.
3838 3878 3979 3932 Hist.

2403 3969 2549 4023 Eccl.
2598 3969 2692 4022 lib.
2738 3967 2829 4022 νη
2865 3987 2984 4040 cap.
3026 3972 3113 4024 14.
3160 3971 3457 4024 Tillemont
3512 3971 3798 4025 Mémoires
3845 3988 3983 4039 pour

2419 4060 2593 4114 servir
2627 4059 2658 4111 Ξι
2692 4061 2954 4115 l'liistoire
2983 4061 3606 4130 ecclésiastique,Paris.
3643 4062 3776 4114 1707
3816 4061 3879 4114 Τ.
3911 4061 3977 4113 IX

2404 4168 2456 4220 p.
2490 4153 2612 4206 594.
2645 4153 2737 4206 XII
2771 4171 2825 4222 p.
2860 4155 2984 4215 447,
3022 4154 3075 4207 2.
3117 4153 3313 4227 Fleury
3352 4152 3490 4206 Hist.
3526 4153 3673 4207 Eccl.
3711 4153 3807 4206 Ed.
3837 4154 3978 4224 Aug.

2403 4242 2563 4296 Vind.
2600 4257 2662 4295 ac
2697 4243 2906 4313 Oenop.
2945 4245 3080 4296 1768
3113 4243 3176 4296 Τ.
3209 4243 3274 4296 lV
3310 4261 3360 4313 p.
3397 4244 3520 4298 755.

2470 4336 2545 4404 (‘2)
2588 4336 2744 4407 Apol.
2779 4335 2863 4399 Ill,
2909 4336 2966 4389 S.
3018 4335 3242 4390 Hieron.
3281 4339 3417 4405 Opp.
3459 4337 3545 4390 ed.
3579 4336 3779 4390 Bened.
3814 4338 3876 4390 T.
3911 4335 3978 4389 lV

2400 4447 2453 4500 p.
2487 4431 2611 4484 455.

2468 4520 2544 4587 (5)
2586 4519 2683 4588 Ep.
2723 4519 2824 4572 155
2873 4520 2939 4571 ad
2992 4517 3263 4586 Ctesiph.,
3321 4517 3378 4570 S.
3431 4517 3652 4572 Hieron.
3702 4516 3838 4588 Opp.
3885 4519 3975 4572 ed.

2401 4610 2577 4678 Migne
2605 4610 2666 4665 T.
2704 4610 2721 4662 l
2755 4609 2982 4680 [PatroL
3020 4609 3084 4664 T.
3117 4609 3282 4680 XXII]
3325 4626 3375 4678 p.
3416 4611 3573 4662 1151.

2470 4702 2545 4771 (4)
2582 4701 2692 4755 VV.
2724 4702 2826 4755 PP.
2858 4702 3038 4755 Rosw.
3073 4719 3124 4772 p.
3161 4704 3264 4757 448
3298 4720 3420 4772 sqq.

2472 4795 2547 4864 (5)
2575 4795 2744 4864 Capp.
2775 4795 2841 4848 14
2869 4803 2922 4848 et
2947 4794 3018 4847 24
3045 4812 3097 4865 p.
3131 4796 3255 4861 472,
3283 4795 3354 4860 2;
3388 4796 3513 4860 479,
3547 4797 3571 4848 1

2475 4889 2550 4954 (ti)
2586 4887 2874 4950 Baronius,
2907 4887 3023 4939 alii.

2474 4980 2549 5047 (7)
2582 4978 2803 5032 Librum
2831 4979 2987 5048 Xysti
3021 4977 3380 5050 Pythagoraei
3415 4981 3478 5033 ab
3515 4983 3692 5037 eodem
3718 4988 3972 5051 scriptore

2404 5073 2507 5124 sub
2535 5073 2751 5124 nomine
2783 5070 2921 5124 Sixti
2953 5071 3130 5140 Papae
3155 5081 3206 5126 et
3240 5075 3517 5144 martyris,
3551 5087 3602 5130 et
3632 5078 3826 5130 librum
3859 5078 3971 5131 Eu-

2402 5164 2535 5218 sebii
2575 5164 2950 5219 Caesariensis
2989 5165 3091 5217 sub
3125 5167 3346 5219 nomine
3395 5166 3665 5236 Pamphili
3711 5173 3972 5240 martyris

2402 5256 2577 5310 editos
2604 5272 2750 5319 esse,
2784 5256 2877 5309 illa
2901 5257 3132 5326 epistola
3171 5255 3227 5310 S.
3259 5256 3576 5328 Hieronymi
3600 5261 3777 5324 docet,
3809 5264 3970 5317 cuius

2401 5349 2649 5418 apologia
2692 5349 2919 5402 eandem
2969 5350 3111 5404 hanc
3157 5350 3401 5406 fraudem
3445 5352 3636 5417 Ruﬁno
3666 5355 3875 5408 tribuit.
3907 5357 3966 5409 S.

2401 5439 2624 5493 Hieron.
2665 5439 2759 5509 Ep.
2803 5442 2905 5494 155
2949 5441 2984 5493 Ι.
3039 5441 3074 5494 1.
3107 5442 3266 5510 Apol.
3321 5443 3446 5496 adv.
3486 5443 3608 5496 llul‘.
3657 5446 3751 5498 lib.
3801 5447 3845 5498 ll
3877 5446 3962 5499 ed.

2403 5531 2604 5584 Bened.
2636 5530 2699 5584 τ.
2733 5530 2799 5583 IV
2841 5548 2893 5600 p.
2931 5533 3070 5597 419;
3107 5534 3200 5585 lib.
3237 5532 3302 5586 Ill
3333 5533 3462 5586 ibid.
3511 5535 3710 5602 p.449.
3744 5531 3955 5590 eam.

2401 5623 2604 5677 lemont
2634 5623 2919 5677 Me’moires
2944 5623 3008 5678 Τ.
3049 5623 3165 5676 ΧΠ
3201 5641 3249 5692 p.
3279 5625 3399 5685 657,
3439 5627 3486 5678 1.

2473 5714 2549 5785 (8)
2592 5714 2701 5770 νγ.
2735 5715 2836 5768 PP.
2871 5715 3054 5770 Rosw.
3089 5715 3298 5788 Proleg.
3333 5717 3358 5787 ᾗ
3390 5716 3430 5769 Χ
3465 5733 3515 5786 p.
3549 5713 3760 5770 XXV”.
