4266 6360
280 386 347 443 ΞΙ
1800 388 1963 446 νιτΑ

1832 387 2030 446 llTAE.
3444 384 3517 444 ‘2!

283 516 444 583 pore
460 497 737 563 Valentis
753 499 1149 581 imperatoris
1170 504 1380 583 paullo
1408 514 1551 587 post
1580 510 1642 570 S.
1673 509 1855 571 Atha-
1883 514 1928 570 A
1955 515 2223 570 exeunte
2252 525 2419 571 anno
2450 507 2584 583 394,
2622 514 2683 570 et
2710 508 3052 573 Palladium
3085 508 3222 573 eius
3253 508 3518 583 itineris,

282 602 442 663 nasii
468 608 735 663 mortem
769 601 955 683 (373),
991 611 1098 665 aut
1124 610 1267 666 ante
1297 623 1532 669 annum
1570 608 1682 670 385
1713 627 1853 671 mo-

281 703 549 765 nasteria
586 705 850 783 Aegypti
894 704 1192 779 lustravit,
1226 722 1354 785 quo
1384 714 1671 788 tempore
1719 712 1853 772 Ru-

280 802 478 863 ﬁnum
529 805 595 864 in
641 803 835 865 Nitria
873 811 1182 865 versatum
1227 822 1365 867 esse
1411 810 1851 885 cognovimus,

282 904 394 965 sed
432 903 627 965 multo
664 911 808 983 post
854 911 1123 966 exeunte
1164 922 1331 967 anno
1374 906 1488 967 394
1520 910 1635 971 sub
1665 911 1853 973 ﬁnem

280 1003 529 1081 imperii
558 1003 896 1065 Theodosii
937 1005 1163 1083 Magni,
1192 1007 1303 1086 qui
1340 1006 1494 1069 obiit
1539 1025 1704 1072 anno
1740 1010 1854 1072 395

283 1102 347 1162 d.
378 1104 511 1163 XVI
536 1103 785 1165 Calend.
810 1106 1126 1166 Februarii
1158 1104 1278 1187 (1);
1311 1110 1552 1170 socium
1580 1126 1728 1171 vero
1758 1110 1856 1172 iti-

283 1198 455 1265 n'eris
484 1204 825 1267 Palladium
851 1205 1089 1282 habuit,
1120 1208 1229 1287 qui
1251 1209 1582 1272 Historiam
1611 1214 1855 1276 Lausia-

281 1319 421 1365 cam
463 1303 731 1383 scripsit.
772 1307 937 1378 Quae
977 1307 1233 1386 quidem
1281 1324 1358 1370 ex
1384 1308 1546 1373 libro
1576 1314 1853 1377 secundo

280 1400 422 1479 ipso
451 1400 724 1464 dilucide
764 1403 1161 1482 colliguntur.
1209 1408 1363 1469 Nam
1405 1416 1623 1471 auctor
1667 1410 1855 1474 huius

278 1497 424 1561 libri
451 1502 657 1563 statim
684 1505 763 1565 ab
789 1504 968 1567 initio
998 1506 1153 1569 haec
1182 1515 1392 1570 narrat
1436 1527 1450 1569 :
1487 1511 1700 1573 Fuisse
1756 1530 1854 1574 se-

279 1608 475 1680 ptem,
494 1619 562 1665 se
582 1605 876 1666 nimirum
900 1624 1041 1669 cum
1064 1624 1173 1669 sex
1196 1610 1403 1685 sociis,
1424 1611 1531 1690 qui
1550 1613 1854 1675 Joannem

280 1704 605 1765 eremitam
648 1721 849 1785 pr0pe
887 1708 1124 1785 Lycum
1169 1709 1480 1771 civitatem
1520 1712 1851 1772 convenis-

1957 609 2127 689 quod
2154 626 2189 671 e
2217 610 2409 672 Nitria
2435 610 2514 673 ad
2537 612 2843 674 Joannem
2870 613 2938 674 in
2956 613 3125 693 Lyco
3144 610 3399 686 fecerat,
3422 625 3523 674 so-

1954 711 2118 772 cium
2152 710 2464 773 habuisse.

2031 811 2307 873 Alterum
2352 812 2637 890 quidem,
2682 810 3024 873 Palladium
3072 808 3311 873 scilicet
3362 810 3521 871 scri-

1954 912 2150 990 ptoris
2180 911 2321 972 libri
2350 912 2608 973 secundi
2653 911 2894 973 socium
2932 911 3000 972 in
3042 909 3265 971 itinere
3303 907 3521 983 fuisse,

1953 1009 2110 1071 alius
2131 1027 2387 1089 quoque
2418 1009 2601 1073 huius
2624 1010 2769 1071 libri
2797 1009 2973 1071 locus
3001 1008 3389 1088 comprobat.
3413 1010 3527 1069 Le-

1954 1110 2158 1186 gimus
2206 1111 2395 1183 enim,
2448 1110 2846 1189 Apollonium
2877 1108 3201 1171 monachis
3230 1108 3358 1169 suis
3395 1114 3524 1169 tres

1954 1208 2110 1282 dies,
2141 1217 2473 1288 antequam
2503 1210 2772 1289 scriptor
2801 1210 2939 1270 libri
2968 1208 3228 1272 secundi
3256 1225 3400 1270 cum
3426 1224 3526 1269 so-

1954 1309 2065 1371 ciis
2094 1326 2238 1371 eum
2272 1311 2655 1383 convenerit,
2686 1309 3115 1389 praedixisse‘:
3156 1330 3186 1365 «
3227 1315 3372 1387 post
3407 1306 3523 1367 tri—

1954 1412 2147 1473 duum
2178 1411 2501 1473 adfuturos
2534 1418 2662 1473 tres
2690 1412 2910 1473 fratres
2953 1410 3033 1473 de
3071 1407 3526 1487 Hierosolymis

1952 1511 2275 1571 venientes
2307 1509 2412 1591 (5).
2450 1534 2478 1566 ιο
2529 1510 2650 1571 Sed
2697 1510 2867 1571 idem
2911 1506 3223 1571 Palladius
3267 1523 3525 1587 quoque

1952 1612 2158 1672 triduo
2193 1618 2338 1673 ante
2374 1628 2557 1672 suum
2584 1612 2690 1680 22
2720 1609 3055 1672 adventum
3082 1610 3163 1672 ab
3191 1606 3527 1688 Apollonio

1953 1711 2342 1791 praedictum
2380 1728 2517 1773 esse
2558 1712 2624 1771 in
2665 1710 2935 1772 Historia
2969 1709 3264 1770 Lausiaca
3301 1707 3526 1769 iisdem

280 1808 440 1863 sent.
474 1806 780 1866 Joannem
816 1806 994 1886 ipsis,
1026 1825 1220 1887 quum
1251 1810 1353 1878 21
1398 1808 1477 1871 ab
1516 1825 1593 1872 eo
1634 1810 1849 1891 profe-
1881 1848 1925 1905 Β
1954 1812 2139 1891 plane
2158 1811 2364 1875 verbis
2388 1817 2593 1874 narrat
2613 1810 2857 1890 (6).Ubi
2878 1827 2959 1872 ne
2975 1808 3525 1888 oﬂ'endaris,quod

280 1904 444 1964 cturi
470 1913 701 1980 essent,
731 1907 1270 1986 praedixisse,hac
1293 1909 1429 1989 ipsa
1448 1910 1549 1971 die
1566 1911 1852 1973 victorias
1951 1912 2261 1975 Palladius
2307 1912 2534 1974 dicitur
2572 1912 2817 1972 venisse
2863 1910 3337 1989 Hierosolymis.
3371 1910 3527 1970 Nam

277 2002 556 2080 religiosi
602 2005 904 2086 principis
937 2006 1276 2068 Theodosii
1310 2008 1387 2069 de
1438 2008 1719 2086 Eugenio
1748 2016 1850 2087 ty-

275 2118 476 2164 ranno
514 2110 855 2183 reportatas
901 2103 1306 2167 Alexandriae
1351 2107 1661 2168 nuntiatas
1689 2124 1847 2182 esse,

272 2201 613 2283 ipsumque
659 2203 1083 2267 Theodosium
1130 2222 1259 2267 non
1302 2204 1500 2267 multo
1530 2212 1671 2286 post
1694 2225 1849 2286 pro-

270 2306 419 2381 pria
469 2313 665 2366 morte
716 2307 909 2366 vitam
953 2307 1297 2384 ﬁniturum.
1363 2308 1594 2369 Triduo
1642 2314 1851 2369 autem

272 2412 421 2483 post
454 2405 799 2467 discessum
837 2423 1019 2467 suum
1058 2406 1136 2468 de
1171 2412 1373 2469 morte
1402 2407 1657 2469 Joannis
1690 2424 1756 2468 se
1782 2407 1849 2467 in

270 2506 498 2568 itinere
546 2509 843 2570 certiores
890 2526 1028 2571 esse
1074 2507 1273 2570 factos
1322 2508 1428 2590 (2).
1468 2508 1588 2570 Sed
1628 2508 1849 2571 eadem

274 2605 464 2682 haec,
514 2625 677 2687 quae
718 2609 785 2669 in
840 2608 1002 2670 libro
1052 2608 1331 2671 secundo
1381 2609 1849 2671 Rosweidianae

273 2707 665 2771 collectionis
707 2708 901 2771 latino
946 2725 1236 2771 sermone
1282 2708 1594 2787 leguntur,
1628 2725 1849 2787 graece

274 2826 571 2889 expressa
599 2810 728 2872 fere
766 2809 843 2871 ad
875 2811 1136 2872 verbum
1166 2810 1232 2871 in
1258 2809 1528 2871 Historia
1556 2810 1848 2872 Lausiaca

270 2907 531 2969 Palladii
568 2915 833 2982 exstant,
880 2907 1004 2971 hoc
1049 2926 1182 2971 uno
1231 2909 1611 2985 discrimine,
1652 2910 1844 2989 quod,

272 3028 439 3089 quae
474 3016 687 3073 noster
713 3010 848 3091 ipse
876 3018 1172 3091 expertus
1202 3018 1316 3087 est,
1346 3011 1654 3073 Palladius
1678 3029 1713 3073 a
1739 3030 1846 3075 so-

1950 2013 2282 2087 Palladius,
2308 2013 2423 2073 etsi
2445 2029 2670 2074 novem
2692 2028 2892 2074 annos
2913 2010 3292 2073 ordinariam
3311 2008 3526 2069 sedem

1948 2112 2012 2175 in
2040 2113 2242 2175 Celliis
2262 2114 2502 2185 ﬁxerat,
2526 2112 2648 2173 hoc
2668 2120 2882 2173 tamen
2900 2111 3042 2191 ipso
3062 2116 3347 2189 tempore
3370 2125 3530 2169 non-

1949 2232 2273 2295 nunquam
2307 2214 2738 2294 peregrinatus
2769 2222 2885 2276 est.
2927 2214 3100 2275 Circa
3143 2228 3379 2274 annum
3411 2208 3528 2270 394

1947 2314 2399 2394 Hierosolymis
2440 2314 2656 2376 adfuit.
2710 2315 2886 2387 Quod
2936 2312 3197 2393 epistola
3258 2311 3523 2384 indicat,

1949 2430 2136 2492 quam
2167 2413 2377 2492 paullo
2406 2419 2551 2475 ante
2570 2412 2644 2473 ad
2674 2413 3040 2492 episcopum
3061 2410 3531 2487 Hierosolymo-

1948 2528 2087 2572 rum
2105 2512 2211 2571 aS.
2226 2510 2580 2591 Epiphanio
2602 2512 2895 2592 scriptam
2914 2528 3081 2573 anno
3105 2509 3218 2573 394
3233 2512 3294 2570 S.
3312 2511 3532 2571 Hiero-

1949 2629 2177 2691 nymus
2194 2611 2383 2673 latine
2407 2612 2694 2674 reddidit.
2719 2612 2902 2674 Cuius
2927 2612 2994 2673 in
3021 2611 3147 2673 ﬁne
3172 2609 3529 2689 S.Epipha-

1948 2711 2090 2771 nius
2115 2728 2127 2772 :
2156 2734 2183 2766 α
2207 2710 2549 2772 Palladium
2568 2727 2738 2783 vero,
2759 2733 2787 2767 ι
2808 2710 3035 2789 inquit,
3051 2734 3080 2766 ι
3104 2709 3401 2781 Galatam,
3419 2708 3530 2788 qui

1950 2810 2271 2891 quondam
2301 2813 2482 2873 nobis
2509 2829 2690 2874 carus
2709 2810 2846 2879 fuit.
2873 2820 2935 2872 et
2959 2816 3129 2871 nunc
3166 2809 3527 2871 misericor-

1951 2912 2051 2974 dia
2084 2913 2194 2975 Dei
2233 2913 2493 2991 indiget,
2527 2898 2699 2987 cave,
2732 2912 2879 2992 quia
2908 2911 3190 2988 Origenis
3217 2910 3529 2971 haeresim

1950 3012 2268 3090 praedicat
2297 3020 2358 3074 et
2387 3012 2593 3086 docet,
2624 3030 2703 3074 ne
2724 3012 2885 3074 forte
2904 3011 3149 3091 aliquos
3178 3010 3256 3072 de
3288 3008 3528 3089 ponulo

270 3113 387 3174 ciis
422 3118 663 3176 narrata
705 3130 841 3175 esse
878 3112 1089 3175 refert.
1131 3116 1380 3193 Septem
1409 3113 1631 3176 fratres
1660 3131 1845 3194 pere-
1884 3188 1914 3194 _
1950 3107 2063 3169 tibi
2091 3110 2327 3171 credito
2364 3110 2443 3170 ad
2474 3110 2942 3189 perversitatem
2978 3109 3075 3170 sui
3119 3108 3378 3169 inducat
3401 3126 3525 3169 ser-

270 3215 489 3291 grinos
534 3232 754 3277 omnes
782 3214 975 3277 fuisse
1007 3215 1073 3277 in
1118 3188 1454 3279 solitudine
1484 3188 1738 3289 Nitriae,
1776 3233 1844 3277 se
1874 3188 1916 3243 θ
1950 3208 2109 3269 roris
2154 3208 2263 3288 (7).
2316 3232 2345 3265 »
2392 3188 2675 3270 Ειὲιιηῑθ
2717 3226 2886 3270 anno
2933 3207 3050 3269 394
3096 3206 3178 3286 (8)
3212 3206 3529 3269 Palladius

271 3316 553 3395 quidem,
585 3334 703 3379 nec
732 3333 863 3378 non
894 3316 1147 3377 beatum
1173 3317 1527 3394 Evagrium,
1556 3315 1847 3376 Albinum

274 3426 339 3483 et
358 3420 777 3480 Ammonium.
796 3416 965 3479 Scire
985 3433 1052 3477 se
1072 3433 1293 3477 omnes
1314 3416 1647 3489 studuisse,
1663 3433 1851 3494 quae-

272 3535 420 3580 nam
463 3515 720 3577 Joannis
752 3516 940 3577 virtus
982 3520 1164 3588 esset,
1197 3514 1307 3575 sed
1337 3514 1650 3576 dubitasse
1690 3516 1849 3575 Eva-

270 3616 499 3693 grium,
548 3631 628 3676 an
674 3613 933 3675 omnino
987 3629 1131 3673 eum
1178 3613 1515 3674 convenire
1566 3619 1846 3692 possent.

269 3716 474 3787 Quare
519 3717 773 3791 postero
821 3710 954 3783 die,
988 3709 1235 3772 occlusa
1270 3710 1458 3784 cella,
1498 3709 1702 3772 solum
1746 3727 1847 3787 se,

269 3810 501 3874 nesciis
531 3810 740 3883 sociis,
769 3809 849 3870 ad
876 3811 1179 3871 Joannem
1201 3809 1269 3869 in
1296 3810 1677 3873 Thebaidem
1706 3829 1850 3890 pro-

268 3913 505 3974 fectum
535 3928 695 3972 esse.
726 3912 927 3983 Quum
957 3926 1104 3971 vero
1136 3911 1214 3972 ab
1244 3926 1321 3971 eo
1350 3927 1634 3972 reversus
1665 3912 1851 3974 sociis

270 4027 407 4072 rem
445 4015 777 4080 narrasset,
809 4014 953 4087 post
981 4006 1141 4068 duos
1166 4024 1416 4068 menses
1446 4006 1563 4069 hos
1592 4026 1849 4088 quoque

268 4128 455 4173 senes
500 4110 580 4173 ad
623 4112 930 4171 Joannem
962 4108 1231 4181 venisse,
1283 4108 1402 4169 sibi
1446 4115 1655 4169 autem
1702 4126 1849 4170 nar-

269 4228 464 4275 rasse.
494 4212 872 4291 Sequuntur
903 4208 1035 4271 fere
1067 4208 1144 4271 ad
1174 4208 1456 4281 verbum,
1500 4215 1569 4269 ut
1595 4210 1848 4270 monui-

269 4332 434 4385 mus,
471 4313 598 4385 illa,
632 4330 793 4391 quae
834 4311 1023 4372 modo
1062 4328 1139 4371 ex
1176 4309 1336 4370 libro
1366 4309 1645 4371 secundo
1674 4318 1847 4372 retu-

271 4412 457 4474 limus
498 4409 604 4493 (3).
644 4409 993 4487 Eugenium
1019 4424 1169 4469 vero
1197 4413 1533 4486 tyrannum
1562 4406 1849 4469 Theodo-

269 4514 402 4575 sius
465 4511 634 4591 apud
688 4510 874 4590 Alpes
924 4508 1150 4570 devicit
1206 4524 1373 4569 anno
1439 4505 1552 4567 394
1599 4507 1660 4569 d.
1712 4508 1848 4568 VIII

269 4614 419 4675 Idus
437 4611 820 4692 Septembris
846 4608 1273 4689 (4).Equibus
1316 4607 1650 4685 colligitur,
1701 4608 1849 4669 scri-

268 4721 519 4795 ptorem
566 4711 708 4774 libri
744 4708 1007 4772 secundi
1042 4725 1227 4770 senes
1254 4709 1521 4787 Aegypti
1563 4707 1847 4770 invisisse

344 4965 421 5035 (I)
456 4963 613 5019 Socr.
648 4961 793 5018 llist.
824 4960 973 5016 Eccl.
1002 4961 1097 5015 lib.
1125 4960 1170 5014 γ
1195 4976 1315 5029 cap.
1339 4960 1432 5015 25.

343 5056 421 5124 (2)
454 5054 568 5111 νγ.
619 5053 725 5110 PP.
778 5053 965 5108 Rosw.
1016 5052 1111 5106 lib.
1160 5051 1205 5108 ll
1246 5067 1369 5123 cap.
1412 5054 1463 5106 1.
1510 5068 1562 5122 p.
1607 5053 1733 5119 45!,
1792 5058 1842 5108 1.

266 5150 419 5297 “(liii
440 5149 593 5296 1Iiist.
629 5238 797 5294 Laus.
830 5253 953 5309 cap.
986 5236 1056 5291 44
1086 5234 1224 5308 Opp.
1260 5235 1459 5293 Meurs.
1492 5236 1530 5291 l.
1557 5236 1595 5290 l.
1639 5252 1693 5307 p.
1717 5235 1841 5291 468.

265 5332 617 5496 “(24.)‘gicr.
650 5421 793 5477 Hist.
826 5420 975 5475 Eccl.
1006 5420 1098 5475 lib.
1143 5417 1184 5473 ν
1214 5434 1335 5489 cap.
1365 5418 1456 5473 24.
1508 5418 1593 5473 Cf.
1626 5418 1841 5473 Baronii

269 5515 469 5571 Annal.
508 5529 559 5567 a.
594 5512 700 5567 394
729 5529 880 5567 num.
919 5510 961 5560 V
1004 5526 1126 5580 sqq.
1155 5510 1241 5565 ed.
1283 5510 1411 5565 Luc.
1442 5509 1507 5565 Τ.
1535 5510 1683 5583 VIp.
1718 5512 1849 5575 I45.

269 5607 467 5673 Fleury
500 5602 642 5657 Hist.
678 5601 827 5655 Eccl.
868 5600 929 5653 τ.
964 5597 1031 5653 IV
1068 5615 1121 5669 p.
1155 5599 1314 5654 1034.

342 5697 419 5765 (5)
462 5691 577 5747 vv.
613 5691 717 5746 PP.
750 5691 933 5747 nosw.
964 5690 1058 5744 lib.
1090 5689 1129 5742 II
1165 5704 1282 5759 cap.
1321 5690 1353 5743 7
1380 5707 1430 5760 p.
1468 5691 1593 5752 464.
1635 5692 1685 5745 I.

342 5788 421 5857 (6)
461 5786 600 5842 Hist.
626 5786 791 5841 Laus.
824 5800 947 5855 cap.
977 5784 1045 5838 55
1074 5780 1213 5852 Opp.
1244 5782 1440 5838 Meurs.
1476 5786 1509 5837 Ι.
1542 5786 1576 5838 l.
1604 5802 1656 5854 p.
1686 5783 1813 5839 503.

347 5881 425 5951 (7)
468 5878 565 5951 Ep.
610 5879 697 5935 5|.
764 5877 821 5933 S.
868 5874 1085 5933 Hieron.
1160 5872 1297 5945 Opp.
1356 5875 1443 5933 ed.
1499 5876 1675 5947 Migne
1724 5875 1785 5931 Τ.
1824 5875 1841 5931 l

1950 3310 2256 3371 Joannem
2291 3309 2359 3370 in
2402 3312 2569 3387 Lyco
2613 3309 2845 3382 invisit,
2882 3314 3071 3387 atque
3105 3324 3216 3369 sex
3246 3306 3335 3367 illi
3373 3307 3529 3368 socii

1951 3426 2018 3471 se
2046 3409 2500 3488 Hierosolymis
2532 3410 2779 3471 venisse
2808 3414 3023 3489 aperte
3050 3408 3352 3480 fatentur;
3383 3425 3528 3468 nam

1947 3507 2172 3567 Joanni
2220 3506 2389 3569 :Pro
2443 3506 2750 3581 utilitate,
2800 3507 3125 3586 inquiunt,
3176 3510 3529 3567 animarum

1948 3616 2305 3666 nostrarum
2346 3606 2427 3666 ad
2474 3614 2531 3666 te
2573 3608 2855 3667 venimus
2891 3606 2969 3667 ab
3003 3606 3382 3680 Jerusalem,
3432 3615 3527 3679 ut,

1949 3705 2115 3785 quod
2163 3706 2481 3766 auditione
2528 3706 3099 3785 acceperamus,“
3144 3724 3531 3767 cerneremus

1951 3801 2144 3862 oculis
2173 3801 2281 3878 (9).
2321 3803 2410 3863 Ex
2459 3803 2711 3881 quibus,
2746 3803 3001 3881 quando
3032 3802 3342 3864 Palladius
3375 3803 3527 3863 Hie-

1949 3902 2281 3981 rosolymis
2308 3901 2516 3976 fuerit,
2553 3912 2611 3963 et
2640 3903 2894 3983 quando
2927 3902 3073 3963 inde
3102 3902 3298 3963 redux
3330 3901 3530 3964 factus

1950 4005 2050 4077 sit,
2081 4011 2362 4083 apparet.
2394 4007 2465 4065 In
2514 4005 2739 4065 eodem
2786 4021 2934 4065 vero
2979 4004 3182 4066 reditu
3223 4005 3528 4066 Hieroso-

1947 4104 2132 4183 lymis
2154 4104 2464 4166 Palladius
2485 4122 2630 4165 cum
2650 4105 2897 4167 duobus
2919 4105 3106 4167 sociis
3126 4104 3528 4183 Apollonium

1950 4224 2207 4287 quoque
2253 4206 2533 4267 inviserit
2573 4222 2833 4286 necesse
2864 4210 2995 4267 (est.
3044 4204 3433 4265 Namaltero
3462 4206 3529 4266 in

1948 4308 2360 4369 Palaestinam
2408 4307 2634 4367 itinere
2678 4306 3048 4367 valetudinis
3092 4305 3285 4382 gratia
3330 4305 3529 4366 tribus

1948 4410 2130 4471 annis
2160 4414 2323 4488 post,
2362 4425 2550 4486 quam
2592 4409 2897 4469 Joannem
2924 4405 2991 4466 in
3013 4406 3181 4483 Lyco
3209 4403 3527 4477 inviseret,

1950 4516 2242 4588 suscepto
2273 4525 2401 4568 non
2421 4508 2486 4568 in
2503 4511 2853 4586 Aegyptum
2873 4504 3077 4579 rediit,
3095 4503 3204 4566 sed
3219 4504 3283 4564 in
3305 4504 3525 4583 Bithy-

1952 4611 2115 4672 niam
2137 4608 2330 4681 venit,
2346 4608 2455 4669 ubi
2478 4608 2814 4687 episcopus
2837 4605 3160 4668 ordinatus
3181 4610 3274 4665 est
3296 4602 3444 4681 (10).

2027 4708 2130 4778 23
2160 4708 2410 4769 Constat
2445 4722 2617 4783 ergo,
2663 4703 3033 4783 scriptorem
3070 4700 3215 4763 libri
3260 4699 3526 4763 secundi

1951 4957 2179 5029 [PatroL
2212 4955 2278 5009 T.
2320 4952 2485 5026 XXII]
2523 4969 2575 5023 p.
2606 4953 2732 5007 527.

2021 5050 2097 5119 (8)
2150 5049 2369 5102 Duobus
2426 5047 2637 5101 scilicet
2682 5045 2965 5099 mensibus
3012 5052 3140 5097 ante
3181 5040 3469 5096 victoriam
3500 5079 3520 5107 ,

1948 5156 2113 5211 quam
2145 5138 2495 5194 Theodosius
2526 5139 2583 5193 d.
2616 5136 2732 5192 VIII
2802 5136 2881 5192 ld.
2928 5136 3267 5206 Septembris
3306 5135 3375 5189 de
3412 5134 3523 5189 Eu-

1949 5233 2111 5303 genio
2139 5232 2455 5301 reportavit,
2487 5228 2851 5285 Alexandriae
2874 5228 3201 5283 nuntiatam.

2017 5325 2094 5393 (9)
2141 5323 2277 5379 Hist.
2322 5323 2481 5378 Laus.
2532 5337 2655 5393 cap.
2706 5323 2777 5377 44
2848 5320 2987 5391 Opp.
3038 5319 3245 5377 Meurs.
3284 5320 3324 5377 l.
3372 5320 3412 5375 ι.
3459 5336 3514 5391 p.

1945 5420 2085 5479 475;
2116 5417 2227 5471 νγ.
2261 5417 2362 5472 ΡΡ.
2400 5418 2581 5472 Rosw.
2619 5418 2713 5471 lib.
2744 5416 2785 5470 ll
2821 5433 2871 5487 p.
2904 5416 3031 5480 451,
3064 5415 3113 5469 1.

2017 5510 2127 5581 (I0)
2176 5510 2316 5565 Hist.
2367 5510 2529 5563 Laus.
2584 5524 2705 5579 cap.
2739 5509 2809 5562 44
2855 5507 2992 5578 Opp.
3036 5506 3237 5579 Meurs.
3278 5505 3317 5560 l.
3370 5504 3408 5560 l.
3454 5521 3512 5576 p.

1946 5604 2067 5658 472.
2099 5603 2475 5658 Tillemontius
2504 5601 2815 5671 (Mémoires
2844 5601 2907 5655 Τ.
2942 5599 3039 5655 XII
3065 5616 3119 5669 p.
3153 5598 3279 5664 656,
3312 5598 3371 5664 2)
3417 5613 3518 5653 au-

1946 5701 2137 5755 tumat,
2169 5694 2485 5761 scriptorem
2514 5693 2640 5746 libri
2680 5690 2906 5746 secundi
2940 5689 3289 5760 Apollonium
3326 5702 3510 5742 senem

1944 5791 2068 5838 ante
2102 5799 2305 5839 annum
2350 5784 2456 5838 385
2502 5784 2795 5848 invisisse;
2832 5782 2926 5839 sed
2980 5783 3155 5846 locus,
3206 5795 3316 5850 quo
3346 5778 3511 5835 Tille-

1946 5876 2184 5934 montius
2227 5877 2501 5941 innititur,
2548 5893 2577 5931 a
2620 5877 2791 5934 latino
2838 5877 2963 5935 libri
2994 5875 3290 5947 inteiprete
3316 5887 3509 5946 perpe-
