  <div class='ocr_page' id='page_1' title='image "/cluster/home/n/w/nwhite01/storage/ocr_20150623/34/nnc1.0046978860/021.png"; bbox 0 0 4266 6360; ppageno 0'>
   <div class='ocr_carea' id='block_1_1' title="bbox 756 340 2651 409">
    <p class='ocr_par' dir='ltr' id='par_1_1' title="bbox 756 340 2651 409">
     <span class='ocr_line' id='line_1_1' title="bbox 756 340 2651 409; baseline 0.006 -15"><span class='ocrx_word' id='word_1_1' title='bbox 756 340 832 395; x_wconf 76' lang='lat'>25</span> <span class='ocrx_word' id='word_1_2' title='bbox 1571 346 1669 402; x_wconf 87' lang='lat' dir='ltr'>SS.</span> <span class='ocrx_word' id='word_1_3' title='bbox 1714 347 2174 407; x_wconf 75' lang='lat' dir='ltr'>MACARIORUM</span> <span class='ocrx_word' id='word_1_4' title='bbox 2211 352 2533 407; x_wconf 73' lang='lat' dir='ltr'>AEGYPTII</span> <span class='ocrx_word' id='word_1_5' title='bbox 2564 352 2651 409; x_wconf 85' lang='lat' dir='ltr'>ET</span> 
     </span>
    </p>
   </div>
   <div class='ocr_carea' id='block_1_2' title="bbox 2717 352 4009 413">
    <p class='ocr_par' dir='ltr' id='par_1_2' title="bbox 2717 352 4009 413">
     <span class='ocr_line' id='line_1_2' title="bbox 2717 352 4009 413; baseline 0.003 -6"><span class='ocrx_word' id='word_1_6' title='bbox 2717 352 3199 413; x_wconf 73' lang='lat' dir='ltr'>ALEXANDRI&#39;NI.</span> <span class='ocrx_word' id='word_1_7' title='bbox 3940 357 4009 412; x_wconf 65' lang='grc' dir='ltr'>Ἠ</span> 
     </span>
    </p>
   </div>
   <div class='ocr_carea' id='block_1_3' title="bbox 753 459 4006 532">
    <p class='ocr_par' dir='ltr' id='par_1_3' title="bbox 753 459 4006 532">
     <span class='ocr_line' id='line_1_3' title="bbox 753 459 4006 532; baseline 0.004 -13"><span class='ocrx_word' id='word_1_8' title='bbox 753 465 816 519; x_wconf 89' lang='lat' dir='ltr'>et</span> <span class='ocrx_word' id='word_1_9' title='bbox 848 477 988 521; x_wconf 92' lang='lat' dir='ltr'>cum</span> <span class='ocrx_word' id='word_1_10' title='bbox 1021 459 1293 523; x_wconf 84' lang='lat' dir='ltr'>Palladio</span> <span class='ocrx_word' id='word_1_11' title='bbox 1343 471 1608 524; x_wconf 90' lang='lat' dir='ltr'>exeunte</span> <span class='ocrx_word' id='word_1_12' title='bbox 1662 482 1829 527; x_wconf 91' lang='lat' dir='ltr'>anno</span> <span class='ocrx_word' id='word_1_13' title='bbox 1883 467 1995 526; x_wconf 82' lang='grc'>394</span> <span class='ocrx_word' id='word_1_14' title='bbox 2027 469 2325 528; x_wconf 89' lang='lat' dir='ltr'>Hieroso-</span> <span class='ocrx_word' id='word_1_15' title='bbox 2358 473 2403 528; x_wconf 70' lang='grc' dir='ltr'><strong>Δ</strong></span> <span class='ocrx_word' id='word_1_16' title='bbox 2433 469 2947 531; x_wconf 82' lang='lat' dir='ltr'>monuimus.Sed</span> <span class='ocrx_word' id='word_1_17' title='bbox 2963 468 4006 532; x_wconf 86' lang='lat' dir='ltr'>undetalisnecessitudolibrorum</span> 
     </span>
    </p>
   </div>
   <div class='ocr_carea' id='block_1_4' title="bbox 752 557 2328 645">
    <p class='ocr_par' dir='ltr' id='par_1_4' title="bbox 752 557 2328 645">
     <span class='ocr_line' id='line_1_4' title="bbox 752 557 2328 645; baseline 0.008 -28"><span class='ocrx_word' id='word_1_18' title='bbox 752 557 937 636; x_wconf 71' lang='lat' dir='ltr'>lymis</span> <span class='ocrx_word' id='word_1_19' title='bbox 984 562 1046 621; x_wconf 90' lang='lat' dir='ltr'>in</span> <span class='ocrx_word' id='word_1_20' title='bbox 1085 566 1435 640; x_wconf 78' lang='lat' dir='ltr'>Aegyptum</span> <span class='ocrx_word' id='word_1_21' title='bbox 1483 565 1757 638; x_wconf 89' lang='lat' dir='ltr'>venisse,</span> <span class='ocrx_word' id='word_1_22' title='bbox 1800 566 2328 645; x_wconf 85' lang='lat' dir='ltr'>Apolloniumque</span> 
     </span>
    </p>
   </div>
   <div class='ocr_carea' id='block_1_5' title="bbox 755 664 2328 738">
    <p class='ocr_par' dir='ltr' id='par_1_5' title="bbox 755 664 2328 738">
     <span class='ocr_line' id='line_1_5' title="bbox 755 664 2328 738; baseline 0.006 -19"><span class='ocrx_word' id='word_1_23' title='bbox 755 678 874 720; x_wconf 93' lang='lat' dir='ltr'>una</span> <span class='ocrx_word' id='word_1_24' title='bbox 906 680 1045 722; x_wconf 91' lang='lat' dir='ltr'>cum</span> <span class='ocrx_word' id='word_1_25' title='bbox 1080 680 1155 723; x_wconf 85' lang='lat' dir='ltr'>eo</span> <span class='ocrx_word' id='word_1_26' title='bbox 1189 664 1491 738; x_wconf 87' lang='lat' dir='ltr'>invisisse,</span> <span class='ocrx_word' id='word_1_27' title='bbox 1529 676 1588 725; x_wconf 90' lang='lat' dir='ltr'>et</span> <span class='ocrx_word' id='word_1_28' title='bbox 1624 684 1657 726; x_wconf 90' lang='lat' dir='ltr'>e</span> <span class='ocrx_word' id='word_1_29' title='bbox 1691 685 1953 728; x_wconf 91' lang='lat' dir='ltr'>numero</span> <span class='ocrx_word' id='word_1_30' title='bbox 1981 686 2088 728; x_wconf 86' lang='lat' dir='ltr'>sex</span> <span class='ocrx_word' id='word_1_31' title='bbox 2116 669 2328 729; x_wconf 93' lang='lat' dir='ltr'>socio-</span> 
     </span>
    </p>
   </div>
   <div class='ocr_carea' id='block_1_6' title="bbox 750 762 2326 846">
    <p class='ocr_par' dir='ltr' id='par_1_6' title="bbox 750 762 2326 846">
     <span class='ocr_line' id='line_1_6' title="bbox 750 762 2326 846; baseline 0.007 -28"><span class='ocrx_word' id='word_1_32' title='bbox 750 778 889 820; x_wconf 89' lang='lat' dir='ltr'>rum</span> <span class='ocrx_word' id='word_1_33' title='bbox 927 762 1178 823; x_wconf 84' lang='lat' dir='ltr'>Palladii</span> <span class='ocrx_word' id='word_1_34' title='bbox 1213 765 1426 837; x_wconf 88' lang='lat' dir='ltr'>fuisse,</span> <span class='ocrx_word' id='word_1_35' title='bbox 1456 768 1563 844; x_wconf 88' lang='lat' dir='ltr'>qui</span> <span class='ocrx_word' id='word_1_36' title='bbox 1593 770 1895 828; x_wconf 82' lang='lat' dir='ltr'>Joannem</span> <span class='ocrx_word' id='word_1_37' title='bbox 1934 768 1997 827; x_wconf 90' lang='lat' dir='ltr'>in</span> <span class='ocrx_word' id='word_1_38' title='bbox 2028 771 2194 846; x_wconf 87' lang='lat' dir='ltr'>Lyco</span> <span class='ocrx_word' id='word_1_39' title='bbox 2226 788 2326 829; x_wconf 88' lang='lat' dir='ltr'>se-</span> 
     </span>
    </p>
   </div>
   <div class='ocr_carea' id='block_1_7' title="bbox 751 862 2328 943">
    <p class='ocr_par' dir='ltr' id='par_1_7' title="bbox 751 862 2328 943">
     <span class='ocr_line' id='line_1_7' title="bbox 751 862 2328 943; baseline 0.009 -26"><span class='ocrx_word' id='word_1_40' title='bbox 751 876 896 920; x_wconf 84' lang='lat' dir='ltr'>nem</span> <span class='ocrx_word' id='word_1_41' title='bbox 926 862 1235 923; x_wconf 89' lang='lat' dir='ltr'>adierunt.</span> <span class='ocrx_word' id='word_1_42' title='bbox 1275 866 1393 924; x_wconf 85' lang='lat' dir='ltr'>Sed</span> <span class='ocrx_word' id='word_1_43' title='bbox 1430 874 1498 926; x_wconf 91' lang='lat' dir='ltr'>ut</span> <span class='ocrx_word' id='word_1_44' title='bbox 1538 867 1649 928; x_wconf 87' lang='lat' dir='ltr'>ista</span> <span class='ocrx_word' id='word_1_45' title='bbox 1687 870 2136 943; x_wconf 80' lang='lat' dir='ltr'>argumentatio</span> <span class='ocrx_word' id='word_1_46' title='bbox 2165 870 2328 931; x_wconf 90' lang='lat' dir='ltr'>iusto</span> 
     </span>
    </p>
   </div>
   <div class='ocr_carea' id='block_1_8' title="bbox 750 960 2330 1048">
    <p class='ocr_par' dir='ltr' id='par_1_8' title="bbox 750 960 2330 1048">
     <span class='ocr_line' id='line_1_8' title="bbox 750 960 2330 1048; baseline 0.008 -28"><span class='ocrx_word' id='word_1_47' title='bbox 750 960 1155 1025; x_wconf 81' lang='lat' dir='ltr'>fundamento</span> <span class='ocrx_word' id='word_1_48' title='bbox 1188 966 1438 1039; x_wconf 81' lang='lat' dir='ltr'>nitatur,</span> <span class='ocrx_word' id='word_1_49' title='bbox 1473 986 1570 1027; x_wconf 91' lang='lat' dir='ltr'>res</span> <span class='ocrx_word' id='word_1_50' title='bbox 1603 970 1801 1045; x_wconf 79' lang='lat' dir='ltr'>gravis</span> <span class='ocrx_word' id='word_1_51' title='bbox 1830 970 2195 1048; x_wconf 87' lang='lat' dir='ltr'>explicanda</span> <span class='ocrx_word' id='word_1_52' title='bbox 2227 991 2330 1032; x_wconf 91' lang='lat' dir='ltr'>su-</span> 
     </span>
    </p>
   </div>
   <div class='ocr_carea' id='block_1_9' title="bbox 752 1064 2331 1147">
    <p class='ocr_par' dir='ltr' id='par_1_9' title="bbox 752 1064 2331 1147">
     <span class='ocr_line' id='line_1_9' title="bbox 752 1064 2331 1147; baseline 0.008 -26"><span class='ocrx_word' id='word_1_53' title='bbox 752 1071 981 1140; x_wconf 89' lang='lat' dir='ltr'>perest.</span> <span class='ocrx_word' id='word_1_54' title='bbox 1016 1064 1200 1125; x_wconf 88' lang='lat' dir='ltr'>Multa</span> <span class='ocrx_word' id='word_1_55' title='bbox 1235 1068 1401 1127; x_wconf 92' lang='lat' dir='ltr'>enim</span> <span class='ocrx_word' id='word_1_56' title='bbox 1436 1068 1635 1147; x_wconf 89' lang='lat' dir='ltr'>capita</span> <span class='ocrx_word' id='word_1_57' title='bbox 1672 1068 1814 1129; x_wconf 84' lang='lat' dir='ltr'>libri</span> <span class='ocrx_word' id='word_1_58' title='bbox 1855 1072 2136 1145; x_wconf 91' lang='lat' dir='ltr'>secundi,</span> <span class='ocrx_word' id='word_1_59' title='bbox 2168 1072 2331 1133; x_wconf 90' lang='lat' dir='ltr'>inter</span> 
     </span>
    </p>
   </div>
   <div class='ocr_carea' id='block_1_10' title="bbox 750 1166 2332 1248">
    <p class='ocr_par' dir='ltr' id='par_1_10' title="bbox 750 1166 2332 1248">
     <span class='ocr_line' id='line_1_10' title="bbox 750 1166 2332 1248; baseline 0.007 -28"><span class='ocrx_word' id='word_1_60' title='bbox 750 1180 913 1240; x_wconf 79' lang='lat' dir='ltr'>quae</span> <span class='ocrx_word' id='word_1_61' title='bbox 944 1170 1140 1224; x_wconf 90' lang='lat' dir='ltr'>totum</span> <span class='ocrx_word' id='word_1_62' title='bbox 1174 1166 1324 1227; x_wconf 91' lang='lat' dir='ltr'>illud</span> <span class='ocrx_word' id='word_1_63' title='bbox 1358 1168 1433 1228; x_wconf 89' lang='lat' dir='ltr'>de</span> <span class='ocrx_word' id='word_1_64' title='bbox 1470 1168 1828 1245; x_wconf 87' lang='lat' dir='ltr'>Apollonio,</span> <span class='ocrx_word' id='word_1_65' title='bbox 1864 1188 2063 1248; x_wconf 88' lang='lat' dir='ltr'>paene</span> <span class='ocrx_word' id='word_1_66' title='bbox 2092 1172 2168 1231; x_wconf 90' lang='lat' dir='ltr'>ad</span> <span class='ocrx_word' id='word_1_67' title='bbox 2202 1190 2332 1231; x_wconf 92' lang='lat' dir='ltr'>ver-</span> 
     </span>
    </p>
   </div>
   <div class='ocr_carea' id='block_1_11' title="bbox 752 1261 2328 1332">
    <p class='ocr_par' dir='ltr' id='par_1_11' title="bbox 752 1261 2328 1332">
     <span class='ocr_line' id='line_1_11' title="bbox 752 1261 2328 1332; baseline 0.008 -12"><span class='ocrx_word' id='word_1_68' title='bbox 752 1261 900 1321; x_wconf 88' lang='lat' dir='ltr'>bum</span> <span class='ocrx_word' id='word_1_69' title='bbox 960 1264 1022 1323; x_wconf 91' lang='lat' dir='ltr'>in</span> <span class='ocrx_word' id='word_1_70' title='bbox 1090 1266 1358 1326; x_wconf 89' lang='lat' dir='ltr'>Ilistoria</span> <span class='ocrx_word' id='word_1_71' title='bbox 1422 1269 1715 1329; x_wconf 87' lang='lat' dir='ltr'>Lausiaca</span> <span class='ocrx_word' id='word_1_72' title='bbox 1767 1269 2096 1331; x_wconf 84' lang='lat' dir='ltr'>habentur.</span> <span class='ocrx_word' id='word_1_73' title='bbox 2152 1272 2328 1332; x_wconf 85' lang='lat' dir='ltr'>Unde</span> 
     </span>
    </p>
   </div>
   <div class='ocr_carea' id='block_1_12' title="bbox 750 1360 1583 1435">
    <p class='ocr_par' dir='ltr' id='par_1_12' title="bbox 750 1360 1583 1435">
     <span class='ocr_line' id='line_1_12' title="bbox 750 1360 1583 1435; baseline 0.008 -17"><span class='ocrx_word' id='word_1_74' title='bbox 750 1360 935 1435; x_wconf 77' lang='lat' dir='ltr'>igitur</span> <span class='ocrx_word' id='word_1_75' title='bbox 966 1361 1117 1423; x_wconf 91' lang='lat' dir='ltr'>haec</span> <span class='ocrx_word' id='word_1_76' title='bbox 1147 1363 1583 1425; x_wconf 71' lang='lat' dir='ltr'>necessitudo?</span> 
     </span>
    </p>
   </div>
   <div class='ocr_carea' id='block_1_13' title="bbox 830 1465 2331 1544">
    <p class='ocr_par' dir='ltr' id='par_1_13' title="bbox 830 1465 2331 1544">
     <span class='ocr_line' id='line_1_13' title="bbox 830 1465 2331 1544; baseline 0.005 -23"><span class='ocrx_word' id='word_1_77' title='bbox 830 1465 1044 1535; x_wconf 88' lang='lat' dir='ltr'>Quam,</span> <span class='ocrx_word' id='word_1_78' title='bbox 1075 1466 1122 1524; x_wconf 90' lang='lat' dir='ltr'>si</span> <span class='ocrx_word' id='word_1_79' title='bbox 1153 1472 1487 1544; x_wconf 90' lang='lat' dir='ltr'>utrumque</span> <span class='ocrx_word' id='word_1_80' title='bbox 1520 1467 1743 1527; x_wconf 91' lang='lat' dir='ltr'>librum</span> <span class='ocrx_word' id='word_1_81' title='bbox 1776 1474 2062 1529; x_wconf 86' lang='lat' dir='ltr'>accurate</span> <span class='ocrx_word' id='word_1_82' title='bbox 2092 1469 2331 1529; x_wconf 84' lang='lat' dir='ltr'>exami-</span> 
     </span>
    </p>
   </div>
   <div class='ocr_carea' id='block_1_14' title="bbox 749 1566 2329 1647">
    <p class='ocr_par' dir='ltr' id='par_1_14' title="bbox 749 1566 2329 1647">
     <span class='ocr_line' id='line_1_14' title="bbox 749 1566 2329 1647; baseline 0.005 -25"><span class='ocrx_word' id='word_1_83' title='bbox 749 1566 1013 1637; x_wconf 89' lang='lat' dir='ltr'>naveris,</span> <span class='ocrx_word' id='word_1_84' title='bbox 1032 1567 1363 1627; x_wconf 82' lang='lat' dir='ltr'>maximam</span> <span class='ocrx_word' id='word_1_85' title='bbox 1386 1584 1521 1627; x_wconf 90' lang='lat' dir='ltr'>esse</span> <span class='ocrx_word' id='word_1_86' title='bbox 1544 1568 1843 1627; x_wconf 83' lang='lat' dir='ltr'>invenies.</span> <span class='ocrx_word' id='word_1_87' title='bbox 1862 1572 2013 1628; x_wconf 87' lang='lat' dir='ltr'>Nam</span> <span class='ocrx_word' id='word_1_88' title='bbox 2027 1588 2187 1647; x_wconf 90' lang='lat' dir='ltr'>quae</span> <span class='ocrx_word' id='word_1_89' title='bbox 2204 1570 2329 1631; x_wconf 92' lang='lat' dir='ltr'>illic</span> 
     </span>
    </p>
   </div>
   <div class='ocr_carea' id='block_1_15' title="bbox 749 1664 2328 1747">
    <p class='ocr_par' dir='ltr' id='par_1_15' title="bbox 749 1664 2328 1747">
     <span class='ocr_line' id='line_1_15' title="bbox 749 1664 2328 1747; baseline 0.006 -25"><span class='ocrx_word' id='word_1_90' title='bbox 749 1664 827 1723; x_wconf 89' lang='lat' dir='ltr'>de</span> <span class='ocrx_word' id='word_1_91' title='bbox 859 1667 1114 1726; x_wconf 90' lang='lat' dir='ltr'>senibus</span> <span class='ocrx_word' id='word_1_92' title='bbox 1141 1667 1474 1728; x_wconf 88' lang='lat' dir='ltr'>Thebaidis</span> <span class='ocrx_word' id='word_1_93' title='bbox 1505 1675 1564 1727; x_wconf 89' lang='lat' dir='ltr'>et</span> <span class='ocrx_word' id='word_1_94' title='bbox 1591 1669 2088 1730; x_wconf 88' lang='lat' dir='ltr'>circumiacentis</span> <span class='ocrx_word' id='word_1_95' title='bbox 2118 1672 2328 1747; x_wconf 86' lang='lat' dir='ltr'>regio-</span> 
     </span>
    </p>
   </div>
   <div class='ocr_carea' id='block_1_16' title="bbox 748 1766 2403 1866">
    <p class='ocr_par' dir='ltr' id='par_1_16' title="bbox 748 1766 2403 1866">
     <span class='ocr_line' id='line_1_16' title="bbox 748 1766 2403 1866; baseline 0.005 -43"><span class='ocrx_word' id='word_1_96' title='bbox 748 1766 847 1824; x_wconf 89' lang='lat' dir='ltr'>nis</span> <span class='ocrx_word' id='word_1_97' title='bbox 876 1766 1191 1843; x_wconf 90' lang='lat' dir='ltr'>leguntur,</span> <span class='ocrx_word' id='word_1_98' title='bbox 1219 1768 1394 1827; x_wconf 89' lang='lat' dir='ltr'>cuius</span> <span class='ocrx_word' id='word_1_99' title='bbox 1417 1769 1670 1845; x_wconf 90' lang='lat' dir='ltr'>quidem</span> <span class='ocrx_word' id='word_1_100' title='bbox 1703 1769 1948 1845; x_wconf 83' lang='lat' dir='ltr'>generis</span> <span class='ocrx_word' id='word_1_101' title='bbox 1972 1777 2138 1841; x_wconf 90' lang='lat' dir='ltr'>sunt,</span> <span class='ocrx_word' id='word_1_102' title='bbox 2166 1788 2327 1847; x_wconf 90' lang='lat' dir='ltr'>quae</span> <span class='ocrx_word' id='word_1_103' title='bbox 2363 1809 2403 1866; x_wconf 71' lang='grc' dir='ltr'><strong><em>Β</em></strong></span> 
     </span>
    </p>
   </div>
   <div class='ocr_carea' id='block_1_17' title="bbox 748 1866 2322 1949">
    <p class='ocr_par' dir='ltr' id='par_1_17' title="bbox 748 1866 2322 1949">
     <span class='ocr_line' id='line_1_17' title="bbox 748 1866 2322 1949; baseline 0.004 -24"><span class='ocrx_word' id='word_1_104' title='bbox 748 1866 825 1926; x_wconf 85' lang='lat' dir='ltr'>de</span> <span class='ocrx_word' id='word_1_105' title='bbox 852 1868 1092 1926; x_wconf 88' lang='lat' dir='ltr'>Joanne</span> <span class='ocrx_word' id='word_1_106' title='bbox 1120 1869 1183 1927; x_wconf 92' lang='lat' dir='ltr'>in</span> <span class='ocrx_word' id='word_1_107' title='bbox 1215 1872 1403 1943; x_wconf 69' lang='lat' dir='ltr'>Lyco,</span> <span class='ocrx_word' id='word_1_108' title='bbox 1442 1869 1663 1928; x_wconf 90' lang='lat' dir='ltr'>abbate</span> <span class='ocrx_word' id='word_1_109' title='bbox 1692 1871 1843 1941; x_wconf 88' lang='lat' dir='ltr'>Ben,</span> <span class='ocrx_word' id='word_1_110' title='bbox 1880 1870 2124 1931; x_wconf 87' lang='lat' dir='ltr'>civitate</span> <span class='ocrx_word' id='word_1_111' title='bbox 2154 1873 2322 1949; x_wconf 85' lang='lat' dir='ltr'>Oxy-</span> 
     </span>
    </p>
   </div>
   <div class='ocr_carea' id='block_1_18' title="bbox 748 1968 2325 2050">
    <p class='ocr_par' dir='ltr' id='par_1_18' title="bbox 748 1968 2325 2050">
     <span class='ocr_line' id='line_1_18' title="bbox 748 1968 2325 2050; baseline 0.003 -23"><span class='ocrx_word' id='word_1_112' title='bbox 748 1968 1013 2043; x_wconf 77' lang='lat' dir='ltr'>ryncho,</span> <span class='ocrx_word' id='word_1_113' title='bbox 1051 1969 1329 2042; x_wconf 90' lang='lat' dir='ltr'>Theonc,</span> <span class='ocrx_word' id='word_1_114' title='bbox 1370 1970 1725 2049; x_wconf 88' lang='lat' dir='ltr'>Apollonio,</span> <span class='ocrx_word' id='word_1_115' title='bbox 1767 1973 2053 2050; x_wconf 90' lang='lat' dir='ltr'>Coprete,</span> <span class='ocrx_word' id='word_1_116' title='bbox 2094 1989 2169 2032; x_wconf 90' lang='lat' dir='ltr'>ex</span> <span class='ocrx_word' id='word_1_117' title='bbox 2216 1989 2325 2033; x_wconf 91' lang='lat' dir='ltr'>ore</span> 
     </span>
    </p>
   </div>
   <div class='ocr_carea' id='block_1_19' title="bbox 746 2070 2325 2151">
    <p class='ocr_par' dir='ltr' id='par_1_19' title="bbox 746 2070 2325 2151">
     <span class='ocr_line' id='line_1_19' title="bbox 746 2070 2325 2151; baseline 0.004 -23"><span class='ocrx_word' id='word_1_118' title='bbox 746 2070 1026 2147; x_wconf 85' lang='lat' dir='ltr'>COpretis</span> <span class='ocrx_word' id='word_1_119' title='bbox 1070 2070 1147 2131; x_wconf 93' lang='lat' dir='ltr'>de</span> <span class='ocrx_word' id='word_1_120' title='bbox 1186 2072 1563 2132; x_wconf 88' lang='lat' dir='ltr'>Patermutio</span> <span class='ocrx_word' id='word_1_121' title='bbox 1591 2120 1604 2144; x_wconf 90' lang='lat'>,</span> <span class='ocrx_word' id='word_1_122' title='bbox 1654 2072 1879 2133; x_wconf 86' lang='lat' dir='ltr'>abbate</span> <span class='ocrx_word' id='word_1_123' title='bbox 1923 2074 2121 2151; x_wconf 76' lang='lat' dir='ltr'>Syro,</span> <span class='ocrx_word' id='word_1_124' title='bbox 2169 2074 2325 2135; x_wconf 88' lang='lat' dir='ltr'>Isaia</span> 
     </span>
    </p>
   </div>
   <div class='ocr_carea' id='block_1_20' title="bbox 747 2170 2327 2255">
    <p class='ocr_par' dir='ltr' id='par_1_20' title="bbox 747 2170 2327 2255">
     <span class='ocr_line' id='line_1_20' title="bbox 747 2170 2327 2255; baseline 0.005 -26"><span class='ocrx_word' id='word_1_125' title='bbox 747 2175 810 2229; x_wconf 90' lang='lat' dir='ltr'>et</span> <span class='ocrx_word' id='word_1_126' title='bbox 847 2170 1058 2241; x_wconf 90' lang='lat' dir='ltr'>Paulo,</span> <span class='ocrx_word' id='word_1_127' title='bbox 1101 2172 1179 2231; x_wconf 91' lang='lat' dir='ltr'>de</span> <span class='ocrx_word' id='word_1_128' title='bbox 1219 2172 1611 2249; x_wconf 75' lang='lat' dir='ltr'>Pithyrione,</span> <span class='ocrx_word' id='word_1_129' title='bbox 1645 2173 1931 2251; x_wconf 89' lang='lat' dir='ltr'>Eulogio,</span> <span class='ocrx_word' id='word_1_130' title='bbox 1976 2175 2215 2255; x_wconf 86' lang='lat' dir='ltr'>Apelle,</span> <span class='ocrx_word' id='word_1_131' title='bbox 2249 2194 2327 2237; x_wconf 84' lang='lat' dir='ltr'>ex</span> 
     </span>
    </p>
   </div>
   <div class='ocr_carea' id='block_1_21' title="bbox 748 2273 2327 2356">
    <p class='ocr_par' dir='ltr' id='par_1_21' title="bbox 748 2273 2327 2356">
     <span class='ocr_line' id='line_1_21' title="bbox 748 2273 2327 2356; baseline 0.006 -27"><span class='ocrx_word' id='word_1_132' title='bbox 748 2289 857 2332; x_wconf 92' lang='lat' dir='ltr'>ore</span> <span class='ocrx_word' id='word_1_133' title='bbox 888 2274 1120 2351; x_wconf 84' lang='lat' dir='ltr'>Apellis</span> <span class='ocrx_word' id='word_1_134' title='bbox 1166 2273 1243 2333; x_wconf 92' lang='lat' dir='ltr'>de</span> <span class='ocrx_word' id='word_1_135' title='bbox 1286 2276 1528 2335; x_wconf 87' lang='lat' dir='ltr'>Joanne</span> <span class='ocrx_word' id='word_1_136' title='bbox 1576 2276 1871 2353; x_wconf 89' lang='lat' dir='ltr'>quodam,</span> <span class='ocrx_word' id='word_1_137' title='bbox 1923 2276 2196 2356; x_wconf 86' lang='lat' dir='ltr'>denique</span> <span class='ocrx_word' id='word_1_138' title='bbox 2245 2277 2327 2339; x_wconf 90' lang='lat' dir='ltr'>de</span> 
     </span>
    </p>
   </div>
   <div class='ocr_carea' id='block_1_22' title="bbox 748 2374 2325 2452">
    <p class='ocr_par' dir='ltr' id='par_1_22' title="bbox 748 2374 2325 2452">
     <span class='ocr_line' id='line_1_22' title="bbox 748 2374 2325 2452; baseline 0.006 -21"><span class='ocrx_word' id='word_1_139' title='bbox 748 2374 1101 2452; x_wconf 88' lang='lat' dir='ltr'>Paphnutio</span> <span class='ocrx_word' id='word_1_140' title='bbox 1134 2374 1507 2447; x_wconf 89' lang='lat' dir='ltr'>referuntur,</span> <span class='ocrx_word' id='word_1_141' title='bbox 1544 2394 1615 2437; x_wconf 90' lang='lat' dir='ltr'>ea</span> <span class='ocrx_word' id='word_1_142' title='bbox 1649 2378 1857 2438; x_wconf 91' lang='lat' dir='ltr'>omnia</span> <span class='ocrx_word' id='word_1_143' title='bbox 1887 2384 2011 2437; x_wconf 90' lang='lat' dir='ltr'>tam</span> <span class='ocrx_word' id='word_1_144' title='bbox 2039 2386 2325 2441; x_wconf 85' lang='lat' dir='ltr'>accurate</span> 
     </span>
    </p>
   </div>
   <div class='ocr_carea' id='block_1_23' title="bbox 746 2475 2327 2550">
    <p class='ocr_par' dir='ltr' id='par_1_23' title="bbox 746 2475 2327 2550">
     <span class='ocr_line' id='line_1_23' title="bbox 746 2475 2327 2550; baseline 0.004 -17"><span class='ocrx_word' id='word_1_145' title='bbox 746 2475 1013 2535; x_wconf 82' lang='lat' dir='ltr'>Historia</span> <span class='ocrx_word' id='word_1_146' title='bbox 1057 2476 1349 2536; x_wconf 92' lang='lat' dir='ltr'>Lausiaca</span> <span class='ocrx_word' id='word_1_147' title='bbox 1406 2477 1830 2550; x_wconf 88' lang='lat' dir='ltr'>continentur,</span> <span class='ocrx_word' id='word_1_148' title='bbox 1871 2484 1941 2538; x_wconf 91' lang='lat' dir='ltr'>ut</span> <span class='ocrx_word' id='word_1_149' title='bbox 1982 2477 2115 2538; x_wconf 80' lang='lat' dir='ltr'>fere</span> <span class='ocrx_word' id='word_1_150' title='bbox 2156 2478 2327 2539; x_wconf 89' lang='lat' dir='ltr'>nulla</span> 
     </span>
    </p>
   </div>
   <div class='ocr_carea' id='block_1_24' title="bbox 746 2574 2327 2659">
    <p class='ocr_par' dir='ltr' id='par_1_24' title="bbox 746 2574 2327 2659">
     <span class='ocr_line' id='line_1_24' title="bbox 746 2574 2327 2659; baseline 0.004 -24"><span class='ocrx_word' id='word_1_151' title='bbox 746 2576 865 2635; x_wconf 89' lang='lat' dir='ltr'>nisi</span> <span class='ocrx_word' id='word_1_152' title='bbox 890 2574 1057 2635; x_wconf 89' lang='lat' dir='ltr'>latini</span> <span class='ocrx_word' id='word_1_153' title='bbox 1082 2583 1143 2636; x_wconf 91' lang='lat' dir='ltr'>et</span> <span class='ocrx_word' id='word_1_154' title='bbox 1174 2577 1379 2653; x_wconf 86' lang='lat' dir='ltr'>graeci</span> <span class='ocrx_word' id='word_1_155' title='bbox 1414 2578 1727 2639; x_wconf 89' lang='lat' dir='ltr'>idiomatis</span> <span class='ocrx_word' id='word_1_156' title='bbox 1758 2578 2112 2640; x_wconf 76' lang='lat' dir='ltr'>diﬂ‘erentia</span> <span class='ocrx_word' id='word_1_157' title='bbox 2141 2598 2327 2659; x_wconf 87' lang='lat' dir='ltr'>appa-</span> 
     </span>
    </p>
   </div>
   <div class='ocr_carea' id='block_1_25' title="bbox 748 2676 2329 2757">
    <p class='ocr_par' dir='ltr' id='par_1_25' title="bbox 748 2676 2329 2757">
     <span class='ocr_line' id='line_1_25' title="bbox 748 2676 2329 2757; baseline 0.004 -22"><span class='ocrx_word' id='word_1_158' title='bbox 748 2688 900 2736; x_wconf 90' lang='lat' dir='ltr'>reat.</span> <span class='ocrx_word' id='word_1_159' title='bbox 936 2676 1185 2755; x_wconf 85' lang='lat' dir='ltr'>Reliqui</span> <span class='ocrx_word' id='word_1_160' title='bbox 1212 2685 1420 2738; x_wconf 90' lang='lat' dir='ltr'>autem</span> <span class='ocrx_word' id='word_1_161' title='bbox 1457 2686 1583 2738; x_wconf 87' lang='lat' dir='ltr'>tres</span> <span class='ocrx_word' id='word_1_162' title='bbox 1609 2697 1791 2741; x_wconf 90' lang='lat' dir='ltr'>senes</span> <span class='ocrx_word' id='word_1_163' title='bbox 1828 2698 1861 2740; x_wconf 91' lang='lat' dir='ltr'>e</span> <span class='ocrx_word' id='word_1_164' title='bbox 1884 2681 2142 2757; x_wconf 86' lang='lat' dir='ltr'>regione</span> <span class='ocrx_word' id='word_1_165' title='bbox 2169 2680 2329 2742; x_wconf 90' lang='lat' dir='ltr'>The-</span> 
     </span>
    </p>
   </div>
   <div class='ocr_carea' id='block_1_26' title="bbox 746 2776 2329 2856">
    <p class='ocr_par' dir='ltr' id='par_1_26' title="bbox 746 2776 2329 2856">
     <span class='ocr_line' id='line_1_26' title="bbox 746 2776 2329 2856; baseline 0.003 -21"><span class='ocrx_word' id='word_1_166' title='bbox 746 2776 969 2849; x_wconf 89' lang='lat' dir='ltr'>baidis,</span> <span class='ocrx_word' id='word_1_167' title='bbox 998 2794 1264 2856; x_wconf 88' lang='lat' dir='ltr'>quorum</span> <span class='ocrx_word' id='word_1_168' title='bbox 1294 2778 1454 2839; x_wconf 90' lang='lat' dir='ltr'>liber</span> <span class='ocrx_word' id='word_1_169' title='bbox 1483 2779 1799 2839; x_wconf 90' lang='lat' dir='ltr'>secundus</span> <span class='ocrx_word' id='word_1_170' title='bbox 1830 2780 2213 2840; x_wconf 88' lang='lat' dir='ltr'>mentionem</span> <span class='ocrx_word' id='word_1_171' title='bbox 2238 2778 2329 2839; x_wconf 85' lang='lat' dir='ltr'>fa-</span> 
     </span>
    </p>
   </div>
   <div class='ocr_carea' id='block_1_27' title="bbox 747 2875 2327 2955">
    <p class='ocr_par' dir='ltr' id='par_1_27' title="bbox 747 2875 2327 2955">
     <span class='ocr_line' id='line_1_27' title="bbox 747 2875 2327 2955; baseline 0.002 -22"><span class='ocrx_word' id='word_1_172' title='bbox 747 2875 852 2946; x_wconf 89' lang='lat' dir='ltr'>cit,</span> <span class='ocrx_word' id='word_1_173' title='bbox 887 2876 1011 2935; x_wconf 90' lang='lat' dir='ltr'>duo</span> <span class='ocrx_word' id='word_1_174' title='bbox 1049 2882 1385 2937; x_wconf 88' lang='lat' dir='ltr'>Ammones</span> <span class='ocrx_word' id='word_1_175' title='bbox 1418 2876 1677 2949; x_wconf 84' lang='lat' dir='ltr'>scilicet,</span> <span class='ocrx_word' id='word_1_176' title='bbox 1711 2876 1788 2937; x_wconf 93' lang='lat' dir='ltr'>de</span> <span class='ocrx_word' id='word_1_177' title='bbox 1833 2877 2063 2955; x_wconf 88' lang='lat' dir='ltr'>quibus</span> <span class='ocrx_word' id='word_1_178' title='bbox 2104 2878 2327 2955; x_wconf 79' lang='lat' dir='ltr'>capiti-</span> 
     </span>
    </p>
   </div>
   <div class='ocr_carea' id='block_1_28' title="bbox 746 2972 2327 3047">
    <p class='ocr_par' dir='ltr' id='par_1_28' title="bbox 746 2972 2327 3047">
     <span class='ocr_line' id='line_1_28' title="bbox 746 2972 2327 3047; baseline 0.004 -15"><span class='ocrx_word' id='word_1_179' title='bbox 746 2972 866 3033; x_wconf 91' lang='lat' dir='ltr'>bus</span> <span class='ocrx_word' id='word_1_180' title='bbox 912 2976 983 3035; x_wconf 85' lang='lat' dir='ltr'>IV</span> <span class='ocrx_word' id='word_1_181' title='bbox 1017 2983 1077 3036; x_wconf 90' lang='lat' dir='ltr'>et</span> <span class='ocrx_word' id='word_1_182' title='bbox 1107 2977 1241 3036; x_wconf 80' lang='lat' dir='ltr'>V&#39;lII</span> <span class='ocrx_word' id='word_1_183' title='bbox 1289 2984 1594 3047; x_wconf 86' lang='lat' dir='ltr'>narratur,</span> <span class='ocrx_word' id='word_1_184' title='bbox 1629 2983 1688 3037; x_wconf 90' lang='lat' dir='ltr'>et</span> <span class='ocrx_word' id='word_1_185' title='bbox 1716 2976 1899 3047; x_wconf 85' lang='lat' dir='ltr'>Elias,</span> <span class='ocrx_word' id='word_1_186' title='bbox 1941 2976 2005 3035; x_wconf 93' lang='lat' dir='ltr'>in</span> <span class='ocrx_word' id='word_1_187' title='bbox 2036 2976 2327 3039; x_wconf 90' lang='lat' dir='ltr'>Lausiaca</span> 
     </span>
    </p>
   </div>
   <div class='ocr_carea' id='block_1_29' title="bbox 746 3073 2326 3154">
    <p class='ocr_par' dir='ltr' id='par_1_29' title="bbox 746 3073 2326 3154">
     <span class='ocr_line' id='line_1_29' title="bbox 746 3073 2326 3154; baseline 0.002 -22"><span class='ocrx_word' id='word_1_188' title='bbox 746 3073 931 3152; x_wconf 88' lang='lat' dir='ltr'>plane</span> <span class='ocrx_word' id='word_1_189' title='bbox 960 3076 1347 3137; x_wconf 86' lang='lat' dir='ltr'>omittuntur.</span> <span class='ocrx_word' id='word_1_190' title='bbox 1379 3076 1489 3137; x_wconf 90' lang='lat' dir='ltr'>Illa</span> <span class='ocrx_word' id='word_1_191' title='bbox 1520 3093 1666 3137; x_wconf 92' lang='lat' dir='ltr'>vero</span> <span class='ocrx_word' id='word_1_192' title='bbox 1701 3094 1862 3154; x_wconf 90' lang='lat' dir='ltr'>quae</span> <span class='ocrx_word' id='word_1_193' title='bbox 1895 3076 1972 3136; x_wconf 92' lang='lat' dir='ltr'>de</span> <span class='ocrx_word' id='word_1_194' title='bbox 2007 3077 2197 3137; x_wconf 82' lang='lat' dir='ltr'>Nitria</span> <span class='ocrx_word' id='word_1_195' title='bbox 2233 3076 2326 3137; x_wconf 92' lang='lat' dir='ltr'>ei-</span> 
     </span>
    </p>
   </div>
   <div class='ocr_carea' id='block_1_30' title="bbox 745 3154 2398 3255">
    <p class='ocr_par' dir='ltr' id='par_1_30' title="bbox 745 3154 2398 3255">
     <span class='ocr_line' id='line_1_30' title="bbox 745 3154 2398 3255; baseline 0.002 -20"><span class='ocrx_word' id='word_1_196' title='bbox 745 3194 870 3253; x_wconf 91' lang='lat' dir='ltr'>que</span> <span class='ocrx_word' id='word_1_197' title='bbox 901 3178 1275 3251; x_wconf 81' lang='lat' dir='ltr'>conﬁnibus,</span> <span class='ocrx_word' id='word_1_198' title='bbox 1308 3194 1578 3255; x_wconf 91' lang='lat' dir='ltr'>quorum</span> <span class='ocrx_word' id='word_1_199' title='bbox 1620 3194 1653 3237; x_wconf 88' lang='lat' dir='ltr'>e</span> <span class='ocrx_word' id='word_1_200' title='bbox 1684 3194 1950 3237; x_wconf 92' lang='lat' dir='ltr'>numero</span> <span class='ocrx_word' id='word_1_201' title='bbox 1994 3186 2139 3238; x_wconf 89' lang='lat' dir='ltr'>sunt</span> <span class='ocrx_word' id='word_1_202' title='bbox 2180 3197 2326 3239; x_wconf 90' lang='lat' dir='ltr'>nar-</span> <span class='ocrx_word' id='word_1_203' title='bbox 2356 3154 2398 3211; x_wconf 66' lang='grc' dir='ltr'><strong>δ</strong></span> 
     </span>
    </p>
   </div>
   <div class='ocr_carea' id='block_1_31' title="bbox 747 3278 2332 3355">
    <p class='ocr_par' dir='ltr' id='par_1_31' title="bbox 747 3278 2332 3355">
     <span class='ocr_line' id='line_1_31' title="bbox 747 3278 2332 3355; baseline 0.002 -18"><span class='ocrx_word' id='word_1_204' title='bbox 747 3278 903 3338; x_wconf 91' lang='lat' dir='ltr'>ratio</span> <span class='ocrx_word' id='word_1_205' title='bbox 930 3278 1008 3338; x_wconf 93' lang='lat' dir='ltr'>de</span> <span class='ocrx_word' id='word_1_206' title='bbox 1038 3280 1393 3352; x_wconf 91' lang='lat' dir='ltr'>Ammonio,</span> <span class='ocrx_word' id='word_1_207' title='bbox 1423 3280 1705 3355; x_wconf 91' lang='lat' dir='ltr'>Evagrio,</span> <span class='ocrx_word' id='word_1_208' title='bbox 1740 3279 1989 3351; x_wconf 89' lang='lat' dir='ltr'>Cronio,</span> <span class='ocrx_word' id='word_1_209' title='bbox 2022 3278 2100 3339; x_wconf 91' lang='lat' dir='ltr'>de</span> <span class='ocrx_word' id='word_1_210' title='bbox 2134 3281 2332 3341; x_wconf 87' lang='lat' dir='ltr'>Maca-</span> 
     </span>
    </p>
   </div>
   <div class='ocr_carea' id='block_1_32' title="bbox 746 3378 2329 3459">
    <p class='ocr_par' dir='ltr' id='par_1_32' title="bbox 746 3378 2329 3459">
     <span class='ocr_line' id='line_1_32' title="bbox 746 3378 2329 3459; baseline 0.003 -24"><span class='ocrx_word' id='word_1_211' title='bbox 746 3378 876 3450; x_wconf 90' lang='lat' dir='ltr'>riis,</span> <span class='ocrx_word' id='word_1_212' title='bbox 908 3378 985 3439; x_wconf 92' lang='lat' dir='ltr'>de</span> <span class='ocrx_word' id='word_1_213' title='bbox 1015 3383 1319 3440; x_wconf 89' lang='lat' dir='ltr'>Ammone</span> <span class='ocrx_word' id='word_1_214' title='bbox 1360 3381 1564 3459; x_wconf 91' lang='lat' dir='ltr'>primo</span> <span class='ocrx_word' id='word_1_215' title='bbox 1604 3380 1834 3440; x_wconf 87' lang='lat' dir='ltr'>Nitriae</span> <span class='ocrx_word' id='word_1_216' title='bbox 1880 3379 2217 3452; x_wconf 89' lang='lat' dir='ltr'>monacho,</span> <span class='ocrx_word' id='word_1_217' title='bbox 2250 3380 2329 3441; x_wconf 94' lang='lat' dir='ltr'>de</span> 
     </span>
    </p>
   </div>
   <div class='ocr_carea' id='block_1_33' title="bbox 746 3479 2330 3560">
    <p class='ocr_par' dir='ltr' id='par_1_33' title="bbox 746 3479 2330 3560">
     <span class='ocr_line' id='line_1_33' title="bbox 746 3479 2330 3560; baseline 0.003 -23"><span class='ocrx_word' id='word_1_218' title='bbox 746 3479 937 3540; x_wconf 89' lang='lat' dir='ltr'>Paulo</span> <span class='ocrx_word' id='word_1_219' title='bbox 954 3480 1273 3559; x_wconf 88' lang='lat' dir='ltr'>Simplice,</span> <span class='ocrx_word' id='word_1_220' title='bbox 1305 3481 1441 3559; x_wconf 91' lang='lat' dir='ltr'>ipsa</span> <span class='ocrx_word' id='word_1_221' title='bbox 1470 3499 1729 3560; x_wconf 91' lang='lat' dir='ltr'>quoque</span> <span class='ocrx_word' id='word_1_222' title='bbox 1772 3481 2048 3557; x_wconf 88' lang='lat' dir='ltr'>regionis</span> <span class='ocrx_word' id='word_1_223' title='bbox 2096 3480 2330 3541; x_wconf 88' lang='lat' dir='ltr'>descri-</span> 
     </span>
    </p>
   </div>
   <div class='ocr_carea' id='block_1_34' title="bbox 746 3578 2328 3659">
    <p class='ocr_par' dir='ltr' id='par_1_34' title="bbox 746 3578 2328 3659">
     <span class='ocr_line' id='line_1_34' title="bbox 746 3578 2328 3659; baseline 0 -21"><span class='ocrx_word' id='word_1_224' title='bbox 746 3580 903 3658; x_wconf 88' lang='lat' dir='ltr'>ptio,</span> <span class='ocrx_word' id='word_1_225' title='bbox 939 3598 1129 3659; x_wconf 89' lang='lat' dir='ltr'>porro</span> <span class='ocrx_word' id='word_1_226' title='bbox 1161 3598 1323 3659; x_wconf 90' lang='lat' dir='ltr'>quae</span> <span class='ocrx_word' id='word_1_227' title='bbox 1356 3580 1434 3641; x_wconf 93' lang='lat' dir='ltr'>de</span> <span class='ocrx_word' id='word_1_228' title='bbox 1465 3581 1720 3642; x_wconf 89' lang='lat' dir='ltr'>senibus</span> <span class='ocrx_word' id='word_1_229' title='bbox 1746 3578 2174 3651; x_wconf 82' lang='lat' dir='ltr'>Alexandriae,</span> <span class='ocrx_word' id='word_1_230' title='bbox 2200 3596 2328 3657; x_wconf 92' lang='lat' dir='ltr'>quo</span> 
     </span>
    </p>
   </div>
   <div class='ocr_carea' id='block_1_35' title="bbox 751 3679 2327 3759">
    <p class='ocr_par' dir='ltr' id='par_1_35' title="bbox 751 3679 2327 3759">
     <span class='ocr_line' id='line_1_35' title="bbox 751 3679 2327 3759; baseline 0 -18"><span class='ocrx_word' id='word_1_231' title='bbox 751 3682 1018 3759; x_wconf 82' lang='lat' dir='ltr'>pertinet</span> <span class='ocrx_word' id='word_1_232' title='bbox 1063 3681 1280 3742; x_wconf 88' lang='lat' dir='ltr'>relatio</span> <span class='ocrx_word' id='word_1_233' title='bbox 1332 3682 1411 3742; x_wconf 93' lang='lat' dir='ltr'>dc</span> <span class='ocrx_word' id='word_1_234' title='bbox 1453 3682 1695 3742; x_wconf 91' lang='lat' dir='ltr'>Isidoro</span> <span class='ocrx_word' id='word_1_235' title='bbox 1744 3680 1911 3741; x_wconf 90' lang='lat' dir='ltr'>etde</span> <span class='ocrx_word' id='word_1_236' title='bbox 1942 3679 2229 3757; x_wconf 81' lang='lat' dir='ltr'>Didymo,</span> <span class='ocrx_word' id='word_1_237' title='bbox 2262 3680 2327 3741; x_wconf 88' lang='lat' dir='ltr'>in</span> 
     </span>
    </p>
   </div>
   <div class='ocr_carea' id='block_1_36' title="bbox 747 3782 2330 3862">
    <p class='ocr_par' dir='ltr' id='par_1_36' title="bbox 747 3782 2330 3862">
     <span class='ocr_line' id='line_1_36' title="bbox 747 3782 2330 3862; baseline 0.001 -21"><span class='ocrx_word' id='word_1_238' title='bbox 747 3783 907 3843; x_wconf 92' lang='lat' dir='ltr'>libro</span> <span class='ocrx_word' id='word_1_239' title='bbox 925 3784 1203 3845; x_wconf 90' lang='lat' dir='ltr'>secundo</span> <span class='ocrx_word' id='word_1_240' title='bbox 1223 3791 1486 3856; x_wconf 80' lang='lat' dir='ltr'>exstant,</span> <span class='ocrx_word' id='word_1_241' title='bbox 1507 3802 1577 3845; x_wconf 91' lang='lat' dir='ltr'>ea</span> <span class='ocrx_word' id='word_1_242' title='bbox 1596 3783 1761 3862; x_wconf 91' lang='lat' dir='ltr'>apud</span> <span class='ocrx_word' id='word_1_243' title='bbox 1781 3782 2121 3843; x_wconf 85' lang='lat' dir='ltr'>Palladium</span> <span class='ocrx_word' id='word_1_244' title='bbox 2142 3782 2330 3859; x_wconf 91' lang='lat' dir='ltr'>longe</span> 
     </span>
    </p>
   </div>
   <div class='ocr_carea' id='block_1_37' title="bbox 750 3882 2328 3945">
    <p class='ocr_par' dir='ltr' id='par_1_37' title="bbox 750 3882 2328 3945">
     <span class='ocr_line' id='line_1_37' title="bbox 750 3882 2328 3945; baseline 0 -2"><span class='ocrx_word' id='word_1_245' title='bbox 750 3882 929 3943; x_wconf 87' lang='lat' dir='ltr'>aliter</span> <span class='ocrx_word' id='word_1_246' title='bbox 957 3890 1017 3944; x_wconf 93' lang='lat' dir='ltr'>et</span> <span class='ocrx_word' id='word_1_247' title='bbox 1045 3884 1239 3945; x_wconf 90' lang='lat' dir='ltr'>multo</span> <span class='ocrx_word' id='word_1_248' title='bbox 1274 3884 1528 3945; x_wconf 89' lang='lat' dir='ltr'>uberius</span> <span class='ocrx_word' id='word_1_249' title='bbox 1558 3884 2017 3945; x_wconf 90' lang='lat' dir='ltr'>describuntur.</span> <span class='ocrx_word' id='word_1_250' title='bbox 2048 3882 2221 3942; x_wconf 91' lang='lat' dir='ltr'>Idem</span> <span class='ocrx_word' id='word_1_251' title='bbox 2252 3882 2328 3943; x_wconf 89' lang='lat' dir='ltr'>de</span> 
     </span>
    </p>
   </div>
   <div class='ocr_carea' id='block_1_38' title="bbox 748 3984 2329 4063">
    <p class='ocr_par' dir='ltr' id='par_1_38' title="bbox 748 3984 2329 4063">
     <span class='ocr_line' id='line_1_38' title="bbox 748 3984 2329 4063; baseline 0.001 -22"><span class='ocrx_word' id='word_1_252' title='bbox 748 3986 1091 4063; x_wconf 84' lang='lat' dir='ltr'>Serapione</span> <span class='ocrx_word' id='word_1_253' title='bbox 1139 3985 1415 4061; x_wconf 91' lang='lat' dir='ltr'>regionis</span> <span class='ocrx_word' id='word_1_254' title='bbox 1463 3985 1806 4045; x_wconf 87' lang='lat' dir='ltr'>Arsenoitis</span> <span class='ocrx_word' id='word_1_255' title='bbox 1846 3984 2035 4054; x_wconf 90' lang='lat' dir='ltr'>valet;</span> <span class='ocrx_word' id='word_1_256' title='bbox 2068 3984 2145 4043; x_wconf 89' lang='lat' dir='ltr'>de</span> <span class='ocrx_word' id='word_1_257' title='bbox 2185 3984 2329 4043; x_wconf 89' lang='lat' dir='ltr'>Ori-</span> 
     </span>
    </p>
   </div>
   <div class='ocr_carea' id='block_1_39' title="bbox 748 4083 2325 4162">
    <p class='ocr_par' dir='ltr' id='par_1_39' title="bbox 748 4083 2325 4162">
     <span class='ocr_line' id='line_1_39' title="bbox 748 4083 2325 4162; baseline -0.002 -18"><span class='ocrx_word' id='word_1_258' title='bbox 748 4104 906 4162; x_wconf 89' lang='lat' dir='ltr'>gene</span> <span class='ocrx_word' id='word_1_259' title='bbox 928 4103 1077 4147; x_wconf 94' lang='lat' dir='ltr'>vero</span> <span class='ocrx_word' id='word_1_260' title='bbox 1111 4093 1171 4147; x_wconf 88' lang='lat' dir='ltr'>et</span> <span class='ocrx_word' id='word_1_261' title='bbox 1198 4088 1561 4147; x_wconf 88' lang='lat' dir='ltr'>Piammone</span> <span class='ocrx_word' id='word_1_262' title='bbox 1590 4085 1899 4146; x_wconf 91' lang='lat' dir='ltr'>Palladius</span> <span class='ocrx_word' id='word_1_263' title='bbox 1934 4083 2090 4144; x_wconf 90' lang='lat' dir='ltr'>nihil</span> <span class='ocrx_word' id='word_1_264' title='bbox 2120 4084 2325 4143; x_wconf 90' lang='lat' dir='ltr'>tradit.</span> 
     </span>
    </p>
   </div>
   <div class='ocr_carea' id='block_1_40' title="bbox 748 4183 2332 4265">
    <p class='ocr_par' dir='ltr' id='par_1_40' title="bbox 748 4183 2332 4265">
     <span class='ocr_line' id='line_1_40' title="bbox 748 4183 2332 4265; baseline -0.001 -21"><span class='ocrx_word' id='word_1_265' title='bbox 748 4186 832 4244; x_wconf 91' lang='lat' dir='ltr'>De</span> <span class='ocrx_word' id='word_1_266' title='bbox 864 4186 1084 4246; x_wconf 87' lang='lat' dir='ltr'>abbate</span> <span class='ocrx_word' id='word_1_267' title='bbox 1104 4188 1185 4246; x_wconf 93' lang='lat' dir='ltr'>Or</span> <span class='ocrx_word' id='word_1_268' title='bbox 1206 4188 1527 4265; x_wconf 90' lang='lat' dir='ltr'>quomodo</span> <span class='ocrx_word' id='word_1_269' title='bbox 1558 4194 1846 4247; x_wconf 90' lang='lat' dir='ltr'>auctores</span> <span class='ocrx_word' id='word_1_270' title='bbox 1875 4185 2038 4245; x_wconf 90' lang='lat' dir='ltr'>inter</span> <span class='ocrx_word' id='word_1_271' title='bbox 2060 4200 2127 4245; x_wconf 90' lang='lat' dir='ltr'>se</span> <span class='ocrx_word' id='word_1_272' title='bbox 2156 4183 2332 4243; x_wconf 81' lang='lat' dir='ltr'>diffe-</span> 
     </span>
    </p>
   </div>
   <div class='ocr_carea' id='block_1_41' title="bbox 746 4285 2329 4366">
    <p class='ocr_par' dir='ltr' id='par_1_41' title="bbox 746 4285 2329 4366">
     <span class='ocr_line' id='line_1_41' title="bbox 746 4285 2329 4366; baseline -0.002 -21"><span class='ocrx_word' id='word_1_273' title='bbox 746 4292 909 4357; x_wconf 91' lang='lat' dir='ltr'>rant,</span> <span class='ocrx_word' id='word_1_274' title='bbox 942 4285 1100 4345; x_wconf 90' lang='lat' dir='ltr'>infra</span> <span class='ocrx_word' id='word_1_275' title='bbox 1130 4292 1502 4364; x_wconf 82' lang='lat' dir='ltr'>exponetur.</span> <span class='ocrx_word' id='word_1_276' title='bbox 1534 4287 1834 4366; x_wconf 88' lang='lat' dir='ltr'>Epilogus</span> <span class='ocrx_word' id='word_1_277' title='bbox 1868 4286 2165 4363; x_wconf 90' lang='lat' dir='ltr'>denique,</span> <span class='ocrx_word' id='word_1_278' title='bbox 2202 4302 2329 4361; x_wconf 90' lang='lat' dir='ltr'>quo</span> 
     </span>
    </p>
   </div>
   <div class='ocr_carea' id='block_1_42' title="bbox 746 4383 2327 4465">
    <p class='ocr_par' dir='ltr' id='par_1_42' title="bbox 746 4383 2327 4465">
     <span class='ocr_line' id='line_1_42' title="bbox 746 4383 2327 4465; baseline 0.001 -21"><span class='ocrx_word' id='word_1_279' title='bbox 746 4383 906 4445; x_wconf 93' lang='lat' dir='ltr'>liber</span> <span class='ocrx_word' id='word_1_280' title='bbox 938 4388 1252 4448; x_wconf 91' lang='lat' dir='ltr'>secundus</span> <span class='ocrx_word' id='word_1_281' title='bbox 1288 4388 1475 4448; x_wconf 84' lang='lat' dir='ltr'>ﬁnem</span> <span class='ocrx_word' id='word_1_282' title='bbox 1512 4388 1755 4448; x_wconf 91' lang='lat' dir='ltr'>itineris</span> <span class='ocrx_word' id='word_1_283' title='bbox 1788 4385 2151 4465; x_wconf 87' lang='lat' dir='ltr'>Aegyptiaci</span> <span class='ocrx_word' id='word_1_284' title='bbox 2182 4403 2327 4445; x_wconf 92' lang='lat' dir='ltr'>nar-</span> 
     </span>
    </p>
   </div>
   <div class='ocr_carea' id='block_1_43' title="bbox 2430 568 4008 648">
    <p class='ocr_par' dir='ltr' id='par_1_43' title="bbox 2430 568 4008 648">
     <span class='ocr_line' id='line_1_43' title="bbox 2430 568 4008 648; baseline 0.004 -21"><span class='ocrx_word' id='word_1_285' title='bbox 2430 568 2715 643; x_wconf 89' lang='lat' dir='ltr'>istorum,</span> <span class='ocrx_word' id='word_1_286' title='bbox 2761 570 2869 648; x_wconf 91' lang='lat' dir='ltr'>qui</span> <span class='ocrx_word' id='word_1_287' title='bbox 2902 570 2979 629; x_wconf 91' lang='lat' dir='ltr'>de</span> <span class='ocrx_word' id='word_1_288' title='bbox 3009 569 3115 641; x_wconf 61' lang='lat'>25</span> <span class='ocrx_word' id='word_1_289' title='bbox 3146 571 3401 631; x_wconf 91' lang='lat' dir='ltr'>senibus</span> <span class='ocrx_word' id='word_1_290' title='bbox 3432 571 3763 632; x_wconf 88' lang='lat' dir='ltr'>Thebaidis</span> <span class='ocrx_word' id='word_1_291' title='bbox 3792 573 4008 633; x_wconf 87' lang='lat' dir='ltr'>eadem</span> 
     </span>
    </p>
   </div>
   <div class='ocr_carea' id='block_1_44' title="bbox 2432 670 3735 749">
    <p class='ocr_par' dir='ltr' id='par_1_44' title="bbox 2432 670 3735 749">
     <span class='ocr_line' id='line_1_44' title="bbox 2432 670 3735 749; baseline 0.001 -18"><span class='ocrx_word' id='word_1_292' title='bbox 2432 670 2655 745; x_wconf 90' lang='lat' dir='ltr'>eodem</span> <span class='ocrx_word' id='word_1_293' title='bbox 2692 670 2875 749; x_wconf 89' lang='lat' dir='ltr'>plane</span> <span class='ocrx_word' id='word_1_294' title='bbox 2908 672 3096 731; x_wconf 91' lang='lat' dir='ltr'>modo</span> <span class='ocrx_word' id='word_1_295' title='bbox 3134 679 3405 744; x_wconf 88' lang='lat' dir='ltr'>narrant,</span> <span class='ocrx_word' id='word_1_296' title='bbox 3441 679 3577 732; x_wconf 90' lang='lat' dir='ltr'>nata</span> <span class='ocrx_word' id='word_1_297' title='bbox 3605 670 3735 733; x_wconf 81' lang='lat' dir='ltr'>est?</span> 
     </span>
    </p>
   </div>
   <div class='ocr_carea' id='block_1_45' title="bbox 2512 770 4007 851">
    <p class='ocr_par' dir='ltr' id='par_1_45' title="bbox 2512 770 4007 851">
     <span class='ocr_line' id='line_1_45' title="bbox 2512 770 4007 851; baseline 0.003 -22"><span class='ocrx_word' id='word_1_298' title='bbox 2512 772 2635 829; x_wconf 91' lang='lat' dir='ltr'>Res</span> <span class='ocrx_word' id='word_1_299' title='bbox 2657 788 2806 831; x_wconf 90' lang='lat' dir='ltr'>sane</span> <span class='ocrx_word' id='word_1_300' title='bbox 2828 771 3064 850; x_wconf 91' lang='lat' dir='ltr'>duplici</span> <span class='ocrx_word' id='word_1_301' title='bbox 3086 770 3323 831; x_wconf 85' lang='lat' dir='ltr'>tantum</span> <span class='ocrx_word' id='word_1_302' title='bbox 3351 772 3539 831; x_wconf 91' lang='lat' dir='ltr'>modo</span> <span class='ocrx_word' id='word_1_303' title='bbox 3569 772 3866 849; x_wconf 87' lang='lat' dir='ltr'>explicari</span> <span class='ocrx_word' id='word_1_304' title='bbox 3890 790 4007 851; x_wconf 93' lang='lat' dir='ltr'>po-</span> 
     </span>
    </p>
   </div>
   <div class='ocr_carea' id='block_1_46' title="bbox 2430 871 4010 949">
    <p class='ocr_par' dir='ltr' id='par_1_46' title="bbox 2430 871 4010 949">
     <span class='ocr_line' id='line_1_46' title="bbox 2430 871 4010 949; baseline 0.003 -20"><span class='ocrx_word' id='word_1_305' title='bbox 2430 875 2571 930; x_wconf 88' lang='lat' dir='ltr'>test.</span> <span class='ocrx_word' id='word_1_306' title='bbox 2606 875 2725 931; x_wconf 88' lang='lat' dir='ltr'>Aut</span> <span class='ocrx_word' id='word_1_307' title='bbox 2754 871 2923 932; x_wconf 91' lang='lat' dir='ltr'>enim</span> <span class='ocrx_word' id='word_1_308' title='bbox 2955 871 3109 932; x_wconf 90' lang='lat' dir='ltr'>alter</span> <span class='ocrx_word' id='word_1_309' title='bbox 3143 872 3412 949; x_wconf 90' lang='lat' dir='ltr'>scriptor</span> <span class='ocrx_word' id='word_1_310' title='bbox 3438 872 3569 949; x_wconf 90' lang='lat' dir='ltr'>ipse</span> <span class='ocrx_word' id='word_1_311' title='bbox 3606 871 3830 932; x_wconf 89' lang='lat' dir='ltr'>librum</span> <span class='ocrx_word' id='word_1_312' title='bbox 3860 872 4010 933; x_wconf 88' lang='lat' dir='ltr'>alte-</span> 
     </span>
    </p>
   </div>
   <div class='ocr_carea' id='block_1_47' title="bbox 2430 973 4010 1054">
    <p class='ocr_par' dir='ltr' id='par_1_47' title="bbox 2430 973 4010 1054">
     <span class='ocr_line' id='line_1_47' title="bbox 2430 973 4010 1054; baseline 0.001 -21"><span class='ocrx_word' id='word_1_313' title='bbox 2430 973 2559 1035; x_wconf 90' lang='lat' dir='ltr'>rius</span> <span class='ocrx_word' id='word_1_314' title='bbox 2579 992 2613 1035; x_wconf 94' lang='lat' dir='ltr'>e</span> <span class='ocrx_word' id='word_1_315' title='bbox 2634 975 2940 1054; x_wconf 89' lang='lat' dir='ltr'>capitibus</span> <span class='ocrx_word' id='word_1_316' title='bbox 2970 974 3091 1035; x_wconf 91' lang='lat' dir='ltr'>illis</span> <span class='ocrx_word' id='word_1_317' title='bbox 3114 974 3191 1035; x_wconf 92' lang='lat' dir='ltr'>de</span> <span class='ocrx_word' id='word_1_318' title='bbox 3214 974 3473 1034; x_wconf 86' lang='lat' dir='ltr'>senibus</span> <span class='ocrx_word' id='word_1_319' title='bbox 3490 973 3820 1034; x_wconf 86' lang='lat' dir='ltr'>Thebaidis</span> <span class='ocrx_word' id='word_1_320' title='bbox 3841 991 4010 1035; x_wconf 75' lang='lat' dir='ltr'>com-</span> 
     </span>
    </p>
   </div>
   <div class='ocr_carea' id='block_1_48' title="bbox 2432 1070 4002 1150">
    <p class='ocr_par' dir='ltr' id='par_1_48' title="bbox 2432 1070 4002 1150">
     <span class='ocr_line' id='line_1_48' title="bbox 2432 1070 4002 1150; baseline 0 -19"><span class='ocrx_word' id='word_1_321' title='bbox 2432 1071 2665 1149; x_wconf 88' lang='lat' dir='ltr'>pilavit,</span> <span class='ocrx_word' id='word_1_322' title='bbox 2699 1080 2805 1133; x_wconf 92' lang='lat' dir='ltr'>aut</span> <span class='ocrx_word' id='word_1_323' title='bbox 2849 1073 3067 1133; x_wconf 89' lang='lat' dir='ltr'>tertius</span> <span class='ocrx_word' id='word_1_324' title='bbox 3096 1071 3350 1150; x_wconf 91' lang='lat' dir='ltr'>quidam</span> <span class='ocrx_word' id='word_1_325' title='bbox 3384 1072 3593 1149; x_wconf 91' lang='lat' dir='ltr'>spuria</span> <span class='ocrx_word' id='word_1_326' title='bbox 3630 1070 3733 1131; x_wconf 92' lang='lat' dir='ltr'>illa</span> <span class='ocrx_word' id='word_1_327' title='bbox 3777 1071 4002 1131; x_wconf 89' lang='lat' dir='ltr'>intulit.</span> 
     </span>
    </p>
   </div>
   <div class='ocr_carea' id='block_1_49' title="bbox 2431 1169 4003 1247">
    <p class='ocr_par' dir='ltr' id='par_1_49' title="bbox 2431 1169 4003 1247">
     <span class='ocr_line' id='line_1_49' title="bbox 2431 1169 4003 1247; baseline -0.001 -17"><span class='ocrx_word' id='word_1_328' title='bbox 2431 1172 2747 1231; x_wconf 85' lang='lat' dir='ltr'>Posterius</span> <span class='ocrx_word' id='word_1_329' title='bbox 2804 1170 2987 1231; x_wconf 88' lang='lat' dir='ltr'>statui</span> <span class='ocrx_word' id='word_1_330' title='bbox 3036 1170 3274 1247; x_wconf 90' lang='lat' dir='ltr'>nequit.</span> <span class='ocrx_word' id='word_1_331' title='bbox 3328 1170 3479 1228; x_wconf 91' lang='lat' dir='ltr'>Nam</span> <span class='ocrx_word' id='word_1_332' title='bbox 3529 1169 3798 1229; x_wconf 87' lang='lat' dir='ltr'>Historia</span> <span class='ocrx_word' id='word_1_333' title='bbox 3846 1171 4003 1230; x_wconf 88' lang='lat' dir='ltr'>Lau-</span> 
     </span>
    </p>
   </div>
   <div class='ocr_carea' id='block_1_50' title="bbox 2432 1268 4005 1346">
    <p class='ocr_par' dir='ltr' id='par_1_50' title="bbox 2432 1268 4005 1346">
     <span class='ocr_line' id='line_1_50' title="bbox 2432 1268 4005 1346; baseline -0.001 -15"><span class='ocrx_word' id='word_1_334' title='bbox 2432 1272 2594 1331; x_wconf 89' lang='lat' dir='ltr'>siaca</span> <span class='ocrx_word' id='word_1_335' title='bbox 2626 1271 2913 1331; x_wconf 90' lang='lat' dir='ltr'>codicum</span> <span class='ocrx_word' id='word_1_336' title='bbox 2938 1268 3521 1329; x_wconf 84' lang='lat' dir='ltr'>Vindobonensium</span> <span class='ocrx_word' id='word_1_337' title='bbox 3546 1268 3626 1327; x_wconf 90' lang='lat' dir='ltr'>ita</span> <span class='ocrx_word' id='word_1_338' title='bbox 3652 1276 4005 1346; x_wconf 89' lang='lat' dir='ltr'>comparata</span> 
     </span>
    </p>
   </div>
   <div class='ocr_carea' id='block_1_51' title="bbox 2431 1369 4003 1447">
    <p class='ocr_par' dir='ltr' id='par_1_51' title="bbox 2431 1369 4003 1447">
     <span class='ocr_line' id='line_1_51' title="bbox 2431 1369 4003 1447; baseline -0.001 -17"><span class='ocrx_word' id='word_1_339' title='bbox 2431 1376 2544 1442; x_wconf 90' lang='lat' dir='ltr'>est,</span> <span class='ocrx_word' id='word_1_340' title='bbox 2578 1377 2644 1429; x_wconf 93' lang='lat' dir='ltr'>ut</span> <span class='ocrx_word' id='word_1_341' title='bbox 2675 1370 2751 1431; x_wconf 88' lang='lat' dir='ltr'>de</span> <span class='ocrx_word' id='word_1_342' title='bbox 2784 1376 2876 1430; x_wconf 94' lang='lat' dir='ltr'>tot</span> <span class='ocrx_word' id='word_1_343' title='bbox 2912 1370 3219 1447; x_wconf 88' lang='lat' dir='ltr'>capitibus</span> <span class='ocrx_word' id='word_1_344' title='bbox 3252 1370 3480 1446; x_wconf 88' lang='lat' dir='ltr'>spuriis</span> <span class='ocrx_word' id='word_1_345' title='bbox 3516 1369 3789 1444; x_wconf 90' lang='lat' dir='ltr'>cogitare</span> <span class='ocrx_word' id='word_1_346' title='bbox 3821 1388 4003 1446; x_wconf 86' lang='lat' dir='ltr'>pror-</span> 
     </span>
    </p>
   </div>
   <div class='ocr_carea' id='block_1_52' title="bbox 2431 1468 4004 1549">
    <p class='ocr_par' dir='ltr' id='par_1_52' title="bbox 2431 1468 4004 1549">
     <span class='ocr_line' id='line_1_52' title="bbox 2431 1468 4004 1549; baseline 0 -20"><span class='ocrx_word' id='word_1_347' title='bbox 2431 1488 2537 1531; x_wconf 91' lang='lat' dir='ltr'>sus</span> <span class='ocrx_word' id='word_1_348' title='bbox 2581 1487 2889 1549; x_wconf 90' lang='lat' dir='ltr'>nequeas;</span> <span class='ocrx_word' id='word_1_349' title='bbox 2923 1470 3019 1529; x_wconf 91' lang='lat' dir='ltr'>sin</span> <span class='ocrx_word' id='word_1_350' title='bbox 3061 1469 3263 1546; x_wconf 91' lang='lat' dir='ltr'>capita</span> <span class='ocrx_word' id='word_1_351' title='bbox 3314 1470 3428 1528; x_wconf 87' lang='lat' dir='ltr'>ista</span> <span class='ocrx_word' id='word_1_352' title='bbox 3466 1486 3499 1530; x_wconf 91' lang='lat' dir='ltr'>e</span> <span class='ocrx_word' id='word_1_353' title='bbox 3546 1468 3813 1528; x_wconf 87' lang='lat' dir='ltr'>Historia</span> <span class='ocrx_word' id='word_1_354' title='bbox 3845 1471 4004 1529; x_wconf 84' lang='lat' dir='ltr'>Lau-</span> 
     </span>
    </p>
   </div>
   <div class='ocr_carea' id='block_1_53' title="bbox 2431 1568 4007 1647">
    <p class='ocr_par' dir='ltr' id='par_1_53' title="bbox 2431 1568 4007 1647">
     <span class='ocr_line' id='line_1_53' title="bbox 2431 1568 4007 1647; baseline -0.001 -18"><span class='ocrx_word' id='word_1_355' title='bbox 2431 1571 2595 1631; x_wconf 89' lang='lat' dir='ltr'>siaca</span> <span class='ocrx_word' id='word_1_356' title='bbox 2636 1579 2935 1647; x_wconf 87' lang='lat' dir='ltr'>tanquam</span> <span class='ocrx_word' id='word_1_357' title='bbox 2988 1570 3198 1647; x_wconf 90' lang='lat' dir='ltr'>spuria</span> <span class='ocrx_word' id='word_1_358' title='bbox 3249 1568 3530 1641; x_wconf 88' lang='lat' dir='ltr'>tolleres,</span> <span class='ocrx_word' id='word_1_359' title='bbox 3580 1577 3817 1647; x_wconf 89' lang='lat' dir='ltr'>partem</span> <span class='ocrx_word' id='word_1_360' title='bbox 3868 1568 4007 1629; x_wconf 92' lang='lat' dir='ltr'>libri</span> 
     </span>
    </p>
   </div>
   <div class='ocr_carea' id='block_1_54' title="bbox 2430 1668 4008 1747">
    <p class='ocr_par' dir='ltr' id='par_1_54' title="bbox 2430 1668 4008 1747">
     <span class='ocr_line' id='line_1_54' title="bbox 2430 1668 4008 1747; baseline 0.001 -19"><span class='ocrx_word' id='word_1_361' title='bbox 2430 1668 2736 1747; x_wconf 89' lang='lat' dir='ltr'>integram</span> <span class='ocrx_word' id='word_1_362' title='bbox 2768 1670 3179 1730; x_wconf 88' lang='lat' dir='ltr'>desiderares.</span> <span class='ocrx_word' id='word_1_363' title='bbox 3213 1668 3393 1728; x_wconf 89' lang='lat' dir='ltr'>Liber</span> <span class='ocrx_word' id='word_1_364' title='bbox 3430 1686 3576 1730; x_wconf 90' lang='lat' dir='ltr'>vero</span> <span class='ocrx_word' id='word_1_365' title='bbox 3615 1669 3928 1730; x_wconf 90' lang='lat' dir='ltr'>secundus</span> <span class='ocrx_word' id='word_1_366' title='bbox 3958 1670 4008 1729; x_wconf 89' lang='lat' dir='ltr'>si</span> 
     </span>
    </p>
   </div>
   <div class='ocr_carea' id='block_1_55' title="bbox 2432 1768 4006 1849">
    <p class='ocr_par' dir='ltr' id='par_1_55' title="bbox 2432 1768 4006 1849">
     <span class='ocr_line' id='line_1_55' title="bbox 2432 1768 4006 1849; baseline -0.001 -18"><span class='ocrx_word' id='word_1_367' title='bbox 2432 1772 2632 1848; x_wconf 86' lang='lat' dir='ltr'>capita</span> <span class='ocrx_word' id='word_1_368' title='bbox 2660 1772 2775 1830; x_wconf 93' lang='lat' dir='ltr'>ista</span> <span class='ocrx_word' id='word_1_369' title='bbox 2799 1770 2876 1830; x_wconf 92' lang='lat' dir='ltr'>de</span> <span class='ocrx_word' id='word_1_370' title='bbox 2898 1770 3154 1831; x_wconf 89' lang='lat' dir='ltr'>senibus</span> <span class='ocrx_word' id='word_1_371' title='bbox 3173 1768 3505 1829; x_wconf 89' lang='lat' dir='ltr'>Thebaidis</span> <span class='ocrx_word' id='word_1_372' title='bbox 3534 1777 3829 1847; x_wconf 90' lang='lat' dir='ltr'>tanquam</span> <span class='ocrx_word' id='word_1_373' title='bbox 3854 1788 4006 1849; x_wconf 90' lang='lat' dir='ltr'>spu—</span> 
     </span>
    </p>
   </div>
   <div class='ocr_carea' id='block_1_56' title="bbox 2432 1870 3725 1943">
    <p class='ocr_par' dir='ltr' id='par_1_56' title="bbox 2432 1870 3725 1943">
     <span class='ocr_line' id='line_1_56' title="bbox 2432 1870 3725 1943; baseline -0.001 -13"><span class='ocrx_word' id='word_1_374' title='bbox 2432 1871 2521 1931; x_wconf 91' lang='lat' dir='ltr'>ria</span> <span class='ocrx_word' id='word_1_375' title='bbox 2557 1870 2871 1943; x_wconf 91' lang='lat' dir='ltr'>tollantur,</span> <span class='ocrx_word' id='word_1_376' title='bbox 2902 1871 3002 1930; x_wconf 88' lang='lat' dir='ltr'>vix</span> <span class='ocrx_word' id='word_1_377' title='bbox 3042 1870 3181 1928; x_wconf 89' lang='lat' dir='ltr'>libri</span> <span class='ocrx_word' id='word_1_378' title='bbox 3215 1886 3446 1928; x_wconf 90' lang='lat' dir='ltr'>nomen</span> <span class='ocrx_word' id='word_1_379' title='bbox 3480 1870 3725 1929; x_wconf 83' lang='lat' dir='ltr'>retinet.</span> 
     </span>
    </p>
   </div>
   <div class='ocr_carea' id='block_1_57' title="bbox 2507 1969 4008 2047">
    <p class='ocr_par' dir='ltr' id='par_1_57' title="bbox 2507 1969 4008 2047">
     <span class='ocr_line' id='line_1_57' title="bbox 2507 1969 4008 2047; baseline 0 -17"><span class='ocrx_word' id='word_1_380' title='bbox 2507 1970 2946 2031; x_wconf 71' lang='lat' dir='ltr'>Difﬁcillimum</span> <span class='ocrx_word' id='word_1_381' title='bbox 2991 1970 3178 2047; x_wconf 89' lang='lat' dir='ltr'>igitur</span> <span class='ocrx_word' id='word_1_382' title='bbox 3212 1977 3305 2030; x_wconf 90' lang='lat' dir='ltr'>est</span> <span class='ocrx_word' id='word_1_383' title='bbox 3346 1970 3423 2030; x_wconf 90' lang='lat' dir='ltr'>ad</span> <span class='ocrx_word' id='word_1_384' title='bbox 3461 1970 3867 2043; x_wconf 90' lang='lat' dir='ltr'>credendum,</span> <span class='ocrx_word' id='word_1_385' title='bbox 3905 1969 4008 2030; x_wconf 83' lang='lat' dir='ltr'>illa</span> 
     </span>
    </p>
   </div>
   <div class='ocr_carea' id='block_1_58' title="bbox 2429 2070 4006 2151">
    <p class='ocr_par' dir='ltr' id='par_1_58' title="bbox 2429 2070 4006 2151">
     <span class='ocr_line' id='line_1_58' title="bbox 2429 2070 4006 2151; baseline -0.001 -18"><span class='ocrx_word' id='word_1_386' title='bbox 2429 2072 2632 2151; x_wconf 88' lang='lat' dir='ltr'>capita</span> <span class='ocrx_word' id='word_1_387' title='bbox 2662 2072 2727 2133; x_wconf 91' lang='lat' dir='ltr'>in</span> <span class='ocrx_word' id='word_1_388' title='bbox 2766 2071 3068 2131; x_wconf 89' lang='lat' dir='ltr'>alterutro</span> <span class='ocrx_word' id='word_1_389' title='bbox 3099 2070 3281 2143; x_wconf 89' lang='lat' dir='ltr'>libro,</span> <span class='ocrx_word' id='word_1_390' title='bbox 3315 2076 3419 2130; x_wconf 92' lang='lat' dir='ltr'>aut</span> <span class='ocrx_word' id='word_1_391' title='bbox 3446 2070 3511 2131; x_wconf 91' lang='lat' dir='ltr'>in</span> <span class='ocrx_word' id='word_1_392' title='bbox 3540 2078 3830 2149; x_wconf 86' lang='lat' dir='ltr'>utroque,</span> <span class='ocrx_word' id='word_1_393' title='bbox 3855 2090 4006 2149; x_wconf 92' lang='lat' dir='ltr'>spu-</span> 
     </span>
    </p>
   </div>
   <div class='ocr_carea' id='block_1_59' title="bbox 2429 2171 4010 2245">
    <p class='ocr_par' dir='ltr' id='par_1_59' title="bbox 2429 2171 4010 2245">
     <span class='ocr_line' id='line_1_59' title="bbox 2429 2171 4010 2245; baseline -0.003 -10"><span class='ocrx_word' id='word_1_394' title='bbox 2429 2173 2518 2235; x_wconf 91' lang='lat' dir='ltr'>ria</span> <span class='ocrx_word' id='word_1_395' title='bbox 2544 2190 2703 2233; x_wconf 91' lang='lat' dir='ltr'>esse.</span> <span class='ocrx_word' id='word_1_396' title='bbox 2727 2174 2958 2233; x_wconf 88' lang='lat' dir='ltr'>Verum</span> <span class='ocrx_word' id='word_1_397' title='bbox 2990 2171 3223 2231; x_wconf 91' lang='lat' dir='ltr'>multae</span> <span class='ocrx_word' id='word_1_398' title='bbox 3254 2172 3527 2232; x_wconf 85' lang='lat' dir='ltr'>rationes</span> <span class='ocrx_word' id='word_1_399' title='bbox 3554 2172 3917 2245; x_wconf 89' lang='lat' dir='ltr'>admonent,</span> <span class='ocrx_word' id='word_1_400' title='bbox 3942 2180 4010 2232; x_wconf 92' lang='lat' dir='ltr'>ut</span> 
     </span>
    </p>
   </div>
   <div class='ocr_carea' id='block_1_60' title="bbox 2428 2272 4008 2352">
    <p class='ocr_par' dir='ltr' id='par_1_60' title="bbox 2428 2272 4008 2352">
     <span class='ocr_line' id='line_1_60' title="bbox 2428 2272 4008 2352; baseline 0.002 -19"><span class='ocrx_word' id='word_1_401' title='bbox 2428 2274 2771 2336; x_wconf 90' lang='lat' dir='ltr'>Palladium</span> <span class='ocrx_word' id='word_1_402' title='bbox 2798 2274 3004 2352; x_wconf 91' lang='lat' dir='ltr'>ipsum</span> <span class='ocrx_word' id='word_1_403' title='bbox 3024 2290 3059 2333; x_wconf 92' lang='lat' dir='ltr'>e</span> <span class='ocrx_word' id='word_1_404' title='bbox 3080 2272 3239 2334; x_wconf 89' lang='lat' dir='ltr'>libro</span> <span class='ocrx_word' id='word_1_405' title='bbox 3262 2273 3540 2335; x_wconf 91' lang='lat' dir='ltr'>secundo</span> <span class='ocrx_word' id='word_1_406' title='bbox 3564 2292 3634 2334; x_wconf 90' lang='lat' dir='ltr'>ea</span> <span class='ocrx_word' id='word_1_407' title='bbox 3658 2283 4008 2336; x_wconf 89' lang='lat' dir='ltr'>mutuatum</span> 
     </span>
    </p>
   </div>
   <div class='ocr_carea' id='block_1_61' title="bbox 2429 2372 4013 2437">
    <p class='ocr_par' dir='ltr' id='par_1_61' title="bbox 2429 2372 4013 2437">
     <span class='ocr_line' id='line_1_61' title="bbox 2429 2372 4013 2437; baseline 0.001 -3"><span class='ocrx_word' id='word_1_408' title='bbox 2429 2390 2565 2434; x_wconf 91' lang='lat' dir='ltr'>esse</span> <span class='ocrx_word' id='word_1_409' title='bbox 2591 2378 2651 2433; x_wconf 89' lang='lat' dir='ltr'>et</span> <span class='ocrx_word' id='word_1_410' title='bbox 2672 2373 2981 2434; x_wconf 88' lang='lat' dir='ltr'>Historiae</span> <span class='ocrx_word' id='word_1_411' title='bbox 3003 2372 3337 2436; x_wconf 90' lang='lat' dir='ltr'>Lausiacae</span> <span class='ocrx_word' id='word_1_412' title='bbox 3360 2390 3507 2434; x_wconf 91' lang='lat' dir='ltr'>suae</span> <span class='ocrx_word' id='word_1_413' title='bbox 3531 2372 3873 2436; x_wconf 89' lang='lat' dir='ltr'>intexuisse</span> <span class='ocrx_word' id='word_1_414' title='bbox 3895 2383 4013 2437; x_wconf 90' lang='lat' dir='ltr'>sta-</span> 
     </span>
    </p>
   </div>
   <div class='ocr_carea' id='block_1_62' title="bbox 2429 2480 2699 2533">
    <p class='ocr_par' dir='ltr' id='par_1_62' title="bbox 2429 2480 2699 2533">
     <span class='ocr_line' id='line_1_62' title="bbox 2429 2480 2699 2533; baseline -0.004 0"><span class='ocrx_word' id='word_1_415' title='bbox 2429 2480 2699 2533; x_wconf 90' lang='lat' dir='ltr'>tuamus.</span> 
     </span>
    </p>
   </div>
   <div class='ocr_carea' id='block_1_63' title="bbox 2509 2571 4008 2635">
    <p class='ocr_par' dir='ltr' id='par_1_63' title="bbox 2509 2571 4008 2635">
     <span class='ocr_line' id='line_1_63' title="bbox 2509 2571 4008 2635; baseline 0.003 -4"><span class='ocrx_word' id='word_1_416' title='bbox 2509 2572 2786 2632; x_wconf 90' lang='lat' dir='ltr'>Primum</span> <span class='ocrx_word' id='word_1_417' title='bbox 2830 2572 2996 2633; x_wconf 90' lang='lat' dir='ltr'>enim</span> <span class='ocrx_word' id='word_1_418' title='bbox 3037 2571 3347 2632; x_wconf 89' lang='lat' dir='ltr'>Palladius</span> <span class='ocrx_word' id='word_1_419' title='bbox 3377 2573 3712 2635; x_wconf 86' lang='lat' dir='ltr'>Historiam</span> <span class='ocrx_word' id='word_1_420' title='bbox 3752 2576 4008 2635; x_wconf 89' lang='lat' dir='ltr'>Lausia-</span> 
     </span>
    </p>
   </div>
   <div class='ocr_carea' id='block_1_64' title="bbox 2429 2672 4012 2751">
    <p class='ocr_par' dir='ltr' id='par_1_64' title="bbox 2429 2672 4012 2751">
     <span class='ocr_line' id='line_1_64' title="bbox 2429 2672 4012 2751; baseline 0.001 -18"><span class='ocrx_word' id='word_1_421' title='bbox 2429 2689 2566 2733; x_wconf 87' lang='lat' dir='ltr'>cam</span> <span class='ocrx_word' id='word_1_422' title='bbox 2608 2672 2806 2733; x_wconf 89' lang='lat' dir='ltr'>multo</span> <span class='ocrx_word' id='word_1_423' title='bbox 2842 2679 3004 2750; x_wconf 90' lang='lat' dir='ltr'>post,</span> <span class='ocrx_word' id='word_1_424' title='bbox 3037 2689 3225 2751; x_wconf 90' lang='lat' dir='ltr'>quam</span> <span class='ocrx_word' id='word_1_425' title='bbox 3258 2672 3415 2732; x_wconf 91' lang='lat' dir='ltr'>liber</span> <span class='ocrx_word' id='word_1_426' title='bbox 3461 2674 3776 2734; x_wconf 89' lang='lat' dir='ltr'>secundus</span> <span class='ocrx_word' id='word_1_427' title='bbox 3811 2676 4012 2736; x_wconf 91' lang='lat' dir='ltr'>editus</span> 
     </span>
    </p>
   </div>
   <div class='ocr_carea' id='block_1_65' title="bbox 2431 2772 4008 2854">
    <p class='ocr_par' dir='ltr' id='par_1_65' title="bbox 2431 2772 4008 2854">
     <span class='ocr_line' id='line_1_65' title="bbox 2431 2772 4008 2854; baseline 0.002 -20"><span class='ocrx_word' id='word_1_428' title='bbox 2431 2778 2546 2845; x_wconf 87' lang='lat' dir='ltr'>est,</span> <span class='ocrx_word' id='word_1_429' title='bbox 2578 2772 2869 2850; x_wconf 89' lang='lat' dir='ltr'>vulgavit.</span> <span class='ocrx_word' id='word_1_430' title='bbox 2910 2775 3064 2833; x_wconf 87' lang='lat' dir='ltr'>Nam</span> <span class='ocrx_word' id='word_1_431' title='bbox 3105 2773 3373 2833; x_wconf 88' lang='lat' dir='ltr'>Historia</span> <span class='ocrx_word' id='word_1_432' title='bbox 3413 2775 3704 2835; x_wconf 88' lang='lat' dir='ltr'>Lausiaca</span> <span class='ocrx_word' id='word_1_433' title='bbox 3746 2777 4008 2854; x_wconf 88' lang='lat' dir='ltr'>prodiit,</span> 
     </span>
    </p>
   </div>
   <div class='ocr_carea' id='block_1_66' title="bbox 2431 2873 4010 2951">
    <p class='ocr_par' dir='ltr' id='par_1_66' title="bbox 2431 2873 4010 2951">
     <span class='ocr_line' id='line_1_66' title="bbox 2431 2873 4010 2951; baseline 0.004 -19"><span class='ocrx_word' id='word_1_434' title='bbox 2431 2890 2625 2951; x_wconf 88' lang='lat' dir='ltr'>quum</span> <span class='ocrx_word' id='word_1_435' title='bbox 2658 2873 2968 2935; x_wconf 90' lang='lat' dir='ltr'>Palladius</span> <span class='ocrx_word' id='word_1_436' title='bbox 3000 2898 3027 2929; x_wconf 86' lang='lat'>«</span> <span class='ocrx_word' id='word_1_437' title='bbox 3071 2874 3451 2935; x_wconf 88' lang='lat' dir='ltr'>tricesimum</span> <span class='ocrx_word' id='word_1_438' title='bbox 3490 2876 3742 2935; x_wconf 89' lang='lat' dir='ltr'>tertium</span> <span class='ocrx_word' id='word_1_439' title='bbox 3773 2895 4010 2938; x_wconf 92' lang='lat' dir='ltr'>annum</span> 
     </span>
    </p>
   </div>
   <div class='ocr_carea' id='block_1_67' title="bbox 2430 2975 4010 3051">
    <p class='ocr_par' dir='ltr' id='par_1_67' title="bbox 2430 2975 4010 3051">
     <span class='ocr_line' id='line_1_67' title="bbox 2430 2975 4010 3051; baseline 0.004 -17"><span class='ocrx_word' id='word_1_440' title='bbox 2430 2981 2642 3051; x_wconf 88' lang='lat' dir='ltr'>ageret</span> <span class='ocrx_word' id='word_1_441' title='bbox 2670 2975 2733 3035; x_wconf 90' lang='lat' dir='ltr'>in</span> <span class='ocrx_word' id='word_1_442' title='bbox 2764 2976 3239 3037; x_wconf 90' lang='lat' dir='ltr'>conversatione</span> <span class='ocrx_word' id='word_1_443' title='bbox 3278 2993 3418 3035; x_wconf 90' lang='lat' dir='ltr'>cum</span> <span class='ocrx_word' id='word_1_444' title='bbox 3452 2976 3744 3037; x_wconf 84' lang='lat' dir='ltr'>fratribus</span> <span class='ocrx_word' id='word_1_445' title='bbox 3790 2986 3851 3039; x_wconf 92' lang='lat' dir='ltr'>et</span> <span class='ocrx_word' id='word_1_446' title='bbox 3895 2981 4010 3040; x_wconf 88' lang='lat' dir='ltr'>vita</span> 
     </span>
    </p>
   </div>
   <div class='ocr_carea' id='block_1_68' title="bbox 2432 3073 4013 3156">
    <p class='ocr_par' dir='ltr' id='par_1_68' title="bbox 2432 3073 4013 3156">
     <span class='ocr_line' id='line_1_68' title="bbox 2432 3073 4013 3156; baseline 0.006 -23"><span class='ocrx_word' id='word_1_447' title='bbox 2432 3073 2725 3147; x_wconf 88' lang='lat' dir='ltr'>solitaria,</span> <span class='ocrx_word' id='word_1_448' title='bbox 2749 3076 3113 3136; x_wconf 90' lang='lat' dir='ltr'>vicesimum</span> <span class='ocrx_word' id='word_1_449' title='bbox 3143 3084 3350 3136; x_wconf 88' lang='lat' dir='ltr'>autem</span> <span class='ocrx_word' id='word_1_450' title='bbox 3376 3077 3797 3156; x_wconf 86' lang='lat' dir='ltr'>episc0patus,</span> <span class='ocrx_word' id='word_1_451' title='bbox 3822 3082 4013 3142; x_wconf 91' lang='lat' dir='ltr'>totius</span> 
     </span>
    </p>
   </div>
   <div class='ocr_carea' id='block_1_69' title="bbox 2432 3174 4009 3260">
    <p class='ocr_par' dir='ltr' id='par_1_69' title="bbox 2432 3174 4009 3260">
     <span class='ocr_line' id='line_1_69' title="bbox 2432 3174 4009 3260; baseline 0.003 -28"><span class='ocrx_word' id='word_1_452' title='bbox 2432 3181 2641 3233; x_wconf 90' lang='lat' dir='ltr'>autem</span> <span class='ocrx_word' id='word_1_453' title='bbox 2681 3174 2838 3234; x_wconf 90' lang='lat' dir='ltr'>vitae</span> <span class='ocrx_word' id='word_1_454' title='bbox 2886 3175 3479 3253; x_wconf 86' lang='lat' dir='ltr'>quinquagesimum</span> <span class='ocrx_word' id='word_1_455' title='bbox 3522 3179 3771 3239; x_wconf 90' lang='lat' dir='ltr'>tertium</span> <span class='ocrx_word' id='word_1_456' title='bbox 3829 3180 3936 3260; x_wconf 90' lang='lat'>(1).</span> <span class='ocrx_word' id='word_1_457' title='bbox 3982 3206 4009 3237; x_wconf 76' lang='grc' dir='ltr'>ι)</span> 
     </span>
    </p>
   </div>
   <div class='ocr_carea' id='block_1_70' title="bbox 2433 3272 4013 3353">
    <p class='ocr_par' dir='ltr' id='par_1_70' title="bbox 2433 3272 4013 3353">
     <span class='ocr_line' id='line_1_70' title="bbox 2433 3272 4013 3353; baseline 0.006 -22"><span class='ocrx_word' id='word_1_458' title='bbox 2433 3276 2515 3334; x_wconf 90' lang='lat' dir='ltr'>Ac</span> <span class='ocrx_word' id='word_1_459' title='bbox 2558 3272 2867 3334; x_wconf 88' lang='lat' dir='ltr'>Palladius</span> <span class='ocrx_word' id='word_1_460' title='bbox 2908 3274 2986 3335; x_wconf 94' lang='lat' dir='ltr'>ad</span> <span class='ocrx_word' id='word_1_461' title='bbox 3026 3274 3245 3335; x_wconf 86' lang='lat' dir='ltr'>fratres</span> <span class='ocrx_word' id='word_1_462' title='bbox 3286 3275 3454 3334; x_wconf 91' lang='lat' dir='ltr'>venit</span> <span class='ocrx_word' id='word_1_463' title='bbox 3494 3299 3520 3329; x_wconf 85' lang='lat'><strong>«</strong></span> <span class='ocrx_word' id='word_1_464' title='bbox 3555 3277 3769 3353; x_wconf 88' lang='lat' dir='ltr'>viginti</span> <span class='ocrx_word' id='word_1_465' title='bbox 3813 3297 4013 3341; x_wconf 88' lang='lat' dir='ltr'>annos</span> 
     </span>
    </p>
   </div>
   <div class='ocr_carea' id='block_1_71' title="bbox 2432 3373 4008 3454">
    <p class='ocr_par' dir='ltr' id='par_1_71' title="bbox 2432 3373 4008 3454">
     <span class='ocr_line' id='line_1_71' title="bbox 2432 3373 4008 3454; baseline 0.006 -21"><span class='ocrx_word' id='word_1_466' title='bbox 2432 3383 2615 3434; x_wconf 88' lang='lat' dir='ltr'>natus</span> <span class='ocrx_word' id='word_1_467' title='bbox 2636 3373 2996 3436; x_wconf 88' lang='lat' dir='ltr'>Theodosio</span> <span class='ocrx_word' id='word_1_468' title='bbox 3027 3377 3250 3451; x_wconf 86' lang='lat' dir='ltr'>Magno</span> <span class='ocrx_word' id='word_1_469' title='bbox 3277 3376 3501 3437; x_wconf 88' lang='lat' dir='ltr'>iterum</span> <span class='ocrx_word' id='word_1_470' title='bbox 3532 3377 3817 3454; x_wconf 89' lang='lat' dir='ltr'>consule,</span> <span class='ocrx_word' id='word_1_471' title='bbox 3841 3380 3927 3440; x_wconf 84' lang='lat' dir='ltr'>»i.</span> <span class='ocrx_word' id='word_1_472' title='bbox 3952 3399 4008 3442; x_wconf 93' lang='lat' dir='ltr'>e.</span> 
     </span>
    </p>
   </div>
   <div class='ocr_carea' id='block_1_72' title="bbox 2431 3475 4012 3555">
    <p class='ocr_par' dir='ltr' id='par_1_72' title="bbox 2431 3475 4012 3555">
     <span class='ocr_line' id='line_1_72' title="bbox 2431 3475 4012 3555; baseline 0.003 -18"><span class='ocrx_word' id='word_1_473' title='bbox 2431 3493 2598 3537; x_wconf 90' lang='lat' dir='ltr'>anno</span> <span class='ocrx_word' id='word_1_474' title='bbox 2629 3476 2849 3536; x_wconf 87' lang='lat' dir='ltr'>Christi</span> <span class='ocrx_word' id='word_1_475' title='bbox 2882 3475 2994 3535; x_wconf 90' lang='lat'>388</span> <span class='ocrx_word' id='word_1_476' title='bbox 3030 3476 3132 3555; x_wconf 77' lang='lat'>(2).</span> <span class='ocrx_word' id='word_1_477' title='bbox 3166 3479 3365 3548; x_wconf 87' lang='lat' dir='ltr'>Quare</span> <span class='ocrx_word' id='word_1_478' title='bbox 3396 3480 3689 3541; x_wconf 92' lang='lat' dir='ltr'>Lausiaca</span> <span class='ocrx_word' id='word_1_479' title='bbox 3723 3488 3867 3541; x_wconf 88' lang='lat' dir='ltr'>ante</span> <span class='ocrx_word' id='word_1_480' title='bbox 3896 3500 4012 3542; x_wconf 93' lang='lat' dir='ltr'>an-</span> 
     </span>
    </p>
   </div>
   <div class='ocr_carea' id='block_1_73' title="bbox 2432 3577 4011 3659">
    <p class='ocr_par' dir='ltr' id='par_1_73' title="bbox 2432 3577 4011 3659">
     <span class='ocr_line' id='line_1_73' title="bbox 2432 3577 4011 3659; baseline 0.004 -21"><span class='ocrx_word' id='word_1_481' title='bbox 2432 3595 2584 3638; x_wconf 89' lang='lat' dir='ltr'>num</span> <span class='ocrx_word' id='word_1_482' title='bbox 2623 3577 2729 3637; x_wconf 73' lang='lat'>421</span> <span class='ocrx_word' id='word_1_483' title='bbox 2776 3595 2906 3639; x_wconf 90' lang='lat' dir='ltr'>non</span> <span class='ocrx_word' id='word_1_484' title='bbox 2940 3577 3104 3639; x_wconf 90' lang='lat' dir='ltr'>edita</span> <span class='ocrx_word' id='word_1_485' title='bbox 3134 3584 3246 3638; x_wconf 89' lang='lat' dir='ltr'>est.</span> <span class='ocrx_word' id='word_1_486' title='bbox 3281 3580 3341 3638; x_wconf 92' lang='lat' dir='ltr'>S.</span> <span class='ocrx_word' id='word_1_487' title='bbox 3387 3582 3809 3659; x_wconf 86' lang='lat' dir='ltr'>Hieronymus</span> <span class='ocrx_word' id='word_1_488' title='bbox 3840 3600 4011 3657; x_wconf 92' lang='lat' dir='ltr'>vero,</span> 
     </span>
    </p>
   </div>
   <div class='ocr_carea' id='block_1_74' title="bbox 2432 3678 4014 3756">
    <p class='ocr_par' dir='ltr' id='par_1_74' title="bbox 2432 3678 4014 3756">
     <span class='ocr_line' id='line_1_74' title="bbox 2432 3678 4014 3756; baseline 0.004 -17"><span class='ocrx_word' id='word_1_489' title='bbox 2432 3678 2540 3756; x_wconf 89' lang='lat' dir='ltr'>qui</span> <span class='ocrx_word' id='word_1_490' title='bbox 2568 3678 2795 3739; x_wconf 90' lang='lat' dir='ltr'>librum</span> <span class='ocrx_word' id='word_1_491' title='bbox 2823 3680 3170 3740; x_wconf 88' lang='lat' dir='ltr'>secundum</span> <span class='ocrx_word' id='word_1_492' title='bbox 3201 3682 3392 3755; x_wconf 92' lang='lat' dir='ltr'>novit,</span> <span class='ocrx_word' id='word_1_493' title='bbox 3417 3691 3702 3743; x_wconf 91' lang='lat' dir='ltr'>mortuus</span> <span class='ocrx_word' id='word_1_494' title='bbox 3730 3691 3822 3745; x_wconf 91' lang='lat' dir='ltr'>est</span> <span class='ocrx_word' id='word_1_495' title='bbox 3844 3702 4014 3745; x_wconf 91' lang='lat' dir='ltr'>anno</span> 
     </span>
    </p>
   </div>
   <div class='ocr_carea' id='block_1_75' title="bbox 2435 3778 4012 3863">
    <p class='ocr_par' dir='ltr' id='par_1_75' title="bbox 2435 3778 4012 3863">
     <span class='ocr_line' id='line_1_75' title="bbox 2435 3778 4012 3863; baseline 0.005 -26"><span class='ocrx_word' id='word_1_496' title='bbox 2435 3778 2569 3853; x_wconf 76' lang='lat'>420,</span> <span class='ocrx_word' id='word_1_497' title='bbox 2603 3787 2665 3840; x_wconf 91' lang='lat' dir='ltr'>et</span> <span class='ocrx_word' id='word_1_498' title='bbox 2696 3780 2981 3851; x_wconf 84' lang='lat' dir='ltr'>Ruﬁnus,</span> <span class='ocrx_word' id='word_1_499' title='bbox 3014 3797 3203 3857; x_wconf 90' lang='lat' dir='ltr'>quem</span> <span class='ocrx_word' id='word_1_500' title='bbox 3233 3779 3372 3841; x_wconf 89' lang='lat' dir='ltr'>libri</span> <span class='ocrx_word' id='word_1_501' title='bbox 3405 3784 3663 3843; x_wconf 91' lang='lat' dir='ltr'>secundi</span> <span class='ocrx_word' id='word_1_502' title='bbox 3694 3784 4012 3863; x_wconf 90' lang='lat' dir='ltr'>interpre-</span> 
     </span>
    </p>
   </div>
   <div class='ocr_carea' id='block_1_76' title="bbox 2430 3881 4011 3962">
    <p class='ocr_par' dir='ltr' id='par_1_76' title="bbox 2430 3881 4011 3962">
     <span class='ocr_line' id='line_1_76' title="bbox 2430 3881 4011 3962; baseline 0.002 -22"><span class='ocrx_word' id='word_1_503' title='bbox 2430 3888 2555 3941; x_wconf 90' lang='lat' dir='ltr'>tem</span> <span class='ocrx_word' id='word_1_504' title='bbox 2586 3899 2722 3942; x_wconf 89' lang='lat' dir='ltr'>esse</span> <span class='ocrx_word' id='word_1_505' title='bbox 2759 3882 3187 3960; x_wconf 88' lang='lat' dir='ltr'>probabimus,</span> <span class='ocrx_word' id='word_1_506' title='bbox 3220 3881 3341 3942; x_wconf 91' lang='lat' dir='ltr'>iam</span> <span class='ocrx_word' id='word_1_507' title='bbox 3376 3901 3543 3944; x_wconf 91' lang='lat' dir='ltr'>anno</span> <span class='ocrx_word' id='word_1_508' title='bbox 3578 3884 3687 3943; x_wconf 82' lang='grc'>410</span> <span class='ocrx_word' id='word_1_509' title='bbox 3720 3885 3875 3945; x_wconf 91' lang='lat' dir='ltr'>obiit</span> <span class='ocrx_word' id='word_1_510' title='bbox 3903 3885 4011 3962; x_wconf 83' lang='lat'>(3).</span> 
     </span>
    </p>
   </div>
   <div class='ocr_carea' id='block_1_77' title="bbox 2432 3977 4012 4044">
    <p class='ocr_par' dir='ltr' id='par_1_77' title="bbox 2432 3977 4012 4044">
     <span class='ocr_line' id='line_1_77' title="bbox 2432 3977 4012 4044; baseline 0.004 -7"><span class='ocrx_word' id='word_1_511' title='bbox 2432 3978 2609 4039; x_wconf 91' lang='lat' dir='ltr'>Unde</span> <span class='ocrx_word' id='word_1_512' title='bbox 2649 3977 2876 4039; x_wconf 91' lang='lat' dir='ltr'>librum</span> <span class='ocrx_word' id='word_1_513' title='bbox 2906 3979 3252 4039; x_wconf 90' lang='lat' dir='ltr'>secundum</span> <span class='ocrx_word' id='word_1_514' title='bbox 3286 3981 3554 4041; x_wconf 88' lang='lat' dir='ltr'>Historia</span> <span class='ocrx_word' id='word_1_515' title='bbox 3583 3984 3875 4044; x_wconf 89' lang='lat' dir='ltr'>Lausiaca</span> <span class='ocrx_word' id='word_1_516' title='bbox 3904 4001 4012 4044; x_wconf 85' lang='lat' dir='ltr'>ae-</span> 
     </span>
    </p>
   </div>
   <div class='ocr_carea' id='block_1_78' title="bbox 2432 4080 3614 4160">
    <p class='ocr_par' dir='ltr' id='par_1_78' title="bbox 2432 4080 3614 4160">
     <span class='ocr_line' id='line_1_78' title="bbox 2432 4080 3614 4160; baseline 0.003 -21"><span class='ocrx_word' id='word_1_517' title='bbox 2432 4086 2556 4140; x_wconf 89' lang='lat' dir='ltr'>tate</span> <span class='ocrx_word' id='word_1_518' title='bbox 2590 4080 2785 4141; x_wconf 90' lang='lat' dir='ltr'>multo</span> <span class='ocrx_word' id='word_1_519' title='bbox 2830 4080 3105 4157; x_wconf 89' lang='lat' dir='ltr'>priorem</span> <span class='ocrx_word' id='word_1_520' title='bbox 3141 4098 3277 4142; x_wconf 91' lang='lat' dir='ltr'>esse</span> <span class='ocrx_word' id='word_1_521' title='bbox 3310 4082 3614 4160; x_wconf 90' lang='lat' dir='ltr'>sequitur.</span> 
     </span>
    </p>
   </div>
   <div class='ocr_carea' id='block_1_79' title="bbox 2511 4180 4018 4259">
    <p class='ocr_par' dir='ltr' id='par_1_79' title="bbox 2511 4180 4018 4259">
     <span class='ocr_line' id='line_1_79' title="bbox 2511 4180 4018 4259; baseline 0.002 -18"><span class='ocrx_word' id='word_1_522' title='bbox 2511 4180 2688 4252; x_wconf 87' lang='lat' dir='ltr'>Quod</span> <span class='ocrx_word' id='word_1_523' title='bbox 2717 4181 2767 4241; x_wconf 92' lang='lat' dir='ltr'>si</span> <span class='ocrx_word' id='word_1_524' title='bbox 2798 4187 3063 4253; x_wconf 91' lang='lat' dir='ltr'>constat,</span> <span class='ocrx_word' id='word_1_525' title='bbox 3088 4180 3379 4243; x_wconf 86' lang='lat' dir='ltr'>facillime</span> <span class='ocrx_word' id='word_1_526' title='bbox 3408 4183 3795 4259; x_wconf 87' lang='lat' dir='ltr'>intelligitur,</span> <span class='ocrx_word' id='word_1_527' title='bbox 3821 4183 4018 4244; x_wconf 84' lang='lat' dir='ltr'>Palla—</span> 
     </span>
    </p>
   </div>
   <div class='ocr_carea' id='block_1_80' title="bbox 2434 4280 4013 4359">
    <p class='ocr_par' dir='ltr' id='par_1_80' title="bbox 2434 4280 4013 4359">
     <span class='ocr_line' id='line_1_80' title="bbox 2434 4280 4013 4359; baseline 0.002 -19"><span class='ocrx_word' id='word_1_528' title='bbox 2434 4281 2605 4341; x_wconf 90' lang='lat' dir='ltr'>dium</span> <span class='ocrx_word' id='word_1_529' title='bbox 2636 4281 2853 4341; x_wconf 88' lang='lat' dir='ltr'>saltem</span> <span class='ocrx_word' id='word_1_530' title='bbox 2883 4280 3024 4341; x_wconf 91' lang='lat' dir='ltr'>libri</span> <span class='ocrx_word' id='word_1_531' title='bbox 3055 4282 3313 4341; x_wconf 92' lang='lat' dir='ltr'>secundi</span> <span class='ocrx_word' id='word_1_532' title='bbox 3349 4290 3537 4359; x_wconf 90' lang='lat' dir='ltr'>caput</span> <span class='ocrx_word' id='word_1_533' title='bbox 3566 4283 3642 4342; x_wconf 92' lang='lat' dir='ltr'>de</span> <span class='ocrx_word' id='word_1_534' title='bbox 3672 4285 3913 4343; x_wconf 88' lang='lat' dir='ltr'>Joanne</span> <span class='ocrx_word' id='word_1_535' title='bbox 3947 4285 4013 4344; x_wconf 92' lang='lat' dir='ltr'>in</span> 
     </span>
    </p>
   </div>
   <div class='ocr_carea' id='block_1_81' title="bbox 2434 4382 4015 4462">
    <p class='ocr_par' dir='ltr' id='par_1_81' title="bbox 2434 4382 4015 4462">
     <span class='ocr_line' id='line_1_81' title="bbox 2434 4382 4015 4462; baseline 0.004 -23"><span class='ocrx_word' id='word_1_536' title='bbox 2434 4382 2599 4457; x_wconf 90' lang='lat' dir='ltr'>Lyco</span> <span class='ocrx_word' id='word_1_537' title='bbox 2633 4382 3027 4459; x_wconf 89' lang='lat' dir='ltr'>compilasse.</span> <span class='ocrx_word' id='word_1_538' title='bbox 3068 4385 3290 4443; x_wconf 89' lang='lat' dir='ltr'>Totum</span> <span class='ocrx_word' id='word_1_539' title='bbox 3330 4382 3499 4442; x_wconf 93' lang='lat' dir='ltr'>enim</span> <span class='ocrx_word' id='word_1_540' title='bbox 3535 4382 3677 4442; x_wconf 88' lang='lat' dir='ltr'>libri</span> <span class='ocrx_word' id='word_1_541' title='bbox 3707 4391 3895 4462; x_wconf 90' lang='lat' dir='ltr'>caput</span> <span class='ocrx_word' id='word_1_542' title='bbox 3934 4385 4015 4446; x_wconf 90' lang='lat' dir='ltr'>de</span> 
     </span>
    </p>
   </div>
   <div class='ocr_carea' id='block_1_82' title="bbox 747 4482 4016 4573">
    <p class='ocr_par' dir='ltr' id='par_1_82' title="bbox 747 4482 4016 4573">
     <span class='ocr_line' id='line_1_82' title="bbox 747 4482 4016 4573; baseline -0.001 -26"><span class='ocrx_word' id='word_1_543' title='bbox 747 4494 862 4559; x_wconf 89' lang='lat' dir='ltr'>rat,</span> <span class='ocrx_word' id='word_1_544' title='bbox 884 4505 1011 4548; x_wconf 92' lang='lat' dir='ltr'>non</span> <span class='ocrx_word' id='word_1_545' title='bbox 1042 4488 1249 4550; x_wconf 91' lang='lat' dir='ltr'>minus</span> <span class='ocrx_word' id='word_1_546' title='bbox 1280 4489 1346 4549; x_wconf 92' lang='lat' dir='ltr'>in</span> <span class='ocrx_word' id='word_1_547' title='bbox 1378 4490 1645 4550; x_wconf 88' lang='lat' dir='ltr'>Historia</span> <span class='ocrx_word' id='word_1_548' title='bbox 1670 4488 1965 4549; x_wconf 89' lang='lat' dir='ltr'>Lausiaca</span> <span class='ocrx_word' id='word_1_549' title='bbox 1994 4485 2325 4565; x_wconf 88' lang='lat' dir='ltr'>reperitur.</span> <span class='ocrx_word' id='word_1_550' title='bbox 2363 4521 2404 4573; x_wconf 71' lang='grc' dir='ltr'>ο</span> <span class='ocrx_word' id='word_1_551' title='bbox 2433 4482 2673 4541; x_wconf 86' lang='lat' dir='ltr'>Joanne</span> <span class='ocrx_word' id='word_1_552' title='bbox 2718 4482 2783 4541; x_wconf 91' lang='lat' dir='ltr'>in</span> <span class='ocrx_word' id='word_1_553' title='bbox 2836 4485 3003 4559; x_wconf 83' lang='lat' dir='ltr'>Lyco</span> <span class='ocrx_word' id='word_1_554' title='bbox 3058 4483 3242 4543; x_wconf 86' lang='lat' dir='ltr'>etiam</span> <span class='ocrx_word' id='word_1_555' title='bbox 3290 4483 3355 4542; x_wconf 92' lang='lat' dir='ltr'>in</span> <span class='ocrx_word' id='word_1_556' title='bbox 3402 4483 3669 4543; x_wconf 90' lang='lat' dir='ltr'>Historia</span> <span class='ocrx_word' id='word_1_557' title='bbox 3718 4486 4016 4545; x_wconf 87' lang='lat' dir='ltr'>Lausiaca</span> 
     </span>
    </p>
   </div>
   <div class='ocr_carea' id='block_1_83' title="bbox 826 4586 2326 4667">
    <p class='ocr_par' dir='ltr' id='par_1_83' title="bbox 826 4586 2326 4667">
     <span class='ocr_line' id='line_1_83' title="bbox 826 4586 2326 4667; baseline -0.001 -21"><span class='ocrx_word' id='word_1_558' title='bbox 826 4589 917 4647; x_wconf 91' lang='lat' dir='ltr'>En</span> <span class='ocrx_word' id='word_1_559' title='bbox 966 4590 1517 4661; x_wconf 89' lang='lat' dir='ltr'>necessitudinem,</span> <span class='ocrx_word' id='word_1_560' title='bbox 1553 4606 1713 4667; x_wconf 90' lang='lat' dir='ltr'>quae</span> <span class='ocrx_word' id='word_1_561' title='bbox 1759 4589 1920 4649; x_wconf 92' lang='lat' dir='ltr'>inter</span> <span class='ocrx_word' id='word_1_562' title='bbox 1962 4586 2191 4648; x_wconf 89' lang='lat' dir='ltr'>librum</span> <span class='ocrx_word' id='word_1_563' title='bbox 2225 4604 2326 4646; x_wconf 92' lang='lat' dir='ltr'>se-</span> 
     </span>
    </p>
   </div>
   <div class='ocr_carea' id='block_1_84' title="bbox 746 4688 2329 4767">
    <p class='ocr_par' dir='ltr' id='par_1_84' title="bbox 746 4688 2329 4767">
     <span class='ocr_line' id='line_1_84' title="bbox 746 4688 2329 4767; baseline -0.001 -18"><span class='ocrx_word' id='word_1_564' title='bbox 746 4689 1022 4749; x_wconf 92' lang='lat' dir='ltr'>cundum</span> <span class='ocrx_word' id='word_1_565' title='bbox 1047 4690 1846 4762; x_wconf 87' lang='lat' dir='ltr'>etHistoriamLausiacam,</span> <span class='ocrx_word' id='word_1_566' title='bbox 1871 4706 2058 4767; x_wconf 89' lang='lat' dir='ltr'>quam</span> <span class='ocrx_word' id='word_1_567' title='bbox 2080 4688 2329 4749; x_wconf 90' lang='lat' dir='ltr'>codices</span> 
     </span>
    </p>
   </div>
   <div class='ocr_carea' id='block_1_85' title="bbox 752 4785 2327 4859">
    <p class='ocr_par' dir='ltr' id='par_1_85' title="bbox 752 4785 2327 4859">
     <span class='ocr_line' id='line_1_85' title="bbox 752 4785 2327 4859; baseline -0.001 -15"><span class='ocrx_word' id='word_1_568' title='bbox 752 4787 1268 4849; x_wconf 88' lang='lat' dir='ltr'>Vindobonenscs</span> <span class='ocrx_word' id='word_1_569' title='bbox 1300 4788 1617 4859; x_wconf 78' lang='lat' dir='ltr'>exhibent,</span> <span class='ocrx_word' id='word_1_570' title='bbox 1644 4787 1994 4848; x_wconf 89' lang='lat' dir='ltr'>intercedit.</span> <span class='ocrx_word' id='word_1_571' title='bbox 2019 4786 2127 4846; x_wconf 92' lang='lat' dir='ltr'>His</span> <span class='ocrx_word' id='word_1_572' title='bbox 2160 4785 2327 4845; x_wconf 89' lang='lat' dir='ltr'>enim</span> 
     </span>
    </p>
   </div>
   <div class='ocr_carea' id='block_1_86' title="bbox 749 4884 2327 4965">
    <p class='ocr_par' dir='ltr' id='par_1_86' title="bbox 749 4884 2327 4965">
     <span class='ocr_line' id='line_1_86' title="bbox 749 4884 2327 4965; baseline -0.004 -17"><span class='ocrx_word' id='word_1_573' title='bbox 749 4888 1091 4965; x_wconf 89' lang='lat' dir='ltr'>genuinum</span> <span class='ocrx_word' id='word_1_574' title='bbox 1135 4889 1464 4949; x_wconf 90' lang='lat' dir='ltr'>Lausiacae</span> <span class='ocrx_word' id='word_1_575' title='bbox 1507 4896 1744 4948; x_wconf 87' lang='lat' dir='ltr'>textum</span> <span class='ocrx_word' id='word_1_576' title='bbox 1784 4884 2094 4947; x_wconf 88' lang='lat' dir='ltr'>contineri</span> <span class='ocrx_word' id='word_1_577' title='bbox 2141 4901 2327 4961; x_wconf 91' lang='lat' dir='ltr'>supra</span> 
     </span>
    </p>
   </div>
   <div class='ocr_carea' id='block_1_87' title="bbox 747 5108 2324 5181">
    <p class='ocr_par' dir='ltr' id='par_1_87' title="bbox 747 5108 2324 5181">
     <span class='ocr_line' id='line_1_87' title="bbox 747 5108 2324 5181; baseline -0.003 -15"><span class='ocrx_word' id='word_1_578' title='bbox 747 5128 863 5166; x_wconf 83' lang='lat' dir='ltr'>ram</span> <span class='ocrx_word' id='word_1_579' title='bbox 890 5114 1138 5168; x_wconf 88' lang='lat' dir='ltr'>redditus</span> <span class='ocrx_word' id='word_1_580' title='bbox 1166 5122 1271 5174; x_wconf 86' lang='lat' dir='ltr'>est.</span> <span class='ocrx_word' id='word_1_581' title='bbox 1301 5114 1469 5181; x_wconf 88' lang='lat' dir='ltr'>quod,</span> <span class='ocrx_word' id='word_1_582' title='bbox 1496 5114 1540 5167; x_wconf 87' lang='lat' dir='ltr'>si</span> <span class='ocrx_word' id='word_1_583' title='bbox 1577 5112 1873 5165; x_wconf 82' lang='lat' dir='ltr'>Historiam</span> <span class='ocrx_word' id='word_1_584' title='bbox 1901 5110 2225 5163; x_wconf 82' lang='lat' dir='ltr'>Lausiacam</span> <span class='ocrx_word' id='word_1_585' title='bbox 2258 5108 2324 5161; x_wconf 92' lang='lat' dir='ltr'>de</span> 
     </span>
    </p>
   </div>
   <div class='ocr_carea' id='block_1_88' title="bbox 746 5203 2325 5273">
    <p class='ocr_par' dir='ltr' id='par_1_88' title="bbox 746 5203 2325 5273">
     <span class='ocr_line' id='line_1_88' title="bbox 746 5203 2325 5273; baseline -0.003 -13"><span class='ocrx_word' id='word_1_586' title='bbox 746 5206 935 5260; x_wconf 87' lang='lat' dir='ltr'>eodem</span> <span class='ocrx_word' id='word_1_587' title='bbox 982 5221 1111 5260; x_wconf 88' lang='lat' dir='ltr'>sene</span> <span class='ocrx_word' id='word_1_588' title='bbox 1164 5206 1489 5270; x_wconf 84' lang='lat' dir='ltr'>contuleris,</span> <span class='ocrx_word' id='word_1_589' title='bbox 1546 5205 1705 5259; x_wconf 79' lang='lat' dir='ltr'>facile</span> <span class='ocrx_word' id='word_1_590' title='bbox 1756 5205 2048 5273; x_wconf 79' lang='lat' dir='ltr'>intelliges.</span> <span class='ocrx_word' id='word_1_591' title='bbox 2096 5203 2325 5256; x_wconf 85' lang='lat' dir='ltr'>Ceterae</span> 
     </span>
    </p>
   </div>
   <div class='ocr_carea' id='block_1_89' title="bbox 748 5295 2323 5366">
    <p class='ocr_par' dir='ltr' id='par_1_89' title="bbox 748 5295 2323 5366">
     <span class='ocr_line' id='line_1_89' title="bbox 748 5295 2323 5366; baseline -0.003 -15"><span class='ocrx_word' id='word_1_592' title='bbox 748 5306 929 5351; x_wconf 81' lang='lat' dir='ltr'>autem</span> <span class='ocrx_word' id='word_1_593' title='bbox 967 5298 1336 5361; x_wconf 77' lang='lat' dir='ltr'>ditiicultates,</span> <span class='ocrx_word' id='word_1_594' title='bbox 1376 5314 1517 5366; x_wconf 84' lang='lat' dir='ltr'>quae</span> <span class='ocrx_word' id='word_1_595' title='bbox 1545 5298 1899 5351; x_wconf 88' lang='lat' dir='ltr'>Tillemontio</span> <span class='ocrx_word' id='word_1_596' title='bbox 1934 5295 2079 5348; x_wconf 80' lang='lat' dir='ltr'>aliud</span> <span class='ocrx_word' id='word_1_597' title='bbox 2108 5302 2323 5362; x_wconf 89' lang='lat' dir='ltr'>tempus</span> 
     </span>
    </p>
   </div>
   <div class='ocr_carea' id='block_1_90' title="bbox 748 5386 2324 5458">
    <p class='ocr_par' dir='ltr' id='par_1_90' title="bbox 748 5386 2324 5458">
     <span class='ocr_line' id='line_1_90' title="bbox 748 5386 2324 5458; baseline -0.001 -17"><span class='ocrx_word' id='word_1_598' title='bbox 748 5388 962 5441; x_wconf 86' lang='lat' dir='ltr'>itineris</span> <span class='ocrx_word' id='word_1_599' title='bbox 1009 5388 1324 5458; x_wconf 82' lang='lat' dir='ltr'>Aegyptiaci</span> <span class='ocrx_word' id='word_1_600' title='bbox 1384 5390 1628 5443; x_wconf 85' lang='lat' dir='ltr'>indicare</span> <span class='ocrx_word' id='word_1_601' title='bbox 1678 5389 1829 5443; x_wconf 86' lang='lat' dir='ltr'>visae</span> <span class='ocrx_word' id='word_1_602' title='bbox 1874 5396 2022 5453; x_wconf 90' lang='lat' dir='ltr'>sunt,</span> <span class='ocrx_word' id='word_1_603' title='bbox 2066 5386 2324 5440; x_wconf 65' lang='lat' dir='ltr'>facillime</span> 
     </span>
    </p>
   </div>
   <div class='ocr_carea' id='block_1_91' title="bbox 746 5478 1114 5546">
    <p class='ocr_par' dir='ltr' id='par_1_91' title="bbox 746 5478 1114 5546">
     <span class='ocr_line' id='line_1_91' title="bbox 746 5478 1114 5546; baseline -0.005 -13"><span class='ocrx_word' id='word_1_604' title='bbox 746 5478 1114 5546; x_wconf 79' lang='lat' dir='ltr'>explicantur.</span> 
     </span>
    </p>
   </div>
   <div class='ocr_carea' id='block_1_92' title="bbox 818 5569 2318 5641">
    <p class='ocr_par' dir='ltr' id='par_1_92' title="bbox 818 5569 2318 5641">
     <span class='ocr_line' id='line_1_92' title="bbox 818 5569 2318 5641; baseline -0.001 -20"><span class='ocrx_word' id='word_1_605' title='bbox 818 5569 895 5638; x_wconf 80' lang='grc'><strong>(1)</strong></span> <span class='ocrx_word' id='word_1_606' title='bbox 950 5569 1086 5623; x_wconf 84' lang='lat' dir='ltr'>Hist.</span> <span class='ocrx_word' id='word_1_607' title='bbox 1125 5569 1291 5622; x_wconf 84' lang='lat' dir='ltr'>Laus.</span> <span class='ocrx_word' id='word_1_608' title='bbox 1348 5572 1557 5639; x_wconf 70' lang='lat' dir='ltr'>prolog.</span> <span class='ocrx_word' id='word_1_609' title='bbox 1588 5610 1602 5633; x_wconf 86' lang='lat'>,</span> <span class='ocrx_word' id='word_1_610' title='bbox 1650 5571 1787 5641; x_wconf 84' lang='lat' dir='ltr'>Opp.</span> <span class='ocrx_word' id='word_1_611' title='bbox 1842 5570 2041 5625; x_wconf 85' lang='lat' dir='ltr'>Meurs.</span> <span class='ocrx_word' id='word_1_612' title='bbox 2104 5570 2142 5624; x_wconf 94' lang='lat' dir='ltr'>I.</span> <span class='ocrx_word' id='word_1_613' title='bbox 2182 5570 2215 5623; x_wconf 93' lang='lat' dir='ltr'>l.</span> <span class='ocrx_word' id='word_1_614' title='bbox 2267 5585 2318 5638; x_wconf 90' lang='lat' dir='ltr'>p.</span> 
     </span>
    </p>
   </div>
   <div class='ocr_carea' id='block_1_93' title="bbox 750 5660 1623 5732">
    <p class='ocr_par' dir='ltr' id='par_1_93' title="bbox 750 5660 1623 5732">
     <span class='ocr_line' id='line_1_93' title="bbox 750 5660 1623 5732; baseline 0.001 -18"><span class='ocrx_word' id='word_1_615' title='bbox 750 5660 883 5724; x_wconf 66' lang='lat'>340,</span> <span class='ocrx_word' id='word_1_616' title='bbox 915 5660 1026 5714; x_wconf 73' lang='grc' dir='ltr'><strong>νγ.</strong></span> <span class='ocrx_word' id='word_1_617' title='bbox 1059 5661 1141 5713; x_wconf 82' lang='lat' dir='ltr'>PP</span> <span class='ocrx_word' id='word_1_618' title='bbox 1193 5662 1375 5716; x_wconf 68' lang='lat' dir='ltr'>ltosw.</span> <span class='ocrx_word' id='word_1_619' title='bbox 1412 5681 1461 5732; x_wconf 89' lang='lat' dir='ltr'>p.</span> <span class='ocrx_word' id='word_1_620' title='bbox 1501 5662 1623 5715; x_wconf 83' lang='lat'><strong>706.</strong></span> 
     </span>
    </p>
   </div>
   <div class='ocr_carea' id='block_1_94' title="bbox 821 5751 2324 5824">
    <p class='ocr_par' dir='ltr' id='par_1_94' title="bbox 821 5751 2324 5824">
     <span class='ocr_line' id='line_1_94' title="bbox 821 5751 2324 5824; baseline 0.001 -21"><span class='ocrx_word' id='word_1_621' title='bbox 821 5752 898 5820; x_wconf 66' lang='lat'>(2)</span> <span class='ocrx_word' id='word_1_622' title='bbox 941 5752 1078 5807; x_wconf 88' lang='lat' dir='ltr'>llist.</span> <span class='ocrx_word' id='word_1_623' title='bbox 1108 5751 1266 5806; x_wconf 83' lang='lat' dir='ltr'>Laus.</span> <span class='ocrx_word' id='word_1_624' title='bbox 1326 5771 1445 5824; x_wconf 81' lang='lat' dir='ltr'>cap.</span> <span class='ocrx_word' id='word_1_625' title='bbox 1492 5756 1506 5807; x_wconf 85' lang='grc' dir='ltr'><strong>Ι</strong></span> <span class='ocrx_word' id='word_1_626' title='bbox 1538 5795 1551 5820; x_wconf 87' lang='grc'><em>,</em></span> <span class='ocrx_word' id='word_1_627' title='bbox 1583 5754 1719 5824; x_wconf 83' lang='lat' dir='ltr'>Opp.</span> <span class='ocrx_word' id='word_1_628' title='bbox 1757 5753 1957 5809; x_wconf 80' lang='lat' dir='ltr'>Meurs.</span> <span class='ocrx_word' id='word_1_629' title='bbox 1984 5755 2017 5806; x_wconf 96' lang='lat' dir='ltr'>l.</span> <span class='ocrx_word' id='word_1_630' title='bbox 2058 5755 2092 5806; x_wconf 94' lang='lat' dir='ltr'>l.</span> <span class='ocrx_word' id='word_1_631' title='bbox 2140 5769 2188 5821; x_wconf 77' lang='grc' dir='ltr'>ῃ.</span> <span class='ocrx_word' id='word_1_632' title='bbox 2222 5751 2324 5805; x_wconf 71' lang='grc'>548</span> 
     </span>
    </p>
   </div>
   <div class='ocr_carea' id='block_1_95' title="bbox 752 5845 1305 5900">
    <p class='ocr_par' dir='ltr' id='par_1_95' title="bbox 752 5845 1305 5900">
     <span class='ocr_line' id='line_1_95' title="bbox 752 5845 1305 5900; baseline -0.002 0"><span class='ocrx_word' id='word_1_633' title='bbox 752 5860 878 5900; x_wconf 80' lang='lat' dir='ltr'>cum</span> <span class='ocrx_word' id='word_1_634' title='bbox 904 5852 1031 5900; x_wconf 81' lang='lat' dir='ltr'>nota</span> <span class='ocrx_word' id='word_1_635' title='bbox 1065 5845 1305 5899; x_wconf 78' lang='lat' dir='ltr'>Meursii.</span> 
     </span>
    </p>
   </div>
   <div class='ocr_carea' id='block_1_96' title="bbox 2438 4582 4017 4661">
    <p class='ocr_par' dir='ltr' id='par_1_96' title="bbox 2438 4582 4017 4661">
     <span class='ocr_line' id='line_1_96' title="bbox 2438 4582 4017 4661; baseline 0.002 -20"><span class='ocrx_word' id='word_1_636' title='bbox 2438 4598 2637 4659; x_wconf 91' lang='lat' dir='ltr'>paene</span> <span class='ocrx_word' id='word_1_637' title='bbox 2666 4582 2771 4651; x_wconf 81' lang='lat'><strong>25</strong></span> <span class='ocrx_word' id='word_1_638' title='bbox 2798 4582 2875 4642; x_wconf 90' lang='lat' dir='ltr'>ad</span> <span class='ocrx_word' id='word_1_639' title='bbox 2908 4583 3163 4643; x_wconf 89' lang='lat' dir='ltr'>verbum</span> <span class='ocrx_word' id='word_1_640' title='bbox 3196 4589 3392 4643; x_wconf 86' lang='lat' dir='ltr'>exstat</span> <span class='ocrx_word' id='word_1_641' title='bbox 3423 4582 3529 4661; x_wconf 80' lang='grc'><strong>(4).</strong></span> <span class='ocrx_word' id='word_1_642' title='bbox 3556 4583 3675 4643; x_wconf 86' lang='lat' dir='ltr'>Sed</span> <span class='ocrx_word' id='word_1_643' title='bbox 3698 4602 3893 4644; x_wconf 91' lang='lat' dir='ltr'>unum</span> <span class='ocrx_word' id='word_1_644' title='bbox 3924 4584 4017 4645; x_wconf 89' lang='lat' dir='ltr'>lo-</span> 
     </span>
    </p>
   </div>
   <div class='ocr_carea' id='block_1_97' title="bbox 2436 4680 4011 4759">
    <p class='ocr_par' dir='ltr' id='par_1_97' title="bbox 2436 4680 4011 4759">
     <span class='ocr_line' id='line_1_97' title="bbox 2436 4680 4011 4759; baseline 0.004 -20"><span class='ocrx_word' id='word_1_645' title='bbox 2436 4697 2603 4752; x_wconf 88' lang='lat' dir='ltr'>cum,</span> <span class='ocrx_word' id='word_1_646' title='bbox 2635 4697 2761 4759; x_wconf 92' lang='lat' dir='ltr'>quo</span> <span class='ocrx_word' id='word_1_647' title='bbox 2795 4680 2954 4741; x_wconf 87' lang='lat' dir='ltr'>liber</span> <span class='ocrx_word' id='word_1_648' title='bbox 2997 4682 3311 4743; x_wconf 91' lang='lat' dir='ltr'>secundus</span> <span class='ocrx_word' id='word_1_649' title='bbox 3368 4689 3839 4756; x_wconf 88' lang='lat' dir='ltr'>commemorat,</span> <span class='ocrx_word' id='word_1_650' title='bbox 3909 4702 4011 4745; x_wconf 88' lang='lat' dir='ltr'>se-</span> 
     </span>
    </p>
   </div>
   <div class='ocr_carea' id='block_1_98' title="bbox 2438 4781 4010 4863">
    <p class='ocr_par' dir='ltr' id='par_1_98' title="bbox 2438 4781 4010 4863">
     <span class='ocr_line' id='line_1_98' title="bbox 2438 4781 4010 4863; baseline 0.004 -24"><span class='ocrx_word' id='word_1_651' title='bbox 2438 4788 2609 4857; x_wconf 88' lang='lat' dir='ltr'>ptem</span> <span class='ocrx_word' id='word_1_652' title='bbox 2657 4781 2838 4840; x_wconf 91' lang='lat' dir='ltr'>simul</span> <span class='ocrx_word' id='word_1_653' title='bbox 2889 4781 3107 4842; x_wconf 85' lang='lat' dir='ltr'>fratres</span> <span class='ocrx_word' id='word_1_654' title='bbox 3156 4781 3234 4842; x_wconf 90' lang='lat' dir='ltr'>ad</span> <span class='ocrx_word' id='word_1_655' title='bbox 3280 4784 3586 4842; x_wconf 89' lang='lat' dir='ltr'>Joannem</span> <span class='ocrx_word' id='word_1_656' title='bbox 3624 4784 3866 4844; x_wconf 89' lang='lat' dir='ltr'>venisse</span> <span class='ocrx_word' id='word_1_657' title='bbox 3892 4784 4010 4863; x_wconf 71' lang='lat'>(5),</span> 
     </span>
    </p>
   </div>
   <div class='ocr_carea' id='block_1_99' title="bbox 2437 4882 4013 4962">
    <p class='ocr_par' dir='ltr' id='par_1_99' title="bbox 2437 4882 4013 4962">
     <span class='ocr_line' id='line_1_99' title="bbox 2437 4882 4013 4962; baseline 0.003 -21"><span class='ocrx_word' id='word_1_658' title='bbox 2437 4882 2703 4960; x_wconf 89' lang='lat' dir='ltr'>scriptor</span> <span class='ocrx_word' id='word_1_659' title='bbox 2748 4883 2933 4943; x_wconf 91' lang='lat' dir='ltr'>huius</span> <span class='ocrx_word' id='word_1_660' title='bbox 2963 4884 3182 4962; x_wconf 89' lang='lat' dir='ltr'>capitis</span> <span class='ocrx_word' id='word_1_661' title='bbox 3226 4885 3558 4945; x_wconf 89' lang='lat' dir='ltr'>Lausiacae</span> <span class='ocrx_word' id='word_1_662' title='bbox 3591 4886 3859 4945; x_wconf 83' lang='lat' dir='ltr'>correxit</span> <span class='ocrx_word' id='word_1_663' title='bbox 3893 4904 3905 4944; x_wconf 92' lang='lat'><em>:</em></span> <span class='ocrx_word' id='word_1_664' title='bbox 3948 4906 4013 4945; x_wconf 84' lang='lat' dir='ltr'>se</span> 
     </span>
    </p>
   </div>
   <div class='ocr_carea' id='block_1_100' title="bbox 2502 5105 4013 5178">
    <p class='ocr_par' dir='ltr' id='par_1_100' title="bbox 2502 5105 4013 5178">
     <span class='ocr_line' id='line_1_100' title="bbox 2502 5105 4013 5178; baseline 0.002 -19"><span class='ocrx_word' id='word_1_665' title='bbox 2502 5106 2575 5174; x_wconf 79' lang='lat'>(5)</span> <span class='ocrx_word' id='word_1_666' title='bbox 2613 5106 2908 5160; x_wconf 90' lang='lat' dir='ltr'>Tillemont</span> <span class='ocrx_word' id='word_1_667' title='bbox 2938 5106 3228 5161; x_wconf 84' lang='lat' dir='ltr'>Mémoires</span> <span class='ocrx_word' id='word_1_668' title='bbox 3277 5106 3341 5158; x_wconf 85' lang='grc' dir='ltr'>Τ.</span> <span class='ocrx_word' id='word_1_669' title='bbox 3372 5105 3463 5159; x_wconf 82' lang='lat' dir='ltr'>XII</span> <span class='ocrx_word' id='word_1_670' title='bbox 3491 5123 3541 5175; x_wconf 76' lang='grc' dir='ltr'>ρ.</span> <span class='ocrx_word' id='word_1_671' title='bbox 3570 5108 3694 5160; x_wconf 78' lang='lat'>503.</span> <span class='ocrx_word' id='word_1_672' title='bbox 3724 5108 3846 5162; x_wconf 76' lang='grc'>315.</span> <span class='ocrx_word' id='word_1_673' title='bbox 3880 5110 4013 5178; x_wconf 86' lang='lat' dir='ltr'>Epi-</span> 
     </span>
    </p>
   </div>
   <div class='ocr_carea' id='block_1_101' title="bbox 2430 5196 4011 5267">
    <p class='ocr_par' dir='ltr' id='par_1_101' title="bbox 2430 5196 4011 5267">
     <span class='ocr_line' id='line_1_101' title="bbox 2430 5196 4011 5267; baseline 0.001 -18"><span class='ocrx_word' id='word_1_674' title='bbox 2430 5199 2623 5249; x_wconf 85' lang='lat' dir='ltr'>stolam</span> <span class='ocrx_word' id='word_1_675' title='bbox 2656 5198 2718 5248; x_wconf 83' lang='lat' dir='ltr'>ad</span> <span class='ocrx_word' id='word_1_676' title='bbox 2751 5197 3161 5266; x_wconf 81' lang='lat' dir='ltr'>Ctesiphontem</span> <span class='ocrx_word' id='word_1_677' title='bbox 3217 5198 3273 5250; x_wconf 93' lang='lat' dir='ltr'>S.</span> <span class='ocrx_word' id='word_1_678' title='bbox 3314 5196 3678 5267; x_wconf 81' lang='lat' dir='ltr'>Hieronymus</span> <span class='ocrx_word' id='word_1_679' title='bbox 3725 5214 3868 5252; x_wconf 81' lang='lat' dir='ltr'>anno</span> <span class='ocrx_word' id='word_1_680' title='bbox 3904 5201 4011 5252; x_wconf 71' lang='grc'>415</span> 
     </span>
    </p>
   </div>
   <div class='ocr_carea' id='block_1_102' title="bbox 2432 5289 4009 5360">
    <p class='ocr_par' dir='ltr' id='par_1_102' title="bbox 2432 5289 4009 5360">
     <span class='ocr_line' id='line_1_102' title="bbox 2432 5289 4009 5360; baseline 0 -17"><span class='ocrx_word' id='word_1_681' title='bbox 2432 5292 2719 5357; x_wconf 86' lang='lat' dir='ltr'>scripsisse</span> <span class='ocrx_word' id='word_1_682' title='bbox 2750 5290 2987 5343; x_wconf 87' lang='lat' dir='ltr'>videtur.</span> <span class='ocrx_word' id='word_1_683' title='bbox 3024 5290 3079 5342; x_wconf 87' lang='lat' dir='ltr'>S.</span> <span class='ocrx_word' id='word_1_684' title='bbox 3116 5289 3339 5343; x_wconf 87' lang='lat' dir='ltr'>Hieron.</span> <span class='ocrx_word' id='word_1_685' title='bbox 3379 5290 3513 5358; x_wconf 87' lang='lat' dir='ltr'>Opp.</span> <span class='ocrx_word' id='word_1_686' title='bbox 3556 5291 3641 5344; x_wconf 90' lang='lat' dir='ltr'>ed.</span> <span class='ocrx_word' id='word_1_687' title='bbox 3675 5290 3851 5360; x_wconf 78' lang='lat' dir='ltr'>Migne</span> <span class='ocrx_word' id='word_1_688' title='bbox 3879 5293 3940 5345; x_wconf 88' lang='grc' dir='ltr'>Τ.</span> <span class='ocrx_word' id='word_1_689' title='bbox 3992 5292 4009 5343; x_wconf 93' lang='lat' dir='ltr'>l</span> 
     </span>
    </p>
   </div>
   <div class='ocr_carea' id='block_1_103' title="bbox 2433 5380 3571 5453">
    <p class='ocr_par' dir='ltr' id='par_1_103' title="bbox 2433 5380 3571 5453">
     <span class='ocr_line' id='line_1_103' title="bbox 2433 5380 3571 5453; baseline 0.002 -20"><span class='ocrx_word' id='word_1_690' title='bbox 2433 5381 2660 5451; x_wconf 81' lang='lat' dir='ltr'>[PatroL</span> <span class='ocrx_word' id='word_1_691' title='bbox 2692 5381 2754 5437; x_wconf 89' lang='lat' dir='ltr'>T.</span> <span class='ocrx_word' id='word_1_692' title='bbox 2788 5382 2954 5453; x_wconf 72' lang='lat' dir='ltr'>XXII]</span> <span class='ocrx_word' id='word_1_693' title='bbox 2984 5380 3163 5435; x_wconf 78' lang='lat' dir='ltr'>Praef.</span> <span class='ocrx_word' id='word_1_694' title='bbox 3202 5398 3255 5450; x_wconf 91' lang='lat' dir='ltr'>p.</span> <span class='ocrx_word' id='word_1_695' title='bbox 3286 5381 3571 5435; x_wconf 70' lang='lat' dir='ltr'>LXXXIX.</span> 
     </span>
    </p>
   </div>
   <div class='ocr_carea' id='block_1_104' title="bbox 2500 5470 4006 5541">
    <p class='ocr_par' dir='ltr' id='par_1_104' title="bbox 2500 5470 4006 5541">
     <span class='ocr_line' id='line_1_104' title="bbox 2500 5470 4006 5541; baseline -0.007 -9"><span class='ocrx_word' id='word_1_696' title='bbox 2500 5475 2577 5533; x_wconf 71' lang='lat'>(4)</span> <span class='ocrx_word' id='word_1_697' title='bbox 2621 5472 2731 5527; x_wconf 89' lang='lat' dir='ltr'>vv.</span> <span class='ocrx_word' id='word_1_698' title='bbox 2778 5473 2881 5525; x_wconf 87' lang='lat' dir='ltr'>PP.</span> <span class='ocrx_word' id='word_1_699' title='bbox 2927 5473 3108 5527; x_wconf 83' lang='lat' dir='ltr'>Rosw.</span> <span class='ocrx_word' id='word_1_700' title='bbox 3148 5474 3243 5527; x_wconf 88' lang='lat' dir='ltr'>lib.</span> <span class='ocrx_word' id='word_1_701' title='bbox 3291 5474 3327 5524; x_wconf 92' lang='lat' dir='ltr'>u</span> <span class='ocrx_word' id='word_1_702' title='bbox 3376 5489 3498 5541; x_wconf 81' lang='lat' dir='ltr'>cap.</span> <span class='ocrx_word' id='word_1_703' title='bbox 3540 5475 3561 5525; x_wconf 68' lang='grc' dir='ltr'><strong>ι</strong></span> <span class='ocrx_word' id='word_1_704' title='bbox 3604 5489 3652 5539; x_wconf 90' lang='lat' dir='ltr'>p.</span> <span class='ocrx_word' id='word_1_705' title='bbox 3687 5472 3837 5525; x_wconf 74' lang='lat' dir='ltr'>ua-</span> <span class='ocrx_word' id='word_1_706' title='bbox 3868 5470 4006 5534; x_wconf 66' lang='lat'>457;</span> 
     </span>
    </p>
   </div>
   <div class='ocr_carea' id='block_1_105' title="bbox 2426 5564 4000 5634">
    <p class='ocr_par' dir='ltr' id='par_1_105' title="bbox 2426 5564 4000 5634">
     <span class='ocr_line' id='line_1_105' title="bbox 2426 5564 4000 5634; baseline 0.002 -18"><span class='ocrx_word' id='word_1_707' title='bbox 2426 5564 2565 5617; x_wconf 86' lang='lat' dir='ltr'>llist.</span> <span class='ocrx_word' id='word_1_708' title='bbox 2594 5565 2756 5620; x_wconf 85' lang='lat' dir='ltr'>Laus.</span> <span class='ocrx_word' id='word_1_709' title='bbox 2788 5582 2907 5634; x_wconf 84' lang='lat' dir='ltr'>cap.</span> <span class='ocrx_word' id='word_1_710' title='bbox 2942 5567 3032 5619; x_wconf 75' lang='grc'>44.</span> <span class='ocrx_word' id='word_1_711' title='bbox 3060 5566 3148 5619; x_wconf 74' lang='grc'>45.</span> <span class='ocrx_word' id='word_1_712' title='bbox 3182 5566 3269 5618; x_wconf 77' lang='grc'>46.</span> <span class='ocrx_word' id='word_1_713' title='bbox 3300 5567 3389 5618; x_wconf 75' lang='grc'>47.</span> <span class='ocrx_word' id='word_1_714' title='bbox 3411 5564 3547 5634; x_wconf 87' lang='lat' dir='ltr'>Opp.</span> <span class='ocrx_word' id='word_1_715' title='bbox 3586 5565 3784 5621; x_wconf 74' lang='lat' dir='ltr'>Meurs.</span> <span class='ocrx_word' id='word_1_716' title='bbox 3818 5566 3855 5620; x_wconf 90' lang='lat' dir='ltr'>l.</span> <span class='ocrx_word' id='word_1_717' title='bbox 3884 5565 3920 5618; x_wconf 91' lang='grc' dir='ltr'>Ι.</span> <span class='ocrx_word' id='word_1_718' title='bbox 3946 5579 4000 5627; x_wconf 76' lang='grc' dir='ltr'><strong>νο</strong></span> 
     </span>
    </p>
   </div>
   <div class='ocr_carea' id='block_1_106' title="bbox 2430 5654 2693 5707">
    <p class='ocr_par' dir='ltr' id='par_1_106' title="bbox 2430 5654 2693 5707">
     <span class='ocr_line' id='line_1_106' title="bbox 2430 5654 2693 5707; baseline -0.008 0"><span class='ocrx_word' id='word_1_719' title='bbox 2430 5654 2693 5707; x_wconf 53' lang='lat'>465-585.</span> 
     </span>
    </p>
   </div>
   <div class='ocr_carea' id='block_1_107' title="bbox 2503 5744 3557 5815">
    <p class='ocr_par' dir='ltr' id='par_1_107' title="bbox 2503 5744 3557 5815">
     <span class='ocr_line' id='line_1_107' title="bbox 2503 5744 3557 5815; baseline 0.002 -20"><span class='ocrx_word' id='word_1_720' title='bbox 2503 5747 2577 5812; x_wconf 66' lang='lat'>(5;)</span> <span class='ocrx_word' id='word_1_721' title='bbox 2625 5744 2732 5799; x_wconf 77' lang='lat' dir='ltr'>vv.</span> <span class='ocrx_word' id='word_1_722' title='bbox 2769 5745 2869 5803; x_wconf 72' lang='lat' dir='ltr'>nr.</span> <span class='ocrx_word' id='word_1_723' title='bbox 2902 5746 3086 5802; x_wconf 81' lang='lat' dir='ltr'>Rosw.</span> <span class='ocrx_word' id='word_1_724' title='bbox 3122 5747 3156 5804; x_wconf 87' lang='grc' dir='ltr'>ι.</span> <span class='ocrx_word' id='word_1_725' title='bbox 3198 5747 3232 5799; x_wconf 92' lang='lat' dir='ltr'>I.</span> <span class='ocrx_word' id='word_1_726' title='bbox 3268 5762 3319 5815; x_wconf 85' lang='lat' dir='ltr'>p.</span> <span class='ocrx_word' id='word_1_727' title='bbox 3353 5746 3475 5807; x_wconf 67' lang='lat' dir='ltr'>ut,</span> <span class='ocrx_word' id='word_1_728' title='bbox 3524 5745 3557 5797; x_wconf 86' lang='grc' dir='ltr'>ι.</span> 
     </span>
    </p>
   </div>
  </div>
