4266 6360
253 380 328 437 ἳε
1763 376 1984 433 νιτλις.
3441 378 3515 435 εδ

247 500 545 577 primum,
577 512 688 555 sea:
708 503 930 573 postea
964 494 1269 555 Joannem
1299 493 1552 568 adiisse,
1601 513 1672 555 ac
1712 495 1835 556 sibi
1866 502 1909 555 A
1939 496 2198 558 deamus
2229 513 2396 559 nunc
2432 510 2510 559 ad
2553 496 2974 574 gravissimam
3014 510 3170 566 rem,
3202 512 3515 575 quaerem-

252 598 328 657 (ιε
357 604 524 656 sorte
555 614 671 655 sua
698 596 920 672 futura
953 614 991 653 ιι
1017 596 1259 654 Joanne
1295 595 1476 655 varia
1507 595 1839 673 praedicta

254 716 378 757 esse
426 694 532 776 (1).
585 697 753 768 Quae
787 693 1107 774 praedicta
1155 693 1235 756 de
1282 693 1558 756 Palladio
1606 694 1835 757 valent.

252 797 433 860 Unde
462 804 748 877 apertum
780 804 897 870 est,
931 796 1275 858 Palladium
1303 796 1513 876 ipsum
1538 795 1694 858 illud
1728 815 1834 859 ca-

252 908 366 981 put
409 899 550 960 libri
578 898 842 960 secundi
880 902 1229 959 mutuatum
1260 913 1422 972 esse,
1459 914 1494 959 e
1534 897 1663 959 suis
1688 916 1836 961 vero

252 1003 378 1073 illa,
433 1019 596 1081 quae
642 1001 1059 1062 visitationem
1096 998 1354 1061 Joannis
1390 999 1735 1061 accuratius
1766 1017 1838 1062 ac

252 1104 511 1164 uberius
539 1101 879 1181 explicent,
921 1101 1259 1163 addidisse.
1291 1102 1444 1161 Nam
1484 1100 1669 1160 etiam
1699 1098 1839 1160 libri

252 1204 519 1266 secundi
558 1209 749 1283 caput
796 1202 876 1264 de
916 1205 1158 1265 Joanne
1195 1202 1262 1263 in
1299 1204 1464 1281 Lyco
1495 1201 1839 1279 genuinum

253 1323 393 1365 esse
428 1306 489 1364 S.
524 1304 947 1380 Hieronymus
974 1309 1236 1363 testatur
1264 1299 1371 1379 (2).

332 1406 441 1464 Sin
482 1410 688 1465 autem
732 1403 1046 1465 Palladius
1085 1420 1284 1463 unum
1324 1408 1513 1482 caput
1554 1400 1695 1462 libri
1736 1418 1837 1462 se-

253 1501 445 1564 cundi
490 1503 637 1562 satis
684 1501 943 1577 longum
991 1502 1057 1561 in
1102 1502 1436 1562 Historiam
1482 1500 1839 1560 Lausiacam

253 1621 432 1663 suam
461 1604 793 1675 transtulit,
820 1603 971 1681 quid
994 1604 1219 1676 obstat,
1250 1602 1403 1681 quin
1426 1608 1487 1663 et
1506 1608 1711 1663 cetera
1732 1620 1838 1663 ca-

254 1704 409 1783 pita,
442 1720 605 1782 quae
650 1703 904 1782 utrique
938 1702 1100 1763 libro
1147 1702 1507 1764 communia
1551 1710 1720 1776 sunt,
1761 1702 1840 1764 ab

255 1805 485 1865 eodem
514 1803 826 1865 Historiae
868 1803 1199 1865 Lausiacae
1229 1804 1463 1863 intexta
1499 1819 1633 1863 esse
1664 1802 1837 1864 dica-
1873 1843 1911 1896 Β

254 1924 420 1979 mus,
458 1905 824 1985 praecipue,
861 1922 1056 1983 quum
1092 1904 1425 1977 Palladius,
1457 1912 1526 1965 ut
1555 1904 1772 1965 saltem
1805 1920 1840 1965 e

254 2008 459 2085 capite
488 2007 566 2067 de
592 2008 835 2067 Joanne
867 2003 1029 2065 haud
1060 2004 1249 2064 dubie
1283 2010 1548 2076 constat,
1580 2003 1842 2082 scripto-

256 2109 342 2169 ris
383 2108 526 2168 libri
555 2106 817 2168 secundi
852 2106 918 2165 in
947 2105 1171 2165 itinere
1210 2105 1419 2166 socius
1437 2104 1647 2178 fuerit,
1686 2121 1842 2183 quo-

254 2228 399 2272 cum
432 2227 556 2271 una
580 2206 1038 2286 Hierosolymis
1065 2212 1341 2266 venerat.

334 2310 497 2386 Ergo
528 2306 854 2387 probabile
884 2310 999 2377 est,
1022 2303 1392 2377 Palladium,
1417 2320 1609 2381 quum
1638 2302 1842 2363 Histo-

254 2410 410 2471 riam
449 2409 807 2470 Lausiacam
840 2405 1162 2479 scriberet,
1196 2405 1397 2484 capita
1427 2403 1530 2465 illa
1558 2402 1635 2464 de
1667 2403 1838 2464 seni-

254 2511 375 2571 bus
402 2507 739 2570 Thebaidis
774 2524 809 2568 e
846 2506 1008 2568 libro
1040 2506 1321 2568 secundo
1363 2505 1428 2565 in
1469 2521 1607 2565 eam
1638 2510 1841 2564 trans-

254 2611 496 2671 tulisse.
547 2612 678 2671 Iam
738 2625 889 2671 vero
944 2608 1127 2669 istam
1179 2605 1739 2678 necessitudinem,
1791 2604 1843 2665 si

255 2711 479 2772 tertius
515 2709 773 2789 quidam
810 2708 1082 2787 capitum
1114 2706 1489 2787 compilator
1516 2712 1839 2779 statuatur,

255 2810 421 2869 iuste
494 2807 795 2887 explicari
858 2824 989 2868 non
1048 2823 1267 2887 posse,
1315 2823 1503 2886 supra
1551 2805 1840 2867 vidimus.

256 2912 461 2982 Quare
500 2909 707 2971 solum
744 2916 957 2983 restat,
987 2915 1057 2970 ut
1086 2916 1450 2983 statuamus,
1487 2908 1604 2969 ista
1641 2909 1843 2987 capita

258 3009 341 3069 ab
386 3009 526 3087 ipso
574 3007 849 3070 Palladio
898 3007 1232 3069 Lausiacae
1279 3007 1513 3068 intexta
1561 3022 1720 3067 esse.
1772 3005 1843 3066 ld

258 3126 411 3169 vero
463 3109 695 3170 rectius
742 3107 1043 3186 explicari
1094 3106 1335 3185 nequit,
1388 3124 1577 3185 quam
1627 3123 1725 3179 eo,
1775 3112 1845 3167 ut

1940 603 2055 671 tes,
2089 615 2240 659 num
2284 597 2385 659 hic
2429 598 2637 659 socius
2678 596 2933 658 Palladii
2982 603 3044 658 et
3087 595 3229 656 libri
3259 598 3520 659 secundi

1940 699 2208 778 scriptor
2234 699 2496 759 Ruﬁnus
2524 699 2732 771 fuerit,
2767 716 2884 760 nec
2916 715 3018 759 ne.
3052 698 3228 772 Quod
3264 699 3518 777 quidem

1939 797 2130 859 fuisse
2155 799 2394 878 nequit.
2424 801 2577 860 Nam
2607 816 2796 877 supra
2830 797 2909 877 (3)
2948 798 3358 871 ostendimus,
3387 801 3518 859 Ru-

1942 899 2137 960 ﬁnum
2176 906 2319 978 post
2351 916 2584 960 annum
2620 899 2733 959 385
2780 899 2843 959 in
2891 903 3172 977 Aegypto
3216 916 3344 959 non
3383 916 3518 959 am-

1943 997 2105 1075 plius
2135 997 2429 1057 adfuisse.
2465 998 2683 1076 Neque
2728 996 2793 1056 in
2839 997 3049 1057 Ruﬁni
3078 996 3273 1071 libris,
3313 1014 3522 1077 neque

1940 1099 2005 1158 in
2041 1098 2143 1157 illa
2176 1098 2589 1170 dissensione,
2628 1114 2789 1175 quae
2820 1098 3050 1158 Ruﬁno
3086 1116 3229 1158 cum
3275 1099 3335 1156 S.
3369 1099 3483 1158 Hie
3514 1134 3519 1141 ι

1942 1216 2209 1276 ronymn
2240 1198 2375 1272 fuit,
2418 1198 2495 1259 de
2534 1198 2780 1272 itinere,
2822 1199 2990 1277 quod
3038 1205 3307 1259 exeunte
3355 1215 3522 1259 anno

1942 1295 2057 1355 394
2080 1304 2185 1359 aut
2214 1298 2471 1358 omnino
2503 1305 2647 1375 post
2676 1314 2907 1357 annum
2928 1296 3051 1356 .385
3072 1296 3140 1356 in
3172 1302 3522 1376 Aegyptum

1942 1398 2309 1477 susceperit,
2346 1399 2687 1477 quidquam
2719 1398 3049 1459 invenitur.
3079 1385 3389 1458 Palladius
3420 1396 3512 1458 de-

1942 1501 2157 1578 nique,
2189 1500 2239 1559 si
2269 1500 2532 1560 Ruﬁnus
2560 1500 2802 1560 itineris
2833 1501 3039 1561 socius
3071 1500 3310 1571 fuisset,
3336 1500 3413 1561 de
3445 1518 3521 1561 eo

1942 1600 2003 1659 in
2034 1601 2303 1662 Historia
2339 1600 2632 1663 Lausiaca
2656 1601 2835 1662 aliter
2866 1618 3015 1662 sane
3046 1602 3417 1679 scripsisset,
3449 1620 3520 1663 ac

1942 1703 2190 1781 scripsit
2227 1702 2333 1781 (4).

2020 1802 2179 1863 Hinc
2208 1802 2398 1879 igitur
2440 1801 2585 1863 satis
2631 1802 3037 1881 perspicuum
3079 1801 3342 1871 videtur,
3390 1803 3522 1862 Ru-

1942 1901 2138 1962 ﬁnum
2185 1901 2361 1962 illum
2412 1902 2668 1962 Palladii
2701 1902 2941 1962 socium
2979 1908 3041 1961 et
3077 1900 3218 1961 libri
3263 1902 3524 1962 secundi

1941 2001 2310 2079 scriptorem
2338 2018 2468 2061 non
2502 2018 2660 2061 esse.
2697 2000 2872 2071 Quod
2902 2000 3022 2061 alio
3056 1999 3409 2059 ﬁrmissimo
3432 2017 3524 2059 ar-

1941 2105 2239 2176 gumento
2271 2100 2595 2178 probatur.
2621 2097 2910 2174 Legimus
2932 2097 2997 2156 in
3020 2096 3179 2157 libro
3200 2096 3479 2156 secundo
3506 2113 3518 2154 :

1943 2222 1971 2253 ‹‹
2001 2200 2345 2260 Narrabant
2367 2206 2574 2259 autem
2607 2198 2789 2259 nobis
2816 2197 3070 2276 quidam
3101 2214 3178 2257 ex
3218 2195 3521 2275 patribus,

1942 2301 2051 2379 qui
2090 2301 2172 2361 ibi
2217 2301 2302 2375 [in
2343 2300 2566 2375 Celliis]
2617 2306 2823 2373 erant,
2870 2301 3041 2379 quod
3088 2300 3151 2360 in
3189 2299 3344 2361 locis
3391 2299 3527 2360 istis

1942 2400 2070 2462 duo
2116 2402 2364 2463 Macarii
2395 2402 2569 2481 quasi
2612 2402 2739 2463 duo
2779 2402 2932 2463 caeli
2976 2402 3212 2463 lumina
3253 2400 3528 2462 refulsis-

1944 2509 2083 2563 sent
2119 2501 2229 2582 (5).
2263 2526 2291 2559 »
2324 2505 2488 2581 Ergo
2528 2504 2798 2582 scriptor
2836 2502 2977 2563 libri
3015 2503 3336 2576 Macarios,
3380 2504 3525 2583 qui-

1942 2602 2207 2663 buscum
2236 2620 2301 2664 se
2330 2604 2395 2663 in
2424 2604 2617 2664 Nitria
2640 2611 2951 2665 versatum
2979 2621 3117 2665 esse
3147 2605 3409 2665 Ruﬁnus
3430 2622 3530 2665 su—

1943 2722 2055 2783 pra
2075 2704 2212 2783 ipse
2234 2722 2348 2766 nos
2374 2704 2607 2779 docuit,
2633 2705 2769 2785 ipse
2792 2722 2918 2766 non
2946 2706 3256 2782 cognovit.
3282 2707 3414 2777 Quo
3439 2705 3525 2779 ﬁt,

1942 2810 2011 2864 ut
2032 2804 2293 2865 Ruﬁnus
2318 2804 2460 2864 libri
2491 2805 2753 2866 secundi
2778 2806 3045 2884 scriptor
3066 2822 3203 2867 esse
3235 2823 3360 2866 non
3388 2824 3531 2885 pos-

1946 2905 2041 2965 sit.
2073 2907 2291 2984 Neque
2322 2906 2649 2982 Evagrium
2680 2906 2813 2967 eius
2839 2906 2978 2966 libri
3003 2907 3373 2987 scriptorem
3406 2908 3534 2968 exi-

1947 3007 2195 3068 stimare
2227 3008 2396 3080 licet,
2421 3008 2591 3086 quod
2629 3009 2941 3087 quispiam
2970 3008 3234 3070 fortasse
3264 3026 3297 3069 e
3327 3010 3533 3071 verbis

1948 3110 2008 3168 S.
2032 3109 2400 3185 Hieronymi
2421 3125 2609 3186 supra
2631 3107 2831 3169 allatis
2852 3109 3166 3170 conﬁcere
3184 3108 3349 3169 velit.
3378 3112 3531 3171 Nam

259 3208 602 3269 Palladium
662 3224 793 3268 non
841 3207 1045 3269 solum
1100 3209 1408 3268 Joannem
1454 3207 1521 3267 in
1567 3209 1735 3285 Lyco
1783 3212 1845 3267 et
1872 3184 1914 3241 θ
1946 3209 2241 3286 Evagrius
2267 3207 2483 3269 itidem
2500 3184 2581 3269 se
2606 3225 2749 3269 cum
2777 3208 3060 3270 Macariis
3096 3218 3531 3272 conversatum

261 3309 687 3389 Apollonium,
720 3309 799 3370 de
828 3309 1057 3387 quibus
1084 3308 1207 3368 iam
1237 3314 1409 3369 certo
1436 3313 1701 3381 constat,
1730 3306 1844 3368 sed

259 3420 508 3473 ceteros
542 3427 800 3489 quoque
846 3426 1069 3470 omnes
1113 3407 1449 3470 Thebaidis
1492 3424 1676 3469 senes
1720 3424 1845 3469 una

260 3531 407 3573 cum
436 3513 742 3590 scriptore
772 3511 915 3571 libri
947 3509 1209 3571 secundi
1242 3508 1550 3582 invisisse,
1589 3508 1844 3570 eadem-

261 3632 389 3693 que
411 3614 525 3674 ista
548 3631 671 3675 una
692 3630 836 3675 cum
860 3630 937 3674 eo
968 3617 1299 3690 expertum
1327 3628 1464 3672 esse
1487 3610 1842 3690 opinemur.

261 3720 660 3795 QuaprOpter
705 3723 948 3793 postea,
981 3730 1143 3793 quae
1189 3713 1398 3774 socius
1438 3712 1604 3773 bene
1643 3729 1843 3791 expo-

262 3823 495 3888 suerat,
525 3816 591 3876 in
613 3815 842 3894 librum
863 3831 1045 3875 suum
1065 3813 1336 3893 recepit;
1364 3830 1524 3892 quae
1544 3830 1692 3874 vero
1714 3813 1849 3875 lon-

263 3917 441 3994 giore
463 3915 851 3977 habitatione
878 3913 1015 3993 ipse
1043 3911 1269 3973 melius
1289 3928 1477 3989 quam
1509 3910 1716 3972 socius
1745 3928 1849 3973 co-

263 4024 589 4096 gnoverat,
623 4016 861 4078 scilicet
885 4031 1048 4094 quae
1075 4014 1154 4075 ad
1189 4030 1372 4074 senes
1398 4013 1561 4074 circa
1592 4013 1850 4075 Alexan-

262 4119 466 4179 driam
487 4123 548 4178 et
579 4117 645 4178 in
676 4116 870 4178 Nitria
898 4115 1084 4193 eique
1112 4113 1468 4176 conﬁnibus
1498 4112 1849 4175 habitantes

262 4222 583 4295 spectant,
632 4231 749 4276 suo
794 4216 987 4275 Marte
1030 4213 1383 4292 descripsit.
1434 4213 1542 4283 26
1573 4213 1749 4285 Quod
1798 4214 1851 4275 si

262 4317 731 4389 contendimus,
763 4314 1169 4376 necessitudo
1208 4314 1327 4375 ista
1362 4319 1424 4373 te
1451 4312 1720 4391 amplius
1750 4312 1847 4376 of-

260 4418 527 4479 fendere
550 4418 791 4495 nequit.

1949 3327 2084 3372 esse
2122 3311 2260 3388 ipse
2295 3315 2559 3370 testatur
2588 3308 2693 3385 (6).

2024 3416 2321 3492 Apparet,
2368 3410 2455 3472 uti
2504 3412 2928 3491 probavimus,
2962 3411 3257 3471 Ruﬁnum
3302 3409 3533 3473 librum

1948 3514 2294 3575 secundum
2344 3530 2474 3573 non
2509 3512 2964 3590 composuisse.
3018 3512 3139 3573 Sed
3188 3518 3363 3585 eum,
3415 3512 3535 3573 nisi

1948 3617 2009 3675 S.
2042 3615 2463 3693 Hieronymus
2494 3619 2556 3673 et
2585 3612 2839 3674 codices
2864 3612 3106 3693 antiqui
3140 3614 3400 3675 omnino
3431 3631 3532 3674 er-

1949 3715 2239 3787 raverint,
2266 3712 2480 3775 saltem
2506 3713 2915 3791 interpretem
2941 3711 3078 3774 libri
3109 3730 3244 3774 esse
3276 3731 3534 3775 necesse

1950 3823 2063 3877 est.
2098 3816 2203 3885 27
2226 3819 2424 3893 Atque
2450 3813 2677 3874 librum
2699 3813 2909 3886 istum,
2945 3812 3050 3892 qui
3073 3814 3137 3874 in
3160 3813 3535 3875 collectione

1949 3914 2259 3977 Rosweidi
2326 3914 2623 3974 idiomate
2687 3912 2881 3973 latino
2952 3918 3183 3985 exstat,
3246 3913 3535 3993 primitus

1951 4035 2171 4096 graece
2216 4016 2517 4094 scriptum
2556 4013 2771 4086 fuisse,
2812 4014 2864 4074 si
2895 4020 3103 4073 textus
3130 4014 3336 4090 graeci
3365 4013 3534 4091 frag-

1950 4123 2159 4177 menta
2200 4133 2235 4175 a
2274 4113 2583 4175 Cotelerio
2614 4111 2861 4189 vulgata
2907 4113 2990 4190 (7)
3027 4120 3132 4173 aut
3163 4098 3532 4189 fragmenta,
3626 4109 3628 4111 ’

1951 4234 2113 4295 quae
2136 4217 2199 4276 in
2220 4215 2489 4275 Historia
2512 4212 2803 4274 Lausiaca
2825 4213 3211 4273 Meursianae
3242 4213 3536 4274 editionis

1952 4323 2190 4378 servata
2222 4321 2362 4376 sunt
2400 4314 2506 4395 (8),
2539 4314 2907 4387 contuleris,
2940 4313 3121 4375 facile
3143 4314 3252 4374 tibi
3281 4332 3537 4393 persua-

1953 4416 2151 4477 debis.
2178 4418 2393 4494 Itaque
2424 4414 2546 4475 iam
2579 4414 2657 4475 de
2684 4415 3053 4493 interprete,
3088 4432 3239 4475 num
3268 4416 3534 4476 Ruﬁnus

342 4521 561 4597 Itaque
610 4513 1096 4587 necessitudine,
1148 4528 1310 4591 quae
1357 4512 1517 4573 libro
1568 4511 1846 4575 secundo
1882 4520 1922 4574 D
1952 4515 2029 4575 sit
2058 4531 2174 4575 nec
2215 4531 2317 4586 ne,
2351 4520 2639 4575 accurate
2674 4513 3015 4574 videamus.

264 4617 737 4680 Rosweidianae
763 4614 1155 4677 collectionis
1183 4612 1513 4673 intercedit
1543 4630 1687 4673 cum
1744 4612 1849 4671 Hi-

266 4720 458 4781 storia
492 4717 787 4778 Lausiaca
830 4714 1112 4788 Palladii,
1141 4714 1301 4774 iuste
1332 4711 1660 4791 explicata,
1694 4729 1849 4774 con-

264 4820 492 4891 clusio,
542 4818 879 4897 scriptores
930 4816 1155 4877 horum
1215 4814 1516 4875 librorum
1583 4819 1851 4875 exeunte

262 4938 435 4985 anno
484 4920 595 4980 394
643 4919 849 4982 socios
882 4918 1123 4980 itineris
1160 4918 1225 4978 in
1274 4915 1588 4977 Thebaide
1633 4914 1847 4985 fuisse,

263 5039 395 5083 non
415 5020 732 5093 evertitur,
751 5018 860 5080 sed
880 5034 1262 5097 magnopere
1281 5015 1706 5078 conﬁrmatur.
1732 5015 1850 5074 Re-

339 5228 417 5297 (ι)
459 5225 592 5282 Hist.
646 5223 811 5279 Laus.
854 5223 890 5276 l.
938 5223 975 5277 l.
1018 5220 1157 5293 Opp.
1202 5221 1403 5276 Meurs.
1466 5220 1500 5273 l.
1542 5220 1578 5272 ι.
1616 5235 1669 5289 p.
1713 5218 1845 5272 468-

263 5322 394 5376 4⁸72.

338 5411 419 5483 (2)
463 5408 560 5479 Ep.
605 5408 709 5462 153
742 5406 809 5461 ad
840 5406 1091 5476 Ctesipli.

337 5506 418 5574 ('5)
458 5504 619 5557 Initio
650 5502 814 5554 huius
849 5499 899 5569 §.

336 5598 415 5668 (ι)
460 5592 797 5667 ιΙὶειηιλαυς.
828 5607 952 5661 cap.
984 5591 1105 5645 “8.
1143 5589 1263 5643 ΗΕ).

338 5690 419 5758 (5)
460 5686 574 5740 VV'.
602 5685 704 5740 ιιι).
744 5684 928 5739 ltosw.
965 5684 1059 5737 lib.
1093 5681 1133 5734 Il
1164 5698 1285 5751 cap.
1322 5680 1391 5734 28
1419 5698 1471 5752 p.
1506 5681 1632 5744 479.
1660 5684 1714 5737 ἓ.

336 5781 414 5848 (6)
452 5779 646 5849 Capita
678 5777 919 5845 practica
973 5776 1039 5827 ad
1094 5775 1408 5829 Anatolium
1448 5775 1539 5830 95.
1580 5776 1667 5832 94.
1722 5774 1847 5830 Cal-

267 5870 421 5928 laml.
458 5871 597 5924 Bibl.
631 5869 735 5926 PP.
768 5868 831 5924 Τ.
863 5867 951 5919 VII
990 5884 1041 5936 p.
1079 5866 1201 5921 565.

2030 4616 2114 4675 Ac
2152 4614 2426 4691 primum
2468 4612 2747 4691 quidem,
2781 4613 2927 4692 quia
2968 4612 3033 4671 in
3062 4611 3223 4672 libro
3254 4611 3533 4673 secundo

1951 4713 2253 4773 Macarius
2298 4712 2775 4785 Alexandrinus,
2809 4712 2918 4790 qui
2965 4710 3239 4772 Palladio
3284 4709 3533 4771 oculato

1951 4821 2107 4875 teste
2137 4814 2201 4875 in
2244 4814 2447 4875 Celliis
2468 4814 2616 4872 vixit
2642 4812 2749 4892 (9),
2794 4813 2857 4873 in
2889 4814 3066 4873 Scete
3096 4812 3403 4873 habitasse
3434 4812 3532 4872 di-

1951 4916 2111 4975 citur
2130 4913 2274 4991 (10),
2298 4931 2485 4975 nemo
2506 4914 2857 4985 inducatur,
2882 4921 2950 4973 ut
2969 4919 3211 4985 statuat,
3236 4913 3535 4973 Ruﬁnum

1953 5013 2361 5091 interpretem
2406 5029 2534 5071 non
2575 5028 2736 5085 esse,
2764 5012 3002 5090 quippe
3032 5010 3159 5088 qui,
3196 5009 3246 5069 si
3288 5009 3540 5083 fuisset,.

2025 5219 2100 5289 (7)
2139 5217 2371 5272 Coteler.
2412 5216 2559 5273 Eccl.
2612 5217 2808 5271 Graec.
2864 5216 3009 5271 Mon.
3053 5216 3115 5270 Τ.
3179 5216 3247 5270 Ill
3292 5234 3345 5287 p.
3406 5219 3539 5273 171-

1954 5311 2077 5365 184.
2108 5309 2245 5378 Opp.
2279 5309 2479 5363 Meurs.
2512 5311 2547 5363 Ι.
2586 5310 2621 5362 l.
2660 5326 2712 5379 p.
2746 5309 2852 5363 659
2878 5325 2995 5379 sqq.

2025 5404 2101 5471 (8)
2142 5402 2306 5455 Multa
2342 5403 2489 5455 enim
2528 5402 2653 5455 libri
2684 5402 2845 5455 istius
2881 5402 3057 5470 capita
3087 5414 3282 5470 graece
3344 5401 3398 5454 in
3438 5400 3539 5455 lli.

1954 5496 2126 5549 storia
2158 5494 2425 5547 Lausiaca
2463 5494 2587 5561 legi,
2629 5507 2793 5561 supra
2824 5494 2900 5562 (p.
2930 5492 3022 5561 23)
3055 5492 3420 5546 ostendimus.

2026 5586 2100 5655 (9)
2142 5584 2284 5641 llist.
2316 5584 2481 5639 Laus.
2522 5586 2610 5638 ed.
2646 5584 2847 5638 Meurs.
2884 5600 3009 5654 cap.
3049 5584 3110 5636 2t
3164 5582 3301 5653 Opp.
3331 5583 3537 5637 Metire.

1952 5679 1990 5732 ῐ.
2017 5676 2055 5732 l.
2092 5694 2143 5747 p.
2172 5679 2295 5732 396.
2322 5677 2405 5731 Cf.
2433 5677 2575 5730 infra
2604 5678 2777 5745 Caput
2808 5677 2893 5729 lll.

2028 5771 2276 5843 (10)vv.
2306 5770 2408 5826 PP.
2431 5769 2611 5825 Rosw.
2647 5768 2739 5823 lib.
2780 5767 2823 5820 Il
2843 5783 2963 5839 cap.
3003 5766 3063 5821 ει
3096 5782 3151 5836 p.
3187 5765 3397 5831 $81.1.
