4266 6360
761 371 831 427 υ
1578 369 1675 423 SS.
1724 366 2179 422 MACARIORUM
2222 362 2541 419 AEGYPTII
2586 363 2670 417 ET
2700 360 3169 416 ALEXANDRINI
3940 354 4011 409 28

764 491 951 546 talem
983 499 1283 553 errorem,
1316 482 1461 559 quia
1490 497 1631 540 cum
1666 478 1943 539 Macariis
1976 478 2109 556 ipse
2142 494 2343 537 versa-
2374 479 2418 533 Δ
2522 476 2697 547 Quod
2715 475 2791 535 de
2822 474 2959 534 libri
2981 474 3517 551 istiusinterprete
3540 469 4015 550 disputavimus,

765 588 865 640 tus
907 586 1021 649 est,
1070 578 1461 640 correxisset.
1510 577 1660 635 Nam
1701 591 1877 635 error
1922 573 2011 633 illi
2058 572 2342 633 relationi

766 693 894 736 non
918 678 1100 749 inest,
1116 693 1310 754 quum
1331 674 1628 735 Macarius
1652 672 2101 734 Alexandrinus
2122 672 2343 732 eodem

767 777 1041 837 Palladio
1070 783 1227 837 teste
1264 794 1389 837 non
1419 776 1483 835 in
1510 775 1713 835 Celliis
1748 773 1975 846 solum,
2011 773 2119 833 sed
2148 772 2341 832 inter-

769 877 917 937 dum
970 877 1031 937 in
1083 878 1261 937 Scete
1309 892 1566 954 quoque
1615 874 1924 943 habitarit,
1968 871 2075 932 ubi
2124 870 2344 932 cellam

772 976 988 1035 habuit
1028 974 1131 1053 (1).
1174 974 1411 1035 Deinde
1442 975 1727 1044 Ruﬁnus,
1761 973 1907 1033 licet
1935 972 1999 1031 in
2032 972 2343 1048 interpre-

771 1074 974 1135 tandis
1017 1073 1190 1136 libris
1228 1092 1467 1134 summa
1515 1090 1657 1133 cum
1710 1070 1994 1132 libertate
2042 1076 2341 1140 versetur,

772 1177 869 1235 vix
899 1193 1174 1253 unquam
1191 1182 1396 1235 tamen
1420 1182 1612 1234 artem
1637 1174 1909 1234 criticam
1936 1172 2021 1232 sic
2043 1170 2341 1240 exercuit,

772 1284 840 1335 ut
886 1257 1252 1354 scriptorem
1298 1274 1662 1335 emendarit.
1707 1276 1927 1343 Quare,
1989 1270 2041 1331 si
2082 1270 2348 1348 scriptor

776 1382 1060 1447 errasset,
1099 1376 1162 1435 id
1208 1393 1241 1435 a
1280 1374 1506 1433 Ruﬁno
1549 1382 1898 1434 correctum
1945 1387 2081 1432 esse
2118 1370 2215 1429 vix
2242 1387 2347 1429 ex-

773 1477 1040 1553 spectari
1066 1474 1586 1553 possetDenique
1609 1491 1757 1533 num
1776 1471 2034 1532 omnino
2057 1472 2342 1542 Ruﬁnus,

774 1578 883 1654 qui
910 1578 973 1635 in
997 1594 1236 1635 summa
1266 1573 1369 1633 illa
1392 1591 1597 1633 rerum
1631 1572 2119 1651 perturbatione,
2152 1588 2347 1648 quum

772 1681 996 1738 Lucius
1037 1676 1378 1736 monachos
1428 1672 1620 1733 eremi
1660 1672 2017 1746 exagitaret,
2050 1672 2346 1731 Macarios

772 1779 837 1839 in
871 1778 1059 1837 Nitria
1088 1775 1377 1837 convenit
1402 1773 1507 1853 (2),
1546 1773 1623 1833 de
1654 1772 2033 1833 habitatione
2063 1771 2344 1847 singulo-

773 1899 910 1942 rum
960 1887 1083 1940 tam
1134 1883 1418 1939 accurate
1466 1875 1723 1935 edoctus
1758 1874 1964 1947 fuerit,
2009 1873 2347 1934 admodum

775 1988 981 2060 potest
1010 1978 1299 2038 dubitari.
1330 1977 1517 2036 Istinc
1552 1975 1742 2052 igitur
1764 1973 1915 2033 nihil
1943 1974 2164 2046 obstat,
2197 1992 2351 2052 quo-

774 2082 980 2141 minus
1003 2079 1296 2138 Ruﬁnum
1325 2075 1467 2135 libri
1497 2074 1761 2135 secundi
1781 2074 2187 2153 interpretem
2213 2092 2349 2134 esse

776 2184 1076 2244 dicamus.

852 2285 979 2341 Iam
1010 2297 1220 2360 porro,
1248 2277 1417 2357 quod
1446 2276 1744 2337 Ruﬁnum
1773 2276 2182 2353 interpretem
2214 2290 2350 2334 esse

776 2381 1147 2460 comprobet
1177 2388 1421 2459 praeter
1451 2381 1511 2438 S.
1544 2376 1911 2454 Hieronymi
1936 2377 2121 2436 verba
2150 2381 2210 2435 et
2239 2392 2349 2435 c.0-

777 2481 983 2541 dicum
1002 2477 1647 2550 testimonia,audi.ln
1674 2475 1829 2535 libro
1853 2474 2019 2535 enim
2042 2473 2348 2546 secundo,

776 2574 841 2634 in
878 2575 1000 2634 ﬁne
1031 2575 1454 2635 narrationum
1484 2572 1561 2633 de
1607 2572 1885 2632 Macariis
1920 2570 2130 2632 locum
2171 2570 2349 2648 legis,

778 2676 889 2754 qui
917 2694 950 2736 a
984 2676 1233 2737 nemine
1264 2675 1383 2736 nisi
1422 2693 1455 2736 a
1499 2674 1727 2734 Ruﬁno
1758 2674 2027 2752 scriptus
2057 2690 2193 2733 esse
2232 2690 2351 2751 po-

776 2782 915 2837 test.
950 2780 1149 2838 Locus
1174 2776 1273 2837 hic
1298 2778 1406 2846 28
1427 2783 1518 2836 est
1549 2794 1560 2835 :
1601 2800 1627 2828 «
1664 2774 1783 2833 Sed
1823 2782 1883 2834 et
1926 2773 2141 2845 multa,
2164 2779 2233 2833 ut
2255 2773 2352 2832 di-

777 2879 1003 2949 ximus,
1028 2878 1144 2938 alia
1173 2878 1250 2937 de
1282 2878 1580 2955 Operibus
1612 2876 1805 2937 sancti
1828 2875 2074 2935 Macarii
2095 2874 2356 2934 Alexan-

779 2978 942 3038 drini
977 2977 1277 3037 mirabilia
1324 2976 1631 3050 feruntur,
1665 2994 1741 3037 ex
1791 2975 2021 3054 quibus
2052 2974 2355 3035 nonnulla

778 3080 844 3139 in
886 3081 966 3138 XI
1012 3080 1173 3138 libro
1221 3078 1692 3139 Ecclesiasticae
1748 3078 2055 3138 Historiae
2098 3078 2351 3151 inserta,

2446 574 2747 653 praefatio
2797 590 3052 652 quoque
3084 572 3223 634 libri
3257 573 3331 650 (5)
3370 572 3584 633 saltem
3627 571 4019 648 aliquatenus

2446 674 2858 751 comprobare
2878 672 3139 732 videtur.
3167 673 3332 743 Quae
3362 688 3581 748 graece
3612 670 3705 729 bis
3729 669 4015 741 habetur,

2447 776 2507 829 ct
2532 769 2592 828 in
2628 794 2653 823 «
2689 770 3004 842 Paradiso,
3042 792 3069 824 »
3094 765 3646 846 cuius'fragmenta
3676 766 4020 827 Cotelerius

2447 870 2639 932 edidit
2673 872 2774 950 (6),
2819 879 2879 931 et
2920 872 2982 931 in
3028 872 3237 950 priore
3274 872 3602 950 prooemio
3634 870 4021 930 Meursianae

2448 971 2736 1031 editionis
2766 971 3077 1031 Historiae
3104 970 3435 1031 Lausiacae
3469 969 3574 1048 (7).
3618 972 3815 1047 Atque
3854 968 4021 1028 edita

2446 1072 2720 1130 Paradisi
2742 1071 3108 1147 fragmenta,
3124 1071 3286 1130 inter
3306 1087 3466 1147 quae
3489 1071 3671 1129 etiam
3691 1066 4018 1146 praefatio,

2448 1171 2593 1230 satis
2626 1180 2912 1232 accurate
2934 1190 3075 1233 cum
3107 1172 3265 1235 libro
3295 1174 3572 1235 secundo
3610 1174 4017 1234 conveniunt.

2448 1272 2671 1331 Contra
2700 1290 2733 1331 a
2766 1274 3092 1350 prooemio
3135 1274 3254 1334 isto
3300 1275 3687 1334 Meursianae
3729 1273 4024 1333 editionis

2448 1369 2751 1447 praefatio
2782 1371 3052 1431 Paradisi
3076 1378 3135 1431 et
3158 1371 3298 1431 libri
3327 1372 3587 1433 secundi
3616 1372 3785 1433 hisce
3818 1373 4022 1449 gravi-

2449 1471 2565 1531 bus
2594 1472 2900 1550 capitibus
2923 1472 3148 1533 dilfert.
3169 1472 3285 1532 Ubi
3317 1474 3482 1532 enim
3505 1473 3769 1551 scriptor
3800 1489 4025 1551 prooe-

2448 1572 2555 1631 mii
2580 1589 2644 1632 se
2668 1580 2887 1649 rogatu
2908 1574 3086 1633 Lausi
3108 1573 3445 1651 praepositi
3465 1572 3786 1650 scripsisse
3808 1573 3915 1643 ait,
3934 1572 4021 1633 ibi

2450 1672 2749 1749 praefatio
2780 1672 2882 1731 illa
2910 1674 3276 1751 scriptorem
3313 1697 3339 1727 α
3372 1675 3436 1733 in
3472 1674 3728 1751 gratiam
3760 1673 4021 1733 fratrum

2448 1773 2513 1831 in
2562 1779 2775 1832 monte
2822 1772 3039 1833 Oliveti
3076 1774 3609 1834 commanentium
3667 1795 3693 1827 »
3749 1774 4025 1834 scribere

2449 1864 2756 1943 perbibet.
2790 1866 3028 1925 Rursus
3072 1866 3381 1943 prooemii
3412 1866 3679 1945 scriptor
3718 1865 3908 1937 addit,
3957 1883 4027 1927 se

2450 1972 2510 2024 et
2534 1964 2612 2025 de
2642 1964 3009 2025 mulieribus
3038 1966 3375 2037 dicturum,
3408 1966 3578 2043 quod
3610 1972 3817 2026 autem
3854 1982 4034 2044 prae-

2448 2063 2597 2123 fatio
2630 2065 2869 2136 omisit;
2910 2082 3114 2143 neque
3150 2065 3307 2126 libro
3330 2065 3608 2126 secundo
3635 2065 3712 2126 de
3745 2066 4030 2126 mulieri-

2451 2162 2567 2222 bus
2615 2164 2959 2242 quidquam
3017 2164 3395 2226 continetur.
3456 2167 3743 2226 Ceterum
3781 2166 4031 2245 praefa-

2450 2264 2686 2323 tionem
2716 2265 2877 2324 inter
2900 2273 2960 2325 et
2990 2266 3387 2344 prooemium
3414 2266 3579 2327 istud
3610 2267 3894 2329 intimam
3923 2284 4035 2327 ne-

2454 2366 2897 2428 cessitudinem
2952 2375 3062 2444 29
3116 2385 3250 2429 esse
3280 2417 3294 2442 ,
3338 2369 3402 2429 in
3460 2377 3677 2449 aperto
3727 2378 3841 2431 est.
3876 2370 4035 2442 Quid

2452 2468 2687 2545 igitur?
2728 2470 2887 2529 Num
2931 2471 3328 2548 prooemium
3358 2471 3546 2541 istud,
3590 2489 3668 2531 an
3712 2471 3817 2532 illa
3858 2489 4038 2550 prae-

2453 2571 2602 2632 fatio
2621 2570 2715 2633 vel
2746 2571 3019 2632 Paradisi
3049 2572 3145 2632 vel
3175 2572 3317 2633 libri
3345 2574 3606 2634 secundi
3638 2574 3813 2653 prius
3841 2575 4035 2635 exsti-

2453 2670 2574 2732 tit?

2535 2777 2701 2847 Quae
2762 2792 2883 2849 res,
2935 2775 3054 2836 nisi
3108 2774 3269 2835 forte
3319 2774 3643 2836 codicibus
3698 2775 4039 2855 aliquando

2456 2876 2848 2949 decernatur,
2900 2876 2977 2937 ad
3030 2876 3339 2953 liquidum
3382 2876 3483 2935 vix
3540 2877 3942 2955 perducetur.
3977 2879 4041 2939 Si

2455 2996 2603 3039 vero
2644 2978 3021 3039 coniecturis
3054 2978 3146 3037 uti
3186 2977 3352 3050 licet,
3390 2978 3784 3056 prooemium
3836 2987 4041 3040 aetate

2457 3078 2630 3155 prius
2677 3094 2813 3138 esse
2862 3077 3112 3136 dixeris.
3149 3078 3261 3137 Vix
3312 3078 3478 3137 enim
3521 3078 3855 3157 quisquam
3899 3080 4042 3143 loco

780 3182 890 3258 qui
921 3180 1201 3257 requirit,
1234 3180 1507 3239 inveniet
1539 3179 1645 3261 (3).
1674 3202 1702 3234 ιι
1745 3181 1837 3239 En
1878 3184 2156 3257 apertam
2200 3178 2354 3238 alle-
2383 3184 2425 3240 C
2459 3175 2788 3235 verborum
2826 3192 2837 3233 :
2869 3174 3098 3234 librum
3124 3177 3192 3235 in
3211 3178 3484 3251 gratiam
3512 3178 3953 3237 monachorum
3977 3181 4045 3239 in

780 3282 1091 3359 gationem
1119 3280 1611 3341 Continuationis
1653 3280 1959 3340 Historiae
1979 3279 2362 3339 Ecclesiasti-

780 3396 891 3439 cae
933 3379 1206 3451 Eusebii,
1234 3396 1421 3457 quam
1460 3378 1791 3457 scripserat
1820 3377 2107 3436 Ruﬁnus.
2142 3377 2359 3455 Neque

779 3496 928 3541 vero
966 3478 1103 3539 talis
1126 3478 1518 3557 parenthesis
1546 3496 1580 3539 a
1608 3479 1836 3539 Ruﬁno
1860 3477 2201 3555 interprete
2228 3483 2363 3536 tex-

778 3578 869 3639 tui
890 3576 1129 3638 adiecta
1148 3576 1447 3649 offendat,
1462 3593 1657 3655 quum
1677 3574 1943 3635 Ruﬁnus
1962 3574 2024 3634 in
2044 3574 2359 3651 interpre-

779 3680 984 3740 tandis
1004 3678 1178 3740 libris
1212 3678 1478 3738 maxima
1508 3695 1650 3738 cum
1680 3676 1961 3736 libertate
1991 3674 2222 3735 versari
2250 3692 2354 3734 so-

780 3776 925 3838 leat.
943 3778 1028 3837 Ad
1044 3778 1584 3838 Continuationem
1604 3784 1812 3838 autem
1833 3778 2011 3838 istam
2036 3783 2357 3855 provocat,

776 3878 843 3939 in
867 3895 989 3955 qua
1013 3878 1434 3957 scripseratde
1453 3881 1718 3939 Macario
1739 3877 2022 3954 haecque
2045 3875 2229 3935 verba
2247 3874 2358 3934 ad-

780 3976 1021 4037 diderat
1056 3993 1067 4034 :
1104 4001 1129 4030 ‹‹
1167 3977 1399 4035 Verum
1445 3976 1497 4036 si
1537 3975 1929 4052 singulorum
1978 3971 2359 4033 mirabilium

780 4081 952 4150 gesta
1008 4077 1063 4148 [a
1106 4074 1373 4133 Macario
1419 4072 1676 4147 scilicet]
1723 4072 2023 4152 prosequi
2070 4070 2356 4142 velimus,

780 4171 1172 4232 excludimur
1219 4190 1253 4232 a
1319 4174 1642 4251 pr0posita
1699 4174 2039 4245 brevitate,
2093 4171 2360 4231 maxime

779 4288 923 4332 cum
962 4271 1117 4333 haec
1161 4273 1576 4333 narrationem
1610 4273 1849 4352 praprii
1891 4272 2121 4332 habere
2151 4271 2361 4348 cperis

782 4379 1139 4433 mereantur
1172 4372 1275 4451 (4).
1308 4396 1334 4427 »
1369 4374 1459 4433 Ad
1491 4391 1561 4433 ea
1598 4374 1784 4450 igitur
1810 4374 2019 4443 verba,
2056 4372 2207 4449 quin
2256 4371 2361 4431 ille

2460 3286 2663 3337 monte
2711 3276 2937 3338 Oliveti
2981 3278 3497 3337 commanentium
3547 3280 3846 3356 scriptum
3890 3300 4040 3354 esse,

2462 3376 2918 3437 dedicationem
2939 3378 3015 3437 ad
3040 3378 3308 3437 Lausum
3330 3382 3545 3455 ponet,
3572 3386 3677 3439 aut
3705 3378 3930 3439 librum
3966 3381 4045 3441 de

2461 3475 2827 3537 mulieribus
2858 3493 3113 3554 quoque
3144 3482 3538 3537 narraturum
3572 3495 3709 3538 esse
3737 3478 3894 3539 falso
3941 3480 4049 3539 ad—

2463 3574 2589 3647 det,
2630 3574 2749 3635 nisi
2785 3582 2853 3635 ut
2896 3576 2983 3636 sic
3023 3593 3183 3636 nova
3228 3576 3532 3655 praefatio
3576 3578 3861 3657 prodeat,
3922 3598 4047 3657 qua

2462 3675 2565 3736 alii
2596 3676 2865 3755 cuipiam
2887 3675 3047 3737 libro
3084 3678 3419 3755 praefetur.
3440 3682 3570 3739 Iam
3593 3697 3739 3741 vero
3773 3681 4047 3743 Historia

2462 3778 2755 3837 Lausiaca
2821 3778 3164 3852 genuinum
3222 3779 3642 3857 prooemium,
3704 3798 3831 3859 quo
3888 3780 4048 3842 liber

2462 3877 2663 3936 Lauso
2688 3875 3031 3950 dedicatur,
3066 3876 3275 3938 habet.
3310 3880 3506 3949 Quare
3542 3896 3753 3950 nemo,
3783 3887 3851 3939 ut
3887 3880 4044 3941 alte-

2462 3993 2600 4035 rum
2628 3994 2769 4036 cum
2792 3978 2981 4037 altera
3013 3977 3090 4037 ad
3121 3980 3387 4037 Lausum
3422 3977 3817 4039 dedicatione
3847 3980 4046 4040 fabri-

2463 4082 2632 4136 caret
2663 4083 2722 4137 et
2754 4076 3034 4150 adderet,
3079 4078 3374 4157 compelli
3405 4079 3626 4157 potuit.
3651 4080 3867 4157 Neque
3889 4078 4048 4139 alius

2464 4174 2641 4247 liber,
2676 4176 2933 4236 cuilibri
2963 4179 3221 4238 secundi
3250 4177 3550 4256 praefatio
3583 4179 3671 4239 sic
3712 4179 4047 4257 depravata

2466 4274 2720 4351 praeﬁgi
2754 4276 3045 4351 potuerit,
3072 4275 3494 4350 cognoscitur.
3520 4274 3696 4334 Unde
3715 4273 4051 4352 praefatio-

2465 4392 2609 4433 nem
2642 4374 2817 4435 istam
2848 4375 2953 4434 illo
2994 4374 3323 4452 prooemio
3356 4381 3557 4435 aetate
3598 4373 3873 4452 priorem
3906 4390 4046 4435 esse

782 4472 959 4534 locus
997 4474 1137 4535 libri
1174 4476 1433 4536 secundi
1470 4477 1783 4555 respiciat,
1815 4476 2083 4536 dubitari
2112 4476 2354 4553 nequit.
2390 4522 2434 4575 υ
2467 4490 2686 4551 parum
2714 4472 3047 4533 verisimile
3077 4480 3191 4533 est.

781 4575 1023 4651 Neque,
1059 4592 1251 4654 quum
1283 4575 1599 4655 scripserit
1635 4594 1647 4635 :
1686 4599 1713 4631 «
1754 4582 1821 4636 ut
1850 4576 2140 4646 diximus,
2173 4598 2198 4628 »
2240 4574 2353 4633 du-

782 4674 1066 4734 bitationi
1092 4674 1269 4736 locus
1299 4674 1693 4753 relinquitur,
1717 4674 2012 4735 Ruﬁnum
2045 4681 2111 4733 ut
2142 4672 2352 4733 Conti-

783 4773 1119 4847 nuationis,
1153 4774 1235 4835 ita
1284 4782 1344 4835 et
1383 4775 1549 4835 illius
1594 4774 1715 4835 loci
1757 4774 1895 4835 libri
1928 4774 2186 4835 secundi
2219 4791 2354 4835 esse

782 4873 1176 4950 scriptorem,
1208 4874 1403 4950 ipsius
1437 4882 1643 4935 autem
1677 4874 1815 4934 libri
1846 4874 2106 4935 secundi
2147 4874 2198 4933 si
2226 4891 2354 4933 non

782 4972 1175 5049 scriptorem,
1201 4981 1406 5033 tamen
1439 4974 1865 5052 interpretem.

853 5198 930 5266 (l)
962 5196 1098 5249 Hist.
1128 5196 1292 5249 Laus.
1320 5196 1357 5249 l.
1384 5194 1423 5246 l.
1451 5212 1503 5264 p.
1530 5196 1653 5249 408.

854 5290 930 5357 (2)
957 5288 1136 5341 Ruﬁni
1172 5288 1309 5343 Hist.
1348 5288 1496 5343 Eccl.
1526 5289 1620 5341 lib.
1656 5287 1695 5339 ll
1737 5302 1857 5356 cap.
1883 5287 1916 5340 4
1959 5287 2043 5341 ed.
2090 5286 2258 5342 Basil.
2321 5288 2356 5341 l.

783 5396 835 5450 p.
861 5380 985 5438 242,
1016 5380 1103 5434 ed.
1131 5378 1363 5433 Vallarsi
1393 5380 1570 5454 p.37,
1594 5379 1769 5448 Migne
1793 5380 1829 5432 Ι.
1866 5380 1903 5433 l.
1934 5395 1987 5449 p.
2014 5379 2143 5433 5H.

854 5474 932 5542 (3)
970 5471 1081 5525 νγ.
1114 5471 1218 5526 ΡΡ.
1249 5471 1435 5527 Rosw.
1461 5473 1555 5525 lib.
1584 5470 1627 5524 ll
1654 5488 1772 5540 cap.
1807 5471 1876 5525 29
1902 5487 1954 5539 p.
1994 5470 2118 5534 482,
2152 5471 2205 5523 2.

855 5565 931 5630 (4)
959 5564 1138 5616 Rulin.
1182 5562 1320 5616 Hist.
1357 5564 1500 5615 Eccl.
1538 5564 1631 5615 lib.
1660 5562 1701 5614 ll
1736 5577 1854 5631 cap.
1888 5562 1942 5624 4,
1968 5563 2006 5613 Ι.
2031 5562 2067 5613 l.

855 5657 931 5726 (5)
958 5656 1064 5709 νγ.
1091 5655 1193 5708 PP.
1232 5656 1409 5711 Rosw.
1444 5671 1493 5724 p.
1531 5656 1653 5709 548.

857 5751 932 5817 (ti)
974 5748 1119 5800 Eccl.
1164 5764 1345 5818 graec.
1401 5747 1543 5801 Mon.
1588 5748 1622 5799 l.
1688 5747 1755 5811 l.;
1823 5744 1962 5815 Opp.
2003 5744 2199 5799 Meurs.
2248 5745 2283 5797 l.
2321 5746 2355 5797 l.

788 5858 845 5911 p.
871 5840 973 5895 639
1006 5856 1124 5908 sqq.

2542 4574 2935 4651 Quapropter
2986 4572 3139 4633 haec
3196 4572 3597 4634 coniecerim.
3650 4574 3800 4632 Cum
3849 4572 4047 4633 multa

2465 4672 2839 4749 signiﬁcent,
2863 4674 3063 4733 Lauso
3094 4671 3449 4733 dedicatum
3483 4678 3543 4732 et
3580 4671 3925 4733 Heraclidis
3967 4671 4044 4731 li-

2464 4774 2645 4833 brum
2695 4772 2886 4833 fuisse
2940 4770 3048 4849 (8),
3099 4772 3283 4851 quid,
3330 4772 3381 4832 si
3418 4772 3813 4851 prooemium
3851 4772 4041 4844 istud,

2466 4876 2636 4953 quod
2681 4875 2755 4935 ad
2803 4874 3135 4935 Historiam
3167 4876 3523 4936 Lausiacam
3561 4893 3687 4935 non
3730 4876 4044 4953 pertinere

2465 4993 2653 5055 supra
2702 4974 3135 5047 ostendimus,
3200 4992 3421 5054 reapse
3494 4974 3633 5040 libri
3694 4975 4040 5037 Heraclidis

2537 5196 2613 5262 (7)
2657 5194 2793 5264 Opp.
2817 5194 3016 5247 Meurs.
3048 5193 3084 5246 l.
3115 5192 3151 5246 l.
3179 5209 3232 5261 p.
3264 5194 3369 5246 555
3403 5209 3525 5262 sqq.

2535 5287 2611 5355 (8)
2655 5284 2991 5339 Heraclidem
3046 5283 3245 5337 librum
3297 5283 3362 5337 de
3419 5286 3548 5339 vitis
3600 5292 3814 5354 patrum
3864 5284 4045 5341 Lauso

2463 5376 2771 5430 dedicatum
2799 5375 3085 5443 scripsisse
3110 5390 3231 5427 cum
3264 5375 3548 5430 codicibus
3576 5374 3867 5436 Vaticanis.
3904 5396 4043 5448 quos

2462 5485 2625 5537 supra
2654 5468 3052 5525 recensuimus,
3086 5474 3200 5519 tum
3236 5482 3299 5520 eo
3334 5468 3622 5534 probatur,
3650 5469 3795 5537 quod
3844 5470 3898 5523 in
3938 5472 4043 5526 line

2465 5571 2517 5615 et
2544 5562 2665 5615 libri
2694 5578 2720 5614 a
2756 5560 3044 5614 Rosweido
3066 5559 3169 5613 sub
3199 5558 3501 5613 Heraclidis
3549 5563 3771 5615 nomine
3818 5562 3948 5615 editi
3990 5576 4043 5617 et

2470 5654 2741 5707 llistoriae
2788 5652 3085 5705 Lausiacae
3139 5665 3167 5702 a
3217 5650 3455 5704 ltlcursio
3484 5652 3661 5705 editae
3708 5653 3940 5722 epilogus
3973 5655 4041 5705 ad

2470 5744 2702 5794 Lausum
2773 5748 2991 5802 exstat,
3043 5742 3133 5808 qui
3195 5740 3475 5795 codicibus
3528 5740 4041 5799 Vindoboncnsilms

2471 5833 2696 5886 testibus
2728 5830 2790 5883 ad
2826 5830 3116 5883 Historiam
3153 5828 3471 5884 Lausiacam
3511 5848 3614 5885 non
3667 5836 3921 5903 pertinet.
3950 5834 4037 5891 Cf.
