4266 6360
237 345 306 402 29
1773 341 2002 401 VITAE.
3436 351 3510 411 '50

241 451 663 533 prooemium,
688 452 1034 516 Heraclidis
1067 470 1214 517 vero
1252 455 1427 517 illum
1458 455 1817 519 habendum
1850 467 1893 519 Δ
1923 462 2343 525 venerabilem
2381 465 2579 527 virum
2628 467 2759 528 Hor
2806 466 3063 529 nomine
3087 466 3191 549 (4).
3225 490 3253 524 ν
3283 469 3506 545 Itaque

237 572 374 616 esse
408 554 637 617 librum
670 556 979 631 dicamus,
1026 574 1154 636 quo
1208 558 1370 620 liber
1412 559 1728 622 secundus
1762 568 1822 623 et

232 658 506 719 Historia
542 659 837 720 Lausiaca
869 656 1266 720 innituntur?

310 760 420 831 3o
445 756 623 829 Quod
645 757 695 818 si
717 758 957 831 statuis,
978 758 1206 820 dilIicul
1216 764 1370 819 tates
1389 775 1611 821 omnes
1638 759 1821 824 facile

230 857 647 935 eXplicantur.
727 857 1090 921 Heraclides
1162 859 1373 934 enim,
1434 861 1701 924 Ruﬁnus
1759 870 1821 925 et

228 956 543 1019 Palladius
575 959 759 1020 amici
807 969 871 1021 et
920 960 1409 1038 Origenistarum
1444 963 1637 1025 duces
1674 963 1816 1026 fue-

229 1064 377 1118 runt
434 1057 539 1137 (1).
607 1060 873 1123 Ruﬁnus
927 1061 995 1122 in
1049 1069 1264 1124 monte
1322 1062 1540 1125 Oliveti
1595 1063 1819 1127 cellam

228 1157 490 1233 habens,
529 1166 599 1221 ut
638 1162 902 1225 Melania
935 1164 1145 1224 coetui
1194 1164 1527 1243 virginum,
1564 1165 1652 1228 ita
1680 1166 1818 1246 ipse

228 1262 708 1337 congregationi
783 1262 1239 1325 monachorum
1321 1265 1591 1345 praefuit
1672 1266 1813 1347 (2).

225 1361 275 1416 A
322 1360 552 1437 quibus
604 1368 675 1421 ut
703 1361 930 1422 librum
976 1362 1054 1424 de
1091 1365 1348 1425 senibus
1404 1375 1816 1443 componeret

226 1461 505 1530 rogatus,
549 1473 626 1517 ex
661 1458 1007 1519 Heraclidis
1054 1460 1238 1521 amici
1280 1459 1442 1521 libro
1499 1478 1661 1539 quae
1696 1461 1816 1523 sibi

224 1551 369 1611 usui
404 1559 581 1612 erant
608 1554 922 1631 congessit
938 1560 998 1615 et
1019 1572 1128 1616 ore
1161 1555 1353 1616 latino
1379 1555 1810 1637 edidit.Opus-

224 1648 461 1722 culum,
487 1652 659 1729 quod
694 1652 784 1713 sic
812 1653 1205 1725 nascebatur,
1237 1654 1563 1716 monachis
1594 1654 1813 1717 Oliveti

220 1744 561 1825 inscripsit,
587 1754 798 1826 atque,
826 1748 972 1827 quia
996 1748 1292 1810 monachi
1320 1750 1646 1812 muliebria
1678 1768 1807 1812 non

220 1850 463 1916 curant,
504 1860 664 1922 quae
707 1843 1070 1906 Heraclides
1102 1844 1180 1906 de
1209 1843 1580 1913 mulieribus
1620 1845 1809 1906 habe-

222 1938 351 2011 bat,
386 1940 613 2000 omisit.
655 1941 702 2000 E
749 1940 1008 2001 senibus
1042 1940 1383 2020 praecipue
1431 1941 1807 2020 Origenistas

220 2034 449 2109 attulit,
491 2043 878 2116 quapropter
914 2036 980 2096 in
1027 2037 1087 2095 S.
1136 2036 1504 2116 Hieronymi
1546 2054 1805 2100 accusa-

217 2130 459 2192 tionem
512 2132 798 2206 incurrit,
833 2132 943 2211 qui
999 2131 1321 2207 Ruﬁnum,
1376 2150 1571 2213 quum
1626 2135 1808 2215 quasi

216 2248 421 2291 novus
456 2230 616 2292 liber
643 2231 725 2292 ita
754 2230 1056 2310 prodiret,
1080 2237 1402 2293 auctorem
1434 2231 1641 2293 dicere
1668 2232 1804 2295 iure

214 2330 431 2410 aliquo
463 2330 688 2410 potuit.
714 2331 840 2392 Nec
865 2347 994 2392 non
1016 2328 1370 2392 istiusmodi
1401 2331 1807 2411 compositio-

217 2433 316 2494 nis
360 2432 619 2510 vestigia
656 2430 817 2491 liber
855 2430 1172 2493 secundus
1216 2429 1605 2509 aliquantum
1651 2448 1804 2512 prae

216 2551 285 2596 se
318 2534 486 2595 ferre
518 2533 784 2593 videtur.

295 2638 423 2697 Isto
454 2635 645 2713 igitur
674 2633 864 2695 modo
900 2631 1292 2695 difﬁcultates
1319 2632 1502 2696 facile
1541 2633 1802 2698 solvun-

218 2743 337 2799 tur.
374 2736 498 2797 Sed
527 2737 579 2797 si
620 2734 725 2796 ilIa
756 2733 1066 2814 posueris,
1092 2732 1307 2794 Ruﬁni
1332 2732 1563 2794 librum
1590 2739 1662 2795 ut
1694 2752 1804 2797 ore

216 2838 412 2900 latino
463 2837 551 2897 ita
593 2840 655 2897 et
700 2851 924 2913 graeco
965 2834 1275 2895 exstitisse
1323 2840 1576 2896 statues.
1626 2836 1805 2909 Quod

215 2956 361 3003 cum
391 2937 741 3015 fragmenta
771 2933 1061 2996 Cotelerii
1098 2933 1443 3013 postulant,
1481 2940 1615 2995 tum
1659 2935 1805 2998 libri

215 3036 480 3097 secundi
531 3035 802 3098 narratio
856 3034 935 3096 de
981 3035 1062 3094 Or
1108 3034 1332 3095 abbate
1386 3035 1802 3114 comprobare

1925 564 2196 643 scriptor
2235 564 2420 626 huius
2468 566 2693 647 capitis
2738 566 2881 628 libri
2912 569 3172 631 secundi
3217 569 3507 632 abbatem

1924 664 2094 738 vidit,
2149 682 2340 745 quem
2403 668 2714 730 Palladius
2791 686 2921 731 non
2995 671 3263 750 amplius
3328 671 3502 732 vidit.

1923 768 2290 848 Quanquam
2319 787 2463 832 eum
2490 787 2615 831 una
2647 788 2789 831 cum
2830 770 3136 850 scriptore
3172 771 3295 833 isto
3322 789 3507 834 senes

1922 868 2257 932 Thebaidis
2294 871 2579 932 invisisse
2612 888 2801 951 supra
2838 872 3249 934 ostendimus.
3283 875 3509 935 Fateor

1921 969 2108 1033 huius
2156 972 2415 1051 quidem
2449 971 2829 1033 difﬁcultatis
2876 972 3286 1052 explicandae
3338 972 3506 1036 varia

1920 1088 2069 1132 sane
2092 1088 2321 1149 genera
2344 1073 2679 1150 excogitari
2704 1077 2807 1147 31
2832 1089 3041 1152 posse.
3066 1073 3186 1134 Sed
3210 1074 3359 1151 quia
3383 1077 3507 1137 Me-

1920 1168 2084 1231 lania
2108 1171 2187 1231 Or
2212 1172 2502 1232 abbatem
2531 1170 2703 1244 adiit,
2732 1171 2810 1232 de
2827 1187 2954 1250 quo
2978 1171 3203 1231 eximia
3226 1171 3505 1233 Palladio

1919 1266 2211 1339 narravit,
2265 1266 2717 1329 verisimillima
2765 1267 3100 1347 explicatio
3146 1267 3304 1329 haec
3364 1286 3506 1330 esse

1917 1362 2182 1436 videtur,
2216 1364 2514 1425 Ruﬁnum
2551 1381 2679 1424 una
2710 1381 2851 1425 cum
2902 1362 3165 1424 Melania
3203 1363 3279 1424 ad
3308 1364 3501 1427 abba—

1917 1467 2042 1519 tem
2072 1461 2152 1520 Or
2173 1476 2309 1520 esse
2332 1459 2708 1538 profectum,
2731 1466 2919 1537 atque
2948 1458 3010 1519 in
3049 1460 3503 1537 componendo

1915 1555 2077 1617 libro
2101 1555 2379 1617 secundo
2401 1555 2503 1616 illa
2526 1555 2603 1616 de
2628 1554 2749 1617 hoc
2780 1572 2931 1616 sene
2962 1572 3076 1615 suo
3099 1557 3290 1617 Marte
3320 1556 3501 1617 addi-

1916 1654 2103 1715 disse.
2160 1656 2287 1713 Iam
2329 1670 2477 1714 vero
2509 1652 2728 1713 eadem
2790 1651 2869 1712 de
2927 1652 3150 1713 abbate
3200 1654 3499 1728 narratio,

1915 1771 2077 1834 quae
2130 1753 2320 1815 latine
2369 1753 2436 1813 in
2474 1752 2635 1813 libro
2689 1751 2967 1814 secundo
3012 1758 3227 1825 exstat,
3278 1770 3501 1830 graece

1911 1867 2169 1929 quoque
2198 1857 2435 1911 servata
2476 1855 2569 1910 est
2598 1848 2763 1909 inter
2794 1849 3102 1927 quaedam
3153 1848 3500 1926 fragmenta

1910 1963 1943 2006 a
1961 1945 2267 2007 Cotelerio
2291 1946 2454 2007 edita
2482 1950 2543 2006 et
2572 1945 2635 2005 in
2668 1945 3015 2006 Meursiana
3035 1946 3312 2006 editione
3336 1948 3495 2007 Lau-

1909 2042 2111 2103 siacae
2139 2042 2246 2122 (5).
2278 2042 2479 2116 Unde,
2523 2058 2665 2102 cum
2706 2046 2768 2102 et
2808 2040 2927 2102 alia
2959 2058 3178 2118 graeca
3209 2041 3349 2103 libri
3393 2060 3496 2103 se-

1908 2142 2093 2206 cundi
2128 2142 2470 2221 fragmenta
2495 2142 2914 2216 inveniantur,
2943 2158 3088 2203 eum
3114 2142 3339 2204 librum
3370 2145 3500 2205 exi-

1906 2240 2185 2302 stimabis
2223 2248 2285 2302 et
2319 2240 2507 2301 latine
2540 2246 2601 2300 et
2632 2256 2853 2318 graece
2896 2239 3227 2313 exstitisse,
3260 2249 3325 2302 ut
3352 2242 3497 2303 usui

1906 2353 2272 2416 graecorum
2290 2354 2360 2398 ac
2374 2335 2709 2397 latinorum
2725 2335 3178 2397 monachorum
3192 2337 3496 2400 inservire

1904 2434 2399 2513 posset.Nomen
2418 2431 2694 2494 Paradisi
2724 2449 2950 2509 graeco
2981 2433 3498 2512 exemplariindi-

1902 2537 2037 2592 tum
2088 2529 2236 2591 inde
2286 2527 2655 2607 explicatur,
2702 2526 2874 2605 quod
2916 2528 3261 2589 Heraclidis
3309 2529 3492 2604 liber,

1904 2628 2083 2691 cuius
2114 2644 2256 2707 pars
2287 2633 2440 2699 erat,
2475 2623 2805 2686 Paradisus
2831 2625 3174 2703 inscriptus
3214 2625 3332 2688 fuit

1982 2732 2183 2807 Atque
2200 2726 2355 2788 haec
2378 2724 2750 2788 existimatio
2778 2732 3013 2800 nostra,
3028 2727 3496 2791 Rosweidianae

1902 2832 2028 2893 VV.
2063 2832 2180 2891 PP.
2223 2826 2614 2893 collectionis
2650 2825 2881 2887 librum
2913 2828 3263 2889 secundum
3305 2830 3494 2891 etiam

1904 2948 2128 3012 graece
2153 2929 2484 3003 exstitisse,
2510 2925 2803 2988 codicum
2835 2926 2959 2989 ﬁde
2989 2928 3238 3006 egregie
3267 2929 3495 3008 proba-

1902 3042 2025 3097 tur.
2064 3035 2279 3112 Nuper
2320 3030 2491 3093 enim
2537 3028 3007 3090 Montefalconii
3046 3029 3492 3092 bibliothecam

214 3137 484 3200 videtur.
546 3138 644 3199 Sic
688 3136 857 3197 enim
903 3133 1225 3196 Palladius.
1256 3134 1336 3196 de
1387 3150 1463 3196 eo
1503 3135 1751 3215 scripsit
1784 3154 1797 3198 :
1828 3143 1871 3202 c
1904 3132 2341 3195 Coislinianam
2375 3127 2769 3211 (Paris.1715
2789 3127 2923 3207 fol.)
2959 3124 3491 3209 evolvens,p.‘138

218 3265 243 3296 ‹‹
286 3243 515 3317 Magno
558 3238 706 3300 huic
752 3242 970 3299 sancto
1018 3251 1134 3295 suo
1177 3233 1538 3295 testimonio
1585 3234 1803 3296 tribuit

209 3341 506 3401 virtutem
526 3338 815 3399 universa
836 3334 1211 3405 fraternitas,
1233 3333 1572 3413 praecipue
1592 3341 1799 3397 autem

210 3440 439 3502 ancilla
478 3438 587 3500 Dei
621 3436 908 3508 Melania,
934 3452 1096 3514 quae
1147 3433 1315 3495 hunc
1348 3440 1628 3494 montem
1659 3441 1802 3494 ante

211 3558 313 3602 me
355 3546 453 3602 est
489 3540 791 3617 ingressa.
841 3536 973 3612 Ego
1010 3533 1180 3596 enim
1210 3548 1353 3593 eum
1398 3549 1529 3593 non
1566 3532 1805 3593 oﬁ‘endi

210 3642 419 3703 vivum
455 3640 558 3719 (3).
606 3663 634 3694 υ
668 3640 832 3715 Ergo
875 3637 957 3697 Or
988 3635 1181 3696 abbas
1208 3638 1491 3694 mortuus
1531 3633 1671 3706 fuit,
1695 3651 1802 3695 an-

208 3750 467 3823 tequam
498 3739 806 3802 Palladius
831 3753 1014 3799 senes
1032 3734 1369 3796 Thebaidis
1401 3734 1577 3795 adiit.
1610 3736 1794 3797 Liber

209 3862 360 3905 vero
390 3841 708 3905 secundus
764 3838 952 3915 longa
997 3837 1192 3898 utitur
1222 3834 1604 3907 narratione,
1627 3852 1793 3913 quae

210 3941 436 4021 incipit
466 3957 479 4000 :
519 3963 548 3997 α
580 3937 863 4000 Vidimus
899 3941 960 3997 et
985 3934 1177 3996 alium
1215 3932 1382 4013 apud
1410 3932 1795 3994 Thebaidem

214 4087 459 4147 Palladii
491 4084 791 4139 Historiam
820 4080 1141 4134 Lausiacam
1170 4079 1238 4132 ad
1280 4078 1475 4132 codicis
1528 4077 1796 4132 Vindobo-

210 4182 386 4237 nensis
421 4180 579 4250 ﬁdem
618 4175 838 4229 breviter
870 4173 1214 4235 delineatam,
1236 4169 1379 4224 inl'ra
1413 4169 1539 4224 huic
1572 4178 1797 4225 nostrae

209 4272 442 4329 editioni
484 4268 755 4323 Historiae
791 4264 1091 4319 Lausiacae
1125 4260 1513 4333 praepositam.
1560 4259 1633 4315 De
1659 4261 1797 4314 libro

208 4377 407 4433 graeco
434 4360 503 4413 ab
525 4356 763 4412 Historia
788 4354 1056 4410 Lausiaca
1096 4353 1338 4416 diverso,
1384 4350 1479 4421 qui
1524 4350 1796 4406 Cotelerio

207 4465 263 4510 et
304 4453 488 4507 Caveo
545 4450 781 4504 testibus
839 4448 897 4501 in
946 4445 1230 4501 codicibus
1267 4459 1401 4499 mss.
1444 4444 1548 4498 sub
1576 4444 1797 4498 nomine

208 4543 517 4601 Heraclidis
551 4548 748 4606 exstat,
794 4554 906 4594 non
953 4539 1086 4593 satis
1122 4543 1458 4608 compertum
1508 4535 1792 4592 habemus.

209 4637 549 4693 Trithemius
576 4635 630 4689 in
654 4634 794 4688 libro
817 4631 885 4687 de
904 4630 1131 4701 Scriptt.
1152 4628 1298 4683 Eccl.
1321 4646 1333 4681 :
1366 4645 1384 4678 ι
1408 4626 1723 4683 Heraclides
1741 4646 1789 4686 ,ι

207 4731 412 4798 inquit,
458 4746 477 4779 α
509 4728 653 4781 inter
699 4726 805 4779 alia
836 4723 1061 4793 scripsit
1114 4721 1181 4777 ad
1227 4720 1663 4775 aediﬁcationem
1716 4720 1796 4774 le-

206 4820 455 4891 gentium
485 4831 622 4886 opus
655 4813 867 4883 insigne
892 4812 961 4867 de
978 4811 1088 4865 vita
1113 4816 1169 4864 et
1203 4807 1624 4863 conversatione
1667 4821 1798 4860 san-

207 4918 424 4968 c'torum
464 4917 679 4979 patrum
722 4906 779 4960 in
819 4918 1004 4959 eremo
1048 4902 1132 4957 vel
1174 4902 1230 4955 in
1270 4899 1553 4955 coenobiis
1599 4899 1796 4967 degen-

206 5007 346 5057 tium
366 5000 470 5056 sub
498 4998 704 5069 regula.
728 4994 817 5049 cui
842 4995 1034 5047 titulus
1057 4999 1142 5048 est
1170 4990 1485 5045 Paradisus.
1518 5006 1537 5040 s
1580 4986 1685 5041 Sed
1707 4987 1795 5041 cui

209 5096 349 5149 liber
394 5091 677 5146 dedicatus
715 5087 821 5148 sit,
846 5084 1182 5139 Trithemius
1214 5098 1321 5137 non
1352 5081 1521 5136 addit.
1552 5078 1790 5135 Coteler.

206 5185 358 5240 Eccl.
376 5182 571 5238 Graec.
586 5179 731 5234 Mon.
751 5177 815 5231 T.
834 5177 901 5230 IlI
923 5192 975 5245 p.
996 5174 1120 5235 566.
1151 5173 1297 5229 Cave
1328 5173 1553 5243 Scriptt.
1574 5172 1784 5227 Eccles.

208 5277 349 5332 Ilist.
382 5276 487 5328 litt.
518 5289 567 5329 s.
602 5289 657 5327 v.
696 5268 1023 5325 Heraclides.
1059 5265 1237 5321 Trith.
1272 5266 1339 5321 de
1378 5264 1602 5336 Scriptt.
1637 5264 1783 5320 Eccl.

211 5386 327 5440 :ap.
357 5365 543 5421 XCIII.

276 5462 356 5531 (I)
403 5456 630 5513 Palladii
690 5456 825 5509 Dial.
858 5454 925 5510 de
966 5454 1062 5509 vit.
1116 5453 1173 5508 S.
1223 5450 1454 5507 Joannis
1502 5449 1786 5521 Chrysost.

201 5570 324 5623 cap.
357 5551 475 5616 XX,
514 5550 570 5608 ὃ.
606 5550 896 5620 Chrysost.
923 5547 1060 5618 Opp.
1094 5547 1177 5603 ed.
1208 5545 1563 5600 Montl‘aucon
1589 5542 1787 5611 (Paris.

204 5645 343 5699 I754
371 5644 523 5713 sqq.)
558 5642 621 5695 T.
643 5641 761 5696 XIII
795 5658 847 5710 p.
875 5641 942 5693 76
965 5657 1109 5710 sqq,
1148 5639 1399 5693 Galland.
1433 5636 1568 5692 Bibl.
1594 5634 1696 5689 PP.
1722 5635 1788 5690 Τ.

204 5736 319 5789 VIII
345 5750 399 5805 p.
426 5734 551 5787 520.
571 5731 864 5787 Tillemont
884 5730 1167 5785 Mémoires
1186 5729 1248 5782 Τ.
1273 5728 1363 5785 XI.
1388 5730 1531 5784 Cave
1562 5727 1785 5796 Scriptt.

202 5824 414 5883 ﬁcales.
452 5823 592 5881 Hist.
630 5824 731 5879 litt.
774 5839 820 5879 s.
856 5839 905 5877 ν.
939 5822 1266 5877 Heraclides.

1906 3235 2181 3297 indicem
2212 3232 2447 3295 offendi
2466 3231 2605 3292 libri
2630 3229 2857 3309 graeci,
2873 3231 2981 3310 qui
2999 3230 3225 3291 codice‘
3246 3248 3493 3292 Lxxxm

1909 3335 2144 3399 saeculi
2196 3335 2444 3398 circiter
2498 3352 2543 3395 x
2597 3334 2976 3406 continetur,
3026 3332 3310 3413 inscripti
3351 3350 3366 3395 :
3404 3334 3493 3389 ἰιι

1902 3446 2183 3514 ρωνύμου
2222 3444 2262 3511 ἠ
2302 3442 2752 3513 κατἈῑγυπτον
2786 3440 2905 3495 τῶν
2927 3440 3213 3511 μαντικῶν
3235 3443 3489 3512 ἱστορία.

1909 3539 2090 3601 cuius
2134 3537 2337 3617 capita
2371 3553 2513 3598 cum
2562 3535 2720 3598 libro
2774 3536 3055 3597 secundo
3101 3537 3361 3599 omnino
3404 3538 3490 3603 ita

1909 3639 2280 3711 concinunt,
2328 3643 2398 3699 ut
2454 3637 2660 3698 omnis
2720 3636 3025 3698 dubitatio
3087 3636 3359 3700 tollatur.
3418 3640 3488 3701 Id

1901 3738 2074 3817 quod
2121 3737 2213 3812 ei,
2261 3737 2370 3816 qui
2421 3754 2554 3798 rem
2609 3738 2958 3798 accuratius
3005 3737 3485 3813 examinaverit,

1898 3841 2088 3921 plane
2107 3839 2434 3919 apparebit
2451 3839 2554 3917 (6).
2573 3842 2634 3900 S.
2651 3840 3040 3918 Hieronymo
3062 3839 3229 3902 hunc
3260 3840 3487 3904 librum

1897 3940 2054 4003 falso
2083 3940 2358 4014 attribui,
2381 3956 2513 4003 non
2543 3947 2636 4002 est
2667 3940 2836 4019 quod
2868 3939 3154 4020 pluribus
3184 3941 3416 4005 dicam.

1967 4078 2046 4147 (2)
2088 4076 2229 4133 Hist.
2261 4076 2426 4131 Laus.
2451 4077 2540 4132 ed.
2571 4076 2771 4131 Meurs.
2817 4093 2939 4146 cap.
2963 4077 3066 4132 I18
3110 4076 3249 4149 Opp.
3282 4079 3485 4138 Meurs.

1898 4171 1937 4226 I.
1966 4171 2003 4224 I.
2037 4187 2089 4240 p.
2120 4170 2246 4224 596.
2290 4169 2473 4223 Ruﬁn.
2504 4171 2660 4239 Apol.
2696 4169 3021 4242 [lnvectiva]
3064 4171 3116 4225 in
3158 4172 3215 4224 S.
3263 4171 3485 4241 Hieron,

1899 4263 1997 4317 lib.
2018 4262 2060 4315 II
2079 4277 2201 4331 cap.
2232 4261 2285 4321 8.
2311 4260 2449 4330 Opp.
2480 4260 2567 4315 ed.
2586 4259 2817 4315 Vallarsi
2842 4276 2893 4331 p.
2919 4261 3043 4322 365,
3073 4259 3252 4331 Migne
3274 4261 3480 4322 Patrol.

1898 4350 1961 4405 Τ.
1992 4351 2112 4405 XXI
2141 4368 2194 4421 p.
2220 4350 2344 4415 59l,
2383 4350 2441 4405 S.
2474 4350 2698 4407 Hieron.
2742 4349 2879 4421 Opp.
2920 4350 3007 4406 ed.
3055 4350 3255 4406 Bened.
3304 4350 3369 4407 T.
3414 4353 3484 4409 IV

1898 4460 1951 4515 p.
1992 4444 2117 4498 420.

1969 4536 2046 4605 (5)
2089 4536 2224 4590 Hist.
2258 4533 2423 4590 Laus.
2454 4546 2536 4589 ea.
2570 4532 2772 4589 Meurs.
2806 4548 2927 4604 cap.
2959 4533 3087 4595 II,I.
3114 4534 3153 4590 ι.
3192 4550 3247 4606 p.
3274 4535 3399 4591 369.

1969 4629 2046 4699 (4)
2087 4626 2202 4681 νγ.
2229 4626 2331 4682 PP.
2362 4627 2545 4681 Rosw.
2573 4627 2665 4681 lib.
2695 4624 2738 4679 II
2768 4642 2887 4697 cap.
2922 4628 2958 4681 2
2982 4644 3033 4698 p.
3063 4628 3185 4689 457,
3211 4628 3267 4686 2.

1895 4780 1910 4794 ,
1966 4722 2045 4787 (5)
2083 4720 2322 4774 Coteler.
2369 4718 2518 4773 Eccl.
2560 4718 2754 4773 Graec.
2805 4718 2950 4771 Mon.
3001 4718 3065 4775 T.
3113 4719 3183 4773 Ill
3238 4736 3295 4791 p.
3334 4720 3477 4786 I59;

1895 4811 2035 4867 Hist.
2066 4811 2233 4867 Laus.
2265 4812 2353 4867 ed.
2382 4811 2584 4866 Meurs.
2611 4812 2648 4865 l.
2691 4812 2728 4866 I.
2764 4827 2817 4881 p.
2856 4812 2979 4867 571.

1968 4903 2045 4974 (6)
2086 4902 2541 4958 Montel’alconius
2580 4903 2731 4957 illum
2774 4903 2975 4957 librum
3028 4903 3101 4958 ita
3158 4904 3422 4961 describit
3458 4923 3474 4962 :

1902 5015 1920 5048 ι
1960 4996 2093 5050 Cod.
2130 4994 2411 5058 LXXXIII,
2446 4995 2574 5049 olim
2626 4994 2993 5058 CCCXLVIII,
3021 4998 3476 5054 membranaceus

1896 5103 1929 5140 x
1963 5088 2182 5142 circiter
2217 5086 2458 5149 saeculi,
2498 5085 2749 5140 foliorum
2782 5086 2907 5141 557.
2938 5085 3195 5141 Continet
3228 5103 3291 5141 ea
3336 5104 3477 5157 quae

1898 5190 2268 5249 sequuntur...
2301 5177 2395 5233 fol.
2426 5178 2533 5233 266
2577 5179 2930 5248 Ἱερωνύμου
2955 5180 2993 5247 ἡ
3024 5178 3150 5232 κατ’
3170 5181 3477 5248 Αιγυπτον

1895 5272 2014 5327 τῶν
2053 5271 2336 5341 μοναχῶν
2378 5271 2686 5339 ὶστορία,ἰ.
2716 5286 2766 5326 e.
2806 5271 3048 5325 Historia
3097 5274 3474 5327 monachorum

1894 5364 2286 5435 Aegyptiorum.
2302 5362 2465 5419 Liber
2479 5363 2811 5433 Hieronymo
2827 5378 3113 5433 perperam
3136 5364 3469 5434 adscriptus.

1894 5455 2099 5511 Similis
2129 5454 2242 5509 fere
2276 5455 2583 5525 argumenti
2610 5454 2808 5508 librum
2853 5453 3101 5509 Palladio
3126 5454 3470 5524 adscriptum

1891 5546 2092 5601 iamdiu
2130 5552 2316 5598 notum
2357 5543 2487 5599 fecit
2516 5543 2755 5598 Joannes
2814 5542 3114 5608 Meursius,
3152 5544 3206 5597 in
3255 5543 3473 5613 praefa-

1897 5638 2043 5691 tione
2066 5635 2318 5689 videlicet
2354 5634 2421 5688 ad
2452 5635 2771 5689 Lausiacam
2803 5632 3122 5697 Historiam.
3148 5635 3293 5704 quod
3330 5648 3469 5703 opus

1897 5743 2146 5797 graecum
2176 5727 2384 5798 primus
2415 5726 2583 5781 edidit
2618 5727 2706 5779 ille
2756 5724 3005 5795 Lugduni
3040 5726 3367 5780 Batavorum
3412 5740 3464 5780 a.

1896 5818 2053 5875 1616.
2091 5817 2206 5885 Est,
2235 5819 2429 5886 inquit,
2467 5818 2520 5871 in
2568 5817 2879 5871 bibliotheca
2931 5833 3045 5872 inea
3088 5818 3322 5874 eiusdem
3368 5831 3467 5872 au-
