4266 6360
798 362 859 421 Si
1667 361 1763 418 SS.
1810 360 2269 416 MACARIORUM
2292 358 2483 415 A‘IGYF

2364 358 2585 415 GYPTII
2612 360 2697 415 ΕΤ
2737 357 3208 415 ALEXANDRINI
3977 364 4047 420 εξ

875 480 1091 557 Itaque
1114 477 1236 540 hoc
1279 477 1623 538 obtinuisse
1652 475 1805 536 mihi
1826 476 2065 552 videor,
2095 476 2197 539 illa
2226 493 2383 539 con-
2418 484 2458 539 Α
2491 477 2657 539 cedit
2706 477 3093 549 coniectura,
3131 475 3478 539 Heraclidis
3517 475 3782 539 fortasse
3830 477 4059 542 librum

786 595 1031 657 Jecmra
1090 577 1481 640 diilicultates
1529 577 1767 655 Optime
1819 575 2007 649 solvi;
2064 593 2219 654 quas
2275 577 2373 635 vix

794 677 911 740 alia
947 680 1185 740 ratione
1215 685 1343 739 tam
1388 676 1569 737 facile
1609 676 1765 737 solvi
1820 675 2217 738 crediderim.
2269 677 2373 737 Sin

793 788 1001 842 autem
1028 796 1170 839 vera
1212 786 1378 850 sunt,
1427 793 1589 854 quae
1624 776 2032 854 conjecimus,
2076 776 2371 837 Ruﬁnum

792 882 1198 958 interpretem
1218 876 1358 937 libri
1389 875 1648 936 secundi
1681 892 1841 949 esse,
1869 882 2056 953 atque
2075 875 2377 953 quodam-

793 980 982 1040 modo
1033 987 1355 1041 auctorem
1417 977 1541 1038 dici
1588 993 1799 1055 posse,
1835 977 2043 1037 denuo
2078 975 2374 1053 intelligi-

793 1087 892 1139 tur
929 1079 1037 1157 (1).

870 1200 989 1260 Sed
1038 1200 1431 1277 conjecturas
1489 1198 1828 1269 mittamus,
1879 1204 2070 1276 atque
2141 1216 2217 1258 ex
2276 1198 2373 1274 iis,

792 1318 953 1379 quae
1021 1300 1098 1361 de
1145 1300 1305 1359 libro
1360 1299 1637 1360 secundo
1694 1299 2168 1376 disputavimus,
2215 1315 2377 1377 quae

791 1411 959 1463 certa
994 1408 1158 1473 sunt,
1211 1401 1277 1460 in
1332 1418 1527 1459 unum
1581 1416 2059 1477 componamus.
2110 1402 2193 1458 15a
2233 1398 2374 1475 qui-

790 1504 931 1563 dem
966 1502 1087 1561 huc
1138 1500 1421 1559 redeunt.
1484 1501 1755 1559 Graecus
1805 1500 2075 1577 scriptor
2142 1516 2374 1572 rerum,

791 1622 952 1681 quae
1003 1603 1065 1662 in
1112 1601 1273 1662 libro
1333 1601 1611 1662 secundo
1664 1600 1981 1678 leguntur,
2029 1607 2200 1660 certo
2248 1616 2377 1659 non

790 1702 1212 1777 cognoscitur.
1264 1703 1389 1761 Nec
1424 1700 1628 1760 solum
1674 1701 1833 1760 liber
1886 1701 2222 1773 secundus,
2267 1700 2377 1760 sed

2476 574 2689 648 fuisse,
2708 592 2740 637 e
2765 590 2890 653 quo
2914 574 3054 635 libri
3087 574 3347 635 secundi
3374 576 3643 655 scriptor
3666 586 3727 637 et
3749 577 4061 640 Palladius

2482 674 2845 735 hauserunt.
2879 677 3274 752 Quantopere
3303 691 3453 735 vero
3478 676 3824 753 Optandum
3861 678 3961 749 sit,
3996 686 4063 737 ut

2478 774 2758 849 singulae
2789 775 2949 833 vitae
3002 781 3246 852 patrum
3300 760 3498 835 eremi
3550 774 3881 853 hucusque
3930 794 4061 838 non

2479 876 2703 949 editae,
2738 893 3002 954 quarum
3050 875 3280 936 multos
3312 877 3565 937 codices
3593 893 3849 955 graecos
3884 878 3948 938 in
3972 879 4063 939 bi-

2477 976 2809 1038 bliothecis
2835 976 3124 1048 vidimus,
3150 992 3266 1036 nec
3302 992 3429 1035 non
3453 976 3797 1037 Heraclidis
3820 978 4064 1056 paradi-

2478 1095 2605 1148 sus,
2652 1076 2922 1136 Historia
2983 1076 3275 1135 Lausiaca
3328 1074 3587 1135 Palladii
3635 1093 4063 1156 graecumque

2477 1175 2896 1236 librisecundi
2925 1175 3121 1236 nostri
3179 1176 3500 1255 exemplar
3543 1178 3808 1239 edantur
3843 1180 3941 1240 vel
3983 1180 4079 1257 ad,

2478 1276 2755 1337 melioris
2789 1275 2934 1335 ﬁdei
2964 1275 3218 1337 codices
3245 1277 3656 1351 excudantur,
3695 1280 3861 1340 unde
3900 1299 4063 1343 nova

2480 1378 2585 1437 lux
2625 1377 2810 1438 huius
2854 1377 3240 1455 quaestionis
3288 1378 3440 1437 oriri
3475 1378 3692 1455 possit,
3740 1378 3922 1441 facile
3956 1400 4066 1461 pa-

2478 1484 2565 1538 tet
2591 1477 2694 1555 (2).

2558 1596 2864 1676 Eripedita
2893 1596 3013 1656 iam
3056 1595 3131 1657 de
3171 1596 3333 1657 libro
3370 1597 3650 1659 secundo
3690 1602 4064 1678 quaestione

2480 1699 2558 1759 de
2594 1700 2822 1757 Ruﬁno
2858 1697 2920 1757 id
2961 1697 3164 1757 solum
3196 1706 3381 1757 restat
3413 1699 3826 1773 monendum,
3871 1703 4067 1765 alium

791 1802 976 1861 etiam
1022 1818 1281 1877 graecus
1311 1798 1488 1870 liber,
1546 1816 1579 1859 e
1627 1816 1754 1876 quo
1800 1797 1905 1857 ille
1950 1798 2373 1873 hauriebatur,
2411 1831 2451 1885 Β
2480 1799 2739 1876 insuper
2769 1796 3007 1855 fontem
3033 1794 3433 1856 historiarum
3461 1798 3537 1857 de
3577 1799 3853 1860 Macariis
3885 1803 3961 1861 ab
3986 1819 4065 1863 eo

790 1901 1043 1961 Palladii
1070 1899 1407 1960 Historiam
1458 1900 1820 1959 Lausiacam
1868 1905 2067 1960 aetate
2100 1899 2367 1959 multum

790 2000 1188 2061 antecedunt.
1244 1999 1479 2060 Deinde
1539 2016 1572 2059 e
1641 1997 1806 2058 libro
1868 1999 2168 2073 secundo,
2237 2008 2366 2075 aut,

789 2100 959 2178 quod
994 2099 1389 2159 verisimilius
1409 2107 1523 2171 est,
1557 2116 1633 2159 ex
1675 2098 1924 2173 eodem,
1976 2117 2103 2178 quo
2136 2102 2186 2160 is
2234 2108 2369 2161 ute-

787 2201 991 2271 batur,
1024 2200 1198 2260 fonte
1230 2194 1540 2260 Palladius
1578 2217 1671 2273 ea,
1714 2218 1875 2279 quae
1908 2200 1982 2261 ad
2015 2219 2199 2262 senes
2218 2202 2376 2263 The-

786 2302 987 2362 baidis
1019 2301 1357 2380 pertinent,
1406 2301 1651 2379 aliaque
1696 2301 2001 2362 nonnulla
2032 2303 2094 2363 in
2130 2304 2375 2365 Lausia-

787 2421 923 2463 cam
954 2421 1130 2463 suam
1154 2403 1486 2464 transtulit.
1512 2404 1763 2463 Latinus
1795 2403 2071 2482 denique
2101 2405 2206 2473 32
2230 2404 2373 2465 libri

786 2503 1045 2564 secundi
1089 2503 1397 2581 interpres
1429 2506 1694 2565 Ruﬁnus
1726 2513 1841 2580 est,
1885 2507 1991 2585 qui
2030 2506 2257 2567 librum
2305 2508 2372 2567 in

788 2618 922 2662 eam
952 2605 1218 2664 formam
1242 2606 1502 2682 redegit,
1533 2624 1695 2685 quae
1728 2625 1896 2669 nunc
1927 2607 2216 2671 habetur.
2247 2613 2367 2671 Ac-

784 2842 944 2894 cloris
977 2840 1256 2908 διήγησις
1294 2841 1427 2907 περὶ
1456 2840 1576 2893 τῶν
1631 2843 1757 2894 καθ
1793 2843 2099 2912 Αἴγυπτον
2133 2844 2375 2913 διαλαμ-

784 2931 1029 2998 ¹φάντων
1064 2931 1247 2999 ἁγίων
1277 2930 1563 2997 πατέριον.
1600 2929 1666 2983 Id
1695 2948 1897 3001 quoque
1927 2933 2139 2999 opus,si
2163 2934 2368 2999 placere

786 3023 919 3073 Icario
984 3019 1253 3073 Historiae
1314 3019 1608 3071 Lausiacae
1672 3020 1952 3072 editionem
2010 3021 2315 3073 intellexero
2354 3059 2369 3083 ,

784 3111 1181 3164 communicabo
1230 3109 1339 3180 [CL
1382 3110 1790 3163 annotationem
1823 3118 2069 3163 nostram
2117 3125 2281 3179 supra
2313 3125 2366 3179 p.

787 3202 855 3255 14
879 3210 991 3255 ιιοι.
1031 3199 1107 3270 5].
1147 3204 1228 3253 An
1263 3201 1404 3254 idem
1430 3200 1521 3269 qui
1550 3200 1638 3253 hic
1673 3210 1861 3254 noster
1893 3200 2029 3254 liber
2060 3199 2244 3263 fuerit,
2286 3202 2371 3253 in-

789 3303 998 3347 certum
1031 3301 1135 3347 est.
1174 3291 1311 3346 Vide
1365 3302 1521 3346 notas
1553 3291 1848 3347 Frontonis
1908 3292 2107 3347 Ducaei
2134 3293 2188 3345 in
2224 3293 2369 3345 Lau-

787 3385 989 3438 siacam
1030 3382 1259 3436 Palladii
1298 3384 1453 3438 Tom.
1490 3383 1531 3436 ll
1581 3382 1841 3437 Biblioth.
1878 3382 2101 3436 Patrum
2140 3398 2369 3453 graeco-

788 3477 989 3531 latinaa.
1041 3476 1297 3528 Auctoris
1348 3474 1613 3543 praefatio
1654 3475 2041 3543 praemittitur,
2086 3475 2242 3528 cuius
2275 3476 2371 3528 ini-

786 3570 919 3622 tium
955 3569 1057 3621 hoc
1082 3586 1093 3619 :
1124 3569 1467 3634 Εὐλογητὸς
1496 3570 1526 3619 ό
1560 3568 1704 3628 Θεὸς
1731 3570 1762 3620 ό
1791 3566 1982 3621 θέλων
2014 3565 2245 3632 πάντας
2267 3566 2371 3619 ἁν-

785 3661 1052 3725 θρώπους
1068 3658 1355 3725 σωθῆναι,
1372 3658 1467 3709 καὶ
1494 3659 1582 3721 είς
1606 3658 1934 3725 ἐπίγνωσιν
1960 3658 2245 3723 ἀληθείας
2274 3657 2369 3710 ἑλ-

784 3751 938 3802 θεῖνο
970 3753 1001 3801 ό
1028 3750 1123 3801 καὶ
1151 3748 1308 3816 ἡμᾶς
1334 3748 1755 3818 καθοδηγήσας
1781 3749 1879 3800 ἐπὶ
1908 3748 2025 3815 τὴν
2045 3748 2365 3816 Αἴγυπτον,

783 3836 881 3887 καὶ
900 3834 1102 3901 δείξας
1128 3835 1273 3903 ἡμῖν
1289 3835 1524 3904 μεγάλα
1548 3837 1647 3889 καὶ
1676 3837 1991 3904 θαυμαστὰ
2012 3837 2111 3889 καὶ
2135 3839 2369 3905 γραφῆς

784 3928 922 3990 ἀξια
952 3941 1080 3990 etc.,
1112 3928 1148 3981 i.
1183 3944 1232 3983 e.
1258 3928 1569 3983 Benedictus
1608 3929 1771 3994 Deus,
1800 3930 1889 3999 qui
1924 3946 2101 3983 omnes
2131 3930 2367 3982 homines

786 4019 891 4071 vult
926 4019 1097 4072 salvos
1132 4020 1270 4087 ﬁeri,
1305 4030 1354 4072 et
1387 4020 1454 4072 ad
1503 4022 1739 4074 veritatis
1797 4023 2119 4091 agnitionem
2171 4023 2362 4075 venire.

786 4111 891 4175 Qui
923 4120 971 4163 et
998 4109 1148 4162 duxit
1184 4128 1275 4165 nos
1307 4114 1359 4164 in
1400 4114 1713 4181 Aegyptum,
1741 4114 1910 4180 ibique
1944 4113 2090 4164 nobis
2133 4112 2364 4164 ostendit

785 4218 976 4271 magna
1005 4212 1054 4255 et
1088 4204 1380 4269 mirabilia,
1405 4206 1660 4257 memoria
1682 4206 1980 4270 scriptoque
2010 4206 2192 4273 digna.
2211 4204 2364 4258 Hunc

786 4292 982 4344 librum
1023 4294 1376 4361 conscripsit,
1412 4294 1607 4361 inquit,
1645 4294 2049 4359 παρακληθεὶς
2089 4292 2365 4361 συνεχῶς

783 4382 901 4434 ὑπὸ
946 4381 1057 4450 τῆς
1115 4384 1413 4449 εὐλαϐοῦς
1448 4384 1853 4451 ἀδελφότητος
1887 4380 1998 4450 τῆς
2021 4383 2090 4435 ἐν
2119 4381 2197 4447 τῷ
2219 4384 2362 4452 ἁγίῳ

784 4474 901 4541 ὄρει
939 4474 1058 4527 τῶν
1096 4476 1313 4529 ἐλαιῶν
1354 4476 1843 4544 πολιτευομένης,
1880 4477 1915 4528 i.
1966 4491 2015 4530 e.
2064 4475 2363 4543 frequenter

784 4572 997 4629 rogatus
1029 4579 1060 4614 a
1088 4564 1337 4631 religiosa
1370 4564 1708 4630 fraternitate
1738 4580 1869 4631 quae
1899 4565 1954 4616 in
1983 4574 2168 4617 sancto
2191 4577 2362 4617 monte

784 4649 1061 4704 Oliuarum
1122 4661 1482 4705 conversatur.
1521 4653 1787 4706 Describit
1834 4663 2014 4706 autem
2046 4654 2185 4707 vitas
2230 4669 2359 4707 san-

780 4750 997 4795 ctorum
1028 4742 1251 4795 Patrum
1293 4742 1523 4797 Joannis
1574 4743 1972 4813 Lycopolitani,
2014 4745 2225 4798 abbatis
2260 4743 2356 4807 Or,

781 4835 1086 4895 Ammonis,
1131 4836 1341 4890 abbatis
1365 4837 1495 4901 Ben,
1520 4837 1913 4890 monachorum
1942 4838 2178 4889 civitatis
2217 4837 2357 4907 Oxy-

781 4923 995 4991 rynchi,
1034 4922 1297 4986 Theonis,
1348 4923 1516 4985 Eliae,
1558 4924 1752 4993 Apollo
1778 4967 1792 4988 ,
1824 4925 1999 4978 Amun
2021 4966 2035 4987 ,
2070 4925 2319 4995 Copretis
2341 4967 2354 4990 ,

782 5011 1140 5074 Patcrmutii,
1183 5014 1395 5068 abbatis
1451 5014 1662 5079 Surus,
1717 5016 1927 5070 abbatis
1982 5015 2117 5079 Elle,
2173 5016 2358 5085 Apelle

780 5103 1027 5165 Joannis,
1056 5104 1377 5171 Paplmutii,
1422 5108 1739 5177 l’ityrionis,
1779 5107 1988 5177 Eulogii
2026 5110 2353 5182 presbyteri,

783 5195 1004 5256 lsidori,
1044 5196 1390 5265 Serapionis,
1420 5200 1724 5268 Appollouii
1761 5200 2013 5269 martyris
2038 5242 2051 5265 ,
2082 5200 2350 5263 Dioscori.

782 5287 1170 5339 monachorum
1222 5286 1463 5355 Nitriae,
1495 5291 1722 5344 alterius
1774 5290 2088 5357 Ammonii,
2127 5292 2352 5345 alterius

780 5375 989 5446 Didymi
1035 5378 1412 5441 oculatissimi,
1449 5380 1741 5435 Chrouidis
1795 5388 1848 5436 et
1884 5395 2071 5434 eorum
2102 5383 2194 5450 qui
2227 5399 2351 5436 cum

778 5482 844 5521 eo
874 5478 1053 5531 erant,
1098 5469 1321 5524 Macarii
1354 5474 1623 5543 Aegyptii,
1655 5474 1858 5536 Amun,
1892 5473 2116 5528 Macarii
2148 5490 2351 5545 cogno-

781 5569 961 5613 mento
1019 5562 1315 5625 πολιτικοῦ,
1372 5564 1522 5617 Pauli
1577 5566 1875 5634 simplicis,
1921 5566 2219 5620 Ammonae
2252 5606 2265 5627 ,
2296 5576 2351 5620 et

776 5648 1027 5705 Joannis.
1074 5650 1277 5706 Deinde
1311 5657 1725 5708 enumeratione
1765 5654 1904 5708 facta
1942 5657 2345 5723 periculorum,

778 5742 977 5808 quibus
1012 5742 1111 5796 hac
1158 5744 1210 5797 in
1240 5745 1679 5813 peregrinatione
1711 5746 2029 5817 perfunctus
2053 5755 2155 5811 est,
2192 5749 2344 5801 clau-

777 5830 855 5886 dit
887 5831 977 5888 fol.
1016 5834 1148 5899 5:22,
1190 5851 1371 5891 verso.
1411 5855 1427 5886 ι

2476 1897 2760 1959 relictum
2796 1912 2932 1956 esse
2962 1895 3029 1955 in
3064 1896 3551 1957 Continuatione
3578 1898 3681 1959 illa
3713 1902 3924 1980 operis
3948 1903 4068 1964 Eu-

2477 2000 2658 2072 sebii,
2696 2015 2882 2077 quam
2923 1996 3113 2058 modo
3152 1996 3562 2059 laudavimus.

2562 2103 2678 2177 §7.
2732 2105 2800 2160 lit
2847 2100 3002 2161 haec
3054 2100 3311 2179 quidem
3362 2101 3439 2162 de
3483 2103 3734 2165 Ruﬁno.
3772 2106 3950 2168 Nunc
3986 2108 4065 2168 ad

2481 2206 2814 2283 Evagrium
2869 2210 3285 2276 transeamus,
3324 2204 3433 2281 qui
3469 2206 3636 2267 varia
3680 2206 3757 2267 de
3805 2210 4067 2269 senibus

2482 2308 2711 2386 scripta
2733 2304 3008 2384 reliquit,
3038 2304 3103 2364 in
3145 2303 3374 2381 quibus
3394 2304 3471 2364 de
3508 2306 3775 2366 Macario
3810 2314 3905 2367 ter
3933 2314 4071 2367 tan-

2479 2421 2614 2472 tum
2656 2408 2959 2487 loquitur.
3011 2407 3149 2467 Fuit
3184 2407 3237 2467 is
3289 2415 3442 2467 natu
3485 2408 3686 2469 maior
3740 2409 4062 2482 Palladio;

2481 2509 2583 2570 hic
2651 2509 2819 2569 enim
2881 2506 3049 2585 apud
3106 2508 3425 2567 Socratem
3485 2507 3652 2568 illius
3719 2508 4067 2587 discipulus

2480 2608 2861 2691 appellatur,
2890 2607 2977 2668 ita
3004 2614 3238 2680 tamen,
3268 2614 3335 2667 ut
3363 2606 3573 2687 paullo
3615 2616 3759 2687 post
3794 2618 4066 2671 mortem

2543 2834 2620 2904 (1)
2662 2834 2979 2887 Tillemont.
3016 2832 3306 2889 Mémoires
3335 2833 3398 2888 T.
3433 2833 3527 2888 XII
3551 2843 3605 2889 et
3636 2836 3833 2890 iterum
3872 2836 3939 2889 T.
3963 2837 4060 2891 XV

2473 2926 2689 2986 statuit,
2714 2924 2971 2979 Ruﬁnum
3004 2926 3205 2979 librum
3238 2926 3541 2980 secundum
3576 2943 3685 2980 non
3715 2930 3933 2983 nomine
3964 2947 4069 2985 suo

2473 3018 2787 3085 scripsisse,
2821 3018 2913 3071 sed
2943 3018 3189 3083 alterius,
3217 3016 3457 3071 Petronii
3498 3018 3713 3072 scilicet
3754 3019 4069 3075 Bononien-

2473 3112 2549 3164 sis
2571 3109 2838 3178 episc0pi,
2858 3110 3008 3162 cuius
3044 3110 3224 3162 itineri
3250 3110 3592 3163 describendo
3616 3110 3884 3163 calamum
3908 3130 4068 3165 suum

2473 3200 2840 3254 commodarit.
2870 3199 3073 3253 Nititur
3121 3200 3457 3255 Tillemontii
3502 3204 3904 3271 argumentatio
3946 3205 4068 3259 loco

2472 3289 2737 3343 Gennadii
2763 3328 2777 3351 ,
2818 3290 2912 3359 qui
2965 3305 3089 3357 cap.
3123 3288 3238 3343 XLI
3276 3309 3288 3344 :
3344 3310 3360 3341 ι
3402 3290 3692 3345 Petronius
3719 3331 3732 3353 ,
3772 3310 3789 3341 ›
3851 3292 4066 3362 inquit,

2480 3398 2499 3431 ι
2545 3381 2836 3448 scripsisse
2889 3389 3115 3449 putatur
3181 3381 3323 3435 vitas
3380 3389 3596 3449 patrum
3669 3383 4067 3435 monachorum

2473 3472 2721 3542 Aegypti.
2760 3491 2777 3523 ι
2820 3470 2925 3525 Sed
2962 3473 3181 3525 doctum
3235 3472 3414 3525 virum
3473 3486 3692 3526 errasse
3732 3473 4066 3527 dissertatio

2471 3564 2538 3620 de
2589 3567 2699 3618 vita
2740 3563 3003 3629 Petronii,
3040 3579 3181 3633 quae
3226 3563 3339 3617 AA.
3399 3563 3499 3618 SS.
3538 3564 3675 3617 Boil.
3737 3565 3860 3619 Oct.
3908 3565 3972 3619 T.
4019 3567 4065 3619 ll

2470 3672 2523 3726 p.
2557 3656 2661 3708 49.2
2693 3671 2813 3725 sqq.
2855 3663 3055 3718 exstat,
3089 3672 3210 3725 pag.
3236 3654 3759 3721 428.429,dilucide
3794 3659 4061 3712 ostendit.

2547 3748 2624 3815 (2)
2664 3746 2724 3801 ln
2776 3748 2967 3801 codice
3015 3761 3118 3800 ms.
3180 3746 3348 3799 11851
3395 3744 3764 3802 Bibliothecae
3817 3748 4066 3819 Burgun-

2470 3837 2626 3892 dicae
2678 3838 3052 3892 Bruxeliensis
3103 3837 3226 3891 Sec.
3270 3836 3436 3901 XVII,
3462 3837 3548 3899 4°,
3581 3839 3895 3893 invenimus
3936 3847 4067 3909 Διη-

2470 3923 2700 3991 τήματα
2748 3924 2881 3991 περὶ
2930 3924 3038 3979 τοῦ
3086 3924 3233 3987 ,ϐίου
3282 3919 3397 3976 τῶν
3431 3925 3614 3993 ἁγίων
3662 3926 3969 3992 πατέρων,
4006 3930 4063 3981 in

2470 4031 2701 4084 quorum
2739 4017 2843 4069 ﬁne
2874 4015 3011 4069 haec
3035 4018 3198 4069 verba
3234 4016 3488 4086 leguntur
3528 4034 3539 4069 :
3580 4036 3597 4067 ι
3624 4015 3707 4067 Ex
3738 4034 3835 4069 ms.
3862 4017 4063 4070 Biblio-

2468 4108 2645 4160 thecae
2676 4104 3017 4176 Augustanae
3053 4108 3273 4171 ταύτας
3305 4110 3411 4170 τὰς
3438 4107 3747 4175 διηγήσεις
3782 4109 4062 4175 descripsit

2466 4198 2570 4265 ﬁde
2627 4214 2730 4267 qua
2788 4197 2967 4251 debuit
3029 4194 3270 4249 Danielis
3293 4196 3512 4249 Davidis
3557 4213 3622 4250 ex
3680 4199 3848 4265 fratre
3898 4217 4059 4268 nepos

2465 4291 2804 4343 Hoeschelius
2842 4292 2991 4342 Anno
3031 4288 3088 4342 S.
3117 4288 3190 4341 Ν.
3224 4288 3361 4342 1684
3392 4306 3566 4343 mense
3591 4289 3878 4345 Januario.
3914 4314 3932 4342 υ
3986 4294 4055 4356 Is,

2464 4381 2556 4448 qui
2583 4381 2825 4434 codicem
2857 4379 3171 4448 descripsit,
3202 4380 3257 4433 in
3284 4381 3578 4436 schedulae
3615 4384 3780 4436 l'ronti
3825 4384 4059 4454 adgluti-

2464 4477 2625 4521 natae
2666 4483 2787 4537 pag.
2819 4469 2842 4520 1
2878 4469 3084 4521 notavit
3126 4469 3267 4522 haec
3294 4470 3494 4524 verba:
3534 4471 3643 4525 Τοῦ
3687 4489 3908 4541 μακαρ.
3956 4476 4059 4530 καὶ

2463 4559 2789 4627 ἁγιωτάτου
2822 4560 3169 4614 Παλλαδίου
3199 4562 3535 4616 ἐπισκόπου
3579 4565 4059 4635 Ἐλενουπόλεως

2462 4650 2611 4716 πρὸς
2654 4651 2903 4704 Λαῦσον
2942 4654 3339 4719 πραιπόσιτον
3394 4653 3728 4723 διηγήματα
3765 4660 3898 4726 περὶ
3948 4660 4057 4713 τοῦ

2456 4740 2601 4802 ,ϐίου
2632 4740 2749 4792 τῶν
2773 4741 2956 4809 ἁγίων
2983 4742 3275 4809 πατέρων.
3308 4740 3393 4793 Ea:
3433 4742 3609 4797 codice
3656 4749 4055 4802 membranaue

2461 4832 2818 4886 Bibliothecae
2856 4834 3220 4902 Augustanae.
3256 4834 3409 4898 Quod
3446 4837 3501 4888 in
3540 4839 3778 4905 margine
3811 4841 4055 4906 saepius-

2459 4925 2575 4977 cule
2598 4924 2755 4976 huius
2794 4924 3081 4993 apographi
3133 4928 3497 4991 compendiose
3538 4928 3735 4996 legitur
3765 4942 4055 4984 exaratum

2462 5030 2595 5082 σημ,
2628 5014 2761 5065 nillil
2791 5014 2938 5066 aliud
2986 5024 3061 5067 est
3091 5032 3250 5084 quam
3285 5017 3593 5085 σημείωσαι
3623 5018 3659 5071 i.
3695 5034 3745 5071 ε.
3774 5030 3925 5079 nota,
3956 5020 4054 5073 ob-

2458 5121 2639 5166 serva,
2675 5121 2691 5152 ι
2727 5114 2856 5167 etc.,
2897 5121 3018 5175 pag.
3054 5106 3088 5159 2
3120 5108 3352 5161 indicem
3389 5109 3632 5176 capitum
3666 5111 3835 5165 latine
3876 5127 4053 5181 appu-

2457 5198 2585 5251 suit.
2608 5199 2794 5266 Capita
2818 5208 2997 5251 autem
3024 5214 3217 5267 graeca
3244 5200 3388 5253 illius
3411 5200 3531 5253 libri
3556 5201 3627 5252 ita
3651 5216 3709 5254 se
3731 5205 4047 5271 excipiunt:

2459 5290 2499 5343 l.
2540 5290 2675 5357 Περὶ
2715 5289 2992 5343 Ἰωάννου
3027 5289 3132 5342 τοῦ
3162 5292 3232 5343 ἐν
3250 5290 3443 5355 Λυκῷ,
3469 5293 3599 5345 ἐστὶ
3622 5292 3688 5344 δὲ
3722 5295 3898 5360 πόλις
3928 5298 4047 5362 Θη-

2460 5380 2679 5443 ϐαΐδος.
2700 5378 3040 5450 Ἐθεασὰμην
3077 5378 3168 5433 οὖν
3206 5384 3261 5433 ἐν
3281 5385 3389 5444 τοῖς
3420 5384 3587 5452 ὁρίοις
3618 5384 3781 5437 Αυκῶ
3812 5387 3908 5455 τῆς
3933 5387 4048 5457 Θη-

2461 5471 2642 5533 Θαΐδος
2669 5472 2759 5524 τὸν
2797 5473 2970 5541 μέγαν
3002 5475 3095 5524 καὶ
3127 5473 3666 5544 μακάριονἸωὰννην
3689 5475 3856 5547 ἄνδρα
3890 5478 4046 5545 ἅγιον

2454 5560 2667 5629 ἀληθῶς
2683 5578 2735 5613 κ.
2750 5579 2799 5613 τ.
2816 5562 2862 5614 λ.
2882 5563 2956 5631 (in
2973 5564 3095 5617 cod.
3114 5580 3167 5631 p.
3189 5564 3211 5615 1
3232 5567 3402 5635 sqq.).
3419 5565 3484 5618 ll.
3502 5568 3639 5633 Περὶ
3656 5568 3923 5635 ’Ἡρωνος
3938 5573 4045 5627 τοῦ

2456 5653 2737 5718 ἀκριϐοῦς
2760 5654 2855 5706 καὶ
2881 5655 3166 5721 ἐναρέτου
3198 5657 3301 5710 τὸν
3335 5658 3479 5719 βίον
3510 5659 3605 5710 καὶ
3650 5660 4040 5727 κενοδόξου...

2455 5744 2701 5809 γειτνιῶν
2728 5762 2819 5813 μοι
2850 5744 3239 5815 Ἀλεξανδρέως
3258 5764 3309 5799 κ.
3335 5765 3383 5799 τ.
3406 5748 3449 5799 λ.
3480 5752 3552 5817 (p.
3572 5748 3640 5802 50
3661 5752 3829 5820 sqq.),
3854 5752 4038 5808 ﬁnitur

2459 5835 2571 5903 μετ’
2588 5835 2771 5903 ὀλίγας
2790 5838 3021 5907 ἡμέρας.
3040 5837 3126 5893 lll.
3143 5838 3281 5906 Περὶ
3298 5838 3414 5893 τῶν
3434 5840 3924 5910 ΤαΰΜ·ιισιωτῶν
3939 5843 4038 5899 καί
