4266 6360
246 392 314 449 33
494 420 509 439 .
1778 405 2001 465 VITAE.
3410 432 3486 490 34

248 511 519 575 Valentis
544 515 834 593 .Augusti,
868 515 979 596 qui
1002 534 1169 580 anno
1194 518 1263 580 37
1273 518 1307 580 8
1327 520 1504 597 obiit,
1532 529 1800 605 uterque
1833 533 1872 586 A
1904 532 2287 610 transegisse
2310 534 2407 594 vix
2438 535 2831 599 crediderim.
2866 539 2934 600 Id
2967 540 3135 602 enim
3166 558 3243 604 ex
3267 544 3485 613 Rufini

242 615 526 675 ﬂoruerit
561 613 581 693 (
592 614 670 694 1).
704 618 1005 695 Evagrius
1037 618 1103 680 in
1133 620 1576 707 solitudinibus
1615 630 1813 704 Aegy-

242 713 330 791 pti
352 713 490 792 ipse
513 714 851 777 solitariam
872 717 1057 779 vitam
1075 719 1273 794 duxit,
1289 729 1349 782 et
1360 722 1634 786 Palladio
1654 732 1810 788 teste

240 813 693 891 quinquaginta
740 822 1012 894 quatuor
1039 834 1239 878 annos
1270 826 1450 882 natus
1493 822 1559 882 in
1586 824 1807 886 solitu-

239 912 384 972 dine
412 914 683 974 animam
714 914 938 977 eﬁlavit
973 914 1078 995 (2).
1112 919 1285 980 Unus
1320 938 1397 981 ex
1429 931 1667 1003 septem
1701 944 1807 987 so-

240 1011 351 1072 ciis
375 1010 514 1084 fuit,
548 1013 713 1074 inter
751 1032 914 1093 quos
940 1015 1251 1080 Palladius
1282 1027 1344 1081 et
1376 1020 1517 1082 libri
1549 1025 1810 1087 secundi

237 1110 507 1188 scriptor
558 1128 593 1172 e
636 1113 830 1175 Nitria
863 1115 944 1175 ad
972 1117 1279 1179 Joannem
1340 1121 1405 1181 in
1427 1124 1596 1201 Lyco
1655 1144 1806 1205 pro-

238 1211 384 1273 fecti
413 1221 557 1273 sunt
589 1213 698 1293 (3).
732 1216 1016 1295 Scriptor
1038 1218 1295 1296 quidem
1329 1220 1446 1283 iste
1476 1225 1806 1303 Evagrium

237 1314 300 1374 in
324 1314 527 1375 Celliis
578 1316 722 1377 vidit
746 1317 872 1397 (4);
925 1321 1218 1399 Evagrius
1246 1323 1382 1402 ipse
1421 1324 1487 1385 in
1518 1325 1693 1389 libris
1728 1329 1807 1391 ad

234 1414 587 1475 Anatolium
601 1416 870 1479 amicum
887 1421 1135 1500 scriptis
1161 1439 1227 1483 se
1248 1423 1313 1483 in
1335 1425 1512 1485 Scete
1534 1428 1806 1493 residere

234 1515 563 1592 proﬁtetur
633 1517 739 1597 (5).
793 1521 995 1591 Quum
1048 1524 1349 1598 Evagrius
1408 1526 1609 1589 tribus
1659 1529 1806 1590 solis

234 1613 389 1675 locis
450 1615 533 1693 (6)
588 1618 667 1678 de
717 1619 999 1682 Macariis
1067 1619 1379 1701 loquatur,
1431 1645 1659 1707 nequc,
1726 1632 1802 1691 de

232 1732 509 1794 quonam
575 1719 843 1780 Macario
894 1728 1127 1795 narret,
1192 1724 1425 1804 ubique
1472 1729 1797 1805 addiderit,

230 1816 376 1877 licet
402 1825 605 1879 aetate
634 1821 859 1884 ceteris
879 1823 1225 1898 antecedat,
1269 1832 1329 1887 et
1357 1844 1480 1888 una
1510 1846 1651 1890 cum
1681 1833 1801 1893 Ma-

229 1916 412 1977 cariis
438 1918 504 1979 in
532 1917 656 1979 illis
693 1920 1060 1997 regionibus
1106 1924 1211 1993 33
1261 1926 1487 1989 eodem
1512 1938 1799 2009 tempore

229 2016 470 2091 vixerit,
492 2024 637 2097 post
664 2019 1010 2081 Palladium
1036 2028 1097 2082 et
1118 2023 1417 2087 Ruﬁnum
1448 2035 1669 2090 testem
1696 2048 1800 2092 au-

227 2116 346 2178 diri
371 2135 517 2179 eum
549 2126 1051 2182 consentaneum
1079 2122 1347 2185 videtur.

304 2238 331 2308 ς,
372 2233 408 2294 8
438 2235 737 2296 Venimus
765 2235 843 2296 ad
872 2236 935 2295 S.
983 2236 1459 2317 Hieronymum.
1510 2242 1623 2314 Qui
1670 2261 1796 2306 non

226 2334 345 2395 nisi
378 2334 587 2396 oblata
640 2334 973 2397 occasione
1011 2336 1343 2417 obiterque
1392 2338 1471 2401 de
1519 2343 1796 2405 Macariis

225 2431 527 2512 loquitur,
559 2433 669 2494 sed
698 2452 885 2495 unam
908 2436 1094 2497 nobis
1122 2435 1545 2501 difﬁcultatem
1578 2441 1653 2503 de
1676 2446 1795 2505 Ma-

223 2534 393 2595 cario
430 2534 704 2612 quodam
745 2535 960 2597 obiicit
985 2536 1088 2615 (7),
1131 2554 1319 2616 quam
1358 2557 1473 2601 suo
1516 2541 1656 2604 loco
1692 2562 1796 2605 ex-

225 2634 576 2713 pediemus.
600 2635 860 2697 Multum
890 2639 1198 2718 temporis
1225 2640 1288 2700 in
1308 2644 1591 2721 Aegypto
1619 2645 1795 2708 illum

226 2803 295 2856 τὰ
331 2803 465 2871 περὶ
493 2804 598 2858 τὸν
628 2804 799 2873 ἅγιον
830 2806 1165 2876 Παχώμιον.
1190 2809 1524 2879 Ταϐἐννησίς
1558 2813 1674 2865 ἐστι
1703 2813 1793 2865 τό-

219 2909 319 2956 πος
346 2897 403 2946 ὲν
427 2897 492 2963 τῇ
514 2895 735 2965 Θηϐαΐδι
765 2915 817 2949 κ.
856 2914 908 2953 τ.
935 2898 983 2951 λ.
1015 2900 1092 2969 (p.
1131 2901 1201 2955 35
1238 2904 1407 2971 sqq.),
1443 2902 1566 2957 ﬁnis
1595 2923 1621 2957 :~
1642 2905 1792 2956 ἀκοι-

219 2988 486 3055 νωνήτους
534 2989 786 3055 ποιήσας.
836 2987 924 3042 IV.
973 2990 1114 3058 Περὶ
1159 2990 1269 3060 τῆς
1317 2995 1792 3063 ὐποκρινομένης

211 3076 442 3143 μωρίαν
468 3077 790 3145 παρθένου.
838 3080 929 3132 Ἐν
961 3080 1135 3151 τούτῳ
1175 3081 1253 3151 τῷ
1283 3086 1628 3156 μοναστηρίῳ
1654 3103 1793 3155 παρ-

1915 630 2215 707 Apologia
2249 634 2669 711 [Invectiva]ll
2687 637 2894 714 colligi
2916 646 3148 717 potest,
3173 660 3295 721 qua
3338 646 3485 726 legi-

1915 735 2040 789 tur:
2062 732 2387 793 «Ceterum
2409 734 2528 797 iste
2552 736 2634 809 IS.
2662 736 3129 817 Hieronymus],
3146 743 3335 822 quiin
3354 752 3480 808 tota

1913 831 2031 892 vita
2051 850 2166 893 sua
2191 850 2319 895 non
2338 838 2765 915 totostriginta
2786 839 2922 901 dies
2934 839 3362 915 Alexandriae,
3378 846 3481 908 ubi

1914 940 2046 994 erat
2095 934 2420 1013 Didymus,
2474 946 2899 1001 commoratus
2964 948 3078 1014 est,
3146 960 3263 1024 per
3316 951 3481 1008 totos

1910 1052 2113 1114 paene
2160 1035 2406 1099 libellos
2462 1056 2615 1099 suos
2659 1039 2848 1117 longe
2898 1041 3147 1122 lateque
3188 1061 3258 1105 se
3297 1046 3483 1107 iactat

1908 1135 2155 1215 Didymi
2174 1137 2441 1198 videntis
2469 1154 2612 1199 esse
2640 1140 3043 1219 discipulum,
3066 1149 3127 1204 ct
3148 1153 3474 1222 καθηγητήν,

1906 1236 1972 1297 id
2002 1243 2096 1297 est
2119 1249 2618 1317 praeceptorem,
2647 1240 2711 1300 in
2741 1240 3075 1320 Scripturis
3107 1245 3336 1305 sanctis
3375 1244 3483 1307 ha-

1906 1335 2115 1397 buisse
2149 1337 2500 1414 Didymum.
2538 1340 2612 1399 Et
2636 1341 2839 1402 omnis
2871 1342 2986 1403 ista
3026 1342 3315 1406 iactantia
3347 1363 3481 1409 uno

1906 1452 2121 1497 mense
2149 1438 2427 1516 quaesita
2459 1446 2549 1500 est
2567 1439 2673 1519 (8).
2698 1464 2723 1495 ι)
2766 1442 3130 1519 Quanquam
3172 1450 3380 1506 autem
3413 1446 3476 1507 8.

1904 1536 2325 1615 Hieronymus
2373 1538 2786 1601 Alexandriae
2842 1541 3293 1621 aliquantisper
3337 1552 3476 1606 tan-

1904 1647 2033 1698 tum
2054 1639 2383 1718 Didymum
2427 1640 2749 1701 auditurus
2780 1643 3085 1717 consedit,
3116 1650 3348 1719 tamen,
3372 1663 3481 1708 an-

1902 1744 2155 1817 tequam
2191 1740 2257 1799 in
2294 1738 2701 1801 Palaestinam
2740 1741 3001 1816 rediret,
3026 1747 3291 1823 Aegypti
3334 1761 3477 1808 mo-

1903 1836 2172 1897 nasteria
2204 1837 2572 1915 peragravit.
2608 1839 2748 1916 Ipse
2780 1839 2945 1899 enim
2982 1840 3234 1903 scribit:
3263 1866 3289 1897 α
3309 1843 3475 1905 Con-

1901 1935 2076 1997 tendi
2117 1940 2492 2016 Aegyptum,
2533 1936 2788 1998 lustravi
2826 1940 3202 2001 monasteria
3241 1941 3473 2004 Nitriae

1900 2040 1962 2095 et
1986 2034 2150 2096 inter
2177 2036 2547 2097 Sanctorum
2573 2034 2801 2098 choros
2823 2037 3074 2116 aspides
3104 2038 3297 2101 latere
3320 2059 3471 2121 per-

1900 2133 2077 2212 spexi
2104 2135 2213 2214 (9),
2241 2156 2269 2188 ι)
2306 2134 2684 2211 Origenistas
2716 2135 3095 2213 intelligens,
3130 2140 3363 2217 quibus
3387 2139 3478 2204 fa-

1898 2232 2642 2309 vebatRuﬁnus.Singula
2665 2233 2872 2310 igitur,
2898 2252 3060 2314 quae
3090 2254 3204 2315 per
3224 2238 3286 2298 S.
3318 2238 3473 2303 Hie-

1902 2334 2150 2411 ronymi
2193 2350 2385 2413 Opera
2425 2350 2644 2413 sparsa
2698 2333 2774 2395 de
2826 2336 3107 2398 Macariis
3151 2337 3471 2416 leguntur,

1903 2441 2048 2514 post
2071 2435 2309 2512 Evagrii
2335 2435 2471 2497 loca
2502 2434 3005 2497 diiudicabimus.

1984 2554 2033 2624 §.
2068 2549 2124 2609 9.
2171 2550 2437 2610 Ultimus
2467 2566 2533 2610 se
2564 2549 2747 2611 nobis
2792 2550 2975 2611 oﬂ‘ert
3014 2551 3361 2616 Cassianus.
3410 2555 3472 2618 Is

1902 2656 2166 2711 exeunte
2204 2648 2453 2711 saeculo
2504 2656 2749 2730 quarto,
2780 2667 2975 2731 quum
3000 2651 3242 2716 iuvenis
3278 2660 3467 2731 esset,

1895 2816 2164 2886 γήσασθαι
2199 2814 2445 2885 περὶτοῦ
2478 2814 2686 2867 παιδίου
2725 2814 2974 2885 Μελάνης
3002 2833 3056 2870 κ.
3090 2834 3141 2871 τ.
3175 2817 3225 2872 λ.
3250 2818 3469 2889 (ρ..105

1893 2908 2060 2976 δρψ),
2095 2907 2217 2960 ﬁnis
2253 2924 2265 2958 :
2296 2908 2390 2958 καὶ
2420 2906 2704 2976 παρθένων
2729 2905 2821 2959 καὶ
2854 2906 3126 2963 δουλίδων.
3158 2907 3465 2980 Χιν.Περὶ

1892 2997 2213 3051 Πιννιανοῦ
2235 2996 2342 3050 τοῦ
2372 2996 2591 3063 ἀνδρὸς
2612 2994 2816 3064 αὐτῆς.
2861 2996 3087 3067 Ὁμοίως
3113 2999 3205 3052 καὶ
3244 3002 3464 3055 Πιννια-

1892 3089 1980 3152 νὸς
2012 3090 2040 3141 ὁ
2071 3089 2190 3141 τότε
2228 3088 2367 3160 ἀνὴρ
2398 3089 2592 3159 αὐτῆς,
2623 3088 2717 3141 νῦν
2742 3089 2800 3142 δὲ
2836 3092 2936 3161 τῆς
2977 3092 3174 3163 ἀρετῆς
3206 3092 3464 3164 σύνεργος

217 3167 368 3230 θένος
401 3184 485 3231 τις
512 3164 581 3239 ἦν
616 3186 670 3221 κ.
716 3186 767 3222 τ.
814 3169 863 3222 λ.
911 3173 988 3240 (p.
1024 3172 1094 3227 40
1133 3173 1302 3242 δρψ),
1346 3175 1468 3231 ﬁnis
1505 3194 1518 3229 :
1553 3177 1647 3229 καὶ
1684 3176 1789 3229 ὑπὸ
1816 3203 1858 3259 C
1891 3198 1902 3232 ι

1771 3177 1789 3229 5
1816 3203 1858 3259 C
1891 3198 1944 3234 κ.
1974 3198 2024 3234 τ.
2050 3181 2098 3234 λ.
2120 3182 2194 3250 (p.
2225 3182 2370 3251 109),
2399 3180 2521 3236 ﬁnis
2545 3201 2557 3236 :
2588 3182 2769 3253 ἔργοις
2796 3183 2892 3253 τῆς
2914 3184 3142 3255 ἀρίστης
3164 3185 3456 3248 πολιτείας.

212 3258 321 3311 τῶν
346 3259 604 3312 πλειόνων
635 3261 1033 3332 μυσαττομένη.
1062 3261 1128 3317 V.
1157 3263 1297 3331 Περὶ
1319 3267 1614 3334 Πιτηρούμ
1641 3263 1787 3337 [ﬁnis
1834 3258 1843 3259 ί
1893 3271 2006 3326 XV.
2038 3272 2177 3339 Περὶ
2214 3272 2323 3341 τῆς
2351 3273 2800 3342 ὑποδεξαμένης
2827 3274 3126 3342 παρθένου
3149 3278 3255 3330 τὸν
3272 3279 3458 3345 ﬂami-

214 3351 377 3421 liuius
420 3351 659 3406 nominis
704 3352 761 3406 in
808 3352 995 3407 codice
1037 3353 1179 3409 lectu
1219 3354 1451 3411 difﬁcilis
1487 3355 1611 3427 est].
1652 3358 1785 3427 Περὶ
1884 3389 1899 3433 Α

1775 3372 1785 3410 L
1884 3383 2019 3433 ριον
2074 3366 2447 3420 Ἀθανάσιον.
2514 3366 2787 3437 Παρθένον
2842 3363 2957 3421 οἶδα
3005 3367 3106 3439 τὴν
3165 3370 3224 3422 ὲν
3281 3369 3460 3435 Ἀλεξ-

210 3440 417 3511 ταύτης
447 3441 547 3510 τῆς
583 3441 735 3506 ὁσίας
772 3442 852 3513 τῷ
891 3443 1032 3513 ἁγίῳ
1060 3444 1345 3515 Πιτηροὺμ
1374 3444 1595 3516 [nomen
1644 3447 1783 3502 lectu

212 3531 429 3587 diﬁicile
469 3531 576 3603 est]
612 3533 856 3604 παρέστη
890 3533 1116 3601 ἄγγελος
1143 3552 1197 3588 κ.
1231 3552 1281 3588 τ.
1318 3535 1366 3588 λ.
1408 3539 1485 3606 (p.
1514 3537 1583 3592 42
1611 3538 1779 3608 δρψ),

212 3623 397 3677 linitur
418 3641 431 3676 :
452 3622 697 3692 περὶτῆς
724 3624 975 3691 γενναίας
995 3623 1192 3693 ταύτης
1213 3627 1509 3695 μακαρίας.
1533 3626 1623 3682 VI.
1642 3628 1782 3696 Περὶ

209 3715 465 3784 Διδύμου
483 3715 588 3769 τοῦ
604 3715 722 3768 ἀπὸ
747 3714 1023 3784 ὀμμάτων
1037 3716 1137 3769 καὶ
1156 3717 1458 3787 ἑρμηνέως
1476 3719 1593 3773 τῶν
1609 3721 1783 3774 θείων

193 3805 472 3873 Γραφῶν,
511 3823 564 3859 κ.
611 3823 661 3858 τ.
717 3806 767 3857 λ.
812 3804 888 3875 (p.
943 3805 1013 3860 45
1069 3806 1246 3877 δρψ),
1290 3807 1476 3863 ﬁnitur
1505 3826 1517 3861 :
1548 3811 1641 3864 καὶ
1684 3810 1780 3881 τὴν

207 3897 497 3967 ἑϐδομάδα,
519 3899 611 3952 καὶ
633 3899 859 3971 εὓρηται
881 3899 1070 3963 οὕτως.
1089 3898 1201 3956 VII.
1220 3901 1358 3971 Περὶ
1378 3905 1775 3971 Παφνουτίου.

204 3989 320 4058 Μιᾷ
364 3988 474 4041 τῶν
518 3991 740 4060 ἡμερῶν
773 3991 1163 4062 συνδραμόντος
1210 3994 1304 4046 καὶ
1351 3995 1685 4063 Παφνουτίου
1718 4014 1771 4050 κ.

201 4096 250 4131 τ.
283 4079 335 4131 λ.
370 4090 447 4149 (p.
481 4080 547 4132 47
596 4083 774 4150 δρψ),
808 4081 993 4135 ﬁnitur
1024 4100 1038 4137 :
1079 4084 1202 4146 τοὺς
1249 4083 1575 4152 ἀλλοφύλους
1607 4088 1683 4150 είς
1715 4089 1776 4140 τὸ

200 4169 325 4238 ὅρος
358 4169 452 4222 τοῦ
483 4169 668 4223 Secxa.
693 4169 829 4226 VIII.
855 4172 992 4241 Περὶ
1026 4173 1131 4227 τοῦ
1154 4174 1348 4228 ἄλλου
1373 4179 1770 4244 Παφνουτιου.

212 4255 589 4327 Ἐθεασὰμεθα
635 4259 692 4311 δὲ
744 4262 838 4313 καὶ
867 4260 957 4313 τὸν
990 4259 1151 4313 τόπον
1190 4261 1523 4329 Παφνουτίου
1548 4281 1600 4316 κ.
1630 4281 1683 4316 τ.
1719 4263 1767 4316 λ.

200 4347 277 4417 (p.
312 4348 382 4403 56
416 4352 586 4420 sqq.),
616 4351 740 4406 linis
760 4361 845 4406 est
876 4369 891 4406 :
929 4351 1024 4405 καὶ
1050 4353 1296 4420 ἀγγέλων
1325 4353 1774 4431 ἀναλαμϐανόμηες.

196 4457 287 4493 νον
321 4441 635 4510 ὑμνούντων
662 4443 754 4495 τὸν
775 4444 925 4498 Θεόν.
954 4442 1045 4498 ΙΧ.
1070 4444 1208 4511 Περὶ
1231 4445 1337 4499 τοῦ
1358 4446 1427 4499 ἐν
1456 4447 1646 4515 ἁγίοις
1672 4446 1769 4501 καὶ

1888 3458 2127 3528 ανδρείᾳ,
2157 3462 2226 3528 ἢν
2262 3456 2561 3529 κατείληφα
2597 3475 2650 3512 κ.
2683 3476 2732 3511 τ.
2770 3457 2820 3513 λ.
2858 3462 2932 3530 (p.
2970 3459 3069 3513 109
3091 3462 3262 3531 sqq.),
3298 3460 3454 3517 ﬁnis:

1889 3551 1968 3611 είς
1999 3551 2095 3619 τὴν
2135 3551 2271 3621 ἐμὴν
2314 3551 2471 3616 δόξαν
2516 3552 2610 3604 καὶ
2652 3552 2968 3619 ἀσφάλειαν.
2999 3551 3140 3606 XIV.
3175 3554 3458 3621 Διήγησις

1900 3641 2250 3697 Ἱππολύτου
2296 3642 2401 3696 τοῦ
2459 3642 2751 3712 γνωρίμου
2804 3642 2921 3695 τῶν
2956 3644 3333 3697 ἀποστόλων.
3366 3643 3457 3695 Ἐν

1884 3732 2029 3803 ἄλλῳ
2085 3732 2393 3804 βιόλιδαρίῳ
2443 3733 2586 3806 [cod.
2638 3733 3059 3805 βιϐλιοδαρίῳ]
3114 3736 3447 3805 ἐπιγεγραμ-

1887 3824 2031 3894 μένῳ
2069 3825 2386 3879 Ἱππολύτου
2422 3812 2476 3881 ie.
2508 3844 2561 3881 τ.
2595 3827 2642 3880 λ.
2690 3826 2764 3897 (p.
2800 3827 2903 3880 H2
2942 3826 3109 3897 sqq.),
3146 3827 3309 3883 ﬁnis:
3348 3845 3453 3898 μα-

1883 3916 2088 3985 καρίων
2137 3916 2413 3984 στεφάνων
2460 3917 2611 3987 παρὰ
2656 3918 2758 3987 τῆς
2809 3916 2998 3970 τούτου
3044 3917 3452 3988 φιλανθρωπίας

1882 4005 2105 4075 ἠξιώθη.
2134 4006 2318 4077 Itaque
2344 4008 2447 4061 hoc
2483 4023 2620 4076 opus
2651 4024 2759 4062 non
2794 4016 2903 4063 tam
2932 4010 3075 4063 libro
3110 4010 3451 4064 collectionis

1882 4096 2297 4152 Roswcidianae
2334 4100 2577 4154 secundo
2619 4108 2934 4164 cognatum,
2966 4114 3179 4168 quame
3216 4100 3450 4170 singulis

1879 4190 2147 4257 capitibus
2177 4187 2451 4245 Historiae
2481 4190 2783 4246 Lausiacae
2820 4191 3185 4260 compositum
3220 4204 3343 4245 esse
3366 4190 3449 4244 ln-

1878 4278 2159 4347 telligitur.

1947 4369 2023 4439 (1)
2058 4370 2196 4425 Hist.
2224 4369 2429 4425 Eccles.
2455 4370 2547 4425 lib.
2577 4369 2646 4425 IV
2671 4385 2789 4441 cap.
2812 4370 2885 4424 9.3
2907 4370 2994 4424 ed.
3028 4368 3277 4424 Valesius
3296 4367 3439 4439 ﬂag.

1874 4459 2011 4514 1677
2047 4477 2097 4530 ρ.
2121 4461 2246 4516 238.

188 4528 459 4597 μεγάλου
490 4530 707 4599 πατρὸς
742 4531 1021 4587 Ἀπολλώ.
1056 4532 1428 4603 Ἐθεασάμεθα
1448 4535 1503 4587 δὲ
1536 4534 1626 4589 καὶ
1651 4536 1767 4588 ἓτε-
1799 4554 1843 4611 D

1743 4566 1767 4575 -
1799 4554 1843 4611 D
1944 4553 2019 4623 (ε)
2047 4528 2191 4611 Hist.
2218 4554 2384 4612 Laus.
2415 4570 2538 4627 cap.
2566 4555 2634 4610 88
2668 4556 2806 4626 Opp.
2841 4555 3042 4612 Meurs.
3066 4557 3104 4611 l.
3142 4557 3179 4611 ι.
3219 4572 3272 4628 ρ.
3310 4557 3428 4613 5w.

195 4637 290 4689 ρον
340 4620 509 4691 ἄνδρα
561 4623 714 4691 ἅγιον
762 4640 815 4676 κ.
853 4640 905 4676 τ.
936 4624 986 4677 λ.
1018 4624 1096 4693 (p.
1132 4624 1201 4677 65
1231 4625 1399 4695 sqq.),
1436 4624 1766 4680 ﬁnitur:'le-

196 4715 481 4785 ρουσαλὴμ
512 4716 693 4779 πάσας
744 4718 843 4779 τὰς
883 4716 1093 4787 ἡμέρας
1145 4717 1242 4787 τῆς
1297 4716 1441 4788 ζωῆς
1493 4716 1764 4788 inponit.

190 4808 335 4875 Περὶ
373 4807 481 4860 τοῦ
515 4808 585 4861 ἐν
624 4808 813 4876 ἁγίοις
849 4808 1073 4875 Κόπρη,
1111 4809 1181 4861 ἐν
1218 4803 1309 4875 οἷς
1353 4810 1457 4863 καὶ
1488 4812 1621 4878 περὶ
1659 4811 1767 4865 τοῦ

184 4898 457 4968 μεγάλου
486 4901 705 4967 πατρὸς
734 4901 1191 4968 Πατερμουθίου.
1214 4894 1322 4952 Ἦν
1339 4900 1398 4952 δέ
1419 4918 1503 4963 τις
1528 4900 1765 4971 «95666-

186 5003 348 5057 τερος
376 4986 513 5056 ἔχων
548 4987 774 5059 πλησίον
804 4990 919 5040 ἐκεῖ
948 5007 1000 5041 κ.
1026 5004 1075 5041 τ.
1107 4986 1155 5040 λ.
1194 4991 1271 5057 (p.
1312 4988 1381 5043 85
1409 4992 1575 5058 sqq.),
1601 4990 1759 5044 ﬁnis:

185 5078 290 5146 τὴν
322 5078 431 5129 τῶν
455 5078 696 5146 ἀδελφῶν
738 5079 1059 5132 ἀνάπαυσιν.
1086 5077 1177 5131 XI.
1206 5079 1345 5145 Περὶ
1386 5077 1493 5147 τῆς
1524 5081 1763 5149 ἀειμνή-

184 5182 342 5220 στου
390 5168 488 5222 καὶ
517 5170 810 5237 μακαρίας
861 5168 1160 5235 Μελάνης.
1221 5170 1286 5222 Ἠ
1336 5170 1455 5240 τρὶς
1515 5172 1759 5243 μακαρία

178 5259 412 5329 Madv-r1
440 5261 626 5332 Σπάνη
651 5256 717 5331 ἦν
750 5278 803 5314 κ.
827 5278 877 5315 τ.
906 5261 955 5315 λ.
976 5261 1052 5331 (p.
1073 5261 1141 5316 98
1156 5263 1322 5333 sqq.),
1350 5263 1533 5316 ﬁnitur
1556 5282 1570 5318 :
1602 5264 1760 5318 ὲνἹε-

184 5351 474 5422 ρουσαλὴμ
509 5352 704 5422 ἔχουσα
739 5353 980 5407 συνοδίαν
1001 5353 1305 5425 παρθένων.
1329 5353 1442 5408 XII.
1472 5358 1599 5409 Ἔτι
1622 5358 1755 5425 περὶ

178 5442 296 5511 τῆς·
314 5443 585 5512 μεγάλης
613 5443 709 5496 καὶ
730 5445 901 5513 ἁγίας
922 5444 1205 5514 Μελάνης
1226 5448 1406 5516 λόγος
1434 5446 1631 5515 ἕτερος
1649 5448 1754 5502 τοῦ

176 5533 394 5586 αὐτοῦ.
431 5532 566 5602 Περὶ
608 5532 703 5603 τῆς
753 5532 1056 5603 θαυμασίας
1106 5534 1197 5587 καὶ
1224 5535 1386 5602 ἁγίας
1437 5539 1495 5589 ὲν
1541 5536 1753 5603 γυναιξὶ

176 5624 439 5694 Me).qu
474 5642 620 5695 x._':.
663 5625 713 5678 λ.
747 5624 822 5695 (p.
862 5626 963 5679 100
996 5627 1133 5696 δρ.),
1166 5627 1627 5699 ίὶιιίιυτεᾶπρακτα
1658 5646 1751 5698 με-

173 5718 517 5770 τανοούντων
558 5714 653 5783 ὀψὲ
709 5714 804 5767 τοῦ
857 5716 1067 5785 καιροῦ.
1102 5715 1237 5769 XIII.
1289 5718 1426 5785 Περὶ
1472 5719 1747 5785 Μελάνης

173 5806 291 5876 τῆς
320 5804 633 5873 νεωτέρας.
658 5806 809 5859 Ἐπεὶ
836 5809 891 5860 δὲ
913 5809 1331 5879 προϋπεσχόμην
1361 5809 1612 5879 ἀνωτέρω
1633 5809 1743 5879 διη-

502 5922 747 5981 Parum
818 5923 932 5983 Gn.
984 5924 1033 5983 X
1050 5924 1158 5981 XX
1174 5924 1269 5983 IV.

1943 4647 2021 4715 (3)
2057 4646 2133 4700 De
2161 4646 2263 4700 hac
2296 4662 2355 4700 re
2377 4662 2542 4715 supra
2572 4662 2624 4716 p.
2646 4647 2711 4699 2i
2745 4646 3167 4716 disputavimus.

1939 4737 2017 4803 (4)
2056 4735 2172 4790 VV.
2211 4736 2315 4792 PP.
2340 4736 2524 4792 Rosw.
2560 4738 2656 4792 lib.
2693 4738 2733 4792 II
2761 4754 2881 4809 cap.
2911 4740 2981 4793 27
3012 4756 3066 4810 p.
3095 4739 3218 4805 479,
3240 4739 3294 4795 I.

1935 4828 2013 4898 (5)
2053 4829 2301 4883 Galland.
2335 4829 2453 4884 Bibl
2511 4829 2612 4884 PP.
2637 4829 2699 4885 Τ.
2725 4828 2817 4885 VII
2842 4846 2896 4900 p.
2925 4831 3051 4886 553.

1934 4917 2010 4985 (θ)
2055 4918 2188 4973 Ibid.
2216 4935 2267 4988 p.
2311 4919 2434 4973 561.
2466 4921 2589 4975 565.

1937 5009 2013 5075 (7)
2041 5011 2095 5062 In
2128 5012 2232 5063 vita
2259 5008 2313 5063 S.
2346 5011 2500 5064 Pauli
2531 5012 2811 5075 eremitae,
2847 5012 2906 5065 S.
2930 5011 3155 5065 Hieron.
3178 5011 3316 5081 Opp.
3341 5012 3427 5067 ed.

1861 5098 2058 5153 Bened.
2092 5100 2151 5154 T.
2178 5100 2263 5154 IV.
2292 5101 2353 5154 Ρ.
2381 5100 2425 5153 11
2447 5117 2500 5170 p.
2532 5102 2621 5156 69.

1931 5189 2007 5258 (8)
2038 5189 2218 5243 Rulini
2242 5191 2502 5260 Apologia
2529 5189 2847 5262 [Invectiva]
2882 5191 2934 5243 in
2962 5189 3016 5243 S.
3041 5188 3427 5260 Hieronymum

1857 5279 1951 5334 lib.
1987 5280 2027 5333 ΙΙ
2066 5296 2186 5350 cap.
2215 5281 2300 5347 ιε,
2322 5282 2459 5352 Opp.
2494 5284 2581 5338 ed.
2624 5280 2855 5337 Vallarsi
2888 5299 2941 5352 p.
2975 5284 3103 5347 ⁸567,
3134 5280 3309 5352 Migne
3332 5282 3424 5335 Pa-

1856 5372 1979 5426 trol.
2015 5371 2076 5425 T.
2104 5372 2221 5426 XXI
2254 5389 2306 5443 p.
2334 5374 2471 5439 594;
2536 5372 2592 5428 S.
2642 5374 2865 5430 Hieron.
2902 5373 3041 5445 Opp.
3087 5375 3175 5429 ed.
3220 5374 3419 5430 Bened.

1856 5464 1892 5517 l.
1930 5464 1964 5516 l.
1996 5478 2045 5532 p.
2069 5462 2189 5517 422.

1924 5554 2000 5623 (9)
2028 5554 2183 5625 Apol.
2216 5556 2339 5610 adv.
2366 5556 2621 5613 Ruﬁnum
2653 5557 2747 5611 lib.
2778 5556 2867 5619 lll,
2914 5556 2970 5611 S.
3010 5556 3234 5611 Hieron.
3282 5553 3417 5623 Opp.

1853 5645 1937 5699 ed.
1971 5646 2165 5701 Bcned.
2195 5648 2226 5701 l.
2263 5650 2298 5702 l.
2332 5665 2385 5718 ῃ.
2420 5650 2523 5704 459
2548 5665 2630 5719 sq.
2668 5649 2741 5703 De
2776 5650 2967 5703 itinere
3002 5649 3060 5701 S.
3111 5648 3420 5715 Hieronymi

1852 5740 1905 5791 in
1946 5741 2184 5808 Aegypto
2219 5742 2289 5794 cf.
2327 5742 2382 5797 S.
2408 5741 2628 5796 Hieron.
2657 5745 2793 5810 Opp.
2829 5740 2914 5826 ed.
2944 5737 3121 5810 Migne
3149 5738 3211 5792 Τ.
3252 5736 3417 5808 IiI‘a-

1849 5830 1975 5883 trol.
2010 5828 2174 5899 XXII]
2200 5848 2249 5901 p.
2280 5832 2348 5886 60
2380 5850 2502 5902 sqq.

3066 5925 3109 5987 2
