4266 6360
792 351 864 410 85
1637 352 1739 408 SS.
1780 352 2583 411 MACARIOIIUMAEGYPTII
2624 356 2711 413 ET
2752 356 3224 414 ALEXANDRINI
3752 366 3757 377 ‘
3980 357 4056 410 56

793 486 874 535 ex
898 472 1212 534 coenobio
1240 470 1763 534 Bethlehemitico
1801 474 1866 533 in
1897 477 2248 553 Aegyptum
2266 490 2373 534 ve-
2411 484 2454 537 A
2485 476 2797 552 referant,
2815 495 2977 556 quae
2999 478 3167 557 apud
3195 484 3484 539 auctores
3512 478 3793 539 Macariis
3825 495 4064 559 aequa-

790 572 960 635 nisse
988 573 1231 637 videtur
1260 572 1375 655 (1),
1418 580 1479 635 et
1506 575 1571 635 in
1612 573 1745 634 sola
1786 572 2122 635 Thebaidis
2162 592 2376 636 eremo

790 675 1193 755 septennium
1229 675 1505 757 explevit
1540 675 1664 758 (2);
1696 675 1866 737 unde
1910 674 2205 753 colligere
2232 675 2378 738 licet

792 774 959 837 haud
991 776 1289 855 exiguum
1319 777 1624 857 temporis
1654 775 1923 855 spatium
1959 773 2240 852 reliquae
2268 792 2379 854 pe-

794 873 1436 952 regrinationi—nam
1458 874 1722 943 multum
1745 871 2178 952 peregrinatus
2197 879 2377 933 est—

790 971 999 1051 ipsum
1033 971 1443 1051 impendisse.
1475 974 1777 1032 Neutrum
1824 969 2233 1031 Macariorum
2278 988 2380 1031 su-

790 1070 1115 1149 perstitem
1148 1069 1408 1144 invenit,
1438 1068 1572 1142 sed,
1618 1084 1781 1148 quae
1809 1068 1876 1128 in
1930 1064 2376 1128 Collationibus

790 1169 1042 1231 Patrum
1079 1168 1157 1229 de
1184 1169 1263 1229 iis
1298 1168 1509 1243 refert,
1548 1186 1626 1230 ex
1680 1168 1789 1240 35
1842 1184 1953 1229 ore
2015 1168 2376 1247 Serapionis

790 1264 982 1333 senis,
1012 1271 1073 1327 et
1101 1267 1462 1339 Nesterotis,
1497 1264 1911 1344 antiquissimi
1933 1264 2371 1338 anachoretae,

792 1364 1037 1444 accepit
1087 1363 1624 1445 (3).Nihilominus
1667 1365 1807 1425 libri
1838 1364 2107 1426 Cassiani
2142 1365 2220 1425 ad
2275 1380 2377 1425 co-

792 1465 1216 1541 gnoscendam
1240 1464 1517 1525 indolem
1549 1470 1610 1525 et
1629 1463 2024 1542 disciplinam
2069 1462 2375 1524 solitario-

790 1583 930 1625 rum
942 1565 1109 1625 illius
1131 1565 1434 1645 temporis
1454 1564 1666 1641 magni
1686 1564 1871 1643 pretii
1894 1570 2040 1624 sunt
2076 1570 2138 1625 et
2179 1563 2261 1625 ob
2281 1564 2376 1624 in-

793 1662 1139 1740 tegritatem
1175 1662 1495 1741 scriptoris
1527 1669 1587 1721 et
1616 1661 1698 1721 ob
1720 1660 2021 1740 prudens,
2054 1677 2181 1739 quo
2228 1677 2372 1720 eum

790 1762 1097 1824 excellere
1137 1763 1427 1835 arbitror,
1474 1760 1802 1821 iudicium.

871 1867 897 1937 §
950 1862 1043 1923 10.
1104 1862 1619 1924 Commemoratis
1666 1867 1995 1921 auctorum
2024 1909 2038 1934 ,
2071 1860 2182 1939 qui
2226 1877 2369 1922 cum

788 1961 1069 2021 Macariis
1093 1961 1403 2032 vixerunt,
1451 1965 1558 2020 aut
1598 1960 1676 2019 ab
1738 1976 1957 2019 eorum
2004 1957 2373 2038 aequalibus

788 2061 866 2122 de
891 2061 967 2122 iis
1004 2061 1211 2122 edocti
1241 2067 1408 2134 sunt,
1435 2061 1684 2139 scriptis
1725 2066 1935 2131 restat,
1970 2066 2036 2121 ut
2075 2060 2155 2121 de
2200 2066 2369 2121 cete-

789 2161 872 2222 ris
901 2161 1202 2235 fontibus,
1230 2178 1501 2239 quorum
1542 2168 1832 2222 auctores
1859 2168 1920 2222 et
1951 2166 2219 2223 aetatem
2256 2176 2369 2221 ne-

786 2264 1037 2335 scimus,
1071 2280 1473 2342 quaeramus.
1516 2264 1587 2322 In
1653 2262 1751 2324 his
1804 2262 2181 2323 numerandi
2229 2268 2375 2323 sunt

785 2363 1252 2423 ltosweidianae
1310 2362 1699 2445 collectionis
1754 2362 1975 2422 tertius
2035 2362 2144 2441 (ιι),
2189 2360 2373 2439 quin-

784 2468 884 2523 tus
915 2462 1022 2541 (5),
1046 2470 1257 2523 sextus
1278 2459 1357 2542 (6)
1383 2469 1443 2523 et
1467 2462 1772 2541 septimus
1794 2459 1875 2541 (7)
1908 2459 2066 2521 liber
2093 2458 2368 2529 VV.PP.,

784 2570 974 2641 atque
1006 2562 1165 2624 liber
1219 2564 1671 2624 sententiarum
1734 2568 1982 2641 patrum
2028 2561 2371 2639 Aegyptio-

790 2678 931 2722 rum
974 2659 1080 2741 (8).
1116 2663 1229 2733 Qui
1264 2660 1521 2740 quidem
1550 2660 1691 2721 libri
1721 2660 2098 2739 quibusnam
2135 2659 2373 2737 graecis

785 2762 1193 2841 scriptoribus
1217 2779 1441 2823 —-nam
1465 2762 1754 2841 primitus
1794 2778 2015 2838 graece
2040 2761 2373 2840 compositi

783 2862 1425 2940 fuerunt—originem
1443 2862 1734 2934 debeant,
1758 2862 2140 2939 ignoramus,
2157 2879 2227 2923 ac
2242 2861 2372 2923 sola

788 2962 1124 3023 latinorum
1162 2964 1578 3041 interpretum
1610 2962 1866 3022 nomina
1922 2961 2173 3039 cognita
2201 2967 2367 3034 sunt,

787 3080 864 3123 ex
935 3064 1165 3143 quibus
1224 3063 1378 3125 istos
1435 3081 1692 3143 quoque
1738 3064 2186 3141 antiquissimis
2246 3062 2373 3123 illis

2478 575 2571 636 les
2594 594 2720 638 non
2756 578 3070 656 leguntur,
3103 585 3165 639 et
3208 579 3472 639 fortasse
3502 596 3579 639 ex
3619 580 3866 659 scriptis
3920 590 4070 641 sunt

2479 677 2830 756 desumpta,
2875 695 3038 757 quae
3093 684 3357 739 aetatem
3407 680 3817 742 Macariorum
3871 683 4063 744 attin-

2479 779 2783 855 gunt.35
2816 778 2998 838 Liber
3045 768 3304 857 quartus
3354 778 3822 840 Rosweidianae
3866 780 4067 841 colle-

2478 877 2701 937 ctionis
2752 894 2941 955 supra
2996 876 3160 937 haud
3202 876 3664 949 nominabatur,
3712 877 3882 956 quod
3931 894 4064 938 non

2478 976 2595 1037 nisi
2632 977 2947 1056 excerptis
2979 975 3226 1055 Sulpitii
3257 977 3471 1036 Severi
3509 984 3570 1037 et
3606 978 3877 1038 Cassiani
3904 977 4065 1039 locis

2476 1084 2741 1151 constat,
2775 1078 2885 1156 qui
2921 1077 3147 1139 melius
3174 1078 3239 1137 in
3271 1077 3474 1157 plenis
3507 1095 3725 1139 eorum
3758 1078 3933 1140 libris
3965 1079 4060 1140 le-

2478 1185 2732 1256 guntur,
2765 1186 2825 1239 et
2854 1178 2932 1239 ad
2962 1180 3359 1259 superiorum
3391 1179 3766 1258 scriptorum
3796 1179 4061 1241 classem

2475 1280 2816 1359 pertinent.
2839 1281 3058 1358 Neque
3094 1278 3397 1357 Sulpitius
3430 1280 3695 1339 Severus
3742 1279 3821 1339 de
3850 1282 4058 1341 Maca-

2475 1379 2583 1439 riis
2617 1396 2913 1458 expresse
2942 1378 3187 1457 uspiam
3211 1378 3510 1457 loquitur.
3555 1378 3741 1438 Libro
3772 1395 3944 1439 nono
3998 1387 4063 1441 et

2476 1479 2721 1541 decimo
2748 1482 2873 1541 VV.
2904 1482 3021 1540 PP.
3046 1480 3514 1540 Rosweidianae
3545 1478 3938 1541 collectionis
3971 1482 4066 1540 ni-

2475 1578 2562 1640 hil
2606 1582 2684 1641 de
2713 1580 2995 1642 Macariis
3026 1581 3403 1641 continetur.
3443 1582 3569 1641 Iam
3603 1598 3750 1642 vero
3777 1580 3948 1659 quod
3980 1582 4061 1641 ad

2474 1680 2703 1743 librum
2734 1683 2982 1743 tertium
3014 1689 3076 1743 et
3117 1684 3448 1761 septimum
3485 1684 3726 1755 attinet,
3782 1684 4065 1745 animad-

2476 1783 2843 1843 vertendum
2876 1789 2991 1854 est,
3024 1799 3246 1843 omnes
3288 1781 3485 1855 locos,
3530 1783 3639 1861 qui
3685 1784 3751 1842 in
3785 1784 4059 1862 septimo

2476 1882 2773 1962 leguntur
2818 1882 2897 1944 de
2968 1884 3263 1955 Macario,
3310 1884 3362 1942 si
3401 1884 3622 1943 eadem
3669 1885 3944 1945 narratio
3993 1884 4062 1944 in

2474 1984 2658 2044 tertio
2690 1999 2945 2061 quoque
2978 1982 3310 2061 reperitur,
3347 1999 3489 2042 cum
3530 1981 3717 2041 huius
3766 1982 3907 2042 libri
3953 2001 4058 2043 re-

2474 2083 2711 2144 latione
2767 2100 2965 2162 prope
3020 2085 3098 2144 ad
3150 2084 3408 2144 verbum
3465 2084 3846 2144 consentire.
3879 2085 4061 2147 Unde

2474 2182 2757 2254 efﬁcitur,
2784 2181 3148 2243 alterutrum
3187 2183 3601 2260 interpretum
3632 2182 3696 2243 in
3726 2182 3887 2243 libro
3910 2201 4065 2245 con-

2473 2284 2809 2346 scribendo
2839 2300 2968 2345 non
3000 2283 3201 2345 solum
3245 2283 3516 2345 eundem
3565 2301 3859 2363 graecum
3914 2292 4059 2346 tex-

2471 2392 2628 2458 tum,
2663 2385 2773 2446 sed
2815 2385 2999 2445 etiam
3029 2385 3283 2445 alterius
3305 2386 3659 2446 versionem
3714 2385 3791 2445 ad
3832 2402 4063 2447 manus

2473 2485 2789 2547 habuisse.
2816 2486 3044 2546 Verum
3073 2486 3238 2546 inter
3258 2484 3486 2546 librum
3511 2485 3761 2545 tertium
3786 2492 3846 2545 et
3876 2486 4065 2562 quin-

2472 2592 2604 2649 tum
2636 2604 2707 2648 ea
2723 2592 2963 2648 tantum
2996 2586 3337 2647 similitudo
3357 2585 3707 2658 intercedit,
3731 2586 3886 2645 utin
3920 2602 4065 2645 nar-

2472 2686 2819 2747 rationibus
2849 2686 2926 2747 de
2955 2686 3257 2758 Macariis,
3294 2703 3456 2765 quae
3514 2687 3579 2746 in
3631 2693 3903 2765 utroque
3965 2685 4060 2745 le-

2474 2794 2727 2865 guntur,
2789 2786 3271 2849 concinnatores
3328 2786 3553 2847 eodem
3605 2802 3832 2863 graeco
3883 2792 4058 2847 textu

2470 2901 2618 2944 usos
2643 2900 2779 2945 esse
2816 2884 3001 2944 statui
3026 2889 3336 2962 Oporteat.
3368 2884 3546 2956 Quod
3575 2884 3744 2945 idem
3769 2884 3847 2945 de
3888 2902 4061 2946 nexu

2472 2981 2634 3042 inter
2654 2988 2898 3044 sextum
2929 2989 2991 3043 et
3020 2983 3273 3043 tertium
3304 2983 3534 3043 librum
3564 2983 3749 3057 valet,
3774 2982 3894 3045 hoc
3918 2984 4060 3045 solo

2473 3083 2856 3157 discrimine,
2900 3083 3071 3162 quod
3110 3102 3235 3146 una
3265 3084 3342 3145 de
3373 3085 3655 3146 Macariis
3698 3088 4055 3148 narratiun-

785 3163 1174 3241 temporibus
1194 3162 1461 3241 scriptos
1491 3180 1629 3224 esse
1660 3170 1941 3242 apparet.
1972 3164 2238 3223 Tantum
2261 3180 2367 3223 ve-
2398 3186 2441 3242 ρ

2398 3186 2441 3242 C
2473 3179 2611 3240 cula
2634 3180 2699 3239 in
2732 3186 3002 3259 utroque
3025 3180 3248 3240 iisdem
3280 3180 3484 3242 verbis
3506 3182 3744 3243 reddita
3766 3190 3879 3243 est.
3905 3185 4060 3245 Sen-

787 3278 858 3323 ro
887 3263 1085 3336 abest,
1115 3269 1185 3322 ut
1205 3263 1281 3322 iis
1306 3263 1561 3341 propria
1590 3263 1984 3323 contineatur
2006 3269 2365 3339 temporum

785 3380 1135 3442 senumque
1169 3363 1531 3443 descriptio,
1564 3362 1814 3442 qualem
1877 3363 2018 3424 libri
2082 3362 2363 3436 Palladii,

785 3464 1014 3537 Ruﬁni,
1054 3464 1321 3525 aliorum
1344 3464 1670 3544 praebent,
1712 3472 1779 3524 ut
1816 3465 1968 3523 nihil
2016 3464 2134 3524 nisi
2168 3464 2363 3525 colle-

786 3564 907 3626 ctio
981 3563 1357 3625 relationum
1422 3570 1483 3624 et
1538 3564 1983 3625 sententiarum
2041 3564 2367 3625 videantur

786 3671 1223 3742 congestarum
1247 3683 1324 3725 ex
1350 3664 1534 3725 variis
1568 3666 1646 3726 de
1680 3683 1900 3726 senum
1938 3666 2057 3725 vita
2096 3674 2157 3725 et
2186 3666 2367 3727 disci-

788 3762 955 3842 plina
984 3765 1232 3843 scriptis
1265 3765 1391 3825 sive
1445 3764 1788 3844 deperditis
1832 3772 1935 3825 aut
1986 3766 2051 3826 in
2107 3765 2365 3844 pulvere

784 3862 989 3925 adhuc
1020 3863 1551 3938 delitescentibus,
1583 3866 1710 3927 sive
1733 3866 1854 3927 iam
1885 3867 2150 3928 excusis.
2174 3866 2362 3940 Nihil,

786 3982 895 4042 qni
948 3982 1057 4026 eos
1116 3965 1532 4038 concinnavit,
1583 3967 1720 4044 ipse
1793 3966 1963 4039 vidit,
2020 3966 2175 4027 nihil
2230 3968 2365 4047 ipse

784 4064 1088 4145 percepit,
1130 4065 1282 4125 nihil
1306 4066 1439 4145 ipse
1476 4074 1770 4145 expertus
1804 4074 1916 4127 est.
1949 4068 2261 4147 Incipiens
2287 4068 2365 4128 ab

786 4165 995 4243 aliqua
1028 4165 1482 4229 historiuncula
1514 4166 1772 4227 alteram
1808 4174 1867 4227 et
1901 4168 2145 4227 tertiam
2169 4168 2362 4241 addit,

786 4280 947 4344 quae
997 4264 1277 4342 singulae
1336 4266 1615 4343 singulos
1666 4283 1851 4327 senes
1908 4275 2223 4346 spectant,
2292 4285 2365 4329 ac

786 4364 1247 4442 saepenumero
1296 4364 1451 4444 ipsis
1472 4366 1675 4425 verbis
1708 4368 1983 4428 auctoris
2017 4368 2361 4443 cuiusdam,

787 4479 975 4541 quem
1009 4465 1317 4537 novimus,
1351 4465 1435 4525 ita
1458 4472 1524 4525 ut
1554 4466 2064 4544 compilationem
2086 4469 2364 4547 undique

2468 3281 2699 3342 tentiae
2735 3281 3009 3360 denique
3052 3288 3299 3360 patrum
3332 3284 3779 3361 Aegyptiorum
3824 3302 3857 3345 a
3890 3287 4054 3345 Ros-

2468 3380 2673 3440 weido
2720 3380 2785 3440 in
2817 3380 2940 3441 fine
2996 3380 3385 3442 collectionis
3424 3382 3627 3443 editae
3680 3384 4059 3461 paucissima

2467 3478 2789 3539 dumtaxat
2821 3481 2883 3539 in
2923 3487 3199 3540 nostram
3233 3497 3363 3540 rem
3399 3482 3918 3559 suppeditabunt.

2548 3580 2574 3651 ς)
2620 3575 2711 3636 11.
2776 3578 2896 3639 Sed
2921 3579 2998 3639 ad
3039 3577 3247 3638 fontes
3275 3597 3309 3638 a
3340 3579 3672 3641 Rosweido
3706 3581 3919 3642 editos
3952 3583 4058 3643 alii

2466 3678 2791 3739 accedunt.
2826 3680 2991 3739 Inter
3023 3695 3183 3757 quos
3234 3679 3437 3756 primo
3484 3680 3625 3741 loco
3674 3683 4058 3745 nominanda

2468 3777 2755 3839 videntur
2811 3777 2916 3838 illa
2972 3779 3510 3858 Apophthegmata
3550 3788 3825 3859 patrum,
3892 3803 4055 3863 quae

2467 3877 2634 3955 apud
2690 3877 3068 3939 Cotelerium
3128 3878 3294 3939 Eccl.
3330 3880 3547 3941 Graec.
3600 3882 3768 3941 Men.
3801 3883 3873 3943 T.
3918 3885 3942 3942 Ι
3988 3904 4053 3963 p.

2469 3976 2581 4036 338
2614 3996 2753 4056 sqq.
2788 3976 3124 4051 habentur,
3171 3978 3569 4057 alphabetico
3608 3982 3827 4041 ordine
3874 3983 4058 4060 dige—

2468 4087 2579 4141 sta.
2616 4078 2791 4152 Quod
2816 4078 3215 4157 opusculum,
3263 4079 3442 4140 cuius
3482 4081 3750 4158 primam
3785 4087 4056 4145 mentio-

2470 4197 2613 4240 nem
2668 4196 2832 4241 saec.
2880 4182 2989 4239 XII
3033 4179 3257 4239 factam
3315 4196 3451 4239 esse
3504 4180 3758 4241 invenio
3802 4181 3911 4262 (9),
3970 4186 4053 4247 ita

2469 4280 2886 4357 compositum
2909 4286 3022 4353 est,
3068 4286 3137 4339 ut
3188 4279 3579 4355 singulorum
3630 4289 3875 4359 patrum
3935 4302 4052 4345 no-

2468 4378 2740 4438 minibus
2761 4378 3175 4450 narrationes,
3213 4396 3374 4456 quae
3424 4378 3501 4439 de
3522 4379 3597 4440 iis
3637 4380 4050 4443 circumfere-

2466 4478 2715 4551 bantur,
2749 4479 3117 4540 subiunctae
3151 4479 3294 4538 sint.
3330 4479 3589 4541 Codices
3619 4498 3735 4558 ego
3768 4483 4050 4545 Viennae

784 4561 1179 4663 manifestam
1213 4563 1672 4643 deprehendas.
1699 4567 1903 4643 Magni
1933 4574 2166 4640 autem,
2190 4568 2366 4628 dum—
2396 4578 2440 4631 D
2471 4578 2629 4639 duos
2654 4579 2925 4658 inSpexi,
2976 4596 3174 4638 unum
3224 4580 3771 4647 membranaceum
3815 4591 3876 4643 et
3907 4604 4052 4663 per-

785 4660 978 4723 modo
1014 4679 1175 4741 quae
1212 4663 1631 4724 confuderunt
1668 4666 1895 4726 acriter
1930 4666 2355 4746 dispiciamus,

784 4762 1157 4823 aestimandi
1178 4769 1322 4823 sunt
1350 4762 1493 4823 libri
1536 4763 1649 4839 illi,
1688 4783 1885 4844 quum
1942 4768 2135 4830 multa
2182 4770 2362 4830 nobis

849 4930 927 5000 (1)
958 4930 1043 4985 Cf.
1078 4930 1329 4987 Cassiani
1367 4933 1529 5005 Opp.,
1573 4937 1756 4991 Alardi
1809 4938 2003 4995 Gazaei
2028 4957 2113 5011 ep.
2156 4942 2221 4996 ad
2259 4944 2365 4997 lec-

787 5024 962 5072 torem
994 5019 1169 5074 initio.
1202 5022 1401 5076 Oudin.
1436 5024 1805 5082 Commentar.
1835 5031 1903 5085 de
1943 5030 2166 5103 Scriplt.
2190 5035 2363 5088 eccleo

789 5107 943 5163 siast.
970 5107 1032 5162 Τ.
1061 5107 1078 5160 l
1115 5127 1163 5179 p.
1198 5112 1336 5166 1155
1364 5128 1485 5183 sqq.

858 5197 935 5267 (2)
969 5198 1107 5253 Coll.
1139 5199 1279 5254 XVII
1308 5217 1429 5272 cap.
1454 5204 1539 5269 51,
1564 5204 1700 5277 Opp.
1722 5205 1970 5265 Cassiani
2006 5213 2089 5267 ed.
2124 5212 2367 5269 Gazaeus

785 5304 841 5361 p.
875 5290 1000 5356 515,
1037 5291 1213 5363 Migne
1243 5310 1295 5363 p.
1323 5294 1480 5349 1087.

858 5380 936 5448 (5)
965 5379 1047 5434 CI.
1083 5380 1221 5436 infra
1257 5383 1430 5452 Caput
1472 5384 1533 5439 V.

857 5474 935 5541 (ὁ)
966 5473 1073 5527 νν.
1111 5476 1209 5529 PP.
1240 5476 1421 5531 Rosw.
1461 5498 1513 5551 p.
1555 5482 1658 5536 49?.
1687 5499 1807 5552 sqq.

859 5566 939 5639 (5)
969 5567 1103 5621 Ibid.
1140 5586 1190 5638 p.
1234 5571 1336 5623 56:!
1365 5588 1485 5643 sqq.

857 5662 933 5727 (ϐ)
966 5663 1102 5719 Ibid.
1140 5682 1192 5733 p.
1218 5668 1321 5719 6H
1350 5685 1469 5737 sqq.

854 5754 935 5825 (7)
966 5753 1102 5810 Ibid.
1134 5774 1189 5827 p.
1223 5758 1327 5812 665
1354 5777 1475 5829 sqq.

853 5846 935 5918 (8)
970 5847 1104 5903 Ibid.
1144 5847 1201 5906 d.
1232 5851 1369 5907 1002
1398 5869 1518 5924 sqq.

2465 4684 2774 4738 vetustum
2801 4676 2947 4757 (10),
2962 4678 3069 4748 36
3088 4680 3347 4740 alterum
3378 4680 4050 4763 chartaceum(11l.Qui

2468 4777 2723 4854 quidem
2763 4778 3013 4839 codices
3051 4780 3128 4839 ab
3186 4780 3527 4858 exemplari
3564 4783 3847 4845 Cotelerii
3881 4804 4046 4847 non-

2544 4955 2624 5024 (9)
2665 4953 2904 5008 Coteler.
2954 4956 3101 5009 Eccl.
3145 4954 3337 5013 Graec.
3374 4956 3519 5011 Mon.
3561 4958 3626 5012 Τ.
3660 4958 3674 5010 Ι
3708 4976 3760 5028 p.
3792 4960 3891 5013 l66
3919 4977 4045 5016 cum

2471 5056 2595 5100 nota
2630 5047 2879 5101 Cotelerii
2918 5063 2969 5116 p.
3000 5048 3124 5103 7L7.
3159 5048 3244 5102 Cf.
3283 5049 3422 5103 infra
3455 5050 3629 5120 Caput
3658 5050 3770 5104 VII.

2539 5138 2649 5207 (10)
2671 5137 2804 5191 Cod.
2827 5152 2928 5193 ms.
2965 5139 3093 5193 bist.
3119 5156 3297 5209 graec.
3335 5140 3473 5195 Bibl.
3499 5140 3655 5196 Caes.
3678 5140 3912 5196 Vindob.
3943 5142 4042 5198 Nr.

2467 5232 2557 5290 44.
2582 5231 2710 5285 olim
2741 5231 2802 5285 41
2856 5230 2949 5285 fol.
2976 5232 3441 5302 Apophthegmata
3489 5234 3581 5287 illa
3630 5242 3849 5289 exstant
3880 5249 3910 5287 a
3943 5234 4040 5289 fol.

2469 5326 2488 5377 l
2523 5338 2694 5392 usque
2730 5322 2797 5376 ad
2846 5322 2942 5375 fol.
2978 5324 3072 5377 HI
3100 5365 3113 5387 ,
3144 5325 3197 5377 ἓ.
3236 5323 3490 5378 Codicem
3544 5326 3915 5395 maximopere
3955 5327 4043 5381 di-

2466 5430 2651 5485 gnum,
2690 5414 2781 5482 qui
2816 5429 2938 5467 cum
2971 5415 3264 5484 exemplari
3300 5416 3551 5469 Cotelerii
3588 5415 3921 5482 conferatur,
3950 5421 4045 5475 de-

2470 5505 2690 5573 scripsit
2723 5505 3044 5559 Lambecius
3074 5506 3441 5559 Commentar.
3474 5504 3537 5559 Τ.
3580 5505 3688 5561 VIII
3727 5525 3778 5578 p.
3806 5509 3927 5563 838.

2544 5597 2589 5654 (l
2611 5598 2659 5655 li
2702 5596 2835 5649 Cod.
2867 5613 2968 5651 nis.
3001 5598 3128 5650 bist.
3159 5613 3339 5668 graec.
3375 5596 3468 5655 Nr.
3506 5600 3556 5662 9,
3594 5601 3722 5653 olim
3753 5601 3820 5654 42
3859 5603 3912 5655 in
3945 5602 4042 5657 fol.

2469 5691 2694 5740 maiore.
2736 5688 2790 5740 In
2822 5690 3089 5757 principio
3120 5700 3172 5744 et
3208 5693 3311 5745 line
3339 5692 3562 5745 mutilus
3590 5702 3693 5747 est.
3727 5694 4044 5763 Apoplithc-

2466 5786 2641 5843 gumta
2686 5778 2772 5829 illa
2832 5778 3100 5832 habentur
3146 5779 3238 5833 fol.
3280 5782 3470 5836 1-80,
3524 5782 3776 5839 Codicem
3814 5784 4045 5844 Lambe-

2458 5867 2580 5922 cius
2621 5860 2908 5938 descripsit
2946 5868 2976 5921 Ι.
3016 5868 3049 5920 l.
3082 5886 3113 5938 p
3170 5869 3272 5923 840
3306 5886 3425 5940 sqq.
