4266 6360
298 352 367 405 37
1816 356 2045 413 vma.
3487 368 3556 429 δε

296 469 487 533 nullis
508 468 666 533 locis
689 471 963 544 differre,
999 479 1188 555 atque
1218 475 1404 537 etiam
1438 474 1881 556 locupletiores
1912 485 1954 538 Λ
1983 476 2413 557 phthegmata,
2448 498 2608 560 quae
2639 482 2934 544 Pessinus
2966 498 3162 559 prior,
3196 489 3298 560 37
3331 483 3558 548 deinde

294 587 435 632 esse
454 571 844 645 videbantur,
870 572 956 635 ita
987 579 1055 634 ut
1080 575 1508 655 maximopere
1530 576 1702 655 digni
1723 576 1866 652 sint,

296 671 406 750 qui
465 690 608 732 cum
644 672 813 733 edito
870 678 1044 735 textu
1098 675 1389 737 Cotelerii
1443 677 1866 739 conferantur.

292 771 760 833 Observandum
797 779 1003 835 autem
1051 782 1167 848 est,
1204 777 1672 857 compilatorem
1703 780 1870 842 illius

293 872 585 950 opusculi
620 874 1167 954 ApOphthegmata
1194 877 1480 959 inscripti
1519 880 1585 941 in
1634 882 1871 961 praefa-

291 974 480 1033 tionis
513 975 635 1036 (ine
675 976 753 1038 de
786 977 1139 1056 appendice
1168 978 1436 1057 quadam
1469 997 1504 1042 a
1534 998 1601 1042 se
1631 982 1869 1045 adiecta

292 1073 487 1151 loqui,
520 1093 644 1154 qua
664 1100 690 1131 «
710 1094 931 1138 senum
963 1080 1167 1151 effata,
1184 1097 1449 1158 quorum
1466 1081 1717 1143 nomina
1741 1100 1869 1144 non

292 1176 721 1247 nominantur,
743 1200 769 1231 »
805 1177 1404 1258 collegerltl1).Eam
1424 1180 1613 1258 igitur
1636 1198 1870 1261 appen-

290 1271 519 1345 dicem,
551 1290 739 1352 quam
760 1274 1054 1353 nuspiam
1086 1275 1315 1336 editam
1346 1276 1651 1343 videmus,
1684 1276 1869 1337 char-

289 1378 468 1433 taceo
500 1371 607 1433 illo
648 1372 842 1435 altero
865 1372 1085 1435 codice
1117 1391 1151 1435 a
1181 1374 1289 1435 fol.
1316 1373 1413 1449 80,
1468 1374 1491 1434 1
1536 1392 1735 1454 usque
1790 1376 1868 1437 ad

289 1466 400 1529 fol.
464 1469 597 1543 163,
653 1469 677 1531 1
745 1470 1050 1533 contineri
1105 1472 1413 1540 existimo,
1464 1471 1702 1551 quippe
1739 1488 1867 1550 quo

289 1572 594 1632 continuo
631 1576 775 1650 post
811 1570 1359 1650 Apophthegmata
1404 1570 1688 1632 collectio
1721 1588 1866 1632 nar-

288 1673 604 1732 rationum
654 1673 732 1733 de
778 1674 1064 1752 patribus
1109 1673 1245 1734 sine
1314 1674 1723 1753 inscriptione
1776 1691 1869 1734 se-

287 1778 545 1849 quatur;
583 1772 692 1833 sed
713 1772 961 1833 initium
992 1774 1212 1834 deesse
1228 1773 1632 1835 videtur.Hae
1660 1780 1867 1834 autem

286 1871 674 1931 narrationes
717 1870 1116 1932 solummodo
1163 1889 1365 1949 usque
1404 1870 1482 1933 ad
1510 1871 1619 1932 fol.
1663 1871 1791 1944 145,
1827 1872 1861 1931 2
1896 1860 1934 1912 Β

286 1972 366 2032 de
404 1973 657 2034 senibus
685 1974 1017 2053 anonymis
1044 1980 1257 2050 agunt,
1278 1973 1448 2034 unde
1497 1972 1652 2034 aliae
1696 1989 1860 2034 non-

286 2072 496 2134 nullae
516 2073 593 2133 de
618 2073 896 2147 senibus,
920 2090 1188 2153 quorum
1201 2074 1456 2135 nomina
1469 2073 1673 2134 addita
1695 2080 1859 2145 sunt,

284 2181 659 2253 sequuntur,
683 2182 871 2253 atque
905 2174 1071 2235 inter
1120 2192 1225 2237 eas
1270 2181 1394 2236 tres
1430 2174 1506 2236 de
1553 2176 1859 2249 Macariis,

284 2293 443 2354 quas
474 2292 507 2335 e
548 2274 767 2337 codice
802 2274 1145 2354 descriptas
1182 2274 1347 2337 iusto
1388 2274 1530 2337 loco
1562 2275 1863 2355 adjunge-

288 2392 453 2434 mus.
480 2375 701 2452 Neque
729 2374 883 2435 illud
897 2373 998 2437 hic
1013 2376 1391 2449 omittamus,
1414 2376 1481 2436 in
1502 2376 1696 2437 altero
1711 2394 1867 2456 quo-

282 2472 1067 2552 que,membranace0illo
1112 2479 1172 2534 et
1217 2480 1595 2553 pervetusto,
1651 2474 1868 2538 codice

281 2579 429 2651 post
454 2569 1006 2650 ApOphthegmata
1024 2589 1058 2631 a
1076 2570 1184 2633 fol.
1214 2571 1345 2645 141,
1369 2571 1402 2631 2
1431 2589 1629 2652 usque
1659 2573 1736 2634 ad
1756 2571 1867 2633 fol.

287 2673 398 2736 158
450 2673 752 2752 quasdam
781 2674 1172 2735 narrationes
1215 2675 1516 2735 continuo
1556 2673 1735 2752 sequi
1770 2674 1868 2734 in-

280 2776 545 2854 scriptas
580 2795 594 2837 ἶ
629 2785 894 2854 Διήγησις
929 2785 994 2836 ὲκ
1029 2783 1123 2837 τοῦ
1154 2783 1267 2854 βίου
1307 2784 1401 2836 τοῦ
1445 2784 1613 2837 Ἀὄσᾶ
1655 2785 1870 2854 Δανιὴλ.

283 2888 397 2937 'Ilv
428 2903 508 2947 τις
533 2884 713 2954 γέρων
742 2886 799 2935 ὲν
836 2886 900 2954 τῇ
930 2884 1181 2954 Σκήτῃ...
1366 2876 1583 2953 Itaque
1618 2874 1873 2935 alteram

282 2976 592 3037 habemus
605 2975 1225 3055 Apophthegmatum
1247 2974 1693 3055 appendicem,
1711 2992 1872 3053 quae

284 3085 523 3149 tamen,
560 3091 753 3153 quum
795 3073 1054 3133 nomina
1091 3090 1337 3146 senum,
1368 3073 1445 3134 de
1484 3072 1712 3151 quibus
1738 3073 1873 3149 agi-

1979 580 2205 640 Pritius
2247 580 2440 641 edidit
2499 580 2605 659 (3),
2638 582 3093 652 adhibebimus,
3121 599 3236 642 nec
3280 600 3409 644 non
3458 602 3554 659 ea,

1979 701 2142 763 quae
2171 684 2399 763 passim
2439 685 2503 745 in
2529 684 2665 746 vitis
2695 685 3085 755 Sanctorum,
3128 701 3283 763 quas
3314 685 3559 748 Bollan-

1980 783 2177 846 distae
2205 785 2556 859 ediderunt,
2592 786 2897 848 habemus
2930 784 3037 864 (4).
3063 786 3256 847 Porro
3286 804 3447 864 quae
3478 787 3556 848 de

1980 881 2170 942 exilio
2215 900 2434 944 senum
2477 884 2867 964 temporibus
2905 885 3073 945 illius
3099 885 3557 963 persecutionis

1979 999 2013 1043 a
2045 983 2235 1044 Lucio
2277 984 2575 1045 excitatae
2615 1001 2647 1045 e
2687 983 2941 1055 Ruﬁno,
2990 986 3243 1044 Socrate
3272 990 3332 1045 et
3361 986 3556 1047 Sozo-

1980 1100 2170 1143 meno
2200 1090 2589 1163 repetuntur,
2632 1101 2760 1143 non
2809 1083 3188 1152 omittemus,
3231 1102 3302 1147 ac
3346 1085 3552 1147 locum

1979 1183 2254 1262 denique
2309 1200 2341 1243 e
2393 1182 2514 1243 vita
2547 1184 2608 1244 S.
2639 1180 2987 1243 Posthumii
3039 1183 3553 1254 cxaminabimus,

1980 1299 2105 1361 quo
2138 1283 2212 1343 lis
2243 1282 2321 1343 de
2351 1282 2617 1343 Macario
2647 1284 2707 1342 S.
2740 1282 2990 1343 Antonii
3022 1282 3355 1360 discipulo,
3403 1299 3558 1342 num

1978 1398 2138 1443 unus
2181 1398 2257 1441 ex
2302 1382 2530 1443 nostris
2566 1382 2845 1442 Macariis
2870 1380 3077 1454 fuerit,
3114 1399 3234 1443 nec
3278 1398 3383 1455 ne,
3417 1381 3552 1441 dis-

1978 1490 2269 1543 cernetur
2315 1481 2422 1560 (5).
2475 1484 2693 1561 Neque
2736 1498 2884 1542 vero
2915 1491 3196 1543 nostrum
3228 1498 3363 1544 esse
3401 1481 3554 1543 illud

1977 1583 2174 1643 visum
2205 1588 2319 1653 est,
2363 1598 2579 1644 eorum
2610 1598 2867 1660 quoque
2894 1582 3202 1643 Historiae
3242 1582 3549 1643 Ecclesia—

1978 1681 2166 1742 sticae
2220 1680 2621 1759 scriptorum,
2655 1681 2764 1758 qui
2791 1677 3069 1742 fontibus
3097 1679 3217 1740 illis
3246 1679 3554 1758 primariis

1976 1781 2350 1853 innituntur,
2383 1797 2458 1841 ex
2478 1780 2681 1858 iisque
2712 1798 2810 1841 res
2836 1787 2897 1841 et
2913 1781 3100 1841 verba
3129 1778 3495 1852 hauserunt,
3519 1797 3551 1837 ο

1966 1898 2238 1960 quorum
2258 1895 2522 1941 numero
2543 1880 2852 1952 Socrates,
2881 1880 3289 1951 Sozomenus,
3322 1877 3549 1939 deinde

1966 1981 2207 2053 Suidas,
2249 1981 2641 2061 Nicephorus
2678 1979 2955 2040 Callistus
2985 1984 3152 2044 sunt.
3185 1978 3360 2039 locos
3397 1976 3554 2038 rela-

1967 2079 2299 2159 tionesque
2331 2081 2397 2141 in
2428 2079 2703 2140 medium
2734 2078 3039 2157 proferre,
3063 2077 3301 2156 quippe
3323 2076 3551 2156 quibus

1967 2196 2189 2259 parum
2212 2180 2516 2258 proﬁcere
2534 2177 2870 2258 possimus.
2894 2179 3182 2238 Attamen
3211 2193 3320 2238 eos
3342 2175 3544 2237 brevi-

1967 2286 2061 2341 ter
2081 2286 2409 2340 recensere
2428 2296 2463 2339 a
2497 2294 2565 2339 re
2594 2278 2867 2339 alienum
2894 2293 3022 2337 non
3053 2292 3189 2337 esse
3206 2275 3435 2355 putavi.

2047 2380 2305 2440 Stratam
2342 2378 2529 2456 igitur
2563 2379 2723 2439 viam
2754 2376 3036 2439 alacriter
3067 2375 3191 2436 iam
3238 2391 3405 2437 nunc
3446 2390 3548 2436 1n-

1971 2480 2282 2552 sistamus,
2319 2478 2578 2555 singulis
2612 2478 2691 2539 de
2720 2477 3000 2538 Macariis
3042 2476 3106 2535 in
3144 2491 3341 2535 unum
3370 2490 3545 2535 com-

1972 2585 2285 2656 ponentes
2320 2584 2381 2637 et
2422 2576 2648 2637 claram
2682 2575 3106 2652 idoneamque
3151 2590 3371 2635 eorum
3410 2571 3545 2634 eiii—

1974 2680 2161 2758 giem,
2218 2686 2520 2757 quantum
2563 2694 2921 2756 possumus,
2972 2676 3406 2754 depingentes.
3464 2678 3548 2736 Ac

1975 2780 2242 2859 primum
2275 2777 2529 2858 quidem
2569 2776 2914 2838 Palladium
2948 2781 3170 2836 testem
3199 2773 3544 2835 audiamus.

2567 2876 2807 2935 CAPUT
2854 2876 2930 2934 II.

2053 2984 2394 3030 PALLADIUS
2437 2985 2520 3028 DE
2562 2984 2795 3028 SANCTO
2838 2982 3113 3026 MACARIO
3134 2980 3463 3025 AEGYPTIO.

2059 3073 2085 3144 §
2122 3068 2212 3128 l2.
2245 3068 2501 3130 Palladii
2535 3066 2804 3129 Historia
2845 3065 3158 3137 Lausiaca,
3191 3080 3351 3143 quae
3380 3063 3543 3126 codi-

285 3174 741 3252 tur,adscripta
764 3173 910 3246 sint,
935 3173 1155 3234 eadem
1175 3172 1874 3251 illa,cujusApophthe-
1901 3188 1941 3244 α
1978 3172 2151 3233 cibus
2174 3169 2766 3232 Vindobonensibus
2787 3168 3165 3239 continetur,
3196 3166 3273 3226 de
3298 3166 3546 3229 duobus

284 3283 560 3355 ginaturn
606 3272 909 3354 praefatio
955 3280 1279 3346 memorat,
1322 3290 1457 3334 esse
1493 3273 1730 3351 nequit.
1777 3273 1861 3332 De

282 3374 563 3436 Macariis
594 3373 737 3434 huic
772 3371 949 3433 alteri
985 3371 1449 3433 membranacei
1478 3370 1711 3432 codicis
1747 3389 1860 3451 ap-

284 3470 539 3553 pendici
568 3469 721 3529 nihil
760 3470 948 3530 inest.

367 3573 492 3630 Iam
546 3575 799 3648 praeter
842 3567 948 3629 illa
998 3567 1542 3647 Apophthegmata
1588 3574 1650 3629 et
1704 3586 1863 3646 quae

283 3688 432 3734 cum
452 3670 529 3729 iis
556 3669 921 3741 cohaerent,
945 3667 1064 3729 alia
1091 3684 1347 3746 quoque
1372 3667 1675 3729 nonnulla
1706 3673 1869 3747 Apo-

358 3910 435 3976 (l)
473 3908 711 3963 Coteler.
740 3908 887 3963 Eccl.
914 3907 1106 3963 Graec.
1138 3903 1280 3959 Men.
1303 3904 1365 3958 Τ.
1394 3908 1406 3958 l
1438 3907 1611 3974 p.539
1640 3921 1651 3959 :
1684 3907 1863 3959 Ἐπει·

282 4002 349 4071 δὴ
379 4001 437 4053 δέ
472 4005 576 4054 εἰσι
614 4000 705 4053 καὶ
724 4000 901 4070 ἕτεροι
930 3999 1076 4065 λόγοι
1103 3999 1371 4068 γερόντιον
1399 3998 1567 4064 ἁγίων
1607 3999 1697 4048 καὶ
1724 3998 1860 4067 1:901—

284 4097 406 4167 Eaig
437 4095 510 4163 μὴ
552 4092 905 4163 ἐμφαίνοντες
950 4091 1017 4144 τὰ
1062 4091 1299 4160 ὀνόματα
1330 4090 1438 4141 τῶν
1468 4107 1527 4141 τε
1557 4091 1853 4159 εἰρηκότων

286 4175 487 4248 αὖτοὺς
523 4186 616 4237 καὶ
667 4183 990 4255 πραξάντων
1013 4223 1026 4245 ,
1055 4182 1275 4242 τούτους
1313 4182 1447 4250 μετὰ
1477 4182 1572 4249 τὴν
1611 4181 1860 4249 συμπλή-

289 4276 616 4348 ρωσιντῶν
661 4275 799 4327 κατὰ
841 4274 1097 4341 στοιχεῖον
1124 4274 1179 4322 ὲν
1206 4269 1516 4337 κεφαλαίοις
1552 4269 1861 4338 ἐξεϐἐμεῧα.

365 4368 445 4436 (2)
487 4360 708 4419 Brevem
737 4366 837 4418 hoc
873 4366 993 4417 loco
1022 4363 1265 4416 notitiam
1301 4375 1504 4423 rerum,
1529 4376 1665 4426 quae
1698 4362 1747 4412 in
1790 4361 1864 4411 al-

285 4469 407 4513 tera
438 4458 539 4510 hac
565 4497 579 4519 ,
615 4456 1014 4509 membranacci
1069 4452 1295 4513 codicis,
1348 4451 1642 4520 appendice
1691 4451 1864 4502 conti-

1970 3272 2247 3333 Macariis
2290 3271 2517 3350 incipit
2564 3270 2685 3330 hoc
2730 3269 2919 3330 modo
2953 3286 2967 3327 :
3004 3290 3032 3324 α
3071 3269 3438 3331 Sanctorum
3484 3278 3547 3331 et

1970 3372 2417 3433 immortalium
2446 3378 2717 3451 patrum,
2749 3368 2999 3430 Macarii
3026 3370 3310 3447 Aegyptii
3337 3375 3399 3430 et
3426 3370 3547 3431 Ma-

1970 3469 2652 3541 carii38Alexandrini,
2679 3466 3072 3544 egregiorum
3090 3475 3150 3527 et
3168 3466 3543 3529 invictarum

1968 3565 2366 3639 athletarum,
2416 3565 2717 3626 honestae
2764 3563 2923 3623 vitae
2975 3564 3334 3636 certamina,
3382 3582 3544 3643 quae

1974 3673 2120 3728 sunt
2143 3666 2334 3727 multa
2362 3672 2423 3727 et
2459 3682 2707 3743 magna,
2735 3680 2959 3725 vereor
2995 3662 3205 3725 dicere
3227 3671 3287 3724 et
3317 3664 3545 3727 descri-

1970 3908 2181 3977 Spicere
2213 3908 2463 3961 videntur
2510 3908 2574 3961 ad
2616 3910 2882 3963 vocabula
2926 3908 2994 3963 ab
3044 3908 3233 3965 eadem
3278 3924 3439 3963 manu
3487 3911 3540 3963 in

1970 4000 2103 4053 folio
2126 3999 2413 4052 chartaceo
2456 4000 2620 4053 fronti
2656 4001 2863 4054 codicis
2907 4001 3247 4069 adglutinato
3289 4002 3493 4069 scripta
3527 4019 3536 4047 .-

1964 4093 2181 4156 βίϐλος
2230 4092 2592 4158 περιέχουσα
2660 4092 3096 4159 Ἀποφθέγματα
3148 4092 3245 4144 καὶ
3296 4092 3540 4158 πράξεις

1971 4186 2153 4253 ἁγίων
2201 4188 2468 4249 πατέριον
2519 4185 3021 4251 συναθροισθεῖσα
3076 4185 3193 4236 ὑπὸ
3246 4184 3540 4253 διαφόρως·

1968 4276 2149 4343 ἁγίων
2172 4275 2266 4326 καὶ
2295 4273 2501 4339 σοφῶν
2542 4273 2802 4341 ἀνδρῶν.
2842 4274 3310 4342 Apophthegmata
3335 4286 3537 4332 autem,

1967 4379 2108 4434 quae
2131 4365 2339 4417 codicis
2368 4364 2460 4417 fol.
2500 4365 2823 4425 1,·1-141,
2850 4364 2884 4417 2
2933 4365 2948 4416 l
2983 4374 3217 4433 guntur,
3246 4364 3347 4419 hoc
3381 4365 3539 4416 titulo

1970 4459 2195 4524 antiqua
2244 4472 2404 4507 manu
2452 4457 2934 4524 scripto;,Bt'6’.10¢
2967 4456 3327 4523 περιέχουσα
3376 4454 3539 4508 Ἀπο-

285 4556 528 4610 nentur,
574 4561 700 4599 cum
738 4546 938 4598 lectore
988 4543 1393 4597 communicare
1428 4543 1593 4595 lubet.
1634 4540 1729 4592 Ubi
1767 4541 1857 4592 l'ol.
1897 4556 1937 4608 ι)

1847 4579 1857 4592 -
1897 4556 1937 4608 D
1970 4548 2274 4616 φθέγματα
2309 4546 2406 4598 καὶ
2443 4547 2690 4613 πράξεις
2739 4547 2920 4613 ἁγίων
2967 4549 3236 4613 πατέρων
3280 4546 3532 4615 insignita

285 4641 411 4700 HI,
455 4638 489 4690 2
513 4668 582 4674 αα
612 4637 702 4687 101.
738 4636 839 4689 158
863 4636 1206 4688 narrationes
1238 4640 1440 4700 septem
1492 4633 1742 4701 leguntur
1786 4633 1857 4683 ita

285 4732 586 4799 inscriptae
624 4747 637 4781 :
683 4727 724 4780 Ι.
770 4726 1054 4793 Διήγησις
1100 4727 1168 4777 ἐκ
1207 4724 1312 4777 τοῦ
1353 4724 1496 4785 βίου
1552 4721 1657 4774 τοῦ
1712 4720 1860 4774 (166³ίὶ

284 4823 535 4886 Δανιὴλ.
560 4818 669 4873 Ἦν
699 4837 783 4881 τις
826 4818 1002 4887 γέρων
1047 4820 1103 4869 ἐν
1145 4819 1210 4886 τῇ
1248 4816 1431 4884 Σκήτῃ
1481 4814 1706 4883 ὀνόματι
1759 4814 1862 4863 Aa-

282 4916 405 4985 νιὴλ
437 4915 528 4965 καὶ
560 4909 668 4982 εἶχε
702 4910 965 4981 μαθητήν.
1000 4907 1316 4977 συνῴκησαν
1341 4908 1397 4959 δὲ
1423 4905 1498 4974 τῷ
1538 4904 1751 4974 μαθητῇ
1773 4905 1861 4956 αὐ-

282 5008 379 5060 τοῦ
415 5024 469 5058 κ.
507 5022 556 5057 τ.
594 5004 641 5056 λ.
668 5003 730 5056 ll.
757 5001 897 5068 Περὶ
943 5001 1048 5054 τοῦ
1095 4999 1361 5067 ἀδελφοῦ
1410 4998 1525 5053 ἀπὸ
1564 4996 1855 5065 ὀμμάτων.

286 5094 535 5162 111.Περὶ
564 5093 674 5161 τῆς
705 5092 878 5160 ἁγίας
913 5092 1009 5143 καὶ
1044 5090 1355 5157 σώφρονος
1384 5084 1689 5154 κόρης-Δγ.
1716 5086 1857 5153 Περὶ

284 5188 400 5255 τῆς
447 5184 786 5251 πατρικείας
835 5180 1388 5250 μετονομασθείσης
1435 5174 1743 5243 εὐνοῦχος.
1790 5171 1855 5226 ν.

283 5279 427 5346 Περὶ
478 5271 929 5343 ἀργιψοπράτου
990 5270 1090 5323 καὶ
1147 5268 1253 5337 τῆς
1312 5265 1597 5337 γυναικὸς
1650 5263 1854 5317 αὑτοῦ.

280 5370 394 5425 Ἦν
418 5387 500 5432 τις
530 5365 954 5439 ἀργυροπράτης
976 5365 1033 5415 ὲν
1064 5360 1357 5430 Ἀντιοχείᾳ
1386 5361 1450 5428 τῇ
1488 5356 1695 5428 μεγάλῃ
1722 5355 1853 5409 νεώ-

277 5479 443 5532 τερος
476 5460 701 5529 ὀνόματι
750 5455 1083 5527 Ἀνδρονίκος
1134 5470 1187 5505 κ.
1242 5469 1292 5504 τ.
1330 5451 1379 5504 λ.
1436 5449 1519 5503 νι.
1568 5449 1705 5516 Περὶ
1750 5446 1857 5514 τῆς

281 5550 814 5621 προσποιουμένης
840 5548 1103 5615 μεθύειν.
1128 5543 1235 5597 VII.
1260 5543 1397 5609 Περὶ
1425 5541 1531 5595 τοῦ
1563 5542 1853 5608 Λατόμου.

286 5646 388 5701 His
441 5634 916 5714 igitur'capitibus
952 5638 1121 5692 codex
1172 5636 1516 5691 terminatur.
1570 5634 1859 5687 Recentior

285 5751 488 5794 manus
534 5737 588 5789 in
619 5733 726 5787 ﬁne
751 5730 1043 5799 adscripsit
1084 5747 1097 5783 :
1134 5728 1307 5792 τέλος
1339 5725 1455 5779 τῶν
1484 5724 1858 5794 ἀποφθεγμά-

279 5846 400 5880 rw
444 5827 543 5883 καὶ
574 5825 845 5893 πράξεων
871 5823 989 5875 τῶν
1023 5821 1204 5889 ἁγίων
1249 5819 1515 5887 πατέρων
1538 5858 1551 5884 ,
1586 5833 1725 5888 quae
1776 5833 1857 5871 re-

1964 4648 2110 4692 sunt.

2008 4726 2089 4799 (5)
2128 4730 2441 4787 Thesaurus
2482 4732 2763 4785 Asceticus
2816 4732 2927 4785 sive
2962 4740 3246 4799 syntagma
3294 4742 3501 4797 cpuscu

1964 4820 2135 4873 lorum
2198 4822 2493 4875 octodecim
2546 4834 2574 4871 a
2626 4822 2837 4889 graccis
2891 4821 3018 4874 olim
3062 4821 3309 4889 patribus
3358 4820 3426 4874 de
3474 4835 3534 4872 re

1963 4910 2196 4963 ascetica
2239 4911 2589 4979 scriptorum.
2626 4908 2699 4962 Ea
2751 4924 2897 4962 nunc
2932 4911 3165 4977 primum
3193 4908 3463 4977 prodeunt
3502 4923 3533 4960 e

1960 4999 2345 5053 vetustissimis
2369 5014 2501 5053 mss.
2529 4998 2811 5052 codicibus
2836 5008 3015 5061 eruta,
3044 4998 3335 5053 collectore
3366 5007 3531 5067 atque

1960 5089 2255 5159 interprete
2286 5089 2449 5144 Petro
2482 5090 2712 5145 Possino
2745 5089 2869 5144 Soc.
2907 5089 3057 5145 Jesu.
3107 5088 3333 5145 Parisiis
3368 5089 3531 5147 1684,

1958 5181 2011 5233 4.
2043 5181 2509 5251 Apoplitliegmata
2551 5188 2768 5236 exstant
2816 5198 2871 5252 p.
2917 5183 3024 5235 245
3056 5197 3176 5251 sqq.
3213 5181 3398 5235 Sancti
3426 5179 3530 5233 Pa-

1960 5271 2060 5324 tris
2112 5270 2333 5324 Macarii
2386 5270 2629 5340 Aegyptii
2675 5271 2938 5340 opuscula
2988 5271 3251 5324 nonnulla
3298 5276 3353 5323 et
3400 5283 3530 5337 apo-

1960 5362 2305 5432 phtliegmata
2344 5363 2430 5416 ed.
2458 5361 2541 5415 Jo.
2574 5361 2841 5434 Georgius
2874 5362 3079 5416 Pritius
3120 5362 3337 5431 Lipsiae
3363 5361 3525 5415 1699.

1958 5451 2427 5521 Apophthegmata
2482 5460 2701 5504 exstant
2752 5468 2804 5520 p.
2835 5451 2935 5504 22M
2985 5468 3105 5520 sqq.
3146 5450 3333 5519 anue
3380 5454 3525 5520 typis

1960 5540 2311 5609 repetivimus
2342 5539 2481 5593 infra
2508 5541 2561 5593 in
2589 5541 2779 5593 harum
2799 5544 3181 5609 quaestionum
3215 5539 3528 5610 Appendix

1960 5633 2127 5686 altera
2162 5634 2265 5685 sul)
2295 5632 2357 5683 ll.

2033 5725 2087 5789 4)
2128 5723 2211 5776 Cl'.
2252 5722 2388 5774 infra
2429 5722 2603 5790 Caput
2640 5719 2748 5773 VII.

2030 5814 2083 5883 5)
2123 5813 2205 5865 Cf.
2240 5814 2376 5866 inl'ra
2408 5814 2582 5879 Caput
2615 5812 2747 5865 \‘lll.
