4266 6360
770 385 840 441 39
1578 372 1678 425 SS.
1721 368 2177 425 MACARIORUM
2214 362 2536 420 AEGYPTII
2580 363 2664 417 ΕΤ
2702 363 3173 417 ALEXANDRINI
3945 359 4019 412 ιο

770 507 941 575 bere,
976 516 1053 560 ne
1082 499 1182 569 iis,
1216 497 1321 575 qui
1353 494 1495 557 talia
1537 493 1745 553 minus
1788 498 2027 563 curant,
2076 486 2345 548 mendax
2374 488 2416 541 A
2447 484 2530 543 ibi
2575 483 2877 555 habitant,
2928 500 3320 562 unoquoque
3362 494 3612 559 semper
3657 479 4015 559 proximum

768 622 903 668 esse
932 604 1142 665 videar
1165 607 1424 681 propter
1452 600 1816 659 immensam
1847 593 2338 671 magnitudinem

768 702 1283 767 exercitationum
1343 699 1505 758 vires
1563 703 1820 757 naturae
1878 691 2336 753 excedentium.

768 806 889 867 Sed
938 812 999 865 et
1044 820 1260 864 eorum
1297 800 1512 877 gratia,
1558 799 1665 878 qui
1719 797 2044 857 virtutibus
2089 794 2339 873 spiritus

770 905 967 968 ornati
998 903 1159 965 dona
1192 902 1398 961 divina
1433 899 1674 977 experti
1704 904 1847 958 sunt
1886 896 2089 974 dignis
2130 894 2337 955 distri-

768 1009 936 1079 buta,
990 1006 1241 1065 virtutes
1283 1002 1588 1063 enarrabo
1636 1008 1991 1070 sanctorum
2037 996 2338 1057 Macario-

770 1126 931 1181 rum,
969 1107 1079 1186 qui
1113 1106 1365 1166 nomina
1399 1118 1655 1181 quoque
1701 1100 1929 1161 sanctis
1978 1099 2104 1159 suis
2139 1104 2339 1158 certa-

768 1208 1039 1270 minibus
1092 1222 1378 1267 asceseos
1429 1203 1613 1279 digna
1671 1200 2157 1280 possidebant.»
2213 1200 2341 1269 Qua

770 1308 1071 1387 singulari
1119 1314 1303 1385 atque
1364 1302 1609 1381 insolita
1670 1299 2137 1361 introductione
2191 1315 2343 1358 usus

772 1410 1077 1471 Palladius
1104 1405 1404 1468 Macarios
1435 1420 1585 1463 sane
1626 1417 1774 1479 prae
1812 1399 2034 1460 ceteris
2065 1396 2341 1466 senibus,

778 1528 1042 1591 quorum
1070 1526 1171 1570 res
1202 1513 1404 1584 gestas
1437 1503 1727 1573 narravit,
1758 1514 2139 1577 magnOpere
2172 1512 2347 1574 prae-

777 1614 959 1673 dicat.
987 1615 1069 1671 Ac
1094 1607 1296 1687 pergit
1322 1606 1403 1665 ita
1428 1619 1675 1663 narrare
1701 1620 1712 1661 ε
1741 1624 1767 1654 α
1794 1600 2068 1661 Primum
2091 1595 2345 1675 quidem

778 1710 1023 1772 Macarii
1052 1706 1357 1784 Aegyptii,
1391 1704 1500 1782 qui
1529 1702 1677 1761 vixit
1702 1701 1978 1776 integros
2008 1696 2347 1772 nonaginta

2444 585 2626 646 variis
2657 586 2813 646 vitae
2841 585 3138 645 institutis
3166 584 3418 644 vincere
3446 580 3891 644 cantendcnte.
3915 582 4021 638 At-

2444 702 2568 766 que
2609 685 2685 746 ad
2720 686 2901 746 aliam
2933 684 3119 763 hujus
3144 684 3258 743 viri
3303 681 3810 744 exercitationem
3845 677 4019 758 quod

2444 794 2705 868 spectat,
2730 787 2865 865 ipse
2890 784 3213 846 dicebatur
3233 778 3490 844 adsidue
3516 782 3580 841 in
3614 780 3833 841 ecstasi
3854 796 4016 850 esse,

2444 897 2506 951 et
2527 891 2748 969 majori
2777 898 3061 967 tempore
3091 887 3220 947 Deo
3258 884 3452 961 magis
3473 900 3660 961 quam
3691 880 3877 941 rebus
3902 888 4022 940 ter-

2444 990 2611 1049 renis
2644 988 2961 1065 occupari.
3006 988 3133 1047 Nec
3173 1001 3371 1064 pauca
3400 983 3685 1044 feruntur
3722 978 4020 1040 miracula

2444 1092 2522 1152 ab
2553 1108 2629 1151 eo
2659 1097 2929 1170 peracta.

2527 1234 2553 1264 «
2578 1209 2973 1270 Libidinosus
3003 1206 3257 1286 quidam
3288 1204 3501 1272 homo,
3538 1200 3882 1279 Aegyptius
3910 1216 4019 1276 ge-

2446 1327 2620 1381 nere,
2674 1315 2893 1387 captus
2941 1313 3073 1367 erat
3126 1320 3341 1365 amore
3389 1302 3711 1364 cuiusdam
3755 1299 4022 1380 pudicae

2445 1409 2745 1481 mulieris,
2780 1424 2940 1486 quae
2964 1406 3095 1465 viro
3128 1409 3447 1482 nupserat.
3480 1402 3679 1473 Quum
3710 1398 4025 1459 desiderio

2446 1511 2864 1580 frustraretur,
2905 1504 3195 1568 convenit
3239 1520 3513 1579 magum,
3556 1500 3655 1561 cui
3695 1519 3705 1559 :
3746 1501 3883 1569 Fac,
3923 1500 4021 1563 in-

2449 1612 2604 1690 quit,
2636 1618 2765 1670 arte
2798 1618 2924 1675 tua.
2960 1614 3063 1667 aut
3093 1612 3163 1665 ut
3192 1610 3357 1665 amet
3387 1619 3512 1673 me,
3542 1608 3647 1662 aut
3674 1609 3737 1659 ut
3768 1601 4027 1659 maritus

2451 1730 2586 1773 eam
2636 1712 2803 1772 foras
2852 1710 3076 1770 eiiciat.
3118 1710 3352 1783 Magus.
3406 1721 3566 1783 quae
3622 1708 3864 1781 poterat
3913 1718 4025 1760 ex-

771 1829 992 1881 annos,
1043 1810 1297 1869 virtutes
1345 1803 1683 1883 pPOfel‘am.
1732 1803 1791 1860 IS
1838 1801 1903 1859 in
1944 1796 2344 1859 SOlitUdinem
2379 1825 2419 1877 Β
2450 1819 2686 1892 pertus,
2730 1810 3028 1888 quoniam
3060 1815 3299 1868 castum
3338 1806 3469 1884 ejus
3510 1802 3785 1864 animuln
3817 1800 4026 1861 diluo-

771 1912 1020 1989 triginta
1067 1924 1266 1968 annos
1314 1911 1492 1965 natus
1529 1900 1829 1973 ascendit,
1879 1901 1944 1959 in
1987 1915 2109 1977 qua
2144 1912 2345 1957 annos

771 2011 1088 2087 sexaginta
1110 2005 1368 2086 peregit.
1404 2006 1597 2063 Tanta
1618 2001 1864 2061 labores
1885 1995 2346 2060 exercitationis

770 2112 909 2172 tulit
936 2106 1301 2177 constantia,
1332 2111 1402 2165 ut
1441 2110 1585 2182 post
1625 2101 1843 2161 decem
1886 2115 2085 2159 annos
2114 2095 2345 2172 insigni

771 2212 1037 2292 quadam
1092 2205 1490 2267 distinctione
1559 2202 1785 2280 dignus
1846 2201 2092 2262 habitus
2152 2197 2348 2249 παιδα-

774 2312 1034 2382 ριογὲρων
1065 2312 1413 2376 vocaretur,
1458 2302 1603 2381 quia
1633 2302 1835 2373 citius,
1869 2318 2055 2379 quam
2088 2318 2203 2379 pro
2237 2318 2346 2361 ae-

771 2412 915 2476 tate,
949 2406 1270 2465 virtutibus
1322 2402 1691 2481 profecerat.
1734 2401 2145 2477 Quadraginta
2180 2402 2348 2463 enim

770 2520 969 2565 annos
989 2514 1169 2566 natus
1200 2509 1569 2583 potestatem
1594 2501 1950 2580 expellendi
1982 2502 2345 2575 daemones,

774 2605 1029 2678 gratiam
1080 2604 1439 2675 curationis,
1504 2602 1922 2680 spiritumque
1976 2600 2350 2680 prephetiae

775 2704 1040 2781 accepit,
1076 2711 1137 2763 et
1167 2701 1520 2763 honorabili
1566 2718 1824 2780 quoque
1858 2702 2209 2763 sacerdotio
2251 2702 2346 2762 di-

775 2822 934 2880 gnus
970 2804 1355 2864 existimatus
1398 2807 1510 2863 est.
1564 2802 1715 2861 Cum
1755 2801 1895 2880 ipso
1928 2801 2054 2862 duo
2104 2800 2348 2862 habita-

775 2905 923 2964 bant
961 2902 1251 2981 discipuli
1292 2903 1355 2961 in
1388 2902 1603 2961 intima
1635 2900 1991 2973 solitudine,
2038 2917 2200 2979 quae
2238 2917 2349 2961 vo-

775 3012 949 3065 ratur
970 3006 1168 3064 Scete.
1195 3004 1469 3074 Quorum
1499 3019 1664 3061 unus
1686 3017 1936 3079 semper
1955 3017 2155 3079 prepe
2173 2999 2351 3060 illum

777 3114 905 3165 erat
934 3122 1148 3164 eorum
1182 3119 1389 3173 causa,
1424 3101 1528 3179 qui
1566 3100 1922 3174 veniebant,
1952 3108 2021 3161 ut
2050 3118 2348 3161 curaren—

775 3221 913 3278 tur;
952 3206 1107 3265 alter
1148 3220 1431 3263 seorsum
1475 3201 1731 3261 sedebat
1778 3200 1841 3260 in
1882 3201 2136 3279 propria
2167 3200 2342 3261 cella.

775 3301 1158 3362 Procedente
1186 3306 1389 3360 autem
1419 3306 1706 3377 tempore
1729 3300 1819 3358 vir
1840 3307 2089 3357 sanctus
2113 3300 2350 3376 perspi-

778 3401 905 3460 caci
940 3398 1122 3460 oculo
1164 3398 1556 3477 praevidens,
1609 3398 1689 3470 ei,
1733 3400 1841 3474 qui
1886 3398 2001 3457 sibi
2034 3398 2345 3457 ministra-

778 3500 903 3569 bat,
959 3498 1214 3558 Joannis
1272 3497 1550 3566 nomine,
1600 3498 1703 3574 qui
1757 3504 1972 3573 postea
2024 3498 2350 3574 presbyter

778 3600 975 3656 factus
1006 3605 1097 3656 cst
1134 3596 1196 3656 in
1225 3597 1422 3675 ipsius
1453 3597 1650 3657 vicem
1686 3617 1697 3655 :
1741 3596 1918 3667 Audi,
1952 3597 2174 3674 inquit,
2222 3596 2347 3657 fra-

778 3702 891 3768 ter,
936 3714 1137 3756 meam
1168 3695 1683 3766 admonitionem,
1729 3697 2024 3774 quoniam
2064 3704 2122 3756 te
2155 3706 2351 3759 tentat

779 3797 1029 3874 spiritus
1057 3797 1365 3856 avaritiae.
1402 3797 1489 3855 Ita
1522 3796 1688 3856 enim
1719 3796 2011 3873 equidem
2044 3797 2190 3867 vidi,
2232 3814 2347 3857 ne-

780 3912 901 3971 que
934 3895 1179 3971 ignoro,
1208 3896 1257 3954 si
1296 3911 1497 3954 meam
1530 3911 1733 3972 aequo
1764 3896 1974 3955 animo
2004 3895 2219 3956 tuleris
2249 3916 2353 3957 ex-

779 3995 1217 4066 hortationem,
1267 3996 1327 4053 in
1365 4012 1556 4072 opere
1591 3994 1698 4054 Dei
1728 3993 1849 4055 hoc
1878 3995 2018 4056 loco
2050 4012 2348 4056 consum-

779 4098 1089 4152 maturum
1116 4100 1175 4152 te
1206 4110 1342 4153 esse
1369 4092 1837 4171 gloriosumque
1867 4092 2002 4154 fore
2032 4101 2095 4154 et
2129 4094 2347 4171 ﬂagel-

781 4192 905 4252 lum
938 4210 1065 4253 non
1099 4194 1747 4271 appropinquaturum
1782 4194 2185 4255 tabernaculo
2214 4202 2345 4256 tuo.

783 4296 849 4349 At
878 4290 928 4350 si
962 4308 1060 4350 me
1091 4307 1217 4350 non
1257 4291 1547 4361 audieris,
1571 4292 1737 4349 Giezi
1767 4292 1830 4350 in
1868 4298 1926 4351 te
1958 4292 2099 4352 finis
2120 4293 2345 4365 veniet,

778 4392 953 4467 cujus
968 4397 1027 4449 et
1043 4389 1712 4451 morbolaboras.Haec
1734 4391 1894 4451 dicta
1912 4400 2054 4451 sunt
2071 4393 2347 4471 quinque

2446 1928 2591 1971 vere
2618 1927 2745 1970 non
2776 1915 3008 1988 posset,
3043 1907 3275 1979 effecit,
3307 1912 3376 1964 ut
3397 1921 3559 1983 equa
3585 1903 3902 1963 videretur
3922 1903 4026 1974 iis,

2448 2005 2554 2090 qui
2588 2028 2722 2073 eam
2770 2009 3197 2071 intuebantur.
3256 2004 3508 2067 Maritus
3550 2020 3699 2081 ergo
3740 2003 3872 2081 ejus
3920 2003 4029 2063 ubi

2445 2110 2613 2173 foras
2642 2112 2829 2184 venit,
2872 2109 2938 2169 in
2976 2107 3180 2169 forma
3209 2122 3410 2185 equae
3451 2121 3589 2166 eam
3626 2103 4031 2181 conspicatus

2448 2211 2751 2288 ingemuit
2782 2227 2851 2269 ac
2877 2207 3045 2269 ﬂevit
3072 2205 3151 2266 de
3179 2206 3281 2279 iis,
3318 2221 3481 2284 quae
3500 2203 3876 2265 acciderant.
3914 2203 4033 2263 \‘o—

2449 2312 2599 2374 catis
2621 2309 2849 2371 deinde
2878 2308 2997 2369 vici
3025 2306 3409 2386 presbyteris
3431 2322 3568 2365 eam
3598 2303 3894 2374 ostendit,
3919 2300 4028 2362 scd

2450 2429 2528 2473 ne
2559 2410 2624 2471 hi
2654 2409 2906 2489 quidem
2938 2424 3070 2467 rem
3107 2406 3574 2466 intellexerunt.
3610 2406 3809 2477 Quum
3841 2403 4034 2479 igitur

2448 2510 2556 2571 illa
2604 2508 2801 2569 tribus
2843 2507 3064 2567 diebus
3108 2503 3261 2568 nihil
3319 2505 3583 2567 omnino
3628 2502 4029 2573 comedisset,

2452 2614 2839 2686 postremum
2873 2605 3054 2678 Deus,
3103 2610 3387 2665 sanctum
3434 2619 3612 2663 suum
3646 2601 4030 2679 gloriﬁcatu-

2450 2725 2576 2780 rus,
2614 2707 3057 2782 cogitationem
3094 2704 3315 2765 marito
3341 2703 3554 2764 iniecit
3583 2701 3857 2763 adeundi
3888 2718 4033 2761 cum

2453 2824 2527 2868 ea
2559 2814 2841 2868 sanctum
2875 2806 3075 2865 virum
3108 2805 3173 2865 in
3204 2803 3581 2879 solitudine;
3614 2820 3808 2883 quare
3838 2803 3891 2862 is
3922 2820 4034 2863 ca-

2454 2908 2649 2986 pistro
2700 2906 2951 2983 ligatam
2997 2914 3067 2967 ut
3115 2924 3342 2985 equam
3388 2905 3585 2976 duxit,
3623 2904 3735 2964 ubi
3786 2903 3878 2962 vir
3923 2902 4038 2964 Dei

2454 3006 2790 3066 habitabat.
2836 3004 3387 3083 ApprOpinquanti
3415 3004 3638 3065 fratres
3672 3022 3684 3064 :
3721 3003 3903 3075 Quid,
3942 3003 4039 3062 in-

2456 3106 2702 3185 quiunt,
2732 3104 2857 3167 huc
2883 3122 3105 3183 equam
3133 3102 3487 3166 adduxisti?
3515 3103 3627 3165 Ille
3649 3103 4030 3182 respondet:

2458 3208 2533 3266 Ut
2578 3206 2722 3266 iusti
2749 3205 3033 3265 oratione
3067 3202 3561 3264 misericordiam
3586 3211 4039 3281 consequatur.

2459 3312 2533 3367 At
2560 3307 2625 3367 hi
2660 3327 2671 3367 :
2701 3304 2859 3379 Quid
2897 3305 3150 3366 tandem
3179 3303 3324 3364 mali
3354 3299 3583 3363 habet?
3616 3302 3987 3379 Respondet
4022 3318 4035 3360 :

2456 3410 2644 3478 Haec,
2661 3422 2848 3484 quam
2866 3404 3086 3465 videtis
3108 3421 3355 3483 equam,
3381 3420 3524 3464 cara
3545 3420 3683 3463 mea
3697 3419 3855 3462 uxor
3877 3408 4034 3474 erat,

2458 3514 2537 3578 et,
2563 3505 2714 3584 quid
2738 3506 2860 3566 iam
2892 3505 2951 3565 ei
2978 3504 3297 3577 acciderit,
3326 3504 3567 3564 nescio.
3602 3501 3898 3563 Revelata
3931 3520 4039 3562 au-

2455 3614 2580 3668 tem
2614 3613 2830 3668 sancto
2862 3605 3071 3666 omnia
3106 3610 3302 3677 erant,
3335 3621 3494 3682 quae
3526 3603 3757 3664 femina
3790 3612 4039 3682 patere—

2456 3716 2577 3781 tur,
2611 3716 2671 3768 et
2708 3709 2902 3768 Deum
2949 3706 3165 3767 orabat
3209 3722 3324 3783 pro
3360 3722 3454 3765 ea.
3496 3704 3594 3764 Illi
3633 3722 3783 3765 vero
3834 3723 4037 3782 quum

2454 3808 2570 3868 ista
2613 3808 3015 3879 audivissent,
3059 3805 3337 3867 referunt
3388 3804 3467 3865 ad
3518 3822 3762 3864 servum
3814 3804 4038 3865 Christi

2457 3908 2814 3979 Macarium,
2861 3906 3143 3967 dicentes
3177 3924 3189 3966 :
3225 3907 3463 3983 Equam
3508 3904 3733 3983 aliquis
3762 3904 3885 3965 huc
3920 3905 4035 3965 ad-

2460 4009 2656 4069 duxit.
2692 4007 2927 4079 Quibus
2954 4006 3006 4066 is
3041 4025 3055 4067 :
3092 4007 3240 4078 Vos,
3272 4005 3499 4083 inquit,
3535 4005 3681 4065 estis
3707 4004 3877 4082 equi,
3928 4006 4039 4082 qui

2458 4124 2762 4186 equorum
2808 4108 3025 4167 oculos
3070 4104 3354 4177 habetis;
3400 4103 3505 4163 illa
3548 4109 3756 4163 autem
3800 4102 4037 4163 femina

2458 4215 2573 4279 est,
2625 4215 2693 4267 ut
2731 4215 2823 4266 est
2870 4212 3097 4277 creata,
3130 4216 3190 4266 et
3228 4206 3311 4265 ita
3351 4203 3785 4264 transformata
3835 4204 4041 4265 oculis

2455 4314 2690 4367 tantum
2751 4306 2859 4375 [ιο
2902 4314 3161 4385 apparet
3206 4322 3449 4377 eorum,
3504 4305 3611 4382 qui
3660 4310 3804 4364 sunt
3843 4304 4037 4364 dece-

2457 4408 2569 4485 pti.
2630 4406 2861 4467 Deinde
2922 4423 3082 4484 aqua
3144 4404 3474 4466 benedicta
3541 4405 3793 4479 nudam,
3846 4421 4040 4483 quam

779 4506 976 4548 annos
1015 4497 1347 4566 antequam
1388 4496 1639 4550 sanctus
1676 4490 1848 4550 obiit.
1884 4492 1956 4549 Et
1991 4492 2349 4569 quindecim
2383 4500 2426 4554 D
2456 4508 2864 4581 adduxerant,
2886 4527 2920 4569 ε
2960 4525 3205 4572 summo
3228 4509 3457 4569 vertice
3487 4510 3773 4587 aspersit,
3803 4527 4039 4588 quum-

779 4587 957 4647 annis
978 4594 1118 4666 post
1138 4594 1401 4648 mortem
1421 4589 1663 4649 Macarii
1683 4606 1875 4666 quum
1890 4591 2164 4650 Joannes
2183 4592 2348 4651 bona

781 4706 1127 4769 pauperum
1176 4690 1515 4764 avertisset,
1565 4691 1649 4753 ita
1703 4690 2000 4753 laboravit
2045 4692 2345 4770 elephan-

778 4790 937 4861 tiasi,
970 4791 1118 4850 utin
1152 4807 1417 4869 corpore
1448 4791 1582 4851 eius
1611 4808 1740 4851 non
1772 4792 2157 4852 inveniretur
2184 4794 2345 4854 inte-

785 4908 894 4965 ger
920 4890 1117 4963 locus,
1147 4890 1212 4949 in
1242 4908 1368 4969 quo
1401 4891 1540 4969 quis
1570 4891 1828 4966 digitum
1855 4893 2044 4968 ﬁgere
2073 4892 2181 4962 39
2206 4911 2349 4971 pos-

785 4996 896 5049 set.
931 4992 1018 5049 Ita
1061 4991 1125 5050 in
1175 5008 1276 5063 eo,
1327 4991 1432 5069 qui
1473 5008 1599 5051 non
1641 4991 1981 5063 obedierat,
2019 4994 2347 5071 prophetia

784 5090 974 5149 sancti
1006 5090 1117 5149 viri
1144 5090 1397 5171 impleta
1428 5098 1537 5153 est.
1575 5092 1659 5151 De
1689 5092 1829 5152 cibo
1863 5100 2069 5151 autem
2104 5102 2163 5153 et
2198 5102 2345 5172 potu

784 5204 1310 5265 supervacaneum
1334 5197 1426 5249 est
1454 5206 1724 5260 narrare,
1749 5190 2041 5265 quoniam
2068 5206 2147 5249 ne
2180 5189 2346 5267 apud

784 5284 1173 5345 sacer-diores
1222 5285 1474 5363 quidem
1532 5284 1875 5345 monachos
1934 5286 2343 5345 monasterio-

787 5402 945 5449 rum.
981 5402 1138 5462 quae
1170 5391 1337 5445 extra
1367 5392 1530 5457 sunt,
1561 5384 1825 5444 inveniri
1861 5384 2164 5460 ingluvies
2196 5404 2343 5463 pos-

787 5491 864 5547 sit
901 5495 1005 5549 aut
1045 5489 1159 5549 alia
1197 5488 1501 5567 quaedam
1538 5506 1572 5548 a
1613 5488 2063 5549 consuetudine
2104 5506 2345 5561 eorum,

786 5609 895 5671 qui
924 5592 985 5651 in
1012 5593 1144 5651 istis
1174 5593 1327 5652 locis
1359 5602 1701 5665 morantur,
1735 5592 1972 5652 diversa
2006 5593 2249 5653 vivendi
2272 5594 2345 5653 li-

786 5699 1012 5766 bertas,
1044 5711 1183 5755 cum
1231 5703 1488 5773 propter
1516 5697 1791 5774 inopiam
1835 5713 2035 5756 rerum
2068 5714 2351 5757 necessa-

786 5799 1035 5869 riamm,
1080 5804 1209 5858 tum
1239 5807 1497 5878 prepter
1532 5800 1730 5861 zelum
1760 5800 1865 5862 Dei
1898 5800 2059 5861 inter
2085 5817 2213 5871 eos,
2240 5800 2347 5877 qui

2450 4626 2574 4686 que
2623 4625 2813 4687 super
2861 4614 3048 4687 caput
3103 4608 3236 4668 eius
3297 4613 3585 4687 precatus
3650 4614 3836 4681 esset,
3909 4617 4037 4671 sta-

2448 4704 2559 4763 tim
2605 4704 2896 4764 omnihus
2950 4722 3084 4765 eam
3151 4705 3503 4765 videntibus
3560 4704 3793 4766 femina
3836 4723 4037 4786 appa-

2450 4803 2592 4862 ruit.
2640 4806 2841 4881 Atque
2880 4805 2972 4864 vir
3010 4804 3119 4865 Dei
3179 4804 3236 4864 ei
3287 4804 3497 4865 cibum
3548 4806 3783 4884 apponi
3835 4806 4035 4867 iussit.

2448 4902 2604 4961 Tum
2688 4920 2821 4963 eam
2902 4904 3309 4977 commonuit,
3382 4903 3652 4965 dicens:
3704 4907 4038 4983 Nunquam

2450 5020 2579 5065 non
2625 5022 2988 5083 compareas
3044 5005 3109 5065 in
3164 5006 3425 5066 ecclesia
3467 5004 3576 5065 Dei
3631 5012 3692 5067 et
3748 5006 3813 5066 in
3859 5024 4037 5067 σου]-

2451 5104 2750 5163 munione
2834 5102 3272 5179 mysteriorum
3330 5102 3581 5174 Christi;
3652 5101 3807 5163 haec
3870 5104 4037 5164 enim

2451 5201 2562 5261 tibi
2590 5201 2975 5272 acciderunt,
3012 5201 3156 5278 quia
3196 5202 3318 5260 iam
3351 5202 3631 5279 quinque
3684 5200 4036 5263 hebdoma-

2450 5302 2632 5362 dibus
2662 5318 2789 5360 non
2821 5300 3132 5360 accessisti
3147 5300 3222 5359 ad
3244 5299 3611 5359 intemerata
3648 5299 3869 5359 Christi
3902 5319 4038 5379 my-

2450 5400 2653 5459 steria.
2679 5400 2765 5458 Ita
2780 5416 2912 5458 eam
2928 5414 3191 5477 corpore
3205 5404 3264 5457 et
3276 5398 3477 5457 anima
3490 5404 3765 5457 sanatam
3782 5398 4045 5461 dimisit.

2534 5524 2560 5553 α
2597 5500 2792 5558 Porro
2848 5496 3165 5558 dicebatur
3234 5496 3581 5575 posteriore
3641 5497 3799 5557 vitae
3887 5516 4039 5557 suae

2453 5606 2736 5675 tempore
2780 5598 3257 5658 subterraneum
3290 5595 3521 5656 fodisse
3568 5596 3929 5657 cuniculum
3974 5598 4041 5659 in

2452 5698 2692 5758 dimidii
2723 5696 2989 5775 spatium
3024 5694 3203 5755 stadii
3227 5701 3287 5755 et
3315 5693 3680 5772 speluncam
3704 5695 4036 5758 adiecisse.

2466 5799 2525 5857 Si
2554 5797 2805 5875 quando
2835 5797 3022 5873 igitur
3047 5794 3402 5874 complures
3441 5797 3499 5859 ei
3546 5803 3719 5859 erant
3761 5796 4036 5872 molesti,
