4266 6360
258 354 314 412 ιι
1764 355 1804 409 ν

1921 356 1993 414 .E.
3434 354 3506 412 42

258 463 483 529 occulte
522 481 559 527 e
606 465 765 529 cella
794 482 1085 546 egressus
1124 467 1275 531 abiit
1312 468 1379 530 in
1428 470 1819 550 speluncam,
1852 475 1899 532 A
1927 472 2207 552 scipulos
2240 490 2363 535 una
2394 489 2536 536 cum
2568 470 2835 534 Macario
2865 468 2929 531 in
2969 470 3148 531 Scete
3191 466 3503 530 habitasse

254 564 347 638 ita,
376 571 441 626 ut
470 582 659 628 nemo
687 582 834 629 eum
864 566 1195 631 inveniret.
1248 568 1485 630 Abiens
1523 585 1672 631 vero
1703 588 1819 649 per

256 664 597 728 cuniculum
660 668 879 747 viginti
926 676 1196 749 quatuor
1257 672 1571 733 orationes
1641 673 1813 734 dice-

254 770 344 830 bat
393 786 595 850 usque
671 770 753 833 ad
813 770 1204 852 speluncam,
1275 778 1337 833 et
1395 772 1647 835 rediens
1715 779 1815 835 to-

258 870 448 931 tidem.

327 993 351 1024 α
381 969 467 1030 De
493 986 571 1031 eo
599 985 859 1049 quoque
892 967 1058 1031 fama
1086 968 1259 1044 exiit,
1294 967 1467 1051 quod
1500 976 1817 1031 mortuum

254 1070 566 1145 suscitarit,
631 1076 701 1131 ut
762 1071 1166 1133 convinceret
1229 1070 1636 1145 haereticum,
1707 1070 1819 1149 qui

252 1172 761 1234 resurrectionem
811 1189 1154 1253 corporum
1200 1189 1333 1234 non
1384 1172 1812 1251 proﬁtebatur.

250 1274 402 1345 Quae
426 1272 683 1351 quidem
710 1270 875 1334 fama
905 1278 1200 1334 constans
1220 1271 1337 1334 fuit
1357 1271 1423 1333 in
1456 1271 1812 1335 solitudine.

322 1399 347 1429 α
378 1374 541 1435 Alias
574 1372 654 1435 ad
685 1373 895 1453 ipsum
924 1379 1123 1435 mater
1160 1372 1419 1435 adduxit
1446 1372 1815 1435 adolescen-

249 1478 383 1546 tem,
413 1473 525 1553 qui
554 1490 590 1534 a
619 1471 929 1534 daemone
950 1473 1310 1545 vexabatur,
1336 1488 1370 1533 a
1397 1470 1646 1532 duobus
1672 1469 1819 1531 ado-

247 1570 615 1633 lescentibus
637 1572 953 1650 utrimque
980 1570 1410 1634 constrictum.
1440 1571 1720 1649 Eamque
1749 1569 1818 1630 in

248 1687 380 1731 eum
424 1672 548 1731 vim
587 1671 858 1732 daemon
895 1671 1195 1744 exercuit,
1248 1678 1318 1733 ut
1351 1671 1536 1733 trium
1574 1671 1819 1733 modio-

246 1787 372 1831 rum
403 1787 597 1849 panes
619 1770 981 1832 comederet
1010 1776 1072 1831 et
1101 1770 1445 1850 amphorae
1476 1769 1816 1831 Ciliciensis

244 1888 459 1950 aquam
503 1871 769 1933 biberet.
819 1873 986 1944 Quos
1032 1872 1208 1935 cibos
1256 1871 1483 1933 exinde
1527 1877 1815 1933 eructans

244 1970 306 2031 in
327 1988 622 2051 vaporem
653 1970 1025 2046 resolvebat,
1058 1979 1356 2051 tanquam
1394 1972 1540 2050 igne
1580 1988 1812 2034 consu-

244 2078 576 2133 merentur.
607 2073 713 2133 Est
742 2072 911 2132 enim
944 2071 1099 2133 ordo
1128 2071 1381 2151 quidam
1411 2072 1810 2147 daemonum,

242 2171 345 2249 qui
370 2170 594 2249 igneus
614 2179 909 2245 vocatur;
936 2172 1047 2251 qui
1074 2171 1332 2252 quidem
1357 2190 1488 2234 non
1519 2174 1812 2248 essentia,

243 2275 368 2347 sed,
402 2281 467 2334 ut
488 2276 551 2335 in
575 2274 936 2336 hominibus
962 2291 1218 2354 quoque
1238 2274 1575 2349 invenitur,
1607 2280 1815 2337 mente

242 2376 449 2454 potius
497 2376 819 2437 diﬂ‘erunt.
873 2377 995 2436 Iste
1041 2375 1231 2453 igitur
1268 2374 1655 2448 adolescens,
1693 2377 1744 2437 si
1780 2393 1815 2438 a

242 2484 432 2538 matre
464 2494 594 2538 non
619 2478 766 2539 satis
794 2478 850 2537 ei
881 2477 1423 2557 suppeditabatur,
1462 2494 1649 2557 saepe
1675 2484 1817 2557 pro-

239 2578 435 2657 priam
484 2595 660 2639 suam
711 2578 937 2640 edebat
983 2579 1269 2658 corporis
1323 2579 1709 2657 egestionem
1757 2585 1816 2639 et

238 2678 453 2740 lotium
503 2679 775 2741 bibebat.
826 2678 1041 2741 Flente
1090 2688 1287 2741 matre
1328 2687 1387 2740 et
1433 2680 1815 2743 lamentante

238 2786 648 2859 sanctumque
684 2779 866 2842 enixe
896 2780 1270 2851 obtestante,
1328 2780 1515 2842 istum
1564 2789 1815 2843 sanctus

237 2880 483 2958 excepit
515 2887 576 2941 et
619 2880 887 2960 supplex
928 2896 1045 2959 pro
1090 2896 1167 2942 eo
1215 2881 1409 2942 Deum
1454 2880 1670 2941 oravit.
1730 2886 1813 2943 Ac

236 2989 378 3061 post
425 2982 586 3044 duos
632 2982 767 3045 dies
807 2982 1106 3044 miserum
1153 2983 1421 3045 daemon
1469 2985 1813 3047 cruciatum

238 3083 493 3145 remisit.
550 3085 724 3145 Tunc
767 3083 949 3145 matri
990 3083 1122 3163 ejus
1154 3103 1168 3146 :
1200 3086 1535 3158 Quantum,
1582 3086 1808 3166 inquit,

1929 575 2212 652 legimus,
2263 592 2459 637 unum
2500 575 2565 635 in
2615 572 2770 635 cella
2812 570 3082 644 Macarii,
3131 567 3393 631 alterum
3438 568 3506 629 in

1926 676 2181 756 prepria
2207 676 2385 750 cella,
2416 690 2604 735 nemo
2626 672 2984 745 concludet,
3008 670 3165 733 alios
3194 669 3504 731 solitarios

1924 792 2048 838 una
2072 793 2211 837 cum
2236 775 2502 837 Macario
2523 772 2673 833 inibi
2698 788 2827 833 non
2846 770 3092 831 vixisse.
3118 770 3313 831 Senes
3335 767 3503 829 enim

1927 876 2299 939 abstinentia
2333 883 2395 937 et
2436 874 2763 935 virtutibus
2806 871 3086 949 insignes
3136 867 3357 949 procul
3387 868 3501 927 ali-

1928 983 2233 1056 quantum
2254 994 2289 1038 a
2313 974 2729 1046 monasteriis,
2755 974 2984 1053 quibus
3006 976 3356 1052 praeerant,
3386 968 3506 1030 sibi

1926 1076 2148 1138 cellam
2193 1076 2517 1137 instituere
2574 1074 2791 1138 solitos
2841 1090 2979 1135 esse
3042 1088 3232 1151 supra
3280 1069 3501 1132 docui-

1924 1194 2066 1239 mus
2096 1175 2202 1257 (2).
2234 1178 2324 1238 Ita
2357 1179 2419 1238 S.
2454 1177 2761 1238 Antonius
2805 1174 3033 1253 legitur
3070 1172 3231 1233 duos
3273 1170 3506 1250 pariter

1926 1276 2003 1339 ad
2027 1283 2293 1339 mortem
2325 1294 2529 1356 usque
2568 1293 2781 1338 secum
2813 1272 3155 1353 discipulos
3185 1270 3499 1341 habuisse,

1925 1377 2148 1438 ceteris
2182 1375 2530 1450 monachis,
2588 1375 2694 1454 qui
2744 1374 2858 1435 sub
2887 1373 3020 1452 ejus
3049 1368 3378 1449 disciplina
3408 1368 3499 1427 vi-

1924 1478 2171 1546 vebant,
2196 1476 2263 1537 in
2291 1476 2603 1537 vicinitate
2642 1474 3013 1551 degentibus
3039 1470 3144 1553 (3).
3180 1468 3502 1530 Solitarios

1923 1593 2072 1638 vero
2101 1583 2348 1657 praeter
2377 1575 2536 1638 duos
2582 1574 2724 1636 illos
2755 1590 2895 1636 cum
2928 1571 3195 1632 Macario
3223 1569 3289 1628 in
3323 1569 3502 1628 Scete

1924 1676 2273 1750 habitasse,
2322 1677 2447 1737 iam
2510 1676 2658 1736 inde
2714 1678 2919 1755 patet,
2973 1669 3146 1751 quod
3199 1668 3502 1730 Macarius

1925 1778 2257 1857 presbyter
2283 1777 2477 1838 Seetis
2511 1776 2649 1837 fuit.

1998 1878 2302 1953 Narratio,
2323 1894 2483 1957 quae
2508 1877 2811 1956 sequitur,
2834 1875 2910 1936 de
2932 1873 3166 1935 femina
3189 1873 3253 1933 in
3274 1886 3499 1951 equam

1917 1981 2151 2035 mutata
2204 1974 2391 2035 etiam
2424 1974 2491 2035 in
2533 1974 2693 2035 libro
2746 1972 3025 2035 secundo
3062 1971 3167 2049 (4),
3196 1970 3306 2031 sed
3344 1987 3498 2031 nus-

1919 2075 2086 2153 piam
2149 2074 2299 2136 alibi
2336 2076 2672 2136 invenitur.
2714 2077 2839 2135 Nec
2888 2074 3030 2134 libri
3062 2073 3322 2134 secundi
3352 2089 3497 2132 nar-

1918 2174 2074 2237 ratio
2110 2182 2235 2237 tam
2265 2176 2432 2253 large
2457 2176 2698 2237 exculta
2733 2183 2848 2249 est,
2880 2180 3067 2252 atque
3094 2173 3196 2235 illa
3221 2170 3497 2244 Palladii,

1918 2294 2128 2357 neque
2161 2277 2388 2340 mulier
2414 2285 2532 2350 est,
2564 2277 2676 2337 sed
2707 2276 2904 2353 virgo,
2948 2275 3071 2336 ﬁlia
3097 2274 3287 2353 patris
3315 2272 3496 2333 fami-

1917 2376 2030 2439 lias
2058 2378 2241 2440 vicini
2294 2378 2539 2459 Oppidi,
2590 2394 2775 2456 quae,
2810 2386 2880 2437 ut
2924 2376 3125 2437 verbis
3171 2374 3324 2454 ipsis
3358 2382 3501 2435 uta-

1916 2494 2078 2551 mur,
2117 2502 2144 2535 «
2173 2496 2288 2558 per
2329 2478 2690 2559 phantasias
2714 2478 2992 2555 magicas
3020 2476 3350 2537 videbatur
3378 2474 3501 2537 ho-

1917 2580 2192 2641 minibus
2228 2581 2295 2641 in
2330 2580 2633 2659 equinum
2681 2578 2910 2641 animal
2959 2594 3157 2650 versa,
3212 2584 3281 2638 ut
3315 2583 3499 2655 puta-

1916 2687 2088 2743 retur
2112 2698 2275 2760 equa
2305 2698 2464 2755 esse,
2501 2688 2561 2743 et
2592 2698 2721 2743 non
2751 2680 2983 2761 puella.
3012 2681 3188 2740 Hanc
3215 2678 3503 2739 adduxe—

1917 2789 2063 2845 runt
2091 2782 2168 2844 ad
2193 2800 2336 2843 eum
2360 2782 2719 2858 [Macarium
2745 2781 2852 2852 42
2875 2781 3295 2860 Aegyptium].
3327 2782 3500 2840 Tunc

1914 2882 2020 2944 ille
2052 2889 2517 2962 perconctatus,
2548 2882 2695 2961 quid
2729 2879 2998 2943 vellent?
3054 2882 3239 2942 Aiunt
3269 2896 3497 2959 paren-

1915 2992 2010 3046 tes
2040 2985 2173 3046 eius
2207 3005 2218 3046 :
2252 2986 2427 3065 Equa
2457 2984 2637 3059 haec,
2682 3002 2874 3063 quam
2918 2982 3133 3045 vident
3178 2980 3343 3044 oculi
3384 2981 3497 3053 tui,

1916 3086 2125 3166 puella
2138 3087 2308 3165 virgo
2331 3094 2394 3149 et
2412 3086 2533 3148 ﬁlia
2551 3093 2760 3148 nostra
2777 3086 2913 3159 fuit,
2934 3084 3043 3147 sed
3062 3084 3348 3147 homines
3366 3100 3501 3158 pes-

234 3182 345 3255 vis,
384 3190 454 3243 ut
482 3180 818 3245 comedat?
853 3185 1071 3257 Quam,
1102 3201 1246 3245 cum
1280 3184 1500 3247 decem
1529 3184 1718 3247 libras
1738 3184 1817 3246 si-
1843 3180 1886 3238 C
1921 3188 2062 3249 simi
2084 3189 2341 3265 magicis
2366 3189 2603 3249 artibus
2631 3188 2697 3247 in
2734 3186 2962 3249 animal
2986 3186 3107 3247 hoc
3139 3185 3309 3263 quod
3331 3184 3501 3244 vides

233 3284 611 3362 gniﬁcasset,
642 3286 1007 3366 increpavit,
1042 3286 1189 3366 quia
1220 3285 1483 3347 nimium
1523 3286 1813 3359 dixisset;

230 3393 423 3465 atque
450 3386 677 3447 iterum
705 3404 896 3465 super
925 3385 1328 3448 adolescente
1358 3392 1648 3466 precatus
1673 3403 1817 3447 cum

231 3483 471 3544 ieiunio
510 3491 752 3563 septem
785 3484 1054 3557 dierum,
1110 3484 1484 3545 daemonem
1521 3484 1820 3562 ingluviei

231 3585 311 3647 ab
343 3602 422 3647 eo
452 3586 694 3667 expulit
722 3594 784 3647 et
826 3586 1035 3649 cibum
1070 3585 1131 3647 ei
1168 3585 1490 3647 constituit
1518 3586 1707 3646 trium
1737 3585 1815 3646 li-

229 3685 489 3746 brarum
518 3704 768 3765 panem,
796 3704 985 3767 quem
1021 3685 1356 3749 comedere
1392 3685 1673 3758 deberet,
1710 3685 1813 3758 41

229 3786 284 3846 si
314 3795 705 3866 Operaretur.
734 3789 823 3849 Ita
855 3793 916 3849 et
950 3786 1120 3848 hunc
1146 3786 1375 3847 virtute
1406 3786 1652 3848 divinae
1684 3802 1817 3864 gra-

227 3887 353 3947 tiae
389 3894 678 3948 sanatum
708 3887 891 3949 matri
925 3888 1219 3950 reddidit.

310 4009 339 4039 «
358 3985 529 4047 Talia
559 3987 723 4048 Deus
750 3987 1060 4066 stupenda
1079 3984 1378 4048 miracula
1406 3984 1555 4047 fecit
1575 4001 1690 4065 per
1718 3983 1815 4045 di-

224 4084 467 4148 lectum
498 4105 679 4148 suum
701 4087 1057 4160 Macarium,
1096 4086 1275 4149 cuius
1304 4084 1671 4147 immortalis
1690 4084 1820 4145 ani-

224 4204 331 4247 ma
364 4204 537 4248 nunc
567 4195 662 4249 est
695 4204 838 4249 cum
870 4186 1129 4264 angelis.
1170 4189 1301 4265 Ego
1348 4192 1632 4248 sanctum
1679 4185 1816 4264 ipse

223 4303 362 4347 non
397 4286 709 4358 conveni;
759 4305 925 4348 anno
966 4289 1157 4361 enim,
1199 4294 1534 4365 antequam
1570 4286 1636 4347 in
1664 4286 1815 4347 soli-

221 4383 521 4444 tudinem
551 4384 974 4461 ingrediebar,
1015 4385 1255 4447 obierat
1285 4383 1431 4464 (1).»

309 4490 339 4560 §
378 4484 475 4545 13.
508 4485 694 4547 Hisce
741 4503 835 4559 ea,
872 4503 1035 4566 quae
1072 4486 1346 4548 Historia
1377 4486 1673 4548 Lausiaca
1703 4504 1813 4549 co-

1922 3294 2319 3350 mutaverunt
2349 3306 2508 3350 eam.
2544 3291 2863 3366 Rogamus
2890 3304 3065 3363 ergo,
3099 3293 3168 3346 ut
3200 3302 3341 3346 ores
3372 3284 3498 3344 Do-

1922 3392 2185 3463 minum,
2219 3398 2286 3451 ut
2315 3396 2660 3453 commutet
2696 3406 2833 3450 eam
2878 3390 2942 3448 in
2985 3387 3107 3449 hoc
3152 3386 3324 3467 quod
3361 3385 3498 3446 fuit.

1922 3493 1994 3549 At
2022 3488 2127 3549 ille
2156 3488 2241 3549 ait
2278 3508 2289 3549 :
2324 3488 2454 3565 Ego
2488 3486 2677 3559 hanc,
2722 3503 2915 3564 quam
2962 3483 3291 3546 ostenditis
3322 3481 3499 3554 mihi,

1921 3588 2193 3669 puellam
2226 3588 2407 3649 video
2434 3586 2591 3649 nihil
2618 3587 2684 3648 in
2714 3604 2781 3648 se
2814 3585 3079 3665 pecudis
3121 3584 3455 3646 habentem
3485 3600 3498 3654 ;

1919 3688 2041 3751 hoc
2073 3695 2301 3761 autem,
2335 3688 2506 3767 quod
2537 3686 2763 3759 dicitis,
2805 3703 2933 3747 non
2973 3692 3065 3747 est
3095 3686 3161 3745 in
3206 3684 3340 3745 eius
3369 3700 3505 3745 cor-

1920 3806 2100 3870 pore,
2157 3789 2267 3849 sed
2312 3789 2378 3849 in
2424 3787 2623 3849 oculis
2668 3787 3069 3847 intuentium.
3123 3784 3501 3846 Phantasiae

1922 3891 2091 3952 enim
2134 3889 2514 3951 daemonum
2556 3894 2701 3948 sunt
2739 3887 2917 3961 istae,
2962 3904 3090 3947 non
3126 3886 3350 3947 veritas
3398 3901 3498 3945 re-

1918 4008 2081 4052 rum.
2124 3992 2367 4051 Etcum
2396 3988 2845 4049 introduxisset
2888 4004 3025 4047 eam
3078 4004 3220 4047 cum
3270 4002 3499 4063 paren-

1918 4094 2084 4154 tibus
2111 4093 2239 4153 suis
2261 4092 2421 4151 intra
2452 4089 2764 4161 cellulam,
2814 4088 2992 4149 ﬂexis
3028 4087 3293 4164 genibus
3322 4102 3501 4147 orare

1919 4194 2252 4255 Dominum
2282 4191 2515 4270 coepit,
2559 4188 2870 4268 simulque
2907 4196 2968 4248 et
2998 4192 3293 4265 parentes
3324 4193 3503 4262 rogat

1919 4311 2134 4355 secum
2163 4291 2428 4351 Domino
2456 4288 2851 4367 supplicare;
2905 4294 2965 4345 et
2994 4291 3136 4363 post
3161 4283 3315 4351 haec
3351 4300 3499 4361 per-

1917 4412 2162 4471 ungens
2192 4409 2328 4453 eam
2355 4389 2497 4452 oleo
2524 4389 2587 4449 in
2616 4388 2871 4449 nomine
2902 4386 3170 4459 Domini,
3195 4383 3365 4445 omni
3392 4382 3502 4444 fal-

1922 4494 2077 4556 lacia
2118 4493 2286 4553 visus
2315 4489 2596 4570 expulsa,
2631 4488 2931 4565 virginem
2970 4485 3165 4547 videri
3207 4483 3500 4546 omnibus

216 4586 447 4648 dicum
477 4586 1061 4648 Vindobonensium
1091 4588 1170 4650 de
1198 4590 1464 4649 Macario
1506 4589 1813 4667 Aegyptio
1850 4580 1887 4591 ”
1920 4602 1989 4655 ut
2009 4593 2193 4654 etiam
2221 4590 2338 4652 sibi
2356 4589 2681 4650 videbatur
2700 4585 2928 4647 effecit.
2961 4608 2988 4640 »
3011 4580 3361 4645 Verisimile
3381 4586 3495 4652 est,

216 4684 444 4756 habet,
476 4686 896 4748 continentur.
942 4690 988 4748 E
1020 4689 1249 4767 quibus
1286 4689 1529 4765 singula
1560 4691 1611 4751 si
1653 4708 1810 4751 con-

212 4786 473 4860 tuleris,
506 4804 872 4865 cognosces,
908 4798 1146 4851 textum
1167 4792 1417 4852 Meursii
1446 4788 1513 4852 in
1534 4792 1654 4854 hoc
1678 4794 1815 4872 qui-

211 4890 374 4975 dem
407 4890 613 4968 capite
644 4890 830 4951 rebus
856 4891 956 4950 vix
985 4891 1261 4967 differre,
1286 4892 1395 4953 sed
1426 4892 1815 4971 depravatio-

212 4991 417 5051 nibus
446 4997 707 5051 scatere.
740 4990 830 5051 Ad
865 5006 936 5051 ea
965 4998 1195 5065 autem,
1231 5009 1393 5071 quae
1432 5009 1815 5055 commemo-

207 5089 528 5163 ravimus,
582 5088 941 5151 adnotanda
982 5090 1168 5151 nobis
1208 5088 1363 5152 haec
1408 5106 1545 5151 esse
1589 5090 1809 5152 viden—

205 5198 346 5249 tur.

296 5291 592 5352 Primum
630 5289 888 5370 quidem
920 5305 955 5351 e
986 5289 1216 5363 verbis,
1263 5288 1492 5369 quibus
1525 5291 1684 5354 duos
1715 5293 1811 5354 di-

285 5477 378 5543 (1)
424 5472 632 5528 Textus
661 5489 891 5545 graecus
931 5475 1129 5547 legitur
1155 5477 1294 5531 infra
1328 5479 1381 5531 in
1412 5478 1604 5531 harum
1634 5479 1811 5546 Quae-

201 5571 477 5623 stimmm
509 5567 824 5637 Appendice
848 5568 1035 5638 priore
1067 5572 1167 5624 sub
1197 5572 1239 5623 ι.

283 5658 377 5727 (9.)
421 5656 507 5710 Cf.
533 5650 697 5726 supra
729 5672 781 5726 p.
807 5658 861 5711 4.

285 5752 381 5817 (5)
429 5747 551 5802 Vita
591 5749 649 5805 S.
682 5749 926 5813 Antonii,
970 5748 1027 5803 S.
1067 5750 1327 5804 Athanas.
1367 5748 1504 5819 Opp.
1538 5748 1646 5803 T.l
1675 5749 1734 5805 l’.
1770 5751 1808 5803 ll

194 5859 254 5910 ιι.
288 5846 411 5911 689
470 5859 616 5913 sqq.,
649 5840 830 5897 Rosw.
873 5841 985 5897 νγ.
1031 5841 1133 5896 PP.
1169 5842 1235 5896 59
1274 5858 1429 5913 sqq.;
1470 5841 1603 5898 Hist.
1643 5842 1805 5898 Laus.

1920 4701 2250 4771 utramque
2292 4697 2352 4752 et
2394 4687 2700 4750 Historiae
2742 4685 3078 4747 ’Lausiacae
3107 4689 3169 4745 et
3208 4680 3350 4743 libri
3394 4697 3497 4741 se-

1921 4789 2111 4852 cundi
2151 4787 2569 4850 narrationem
2597 4802 2674 4845 ex
2714 4784 2939 4845 eodem
2978 4782 3151 4844 fonte
3187 4795 3495 4842 manasse.

1919 4890 2094 4963 Quod
2122 4887 2366 4951 facilius
2398 4886 2693 4959 creditur,
2728 4901 2925 4963 quum
2959 4901 3036 4945 ex
3062 4882 3162 4956 iis,
3196 4896 3356 4961 quae
3387 4898 3495 4941 su-

1917 5009 2029 5071 pra
2062 4988 2470 5053 disseruimus
2500 4986 2608 5066 (5),
2651 4991 2918 5059 constet,
2967 4981 3335 5052 Palladium,
3386 4980 3497 5059 qui

1918 5091 2276 5153 Lausiacam
2305 5088 2575 5168 scripsit,
2605 5092 2711 5149 aut
2735 5085 2963 5147 librum
2987 5082 3335 5146 secundum
3365 5088 3492 5152 aut,

1920 5193 2093 5272 quod
2149 5192 2332 5254 nobis
2380 5188 2769 5271 probabilius
2821 5187 3021 5248 visum
3079 5189 3195 5259 est,
3252 5188 3495 5244 textum

1921 5310 2237 5371 graecum,
2288 5309 2324 5353 e
2364 5309 2491 5371 quo
2529 5290 2689 5352 liber
2726 5288 2832 5351 ille
2871 5286 3073 5362 ﬂuxit,
3108 5285 3466 5350 adhibuisse
3502 5272 3541 5295 ³

1915 5480 2000 5535 ed.
2038 5480 2238 5534 Meurs.
2274 5496 2391 5549 cap.
2427 5480 2494 5531 96
2527 5478 2663 5549 Opp.
2696 5478 2895 5531 Meurs.
2927 5479 2964 5529 1.
3002 5474 3040 5529 ι.
3079 5492 3129 5544 p.
3164 5473 3291 5528 ili).

1995 5572 2071 5639 (4)
2115 5572 2227 5624 VV.
2281 5572 2383 5625 PP.
2440 5572 2621 5626 ltnsw.
2676 5572 2765 5626 lib.
2821 5570 2858 5621 Il
2885 5585 3001 5637 cap.
3052 5569 3120 5621 28
3160 5586 3206 5635 p.
3271 5566 3486 5631 480,1;

1919 5664 2099 5716 llullni
2148 5663 2284 5734 Opp.
2332 5665 2417 5718 ed.
2474 5663 2699 5718 Vallzn'si
2752 5680 2800 5732 ρ.
2860 5664 2994 5723 191,
3051 5661 3227 5729 Mignc
3284 5659 3483 5714 i'atrot'.

1919 5754 1979 5808 'r.
2016 5753 2132 5806 XXI
2167 5771 2217 5823 ρ.
2260 5753 2380 5807 451.

1990 5844 2065 5915 (Ρὶ)
2106 5846 2235 5914 Cap.
2275 5846 2291 5899 Ι
2330 5844 2378 5915 ς.
2415 5844 2465 5896 6.
