4266 6360
768 352 839 409 43
1604 355 1705 411 ss.
1742 354 2209 411 nacamoaun
2248 354 2568 415 AECYPTII
2610 362 2697 417 ET
2737 360 3209 419 ALEXANDRINI
3964 346 4029 401 ιι

767 471 1202 552 Eundemque,
1252 473 1360 552 qui
1399 489 1566 534 anno
1603 481 1747 552 post
1794 482 2063 534 mortem
2092 473 2341 533 Macarii
2371 482 2416 534 Α
2445 481 2747 553 converti,
2795 486 2861 540 ut
2910 496 2977 539 re
3015 494 3158 538 vera
3206 470 3496 537 animalia
3553 466 3700 536 sint,
3759 476 4028 540 quorum

769 571 1000 634 Nitriae
1033 580 1311 634 montem
1342 572 1613 647 intravit,
1647 573 1759 636 ubi
1798 572 2018 634 decem
2053 570 2186 633 fere
2224 588 2338 632 an-

766 689 886 734 nos
916 672 1235 735 solitudini
1263 674 1458 735 Sectis
1486 673 1729 735 vicinus
1768 671 1935 752 degit
1958 672 2067 754 (1),
2095 689 2347 734 accura-

766 772 991 835 tiorem
1036 773 1241 836 famae
1280 774 1611 836 relatorem
1659 774 1934 849 duxeris,
1979 774 2341 853 praesertim

768 892 965 953 quum
993 876 1292 942 Ruﬁnum
1318 876 1585 940 inﬁdum
1607 876 2015 958 interpretem
2037 892 2174 938 esse
2195 892 2345 939 con—

770 981 912 1035 stet.

851 1074 1029 1147 Quod
1074 1076 1153 1136 ad
1189 1074 1469 1139 fabulam
1518 1076 1721 1156 ipsam
1774 1076 2017 1151 attinet,
2072 1076 2344 1156 magicas

770 1184 935 1236 artes
974 1174 1142 1255 apud
1179 1178 1521 1256 Aegyptios
1568 1176 1648 1239 ab
1705 1177 2153 1256 antiquissimis
2196 1176 2344 1238 inde

770 1276 1160 1354 temporibus
1198 1277 1265 1337 in
1295 1294 1412 1338 usu
1440 1276 1656 1351 fuisse,
1708 1293 1836 1337 non
1884 1284 2000 1352 est,
2035 1278 2207 1356 quod
2248 1276 2341 1338 di-

774 1392 932 1436 eam.
984 1377 1275 1454 Legimus
1313 1378 1520 1453 etiam,
1570 1376 1911 1439 Commodo
1967 1378 2347 1457 imperatore

773 1474 1132 1554 Philippum
1158 1479 1423 1558 Aegypti
1452 1478 2019 1541 administratorem
2054 1501 2080 1533 «
2108 1478 2346 1538 cunctis

774 1576 1195 1639 curiositatem
1240 1580 1546 1656 magicam
1588 1580 1969 1641 sectantibus
2000 1579 2189 1638 tinem
2238 1578 2349 1637 im-

775 1678 1059 1755 posuisse
1086 1678 1190 1758 (2).
1212 1703 1240 1735 »
1269 1681 1498 1752 Quarto
1533 1681 1787 1742 saeculo
1808 1680 2218 1758 imperatores
2248 1677 2349 1737 ad-

774 1793 989 1836 versus
1018 1794 1233 1854 magos
1252 1778 1423 1855 leges
1452 1780 1914 1859 sanxerunt(3),
1942 1796 2204 1858 quarum
2224 1795 2345 1838 una

777 1893 994 1938 eorum
1016 1896 1269 1959 quoque
1304 1881 1623 1943 scientiam
1648 1881 2001 1960 proscribit,
2027 1880 2135 1959 qui
2160 1880 2347 1956 magi-

776 1977 864 2038 cis
895 1979 1157 2040 accincti
1185 1981 1422 2042 artibus
1452 1992 1557 2042 aut
1597 1993 1812 2043 contra
1840 1982 2105 2042 salutem
2140 1980 2332 2041 homi—

776 2094 926 2137 num
948 2077 1177 2153 moliri,
1212 2087 1318 2140 aut
1342 2082 1609 2160 pudicos
1646 2082 1889 2143 animos
1913 2080 1990 2141 ad
2024 2079 2348 2141 libidinem

777 2181 1103 2243 deﬂexisse
1119 2182 1225 2254 43
1248 2183 1619 2261 detegantur
1639 2182 1746 2264 (4).
1769 2183 2015 2244 Iuvenis
2040 2199 2071 2243 e
2093 2183 2349 2259 regione

776 2284 975 2344 Gazae
1006 2283 1177 2345 urbis
1208 2284 1533 2360 oriundus,
1571 2286 1650 2347 de
1681 2302 1807 2365 quo
1835 2286 1900 2346 in
1929 2284 2049 2345 vita
2084 2285 2144 2344 S.
2178 2283 2348 2344 Hila-

778 2384 973 2447 rionis
1008 2386 1069 2464 (1-
1100 2385 1234 2466 372)
1284 2396 1589 2461 narratur,
1626 2405 1661 2449 a
1700 2387 1896 2464 magis
1943 2384 2202 2447 edoctus
2237 2384 2352 2445 sub

779 2487 971 2553 limen
1003 2489 1228 2550 domus
1275 2489 1521 2569 puellae
1550 2495 1787 2551 amatae
1818 2494 2127 2549 tormenta
2156 2503 2351 2564 quae-

780 2585 922 2645 dam
952 2586 1285 2647 verborum
1328 2598 1389 2648 et
1426 2595 1823 2667 portentosas
1861 2586 2090 2663 figuras
2134 2584 2196 2644 in
2246 2602 2354 2644 ae-

780 2687 864 2748 ris
892 2688 1102 2767 Cyprii
1132 2687 1361 2750 lamina
1396 2690 1671 2769 sculptas
1706 2688 1980 2759 defodit;
2026 2703 2153 2765 quo
2190 2684 2355 2745 facto

779 2785 1053 2847 insanire
1088 2784 1260 2859 virgo
1290 2786 1523 2864 coepit,
1563 2784 1901 2847 inclamare
1933 2800 2167 2845 nomen
2200 2782 2355 2843 ado-

780 2883 1098 2956 lescentis,
1118 2889 1178 2943 et
1206 2900 1356 2962 prae
1382 2900 1596 2944 amore
1627 2883 1693 2943 in
1721 2882 2001 2944 furorem
2029 2880 2206 2951 verti,
2231 2895 2357 2957 quo

784 3001 819 3045 a
858 2985 919 3043 S.
952 2983 1273 3045 Hilarione
1314 2984 1612 3047 liberatur
1643 2984 1749 3063 (5).
1802 2985 1874 3044 In
1913 2988 2123 3043 nostra
2150 2978 2359 3040 fabula

789 3100 1004 3161 magus
1032 3083 1351 3157 feminam,
1388 3085 1489 3146 cui
1517 3091 1765 3163 turpem
1794 3099 2074 3145 amorem
2101 3080 2359 3141 iniicere

2446 590 2754 655 naturam,
2798 587 3012 641 mente
3065 578 3307 655 integra
3372 576 3635 639 servata,
3695 561 4003 640 accipiam

2447 678 2624 753 Quod
2672 679 2917 760 experti
2953 683 3099 739 sunt
3147 674 3302 738 socii
3336 669 3597 750 Ulyssis,
3631 668 3883 760 Actaeo,
3934 660 4027 726 Io,

2446 775 2551 837 alii
2578 792 2614 837 a
2645 759 2841 849 Circe,
2869 776 3086 848 Diana,
3115 764 3280 836 πονε·
3296 770 3510 833 aliisve
3540 764 3659 826 diis
3688 762 3754 822 in
3784 759 4027 819 anima»

2446 875 2529 937 lia
2560 877 2780 938 mutati
2811 875 2920 955 (6).
2948 879 3032 937 Ac
3059 872 3225 951 magi
3243 869 3433 933 medii
3451 866 3587 929 aevi
3615 861 3739 943 ipsi
3769 858 4026 939 quidem

2445 977 2710 1039 formam
2731 995 2803 1040 ac
2833 982 3116 1038 naturam
3144 970 3507 1035 animalium
3527 965 3823 1033 induunt,
3849 958 4031 1020 cuius

2448 1075 2540 1135 rei
2591 1074 2875 1155 exempla
2925 1071 3094 1153 apud
3142 1076 3383 1132 veteres
3429 1079 3687 1145 quoque
3745 1074 3872 1120 non
3923 1054 4001 1113 de

2449 1182 2593 1237 sunt
2626 1174 2732 1255 (7),
2760 1192 2969 1255 neque
2996 1179 3209 1234 tamen
3236 1170 3393 1232 alios
3416 1168 3484 1228 in
3512 1161 3801 1227 animalia
3830 1164 4029 1218 verte-

2449 1295 2516 1339 re
2545 1277 2824 1357 potuisse
2858 1276 3150 1337 dicuntur
3182 1271 3288 1350 (8).
3313 1272 3512 1342 Quare
3535 1274 3595 1327 et
3616 1263 3694 1325 ab
3719 1260 3853 1321 istis
3874 1256 4033 1318 anti-

2450 1376 2591 1455 quis
2621 1374 2783 1436 etab
2819 1372 2991 1435 hisce
3034 1371 3225 1432 medii
3268 1368 3400 1429 aevi
3440 1360 3889 1425 mutationibus
3921 1371 4032 1414 no—

2449 1483 2571 1535 stra
2620 1476 2812 1554 probe
2873 1479 2966 1533 est
3017 1468 3475 1545 distinguenda,
3529 1480 3713 1543 quae,
3772 1458 4031 1535 magicis

2451 1571 2801 1651 praestigiis
2853 1571 3096 1641 effecta,
3159 1584 3288 1627 non
3325 1566 3390 1624 in
3428 1576 3693 1640 corpore
3729 1555 4023 1624 feminae,

2452 1672 2561 1734 sed
2583 1673 2645 1731 in
2668 1670 2865 1732 oculis
2891 1666 3268 1729 intuentium
3297 1662 3547 1724 exstitit.
3582 1657 3793 1719 Talem
3823 1662 4028 1714 autem

2453 1774 2598 1846 vim,
2645 1789 2766 1850 qua
2810 1771 3135 1831 hominum
3168 1765 3333 1827 oculi
3378 1760 3801 1839 decipiuntur,
3833 1753 4032 1829 magis

2450 1872 2795 1933 attribuunt
2825 1871 2885 1931 S.
2921 1868 3293 1938 Lactantius,
3333 1861 3748 1923 Tertullianus
3771 1855 3877 1933 (9},
3912 1855 4021 1911 Mi

2451 1976 2671 2035 nucius
2702 1972 2890 2033 Felix.
2910 1973 2957 2031 E
2989 1970 3215 2049 quibus
3247 1969 3303 2025 S.
3342 1961 3695 2026 Lactantius
3723 1976 3733 2016 ε
3764 1987 3786 2007 τι
3824 1958 4015 2031 Μειξςι)

2452 2092 2589 2134 rum
2622 2088 2874 2152 quoque
2905 2088 3026 2143 ars,
3056 2095 3082 2125 »
3116 2068 3339 2147 inquit,
3375 2089 3402 2120 «ι
3438 2063 3642 2124 omnis
3660 2078 3729 2121 ac
3752 2055 4034 2137 potentia

2453 2175 2676 2235 horum
2731 2174 3156 2249 (daemonum)
3213 2164 3699 2249 aspirationibus
3753 2164 4032 2226 constat,

2451 2294 2484 2337 a
2532 2276 2759 2355 quibus
2810 2273 3111 2346 invocati,
3162 2272 3325 2331 visus
3350 2267 3678 2329 hominum
3706 2261 3815 2333 Μ
3842 2275 4028 2338 prae-

2453 2374 2649 2452 stigiis
2699 2372 3184 2435 obcaecantibus
3228 2368 3473 2440 fallunt,
3504 2374 3572 2426 ut
3614 2380 3745 2425 non
3782 2359 4039 2420 videant

2456 2493 2550 2549 ea,
2573 2492 2734 2554 quae
2765 2480 2931 2547 sunt,
2969 2479 3028 2532 et
3065 2472 3276 2533 videre
3319 2488 3386 2530 se
3430 2471 3654 2547 putent
3701 2460 3830 2533 illa,
3872 2474 4040 2537 quae

2457 2594 2583 2638 non
2606 2583 2751 2637 sunt
2799 2575 3005 2655 (10)..»
3029 2573 3336 2634 Minucius
3366 2569 3535 2629 Felix
3563 2586 3575 2628 :
3614 2589 3642 2621 ς(
3675 2563 3833 2639 Magi
3881 2576 4040 2638 quo-

2458 2695 2604 2757 que,
2634 2700 2660 2731 ι)
2692 2675 2918 2755 inquit,
2947 2697 2972 2728 «
3007 2690 3136 2733 non
3166 2678 3405 2731 tantum
3468 2668 3641 2729 ciunt
3671 2666 4038 2728 daemonas,

2458 2776 2569 2837 sed
2598 2774 2806 2847 etiam,
2838 2770 3146 2852 quidquid
3176 2766 3458 2830 miraculi
3482 2764 3727 2834 ludunt,
3754 2776 3869 2840 per
3896 2758 4045 2818 dae-

2457 2892 2678 2936 monas
2710 2873 2976 2945 faciunt;
3018 2871 3139 2931 illis
3194 2866 3655 2947 adspirantibus
3706 2869 3768 2921 et
3820 2857 4041 2919 infun-

2461 2976 2752 3037 dentibus
2780 2973 3145 3056 praestigias
3166 2970 3382 3037 edunt,
3406 2967 3501 3028 vel
3534 2981 3695 3045 quae
3717 2978 3847 3023 non
3868 2966 4041 3029 sunt,

2459 3075 2677 3147 videri,
2706 3073 2827 3147 vel,
2861 3090 3023 3151 quae
3063 3077 3231 3142 sunt,
3279 3085 3409 3129 non
3438 3066 3635 3127 videri
3683 3062 3829 3143 (11).
3857 3087 3882 3115 ››
3916 3059 4041 3119 Sed

790 3184 1025 3263 nequit,
1069 3202 1198 3246 non
1247 3186 1331 3247 ita
1370 3192 1587 3259 mutat,
1618 3161 1687 3246 ut
1718 3185 1815 3256 sit,
1847 3183 1957 3244 sed
1985 3189 2053 3243 ut
2078 3181 2361 3243 videatur
2387 3189 2429 3243 C
2462 3175 2769 3255 exempla,
2791 3191 3004 3252 magos
3036 3171 3387 3252 praestigiis
3409 3167 3714 3237 effecisse,
3746 3172 3815 3224 ut
3844 3161 4044 3222 homo

789 3292 1023 3349 tantum
1066 3303 1227 3366 equa
1255 3303 1416 3348 esse.
1436 3285 1616 3366 Apud
1643 3290 1883 3346 veteres
1904 3283 2181 3344 ethnicas
2214 3298 2361 3357 gen-

788 3392 883 3449 tes
910 3386 1200 3465 legimus,
1234 3388 1520 3449 homines
1540 3386 1847 3467 quosdam
1872 3386 1939 3445 in
1967 3381 2257 3445 animalia
2277 3381 2361 3442 ita

860 3539 939 3610 (I)
981 3540 1042 3596 C.
1082 3540 1222 3595 infra
1254 3540 1429 3611 Caput
1456 3539 1518 3595 Ill
1551 3540 1603 3613 §.
1635 3539 1725 3593 20.

861 3632 939 3701 (2)
979 3632 1036 3686 S.
1091 3631 1365 3701 Eugeniae
1415 3634 1526 3687 vita
1567 3647 1686 3701 cap.
1737 3634 1789 3692 1,
1856 3627 1945 3681 νν
1987 3626 2133 3681 .PI‘.
2183 3626 2365 3679 Rosw.

793 3741 845 3794 p.
880 3725 1006 3787 310,
1037 3726 1089 3779 1.

866 3815 947 3885 (5)
986 3815 1093 3869 Tit.
1120 3814 1254 3869 Cod.
1272 3814 1340 3868 de
1357 3812 1616 3868 maleﬁcis
1639 3806 2237 3871 etmathematicisUX,
2260 3806 2367 3873 18).

866 3908 944 3977 (4)
984 3906 1094 3961 Lex
1123 3907 1155 3961 5
1185 3906 1319 3961 Cod.
1350 3908 1385 3960 1.
1419 3907 1450 3958 1.

866 3997 943 4065 (5)
986 3996 1043 4051 S.
1096 3995 1389 4052 Hilarionis
1428 3998 1536 4049 vita
1581 4011 1701 4064 cap.
1754 3994 1842 4059 14,
1879 3990 1991 4044 VV.
2026 3989 2129 4043 PP.
2182 3989 2365 4044 Rosw.

797 4107 850 4159 p.
889 4089 976 4154 78,
1012 4092 1047 4143 2
1081 4106 1202 4159 sqq.

868 4180 945 4249 (6)
983 4178 1174 4249 Odyss.
1218 4178 1283 4241 Χ,
1341 4178 1444 4233 229
1488 4193 1651 4252 sqq.;
1691 4174 1848 4231 Ovid.
1897 4176 2109 4229 Metam.
2145 4174 2240 4227 lib.
2278 4172 2367 4234 lll,

800 4271 901 4326 195
956 4286 1115 4339 sqq.;
1168 4270 1419 4337 Aescliyl.
1486 4267 1883 4331 Prometheus;
1938 4264 2095 4320 Ovid.
2152 4264 2367 4318 Metam.

798 4363 893 4419 lib.
931 4364 969 4425 I,
1002 4362 1125 4416 6I0.

867 4456 944 4524 (τ)
987 4455 1185 4510 Herod.
1218 4454 1306 4519 ιν,
1342 4455 1460 4507 105.

868 4550 948 4619 (8)
986 4548 1192 4602 Grimm
1224 4546 1551 4617 Mythologie
1594 4543 1691 4598 Ed.
1726 4542 1744 4595 I
1776 4559 1829 4612 p.
1864 4541 1988 4596 625.
2020 4539 2123 4594 Ubi
2157 4541 2238 4592 vir
2270 4539 2369 4591 do-

800 4650 919 4695 ctus
949 4655 1056 4693 non
1082 4639 1307 4693 omnino
1338 4652 1461 4691 vere
1488 4637 1694 4691 dixisse
1725 4635 1939 4687 videtur
1963 4651 1978 4698 ;
2006 4649 2130 4685 nam
2164 4634 2217 4684 in
2247 4630 2370 4684 Tri-

2466 3278 2937 3357 conspiceretur
2964 3274 3216 3349 animal,
3253 3272 3447 3333 multa
3476 3267 3739 3330 inveniri
3770 3266 3868 3323 vix
3901 3279 4044 3323 cre—

2467 3375 2857 3457 diderim(12)
2872 3377 3257 3453 .Quanquam
3277 3372 3396 3432 alia
3414 3368 3741 3432 oculorum
3776 3360 4048 3424 ludibria

2472 3531 2647 3600 Migne
2684 3530 2885 3585 Patrol.
2925 3530 2987 3583 Τ.
3026 3527 3092 3581 IlI
3123 3544 3175 3598 p.
3208 3526 3335 3580 322.

2538 3624 2648 3693 (12)
2684 3623 2743 3679 S.
2806 3623 3145 3691 Augustinus
3197 3618 3265 3673 de
3312 3619 3418 3671 civ.
3461 3614 3550 3669 Dei
3575 3610 3852 3677 XVIII,I8
3882 3629 3894 3663 :
3925 3626 3945 3659 ί
3978 3607 4046 3660 Et

2473 3730 2623 3781 nos,»
2674 3712 2871 3783 inquit,
2900 3730 2919 3763 ς
2952 3727 3076 3765 cum
3108 3723 3355 3765 essemus
3387 3709 3439 3761 in
3473 3705 3648 3765 Italia,
3685 3702 4049 3756 audiebamus

2470 3808 2601 3861 talia
2618 3807 2684 3861 de
2701 3805 2932 3875 quadam
2962 3804 3182 3872 regione
3199 3802 3413 3854 illarum
3448 3797 3708 3867 partium,
3728 3794 3819 3847 ubi
3854 3793 4051 3845 stabu—

2472 3898 2637 3951 larias
2664 3896 2941 3955 mulieres,
2976 3893 3218 3946 imbutas
3240 3891 3326 3944 bis
3354 3890 3511 3942 malis
3536 3886 3768 3947 artibus,
3805 3884 3857 3936 in
3883 3896 4052 3934 caseo

2470 3990 2601 4043 dare
2651 3989 2828 4043 solere
2874 3986 3148 4049 dicebant,
3199 3981 3650 4053 quibus.vellent
3686 3993 3779 4032 seu
3824 3985 4053 4045 possent

2472 4083 2791 4147 viatoribus,
2832 4080 2976 4134 unde
3011 4079 3065 4131 in
3102 4079 3343 4130 iumenta
3398 4075 3545 4127 illico
3580 4080 3940 4131 verterentur,
3993 4076 4050 4118 rt

2473 4173 2781 4227 necessaria
2831 4185 3079 4241 quaeque
3127 4174 3428 4237 portarent,
3481 4174 3712 4233 postque
3754 4158 4043 4230 perfuncta

2472 4280 2636 4335 opera
2685 4264 2880 4317 iterum
2928 4262 2991 4314 ad
3051 4277 3109 4315 se
3154 4258 3423 4319 redirent,
3476 4272 3575 4309 nec
3629 4267 3807 4307 tamen
3862 4252 3916 4303 in
3968 4250 4053 4303 eis

2474 4364 2705 4409 mentem
2743 4354 2856 4407 ﬁeri
2888 4353 3191 4415 bestialem,
3228 4350 3322 4405 sed
3359 4346 3679 4401 rationalem
3718 4345 4051 4396 humanam-

2472 4465 2577 4519 que
2623 4448 2847 4508 servari,
2900 4446 3043 4500 sicut
3076 4444 3337 4513 Apuleius
3374 4443 3425 4494 in
3473 4440 3648 4499 libris.
3697 4452 3837 4506 quos
3887 4434 4050 4487 Asini

2474 4542 2623 4595 aurei
2654 4540 2812 4593 titulo
2849 4536 3150 4605 inscripsit,
3195 4535 3297 4589 sibi
3344 4533 3447 4602 ipsi
3485 4531 3777 4591 accidisse,
3808 4536 3867 4580 ut
3896 4544 4052 4580 acce-

2475 4642 2567 4700 pto
2616 4645 2844 4693 veneno,
2901 4629 3135 4679 humano
3191 4626 3373 4677 animo
3430 4630 3804 4691 permanente,
3853 4618 4053 4672 asinus

799 4731 989 4787 themii
1048 4730 1256 4784 Chron.
1321 4727 1573 4798 IIirsaug.
1627 4728 1714 4782 ed.
1777 4724 2031 4779 Francof.
2092 4722 2225 4777 1601
2304 4722 2370 4774 ad
2406 4766 2447 4819 ῃ
2478 4722 2649 4786 ﬁeret,
2692 4728 2784 4773 aut
2828 4717 3109 4779 indicavit,
3144 4723 3237 4767 aut
3293 4714 3443 4766 tinxit
3476 4733 3519 4764 ι.
3562 4710 3902 4781 Augustinus
3951 4707 4053 4759 ad-

801 4841 850 4878 a.
877 4823 1013 4879 1010
1041 4824 1106 4878 de
1132 4825 1325 4877 iuvene
1354 4838 1383 4875 a
1408 4822 1623 4875 duabus
1650 4820 1851 4874 vetulis
1884 4820 1937 4871 in
1967 4817 2199 4871 formam
2228 4816 2372 4869 asini

800 4924 1010 4969 mutato
1064 4914 1277 4984 legitur.
1322 4912 1407 4967 Cf.
1455 4911 1608 4965 Vinc.
1660 4911 1863 4964 Bellov.
1915 4908 2073 4978 Spec.
2124 4906 2244 4960 Nat.
2282 4906 2369 4969 Ill,

804 5008 925 5062 I09.
971 5005 1295 5061 Heliodorus
1348 5005 1595 5074 quemvis
1640 5003 1917 5057 hominem
1975 5002 2030 5054 in
2090 4999 2373 5068 quodlibet

802 5098 1002 5151 animal
1047 5105 1255 5152 mutare
1306 5104 1534 5166 poterat.
1588 5094 1671 5147 Cf.
1715 5091 1912 5148 Fazelli
1933 5108 2112 5145 rerum
2164 5090 2372 5144 Sicula-

803 5204 922 5241 rum
964 5189 1127 5243 decas
1180 5188 1199 5241 I
1240 5188 1335 5241 lib.
1367 5186 1454 5249 III,
1488 5188 1539 5246 1.
1574 5185 1642 5239 59
1690 5200 1811 5253 sqq.
1856 5181 2063 5237 Grimm
2106 5183 2256 5235 illum
2294 5182 2372 5234 Io-

803 5295 927 5334 cum
967 5280 1091 5334 libri
1123 5279 1205 5334 sui
1239 5280 1357 5349 ipse
1385 5280 1490 5334 iam
1520 5277 1844 5346 reprobasse
1873 5276 2120 5337 videtur;
2153 5289 2276 5326 nam
2320 5274 2371 5325 in

806 5370 977 5425 altera
1015 5372 1254 5426 editione
1301 5386 1408 5425 non
1452 5371 1702 5424 habetur.

881 5463 962 5530 (9)
1005 5463 1233 5531 Apolog.
1273 5478 1393 5531 cap.
1423 5462 1514 5515 22.
1547 5462 1636 5515 23.

879 5555 992 5625 (10)
1032 5554 1207 5609 Diviu.
1246 5556 1417 5610 instit.
1446 5555 1513 5618 II,
1550 5557 1617 5610 15
1648 5555 1700 5609 S.
1731 5554 1882 5610 Lact.
1917 5551 2055 5621 Opp.
2086 5550 2173 5605 ed.
2201 5549 2377 5620 Migue

813 5645 875 5700 Τ.
910 5649 925 5699 1
958 5664 1013 5715 p.
1049 5647 1169 5701 552.

885 5740 997 5805 (II)
1039 5736 1292 5791 Octavius
1319 5753 1442 5805 cap.
1468 5736 1561 5799 ‘26,
1602 5735 1734 5791 Bibl.
1795 5734 2016 5786 Patrum
2075 5731 2217 5785 Eccl.
2256 5730 2374 5783 Lat.

813 5833 1002 5886 select.
1046 5845 1096 5884 c.
1152 5829 1415 5885 Gersdurf
1462 5830 1556 5881 Vol
1636 5827 1743 5879 XIII
1798 5826 1923 5894 Lips
1988 5824 2139 5879 I842.
2186 5841 2237 5893 υ.
2287 5827 2375 5886 3?,

2478 4813 2604 4866 dit:
2641 4831 2658 4861 ι
2690 4810 2833 4863 Ilaec
2863 4810 2944 4861 vel
2993 4807 3127 4859 falsa
3181 4814 3328 4871 sunt,
3357 4806 3439 4857 vel
3490 4816 3599 4855 tam
3647 4803 3929 4861 inusitata.
3991 4811 4053 4853 ut

2481 4903 2675 4958 merito
2716 4917 2824 4955 non
2862 4899 3154 4952 credantur
3192 4916 3235 4948 ι.
3282 4894 3339 4948 S.
3377 4897 3513 4962 Aug.
3566 4891 3705 4961 Opp.
3738 4892 3825 4945 ed.
3871 4890 4054 4959 Migne

2481 4995 2545 5050 T.
2576 4994 2664 5047 VII
2689 4993 2915 5064 |Patro|.
2946 4989 3085 5061 XLI]
3108 5005 3158 5058 p.
3197 4988 3320 5041 574.
3342 4986 3678 5039 'I‘ritbemius
3708 4984 3882 5036 1.1.;«
3913 4984 4055 5037 Con-

2483 5088 2649 5161 tigit,»
2714 5084 2909 5152 inquit,
2953 5101 2969 5133 ‹
3005 5082 3150 5137 circa
3187 5081 3320 5133 haec
3359 5088 3602 5147 tempora
3632 5075 3847 5129 Henrici
3884 5074 4056 5143 impe-

2482 5181 2677 5235 ratoris
2713 5177 2958 5231 mirabile
2997 5176 3219 5228 factum.
3255 5171 3468 5225 Iuvenis
3510 5169 3729 5238 quidam
3780 5166 4056 5220 maleﬁcio

2481 5273 2712 5327 duarum
2751 5269 3053 5323 vetularum
3101 5267 3155 5319 in
3188 5264 3416 5318 formam
3462 5261 3602 5315 asini
3655 5266 3899 5312 mutatus
3945 5265 4053 5318 est,

2481 5364 2554 5415 ita
2585 5371 2643 5415 ut
2677 5359 2930 5415 omnibus
2980 5356 3290 5411 videntibus
3330 5355 3519 5407 asinus
3557 5356 3863 5421 appareret,
3904 5348 4054 5418 quod

2482 5455 2666 5513 multis
2692 5451 3028 5521 impossibile
3056 5450 3269 5504 videtur
3294 5462 3399 5501 non
3432 5442 3881 5513 intelligentibus,
3904 5442 4051 5509 quod

2481 5545 2841 5615 permissione
2868 5542 3053 5595 divina
3088 5542 3316 5612 spiritus
3345 5539 3617 5606 malignus
3651 5535 3843 5589 oculos
3871 5532 4050 5587 homi-

2482 5653 2609 5690 num
2643 5633 3393 5689 mirandisludiﬁcationihus
3416 5630 3641 5683 illudere
3670 5634 3870 5696 potest.
3911 5645 3928 5675 ι
3962 5624 4048 5679 CI'.

2482 5728 2636 5782 Vinc.
2667 5727 2865 5782 Bellov.
2897 5729 2931 5780 1.
2965 5727 3001 5781 1.
3030 5736 3083 5779 et
3102 5725 3299 5779 Fazelli
3330 5726 3363 5777 l.
3400 5725 3436 5775 1.
3458 5724 3515 5775 1η
3540 5720 3795 5775 Chronici
3824 5717 4050 5771 IIirsau-

2490 5822 2691 5890 gieusis
2726 5820 2964 5875 editione
3016 5818 3182 5873 altera
3229 5815 3599 5884 locupletiore,
3638 5813 3697 5866 Β.
3727 5811 3864 5865 Galli
3912 5809 4050 5863 1690
