4266 6360
273 378 335 431 45
1762 372 1958 427 VITAE

1831 372 1966 426 TAE
1986 410 1998 423 .
3439 358 3510 418 46

261 509 294 553 a
343 490 534 568 magis
592 488 748 551 facta
797 489 1005 551 medio
1045 507 1197 551 aevo
1243 506 1430 567 saepe
1478 495 1823 549 narrantur.
1857 500 1902 548 A
1931 485 2113 545 vertit
2168 484 2275 563 (3).
2313 486 2511 562 Atque
2555 481 2799 542 incolae
2832 480 3037 540 Siwan
3067 484 3235 539 UaSIS
3282 476 3506 538 hodie-

262 592 530 663 Faustus,
586 597 653 651 ut
708 607 903 651 unum
956 596 1194 650 tantum
1244 589 1530 669 prodam,
1568 605 1819 649 currum

260 688 438 751 foeno
475 695 801 751 oneratum
832 688 1131 751 devorare
1165 706 1235 750 ac
1284 695 1498 767 postea
1531 702 1819 748 evomere

262 789 512 861 videtur,
571 790 736 863 vina,
795 807 957 867 quae
1022 796 1421 868 compotores
1490 795 1729 867 optant,
1786 803 1821 847 e

260 908 465 952 mensa
489 889 677 963 elicit,
702 888 1038 969 eﬂicitque,
1059 896 1129 952 ut
1146 890 1413 969 quisque
1447 905 1632 950 nares
1659 894 1823 950 cete-

260 1007 465 1051 rorum
492 1007 608 1070 pro
636 989 771 1051 uvis
792 990 1015 1052 habeat
1053 989 1414 1070 (1).Neque,
1437 995 1648 1050 utrum
1674 987 1821 1049 dae-

263 1090 457 1152 monis
497 1106 619 1168 ope
659 1106 876 1167 magus
921 1088 1261 1167 Aegyptius
1299 1102 1499 1165 equae
1545 1084 1821 1163 speciem

260 1181 964 1267 suggesserit'feminae,
1005 1205 1041 1248 a
1077 1186 1350 1248 Palladio
1395 1191 1456 1246 et
1510 1183 1671 1245 libro
1716 1200 1821 1243 se-

260 1288 461 1350 cundo
490 1287 827 1349 edocemur
887 1284 991 1365 (2).
1047 1287 1118 1345 In
1149 1281 1513 1363 apocrypha
1548 1282 1609 1341 S.
1646 1280 1821 1341 Basi-

261 1389 322 1450 lii
351 1390 469 1449 vita
506 1422 579 1431 —
620 1387 871 1449 saeculo
901 1392 1006 1463 45
1046 1402 1185 1445 mea
1223 1383 1478 1462 quidem
1518 1380 1823 1442 sententia

261 1496 472 1549 octavo
500 1488 592 1547 vel
626 1502 795 1547 nono
812 1485 1165 1563 conscripta
1193 1517 1266 1526 ——
1295 1482 1373 1542 de
1403 1487 1678 1541 amatore
1707 1485 1824 1538 tra-

259 1594 439 1664 ditur,
488 1592 597 1669 qui
650 1590 950 1651 suadente
1005 1602 1187 1661 mago
1235 1582 1553 1644 diabolum
1614 1580 1823 1657 ipsum

258 1692 400 1763 adit,
428 1690 594 1768 apud
632 1706 821 1768 quem
884 1703 998 1765 per
1040 1684 1255 1745 literas
1288 1681 1527 1741 Christo
1584 1693 1819 1738 renun-

256 1793 383 1863 tiat,
419 1790 527 1851 sed
551 1789 782 1867 nuptiis
803 1786 978 1848 factis
1006 1784 1083 1846 ad
1115 1779 1562 1862 poenitentiam
1580 1795 1646 1839 se
1677 1792 1824 1838 con-

1926 577 2075 638 dum
2106 594 2320 653 magos
2353 575 2469 637 sibi
2506 591 2781 635 amorem
2814 572 3143 633 mulierum
3170 570 3506 632 conciliare

1922 693 2109 756 posse
2151 676 2413 737 credunt
2452 673 2557 754 (4).

2004 780 2114 852 46
2136 779 2289 851 Iam,
2317 774 2638 856 quomodo
2658 773 2959 836 Macarius
2987 772 3285 834 feminam
3315 790 3350 833 a
3368 789 3503 834 ma-

1928 876 1989 954 gi
2019 877 2369 957 praestigiis
2396 877 2614 950 solvat,
2636 873 3087 937 animadvertel
3113 872 3506 935 Orationibus

1923 977 2003 1038 ad
2032 978 2226 1039 Deum
2263 978 2618 1056 praemissis
2646 976 2959 1038 infelicem
2992 993 3154 1055 aqua
3172 975 3502 1037 benedicta

1927 1093 1963 1138 a
2013 1095 2255 1139 summo
2299 1078 2449 1139 inde
2489 1079 2721 1140 vertice
2771 1078 2990 1156 capitis
3035 1077 3389 1151 madefacit,
3435 1081 3507 1137 ut

1924 1178 2235 1240 Palladius
2296 1186 2525 1252 narrat,
2577 1179 2718 1242 oleo
2770 1186 2983 1240 sancto
3048 1179 3361 1258 perungit,
3419 1184 3508 1238 te-

1924 1275 2297 1338 stantelibro
2326 1276 2629 1338 secundo.
2657 1277 2834 1349 Quod
2866 1276 3117 1355 quidem
3144 1283 3502 1355 utrumque,

1926 1381 1986 1435 et
2001 1374 2210 1436 oleum
2227 1382 2285 1435 et
2306 1392 2465 1454 aqua
2484 1376 2834 1450 benedicta,
2867 1377 3033 1455 apud
3046 1394 3228 1437 senes
3245 1377 3508 1455 Aegypti

1921 1474 1988 1534 in
2017 1493 2137 1535 usu
2187 1474 2305 1535 fuit
2346 1476 2423 1535 ad
2471 1492 2801 1552 magorum
2828 1476 3101 1538 fallacias
3118 1476 3504 1536 evertendas.

1925 1574 2057 1634 Olei
2081 1594 2230 1636 usus
2265 1576 2341 1637 ad
2386 1578 2697 1638 curandos
2725 1578 3028 1651 infirmos,
3071 1595 3271 1657 aquae
3308 1578 3506 1638 bene—

1925 1675 2123 1737 dictae
2167 1682 2240 1737 ad
2298 1694 2623 1754 magorum
2681 1679 3136 1741 incantationes
3182 1678 3508 1740 solvendus

1927 1775 2318 1855 frequentior
2348 1778 2541 1840 fuisse
2572 1780 2834 1841 videtur.
2877 1784 3048 1859 Aqua
3084 1780 3411 1842 benedicta
3449 1785 3509 1839 et

260 2011 319 2065 T.
363 2010 377 2062 l
414 2028 463 2078 p.
504 2009 623 2074 155,
660 2008 872 2067 eadem,
918 2012 978 2059 ut
1024 2004 1256 2067 videtur,
1303 1996 1702 2054 bistoriuncula
1752 1993 1819 2047 ad
1861 1976 1901 2031 Β
1932 1993 2016 2047 cia
2050 1996 2264 2050 occulta
2307 2006 2434 2054 stitit
2486 1999 2678 2060 multa,
2722 1998 2925 2053 iniusta
2978 2000 3150 2053 nulla.
3201 1998 3312 2055 Nec
3370 2016 3506 2056 sane

260 2121 311 2157 a.
358 2104 496 2157 1015
533 2103 663 2155 haec
695 2100 932 2153 traditur
971 2117 983 2151 :
1028 2116 1046 2146 ι
1085 2096 1245 2149 Circa
1297 2093 1430 2147 haec
1461 2100 1705 2158 tempora
1738 2101 1824 2140 res

257 2197 499 2249 miranda
550 2193 851 2261 contigisse
895 2191 950 2243 in
985 2187 1299 2258 Burgundia
1344 2184 1573 2253 legitur,
1616 2180 1684 2235 de
1721 2194 1824 2247 qua

258 2285 408 2337 multi
482 2283 757 2351 sapientes
810 2278 1179 2333 diVersimode
1244 2276 1559 2344 opinantur.
1632 2268 1827 2323 Mulier

256 2378 519 2444 quaedam
567 2386 735 2441 saga,
790 2370 979 2439 quales
1020 2368 1183 2437 vulgo
1231 2374 1377 2419 recte
1426 2364 1698 2416 inalelicas
1731 2374 1827 2428 ap-

256 2470 552 2538 pellamus,
592 2465 842 2517 iuvenem
865 2459 1135 2532 quendam
1176 2458 1372 2529 poculo
1400 2463 1687 2511 cxcantato
1710 2453 1827 2506 dia-

257 2559 449 2612 bolicis
498 2571 607 2609 non
652 2555 875 2609 dubium
914 2552 1253 2608 carminibus
1296 2550 1348 2601 in
1400 2548 1628 2603 bestiam
1677 2559 1826 2598 com-

256 2658 498 2704 mutasse
537 2650 652 2703 visa
702 2656 806 2711 est,
858 2647 934 2701 ita
969 2645 1113 2715 quod
1158 2642 1413 2697 omnibus
1436 2680 1449 2702 ,
1480 2640 1571 2709 qui
1604 2652 1722 2692 eam
1759 2636 1831 2688 vi-

255 2743 470 2805 derant,
503 2757 610 2795 non
648 2740 833 2805 homo,
867 2737 961 2793 sed
994 2738 1183 2791 asinus
1211 2734 1524 2805 apparebat.
1564 2729 1717 2795 Quae
1745 2742 1830 2781 res

255 2851 420 2905 quam
454 2836 525 2888 sit
560 2833 736 2888 facilis
764 2832 1109 2901 permittente
1142 2828 1271 2889 Deo,
1322 2842 1384 2879 ac
1433 2838 1591 2893 sagae
1634 2835 1831 2887 coepe-

257 2934 413 2979 rante
471 2924 724 2987 diabolo,
782 2923 887 2974 iam
962 2917 1167 2973 dudum
1222 2916 1488 2969 sententia
1549 2915 1829 2965 doctorum

259 3018 601 3085 exploratum
637 3015 926 3076 habemus,
968 3011 1061 3080 qui
1089 3008 1439 3067 conﬁrmant,
1476 3005 1695 3057 diabolo
1726 3015 1831 3054 non

262 3125 386 3163 esse
416 3107 654 3169 difficile,
692 3105 854 3158 modo
886 3104 1272 3171 cunctipotens
1311 3096 1617 3168 permiserit
1666 3092 1829 3153 Deus,

259 3199 540 3252 hominum
573 3197 824 3265 decipere
850 3209 1095 3248 sensus.»

326 3292 406 3359 (l)
458 3289 552 3343 Die
598 3289 736 3357 Sage
781 3304 885 3341 von
946 3286 1147 3339 Doctor
1189 3283 1464 3337 Johannes
1513 3278 1681 3331 Faust
1729 3294 1825 3331 un-

256 3392 388 3436 tcrs.
422 3398 525 3434 von
559 3378 619 3431 ll.
662 3378 894 3431 Diintzer
924 3377 1059 3430 1846
1088 3392 1139 3445 p.
1176 3374 1296 3426 177.
1328 3373 1453 3426 205.
1490 3373 1574 3424 7U.
1614 3370 1827 3423 Similia

256 3471 501 3539 prodigia
553 3471 604 3521 in
662 3468 862 3536 oppido
918 3465 1234 3519 Crucenaco
1294 3463 1552 3531 magister
1608 3460 1828 3513 Theode

258 3560 446 3626 Magnis
481 3557 628 3610 ferit.
668 3556 738 3609 De
772 3572 880 3624 quo
921 3554 1256 3608 Trithcniius
1307 3554 1356 3602 in
1410 3551 1603 3603 chron.
1652 3548 1829 3616 Span-

255 3653 421 3704 heim.
461 3650 524 3702 ad
558 3664 608 3702 a.
644 3649 781 3701 1262
804 3648 889 3700 ed.
924 3645 1174 3698 Francof.
1215 3660 1265 3697 a.
1306 3641 1433 3695 1601
1477 3657 1526 3709 p.
1558 3639 1663 3691 ΞΜ
1698 3639 1831 3691 haec

255 3751 444 3794 narrat
473 3760 483 3792 :
520 3760 536 3789 ι
568 3743 721 3793 Αιιηο
752 3738 979 3791 Joannis
1002 3738 1213 3789 abbatis
1236 3735 1396 3787 huius
1422 3731 1735 3785 monasterii
1759 3728 1829 3787 X,

255 3836 408 3885 venit
446 3832 664 3900 quidam
722 3832 883 3883 homo
942 3846 1007 3883 ex
1063 3828 1304 3897 partibus
1359 3824 1708 3878 inferioribus
1764 3822 1829 3875 ad

257 3940 439 3978 terras
477 3926 625 3984 istas,
662 3922 753 3990 qui
788 3920 1085 3974 vocabatur
1124 3918 1380 3985 magister
1422 3914 1666 3977 Theodo,
1708 3927 1826 3965 ma-

253 4032 358 4078 gus
390 4023 443 4066 et
478 4014 858 4081 praestigiator
899 4009 1259 4068 admirabilis,
1303 4007 1393 4075 qui
1441 4006 1607 4057 multa
1654 4010 1706 4056 et
1745 4002 1827 4053 in-

252 4107 550 4161 credibilia
591 4103 718 4157 fecit
751 4100 1017 4171 prodigia.
1052 4097 1184 4152 Nam
1234 4100 1287 4151 in
1335 4096 1535 4166 Oppido
1566 4095 1829 4147 Creutze~

253 4200 429 4254 nacht
473 4210 655 4249 coram
707 4194 855 4248 omni
903 4192 1105 4262 populo
1148 4190 1361 4259 publice
1402 4189 1455 4239 in
1506 4186 1625 4240 foro
1668 4192 1830 4252 caput

255 4290 451 4341 famuli
483 4288 564 4339 sui
601 4284 923 4352 amputavit,
958 4279 1100 4349 quod
1127 4287 1244 4348 post
1279 4278 1515 4345 spatium
1552 4273 1714 4327 unius
1754 4271 1830 4323 di—

253 4382 462 4432 midiae
492 4379 659 4430 horae
686 4375 901 4443 corpori
934 4372 1165 4426 iacentis
1201 4368 1461 4423 restituit.
1507 4366 1641 4420 Cum
1678 4364 1831 4417 cani-

256 4476 363 4525 bus
405 4474 457 4523 in
510 4484 632 4523 aere
671 4467 826 4537 quasi
862 4466 927 4519 ad
960 4462 1267 4517 venandum
1299 4460 1577 4513 ambulare
1613 4456 1832 4509 videba-

252 4577 369 4625 tur,
417 4561 719 4615 ascendens
764 4567 926 4627 atque
979 4553 1338 4614 descendens,
1386 4559 1439 4606 et
1494 4552 1738 4604 clamans
1778 4546 1833 4599 in

1929 2087 2223 2144 daemones
2263 2099 2486 2146 naturas
2530 2099 2740 2155 creant,
2782 2092 2827 2146 si
2879 2092 3083 2162 aliquid
3124 2093 3231 2147 tale
3265 2093 3496 2157 faciunt,

1930 2178 1995 2232 de
2024 2180 2277 2247 qualibus
2305 2180 2462 2237 factis
2506 2183 2607 2237 ista
2654 2184 2883 2237 vertitur
2911 2187 3196 2253 quaestio;
3248 2187 3343 2240 scd
3378 2203 3507 2256 spe-

1929 2270 2013 2323 cie
2042 2280 2218 2335 tenus,
2248 2289 2389 2342 quae
2410 2289 2439 2327 a
2470 2289 2598 2327 vero
2622 2273 2732 2329 Deo
2758 2282 2886 2328 sunt
2910 2286 3111 2335 creata.
3138 2286 3500 2338 commutant,

1930 2370 1991 2416 ut
2016 2363 2301 2419 videantur
2325 2381 2448 2421 esse
2473 2366 2619 2435 quod
2656 2382 2764 2420 non
2792 2376 2940 2421 sunt.
2966 2368 3081 2422 Non
3110 2369 3293 2437 itaque
3322 2371 3501 2424 solum

1931 2455 2194 2518 animum,
2232 2458 2324 2512 sed
2359 2473 2459 2511 nec
2489 2474 2692 2528 corpus
2721 2459 2941 2527 quidem
2978 2460 3088 2513 ulla
3137 2462 3349 2516 ratione
3385 2477 3507 2516 cre-

1932 2545 2162 2601 diderim
2186 2547 2509 2602 daemonum
2546 2558 2662 2603 arte
2689 2550 2773 2603 vel
2802 2557 3065 2619 potestate
3093 2552 3145 2605 in
3174 2554 3418 2607 membra
3449 2563 3505 2607 et

1934 2636 2262 2691 lineamenta
2302 2640 2551 2694 bcstialia
2596 2642 2862 2696 veraciter
2897 2657 3057 2711 posse
3089 2646 3359 2709 converti,
3402 2645 3498 2698 sed

1935 2728 2332 2796 phantasticum
2370 2733 2627 2795 hominis,
2664 2734 2807 2802 quod
2842 2735 3005 2786 etiam
3050 2734 3347 2804 cogitando
3395 2736 3515 2792 sive

1936 2822 2257 2875 somniando
2286 2839 2381 2891 per
2408 2840 2587 2877 rerum
2625 2825 3046 2878 innumerabilia
3086 2840 3285 2893 genera
3318 2828 3494 2881 varia-

1935 2924 2043 2977 tur,
2078 2924 2132 2967 et
2174 2931 2295 2967 cum
2348 2930 2548 2984 corpus
2593 2931 2701 2969 non
2748 2917 2838 2979 sit,
2879 2930 3171 2985 corporum
3212 2925 3392 2973 tamen
3436 2920 3499 2973 si-

1933 3007 2090 3061 miles
2146 3007 2281 3059 mira
2339 3009 2614 3061 celeritate
2674 3008 2876 3064 formas
2935 3010 3109 3077 capit,
3170 3010 3361 3078 sepitis
3416 3022 3507 3063 aut

1934 3100 2213 3167 oppressis
2250 3100 2529 3169 corporeis
2566 3100 2804 3155 hominis
2857 3102 3132 3164 sensibus,
3169 3102 3233 3153 ad
3275 3102 3507 3154 aliorum

1937 3207 2156 3243 sensum
2193 3193 2379 3246 nescio
2412 3208 2520 3261 quo
2561 3192 2820 3247 ineffabili
2849 3193 3012 3246 modo
3046 3192 3213 3262 ﬁgura
3244 3208 3507 3261 corporea

1940 3296 2099 3349 posse
2140 3282 2383 3351 perduci,
2432 3285 2600 3336 itaut
2648 3300 2880 3353 corpora
2921 3287 3035 3353 ipsa
3084 3287 3362 3338 hominum
3412 3287 3509 3339 ali-

1935 3372 2057 3425 cuhi
2096 3373 2330 3436 iaceant,
2370 3375 2606 3428 viventia
2638 3375 2883 3445 quidem,
2941 3379 3033 3430 sed
3086 3378 3257 3430 multo
3289 3376 3508 3446 gravius

1941 3473 2101 3532 atque
2137 3465 2518 3520 vehementius
2546 3482 2710 3534 quam
2743 3482 2935 3521 somno
2973 3468 3089 3521 suis
3124 3468 3379 3521 sensibus
3414 3470 3510 3522 ob-

1936 3557 2165 3621 seratis;
2210 3557 2612 3625 phantasticum
2661 3566 2840 3612 autem
2877 3559 3008 3611 illud
3054 3559 3215 3612 veluti
3247 3574 3505 3629 corpora-

1934 3656 2047 3701 tum
2084 3650 2136 3701 in
2171 3650 2402 3704 alicuius
2453 3650 2703 3705 animalis
2749 3649 2921 3721 eﬂigie
2966 3661 3226 3719 appareat
3257 3653 3512 3707 sensibus

1934 3739 2146 3801 alienis,
2199 3741 2433 3808 talisque
2481 3742 2644 3795 etiam
2690 3742 2794 3797 sibi
2848 3743 3011 3795 homo
3069 3759 3189 3797 esse
3238 3744 3506 3805 videatur,

1932 3831 2074 3884 sicut
2102 3833 2223 3885 talis
2264 3833 2365 3886 sibi
2396 3833 2563 3887 videri
2598 3843 2783 3903 posset
2827 3835 2881 3889 in
2924 3838 3155 3899 somnis,
3192 3848 3245 3890 et
3274 3844 3501 3904 portare

1932 3937 2131 3983 onera;
2160 3939 2297 3992 quae
2326 3940 2515 3987 onera,
2547 3928 2589 3979 si
2621 3943 2746 3980 vera
2776 3936 2904 3980 sunt
2936 3943 3187 3995 corpora,
3224 3937 3511 3996 portantur

1934 4030 1961 4067 a
1989 4016 2370 4082 daemonibus,
2408 4028 2463 4071 ut
2494 4021 2749 4073 illudatur
2777 4021 3114 4082 hominibus,
3143 4023 3340 4090 partim
3378 4037 3506 4074 vera

1933 4120 2155 4159 onerum
2186 4121 2439 4175 corpora,
2471 4112 2667 4177 partim
2706 4112 3077 4164 iumentorum
3107 4111 3243 4166 falsa
3270 4128 3505 4168 cernen-

1932 4197 2098 4249 tibus.
2140 4216 2155 4245 ι
2201 4197 2257 4250 S.
2284 4200 2419 4267 Aug.
2453 4198 2588 4270 Opp.
2628 4202 2713 4255 ed.
2749 4202 2923 4271 Migne
2951 4201 3015 4253 Τ.
3061 4201 3154 4255 Vll
3184 4219 3237 4271 p.
3275 4203 3383 4257 57$
3419 4220 3503 4274 sq.

2006 4287 2081 4357 (ὃ)
2123 4287 2243 4341 Vita
2294 4288 2348 4339 S.
2398 4289 2615 4355 Basilii,
2661 4292 2927 4359 scriptore
2975 4291 3510 4362 PseudooAmphilo-

1935 4380 2081 4431 chio.
2114 4395 2231 4447 cap.
2287 4405 2294 4414 ι
2362 4380 2461 4431 t’V.
2501 4380 2606 4433 PP.
2634 4380 2816 4437 Rosw.
2850 4400 2900 4451 p.
2934 4383 3056 4446 156,
3089 4384 3111 4435 1
3143 4400 3263 4453 sqq.
3290 4383 3362 4437 cf.
3395 4384 3503 4437 AA.

1940 4466 2037 4523 SS.
2074 4468 2207 4523 Boll.
2248 4469 2391 4523 Junu
2441 4471 2499 4523 T.
2540 4472 2579 4523 Il
2609 4489 2661 4540 p.
2705 4473 2805 4527 307
2853 4490 2972 4543 sqq.
3026 4472 3140 4528 Hoc
3183 4475 3505 4543 antiquissi-

1936 4576 2084 4614 mum
2140 4574 2281 4629 paco
2336 4577 2457 4614 cum
2511 4563 2727 4616 diabolo
2773 4564 2891 4616 initi
2947 4567 3258 4634 exemplum
3308 4576 3413 4629 est,
3463 4570 3510 4621 si

251 4652 548 4705 altissimis
604 4650 758 4719 quasi
823 4665 851 4700 a
905 4648 1151 4701 remotis.
1214 4647 1499 4697 Armatum
1552 4640 1827 4693 hominem
1870 4660 1912 4713 ι)

1816 4655 1827 4691 ι
1870 4660 1912 4713 ι)
1942 4647 2597 4718 Pseudo-Amphilochius
2645 4652 2907 4713 fabulam,
2944 4669 3108 4721 quam
3141 4655 3211 4707 ab
3254 4654 3501 4709 Ilelladio

253 4746 564 4796 devorasse
617 4740 929 4808 putabatur.
994 4736 1204 4790 Currus
1262 4747 1478 4803 quoque
1528 4731 1689 4800 lignis
1741 4744 1838 4782 seu

255 4838 427 4887 foeno
460 4841 716 4887 oneratos
746 4847 868 4884 cum
896 4831 1053 4898 equis
1077 4828 1375 4889 devoravit,
1418 4824 1561 4878 sicut
1589 4820 1839 4875 nescien-

253 4938 343 4983 tes
384 4926 605 4979 modum
651 4924 933 4991 putabant.
976 4921 1093 4973 Alia
1130 4933 1347 4988 quoque
1391 4913 1657 4982 stupenda
1692 4910 1836 4975 fecit,

252 5034 403 5089 quae
434 5016 601 5069 scribi
643 5016 746 5068 hoc
778 5014 833 5067 in
870 5013 987 5067 loco
1014 5010 1347 5081 superfluum
1375 5008 1524 5061 duxi.
1564 5024 1580 5055 ›

333 5107 419 5175 (2)
480 5104 663 5173 Magos
715 5104 822 5157 vim
870 5118 1023 5158 suam
1081 5101 1147 5154 ad
1207 5100 1451 5169 prodigia
1504 5098 1749 5153 facienda
1806 5114 1835 5151 a

252 5199 533 5252 daemone
560 5203 807 5264 repetere
843 5194 991 5248 credi
1027 5193 1184 5247 solet.
1220 5192 1294 5246 De
1332 5190 1596 5261 prodigiis
1629 5200 1835 5252 autem,

252 5302 404 5355 quae
432 5283 717 5338 daemonis
732 5299 834 5353 ope
850 5282 1038 5346 edunt,
1062 5281 1119 5336 S.
1138 5282 1477 5351 Augustinus
1500 5283 1533 5334 l.
1556 5282 1593 5334 l.
1627 5300 1639 5335 :
1678 5299 1695 5331 ‹
1722 5279 1841 5333 Fir-

256 5378 513 5431 missime
540 5385 770 5443 tamen,»
866 5376 1062 5444 inquit,
1100 5394 1118 5425 ‹
1151 5374 1484 5428 credendum
1518 5384 1625 5438 est,
1659 5375 1840 5427 omni-

256 5475 544 5534 potentem
583 5462 749 5516 Deum
781 5464 966 5517 omnia
1013 5480 1173 5532 posse
1206 5462 1386 5517 facere
1411 5478 1551 5532 quae
1581 5464 1836 5527 voluerit,

254 5561 381 5612 sive
427 5556 782 5620 vindicando,
832 5557 946 5611 sive
990 5556 1337 5624 praestando,
1394 5571 1495 5609 nec
1549 5556 1842 5609 daemones

255 5651 475 5720 aliquid
506 5649 718 5718 operari
759 5648 1059 5704 secundum
1092 5658 1320 5704 naturae
1350 5664 1481 5703 suae
1518 5649 1837 5718 potentiam,

254 5743 395 5809 quia
430 5751 488 5794 et
520 5741 635 5809 ipsa
668 5740 913 5810 angelica
944 5748 1194 5793 creatura
1221 5750 1323 5804 est,
1352 5739 1478 5793 licet
1508 5740 1728 5808 preprio
1768 5739 1839 5792 sit

254 5834 404 5890 vitio
435 5836 693 5904 maligna,
733 5835 835 5890 nisi
864 5834 1006 5904 quod
1034 5834 1122 5889 illc
1150 5834 1475 5906 permiserit,
1512 5832 1668 5887 cuius
1696 5830 1840 5885 iudi-

1940 4737 2118 4791 Basilii
2153 4740 2403 4793 ministro
2453 4756 2510 4793 se
2545 4741 2825 4808 accepisse
2862 4741 3047 4804 refert,
3101 4758 3290 4796 revera
3330 4758 3360 4796 e
3392 4746 3500 4797 vita

1942 4821 1996 4875 S.
2032 4821 2237 4884 Basilii,
2280 4840 2439 4891 quam
2483 4823 2760 4879 Ilelladius
2793 4826 3033 4894 scripsit,
3081 4835 3362 4881 mutuatus
3397 4835 3502 4880 est.

1942 4914 2273 4968 Foederibus
2326 4913 2612 4982 Theophili
2657 4917 2986 4970 vicedomini
3034 4919 3166 4982 (AA.
3218 4917 3317 4971 SS.
3370 4917 3504 4972 Bell.

1940 5003 2097 5061 Febr.
2126 5005 2189 5062 T.
2228 5006 2244 5059 l
2272 5022 2322 5074 p.
2354 5006 2478 5059 484.
2521 5006 2660 5069 888;
2702 5008 2940 5060 Sommer
2967 5007 3033 5061 de
3064 5007 3351 5079 Theophili
3386 5027 3511 5064 cum

1939 5100 2154 5153 diabolo
2182 5100 2394 5153 foedere
2420 5100 2593 5153 lterol.
2628 5101 2807 5159 1844).
2838 5099 3078 5153 Militarii
3104 5099 3284 5167 (Mone
3314 5103 3513 5155 Anzei-

1939 5206 2025 5260 ger
2066 5191 2204 5244 1834
2231 5207 2282 5260 p.
2334 5191 2441 5244 9.66
2488 5194 2654 5260 sqq.),
2703 5192 2979 5247 lleliodori
3015 5192 3145 5263 (Vit.
3200 5194 3258 5247 S.
3311 5192 3511 5251 Leonis

1940 5283 2196 5337 Cataniae
2228 5282 2405 5352 Episc.
2441 5286 2548 5336 AA.
2578 5283 2676 5336 SS.
2712 5284 2847 5338 lioll.
2889 5284 3045 5338 Febr.
3075 5284 3139 5337 T.
3174 5284 3241 5337 lll
3273 5303 3325 5354 p.
3352 5286 3509 5355 9.24),

1941 5377 2170 5428 aliorum
2203 5390 2327 5427 cum
2367 5376 2582 5428 diabolo
2630 5378 2751 5430 ictis
2796 5392 2902 5429 non
2938 5391 3090 5429 amor
3136 5378 3348 5446 puellae
3388 5378 3513 5430 inii-

1944 5465 2191 5528 eiendus,
2226 5466 2320 5520 sed
2349 5467 2603 5530 honores,
2637 5467 2875 5528 divitiae,
2909 5477 3055 5522 artes
3078 5469 3323 5537 magicae
3343 5483 3510 5537 expe-

1946 5565 2154 5610 ῑιιηιυῐ.

2017 5649 2090 5716 (4)
2136 5646 2196 5702 ν.
2238 5648 2503 5709 Minutoli,
2548 5647 2704 5703 Reise
2748 5667 2871 5703 zum
2903 5649 3125 5719 Tempel
3166 5652 3261 5706 des
3288 5650 3508 5721 Jupiter

1946 5740 2175 5792 Ammon
2205 5740 2257 5793 iu
2300 5741 2393 5794 der
2419 5741 2696 5809 libyschen
2729 5740 3510 5812 WiisteundnachOberacgy.

1947 5840 2099 5901 pten,
2123 5831 2373 5901 herausg.
2402 5847 2503 5885 von
2531 5830 2620 5884 Dr.
2648 5828 2905 5890 Toelkcn,
2934 5826 3111 5882 Berlin
3140 5830 3275 5883 1824
3298 5846 3350 5900 p.
3380 5831 3504 5885 179,,
