4266 6360
766 380 836 442 Π
1596 385 1694 443 SS.
1738 386 2202 445 ΜΑυΑιιιυῐιυΜ
2242 385 2559 442 AEGYPTH
2601 385 2688 442 ΕΤ
2721 386 3189 443 ALEXANDRINI
3949 386 4021 449 48

768 493 913 555 oleo
943 500 1156 556 sancto
1178 496 1477 558 Macarius
1504 498 1955 563 Alexandrinus
1987 502 2341 563 daemonia—
2370 506 2412 559 Α
2444 502 2611 580 typis
2645 503 2927 564 nondum
2962 502 3209 580 vulgata
3239 507 3350 573 est,
3385 501 3522 561 fuse
3563 508 3838 564 narrant.
3872 504 4017 564 Cas—

768 609 916 655 cum
968 599 1144 656 curat
1174 593 1283 675 (1).
1325 599 1501 676 Aqua
1524 597 1630 659 illa
1668 599 1730 659 S.
1764 600 2043 664 Hilarion
2062 603 2338 664 incanta-

769 695 974 756 tiones
1032 712 1352 773 magorum
1414 714 1451 758 a
1494 698 1738 761 stabulo
1782 699 1916 762 Itali
1962 702 2179 763 avertit
2225 700 2329 782 (2),

768 796 1167 859 Macedonius
1188 797 1510 860 mulierem
1534 799 1841 864 daemone
1868 801 2166 881 ingluviei
2186 803 2338 865 libe-

768 904 863 958 rat
949 897 1057 975 (3),
1121 898 1377 960 insanae
1462 900 1751 962 medetur
1825 900 1932 981 (4),
2002 902 2336 982 Aphraates

770 1013 999 1075 equum
1069 998 1473 1077 Imperatoris
1528 1008 1703 1063 sanat
1757 1002 1865 1081 (5),
1914 1002 2185 1065 locustas
2235 1022 2336 1066 ar-

769 1104 867 1155 cet
897 1093 1003 1174 (6).
1036 1100 1211 1175 Aqua
1253 1114 1289 1157 a
1329 1100 1585 1161 senibus
1642 1100 1973 1164 benedicta
2007 1127 2033 1158 «
2071 1104 2339 1167 salutare

768 1191 1173 1272 pharmacum
1199 1218 1227 1250 ι)
1248 1203 1521 1269 vocatur,
1543 1215 1670 1276 quo
1703 1206 1763 1260 et
1782 1200 1985 1262 morbi
2014 1201 2337 1281 depellun-

768 1299 894 1364 tur,
927 1298 985 1351 et
1016 1292 1354 1355 daemones
1393 1294 1609 1372 fugere
1671 1302 1978 1374 coguntur
1999 1297 2105 1376 (7).
2138 1301 2334 1359 Exor-

770 1391 999 1453 cismos
1028 1398 1237 1455 tamen
1271 1410 1305 1454 a
1337 1396 1593 1457 senibus
1632 1398 1710 1459 ad
1747 1397 2119 1462 daemonem
2159 1417 2335 1462 emo-

771 1491 1041 1552 vendum
1070 1492 1380 1555 adhibitos
1402 1512 1536 1556 esse
1565 1514 1692 1557 non
1715 1498 1944 1576 reperi.

849 1593 1043 1653 Porro
1078 1611 1349 1667 causam,
1385 1613 1497 1656 cur
1542 1614 1758 1673 magus
1797 1598 2066 1661 feminae
2113 1618 2343 1662 nocere

774 1693 1070 1771 potuerit,
1086 1695 1385 1755 Macarius
1414 1694 1576 1757 hanc
1596 1696 1850 1771 indicat,
1871 1699 2041 1777 quod
2062 1700 2344 1778 quinque

774 1807 846 1852 ca
875 1789 1372 1855 hebdomadibus
1408 1812 1536 1856 non
1584 1798 1916 1858 accesserit
1953 1797 2030 1859 ad
2076 1799 2338 1860 inteme-
2377 1839 2418 1896 θ

772 1895 901 1954 rata
934 1891 1152 1954 Christi
1182 1896 1493 1973 mysteria.
1534 1898 1768 1969 Quibus
1820 1900 2024 1961 verbis
2069 1901 2345 1963 euchari-

774 1988 949 2049 stiam
977 1990 1262 2069 intelligi,
1286 1992 1387 2052 vix
1416 1993 1731 2071 ambigere
1756 1998 2009 2077 poteris.
2043 1999 2342 2061 Euchari-

773 2090 887 2151 stia
922 2098 1131 2153 autem
1165 2092 1489 2155 illusiones
1520 2096 1896 2159 daemonum
1917 2099 2114 2161 arceri
2134 2108 2260 2170 aut,
2293 2102 2346 2161 si

771 2189 1085 2253 adhibitae
1129 2199 1296 2266 sunt,
1347 2193 1605 2267 destrui,
1673 2197 2035 2276 saepissime
2096 2198 2341 2276 legitur.

773 2290 1121 2365 Cassianus,
1144 2299 1212 2352 ut
1233 2310 1429 2354 unum
1458 2311 1493 2355 e
1534 2295 1746 2357 multis
1787 2298 2146 2378 exemplum
2188 2300 2342 2361 affe-

772 2408 1004 2466 ramus,
1032 2392 1610 2473 iuvenem,sumpto
1638 2414 1799 2475 pane
1821 2399 2094 2473 caelesti,
2126 2400 2203 2460 ab
2224 2400 2342 2460 im-

774 2488 1003 2568 pudica
1048 2489 1426 2553 daemonum
1469 2491 1760 2557 illusione
1815 2495 2145 2558 liberatum
2208 2514 2345 2558 esse

773 2591 961 2654 tradit
997 2591 1103 2670 (8).
1135 2595 1334 2671 Atque
1372 2592 1491 2655 alia
1540 2595 1849 2675 exempla,
1875 2596 2102 2675 quibus
2123 2597 2350 2659 eucha-

775 2692 949 2756 ristia
983 2694 1348 2773 praestigias
1388 2695 1767 2757 daemonum
1798 2696 2030 2759 solutas
2065 2716 2200 2759 esse
2230 2700 2347 2760 do—

777 2810 1015 2868 cemur,
1048 2793 1254 2855 Delrio
1281 2796 1618 2873 congessit,
1657 2796 1735 2856 ad
1778 2798 1956 2857 cuius
1984 2797 2212 2859 librum
2235 2799 2345 2859 de-

776 2910 1056 2971 regamus
1090 2892 1195 2973 (9).
1244 2894 1306 2954 Si
1334 2911 1481 2955 vero
1537 2894 1749 2956 intima
1802 2914 1943 2957 cum
1973 2896 2076 2969 47
2110 2898 2349 2959 Christo

778 2994 1245 3058 consociatione
1288 3000 1348 3055 et
1381 2994 1602 3055 crebro
1632 2996 1709 3055 ad
1754 2996 1887 3058 cius
1918 3000 2212 3075 mysteria
2242 3016 2347 3060 ac-

780 3110 962 3157 cessu
992 3093 1273 3156 fallaciae
1322 3094 1701 3157 daemonum
1745 3094 2083 3171 eliduntur,
2116 3104 2349 3176 quanto

2446 604 2622 665 siano
2671 603 2928 681 quidem
2968 620 3099 665 rem
3142 626 3170 657 α
3227 602 3696 681 antiquissimus
3750 602 4023 665 anacho-

2447 710 2579 770 reta
2604 726 2632 760 »
2664 704 2959 766 Nesteros
2981 704 3291 784 exposuit,
3313 710 3382 766 ut
3414 703 4024 783 ostenderet,patres

2448 823 2577 867 non
2640 806 2762 867 nisi
2820 812 3095 866 extrema
3140 812 3202 866 et
3250 788 3591 867 inevitabili
3647 804 4023 865 necessitate

2445 913 2697 969 coactos
2727 906 2904 980 signa
2927 906 3175 968 fecisse.
3204 908 3600 968 AcNesteros
3635 904 4021 965 haereticum

2440 1005 2773 1085 appellavit
2794 1006 3082 1069 Eunomii
3107 1012 3475 1067 sectatorem
3497 1023 3511 1078 ;
3529 1004 3689 1065 liber
3709 1002 4023 1065 secundus

2445 1129 2473 1161 α
2507 1106 2901 1179 Hieracitam,
2929 1106 3099 1186 quod
3121 1122 3319 1183 genus
3344 1104 3677 1165 haereseos
3705 1102 4025 1163 invenitur

2443 1207 2611 1287 apud
2644 1212 2993 1286 Aegyptum
3030 1229 3058 1261 ιο
3089 1210 3290 1266 vocat.
3322 1205 3606 1281 Eumque
3644 1199 4022 1263 Hieracitam

2444 1305 2662 1379 fuisse,
2706 1304 2852 1384 quia
2904 1302 3433 1364 resurrectionem
3480 1299 3687 1361 carnis
3747 1296 4021 1373 negavit,

2446 1404 2831 1483 probabilius
2858 1409 2975 1477 est,
3014 1399 3439 1471 Eunomianis,
3480 1404 3701 1477 utpote
3755 1396 4021 1456 Ariano-

2445 1522 2582 1565 rum
2599 1503 2874 1575 asseclis,
2894 1502 2973 1563 de
3000 1501 3276 1562 trinitate
3313 1499 3663 1560 errantibus
3689 1497 3834 1577 (l2).
3864 1499 4025 1557 Hae-

2445 1606 2694 1677 reticus,
2720 1610 2848 1666 arte
2878 1603 3201 1664 dialectica
3230 1617 3403 1671 usus,
3436 1599 3854 1660 sinceritatem
3876 1596 4024 1657 ﬁdei

2446 1702 2790 1765 catholicae
2817 1702 3183 1763 subvertere
3204 1696 3547 1759 conabatur
3577 1702 3638 1756 et
3669 1718 3697 1749 α
3730 1709 4020 1771 magnam

2446 1802 2568 1863 iam
2616 1800 3077 1861 multitudinem
3125 1796 3455 1857 hominum
3494 1793 3847 1872 deceperat,
3888 1815 3913 1845 ι›
3957 1796 4026 1851 ut

2446 1903 2795 1975 Cassianus,
2820 1924 2845 1955 «
2874 1918 2988 1980 per
3015 1899 3269 1960 multam
3302 1896 3603 1974 loquendi
3644 1901 3841 1956 artem
3876 1893 4021 1972 plu-

2446 2004 2638 2065 rimos
2665 2002 2946 2075 fratrum,
2971 2001 3081 2080 qui
3115 1999 3474 2061 habitabant
3496 1998 3561 2058 in
3595 2014 3830 2069 eremo,
3863 2013 4023 2057 con-

2445 2106 2743 2178 turbarat,
2774 2128 2801 2159 »
2844 2110 2914 2163 ut
2944 2102 3104 2163 liber
3125 2099 3440 2163 secundus
3469 2097 3779 2178 perhibet.
3815 2097 4022 2157 Maca—

2446 2208 2574 2267 rius
2602 2205 2812 2283 igitur,
2846 2222 2882 2265 a
2909 2201 3232 2265 catholicis
3261 2200 3431 2273 viris,
3465 2198 3573 2278 qui
3604 2198 3781 2259 ruina
3813 2202 4027 2256 tantae

2447 2306 2868 2368 subversionis
2890 2304 3248 2382 gravissime
3279 2300 3713 2371 movebantur,
3742 2303 4025 2375 rogatus,

2447 2414 2516 2467 ut
2546 2406 2862 2486 simplices
2882 2412 2993 2483 48
3020 2404 3265 2469 animos
3297 2402 3489 2463 totius
3519 2398 3783 2479 Aegypti
3820 2399 3899 2459 ab
3920 2398 4024 2457 in-

2452 2508 2757 2569 fidelitatis
2790 2506 3112 2583 naufragio
3128 2505 3441 2576 liberaret,
3460 2502 3710 2563 advenit
3733 2501 3881 2580 (13),
3897 2518 4028 2579 quo

2450 2614 2780 2687 praesente
2821 2606 3174 2667 haereticus
3202 2620 3455 2685 pravam
3496 2602 3683 2664 ﬁdem
3714 2619 3890 2662 suam
3932 2601 4033 2660 iti-

2448 2708 2591 2769 dem
2636 2724 2913 2769 asserere
2959 2723 3147 2767 ausus
3209 2710 3303 2766 est
3361 2703 3508 2782 (14).
3564 2705 3719 2763 Tum
3772 2708 4031 2763 sanctus

2452 2834 2481 2865 α
2516 2808 2921 2869 Aristotelicis
2974 2806 3172 2885 spinis
3217 2828 3245 2861 »
3290 2803 3631 2883 impeditus
3678 2802 3826 2881 (15),
3862 2818 4028 2879 quo-

2449 2910 2616 2970 niam
2644 2907 2830 2968 verba
2859 2905 3163 2985 simplicia
3194 2904 3433 2966 callidis
3458 2902 3846 2979 argumentis
3878 2901 4031 2961 elidi

2451 3014 2513 3069 et
2544 3008 2729 3069 fidem
2758 3006 3018 3067 fratrum
3046 3005 3387 3085 periclitari
3414 3004 3652 3065 videret
3678 3002 3827 3082 (16),
3862 3002 4029 3063 mul-

2450 3106 2713 3186 tiloquio
2761 3104 3059 3167 haeretici
3095 3104 3436 3184 apostolica
3493 3103 3789 3164 brevitate
3839 3102 4033 3162 ﬁnem

779 3194 978 3274 magis
1022 3195 1393 3275 praestigiae
1430 3195 1785 3270 hominum,
1824 3197 2053 3275 quibus
2084 3197 2351 3260 daemon
2378 3180 2420 3238 (ί
2456 3180 2792 3285 imponens
2841 3202 2961 3283 (17)
3004 3180 3229 3277 :Qu—id,
3270 3203 3500 3281 inquit,
3549 3218 3711 3280 opus
3756 3208 3870 3273 est,
3914 3217 4035 3261 nos

780 3293 905 3355 vim
938 3294 1208 3356 nocendi
1231 3294 1610 3374 suppeditat,
1656 3294 1974 3356 diluentur
2006 3292 2019 3354 l

863 3397 891 3470 §
918 3392 1010 3455 14.
1035 3393 1155 3456 Sed
1176 3400 1562 3455 transeamus
1581 3393 1658 3455 ad
1680 3402 1910 3467 cetera,
1930 3413 2089 3473 quae
2113 3396 2191 3457 de
2221 3398 2348 3458 Ma-

787 3495 954 3558 cario
983 3495 1288 3574 Aegyptio
1316 3494 1627 3557 Palladius
1658 3496 1886 3557 retulit.
1942 3498 2025 3556 De
2060 3497 2351 3559 cuniculo

783 3610 821 3657 a
865 3594 1133 3656 Macario
1179 3602 1343 3668 acto,
1384 3592 1498 3674 per
1535 3612 1745 3674 quem.
1789 3598 1836 3656 si
1870 3597 1979 3675 qui
2016 3598 2074 3658 ei
2108 3598 2354 3659 molesti

784 3698 983 3769 erant,
1003 3694 1070 3754 in
1096 3694 1464 3773 speluncam
1493 3696 1723 3769 abibat,
1744 3697 1911 3775 apud
1932 3697 2135 3758 solum
2152 3698 2351 3759 Palla-

784 3793 957 3858 dium
987 3792 1273 3873 legimus.
1307 3796 1393 3857 De
1449 3803 1695 3858 mortuo
1732 3814 1903 3872 vero,
1952 3817 2137 3877 quem
2178 3817 2354 3861 resu-

784 3894 1043 3970 scitavit,
1066 3901 1134 3956 ut
1152 3895 1465 3958 haeretico
1486 3898 2007 3959 resurrectionem
2023 3916 2358 3980 corporum

787 3997 1377 4075 persuaderet,liber
1387 3998 1702 4059 secundus
1718 4001 1735 4078 (
1747 3999 1837 4075 10)
1851 4001 2192 4069 ,Cassianus
2206 4001 2257 4079 (1
2276 4002 2326 4081 1)
2340 4050 2354 4070 ,

786 4111 904 4159 nec
932 4111 1063 4157 non
1107 4096 1425 4175 appendix
1464 4097 1543 4161 ad
1587 4097 2151 4177 ApOphthegmata,
2194 4118 2355 4179 quae

855 4265 933 4336 (1)
972 4264 1056 4319 Cf.
1088 4266 1233 4320 infra
1277 4265 1452 4337 Caput
1492 4266 1578 4321 Ill.

858 4356 936 4426 (2)
977 4356 1101 4411 Vita
1143 4357 1201 4411 S.
1247 4358 1510 4416 Hilarion.
1562 4377 1683 4431 cap.
1728 4363 1813 4423 14,
1865 4361 1972 4413 VV.
2018 4361 2119 4414 PP.
2171 4361 2354 4415 Rosw.

790 4466 846 4521 p.
887 4449 1060 4514 79,1.

858 4541 938 4613 (3)
990 4539 1106 4595 νγ.
1147 4540 1251 4597 PP.
1282 4542 1464 4601 Rosw.
1489 4544 1583 4601 lib.
1617 4543 1688 4599 IX
1720 4559 1839 4614 cap.
1871 4544 1938 4599 13
1968 4560 2019 4614 p.
2046 4544 2172 4610 850,
2209 4544 2256 4599 1.

863 4635 939 4706 (ι)
978 4633 1116 4690 Ibid.

863 4726 940 4796 (5)
982 4725 1118 4782 Ibid.
1154 4741 1275 4796 cap.
1309 4727 1342 4782 ε
1378 4744 1431 4798 p.
1465 4728 1590 4793 821,
1627 4730 1677 4783 1.

863 4818 942 4889 (6)
981 4817 1116 4873 Ibid.
1144 4835 1196 4889 p.
1228 4819 1353 4883 821,
1381 4820 1433 4872 2.

865 4910 941 4979 (7)
982 4910 1120 4965 Ibid.
1154 4925 1274 4979 cap.
1299 4910 1361 4963 2'1
1397 4926 1450 4981 p.
1488 4910 1614 4973 860,
1647 4912 1702 4964 2.

864 5003 941 5072 (8)
978 5002 1171 5058 Collat.
1226 5001 1365 5056 XXII
1408 5019 1528 5073 cap.
1573 5006 1627 5057 6.
1677 5004 1927 5058 Cassiani
1974 5002 2111 5073 Opp.
2143 5001 2229 5057 αἱ.
2259 5002 2364 5055 Ga-

796 5111 960 5150 zaeus
991 5112 1045 5165 p.
1072 5096 1200 5159 581,
1243 5094 1422 5165 Migne
1448 5113 1502 5165 p.
1530 5095 1688 5150 1225.

866 5186 942 5257 (9)
982 5185 1267 5256 Disquisit.
1325 5182 1523 5256 magic.
1580 5188 1672 5241 lib.
1723 5185 1791 5239 Vl
1848 5202 1967 5256 cap.
2018 5184 2061 5238 ιι
2116 5183 2259 5239 Scct.
2304 5182 2370 5237 Ill

799 5277 861 5343 Q.
886 5279 919 5331 5
940 5278 1026 5333 ed.
1058 5277 1198 5349 Mog.
1228 5277 1367 5331 1624
1393 5294 1445 5347 p.
1480 5276 1586 5331 985
1612 5295 1733 5349 sqq.

870 5370 981 5440 (10)
1023 5370 1156 5440 Cap.
1183 5370 1252 5423 28
1284 5368 1396 5423 VV.
1427 5368 1531 5423 PP.
1568 5368 1748 5425 Rosw.
1783 5386 1832 5440 p.
1870 5371 1995 5432 480,
2030 5369 2083 5422 2.

872 5463 990 5533 (11)
1046 5462 1186 5517 Coll.
1216 5460 1306 5516 XV
1359 5478 1479 5532 cap.
1535 5463 1588 5517 5.
1624 5463 1871 5518 Cassiani
1911 5465 2049 5532 Opp.
2097 5461 2183 5515 cd.
2239 5460 2368 5514 Gaz.

804 5571 855 5623 Γ.
887 5553 1012 5617 468,
1045 5552 1222 5623 Migne
1246 5569 1297 5623 p.
1330 5553 1452 5607 995.

873 5648 984 5716 (12)
1036 5646 1335 5701 Eunomius
1366 5662 1595 5715 corpora
1652 5657 2027 5701 resurrectura
2078 5662 2201 5699 esse
2258 5663 2364 5699 non

804 5738 1051 5807 negavit;
1077 5752 1200 5790 nam
1230 5737 1282 5789 in
1306 5737 1429 5791 tidci
1453 5738 1800 5793 confessione
1824 5754 1953 5795 sua:
1986 5757 2003 5786 ι
2029 5734 2359 5796 Posthach

805 5832 1002 5902 inquit,
1035 5848 1052 5881 ‹
1077 5828 1351 5885 credimus
1387 5830 1441 5885 in
1467 5846 1608 5899 eam,
1634 5846 1774 5903 quae
1801 5847 1896 5903 per
1916 5828 2255 5885 Salvatorcm
2283 5829 2371 5882 l‘u-

2459 3304 2663 3366 verbis
2708 3302 3091 3365 contendere
3126 3302 3204 3363 ad
3250 3302 3720 3363 subversionem
3764 3300 4033 3361 audien-

2459 3401 2657 3465 tium?
2674 3404 2979 3465 Exeamus
2994 3400 3071 3462 ad
3093 3400 3423 3480 sepulchra
3445 3406 3505 3461 et
3526 3417 3755 3461 nomen
3788 3400 4037 3461 Domini

2460 3521 2651 3583 super
2681 3509 3022 3575 mortuum,
3054 3500 3163 3581 qui
3206 3500 3446 3581 primus
3484 3501 3774 3561 inventus
3818 3500 4035 3574 fuerit,

2458 3605 2825 3666 invocemus
2854 3607 2936 3677 et,
2961 3601 3064 3663 cui
3094 3608 3377 3662 nostrum
3408 3600 3791 3663 concesserit
3817 3599 4035 3661 Domi—

2461 3723 2601 3780 nus,
2634 3703 2931 3766 suscitare
2969 3709 3308 3775 mortuum,
3352 3703 3550 3765 sciant
3598 3719 3839 3775 omnes,
3887 3701 4040 3781 quia

2457 3805 2625 3866 illius
2679 3804 2836 3866 fides
2886 3803 3187 3883 probatur
3220 3820 3255 3864 a
3304 3804 3431 3863 Deo
3485 3802 3779 3883 (18).Qui
3824 3818 4039 3863 sermo

2464 3902 2778 3976 omnibus,
2810 3903 2921 3981 qui
2955 3902 3232 3975 aderant,
3269 3900 3564 3963 fratribus
3607 3902 3861 3981 placuit.
3906 3902 4039 3962 1am

2455 4021 2604 4066 vero
2640 4003 2914 4065 narratio
2942 4002 3209 4063 Cassiani
3243 4000 3473 4061 differt.
3520 4002 3704 4062 Libro
3735 4001 3903 4061 enim
3930 4016 4038 4060 se-

2454 4102 2668 4167 cundo
2709 4102 3009 4164 Macarius
3037 4116 3180 4162 cum
3215 4099 3525 4161 Hieracita
3570 4100 3797 4173 statim,
3825 4108 3897 4161 ut
3940 4099 4037 4160 vi-

2465 4280 2585 4324 tura
2622 4279 2730 4333 est,
2759 4269 3216 4326 resurrectionem
3247 4282 3562 4336 corporum,
3590 4267 3784 4321 horum
3826 4267 4041 4322 scilicet

2468 4364 2710 4431 ipsorum
2729 4378 2867 4431 quae
2883 4361 3148 4416 dissoluta
3170 4368 3317 4422 sunt,
3346 4373 3454 4413 una
3471 4374 3594 4411 cum
3611 4358 3849 4427 propriis
3868 4374 4043 4412 mem-

2467 4455 2580 4509 bris
2597 4470 2660 4509 ac
2675 4453 2942 4523 partibus,
2957 4454 3111 4506 nullo
3131 4451 3419 4506 deﬁciente
3439 4457 3533 4503 aut
3552 4449 3840 4504 immutato
3857 4464 3921 4504 ex
3948 4450 4039 4517 iis,

2396 4548 2438 4603 υ
2466 4562 2605 4615 quae
2628 4547 3061 4615 uniuscuiusque
3084 4560 3284 4613 corpus
3301 4544 3721 4613 componebant.
3744 4543 3873 4597 dum
3895 4544 4044 4597 vive-

2468 4648 2547 4691 rct
2571 4657 2615 4689 ι.
2640 4637 2884 4706 Basnage
2903 4638 3046 4689 Iectt.
3071 4635 3277 4703 antiqq.
3300 4631 3363 4685 Τ.
3385 4632 3424 4693 l,
3448 4632 3565 4685 180.
3589 4632 3662 4687 De
3679 4631 3949 4686 Eunomio
3961 4633 4037 4686 cf.

2467 4732 2596 4783 ibid.
2627 4746 2677 4799 p.
2707 4729 2809 4782 172
2836 4745 2957 4797 sqq.
2990 4726 3372 4781 Tillemontius
3397 4724 3707 4789 (Mémoires
3737 4724 3825 4777 ed.
3865 4723 4037 4777 Brux.

2469 4823 2606 4875 1719
2634 4820 2695 4876 T.
2730 4820 2797 4874 ιιι
2828 4820 2888 4874 Ρ.
2924 4818 2988 4872 Ill
3016 4835 3069 4889 p.
3103 4817 3229 4887 998)
3267 4826 3473 4878 monet,
3503 4816 3827 4877 Hieracitas,
3857 4816 3954 4884 qui
3985 4827 4042 4869 et

2466 4915 2533 4969 de
2548 4912 2818 4972 Trinitate
2838 4912 2975 4966 falsa
3008 4912 3317 4973 docuerint,
3360 4909 3734 4963 Eunomianos
3772 4908 4041 4977 appellari

2472 5018 2650 5073 posse.
2693 5003 2796 5057 Sed
2830 5004 2917 5057 hic
2939 5003 3007 5058 de
3042 5002 3321 5057 haeretico
3382 4998 3584 5070 agitur,
3616 5000 3708 5069 qui
3742 5012 4039 5067 corporum

2474 5097 2937 5149 resurrectionem
2984 5094 3219 5163 negarit,
3259 5091 3405 5160 quod
3441 5105 3607 5159 quum
3652 5090 3709 5143 in
3749 5088 4043 5144 Eunomia-

2470 5202 2569 5239 nos
2601 5200 2709 5239 non
2743 5185 2924 5250 cadat,
2963 5186 3053 5241 ille
3095 5185 3401 5240 haereticus
3437 5181 3810 5237 Eunomianus
3855 5180 4039 5233 vocari

2470 5293 2695 5349 prorsus
2723 5278 2929 5346 nequit.

2540 5372 2653 5441 (13)
2688 5370 2841 5425 Cass.
2904 5431 2907 5434 ,

2540 5464 2654 5533 (11)
2690 5462 2811 5517 Lib.
2843 5478 2952 5517 sec.

2540 5556 2652 5624 (15)
2692 5553 2850 5608 Cass.

2540 5647 2651 5714 (16)
2690 5644 2808 5699 Lib.
2834 5661 2945 5700 sec.

2539 5738 2651 5805 (17)
2694 5737 2848 5792 Cass.

2548 5828 2658 5897 (18)
2697 5826 2813 5883 Lib.
2851 5843 2961 5882 sec.
