4266 6360
260 366 333 423 ιι

1769 361 1996 419 νιΤΑΕ.

3434 368 3511 427 50

254 476 461 549 detur,
486 474 565 536 ad
594 474 927 554 sepulchra
962 477 1155 549 venit,
1203 493 1476 556 eumque
1523 476 1825 553 hortatur,
1859 490 1902 544 Α
1932 480 2052 540 tios
2097 477 2349 539 demum
2384 477 2533 539 inde
2578 494 2613 539 a
2653 479 2714 538 S.
2752 476 3025 538 Antonio
3072 477 3130 538 ol
3158 476 3363 551 tinuit,
3394 497 3501 559 qui

256 580 327 636 ut
360 582 678 636 mortuum
712 577 779 637 in
820 578 1076 639 nomine
1114 578 1361 639 Domini
1432 584 1667 640 evocet.
1708 579 1829 641 Sed

256 675 569 737 Hieracita
600 692 614 736 :
651 678 766 750 Tu,
814 676 1041 756 inquit,
1074 677 1185 757 qui
1222 677 1626 757 proposuisti,
1657 679 1832 759 prior

257 792 475 837 evoca.
520 776 822 838 Macarius
879 776 1090 855 igitur,
1161 777 1230 839 in
1286 777 1633 840 orationem
1685 785 1832 841 ante

255 874 452 936 Deum
476 882 843 955 prostratus,
857 884 1192 957 postquam
1213 875 1593 939 sufﬁcienter
1611 878 1828 953 oravit,

258 974 513 1037 elevatis
557 994 803 1037 sursum
849 976 1048 1039 oculis
1100 995 1114 1037 :
1162 978 1447 1050 Domine,
1514 978 1633 1053 ait,
1691 980 1831 1058 quis

260 1082 543 1136 nostrum
574 1083 806 1138 rectam
829 1077 1014 1138 ﬁdem
1045 1084 1277 1151 teneat,
1302 1079 1562 1141 ostende
1592 1078 1831 1141 elevato

259 1171 384 1234 hoc
414 1180 683 1234 mortuo.
706 1175 775 1235 Id
803 1192 947 1236 cum
968 1174 1465 1249 dixisset,fratris
1483 1177 1829 1253 cuiusdam,

258 1272 370 1351 qui
409 1289 613 1352 nuper
657 1274 939 1353 sepultus
980 1282 1135 1349 erat,
1170 1293 1403 1338 nomen
1432 1279 1833 1350 evocat.-Quo

258 1370 341 1430 de
393 1371 637 1433 tumulo
693 1374 1139 1452 respondente,
1193 1375 1562 1437 accedentes
1614 1374 1834 1437 fratres

260 1471 589 1545 continuo,
615 1490 776 1551 quae
806 1475 1201 1554 superposita
1222 1474 1488 1549 fuerant,
1518 1475 1830 1549 auferunt,

261 1574 325 1629 et
350 1569 643 1632 eductum
675 1589 709 1632 e
733 1573 1069 1652 sepulchro
1095 1575 1300 1637 vivum
1330 1574 1647 1636 exhibent.
1678 1575 1832 1637 Hie-

260 1669 451 1731 racita
484 1688 657 1746 vero,
698 1674 806 1734 ubi
847 1673 1003 1735 haec
1044 1674 1214 1749 vidit,
1252 1673 1725 1754 obstupefactus
1766 1675 1833 1737 in

258 1766 473 1846 fugam
494 1772 755 1833 vertitur
774 1779 835 1833 et
852 1790 889 1835 a
917 1772 1210 1836 fratribus
1230 1776 1470 1836 cunctis
1493 1775 1832 1854 insequen-

259 1866 427 1929 tibus
459 1877 632 1932 extra
671 1872 976 1934 terminos
1011 1878 1211 1934 terrae
1246 1872 1414 1934 illius
1446 1873 1827 1936 exturbatur.

259 1973 443 2051 Apud
477 1974 834 2037 Cassianum
864 1993 1013 2038 vero
1054 1994 1153 2038 res
1191 1977 1369 2039 aliter
1396 1994 1463 2038 se
1500 1975 1709 2038 habet.
1745 1975 1833 2035 Ibi

260 2074 431 2134 enim
466 2092 595 2136 non
627 2077 831 2137 statim
853 2078 932 2139 ad
963 2077 1292 2156 sepulchra
1319 2076 1691 2157 procedunt,
1723 2076 1833 2137 sed

257 2171 637 2248 haereticus,
663 2193 858 2255 quum
889 2176 989 2239 illa
1023 2178 1142 2238 sibi
1162 2194 1195 2239 a
1225 2176 1492 2239 Macario
1513 2176 1834 2256 proposita

258 2281 427 2337 esset
455 2275 777 2339 doctrinae
806 2279 1116 2357 probatio,
1159 2296 1368 2340 coram
1398 2278 1833 2339 circumstante

260 2376 449 2457 plebe
480 2377 724 2455 pudore
761 2379 1136 2441 constrictus
1156 2377 1440 2440 assentiri
1461 2394 1527 2437 se
1564 2376 1831 2450 simulat,

260 2493 460 2554 seque
491 2477 762 2539 crastino
803 2477 906 2539 die
946 2476 1307 2547 adfuturum
1342 2476 1666 2555 promittit.
1710 2476 1830 2538 Po-

260 2577 479 2638 stridie
491 2584 695 2638 autem
718 2578 1228 2657 exspectantibus
1243 2577 1557 2650 omnibus,
1576 2577 1684 2656 qui
1697 2594 1837 2656 spe-

260 2676 490 2738 ctaculi
527 2678 862 2757 cupiditate
890 2678 1001 2751 49
1024 2677 1321 2739 commoti
1348 2677 1426 2738 ad
1442 2676 1649 2739 locum
1679 2694 1831 2739 con-

259 2775 502 2837 dictum
572 2776 912 2838 studiosius
969 2778 1421 2851 conﬂuxerant,
1484 2777 1645 2839 mala
1690 2796 1836 2840 con-

258 2874 524 2934 scientia
549 2874 933 2935 inﬁdelitatis
959 2892 1105 2936 suae
1136 2876 1465 2936 exterritus
1492 2875 1733 2953 aufugit
1760 2894 1832 2938 ac

261 2973 553 3050 protinus
590 2989 625 3034 e
655 2981 825 3034 terra
854 2974 1118 3053 Aegypti
1140 2973 1426 3035 decessit.
1469 2975 1663 3045 Quem
1690 2976 1833 3054 qui-

1932 578 2254 658 pulverem
2274 577 2514 657 pulveri
2531 577 2923 640 reddendum
2964 594 3103 638 esse
3127 578 3370 637 censuit
3396 579 3499 654 (1).

1931 679 2259 740 Praeterea
2313 678 2548 740 mumia
2598 678 2726 753 illa,
2774 687 3109 759 postquam
3141 676 3346 738 locuta
3388 685 3503 752 est,

1931 778 2141 841 denuo
2171 777 2421 851 dormit,
2452 796 2488 841 a
2519 779 2784 841 Domino
2820 775 3243 840 resuscitanda
3282 777 3347 837 in
3378 778 3503 838 fme

1931 885 2331 957 temporum;
2376 878 2566 941 frater
2618 895 2769 940 vero
2816 877 2963 939 libri
3012 876 3294 951 secundi,
3341 882 3499 938 terra

1932 979 2198 1052 detecta,
2233 979 2450 1056 surgit,
2485 979 2714 1059 prodit,
2758 996 2875 1041 nec
2921 995 3065 1040 eum
3086 978 3152 1037 in
3197 977 3502 1039 tumulum

1931 1081 2256 1141 revertisse
2311 1080 2598 1158 legimus.
2636 1079 2873 1140 Deinde
2927 1080 3095 1158 quod
3154 1077 3503 1139 haereticus

1933 1181 2099 1261 apud
2147 1183 2505 1242 Cassianum
2557 1186 2800 1242 secreto
2838 1179 3098 1257 aufugit,
3149 1178 3310 1239 libro
3356 1194 3505 1239 vero

1933 1280 2214 1343 secundo
2248 1298 2282 1341 a
2308 1280 2576 1342 Macario
2600 1280 2923 1342 convictus
2955 1278 3229 1357 fugatur,
3252 1279 3502 1341 levioris

1931 1379 2235 1442 momenti
2265 1380 2613 1441 differentia
2652 1386 2764 1440 est.

2010 1478 2133 1539 Sed
2175 1477 2631 1539 narrationibus
2670 1476 2813 1537 libri
2841 1475 3102 1539 secundi
3134 1483 3195 1537 et
3234 1477 3503 1538 Cassiani

1931 1576 2118 1654 longe
2163 1576 2480 1655 cOpiosior
2514 1583 2607 1638 est
2644 1576 2773 1651 illa,
2813 1593 2973 1656 quae
3002 1578 3068 1637 in
3110 1577 3227 1637 ista
3256 1576 3508 1655 ApOph-

1931 1672 2318 1750 thegmatum
2352 1673 2701 1751 appendice
2729 1674 2897 1752 typis
2929 1673 3211 1733 nondum
3260 1672 3505 1750 vulgata

1934 1780 2153 1834 exstat.
2182 1774 2398 1845 Quam,
2432 1772 2548 1833 etsi
2574 1771 2762 1849 longa
2790 1772 2867 1832 sit
2898 1777 2957 1832 et
2981 1770 3376 1850 ampliﬁcata,
3407 1783 3503 1831 ta-

1936 1889 2079 1932 men
2128 1872 2235 1942 50
2274 1888 2472 1949 quum
2531 1870 2834 1949 quaedam
2885 1868 3111 1930 habeat
3158 1877 3507 1930 memoratu

1936 1968 2143 2047 digna,
2202 1968 2391 2030 latine
2451 1968 2754 2030 redditam
2810 1969 3118 2045 integram
3182 1986 3505 2047 apponere

1934 2068 2167 2149 placuit
2198 2087 2211 2129 :

2017 2191 2045 2223 α
2082 2169 2285 2230 Senex
2314 2168 2563 2231 tradidit
2591 2169 2669 2231 de
2690 2168 2909 2231 abbate
2931 2170 3218 2231 Macario.
3251 2171 3321 2231 In
3342 2177 3505 2231 terra

1933 2272 2257 2332 Arsenoita
2277 2270 2623 2334 monachus
2646 2271 2899 2349 quidam
2923 2270 3201 2343 sedebat,
3225 2271 3334 2349 qui
3353 2270 3509 2331 mul-

1934 2378 2032 2433 tos
2061 2388 2258 2433 annos
2286 2372 2475 2435 vitam
2507 2379 2862 2434 sanctorum
2893 2378 3125 2449 egerat.
3158 2371 3289 2443 Cui,
3312 2389 3507 2449 quum

1936 2475 2171 2554 gloriae
2215 2475 2480 2555 cupidus
2504 2481 2690 2546 esset,
2722 2482 2981 2554 propter
3010 2474 3345 2552 superbam
3376 2473 3487 2534 ela-

1934 2575 2170 2635 tionem
2202 2579 2263 2635 et
2287 2574 2698 2636 temeritatem
2728 2572 2983 2653 spiritus
3012 2572 3310 2652 pythonis
3335 2572 3503 2633 inse-

1936 2674 2048 2748 dit,
2081 2674 2191 2754 qui
2210 2674 2481 2755 primum
2512 2690 2549 2735 a
2576 2691 2720 2735 vera
2750 2672 2871 2733 ﬁde
2902 2690 3046 2733 eum
3082 2671 3345 2750 depulit,
3374 2678 3507 2731 tum

1935 2774 2013 2837 ad
2044 2774 2387 2837 doctrinam
2409 2791 2652 2847 eorum,
2677 2773 2785 2852 qui
2808 2772 3157 2833 Hieracitae
3178 2778 3503 2839 vocantur,

1934 2874 2213 2935 adduxit.
2260 2879 2461 2953 Atque
2503 2872 2571 2933 hi
2614 2872 2987 2933 Salvatorem
3039 2870 3375 2930 humanam
3416 2886 3508 2929 as—

1936 2976 2274 3055 sumpsisse
2320 2989 2596 3046 carnem,
2647 2977 3080 3049 nostrumque,
3134 2984 3261 3047 quo
3307 2966 3509 3025 vestiti

261 3072 408 3134 dem
445 3073 768 3149 Macarius,
807 3091 1008 3154 usque
1046 3074 1124 3137 ad
1162 3073 1381 3136 horam
1427 3093 1657 3140 nonam
1694 3093 1835 3138 cum
1938 3094 2174 3151 sumus,
2215 3093 2444 3156 corpus
2487 3072 2841 3136 resuscitari
2884 3075 3136 3149 negant.
3186 3068 3325 3128 Tria
3372 3083 3511 3127 esse

258 3173 662 3236 multitudine
718 3175 1151 3255 praestolatus,
1212 3193 1409 3254 quum
1489 3177 1834 3239 declinasse
1862 3179 1904 3237 C
1938 3179 2243 3259 principia
2290 3178 2477 3241 iidem
2516 3176 2753 3247 dicunt,
2812 3174 3033 3243 Deum,
3086 3168 3405 3230 materiam
3450 3172 3511 3227 et

258 3273 522 3348 videret,
546 3281 861 3355 assumpta
884 3275 1069 3354 plebe
1085 3275 1163 3338 ad
1184 3275 1513 3355 sepulchra
1536 3277 1830 3356 perrexit,

262 3382 327 3436 et
385 3380 703 3433 mortuum
766 3392 801 3435 e
854 3374 1246 3453 temporibus
1307 3373 1703 3435 Pbaraonum
1755 3374 1833 3434 ad

262 3472 779 3551 respondendum
833 3473 952 3534 sibi
1011 3472 1309 3546 evocavit,
1361 3490 1547 3551 quem
1608 3471 1835 3533 deinde

260 3589 410 3636 cum
461 3574 686 3636 ceteris
730 3574 795 3634 in
852 3590 1005 3653 pace
1062 3573 1345 3635 dormire.
1391 3572 1584 3633 iussit.
1638 3576 1835 3651 Atque

264 3675 560 3736 Nesteros
615 3674 785 3736 addit
820 3696 834 3733 :
872 3698 900 3730 α
935 3677 1102 3736 Haec
1148 3675 1335 3752 igitur
1367 3675 1501 3735 eius
1545 3674 1832 3750 [Macarii]

264 3775 459 3835 virtus
489 3780 549 3835 et
572 3775 787 3852 gratia,
822 3781 1121 3854 quantum
1163 3775 1230 3834 in
1258 3774 1397 3853 ipso
1424 3772 1557 3846 fuit,
1588 3790 1838 3852 semper

262 3876 528 3936 fortasse
568 3875 872 3947 latuisset,
915 3874 1037 3935 nisi
1076 3891 1220 3935 eum
1261 3872 1596 3933 necessitas
1648 3870 1836 3932 totius

265 3976 627 4055 provinciae
658 3975 1085 4056 periclitantis,
1123 3982 1183 4035 et
1212 3991 1353 4051 erga
1376 3972 1679 4034 Christum
1710 3971 1840 4049 ple-

266 4094 347 4137 na
388 4075 638 4138 devotio
686 4092 985 4154 amorque
1031 4076 1312 4136 sincerus
1339 4071 1504 4134 istud
1545 4088 1836 4133 exercere

267 4175 637 4237 miraculum
667 4176 1094 4254 compulisset.
1130 4175 1303 4246 Quod
1328 4172 1547 4251 utique
1571 4177 1641 4232 ut
1661 4171 1739 4233 ab
1762 4188 1836 4232 eo

266 4277 469 4348 ﬁeret,
497 4294 622 4337 non
641 4276 969 4338 ostentatio
986 4275 1240 4353 gloriae,
1272 4273 1379 4334 sed
1409 4273 1629 4334 caritas
1673 4270 1842 4332 Chri-

1931 3277 2188 3350 malum,
2237 3277 2467 3356 quibus
2525 3274 2792 3354 quisque
2838 3276 3257 3340 construatur,
3298 3284 3510 3344 neque

1933 3380 2133 3439 Deum
2160 3378 2434 3438 Verbum
2466 3375 2785 3436 hominem
2820 3388 2958 3434 esse
2994 3370 3224 3431 factum
3260 3367 3515 3447 perfec-

1932 3483 2192 3557 tumque
2214 3477 2535 3538 hominem
2554 3473 2991 3553 assumpsisse,
3015 3487 3223 3547 neque
3248 3467 3515 3529 omnino

1934 3580 2164 3640 servari
2215 3595 2465 3640 causam
2522 3574 2803 3637 omnium
2848 3589 3058 3635 rerum
3099 3569 3504 3631 etfectricem.

1933 3679 2030 3757 Ita.
2050 3694 2198 3738 vero
2229 3677 2365 3756 ipse
2396 3692 2732 3755 perversus
2772 3674 3010 3735 animas
3039 3670 3287 3732 seduxit
3322 3669 3510 3746 quin-

1935 3785 2173 3857 gentas.
2224 3777 2404 3851 Quod
2451 3776 2661 3839 eﬂ‘ecit
2703 3771 3138 3841 multa‘multis
3166 3776 3226 3831 et
3254 3768 3512 3850 quidem

1932 3879 2115 3940 variis
2144 3895 2398 3958 prorsus
2430 3876 2633 3938 modis
2668 3873 3010 3953 loquendo,
3033 3868 3347 3932 interitum
3387 3869 3513 3929 sci-

1934 3980 2101 4054 licet,
2133 3980 2405 4053 inventa,
2430 3978 2773 4055 mortisque
2796 3975 3185 4054 despectum.
3216 3972 3345 4031 Nec
3380 3985 3512 4031 non

1937 4080 2265 4141 daemonia
2306 4078 2563 4140 eiecisse
2608 4076 2925 4137 ferebatur
2972 4072 3319 4134 secundum
3358 4069 3512 4130 illud

1936 4179 2003 4240 in
2038 4178 2373 4256 evangeliis
2412 4196 2424 4237 :
2456 4177 2640 4254 Signa
2660 4174 2890 4235 facient
2913 4179 2973 4234 et
3001 4171 3308 4251 prodigia,
3330 4176 3419 4240 ut,
3460 4169 3512 4229 si

1940 4278 2069 4339 fieri
2106 4277 2323 4357 possit,
2358 4277 2543 4337 etiam
2583 4275 2765 4336 electi
2805 4274 3205 4334 seducantur.
3253 4268 3513 4330 Multum

264 4376 344 4438 Sil
374 4384 437 4437 et
458 4376 647 4437 totius
680 4375 880 4455 plebis
907 4374 1162 4436 extorsit
1186 4373 1441 4447 utilitas;
1478 4379 1547 4434 ut
1587 4372 1837 4433 beatum
1941 4379 2105 4440 enim
2146 4377 2464 4457 principes
2492 4376 2866 4437 daemonum
2900 4371 2967 4432 in
2991 4370 3112 4432 hoc
3136 4384 3366 4447 genere
3402 4384 3510 4428 va-

267 4494 526 4555 quoque
564 4475 802 4537 Heliam
833 4475 1053 4538 fecisse
1069 4479 1300 4553 Regum
1337 4474 1525 4535 lectio
1572 4472 1834 4534 manife-

264 4584 410 4649 stat,
440 4577 548 4655 qui
569 4576 779 4653 ignem
806 4577 883 4637 de
914 4575 1088 4637 caelo
1119 4593 1308 4655 super
1323 4574 1555 4635 hostias
1578 4573 1838 4652 imposi-

263 4686 363 4739 tas
403 4696 557 4756 pure
588 4677 822 4738 idcirco
859 4677 1239 4738 descendere
1272 4676 1625 4755 postulavit,
1646 4682 1714 4735 ut
1734 4692 1843 4753 pe-

264 4772 644 4841 riclitantem
666 4777 1363 4857 PseudOprOphetarum
1388 4775 1736 4855 praestigiis
1764 4775 1838 4835 fi-

266 4880 416 4948 dem
438 4879 624 4939 totius
645 4878 866 4958 p0puli
882 4878 1195 4939 liberaret.
1216 4901 1242 4932 »
1267 4879 1359 4937 En
1382 4878 1527 4937 satis
1554 4891 1841 4953 magnam

265 4978 727 5041 differentiam!
774 4978 957 5039 Libro
1009 4979 1175 5038 enim
1199 4979 1479 5039 secundo
1523 4984 1614 5037 est
1636 4975 1840 5037 fratris

264 5077 591 5142 cuiusdam
636 5096 866 5157 corpus
901 5077 1246 5151 humatum,
1298 5076 1468 5156 quod
1524 5084 1835 5148 evocatur,

264 5178 436 5258 apud
498 5179 853 5239 Cassianum
901 5179 1155 5256 antiqua
1198 5177 1431 5239 mumia
1485 5193 1518 5237 e
1554 5183 1838 5255 tempore

267 5281 687 5341 Pbaraonum.
719 5282 846 5352 Qua
876 5279 1040 5339 idem
1075 5279 1405 5340 occasione
1436 5277 1575 5338 data
1601 5281 1843 5354 Aegyp-

267 5382 501 5442 tiorum
520 5398 784 5454 morem,
810 5380 891 5441 ob
922 5378 1043 5440 Nili
1072 5378 1541 5439 inundationem
1574 5393 1838 5455 corpora

269 5480 707 5544 defunctorum
751 5480 1085 5559 pigmentis
1126 5478 1549 5541 redolentibus
1590 5477 1838 5539 condita

271 5577 640 5640 editioribus
657 5576 897 5639 cellulis
917 5578 1321 5649 recondendi,
1336 5577 1591 5638 uberius
1613 5576 1840 5637 descri-

270 5677 383 5740 bit.
421 5679 571 5739 Nam
606 5694 743 5737 mos
765 5695 1031 5757 corpora
1067 5677 1365 5737 humandi
1395 5676 1559 5755 apud
1590 5682 1835 5756 Aegyp-

1877 4529 1916 4583 D

1941 4475 2069 4537 lent
2093 4475 2169 4536 ad
2189 4474 2293 4536 illa
2314 4476 2607 4536 nimirum
2627 4474 2762 4552 ipsa
2784 4468 3129 4540 abolenda;
3156 4484 3296 4528 nam
3316 4465 3515 4525 liben-

1942 4584 2035 4637 ter
2058 4575 2459 4637 consentiunt
2489 4574 2553 4634 in
2592 4572 2911 4633 interitum
2949 4569 3318 4630 animarum.
3366 4564 3513 4625 Loci

1942 4677 2128 4753 igitur
2158 4676 2494 4755 episcopus
2523 4690 2664 4734 cum
2687 4672 2854 4733 clero
2878 4687 2992 4732 suo
3022 4670 3219 4729 virum
3249 4665 3358 4726 Dei
3394 4667 3515 4725 Ma-

1944 4777 2179 4838 carium
2213 4777 2497 4837 abbatem
2520 4773 2690 4845 adiit,
2718 4789 2845 4851 quo
2884 4786 3126 4831 summa
3160 4785 3303 4829 cum
3346 4782 3515 4826 reve-

1943 4877 2143 4938 rentia
2176 4876 2434 4937 salutato
2469 4891 2483 4933 :
2523 4872 2587 4932 Si
2615 4872 2729 4945 vis,
2758 4870 2982 4949 inquit,
3026 4868 3165 4955 veni
3204 4864 3514 4942 nobisque

1947 4993 2265 5038 succurre.
2315 4976 2470 5035 Nam
2495 4973 2547 5033 si
2567 4978 2627 5032 te
2646 4970 2977 5051 superstite
2997 4967 3374 5028 vicinitatem
3406 4982 3519 5026 no-

1946 5085 2135 5138 stram
2158 5094 2283 5137 non
2315 5091 2673 5154 purgamus,
2706 5088 2925 5132 omnes
2953 5070 3040 5130 illi
3062 5066 3512 5135 adhaerebunt,

1948 5187 2008 5239 et
2038 5176 2326 5239 facillime
2347 5176 2473 5248 fiet,
2498 5180 2564 5235 ut
2592 5172 2804 5252 plures
2834 5171 3040 5245 etiam,
3068 5187 3253 5248 quam
3279 5168 3513 5229 hucus—

1947 5297 2093 5358 que,
2137 5277 2332 5338 errori
2372 5276 2633 5339 subiecti
2676 5275 3073 5335 seducantur.
3115 5272 3224 5332 Cui
3264 5271 3369 5331 ille
3409 5288 3511 5331 re-

1947 5377 2217 5456 spondet
2244 5378 2431 5438 :Ecce
2461 5392 2576 5448 ego
2606 5373 2888 5454 plebeius
2927 5371 3117 5433 homo
3146 5370 3297 5450 quid
3328 5371 3385 5430 ei
3420 5371 3513 5430 fa-

1945 5474 2142 5539 ciam?
2162 5478 2507 5557 Episcopus
2533 5480 2737 5535 autem
2756 5472 3020 5553 perstitit
3038 5470 3515 5531 venerabundus

1946 5587 2007 5638 et
2041 5595 2051 5635 :
2089 5579 2201 5651 Ita,
2232 5576 2458 5655 inquit,
2491 5575 2762 5647 confido,
2799 5573 2853 5634 si
2894 5579 2961 5633 tu
3010 5571 3277 5643 veneris,
3318 5570 3510 5630 Deum

1947 5678 2411 5755 paciﬁcaturum
2450 5673 2790 5737 Ecclesiam
2829 5688 3039 5744 suam;
3101 5686 3288 5747 saepe
3347 5668 3514 5728 enim

345 5838 424 5906 (l)
454 5836 555 5891 νιι.
591 5837 644 5891 S.
678 5839 875 5894 Anton.
912 5854 1029 5909 cap.
1062 5840 1150 5901 90,
1184 5839 1239 5894 S.
1274 5839 1468 5893 Athan.
1519 5835 1654 5907 Opp.
1711 5840 1747 5891 l.
1794 5841 1825 5891 ι.
1872 5854 1919 5906 p.
1948 5838 2066 5890 (589.
