4266 6360
782 367 846 424 51
1651 369 1750 427 SS.
1795 372 2255 431 MACARIORUM
2293 379 2612 438 AEGYPTII
2655 383 2741 439 ET
2768 380 3235 438 ALEXANDRINI
3975 383 4052 443 51

782 500 846 540 ιιι
877 483 909 538 ει
957 496 1432 560 pr0posueram,
1457 498 1534 542 ao
1555 488 1614 542 te
1648 483 1981 560 proﬁcisci,
2009 487 2118 547 sed
2148 490 2360 568 prohi—
2389 515 2432 565 Α
2463 495 2784 557 bilitatem.
2819 496 2963 556 Post
2996 494 3148 555 haec
3199 495 3500 555 Macarius
3533 493 3849 558 haeretico
3884 514 3898 556 :
3929 498 4047 559 γι-

785 579 918 640 ιιυίῑ
959 580 1183 653 clerus,
1220 599 1297 641 ne
1347 582 1676 642 mundanis
1716 582 2078 647 hominibus
2127 589 2360 651 derisui

788 681 1023 741 fierem.
1063 684 1186 743 [am
1233 699 1379 743 vero
1421 699 1547 744 non
1590 684 1860 764 amplius
1886 685 2096 749 ferens
2135 690 2358 770 populi

787 782 1254 858 corruptionem
1302 790 1362 843 et
1403 783 1585 844 etiam
1626 785 1756 857 Dei,
1787 787 1892 864 qui
1943 789 2070 849 ait:
2105 790 2362 868 Sangui-

789 899 929 940 nem
955 883 1149 959 ipsius
1178 901 1472 963 quaeram
1500 903 1532 945 e
1559 903 1746 946 manu
1768 896 1991 960 vestra,
2017 895 2360 954 accusatio-

793 998 933 1038 m-m
979 983 1204 1041 timens
1243 990 1302 1043 te
1352 983 1496 1055 adii,
1530 986 1753 1046 missus
1791 1005 1822 1047 a
1877 989 2023 1048 Deo.
2072 991 2226 1051 Tum
2259 993 2362 1054 ille

790 1082 1076 1152 surrexit,
1113 1099 1382 1159 eumque
1411 1083 1484 1143 ad
1519 1085 1912 1147 seductorem
1952 1099 2200 1152 secutus
2245 1101 2358 1154 est.

790 1182 978 1251 Quem
1018 1182 1114 1240 ubi
1153 1182 1319 1254 vidit,
1355 1185 1654 1262 episcopo
1698 1205 1708 1244 ;
1761 1189 1896 1261 Hic,
1930 1190 2152 1268 inquit,
2186 1195 2364 1272 spiri-

792 1289 918 1340 tum
955 1283 1298 1360 principem
1339 1285 1543 1358 habet,
1598 1304 1867 1367 eumque
1919 1291 2210 1352 eiiciendi
2260 1298 2360 1367 51

793 1400 995 1441 nieum
1025 1402 1184 1460 opus
1216 1402 1338 1443 non
1386 1403 1520 1444 esse
1566 1389 1753 1460 scito;
1800 1407 1942 1450 nam
1996 1400 2212 1454 contra
2248 1393 2365 1454 hos

791 1483 1042 1558 spiritus
1092 1485 1365 1543 nondum
1411 1488 1670 1548 omnino
1711 1492 1961 1550 certavi.
2014 1493 2147 1553 Duo
2198 1495 2365 1554 enim

791 1583 1032 1657 agmina
1075 1585 1452 1646 daemonum
1503 1606 1639 1648 esse
1691 1591 1887 1651 sancti
1931 1591 2125 1664 aiunt,
2171 1612 2366 1654 unum

793 1699 1033 1755 eorum,
1072 1686 1180 1762 qui
1213 1685 1502 1748 libidines
1532 1690 1785 1767 corpori
1815 1690 2175 1765 infundunt,
2208 1694 2364 1754 alte-

793 1808 925 1849 rum
971 1807 1210 1864 eorum,
1243 1794 1350 1871 qui
1396 1795 1747 1872 spiritualcs
1783 1797 2052 1857 afferunt
2097 1815 2362 1859 errores.

2463 596 2595 666 des,
2641 595 2866 673 inquit,
2911 594 3060 672 quid
3103 594 3286 654 dicat.
3333 595 3389 653 Is
3451 611 3600 655 vero
3649 596 3994 674 respondet
4031 617 4044 657 :

2463 694 2610 755 Mihi
2657 695 2912 774 quidem
2947 714 2982 755 e
3018 695 3222 755 verbis
3261 693 3390 780 noli
3427 695 3612 756 ﬁdem
3644 699 3748 768 52
3785 697 4045 766 afferre,

2462 789 2571 848 sed
2619 804 2834 849 eamus
2869 788 2947 849 ad
2987 787 3353 867 sepulchra;
3402 787 3455 848 si
3496 806 3694 849 unum
3727 806 3802 850 ex
3833 789 3918 851 ibi
3952 791 4048 850 ia-

2463 889 2748 950 centibus
2779 888 3191 962 suscitaveris,
3221 889 3411 950 sciam
3439 906 3549 950 vos
3578 888 3742 950 bene
3776 891 4047 959 sentire;

2465 991 2602 1070 ipse
2653 1008 2770 1067 ego
2801 991 3072 1050 animam
3110 989 3246 1050 sine
3285 1005 3554 1068 corpore
3584 989 3862 1050 aﬁ‘eram.
3895 991 4054 1049 San-

2465 1099 2599 1150 ctus
2636 1106 2782 1150 vero
2821 1089 3122 1150 Macarius
3146 1088 3225 1150 ad
3255 1089 3623 1168 episeopum
3665 1106 4048 1150 conversus:

2466 1190 2747 1262 Multum,
2771 1190 2997 1268 inquit,
3022 1190 3198 1251 nefas
3218 1208 3391 1263 sane,
3415 1191 3612 1250 Deum
3634 1197 3899 1262 tentare,
3928 1206 4047 1250 ne-

2467 1299 2589 1360 que
2621 1282 3015 1358 dignaturum
3047 1281 3184 1342 esée
3216 1299 3361 1342 eum
3392 1289 3651 1361 prepter
3671 1300 3866 1343 unum
3905 1283 4053 1344 dae-

2467 1382 2822 1443 moniacum
2879 1390 3119 1443 tantum
3191 1383 3397 1443 facere
3459 1383 3707 1458 signum
3764 1385 4047 1446 conﬁdo.

2468 1484 2832 1562 Respondet
2865 1487 3202 1563 episcopus
3237 1503 3249 1544 :
3286 1485 3562 1558 Minime,
3587 1491 3785 1563 pater,
3811 1503 4048 1546 verun-

2467 1590 2676 1642 tamen
2708 1592 2968 1662 propter
2998 1592 3190 1645 totam
3220 1585 3624 1646 vicinitatem.
3663 1587 3838 1646 Tunc
3866 1587 4048 1646 abie-

2470 1690 2613 1741 runt
2647 1682 2724 1742 ad
2757 1683 3110 1762 sepulchra.
3155 1685 3380 1763 Incipit
3412 1685 3722 1746 Hieracita
3753 1685 4053 1746 invocare

2471 1781 2866 1855 daemonem,
2913 1783 3021 1844 sed
3069 1783 3325 1844 minime
3375 1785 3576 1862 potuit
3603 1785 3872 1845 animam
3910 1801 4057 1845 evo-

792 1890 965 1958 Quod
1011 1891 1260 1967 quidem
1295 1891 1557 1953 alterum
1599 1911 1795 1971 genus
1844 1896 2092 1958 difﬁcile
2138 1905 2231 1958 est
2287 1899 2362 1959 ad
2402 1877 2440 1930 Β
2469 1901 2610 1944 0³1⁸0
2656 1892 2908 1945 tenuem
2961 1901 3032 1944 θα
3089 1883 3342 1944 "Udam-
3407 1886 3610 1957 Quum
3658 1885 3848 1962 igitur
3893 1884 4054 1944 Nihil

790 1989 1229 2066 subigendum.
1256 1993 1376 2052 Eos
1407 1993 1570 2052 enim
1596 2001 1838 2054 satanas
1870 1995 2142 2055 immittit
2173 1998 2367 2073 magis

793 2097 852 2148 et
904 2090 1335 2150 seductoribus
1373 2098 1434 2152 et
1479 2090 1931 2155 haeresiarchis
1971 2102 2032 2156 et
2075 2097 2368 2158 veneﬁcis

793 2200 851 2249 et
888 2191 936 2250 si
977 2191 1081 2268 qui
1123 2191 1225 2250 alii
1267 2192 1327 2251 id
1380 2194 1627 2269 generis
1671 2202 1835 2254 sunt.
1880 2200 1952 2255 At
1983 2197 2362 2276 episcopus:

791 2290 948 2361 Quid
985 2308 1155 2367 ergo,
1190 2291 1414 2370 inquit,
1459 2291 1808 2354 faciemus?
1847 2296 2215 2374 Respondet
2265 2313 2365 2356 se-

793 2409 912 2450 nex
952 2411 962 2449 :
995 2393 1288 2452 Precibus
1317 2409 1477 2471 Opus
1507 2399 1628 2465 est;
1655 2411 1798 2454 nam
1829 2412 2038 2456 sermo
2066 2413 2194 2456 non
2218 2412 2365 2475 pro—

795 2493 939 2553 ﬁcit.
974 2493 1198 2553 Iubent
1234 2493 1420 2570 igitur
1449 2493 1796 2573 procedere
1827 2494 2249 2572 seductorem,
2281 2496 2368 2557 is-

793 2611 916 2671 que
937 2593 1013 2654 ad
1050 2610 1157 2654 eos
1195 2610 1480 2670 egressus
1509 2601 1625 2655 est.
1652 2596 1848 2667 Quem
1884 2595 2090 2656 statim
2120 2597 2368 2676 cpisco-

796 2717 912 2777 pus
941 2698 1150 2774 lingua
1177 2699 1431 2759 adortus
1457 2718 1468 2758 :
1503 2701 1645 2772 Cur,
1670 2699 1896 2778 inquit,
1924 2707 2101 2760 tanto
2131 2706 2374 2780 tempo-

797 2800 877 2860 ris
937 2801 1138 2879 spatio
1176 2799 1503 2860 nobiscum
1540 2816 1667 2859 non
1701 2799 2224 2862 communicasti?
2267 2801 2374 2859 Cui

794 2900 944 2961 ille:
987 2902 1159 2973 Quia,
1210 2901 1436 2979 inquit,
1493 2917 1623 2961 non
1674 2907 1838 2960 recte
1903 2900 2165 2961 sentitis.
2217 2902 2374 2960 Tum

795 3007 1044 3060 sanctus
1084 2999 1386 3060 Macarius
1431 3017 1443 3058 :
1490 3001 1666 3060 Tune
1703 2999 1910 3077 igitur,
1953 3001 2178 3078 inquit,
2206 3007 2374 3061 recte

795 3101 986 3160 sentis
1006 3097 1034 3158 “?
1052 3101 1209 3159 Sane
1233 3098 1509 3177 quidem,
1526 3098 1629 3160 ille
1655 3100 2016 3178 respondet.
2033 3101 2331 3162 Macarius
2357 3119 2370 3162 :

2470 1985 2777 2046 etfccisset
2800 2022 2857 2029 —
2904 1987 3024 2065 ipsi
3062 1987 3228 2047 enim
3251 2003 3464 2046 revera
3495 1985 3886 2064 repugnabat
3918 1986 4057 2064 Spi-

2469 2087 2622 2148 ritus
2669 2095 2918 2149 sanctus
2949 2124 3020 2132 ——
3052 2088 3128 2148 iis
3161 2106 3174 2147 :
3208 2089 3472 2168 Propter
3519 2087 4052 2157 incredulitatem,

2468 2189 2694 2267 inquit,
2729 2195 2993 2250 vestram
3015 2206 3143 2250 non
3171 2205 3429 2268 possum
3463 2190 3733 2250 animam
3763 2205 4052 2249 evocare.

2470 2290 2686 2350 Statim
2716 2291 3015 2351 Macarius
3043 2291 3401 2368 indignatus
3423 2307 3626 2368 genua
3649 2292 3864 2360 ﬂectit,
3894 2289 4055 2349 nihil

2471 2408 2618 2452 vero
2649 2392 2954 2470 promisit,
2981 2400 3041 2453 et
3074 2410 3269 2472 quum
3310 2410 3500 2453 unam
3545 2392 3762 2454 horam
3803 2393 3867 2453 in
3907 2409 4056 2452 ora-

2471 2494 2642 2554 tione
2692 2501 3180 2573 perseverasset,
3239 2495 3307 2556 in
3370 2502 3716 2574 conspectu
3769 2496 4055 2556 omnium

2472 2595 2761 2666 surrexit,
2813 2602 2875 2656 et
2928 2594 3268 2674 sepulchro
3324 2596 3531 2676 palma
3569 2597 3917 2676 pulsato—
3951 2599 4060 2660 ba-

2473 2695 2599 2756 culi
2658 2695 2846 2769 enim,
2917 2697 3145 2776 quibus
3197 2698 3493 2760 monachi
3558 2698 3725 2760 illius
3780 2701 4060 2777 regionis

2473 2805 2756 2871 utuntur,
2806 2799 2960 2860 rami
3018 2799 3367 2878 palmarum
3423 2807 3570 2860 sunt
3618 2836 3690 2845 ——
3733 2800 4060 2862 hominem

2475 2899 2730 2960 suscitat
2767 2916 2894 2960 non
2941 2898 3005 2958 in
3042 2906 3204 2961 terra
3253 2899 3597 2971 defossum,
3630 2918 3836 2979 nuper
3885 2918 4057 2961 mor-

2475 2999 2802 3071 tuum,sed
2833 3017 2909 3060 ex
2936 2999 3208 3078 antiquis
3238 2998 3534 3078 aliquem.
3560 3003 3714 3061 Tum
3743 3001 4060 3063 Hieracita

2476 3107 2698 3162 vocato
2728 3118 2741 3160 :
2768 3102 3025 3172 Quaere,
3065 3100 3292 3180 inquit,
3326 3117 3403 3162 ex
3434 3100 3578 3174 hoc,
3613 3119 3762 3162 num
3791 3103 4056 3164 suscite-

799 3201 954 3273 Quid
1014 3218 1161 3261 vero
1216 3208 1331 3274 est,
1392 3200 1561 3279 quod
1619 3209 1686 3260 tu
1737 3199 1969 3261 sentis?
2016 3201 2126 3264 Ille
2165 3220 2176 3261 :
2215 3204 2375 3263 Num
2405 3214 2449 3276 ρ
2481 3205 2580 3260 tur
2601 3216 2851 3278 corpus.
2877 3201 2989 3271 Qui
3018 3207 3191 3260 tanto
3223 3200 3404 3278 signo
3434 3201 3846 3274 exanimatus,
3879 3209 4058 3280 post-

797 3309 965 3362 recte
995 3301 1287 3373 creditur,
1317 3319 1569 3362 carnem
1612 3309 1673 3361 et
1708 3319 1847 3363 ossa
1872 3303 2200 3363 suscitari?
2229 3303 2378 3363 San-

798 3414 931 3463 ctus
974 3404 1310 3481 respondet
1353 3421 1363 3460 :
1399 3404 1461 3462 Si
1496 3421 1573 3463 ex
1616 3403 1798 3464 nobis
1832 3404 2170 3482 loquimur,
2215 3405 2376 3466 bene

799 3504 1095 3582 loqueris.
1134 3506 1238 3564 Sin
1287 3505 1507 3564 veritas
1547 3505 1608 3564 id
1648 3504 1864 3578 voluit,
1898 3505 2046 3582 quid
2077 3505 2380 3582 obloque-

800 3605 924 3668 ris?
982 3607 1101 3665 Sed
1144 3625 1221 3667 ne
1272 3607 1464 3667 multa
1511 3607 1699 3667 verba
1763 3605 2123 3684 perdamus,
2175 3605 2374 3668 dicam

798 3707 930 3775 tibi,
981 3706 1130 3784 quid
1193 3707 1568 3786 sentiamus;
1628 3705 1856 3783 quibus
1894 3706 1945 3765 si
1992 3707 2372 3778 assentieris,

798 3813 957 3874 bene
1001 3813 1225 3884 facies;
1263 3812 1634 3888 sir‘minus,
1669 3812 1793 3871 Deo
1826 3827 2162 3888 repugnas,
2199 3812 2377 3872 cuius

798 3914 1087 3989 dogmata
1135 3912 1408 3992 spernis‘.r
1447 3917 1519 3972 At
1563 3912 1668 3973 ille
1704 3931 1716 3971 :
1755 3915 1909 3990 Ego.
1939 3912 2168 3990 inquit,
2200 3913 2376 3992 prior

799 4015 984 4074 ﬁdem
1018 4031 1216 4074 meam
1244 4031 1576 4092 exponam.
1608 4015 1762 4073 Tum
1796 4013 2130 4073 Macarius:
2159 4015 2370 4086 Prava,

799 4118 903 4185 ait,
943 4117 1194 4176 ﬁdesne
1228 4116 1606 4187 nominetur,
1641 4116 1750 4176 sed
1789 4116 2068 4176 dicamus
2117 4114 2377 4175 catholi-

799 4237 932 4278 cam
951 4217 1260 4281 Ecclesiae
1287 4217 1582 4278 ﬁdem.Et
1604 4217 1806 4277 statim
1832 4216 2369 4295 innuitepiscopo,

799 4325 864 4381 ut
903 4335 1039 4378 eam
1077 4319 1458 4396 proﬁteatur.
1506 4318 1619 4389 Qui
1661 4318 2100 4378 circumstante
2135 4317 2372 4396 p0pulo

797 4419 1015 4497 incipit
1057 4419 1240 4478 ﬁdem
1290 4419 1372 4479 ita
1421 4435 1740 4497 exponere
1775 4435 1786 4477 ε
1819 4418 2015 4478 Credo
2064 4417 2129 4478 in
2176 4435 2372 4479 unum

2480 3317 2666 3378 quam
2692 3300 2958 3361 daemon
2989 3301 3067 3360 ab
3097 3317 3174 3360 eo
3195 3299 3501 3374 discessit,
3526 3300 3602 3361 ad
3639 3301 3835 3379 pedes
3863 3301 4058 3361 sancti

2481 3400 2846 3481 provolutus
2869 3408 2960 3461 est
2980 3417 3124 3462 cum
3143 3407 3370 3464 cuncto
3399 3400 3662 3480 pOpulO.
3685 3403 3886 3474 Quum
3910 3418 4060 3461 vero

2480 3519 2624 3562 eum
2654 3502 2941 3563 occidere
2975 3510 3373 3580 quaererent,
3411 3503 3712 3564 Macarius
3757 3521 3866 3564 eos
3918 3523 4063 3582 pro-

2479 3602 2702 3676 hibuit,
2733 3610 2923 3682 atque
2954 3603 3019 3663 in
3051 3620 3332 3663 eremum
3371 3621 3512 3664 eum
3545 3604 3826 3664 abduxit.
3857 3605 4063 3664 Susci-

2477 3709 2639 3762 tatus
2671 3710 2902 3776 autem,
2925 3703 3362 3779 interrogatus,
3388 3720 3538 3764 num
3573 3703 3879 3764 Christum
3913 3722 4062 3783 pro-

2480 3805 2780 3877 ﬁteretur,
2801 3805 3027 3865 dixisse
3046 3803 3261 3877 fertur,
3279 3820 3345 3864 se
3369 3821 3448 3864 ne
3468 3803 3775 3865 audivisse
3800 3805 4060 3883 quidem

2480 3903 2556 3964 de
2577 3921 2651 3964 eo
2670 3905 2734 3964 in
2752 3905 2871 3964 vita
2890 3923 3020 3966 sua.
3047 3904 3388 3965 Pharaonis
3406 3905 3573 3964 enim
3591 3905 3753 3980 regis
3771 3912 3892 3964 tem
3906 3924 4058 3982 pore

2479 4022 2545 4064 se
2569 4005 2797 4065 obiisse
2818 4005 2991 4078 dixit,
3017 4005 3289 4084 ideoque
3313 4012 3455 4065 ante
3477 4005 3817 4065 adventum
3835 4005 4061 4067 Christi

2478 4105 2650 4165 vixit.
2673 4108 2867 4177 Quem
2890 4124 3083 4185 quum
3114 4107 3482 4186 baptizasset
3504 4107 3827 4176 Macarius,
3843 4124 4060 4166 secum

2479 4206 2695 4267 habuit
2743 4216 2865 4267 tres
2913 4224 3134 4280 annos,
3171 4209 3398 4285 quibus
3438 4207 3664 4286 elapsis
3703 4225 3908 4267 veram
3955 4208 4057 4266 ille

2479 4308 2919 4368 dormitionem
2951 4309 3262 4379 dormivit,
3297 4310 3402 4379 ita,
3439 4315 3503 4368 ut
3544 4310 3600 4367 ei
3641 4318 3889 4386 aptetur
3918 4329 4056 4370 ver-

2476 4410 2626 4469 bum
2655 4410 2938 4470 Domini:
2976 4411 3190 4488 Neque
3235 4409 3334 4470 hic
3368 4412 3668 4488 peccavit,
3698 4428 3904 4487 neque
3945 4429 4058 4489 pa-

798 4521 1016 4592 nem“,
1059 4520 1300 4579 Patrem
1340 4519 1859 4598 omnipotentem,
1887 4525 1945 4578 et
1983 4517 2046 4577 in
2083 4534 2374 4578 coessen-
2407 4557 2448 4607 η
2479 4515 2687 4568 rentes
2724 4509 2877 4580 eius,
2917 4509 3027 4570 sed
3055 4516 3124 4568 ut
3145 4508 3454 4569 reveletur
3484 4508 3676 4586 gloria
3701 4510 3828 4569 Dei.
3865 4511 4061 4569 Inter—

797 4619 939 4680 tiale
1005 4621 1137 4679 eius
1194 4619 1490 4692 Verbum,
1568 4638 1680 4698 per
1755 4619 1924 4696 quod
1992 4635 2141 4678 aeva
2205 4617 2372 4692 fecit,

801 4721 968 4798 quod
1008 4720 1070 4778 in
1117 4720 1657 4780 consummatione
1691 4725 2046 4796 temporum
2077 4716 2142 4776 in
2173 4716 2372 4777 aboli-

797 4827 1031 4886 tionem
1087 4824 1324 4903 peccati
1373 4824 1661 4902 apparuit
1713 4822 1779 4882 in
1831 4840 2040 4894 carne,
2090 4838 2278 4899 quam
2343 4839 2376 4880 e

798 4933 1007 4985 sancta
1041 4925 1227 4985 Maria
1250 4924 1485 5001 virgine
1521 4930 1903 5002 susceperat,
1932 4921 2102 5001 quod
2127 4922 2371 4982 cruciﬁ-

801 5044 968 5095 xum,
1000 5034 1312 5085 mortuum
1344 5032 1403 5086 et
1435 5024 1750 5103 sepultum
1799 5031 1914 5096 est,
1941 5029 2002 5083 et
2042 5022 2377 5082 resurrexit

797 5129 976 5190 tertia
999 5129 1122 5201 die,
1143 5127 1442 5206 sedetque
1455 5127 1530 5188 ad
1552 5127 1828 5188 dextram
1852 5125 2066 5197 Patris,
2081 5141 2152 5185 ac
2167 5123 2374 5184 denuo

798 5237 1126 5288 venturum
1150 5235 1240 5289 est
1264 5229 1330 5288 in
1351 5235 1635 5306 tempore
1656 5227 1889 5297 futuro,
1905 5225 2181 5285 iudicare
2204 5223 2375 5284 vivos

801 5335 861 5387 et
911 5333 1219 5399 mortuos;
1280 5333 1340 5387 et
1389 5326 1453 5386 in
1498 5325 1795 5404 Spiritum
1844 5331 2150 5394 sanctum,
2211 5322 2373 5382 Patri

799 5429 1059 5507 eiusque
1080 5429 1284 5490 Verbo
1314 5424 1786 5488 coessentialem
1813 5441 1826 5496 ;
1860 5422 2046 5496 credo
2078 5423 2142 5481 in
2175 5440 2375 5483 resur-

801 5529 1145 5590 rectionem
1194 5544 1450 5606 quoque
1489 5526 1730 5586 animae
1777 5531 1837 5584 et
1876 5523 2182 5601 corporis,
2220 5523 2376 5583 sicut

804 5627 1138 5708 Apostolus
1195 5628 1317 5688 ait:
1381 5627 1734 5687 Scminatur
1785 5641 2013 5702 corpus
2067 5622 2370 5696 naturale,

804 5731 1135 5791 suscitatur
1164 5746 1392 5806 corpus
1425 5726 1767 5805 spirituale,
1800 5732 1859 5784 et
1891 5742 2102 5784 rursus
2138 5743 2148 5783 :
2183 5726 2377 5802 Opor-

805 5835 889 5893 tet
918 5830 1085 5892 enim
1116 5826 1520 5911 corruptibilc
1562 5824 1679 5887 llOC
1713 5824 1971 5885 induere
2000 5824 2375 5904 incorrupti-

2479 4610 2715 4686 rogavit
2759 4616 2965 4669 autem
3005 4610 3342 4690 episcopus
3385 4617 3666 4670 sanctum
3696 4612 4053 4670 Macarium.

2477 4725 2556 4768 an
2588 4725 2712 4767 non
2733 4707 2928 4784 gloria
2957 4708 3022 4767 in
3045 4725 3155 4768 cor
3177 4708 3312 4768 eius
3347 4706 3720 4779 ascenderit,
3755 4713 3876 4765 tam
3903 4707 4059 4766 mul-

2478 4812 2555 4869 tis
2598 4817 2740 4869 ante
2791 4827 2932 4869 eum
2976 4808 3536 4888 procumbentibus
3580 4807 3661 4868 ob
3702 4815 3939 4867 tantum
3980 4808 4060 4867 si-

2479 4929 2691 4987 gnum.
2729 4912 2835 4970 Cui
2867 4910 3205 4990 respondet
3242 4929 3252 4969 :
3287 4910 3470 4971 Cuius
3505 4927 3613 4971 cor
3642 4910 3835 4969 otium
3870 4908 4059 4970 habet

2478 5011 2736 5086 gloriam
2766 5009 3091 5071 hominum
3122 5011 3526 5089 respiciendi,
3565 5011 3619 5070 is
3657 5011 3850 5070 Deum
3900 5027 4058 5071 non-

2479 5111 2626 5170 dum
2655 5109 2966 5185 cognovit.
2999 5111 3056 5169 Is
3091 5109 3281 5180 enim,
3314 5107 3622 5186 quidquid
3656 5106 3820 5178 facit,
3854 5105 4056 5166 homi-

2479 5212 2662 5271 nibus
2690 5210 2854 5270 facit.
2887 5210 3000 5281 Qui
3029 5227 3172 5271 vero
3192 5209 3417 5286 dignus
3441 5216 3533 5269 est
3564 5207 3811 5268 habitus
3847 5207 4054 5269 aﬁlatu

2479 5316 2609 5386 Dei,
2646 5315 2697 5375 is
2738 5315 2802 5376 in
2845 5314 3039 5375 multo
3080 5314 3418 5375 certamine
3450 5312 3950 5389 versatur,quasi
3989 5312 4052 5372 iu

2479 5417 2779 5478 novacula
2843 5424 3053 5488 staret,
3108 5416 3359 5486 timens,
3419 5433 3498 5475 ne
3555 5413 3821 5475 decidat.
3890 5414 4052 5473 Talis

2479 5541 2672 5584 unum
2721 5522 2920 5583 solum
2980 5520 3166 5580 habet
3219 5520 3620 5591 desiderium,
3685 5517 4052 5594 egrediendi

2479 5629 2581 5700 53
2613 5623 2846 5683 scilicet
2880 5639 2913 5682 e
2956 5637 3242 5698 corpore.
3280 5621 3452 5692 Quod
3483 5637 3630 5680 vero
3671 5619 3746 5679 ad
3790 5618 4049 5695 gloriam

2479 5723 2716 5793 attinet,
2746 5721 2898 5781 haec
2929 5719 2984 5779 ei
3023 5738 3099 5778 ne
3146 5720 3208 5778 in
3259 5729 3528 5779 mentem
3573 5719 3825 5797 quidem
3858 5717 4044 5778 venit.

2477 5827 2649 5884 lianc
2680 5830 2886 5884 autem
2916 5821 2970 5882 ei
3013 5821 3355 5882 doctrinam
3388 5822 3557 5882 dedit
3585 5840 3596 5880 :
3631 5820 3840 5880 Adduc
3867 5815 4046 5880 mihi.
