4266 6360
232 391 303 449 53
1761 382 1917 437 νιτΑ

1815 382 1993 436 ΙΤΑΕ.
3424 376 3500 441 5‘

225 500 457 581 inquit,
498 500 772 580 aliquem
812 502 878 564 in
926 505 1081 565 mari
1118 504 1543 567 ambulantem
1573 514 1634 566 et
1669 522 1811 567 coe-
1844 510 1883 563 Δ
1912 520 2030 582 pus
2071 502 2353 581 exponit,
2404 500 2525 563 fide
2572 518 2651 562 nc
2697 518 2896 563 unum
2945 500 3201 579 quidem
3242 501 3493 583 legitur,

228 603 358 663 lum
392 619 602 664 versus
632 602 850 665 oculos
886 603 952 665 in
996 604 1218 680 solem,
1250 606 1429 668 cuius
1466 605 1653 667 radiis
1686 623 1818 667 sus-

231 710 530 778 tentetur,
590 704 1002 782 deﬁgentem;
1027 706 1125 769 cui
1163 707 1305 787 quis
1334 705 1675 787 praecipiat
1710 724 1723 766 :
1754 706 1817 767 Si

229 803 465 870 locum.
499 805 563 865 in
584 822 712 884 quo
742 806 1046 880 ambulas,
1075 806 1369 887 adspicis,
1392 809 1459 869 in
1481 824 1651 869 mare
1674 806 1817 870 sub-

230 905 559 982 mergeris,
580 906 731 984 quid
754 907 811 967 ei
837 907 1102 981 accidet,
1118 908 1170 969 si
1196 908 1570 970 inobediens
1590 906 1816 971 fuerit?

230 1006 343 1075 Ita,
362 1006 471 1084 qui
488 1006 551 1065 in
575 1006 833 1084 gloriam
851 1008 963 1069 Dei
980 1009 1199 1071 oculos
1218 1009 1506 1083 intendit,
1528 1010 1811 1088 gloriam,

230 1126 397 1185 quae
429 1108 508 1168 ab
540 1098 904 1169 hominibus
934 1110 1245 1187 provenit,
1280 1108 1548 1190 pedibus
1594 1109 1810 1172 calcat.

230 1209 409 1267 Ilanc
439 1214 647 1267 autem
679 1208 730 1269 si
766 1210 1048 1289 respicit,
1073 1209 1151 1271 ab
1190 1208 1293 1270 illa
1331 1209 1583 1271 decidit.
1616 1214 1663 1270 A
1691 1228 1814 1289 qua

232 1308 286 1367 si
348 1307 671 1379 deciderit,
704 1308 913 1369 multis
968 1308 1105 1371 aliis
1154 1308 1481 1371 affectibus
1523 1310 1809 1387 agitatur.

231 1410 451 1470 Cetera
492 1427 640 1471 vero
689 1409 874 1471 huius
928 1412 1147 1484 sancti,
1216 1428 1404 1491 quam
1460 1411 1813 1472 misericors

231 1510 423 1570 fuerit
455 1517 515 1571 et
545 1512 878 1584 fraternus,
912 1519 972 1573 et
1010 1520 1306 1591 quantam
1352 1510 1639 1573 habuerit
1681 1512 1811 1571 dis-

232 1612 657 1673 cretionemin
675 1614 1169 1692 Operibus,nunc
1188 1612 1441 1691 quidem
1458 1612 1682 1693 silebo(
1691 1612 1741 1693 1)
1757 1661 1767 1671 .
1782 1637 1808 1667 »

314 1715 481 1773 Haec
517 1714 705 1790 igitur
749 1715 1018 1774 narratio
1054 1731 1087 1774 a
1126 1713 1367 1775 duabus
1396 1714 1552 1787 istis,
1590 1732 1744 1792 quas
1778 1733 1811 1775 e

234 1813 396 1874 libro
444 1813 725 1875 secundo
765 1820 825 1873 et
855 1830 889 1875 e
925 1813 1214 1875 Cassiano
1239 1832 1429 1893 supra
1467 1814 1807 1888 attulimus,

234 1932 313 1975 eo
353 1914 745 1994 potissimum
794 1913 1023 1987 differt,
1067 1915 1238 1992 quod
1294 1915 1726 1977 resuscitatum
1776 1934 1810 1975 a

234 2013 502 2075 Macario
552 2014 931 2092 baptizatum
971 2030 1108 2073 esse
1162 2019 1223 2073 et
1268 2014 1466 2075 tribus
1515 2014 1695 2075 annis
1744 2014 1809 2073 in

234 2131 451 2175 eremo
490 2113 813 2175 transactis
854 2113 1062 2173 denuo
1117 2112 1345 2175 obiisse
1396 2112 1599 2188 docet,
1638 2113 1809 2193 quod

234 2211 396 2274 liber
421 2213 737 2274 secundus
769 2229 893 2273 non
932 2212 1117 2273 habet
1160 2219 1219 2274 et
1243 2212 1565 2274 Cassianus
1594 2221 1808 2293 aperte

234 2321 443 2390 negat.
487 2313 745 2385 Quando
774 2312 865 2374 vel
894 2330 929 2374 a
958 2331 1085 2393 quo
1126 2314 1397 2375 narratio
1432 2314 1662 2393 scripta
1709 2315 1807 2388 sit,

234 2430 445 2491 neque
485 2431 561 2475 ex
592 2432 664 2475 ca
693 2415 1072 2493 ipsa,neque
1089 2414 1340 2476 aliunde
1364 2416 1508 2475 satis
1541 2423 1805 2476 constat.

235 2512 439 2587 Fides,
505 2532 691 2592 quam
772 2515 1109 2593 episcopus
1185 2517 1466 2595 exponit,
1514 2517 1809 2595 Spiritum

233 2620 521 2673 sanctum
575 2613 740 2672 Patri
786 2620 846 2672 et
875 2613 1026 2674 Filio
1081 2624 1403 2691 o’yoobmor
1438 2623 1637 2677 vocat.
1684 2618 1811 2688 Qua

234 2728 391 2771 voce
419 2710 698 2788 synodus
721 2712 1407 2790 Constantinopolitana
1440 2720 1500 2772 et
1530 2712 1813 2790 symbola

236 2810 387 2871 fidei
433 2810 509 2871 de
536 2810 767 2888 Spiritu
812 2815 1027 2871 sancto
1066 2828 1192 2871 non
1240 2817 1501 2871 utuntur
1546 2809 1651 2891 (Ξ).
1691 2811 1812 2872 Sed

234 2908 539 2986 Spiritum
568 2907 733 2967 Patri
764 2913 824 2967 et
846 2906 998 2967 Filio
1023 2918 1348 2984 ὀμοούσιον
1374 2908 1494 2968 iam
1529 2909 1590 2967 S.
1621 2908 1811 2969 Atha-

235 3007 451 3068 nasius
484 3005 757 3086 appellat
803 3006 908 3085 (3).
958 3006 1065 3078 54
1106 3008 1284 3069 Unde
1321 3009 1651 3071 verisimile
1697 3016 1810 3084 est,

236 3126 378 3169 eam
411 3126 625 3171 vocem
656 3109 722 3169 in
752 3111 1199 3189 Aegyptiorum
1230 3109 1516 3171 formulis
1543 3110 1689 3172 ﬁdei
1708 3128 1816 3171 an-

1917 602 2249 664 formulam
2304 609 2625 681 totamque
2667 602 2869 673 istam,
2920 603 3022 665 cui
3079 602 3311 664 inserta
3366 612 3494 684 est,

1918 706 2337 767 narrationem
2376 705 2521 766 satis
2549 705 2869 784 antiquam
2897 722 3032 766 esse
3069 704 3251 767 facile
3289 710 3495 771 credi-

1916 806 2102 868 deris.
2160 806 2501 868 Hieracitas
2562 805 3085 867 resurrectionem
3156 823 3496 888 corporum

1915 926 2176 987 negasse
2230 910 2291 969 S.
2343 906 2732 987 Epiphanius
2763 905 2970 980 docet,
3004 907 3113 986 qui
3146 908 3496 971 doctrinam

1916 1027 2135 1073 eorum
2172 1009 2339 1087 large
2377 1008 2665 1088 exposuit
2696 1007 2798 1086 (4).
2851 1010 3066 1087 Neque
3090 1026 3236 1069 vero
3266 1011 3327 1069 S.
3350 1010 3498 1089 Epi-

1916 1111 2207 1192 phanius,
2249 1128 2456 1189 neque
2511 1111 2571 1169 S.
2621 1109 2891 1170 Ililarius
2938 1110 3044 1189 (5),
3094 1128 3303 1183 neque
3339 1112 3497 1172 alius

1916 1211 2272 1290 quisquam,
2305 1216 2608 1288 quantum
2654 1210 2931 1282 invenio,
2966 1210 3191 1283 retulit,
3225 1211 3501 1273 Hieraci-

1916 1316 2008 1369 tas
2064 1312 2177 1370 tria
2203 1326 2410 1370 rerum
2460 1309 2769 1388 principia
2810 1309 3137 1386 agnovisse
3177 1318 3258 1383 et,
3301 1312 3497 1372 Deum

1915 1410 2190 1471 Verbum
2239 1410 2559 1471 hominem
2613 1409 2839 1474 factum
2902 1427 3057 1484 esse,
3123 1428 3498 1490 causamque

1916 1512 2197 1573 omnium
2240 1529 2449 1572 rerum
2489 1512 2871 1573 effectricem
2918 1512 3171 1584 servari,
3203 1511 3500 1573 inﬁtiatos

1917 1628 2076 1672 esse.
2120 1611 2295 1672 Unde
2350 1611 2522 1672 hisce
2574 1628 2733 1672 nova
2785 1611 2993 1688 aliqua
3041 1610 3118 1671 de
3172 1611 3500 1681 Hieracitis

1916 1709 2515 1789 edocemur,quibus
2535 1710 2942 1771 fundamenta
2955 1710 3498 1789 doctrinae,quam

1916 1811 2390 1888 proﬁtebantur,
2453 1809 2787 1871 dilucidius
2856 1817 3349 1885 cognoscuntur.
3409 1810 3494 1869 Ad

1914 1910 2067 1971 illud
2100 1927 2243 1972 vero
2275 1911 2667 1971 enuntiatum
2698 1910 2967 1984 Macarii,
3006 1926 3072 1970 se
3104 1916 3320 1969 contra
3351 1909 3495 1969 dae-

1914 2030 2135 2074 mones
2181 2012 2499 2092 principes
2534 2010 2691 2071 nihil
2730 2011 2958 2083 valere,
3012 2009 3185 2088 quod
3234 2016 3496 2088 spectat,

1912 2114 2080 2174 idem
2133 2115 2194 2173 S.
2233 2114 2540 2173 Antonius
2582 2128 2838 2190 quoque
2870 2108 3188 2190 professus
3221 2116 3311 2169 est
3342 2116 3500 2171 teste

1913 2214 2186 2276 Palladio
2217 2213 2320 2293 (6).
2354 2216 2662 2275 Mortuum
2695 2212 2772 2273 ad
2805 2209 3319 2290 respondendum
3346 2227 3497 2271 evo-

1914 2320 2119 2375 catum
2144 2329 2279 2373 esse
2310 2312 2573 2389 legimus
2593 2312 2659 2372 in
2684 2310 2846 2372 libro
2876 2308 3183 2370 Samuelis
3216 2310 3323 2387 (7).
3347 2311 3499 2369 Um-

1912 2412 2061 2475 brae
2114 2419 2502 2474 mortuorum
2555 2418 2847 2473 evocatae
2897 2428 3033 2472 esse
3087 2411 3381 2471 dicuntur
3432 2411 3499 2470 in

1912 2517 2172 2578 Homeri
2216 2526 2440 2589 Νεκυίςι
2465 2512 2572 2593 (8),
2604 2512 2771 2591 apud
2810 2515 3126 2573 Lucanum
3168 2512 3274 2589 (9),
3316 2511 3497 2571 Taci-

1912 2623 2044 2678 tum
2101 2614 2258 2695 (10),
2300 2613 2572 2674 Plinium
2623 2611 2775 2691 (11),
2838 2611 3283 2671 Philostratum
3341 2608 3495 2689 (12),

1914 2718 2177 2778 Dionem
2240 2714 2519 2777 Cassium
2569 2711 2716 2795 (13),
2776 2710 2880 2780 55
2929 2710 3084 2771 alios
3122 2709 3271 2791 (14).
3319 2709 3497 2789 Apud

1916 2835 2077 2898 quos
2098 2816 2357 2877 umbrae
2386 2800 2807 2890 interrogatae
2832 2820 2938 2873 aut
2960 2809 3370 2890 respondent,
3393 2818 3500 2871 aut

1915 2917 2301 2997 respondere
2345 2915 2726 2986 detrectant;
2768 2912 2997 2974 deinde
3022 2912 3100 2973 ad
3128 2910 3365 2972 inferos
3394 2930 3497 2971 re-

1914 3025 2240 3081 vertuntur
2278 3014 2422 3096 (15).
2464 3016 2692 3086 Moses,
2724 3030 2805 3074 ne
2847 3007 3343 3088 Iudaei'magos,
3389 3010 3499 3089 qui

1914 3124 2339 3197 νεκρομαντεῐα
2366 3113 2624 3187 faciunt,
2660 3112 2923 3185 adirent,
2956 3111 3095 3190 lege
3126 3111 3321 3172 vetuit
3350 3108 3495 3189 (16).

236 3210 419 3288 tiquo
442 3229 557 3271 usu
593 3218 905 3289 receptam
934 3210 1146 3272 fuisse.
1180 3212 1331 3283 Quia
1358 3227 1506 3273 vero
1528 3228 1562 3272 e
1580 3212 1806 3286 verbis,
1836 3232 1885 3298 ο
1911 3262 1921 3283 λ

1836 3232 1885 3298 c
1911 3225 2347 3297 Νεκρομαντεῖα
2388 3213 2819 3293 superstitiosa
2858 3230 2995 3274 esse
3030 3212 3245 3273 Cicero
3283 3217 3497 3271 osten-

234 3309 471 3388 quibus
526 3310 882 3388 symbolum
932 3311 1690 3391 Constantinopolitanum
1732 3314 1810 3374 de

234 3407 473 3486 Spiritu
493 3414 708 3470 sancto
754 3408 1056 3484 loouitur,
1083 3409 1149 3471 in
1182 3410 1306 3485 illa,
1344 3429 1530 3492 quam
1563 3413 1810 3492 episco-

308 3583 384 3653 (1)
424 3582 628 3640 Textus
660 3600 889 3655 graecus
914 3586 1113 3656 legitur
1141 3587 1281 3643 infra
1313 3590 1367 3644 in
1408 3590 1601 3646 harum
1644 3607 1811 3662 quae-

236 3677 479 3734 stionum
504 3677 816 3746 Appendice
840 3678 1020 3745 priore
1042 3680 1144 3733 sub
1172 3678 1232 3734 V.

311 3765 387 3833 (2)
439 3764 753 3835 Symbolum
814 3769 1034 3823 concilii
1091 3768 1683 3841 ConstantinOpoiitani
1742 3773 1809 3829 de

236 3854 447 3921 Spiritu
483 3864 671 3908 sancto
700 3857 831 3909 haec
857 3857 1053 3910 habet:
1110 3877 1126 3907 ο
1170 3860 1276 3911 Καὶ
1321 3859 1692 3934 [πιστεύομεν]
1730 3865 1808 3927 εἰς

232 3941 299 3995 τὸ
337 3942 552 4012 πνεῦμα
572 3944 629 3995 τὸ
656 3944 830 4013 ἆγιον,
868 3946 928 3998 τὸ
968 3948 1176 4017 κύριον,
1209 3949 1269 4000 τὺ
1319 3947 1600 4015 ζωοποιὸν,
1653 3952 1712 4004 τὸ
1750 3955 1813 4006 ὲκ

232 4034 331 4086 τοῦ
368 4035 573 4105 πατρὸς
618 4038 1068 4107 ἐκπορευόμενον,
1121 4039 1181 4091 τὸ
1230 4041 1326 4093 σὺν
1366 4043 1531 4111 πατρὶ
1575 4044 1668 4095 καὶ
1713 4043 1813 4112 υἱῷ

235 4128 819 4197 συμπροσκυνούμενον
844 4130 937 4181 καὶ
975 4130 1446 4201 συνδοξαζόμενον,
1477 4132 1539 4185 τὸ
1564 4132 1806 4201 λαλῆσαν

231 4217 322 4269 διὰ
341 4216 450 4269 τῶν
470 4219 763 4289 προφητῶν
798 4238 841 4274 ι,
886 4220 1057 4274 Mansi
1090 4220 1258 4275 Ccnc.
1289 4223 1466 4292 Ampl.
1487 4222 1622 4278 Coll.
1652 4222 1717 4277 Τ.
1742 4222 1807 4279 ΙΙΙ

236 4329 291 4379 p.
328 4312 453 4366 565.
488 4314 679 4367 Iisdem
717 4313 830 4368 fere
852 4315 1033 4370 verbis
1061 4316 1127 4370 de
1158 4315 1362 4386 Spiritu
1399 4326 1589 4372 sancto
1625 4328 1807 4374 cetera

232 4418 453 4472 quoque
489 4403 611 4457 fidei
634 4404 875 4474 symbola
912 4404 1226 4474 loquuntur.

309 4493 387 4561 (3)
430 4512 448 4546 ι
480 4497 588 4548 Καὶ
610 4497 707 4549 οὐκ
754 4498 964 4567 ἄδηλον,
988 4498 1183 4550 ὅτιούκ
1214 4498 1326 4551 ἔστι
1373 4498 1477 4552 τῶν
1508 4499 1717 4553 πολλῶν
1745 4500 1807 4553 τὸ

232 4588 485 4659 πνεῦμα,
537 4590 651 4643 ἀλλ’
688 4592 809 4645 οὐδὲ
857 4593 1104 4660 ἄγγελος,
1151 4592 1266 4645 ἀλλ’
1311 4593 1379 4645 ἓν·
1404 4593 1482 4651 ὅν.
1522 4595 1719 4661 μᾶλλον
1752 4595 1807 4647 δὲ

230 4682 329 4736 τοῦ
367 4683 526 4748 λόγου
560 4685 678 4746 ἐνὸς
707 4684 857 4748 ὄντος
896 4685 1042 4750 ἴδιον,
1077 4687 1170 4739 καὶ.
1206 4685 1300 4737 τοῦ
1338 4685 1459 4738 Θεοῦ
1502 4687 1617 4750 ἑνὸς
1661 4687 1811 4750 ὄντος

231 4775 367 4829 ῖδιον
415 4777 509 4828 καὶ
555 4776 835 4845 ὁμοούσιόν
874 4778 1040 4832 ἐστι.»
1109 4776 1166 4830 S.
1196 4778 1393 4831 Athan.
1420 4778 1515 4848 Ep.
1546 4780 1612 4831 ad
1653 4780 1810 4833 Sera-

234 4866 385 4935 pion.
413 4880 530 4933 cap.
559 4865 649 4919 27.
680 4865 736 4920 S.
763 4868 959 4920 Athan.
1002 4866 1138 4935 Opp.
1171 4868 1257 4921 ed.
1297 4867 1481 4922 Petav.
1508 4870 1645 4922 1777
1699 4870 1761 4922 T.
1794 4871 1809 4923 I

234 4946 297 5010 Ρ.
330 4957 370 5010 ll
401 4974 453 5028 p.
487 4958 609 5013 510.
637 4957 693 5013 S.
734 4960 1066 5014 Athanasius
1091 4960 1351 5029 Spiritum
1394 4971 1641 5015 sanetum
1689 4980 1809 5018 cum

231 5054 397 5107 Patre
422 5062 474 5106 et
498 5051 633 5105 Filio
661 5052 900 5107 eiusdem
926 5053 1385 5122 snbstantiaekrﬁ;
1408 5053 1575 5124 αὐτῆς
1604 5056 1810 5123 οὐσίας)

230 5160 356 5199 esse
379 5143 472 5197 ait.
502 5145 573 5197 De
603 5144 815 5197 Incarn.
842 5152 1033 5198 contra
1061 5145 1245 5197 Arian.
1291 5159 1411 5213 cap.
1445 5144 1497 5199 9.
1538 5146 1625 5199 19.
1670 5146 1805 5216 Opp.

233 5238 294 5292 S.
320 5238 522 5293 Athan.
557 5238 592 5289 l.
620 5238 655 5289 l.
682 5252 734 5306 p.
763 5236 885 5293 701.
909 5236 1032 5291 708.
1054 5236 1316 5306 Spiritum
1344 5250 1591 5292 sanctum
1623 5240 1717 5292 σὺν
1734 5239 1810 5308 τῷ

231 5331 403 5402 πατρὶ
428 5329 518 5383 καὶ
540 5328 618 5399 τῷ
643 5328 742 5399 υἱῷ
770 5329 865 5397 τῆς
905 5332 1033 5399 μιᾶς
1063 5330 1157 5382 καὶ
1195 5329 1290 5399 τῆς
1327 5328 1496 5398 αὐτῆς
1532 5331 1717 5393 οὐσίας
1750 5347 1808 5383 τε

232 5425 328 5477 καὶ
351 5421 597 5487 ἐξουσίας
630 5436 752 5477 esse
781 5421 939 5476 docet
970 5421 1235 5477 Damasus
1264 5436 1400 5491 papa
1445 5422 1724 5491 (566-384)
1754 5425 1807 5475 in

230 5513 486 5585 cpistola,
538 5528 702 5583 quam
771 5514 989 5584 scripsit
1039 5513 1266 5568 Paulino
1312 5516 1568 5585 episc0po
1618 5518 1801 5571 Antio-

231 5611 434 5662 cheno.
481 5605 655 5661 Μειηεί
713 5606 882 5659 Cone.
939 5606 1118 5675 Ampi.
1172 5606 1308 5661 Coll.
1362 5605 1427 5663 T.
1482 5606 1548 5660 ΙΙΙ
1592 5626 1643 5678 p.
1680 5610 1802 5664 488.

236 5700 493 5752 Sanctam
516 5697 811 5751 trinitatem
836 5697 1353 5750 consubstantialem
1384 5698 1684 5768 (ὁμοούσιον
1708 5703 1805 5770 τὴν

230 5792 397 5860 ἁγίαν
447 5790 660 5861 τριάδα)
694 5788 969 5858 praedicat
1008 5787 1253 5844 Meletins
1288 5792 1579 5860 cpiSCOpus
1608 5794 1771 5846 Antio

232 5886 462 5941 rhenus.
492 5881 625 5939 Ibid.
654 5897 705 5953 p.
735 5880 856 5938 559.
888 5880 969 5937 Cf.
1007 5883 1063 5936 S.
1088 5882 1350 5952 Epiphan.
1382 5884 1531 5939 baer.
1564 5885 1629 5939 76
1659 5896 1710 5941 ct
1746 5889 1799 5941 in

1910 3321 2000 3381 dit
2024 3318 2169 3399 (17).
2209 3315 2631 3378 Tertullianus
2665 3313 2805 3375 illas
2835 3313 3113 3374 manium
3159 3311 3499 3391 apparitio.

1911 3441 2023 3486 nes
2069 3420 2345 3483 fallacias
2385 3418 2766 3479 daemonum
2817 3412 3095 3494 appellat
3134 3411 3279 3493 (18).
3320 3412 3497 3484 Quod

1911 3596 2207 3649 Ancorato.
2260 3591 2495 3662 Spiritus
2538 3590 2685 3645 Patri
2736 3608 2754 3641 ‹
2795 3588 3283 3644 consubstantialis
3316 3606 3333 3637 ι
3388 3588 3495 3640 iam

1912 3693 2137 3738 vocatur
2163 3685 2217 3736 in
2252 3685 2468 3751 liturgia
2491 3680 2549 3734 S.
2578 3680 2758 3733 lacohi
2788 3678 2974 3733 fratris
3006 3678 3242 3742 Domini,
3270 3679 3342 3733 cf.
3366 3677 3493 3730 Βιιι-

1910 3777 2065 3831 terim
2094 3773 2632 3845 Denkwurdigkeiten
2672 3772 2735 3827 T.
2773 3771 2838 3826 IV
2868 3772 2929 3825 P.
2957 3772 2998 3825 ll
3026 3788 3078 3841 p.
3106 3771 3229 3825 149.

1989 3881 2065 3949 (4)
2093 3880 2249 3934 Haer.
2292 3878 2382 3932 67.

1985 3986 2059 4055 (5)
2090 3983 2327 4038 Hilarius
2357 3984 2422 4037 de
2456 3983 2682 4038 Hieraca
2716 3982 2960 4052 disputat
2990 3981 3061 4037 De
3101 3980 3256 4035 Trin.
3285 3982 3374 4035 lib.
3406 3977 3488 4045 Vi,

1922 4069 2010 4123 19..
2046 4070 2101 4123 ὃ.
2128 4070 2294 4122 llilar.
2323 4067 2461 4140 Opp.
2485 4086 2603 4124 cur.
2644 4069 2822 4139 Migne
2853 4069 2916 4123 T.
2948 4068 2985 4122 ll
3012 4085 3062 4137 p.
3098 4070 3199 4123 165
3232 4086 3352 4139 sqq.

1984 4173 2061 4244 (6)
2092 4174 2226 4229 Htst.
2252 4175 2415 4228 Laus.
2447 4190 2567 4245 cap.
2604 4175 2673 4228 29
2696 4174 2814 4243 Opp
2864 4176 3061 4229 Meum.
3094 4176 3128 4229 Ι.
3157 4177 3192 4229 l.
3225 4191 3277 4245 p.
3310 4174 3436 4229 45⁸5.

1985 4282 2062 4352 (7)
2088 4281 2235 4336 Sam.
2268 4284 2307 4343 i,
2336 4282 2426 4336 οε.

1984 4374 2058 4443 (8)
2086 4373 2185 4427 Od.
2219 4373 2310 4435 XI,
2335 4375 2405 4427 ‘23
2434 4390 2533 4443 sqq

1982 4468 2057 4537 (9)
2084 4466 2273 4521 Phars.
2304 4465 2395 4532 Vl,
2428 4469 2531 4520 (152
2564 4482 2687 4537 sqq.

1985 4558 2096 4625 (10)
2120 4558 2313 4611 Annal.
2345 4557 2412 4620 Il,
2439 4558 2529 4611 28.

1985 4651 2096 4718 (it)
2122 4648 2246 4702 Nat.
2272 4649 2405 4703 Hist.
2427 4648 2598 4710 xxx,
2627 4648 2678 4703 6.

1986 4744 2097 4812 (12)
2121 4742 2227 4796 Vit.
2252 4743 2420 4812 Apoll.
2456 4744 2627 4810 'l‘yan.
2656 4740 2742 4807 iV,
2770 4743 2853 4796 16.

1988 4836 2097 4907 (ιδ)
2126 4837 2262 4890 Hist.
2290 4837 2446 4889 nom.
2478 4834 2737 4894 Lxxvn.
2769 4835 2852 4887 15.

1992 4927 2106 4994 (14)
2145 4925 2274 4977 Hor.
2319 4934 2422 4978 sat.
2444 4923 2484 4991 Ι,
2510 4925 2563 4989 8,
2593 4926 2683 4977 -11,
2718 4924 2878 4978 Plura
2904 4928 3149 4995 exempla
3177 4927 3336 4983 habet
3370 4928 3495 4983 Del-

1914 5018 1997 5071 rio
2026 5016 2305 5087 Disquisit.
2350 5017 2548 5085 magir.
2591 5014 2653 5078 ll,
2693 5016 2755 5081 Q.
2788 5016 2878 5070 26.

1987 5122 2096 5193 (15)
2128 5121 2623 5190 Apolloniu3(apnd
2656 5120 3039 5176 Philostratum
3065 5123 3100 5176 l.
3129 5123 3268 5192 l.)de
3300 5124 3489 5179 umbra

1912 5214 2153 5280 Achillis,
2180 5229 2340 5282 quam
2370 5222 2624 5267 evocarat
2658 5232 2670 5267 :
2711 5233 2730 5265 ι
2775 5214 3359 5284 Ταῦτα,ἱιι‹ιυίι,εἰπὼν
3396 5261 3408 5271 .
3438 5258 3485 5273 ..

1912 5305 2121 5375 ἀπῆλθε
2151 5305 2245 5370 ξὺν
2268 5306 2517 5376 ἀστραπῇ
2540 5306 2753 5376 μετρίᾳ,
2770 5307 2862 5359 καὶ
2884 5306 2993 5376 γὰρ
3011 5307 3074 5377 δὴ
3094 5308 3187 5361 καὶ
3205 5310 3490 5381 ἀλεκτρυό-

1910 5413 1997 5458 νες
2032 5396 2132 5466 ἤδη
2160 5395 2299 5465 ᾠδῆς
2331 5396 2581 5465 ἥπτοντο.
2625 5395 2724 5451 Ed.
2768 5396 2969 5451 Olearii
3009 5395 3158 5467 Lips.
3205 5399 3341 5457 1709
3388 5399 3483 5459 fol.

1911 5504 1963 5557 p.
2001 5487 2125 5541 151.

1980 5590 2094 5658 (16)
2122 5587 2162 5641 ν
2201 5590 2333 5643 Mos.
2373 5588 2557 5655 XVIII,
2592 5590 2763 5644 11.1ll
2796 5592 2930 5648 Mos.
2974 5591 3115 5658 XIX,
3149 5593 3235 5648 3L

1980 5694 2090 5759 (l7)
2116 5691 2278 5750 Tusc.
2309 5696 2447 5764 disp.
2475 5694 2517 5758 l,
2548 5695 2637 5748 16.

1980 5800 2089 5870 (18)
2115 5799 2234 5855 Lib.
2294 5800 2359 5853 de
2420 5802 2596 5854 anima
2646 5816 2767 5871 cap.
2821 5804 2909 5857 57.
2946 5803 3173 5858 Tertull.
3208 5804 3325 5876 Opp
3382 5810 3468 5867 eti,

1908 5894 2112 5948 Sentior
2151 5893 2213 5948 '1‘.
2257 5891 2320 5945 iV
2362 5909 2413 5961 ρ.
2450 5892 2717 5965 285sqq.,
2774 5895 2948 5965 Mignc
3002 5896 3202 5953 Putl'Oi.
3277 5901 3338 5953 'l‘.
3407 5901 3469 5953 ιι.
