4266 6360
787 380 854 437 55
1652 370 1753 427 SS.
1792 364 2254 424 MACARIORUM
2296 356 2618 418 AEGYPTII
2661 355 2746 410 ET
2786 349 3253 409 ALEXANDRINI
3960 343 4025 397 56

780 490 952 555 idem
981 487 1112 551 fere
1148 492 1479 550 senserunt
1508 486 1568 546 S.
1601 486 2101 566 Chrysostomus,
2139 484 2199 541 S.
2228 484 2351 541 Au-
2385 486 2426 539 Α
2458 472 2983 535 resurrectionem
3036 465 3384 543 Hieracitac
3448 461 3763 566 probaret,
3825 474 4024 536 neque

782 589 1086 665 gustinus,
1112 586 1215 647 alii
1255 586 1361 665 (1).
1397 587 1522 647 Nec
1568 585 1775 645 minus
1817 591 2072 663 postero
2097 596 2351 658 quoque

781 706 936 750 aevo
973 688 1274 765 imagines
1316 693 1706 747 mortuorum
1746 702 1781 746 a
1822 684 2016 761 magis
2056 681 2351 743 excitatae

785 804 920 850 esse
964 787 1274 863 leguntur.
1329 787 1450 858 Sic,
1490 791 1558 845 ut
1599 784 1751 845 haec
1786 790 2024 844 tantum
2066 779 2353 858 exempla

783 888 1069 969 prodam,
1105 886 1329 947 Basilio
1357 883 1720 963 imperatori
1750 882 1860 943 filii
1891 880 2111 942 umbra
2131 897 2163 940 a
2195 880 2349 939 San-

786 990 1081 1050 tabareno
1117 986 1427 1048 monacho
1483 983 1831 1045 ostenditur
1882 980 1997 1061 (2);
2051 998 2085 1041 a
2130 981 2352 1039 Fausto

781 1090 1019 1150 Ilelena
1039 1086 1489 1148 formosissima
1504 1084 1735 1144 femina
1764 1080 2151 1143 scholaribus
2175 1094 2354 1139 mon-

784 1196 1011 1251 stratur
1052 1186 1157 1268 (3).
1196 1188 1285 1247 Ab
1335 1187 1431 1246 his
1480 1185 1668 1262 igitur
1720 1198 2047 1257 magorum
2096 1176 2354 1239 fallaciis

781 1296 886 1350 aut
915 1288 1197 1348 ludibriis
1231 1282 1524 1346 miracula
1554 1296 1774 1342 senum
1807 1277 1993 1357 plane
2030 1274 2349 1335 differunt.

780 1387 898 1458 Qui
945 1404 1075 1447 non
1121 1401 1447 1461 magorum
1497 1383 1691 1443 instar
1746 1377 2051 1453 imagines
2108 1380 2352 1434 tantum

784 1488 1074 1558 efferunt,
1106 1484 1217 1545 sed
1245 1483 1469 1544 Christi
1499 1498 1644 1560 ope,
1677 1484 1745 1540 ut
1781 1477 1987 1538 anima
2023 1475 2087 1533 in
2122 1490 2355 1552 corpus

780 1586 1017 1659 redeat,
1065 1592 1358 1663 totusque
1413 1582 1604 1643 homo
1654 1579 1995 1648 reviviscat,
2057 1573 2351 1635 elficiunt.

783 1689 1154 1747 Submersos
1195 1684 1474 1763 quidem,
1522 1681 1857 1742 suffocatos
1897 1683 1956 1737 et
1986 1676 2120 1736 sine
2160 1674 2357 1753 bapti-

2457 571 2710 652 quando
2732 576 2791 631 et
2819 588 2942 648 qua
2973 567 3178 629 oblata
3208 563 3541 627 occasione
3577 560 3639 620 id
3665 560 3895 620 factum
3930 562 4024 631 sil,

2455 673 2647 745 addit,
2689 669 3052 741 credideris,
3085 666 3283 727 varias
3319 663 3397 723 de
3432 662 3550 723 hoc
3590 659 3879 740 prodigio
3915 659 4027 717 iam

2455 758 2577 829 illis
2601 767 2858 829 Palladii
2880 764 3271 845 temporibus
3290 760 3615 822 'exstitisse
3650 757 4030 817 narrationes

2456 886 2837 950 magnOpere
2859 868 3020 928 inter
3050 884 3115 927 se
3147 864 3597 941 discrepantes.
3628 860 3794 931 Quae
3824 857 3875 916 si
3908 872 4030 916 non

2458 975 2855 1046 exstitissent,
2878 969 3188 1033 Palladius
3214 965 3536 1026 historiam
3570 960 3841 1042 prodigii
3874 957 4032 1019 haud

2457 1074 2789 1135 omisisset.
3476 1108 3483 1115 ο

2538 1178 2564 1249 §
2606 1174 2695 1234 15.
2735 1176 2821 1234 De
2869 1171 2979 1233 illo
3025 1170 3447 1239 adolescente,
3483 1164 3588 1246 qui
3639 1171 3759 1225 tam
3807 1162 4036 1223 multos

2458 1291 2651 1353 panes
2670 1272 3038 1335 comedebat
3058 1272 3357 1348 cibosque
3376 1282 3664 1329 comesos
3685 1263 4032 1334 evomebat,

2456 1390 2493 1433 a
2542 1373 2807 1434 Macario
2864 1369 3171 1449 Aegyptio
3229 1373 3445 1429 sanato
3503 1364 3674 1425 solus
3727 1362 4037 1423 Palladius

2458 1472 2664 1533 tradit.
2698 1472 3032 1533 Hominem
3061 1469 3392 1540 illustrem,
3424 1466 3533 1545 qui
3558 1483 3592 1526 a
3615 1465 3921 1525 daemone
3948 1462 4042 1522 fu-

2459 1574 2625 1635 rioso
2647 1574 2750 1643 57
2770 1578 3113 1651 occupatus
3140 1570 3372 1650 pariter
3393 1568 3648 1648 propria
3670 1565 4041 1628 comedebat

2461 1678 2882 1745 excrementa,
2931 1670 3165 1730 sanavit
3209 1670 3270 1729 S.
3306 1669 3612 1729 Antonius
3663 1666 3770 1745 (9).
3821 1666 4043 1726 Mulier

782 1802 917 1844 smo
952 1792 1233 1844 mortuos
1252 1800 1469 1842 senum
1497 1798 1618 1858 ope
1650 1779 1744 1839 vel
1775 1777 2055 1837 oratione
2088 1773 2352 1835 resusci-
2392 1821 2428 1873 Β
2460 1769 2789 1847 quaedam,
2824 1787 2985 1849 quae
3030 1768 3309 1848 quotidie
3352 1768 3599 1845 triginta
3637 1766 3896 1844 gallinas
3928 1782 4037 1827 co-

783 1892 940 1945 tatos
997 1902 1153 1955 esse,
1208 1885 1444 1944 centies
1484 1882 1708 1959 legitur
1762 1880 1866 1959 (4).
1919 1881 1964 1938 Ε
2016 1878 2244 1957 quibus
2284 1877 2347 1949 ii,

782 1987 885 2065 qui
940 1986 1404 2057 resuscitantur,
1461 1992 1527 2043 ut
1584 1983 1957 2061 baptismum
2016 1979 2347 2059 accipiant,

782 2086 876 2147 vel
908 2086 1073 2147 aliud
1100 2085 1251 2165 ipsis
1280 2085 1489 2145 aliisve
1520 2083 1669 2144 utile
1691 2101 1852 2162 opus
1883 2086 2203 2160 peragant,
2241 2096 2349 2138 cx—

783 2186 952 2267 pleto
992 2186 1112 2247 hoc
1156 2203 1415 2245 munere
1448 2186 1651 2245 statim
1683 2184 1890 2244 denuo
1912 2182 2070 2241 mori
2106 2178 2308 2240 solent
2334 2196 2349 2250 ;

783 2289 974 2349 ceteri
1027 2305 1212 2367 saepe
1272 2294 1378 2364 56
1420 2285 1678 2363 longum
1733 2284 1918 2344 etiam
1966 2291 2216 2360 tempus
2264 2280 2352 2339 vi-

785 2396 935 2450 vunt
993 2390 1097 2467 (5).
1182 2388 1302 2449 Sed
1358 2395 1638 2449 mortuos
1697 2386 1774 2447 ad
1838 2382 2355 2462 respondendum

785 2499 1073 2550 evocatos
1094 2506 1230 2549 esse
1261 2488 1749 2550 raroinvenitur.
1778 2484 2078 2545 Macarius
2106 2485 2354 2558 Aegyp-

782 2590 903 2650 tius
938 2590 1095 2651 duos
1121 2589 1275 2651 alios
1298 2588 1649 2659 defunctos,
1684 2602 1814 2646 non
1844 2583 2123 2663 quidem,
2155 2588 2224 2641 ut
2252 2597 2352 2639 re—

784 2698 1135 2769 surgerent,
1190 2690 1299 2752 sed
1338 2697 1408 2751 ut
1459 2706 1492 2750 e
1542 2687 1783 2749 tumulo
1824 2686 1942 2747 sibi
1977 2684 2055 2746 ad
2092 2683 2360 2743 interro-

786 2797 923 2866 gata
960 2788 1435 2868 responderent,
1464 2785 1743 2863 coegisse
1773 2782 1879 2861 (6),
1914 2787 2101 2858 atque
2142 2777 2352 2850 etiam,

784 2899 851 2950 ut
872 2890 1149 2950 cranium
1178 2888 1438 2949 alicuius
1462 2884 1760 2953 defuncti,
1784 2880 1953 2961 quod
1984 2895 2172 2957 super
2193 2883 2358 2937 terra

783 2989 1043 3062 invenit,
1067 2988 1182 3048 sibi
1215 2988 1291 3047 de
1316 2985 1538 3065 poenis
1559 2982 1788 3045 inferni
1817 2980 2186 3057 loqueretur
2242 2974 2352 3056 (7),

787 3089 1070 3149 olfecisse
1124 3088 1340 3149 fertur.
1402 3088 1681 3147 Mortuus
1716 3098 1865 3144 vero
1899 3080 1977 3140 ad
2015 3093 2353 3156 corporum

2457 1872 2747 1932 medebat
2796 1889 3002 1949 neque
3047 1870 3169 1931 cibi
3215 1870 3568 1929 aviditatem
3622 1867 3875 1947 explere
3923 1883 4040 1945 po-

2454 1977 2641 2045 terat,
2690 1978 2902 2031 sanata
2946 1976 3098 2031 esta
3130 1968 3573 2030 S.Macedonio
3613 1964 3759 2047 (10).
3811 1965 4040 2026 Adole-

2455 2073 2653 2132 scenti
2698 2072 2800 2132 isti
2830 2072 3119 2134 morbum
3148 2072 3375 2149 ingerit
3412 2071 3681 2131 daemon
3720 2068 4041 2147 ingluvici,

2456 2170 2565 2249 qui
2604 2188 2680 2230 ex
2716 2170 2937 2231 ordine
2972 2176 3062 2231 est
3098 2187 3340 2243 eorum,
3374 2169 3482 2249 qui
3514 2167 3683 2245 ignei
3714 2176 4039 2228 vocantur.

2456 2273 2526 2331 In
2556 2271 2676 2330 vita
2714 2273 2773 2331 S.
2823 2272 3099 2344 Antonii,
3151 2270 3255 2331 ubi
3304 2269 3382 2330 de
3426 2268 3840 2331 daemonibus
3872 2268 4044 2346 large

2459 2371 2781 2432 disseritur
2800 2371 2849 2450 (1
2868 2370 2945 2449 1),
2976 2370 3134 2432 ordo
3155 2370 3408 2449 quidem
3438 2370 3769 2446 igneorum
3793 2368 4047 2430 daemo-

2458 2490 2608 2533 num
2641 2490 2769 2533 non
2800 2473 3221 2551 distinguitur.
3262 2474 3348 2533 De
3392 2472 3687 2549 gradibus
3713 2488 3862 2532 vero
3892 2470 4044 2530 dae-

2458 2595 2717 2639 monum
2747 2578 3027 2639 scribens
3053 2577 3433 2638 Trithemius
3466 2593 3481 2635 :
3517 2600 3544 2631 «
3574 2574 3764 2636 Multa
3791 2575 3984 2646 enim,
4017 2598 4045 2626 »

2456 2679 2684 2757 inquit,
2712 2685 2903 2739 «sunt
2933 2695 3160 2756 genera
3179 2677 3583 2749 daemonum,
3608 2682 3665 2737 et
3683 2676 4052 2737 certisinter

2460 2794 2527 2838 se
2562 2778 2856 2854 gradibus
2892 2777 3143 2850 distant,
3174 2776 3413 2837 ratione
3442 2774 3753 2847 locorum,
3788 2774 3854 2833 in
3884 2790 4051 2851 quae

2460 2876 2755 2957 cadentes
2803 2894 2838 2938 a
2888 2876 3202 2956 principio
3266 2882 3411 2937 sunt
3460 2876 3718 2937 detrusi.
3769 2876 4052 2935 Primum

2461 2975 2713 3053 quidem
2755 2992 2954 3052 genus
2980 2974 3362 3035 daemonum
3385 2973 3740 3053 appellatur
3766 2974 4047 3049 igneum.

2461 3075 2639 3147 Quod
2694 3076 2859 3137 circa
2913 3075 3304 3155 superiorem
3369 3082 3742 3154 pervagatur
3801 3090 4048 3143 aerem,

784 3189 1307 3249 resurrectionem
1344 3184 1733 3264 probandam
1780 3180 2179 3242 resuscitatus
2218 3191 2354 3235 esse
2384 3166 2425 3223 C
2460 3192 2576 3235 nec
2624 3193 2905 3254 unquam
2954 3183 3099 3237 ante
3148 3175 3365 3238 iudicii
3412 3176 3577 3237 diem
3630 3175 3707 3235 ad
3748 3175 4053 3235 inferiora

785 3289 849 3349 in
905 3290 1025 3350 vita
1071 3290 1130 3348 S.
1187 3287 1435 3349 Patricii
1483 3300 1737 3365 quoque
1801 3280 1987 3360 plane
2046 3271 2357 3339 consimili

786 3388 974 3448 modo
1027 3388 1289 3448 traditur
1368 3384 1472 3464 (8).
1543 3383 1696 3455 Quia
1748 3379 2060 3443 Palladius
2125 3379 2352 3447 narrat,

786 3494 1175 3547 constantem
1204 3487 1267 3546 in
1292 3484 1625 3545 solitudine
1643 3482 1869 3543 famam
1888 3479 2077 3539 fuisse
2095 3476 2171 3537 de
2194 3490 2356 3534 mor-

786 3590 917 3657 tuo,
951 3601 1140 3664 quem
1163 3584 1463 3646 Macarius
1494 3580 1895 3653 resuscitarit,
1926 3583 1995 3639 ut
2017 3588 2356 3654 corporum

786 3743 843 3797 p.
877 3726 977 3779 747
1017 3741 1135 3795 sqq.
1166 3724 1312 3779 Sauli
1347 3723 1648 3779 Samuelem
1672 3738 1796 3778 vere
1829 3720 2147 3792 apparuisse
2182 3715 2369 3772 docuit

787 3815 985 3871 Justin.
1023 3814 1186 3885 Resp.
1220 3816 1286 3869 ad
1314 3815 1532 3881 Quaest.
1567 3816 1635 3870 52
1668 3813 1913 3880 Quaestt.
1961 3811 2259 3866 Christian.

859 3908 935 3975 (1)
969 3906 1027 3959 S.
1062 3905 1347 3977 Chrysost.
1391 3905 1580 3959 homil.
1631 3906 1699 3958 ‘29
1749 3904 1803 3956 in
1836 3902 2052 3964 Matth,
2096 3900 2235 3969 Opp.
2274 3898 2361 3952 ed.

795 3996 1146 4051 Montfaucon
1164 3998 1225 4050 Τ.
1253 3996 1341 4049 VII
1373 4012 1425 4067 p.
1452 3996 1556 4051 566
1584 4013 1726 4065 sqq.,
1751 3994 1808 4049 S.
1833 3997 1969 4064 Aug.
1994 3994 2061 4047 de
2091 3994 2251 4047 Civit.
2270 3993 2365 4047 Dei

792 4087 978 4151 li.b.X,
1008 4087 1040 4141 9
1072 4104 1188 4157 sqq.
1219 4096 1271 4141 et
1295 4089 1519 4157 passim.
1552 4087 1637 4141 Cl'.
1675 4086 1876 4145 Justin.
1904 4086 2060 4155 Apol.
2094 4085 2141 4139 ll
2172 4100 2293 4155 cap.
2334 4085 2368 4137 5

792 4196 911 4249 sqq.
943 4181 1028 4234 ed.
1082 4179 1255 4233 Paris.
1301 4179 1438 4233 1658
1475 4195 1526 4247 p.
1572 4179 1639 4233 65
1692 4195 1839 4248 sqq.,
1887 4178 1975 4233 ed.
2035 4178 2163 4231 Otto
2208 4178 2366 4232 lenae

793 4270 929 4322 tam
955 4268 1054 4324 T.|
1085 4285 1135 4338 p.
1173 4269 1277 4323 295
1304 4284 1459 4339 sqq.;
1493 4270 1638 4340 Orig.
1669 4281 1856 4324 contra
1881 4268 2097 4325 Celsum
2130 4268 2171 4335 Ι,
2216 4269 2283 4323 68
2314 4275 2367 4323 et

794 4361 1013 4429 passim.

861 4453 936 4520 (Ξ)
992 4451 1216 4506 Michael
1272 4450 1467 4523 Glycas
1514 4451 1698 4506 annal.
1743 4450 1877 4506 Pars
1932 4448 2001 4504 1V
2065 4450 2151 4506 ed.
2184 4448 2357 4505 Bonn.

793 4559 844 4611 p.
876 4543 997 4596 550.

858 4634 934 4703 (5)
991 4632 1054 4687 ll.
1104 4633 1339 4687 Dimtzer
1374 4634 1470 4687 Dic
1516 4630 1653 4703 Sage
1688 4647 1795 4687 von
1842 4630 2040 4685 Doctor
2082 4629 2358 4685 Iohannes

790 4726 957 4783 Faust
989 4745 1042 4797 p.
1078 4729 1207 4796 175;
1233 4727 1307 4781 cf.
1343 4728 1473 4783 ibid.
1517 4744 1569 4797 p.
1598 4727 1698 4781 159
1732 4742 1851 4796 sqq.
1881 4726 2057 4781 Delrio
2098 4727 2379 4795 Disquisit.

793 4820 985 4889 magic.
1020 4820 1055 4872 l.
1082 4819 1119 4873 l.

860 4911 1016 4978 (4)111
1049 4912 1221 4964 indice
1245 4912 1437 4964 morali
1474 4910 1717 4966 cuiusvis
1764 4910 1876 4965 fere
1922 4909 2051 4964 tonui
2095 4909 2207 4961 AA.
2251 4906 2350 4962 SS.

789 5001 923 5055 Bell.
960 5019 1006 5056 s.
1040 5020 1093 5057 ν.
1122 5013 1359 5056 mortuus
1382 5002 1611 5071 plurima
1637 5003 1879 5072 exempla
1905 5001 2215 5054 laudantur.

861 5090 933 5159 (5)
968 5091 1209 5145 Mortuus
1236 5092 1562 5152 monachus,
1595 5104 1625 5143 a
1654 5089 1710 5144 S.
1745 5092 2023 5160 Comgallo
2058 5090 2353 5144 resuscita-

788 5195 896 5249 tus,
930 5184 1239 5253 quindecim
1273 5190 1463 5253 postea
1498 5199 1673 5239 annos
1714 5183 1870 5237 vixit.
1910 5183 2022 5237 AA.
2072 5180 2171 5238 SS.
2212 5181 2350 5240 Boll.

787 5275 911 5329 Mai.
944 5274 1007 5329 T.
1043 5274 1083 5329 ιι
1117 5291 1171 5344 p.
1203 5276 1325 5339 581,
1350 5276 1406 5332 d.

858 5368 937 5437 (6)
966 5365 1049 5421 Cf.
1084 5367 1225 5419 infra
1254 5367 1441 5439 Capita
1472 5366 1538 5419 IV
1568 5375 1622 5423 et
1643 5364 1733 5421 Vl.

857 5457 937 5522 (7)
967 5458 1050 5511 Cf.
1085 5457 1225 5511 infra
1254 5457 1428 5527 Caput
1460 5456 1548 5511 Vl.

857 5551 931 5618 (8)
966 5550 1221 5614 Patricio,
1254 5551 1547 5608 Hiberniae
1578 5553 1846 5622 apostolo,
1894 5552 2137 5622 regulus,
2188 5566 2348 5622 quem

2462 3274 2868 3355 demergitur,
2902 3278 3012 3340 sed
3037 3278 3338 3341 continuo
3368 3278 3484 3338 sub
3516 3276 3881 3355 regionibus
3910 3294 4054 3355 per-

2460 3384 2786 3438 manentes
2820 3376 3143 3438 lunaribus
3178 3375 3421 3437 nullum
3468 3374 3700 3435 habent
3738 3392 3881 3436 cum
3928 3374 4051 3435 ho-

2461 3474 2735 3537 minibus
2756 3477 2819 3537 in
2852 3484 3011 3539 terra
3032 3476 3674 3553 commercium(12).»
3702 3478 3896 3547 Quam
3918 3476 4057 3536 Tri-

2462 3572 2685 3637 themii
2734 3577 3225 3657 descriptionem
3283 3578 3615 3655 igneorum
3667 3576 4057 3638 daemonum

2472 3732 2617 3772 rum.
2656 3738 2674 3770 ι
2719 3717 2992 3776 Patricius
3022 3736 3145 3776 cum
3176 3721 3366 3790 regqu
3390 3731 3443 3776 et
3467 3720 3625 3791 plebe
3652 3721 3821 3775 multa
3858 3722 3927 3776 ad
3967 3729 4057 3775 tu-

2466 3810 2673 3863 mulum
2706 3814 2963 3867 accessit.
2994 3812 3165 3877 Quem
3190 3827 3315 3865 cum
3365 3812 3563 3866 baculo
3599 3810 3726 3866 Jesu
3776 3812 4060 3881 signasset

2469 3902 2808 3973 humumque
2839 3906 2957 3959 erui
2990 3906 3236 3969 fecisset,
3274 3904 3417 3957 facta
3464 3904 3713 3957 oratione
3765 3903 4053 3957 hominem

2468 3994 2522 4048 in
2574 3997 2991 4053 admirationem
3033 4000 3278 4053 omnium
3316 4005 3371 4051 et
3412 3996 3882 4049 confirmationem
3929 3997 4057 4050 ﬁdei

2466 4088 2766 4143 catholicae
2797 4090 3164 4143 resuscitavit.
3198 4088 3301 4153 Qui
3335 4102 3542 4156 poenas
3569 4085 3766 4140 inferni
3800 4096 4055 4149 enarrat,

2466 4178 2775 4247 baptizatur
2801 4188 2855 4234 et
2893 4180 3224 4234 eucharistia
3258 4186 3513 4249 percepta
3556 4179 3610 4230 in
3638 4178 3825 4231 eodem
3869 4179 4063 4247 sepul—

2466 4270 2601 4324 chro
2640 4272 2696 4324 in
2741 4270 2969 4325 Domino
3007 4272 3228 4325 dormit.
3289 4268 3476 4339 Neque
3500 4269 3789 4337 quisquam
3830 4285 4056 4332 eorum,

2466 4364 2557 4431 qui
2593 4362 2839 4427 aderant,
2878 4364 2945 4417 de
2972 4364 3381 4419 resurrectione
3425 4374 3765 4417 mortuorum
3811 4364 4060 4431 amplius

2467 4453 2753 4508 dubitavit.
2788 4452 2896 4506 AA.
2934 4451 3035 4507 SS.
3062 4452 3196 4507 Boll.
3231 4452 3388 4506 Mart.
3423 4450 3487 4505 T.
3516 4450 3557 4506 Il
3606 4469 3660 4521 p.
3694 4451 3821 4512 557,
3867 4466 3918 4505 e.
3961 4453 4057 4514 At,

2394 4549 2440 4607 D
2467 4545 2701 4613 inquies,
2725 4545 2995 4613 quomodo
3012 4544 3193 4608 homo,
3212 4546 3305 4617 qui
3321 4560 3524 4614 poenas
3541 4543 3738 4596 inferni
3762 4543 4057 4606 sustinuit,

2468 4637 2756 4705 baptizari,
2794 4636 3182 4691 eucharistiam
3212 4638 3492 4707 percipere
3513 4643 3569 4691 et.
3591 4636 3792 4690 salvari
3826 4637 4061 4703 potest?

2466 4729 2665 4785 Eadem
2715 4730 3006 4785 difficultas
3049 4730 3213 4783 etiam
3265 4731 3319 4783 in
3362 4729 3676 4782 narratione
3732 4726 3800 4781 de
3829 4730 4057 4790 cranio.

2467 4823 2609 4891 quod
2641 4821 2874 4875 Macario
2901 4821 3167 4891 Aegyptio
3204 4822 3271 4874 de
3319 4822 3507 4891 poenis
3545 4819 3743 4874 inferni
3779 4822 4055 4889 loquitur.

2464 4914 2725 4968 occurrit.
2758 4914 2832 4967 De
2856 4928 2962 4981 qua
2995 4912 3135 4966 infra
3166 4913 3296 4981 Cap.
3331 4911 3413 4965 VI.
3462 4910 3567 4965 Sed
3602 4910 3822 4964 Patricii
3861 4912 4060 4979 prodi-

2460 5006 2608 5073 gium
2639 5005 2737 5065 illi,
2767 5003 2912 5073 quod
2964 5005 3017 5057 in
3072 5003 3453 5058 resuscitando
3514 5011 3728 5058 mortuo
3771 5004 4057 5057 Macarius

2459 5093 2646 5161 edidit,
2678 5095 3008 5149 simillimum
3039 5102 3142 5148 est.

2534 5186 2609 5256 (9)
2647 5185 2754 5239 Vit.
2785 5185 2842 5239 S.
2883 5186 3126 5249 Antonii,
3160 5185 3269 5239 VV.
3304 5184 3407 5239 PP.
3447 5185 3633 5241 Rosw.
3672 5200 3793 5254 cap.
3832 5183 3924 5249 56,
3987 5182 4047 5237 S.

2458 5277 2659 5331 Athan.
2694 5274 2831 5345 Opp.
2858 5290 2974 5344 cap.
3009 5275 3077 5328 64
3109 5292 3160 5345 p.
3191 5275 3310 5329 674.

2530 5367 2640 5437 (10)
2672 5365 2786 5421 VV.
2812 5365 2915 5420 PP.
2937 5366 3119 5421 Rosw.
3153 5368 3244 5419 lib.
3285 5364 3353 5420 lX
3376 5381 3495 5436 cap.
3520 5367 3582 5420 IS
3609 5382 3661 5435 p.
3699 5367 3823 5429 830,
3858 5365 3909 5419 1.

2528 5462 2641 5533 (Η)
2672 5459 2792 5513 Vita
2818 5459 2874 5513 S.
2894 5459 3136 5524 Antonii,
3162 5458 3218 5512 ὃ.
3246 5460 3442 5512 Athan.
3474 5458 3610 5529 Opp.
3638 5476 3759 5529 cap.
3799 5463 4049 5523 22—43.

2529 5553 2746 5624 (19.)10.
2776 5552 3061 5606 Trithemii
3083 5552 3201 5606 Lib.
3219 5565 3341 5606 octo
3364 5553 3743 5621 quaestionum
3773 5556 3838 5609 ad
3867 5557 4051 5614 Maxi-

787 5645 1089 5713 liaptizarat
1123 5665 1135 5699 :
1177 5644 1289 5704 «Si.
1313 5665 1332 5697 ι
1390 5647 1586 5714 inquit,
1621 5665 1638 5697 ‹
1672 5661 1831 5699 avum
1872 5661 2053 5699 meum
2094 5661 2124 5698 a
2160 5646 2350 5699 diebus
2455 5649 2738 5702 milianum
2764 5647 3051 5701 Caesarem
3086 5661 3141 5715 q.
3178 5645 3262 5700 Vl.
3297 5647 3377 5703 Cf.
3406 5650 3583 5709 Delrio
3603 5649 3888 5719 Disquisit.
3914 5666 4053 5707 ma-

789 5737 974 5790 inultis
1010 5737 1371 5791 incineratum
1411 5737 1829 5791 resuscitavcris
1879 5738 1932 5789 in
1976 5737 2172 5791 virtute
2220 5735 2349 5790 Jesu

786 5825 1010 5894 Christi,
1070 5828 1291 5885 firmiter
1333 5828 1550 5885 credam
1601 5829 2054 5885 resurrectionem
2106 5836 2345 5883 mortuo-

2466 5740 2569 5811 gic.
2597 5740 2691 5796 lib.
2720 5738 2761 5793 ll
2785 5737 2849 5804 ρ.
2873 5738 2943 5792 27
2968 5736 3113 5793 Scct.
3145 5737 3198 5791 2.
