4266 6360
201 389 269 445 Si
1736 376 1886 433 VITA

1786 376 1892 433 ITA
1904 380 1964 432 Ε.
3404 374 3471 430 58

207 503 469 566 maxima
501 519 575 563 ex
609 507 785 582 parte
812 499 1030 563 falsam
1064 517 1202 563 esse
1232 499 1396 562 bene
1422 497 1632 562 Delrio
1657 497 1788 560 ani—
1815 502 1860 556 Α
1890 505 1953 557 te
1986 493 2130 574 (10).
2157 494 2509 572 Evagrium,
2543 493 2605 554 in
2650 497 2862 553 monte
2887 490 3117 552 Nitriae
3138 504 3332 570 quum
3354 488 3469 550 ha-

208 604 553 676 madvertit,
584 603 693 682 qui
744 613 951 665 tamen
1008 600 1334 676 concedit,
1374 601 1597 679 igneos
1640 597 1787 661 ideo
1895 597 2153 659 bitasset
2184 596 2530 664 biennium,
2557 595 2742 656 tertio
2765 611 2932 656 anno
2956 594 3311 672 ingressum
3336 608 3475 655 esse

209 706 410 768 vocari
440 705 805 776 daemones,
837 703 984 782 quia
1012 703 1079 764 in
1115 701 1276 764 aeris
1306 701 1563 779 regione
1593 716 1785 779 supe-

210 808 368 865 riore
408 808 706 864 maneant
738 802 844 881 (1).
883 802 1002 863 Sed
1043 800 1354 863 Palladius
1388 800 1785 875 daemonem,

208 907 310 984 qui
338 904 810 965 adolescentem
838 902 1023 964 istum
1045 902 1335 981 agitabat,
1355 901 1612 979 igneum
1641 900 1787 961 ideo

206 1010 405 1077 vocat,
441 1002 588 1082 quia
632 1000 779 1074 cibi,
822 1017 984 1081 quos
1020 1000 1241 1075 infelix
1280 1000 1397 1062 iste
1436 999 1785 1073 evomebat,

208 1112 502 1184 tanquam
525 1105 672 1182 igne
699 1102 1265 1174 consumebantur;
1295 1116 1489 1179 quare
1518 1099 1787 1161 daemon

208 1205 311 1266 ille
342 1211 603 1285 propter
629 1212 913 1267 naturam
942 1220 1142 1277 suam,
1174 1219 1337 1282 quae
1363 1202 1493 1280 igni
1526 1217 1786 1280 compa-

210 1306 328 1366 rari
361 1312 589 1385 potest,
622 1322 831 1384 neque
858 1309 1120 1384 prepter
1146 1319 1321 1364 suam
1351 1302 1418 1363 in
1447 1318 1591 1364 aere
1617 1300 1791 1363 habi-

208 1407 509 1467 tationem
550 1405 774 1484 igneus
810 1408 1087 1466 v0catur.
1118 1403 1500 1465 Adolescens
1525 1400 1789 1463 vinculis

207 1505 539 1567 adstrictus
582 1506 661 1568 ad
699 1504 1038 1567 Macarium
1082 1501 1360 1576 ducitur;
1400 1500 1789 1563 daemoniaci

209 1607 399 1677 enim,
450 1623 533 1666 ne
580 1610 872 1678 noceant,
920 1603 1185 1667 vinculis
1229 1603 1573 1682 constringi
1622 1602 1787 1665 sole-

208 1707 359 1773 bant
394 1705 501 1785 (2).

288 1810 316 1881 ξ
354 1805 445 1867 16.
470 1808 517 1867 Ε
542 1805 751 1868 verbis
780 1803 1053 1885 denique
1085 1802 1363 1879 Palladii,
1395 1804 1623 1884 quibus
1652 1821 1792 1866 nar-

208 1898 650 1969 rationem'ille
681 1906 760 1968 de
799 1903 1068 1968 Macario
1098 1904 1407 1984 Aegyptio
1449 1902 1791 1977 concludit,

209 2007 466 2087 quando
493 2006 595 2070 hic
625 2006 930 2069 Macarius
956 2011 1244 2067 mortuus
1274 2005 1373 2078 sit,
1398 2003 1791 2066 deﬁniamus.

207 2108 559 2171 Palladius:
588 2132 616 2167 α
643 2110 799 2187 Ego,
829 2129 859 2166 in
887 2107 1115 2188 inquit,
1152 2130 1181 2163 α
1207 2113 1490 2169 sanctum
1512 2105 1649 2186 ipse
1689 2103 1799 2174 58

209 2224 340 2270 non
366 2207 666 2283 conveni;
688 2223 858 2269 anno
885 2206 1077 2281 enim,
1110 2212 1446 2285 antequam
1474 2204 1541 2266 in
1573 2202 1796 2266 solitu-

209 2308 425 2370 dinem
445 2308 867 2385 ingrediebar,
886 2306 1128 2369 obierat
1144 2304 1249 2385 (3).
1269 2327 1299 2361 »
1322 2305 1507 2381 Ergo,
1538 2300 1792 2381 quando

211 2407 530 2469 Palladius
549 2406 953 2469 solitudinem
982 2406 1303 2484 ingressus
1323 2406 1423 2479 sit,
1453 2404 1793 2485 quaeritur.

210 2508 354 2585 lpse
404 2522 472 2567 se
524 2503 961 2567 Alexandriam
1006 2503 1253 2566 venisse
1284 2503 1476 2565 refert
1520 2502 1798 2565 secundo

210 2605 545 2668 consulatu
582 2605 921 2667 Theodosii
966 2604 1173 2682 Magni
1219 2602 1326 2684 (4).
1360 2604 1553 2676 Quem
1612 2602 1801 2680 gessit

208 2706 626 2779 Theodosius,
660 2704 836 2767 fastis
868 2704 1306 2768 consularibus
1340 2704 1623 2779 testibus,
1664 2703 1799 2767 col-

211 2808 351 2885 lega
378 2807 465 2867 F1.
498 2806 796 2885 Cynegio,
830 2821 999 2868 anno
1030 2804 1172 2865 Chr.
1207 2804 1319 2865 388
1353 2804 1459 2886 (5).
1489 2803 1803 2867 Palladius

212 2908 293 2968 ab
331 2907 573 2969 Isidoro
623 2904 1002 2968 xenodocho
1045 2904 1345 2968 Dorothei
1376 2905 1566 2979 senis,
1601 2920 1804 2985 prOpe

212 3007 654 3070 Alexandriam
710 3006 1078 3082 habitantis,
1127 3006 1497 3087 disciplinae
1540 3005 1805 3067 traditus

212 3117 332 3184 est,
365 3126 556 3190 quam
577 3124 709 3170 non
738 3114 904 3171 totos
930 3114 1056 3169 tres
1077 3124 1280 3171 annos
1309 3107 1626 3180 sustinuit,
1657 3105 1803 3186 quia

1895 697 2079 759 tradit
2108 695 2509 757 solitudinem
2537 694 2683 776 (11).
2728 693 2908 756 Unde
2935 694 3100 757 inter
3141 691 3472 754 adventum

1893 797 1959 857 in
1993 802 2205 857 monte
2244 802 2305 856 et
2335 795 2669 856 adventum
2697 794 2764 855 in
2794 784 3130 855 solitudine
3164 790 3475 853 Palladius

1894 896 2030 976 ipse
2060 895 2442 972 distinguere
2471 895 2735 957 videtur.
2767 893 2945 968 Quod
2978 892 3317 955 Bollandus
3347 900 3475 955 sta-

1890 998 2009 1059 tuit
2022 995 2139 1077 (12)
2153 1046 2167 1069 ,
2181 996 2613 1059 Tillemontius
2633 996 2697 1058 in
2711 996 3004 1074 ambiguo
3018 995 3374 1077 relinquere
3389 995 3478 1055 vi-

1895 1097 2315 1178 detur(13).Ac
2328 1097 2697 1159 Bollandum
2711 1099 2909 1161 secuti
2927 1104 3071 1161 sunt
3081 1100 3313 1160 Caveus
3330 1098 3475 1179 (14),

1893 1199 2195 1261 Possinus
2210 1197 2229 1277 (
2240 1197 2264 1259 1
2279 1198 2332 1279 5)
2347 1199 2687 1273 ,Fabricius
2706 1198 2852 1279 (16),
2869 1199 2976 1270 59
2998 1200 3075 1261 de
3092 1199 3308 1261 Nesscl
3329 1199 3447 1279 (17)
3462 1246 3477 1271 ,

1893 1299 2116 1361 Pritius
2148 1299 2293 1381 (18).
2329 1300 2449 1362 Sed
2478 1317 2628 1361 num
2657 1309 2827 1363 recte
2856 1300 3117 1364 omnino
3146 1300 3477 1373 senserint,

1894 1400 2166 1477 ambigo.
2196 1400 2315 1461 Vix
2349 1400 2517 1462 enim
2550 1400 2811 1463 dubium
2850 1418 2989 1464 esse
3028 1401 3294 1475 videtur,
3326 1401 3479 1480 quin

1894 1502 2208 1565 Palladius
2255 1502 2467 1565 dicere
2516 1503 2809 1580 voluerit,
2882 1505 3220 1567 Macarium
3275 1507 3481 1583 Aegy-

1893 1603 2094 1682 ptium
2122 1621 2285 1664 anno
2316 1612 2647 1684 antequam
2674 1606 2804 1685 ipse
2818 1603 3256 1684 illasregiones
3286 1623 3482 1664 acces-

1896 1705 2050 1765 serit
2084 1704 2339 1765 obiisse.
2371 1706 2571 1784 Atque
2600 1721 2785 1766 mons
2812 1705 3043 1767 Nitriae
3074 1705 3234 1767 Sceti
3268 1704 3485 1767 solitu-

1896 1802 2027 1864 dini
2044 1803 2464 1884 prepinquior
2489 1803 2628 1880 fuit,
2659 1822 2846 1885 quam
2877 1804 3147 1868 Cellulae
3178 1805 3301 1885 (19)
3319 1823 3334 1878 ;
3365 1823 3479 1866 nc-

1896 1920 2052 1984 que,
2103 1922 2215 1966 cur
2258 1904 2569 1968 Palladius
2609 1924 2843 1968 annum
2896 1907 3117 1969 mortis
3158 1908 3405 1969 Macarii
3449 1925 3481 1967 a

1895 2010 2185 2084 tempore
2214 2007 2517 2070 adventus
2547 2009 2645 2070 sui
2670 2009 2737 2070 in
2761 2008 3011 2071 Cellulis
3036 2007 3370 2080 deﬁnierit,
3392 2009 3485 2068 in-

1895 2105 2217 2184 telligitur.
2254 2108 2529 2183 Accedit,
2563 2109 2737 2188 quod
2765 2108 3077 2170 Palladius
3104 2108 3269 2169 inter
3295 2125 3482 2170 mon-

1896 2212 2024 2267 tem
2053 2207 2284 2271 Nitriae
2315 2214 2377 2270 et
2406 2210 2693 2271 intimam
2714 2210 3114 2273 solitudinem
3136 2209 3483 2289 distinguit,

1899 2322 2096 2384 quare
2127 2307 2397 2370 adventu
2425 2309 2492 2372 in
2522 2310 2862 2373 solitudine
2901 2311 3239 2373 adventum
3276 2311 3342 2372 in
3374 2312 3483 2372 Ni-

1899 2403 2016 2465 tria
2062 2404 2400 2484 signiﬁcari
2444 2409 2774 2489 probabile
2820 2416 2933 2473 est.
2978 2412 3105 2473 Nec
3143 2410 3485 2474 Palladium

1900 2504 2112 2568 dicere
2158 2507 2463 2584 voluisse,
2510 2510 2845 2572 Macarium
2892 2511 3271 2592 Aegyptium
3317 2530 3486 2577 anno

1899 2614 2239 2687 antequam
2276 2610 2417 2690 ipse
2463 2609 2531 2671 in
2573 2609 2975 2672 solitudinem
3010 2614 3211 2675 Sectis
3250 2616 3491 2677 venerit

1901 2739 1978 2750 —
1999 2722 2145 2768 nam
2167 2708 2479 2771 Palladius
2497 2709 2901 2772 solitudinem
2931 2713 3129 2774 Scetis
3157 2713 3253 2774 bis
3279 2714 3490 2777 invisit

1902 2841 1979 2852 ——
2001 2808 2257 2885 obiisse,
2288 2810 2471 2873 facile
2501 2810 2752 2885 credes;
2784 2810 2850 2872 id
2881 2813 3051 2873 enim
3076 2812 3335 2876 Palladii
3358 2832 3492 2877 ver-

1904 2907 2002 2970 bis
2032 2926 2163 2971 non
2195 2910 2381 2972 inest.
2484 2982 2487 2983 ν

1984 3011 2186 3082 Quare
2214 3009 2606 3090 probabilior
2635 3012 2945 3074 sententia
2963 3010 3121 3075 haec
3150 3030 3289 3076 esse
3312 3012 3490 3074 vide-

1904 3114 2038 3185 tur,
2102 3110 2439 3173 Macarium
2500 3112 2879 3192 Aegyptium
2930 3128 3099 3174 anno
3154 3120 3491 3193 antequam

210 3212 279 3271 in
324 3211 621 3272 morbum
667 3209 1107 3272 vehementem
1163 3207 1384 3271 incidit
1427 3206 1535 3289 (6).
1581 3208 1803 3271 Tribus
1829 3202 1873 3260 ϐ
1905 3207 2218 3269 Palladius
2244 3209 2311 3270 in
2340 3215 2623 3271 montem
2666 3210 2898 3271 Nitriae
2928 3212 3119 3286 venit,
3152 3210 3196 3272 i.
3230 3228 3288 3273 e.
3324 3228 3493 3275 anno

210 3330 362 3375 vero
395 3313 576 3375 annis
607 3313 674 3373 in
712 3309 1131 3383 monasteriis,
1169 3325 1332 3389 quae
1380 3309 1616 3371 circum
1654 3308 1800 3371 Ale-

218 3410 541 3474 xandriam
570 3415 770 3483 erant,
794 3408 1063 3489 peractis
1090 3408 1156 3469 in
1184 3412 1464 3469 montem
1485 3407 1716 3469 Nitriae
1737 3425 1804 3468 se

214 3508 508 3583 contulit,
534 3508 645 3570 ubi
673 3524 909 3569 annum
939 3507 1251 3584 integrum
1278 3505 1467 3584 degit.
1502 3507 1661 3566 Tum
1688 3505 1802 3567 de-

214 3628 391 3671 mum
421 3610 488 3670 in
522 3610 811 3670 intimam
850 3607 1276 3680 solitudinem,
1322 3623 1446 3685 qua
1480 3605 1667 3668 Cellia
1694 3623 1805 3668 seu

212 3708 487 3771 Cellulae
516 3707 947 3785 signiﬁcantur
980 3708 1088 3789 (7),
1112 3707 1283 3767 venit
1307 3704 1414 3786 (8).
1442 3708 1624 3785 Ergo,
1652 3725 1805 3769 num

211 3812 380 3871 inter
410 3807 666 3870 Palladii
695 3807 1032 3869 adventum
1060 3808 1127 3868 in
1157 3816 1438 3869 montem
1469 3813 1530 3867 et
1556 3808 1623 3868 in
1652 3806 1803 3869 soli-

210 3912 499 3981 tudinem
530 3908 1043 3987 distinguendum
1082 3908 1181 3983 sit,
1224 3907 1563 3988 quaeritur.
1597 3907 1801 3970 Palla-

212 4014 357 4073 dius
387 4011 468 4072 de
497 4011 880 4072 habitatione
911 4026 1023 4071 sua
1054 4010 1121 4070 in
1149 4017 1353 4069 monte
1386 4025 1575 4088 saepe
1599 4007 1801 4088 loqui-

211 4120 315 4172 tur
348 4112 459 4191 (9).
486 4109 827 4172 Nathanael
859 4126 1077 4172 senem
1106 4108 1338 4171 obiisse
1369 4114 1574 4170 narrat
1609 4110 1796 4189 quin-

214 4214 428 4274 decim
470 4229 671 4274 annos
706 4216 853 4273 ante
895 4227 1079 4271 suum
1119 4209 1455 4272 adventum
1506 4210 1573 4271 in
1607 4228 1793 4273 mon-

287 4400 367 4469 (1)
391 4398 574 4453 Delrio
594 4396 835 4466 Disquis.
866 4395 1063 4465 magic.
1106 4394 1142 4447 1.
1169 4394 1205 4449 Ι.

286 4493 369 4560 (2)
404 4489 797 4543 Daemoniacos
827 4487 1035 4541 catenis
1057 4493 1313 4540 oneratos
1339 4484 1535 4540 adduci
1562 4484 1700 4555 legis
1738 4484 1795 4539 in

215 4584 342 4637 Vita
363 4580 658 4635 Hilarionis
684 4593 842 4649 capp.
860 4578 948 4646 12,
974 4578 1042 4633 13
1062 4616 1077 4643 ,
1096 4588 1150 4634 et
1172 4578 1475 4634 innumeris
1501 4578 1622 4637 aliis
1644 4580 1801 4635 locis.
1834 4593 1881 4648 ι)

289 4676 370 4745 (3)
398 4674 577 4743 Supra
600 4687 655 4742 p.
690 4672 780 4726 41.

286 4768 366 4836 (4)
414 4765 552 4820 Hist.
614 4763 787 4820 Laus.
849 4762 936 4818 ed.
981 4760 1181 4818 Meurs.
1220 4776 1342 4833 cap.
1369 4761 1396 4815 1
1430 4759 1570 4834 Opp.
1599 4762 1803 4820 Meurs.

217 4861 253 4914 1.
287 4862 325 4914 l.
357 4877 412 4930 ιι.
444 4858 569 4913 548.

263 4953 373 5020 (5)
421 4951 503 5005 Ab
557 4948 875 5004 Almeloven
914 4946 1065 5002 Fasti
1096 4944 1259 5000 Rom.
1301 4945 1530 5002 Consul.
1566 4946 1634 5000 ad
1668 4961 1800 5001 ann.

215 5043 353 5097 Chr.
396 5041 502 5097 588
547 5041 632 5097 ed.
671 5039 717 5095 ll
765 5038 1072 5095 Amstelod.
1117 5037 1256 5092 1740
1292 5053 1347 5106 p.
1399 5037 1521 5092 166.
1572 5036 1805 5093 Relandi

216 5135 371 5188 Fasti
446 5132 673 5187 Consul.
730 5132 794 5185 ad
833 5148 961 5184 ann.
1012 5129 1142 5183 Chr.
1174 5129 1277 5184 588
1305 5128 1452 5185 Trai.
1495 5128 1615 5183 Bat.
1667 5130 1806 5184 1715

217 5245 271 5283 ιι.
304 5227 437 5279 495.
475 5224 610 5278 Tab.
633 5221 963 5291 Cbronolog.
1001 5228 1151 5274 auct.
1181 5221 1247 5275 de
1274 5218 1553 5274 Graveson
1596 5219 1652 5273 in
1686 5220 1806 5275 eius

217 5316 530 5373 11ist.eccl.
559 5315 648 5371 ed.
682 5314 856 5369 Mansi
895 5312 957 5366 T.
1002 5312 1071 5366 IX
1097 5309 1311 5381 (Venet.
1346 5309 1504 5378 1761)
1540 5325 1593 5380 p.
1624 5310 1713 5375 84,
1749 5310 1802 5365 2.

289 5409 372 5480 (6)
404 5406 547 5462 Hist.
586 5406 752 5461 Laus.
792 5405 882 5459 ed.
932 5403 1135 5459 Meurs.
1172 5417 1293 5472 cap.
1340 5402 1376 5455 2
1421 5400 1800 5471 Opp..Meurs.

218 5504 255 5561 ι.
294 5506 334 5559 ι.
381 5520 435 5575 ρ.
460 5502 587 5558 549.

289 5597 371 5669 (7)
408 5595 546 5649 Ibid.
571 5610 692 5669 cap.
718 5592 781 5646 21
817 5591 957 5661 Opp.
981 5590 1182 5646 Meurs.
1208 5590 1243 5642 l.
1273 5590 1309 5643 l.
1352 5605 1407 5659 p.
1439 5588 1563 5643 396.

288 5666 369 5757 (8)
406 5686 543 5742 Ibid.
578 5666 701 5754 cap.
732 5684 764 5739 8
788 5683 925 5753 Opp.
953 5682 1152 5737 Meurs.
1198 5682 1233 5734 l.
1279 5682 1316 5734 1.
1351 5698 1403 5750 p.
1446 5679 1573 5735 560.
1602 5679 1727 5735 361.

291 5784 368 5849 (9)
402 5780 538 5834 Ibid.
567 5794 688 5847 cap.
728 5774 813 5832 10.
850 5778 935 5829 11.
971 5776 1058 5830 1‘2.
1095 5776 1178 5829 15.

293 5878 406 5945 (10)
432 5870 567 5929 lbid.
594 5885 718 5942 cap.
740 5869 799 5923 21
839 5869 971 5939 Opp.
1007 5867 1201 5923 Meurs.
1233 5867 1267 5922 1.
1294 5866 1328 5919 l.
1356 5880 1407 5935 p.
1435 5862 1557 5920 585.

1911 3307 2022 3369 390
2058 3307 2177 3388 (20)
2206 3325 2423 3371 mense
2467 3310 2870 3385 Januario,ut
2898 3311 3336 3390 Martyrologia
3363 3319 3491 3374 tra—

1910 3410 2066 3471 dunt
2097 3408 2246 3491 (21),
2277 3416 2594 3472 mortuum
2613 3428 2773 3473 esse.
2796 3412 2973 3474 Unde
2998 3419 3178 3474 natus
3206 3421 3299 3474 est
3325 3431 3493 3475 anno

1909 3508 2047 3570 Chr.
2083 3508 2221 3585 300,
2255 3515 2315 3570 et
2357 3526 2638 3571 eremum
2672 3511 2922 3572 intravit
2958 3529 3127 3573 anno
3167 3511 3310 3574 Chr.
3354 3513 3489 3574 330.

1907 3611 2062 3671 Nam
2091 3610 2156 3671 in
2181 3609 2584 3672 solitudinem
2608 3611 2777 3672 venit
2795 3611 3045 3691 triginta
3065 3630 3265 3675 annos
3287 3622 3490 3689 natus,

1904 3711 1973 3772 in
1993 3729 2119 3790 qua
2141 3713 2461 3791 sexaginta
2482 3729 2683 3775 annos
2704 3730 2905 3793 usque
2927 3713 3003 3774 ad
3027 3721 3293 3776 mortem
3319 3733 3494 3777 suam

1908 3808 2199 3888 explevit.

1987 3913 2013 3984 ς
2048 3909 2140 3971 17.
2173 3912 2490 3975 Hactenus
2517 3930 2612 3989 ea,
2653 3931 2815 3993 quae
2853 3914 2930 3977 ad
2959 3914 3216 3978 Palladii
3247 3915 3326 3977 de
3361 3918 3491 3979 Ma—

1909 4010 2079 4071 cario
2110 4014 2418 4092 Aegyptio
2455 4016 2872 4077 narrationem
2907 4023 3083 4078 erant
3109 4017 3488 4079 annotanda.

1906 4110 2141 4185 Restat,
2162 4121 2232 4174 ut
2251 4114 2594 4188 videamus,
2620 4116 2942 4194 quomodo
2970 4134 3065 4192 ea,
3090 4137 3252 4197 quae
3284 4118 3490 4180 adhuc

1905 4227 1939 4271 c
1977 4212 2298 4277 codicibus
2336 4216 2930 4280 Vindobonensibus
2976 4220 3381 4299 protulimus,
3426 4220 3491 4282 in

1981 4398 2092 4467 (11)
2116 4399 2253 4457 Ibid.
2282 4416 2402 4473 cap.
2431 4403 2501 4457 88
2520 4402 2658 4475 Opp.
2686 4404 2887 4461 Meurs.
2914 4406 2950 4461 1.
2978 4407 3016 4462 Ι.
3042 4423 3095 4478 p.
3119 4408 3242 4463 555.

1981 4495 2094 4565 (12)
2120 4494 2231 4552 AA.
2259 4494 2358 4553 ss.
2388 4495 2513 4553 Jan.
2546 4499 2611 4554 T.
2637 4500 2658 4555 ι
2688 4516 2741 4570 p.
2777 4501 2936 4556 1007.

1980 4586 2090 4658 (15)
2121 4585 2248 4644 Not.
2274 4589 2304 4640 7
2328 4590 2398 4645 de
2438 4590 2641 4669 Macar.
2683 4594 2843 4665 Aeg.,
2890 4592 3180 4649 Mémoires
3208 4593 3296 4649 ed.
3325 4594 3489 4653 Brux.

1911 4676 1974 4732 Τ.
2001 4677 2111 4732 νιιι
2135 4679 2197 4735 P.
2220 4680 2288 4734 ιιι
2312 4698 2367 4753 p.
2392 4683 2553 4741 ιω.

1910 4772 2095 4894 πέμ)
2129 4771 2359 4844 Scriptt.
2392 4776 2597 4831 eccles.
2640 4774 2786 4833 Hist.
2812 4777 2921 4832 litt.
2948 4794 2994 4831 ε.
3029 4792 3083 4832 v.
3121 4774 3392 4832 Macarius
3418 4795 3494 4833 se-

1981 4934 2091 5004 (15)
2114 4933 2275 4990 Thes.
2302 4942 2483 4992 Ascet.
2506 4936 2686 4993 Paris.
2714 4937 2857 4993 1681
2876 4938 3093 5010 Proleg.
3126 4938 3154 5010 §
3193 4938 3262 4993 γ.

1980 5025 2091 5093 (16)
2117 5026 2251 5081 Bibl.
2277 5025 2468 5083 Graec.
2496 5028 2581 5084 ed.
2611 5026 2816 5085 Harles.
2858 5030 2923 5084 T.
2947 5030 3060 5085 V111
3084 5048 3137 5102 p.
3171 5030 3296 5085 561.

1983 5116 2093 5187 (17)
2127 5116 2406 5186 Supplem.
2438 5119 2808 5177 Commentar.
2836 5119 3489 5178 Lambec.Vi|tdob.1690

1910 5207 1973 5262 Τ.
2000 5210 2047 5263 ll
2074 5210 2127 5264 in
2153 5210 2332 5264 indice
2357 5212 2703 5282 alphabetico
2732 5229 2778 5269 ε.
2807 5231 2861 5269 v.
2891 5214 3161 5269 Macarius
3184 5216 3488 5284 cognomine

1909 5301 2155 5373 Magnus.

1979 5396 2090 5462 (18)
2116 5393 2335 5449 Macarii
2359 5395 2603 5467 Aegyptii
2618 5396 2818 5468 Opusc.
2844 5405 2897 5453 et
2911 5397 3303 5469 Apophthcgm.
3332 5397 3479 5469 Lips.

1911 5488 2046 5543 1699
2066 5487 2245 5543 Praef.
2288 5487 2315 5559 §
2348 5488 2434 5543 ιν.

1983 5582 2094 5645 (19)
2119 5580 2204 5633 C1.
2233 5596 2397 5650 supra
2434 5598 2485 5651 p.
2512 5582 2565 5635 5.

1983 5674 2096 5742 (20)
2134 5672 2207 5727 De
2230 5681 2492 5743 tempore.
2520 5689 2631 5742 quo
2652 5672 2927 5733 Palladius
2944 5675 2997 5732 in
3019 5674 3252 5731 Nitriam
3273 5674 3487 5732 venerit

1911 5765 1982 5821 cf.
2007 5763 2147 5818 infra
2172 5763 2347 5833 Caput
2369 5762 2435 5818 Ill
2462 5764 2488 5835 ᾗ
2518 5764 2609 5819 21.

1983 5857 2094 5928 (21)
2118 5855 2203 5911 Cf.
2239 5854 2377 5911 infra
2408 5856 2578 5926 Caput
2613 5857 2745 5914 V111.
