4266 6360
809 348 876 404 59
1648 344 1742 398 SS.
1788 340 2243 402 MACARlOllUM
2278 345 2494 403 AEGYF

2346 346 2602 404 EGYPTII
2644 347 2730 402 ΕΤ
2770 344 3229 401 ΑιΕΧᾹΝΒῘζΙΝΙ
3967 351 4031 410 ευ

812 461 1069 542 singulis
1097 460 1474 524 editionibus
1508 461 1814 522 Historiae
1847 462 2177 524 Lausiacac
2207 462 2376 524 exlii-
2404 470 2449 525 Α
2477 465 2678 528 carius
2723 465 2874 526 dixit
2910 482 2922 523 :
2955 465 3017 525 Si
3047 480 3188 525 vero
3220 462 3534 524 desideras
3581 479 3657 524 ex
3686 469 3818 524 toto
3854 465 4032 525 corde

811 564 1096 624 beantur.

889 665 933 723 E
966 665 1191 744 quibus
1227 680 1445 740 graeca
1476 662 1722 722 Meursii
1757 661 1946 722 editio
1977 671 2037 722 et
2076 663 2377 740 interpre-

811 766 960 826 tatio
995 766 1242 827 Herveti
1277 782 1311 827 a
1349 771 1560 826 nostro
1601 764 1887 826 codicum
1924 765 2374 826 Vindobonen-

812 868 971 928 sium
993 874 1164 929 textu
1195 884 1332 928 raro
1358 873 1545 945 atque
1575 867 1900 927 levissimis
1927 873 2166 927 tantum
2190 867 2375 926 rebus

813 969 1129 1028 differunt.
1164 970 1378 1046 Neque
1414 969 1479 1028 in
1514 968 1825 1041 Paradiso,
1876 967 2186 1029 Heraclidi
2229 984 2374 1046 per-

811 1086 1024 1146 peram
1068 1069 1320 1142 tributo,
1373 1069 1493 1130 ulla
1531 1070 1772 1146 gravior
1818 1068 2164 1129 differentia
2198 1069 2372 1128 inve-

811 1169 997 1228 nitur.
1030 1167 1218 1228 Multo
1247 1168 1355 1237 60
1385 1174 1587 1227 autem
1632 1167 2006 1246 locupletior
2048 1168 2268 1228 ceteris
2312 1167 2375 1226 in

811 1266 931 1328 hoc
983 1264 1181 1345 capite
1238 1275 1328 1328 est
1370 1267 1624 1346 antiqua
1671 1269 1785 1328 ista
1831 1268 2056 1339 versio,
2108 1285 2266 1346 quae
2313 1269 2374 1328 iu

811 1365 1115 1425 Rosweidi
1137 1365 1486 1443 appendice
1512 1371 1726 1425 exstat.
1754 1365 1924 1436 Quae
1949 1365 2215 1442 primum
2236 1373 2376 1443 post

809 1463 976 1523 illam
1026 1465 1101 1524 de
1133 1464 1364 1525 femina
1411 1465 1472 1523 in
1509 1482 1732 1542 equam
1779 1472 2008 1525 mutata
2057 1464 2372 1524 historiam

809 1559 969 1622 hanc
997 1561 1074 1623 dc
1110 1563 1315 1641 puella
1345 1562 1513 1622 addit
1549 1579 1560 1620 :

891 1684 916 1713 «
952 1660 1081 1721 Alia
1117 1678 1372 1740 quoque
1413 1660 1618 1738 puella
1654 1660 1731 1720 ad
1775 1679 1914 1721 eum
1959 1661 2221 1719 deducta
2260 1669 2372 1729 est,

808 1759 985 1820 cuius
1035 1761 1348 1821 obscoena
1391 1759 1673 1838 corporis
1726 1759 1807 1819 ita
1856 1777 1930 1819 ex
1979 1760 2147 1818 omni
2201 1767 2375 1837 parte

809 1867 1339 1940 computruerant,
1378 1868 1446 1921 ut
1480 1860 1865 1938 consumptis
1898 1860 2186 1920 carnibus
2220 1860 2377 1920 inte-

808 1962 971 2021 riora
1002 1979 1256 2040 quoque
1288 1969 1347 2022 et
1379 1961 1716 2021 secretiora
1761 1967 2013 2020 naturae
2059 1960 2373 2020 nudaren-

808 2069 928 2134 tur,
951 2079 1022 2123 ac
1053 2062 1349 2122 vermium
1380 2061 1526 2121 inde
1555 2059 1838 2121 ebulliret
1866 2060 2192 2120 innumera
2222 2060 2376 2120 mul-

808 2161 1028 2234 titudo,
1059 2163 1139 2222 ita
1167 2169 1234 2222 ut
1264 2178 1390 2221 non
1420 2160 1744 2221 accederet
1773 2158 2101 2238 quisquam
2127 2159 2204 2220 ad
2238 2177 2374 2221 eam

810 2280 957 2340 prae
988 2262 1242 2323 foctoris
1277 2261 1557 2322 horrore.
1600 2263 1762 2321 Haec
1808 2278 1949 2322 cum
1989 2260 2167 2322 allata
2196 2279 2230 2322 a
2258 2280 2372 2342 pa-

809 2363 1084 2423 rentibus
1131 2371 1191 2423 et
1237 2362 1514 2440 proiecta
1557 2360 1773 2421 fuisset
1819 2367 1961 2421 ante
2008 2360 2174 2437 fores
2215 2363 2369 2436 eius,

808 2465 1105 2524 miserans
1164 2463 1415 2540 virginis
1483 2463 1790 2523 cruciatus
1837 2483 1846 2520 ;
1897 2466 2112 2541 Aequo
2164 2464 2372 2524 animo

808 2572 963 2634 esto,
999 2562 1220 2641 inquit,
1259 2561 1413 2633 ﬁlia;
1446 2559 1600 2622 haec
1628 2559 1740 2620 tibi
1778 2560 1854 2620 ad
1885 2559 2145 2620 salutem
2173 2561 2376 2621 Domi-

808 2681 945 2733 nus,
978 2680 1106 2723 non
1135 2661 1212 2722 ad
1238 2661 1554 2722 interitum
1584 2660 1772 2720 dedit.
1813 2660 1989 2720 Unde
2034 2661 2372 2739 providen-

806 2763 951 2822 dum
988 2771 1080 2823 est
1112 2762 1330 2838 magis,
1360 2769 1429 2822 ut
1457 2760 1683 2822 sanitas
1710 2769 1814 2822 tua
1861 2760 2098 2820 nullum
2124 2762 2235 2822 tibi
2272 2779 2378 2841 pe-

807 2862 1072 2922 riculum
1112 2861 1358 2922 inferat.
1388 2861 1464 2920 Et
1503 2877 1646 2921 cum
1685 2860 1952 2922 stetisset
1982 2862 2045 2920 in
2075 2862 2374 2922 orationi-

807 2961 922 3020 bus
959 2976 1068 3038 per
1100 2966 1339 3037 septem
1378 2958 1709 3020 continuos
1738 2958 1891 3030 dies,
1927 2965 1986 3018 et
2021 2958 2230 3020 oleum
2261 2960 2374 3022 be-

807 3060 1103 3121 nedicens
1133 3060 1196 3118 in
1225 3060 1481 3120 nomine
1509 3059 1753 3119 Domini
1783 3067 2157 3137 perungeret
2185 3078 2377 3122 mem-

806 3165 914 3220 bra
945 3161 1099 3232 cius,
1140 3160 1222 3219 ita
1257 3176 1395 3220 eam
1426 3176 1637 3220 sanam
1679 3159 1965 3234 reddidit,
2003 3168 2072 3222 ut
2109 3167 2168 3221 et
2199 3180 2374 3240 repa—
2402 3144 2444 3201 ο

807 3264 935 3318 rata
973 3265 1224 3318 naturae
1257 3257 1517 3337 qualitas
1566 3264 1625 3319 et.
1655 3257 1932 3336 perfecta
1960 3259 2278 3320 muliebris
2308 3261 2375 3320 in

805 3375 879 3417 ea
925 3358 1166 3436 species
1210 3365 1559 3436 appareret,
1599 3365 1886 3437 essetque
1935 3358 1992 3418 ei
2042 3359 2118 3419 de
2168 3366 2376 3420 cetero

805 3459 968 3519 inter
1017 3458 1302 3519 homines
1356 3459 1741 3521 conversatio
1789 3461 2024 3538 absque
2073 3459 2375 3538 pristinae

806 3557 1178 3618 inﬁrmitatis
1209 3557 1530 3619 obstaculo
1576 3556 1679 3636 (1).
1717 3581 1745 3612 »

885 3659 1050 3718 Haec
1091 3659 1359 3718 narratio
1397 3658 1581 3718 etiam
1622 3657 1782 3719 libro
1830 3657 2107 3720 secundo
2153 3657 2375 3719 iisdem

809 3759 1009 3818 verbis
1035 3758 1282 3835 legitur,
1312 3775 1516 3836 neque
1541 3775 1683 3820 vero
1707 3776 1842 3818 eam
1871 3759 2015 3819 alibi
2037 3761 2244 3838 reperi
2268 3759 2370 3838 (2).

807 3861 973 3930 Quae
1009 3859 1261 3936 antiqua
1291 3858 1493 3918 versio
1533 3858 1610 3918 de
1642 3858 2112 3920 resuscitatione
2146 3859 2376 3921 mortui

808 3958 1012 4031 habet,
1041 3976 1183 4020 cum
1213 3958 1564 4018 narratione
1588 3958 1726 4018 libri
1755 3959 2014 4018 secundi
2044 3960 2273 4038 pariter
2298 3961 2373 4021 ad

806 4059 1063 4119 verbum
1102 4056 1501 4118 conveniunt.
1535 4060 1603 4117 In
1645 4058 1768 4118 ﬁne
1800 4065 2005 4118 autem
2049 4059 2267 4137 capitis
2297 4061 2373 4121 de

807 4157 1070 4217 Macario
1101 4156 1428 4233 Aegyptio,
1463 4163 1790 4234 postquam
1822 4157 2051 4218 dictum
2083 4167 2195 4230 est,
2230 4174 2369 4218 eum

807 4274 971 4317 anno
1002 4263 1336 4335 antequam
1381 4255 1686 4316 Palladius
1733 4257 2130 4318 solitudinem
2178 4259 2370 4317 intra-

806 4360 980 4432 verit,
1012 4359 1261 4432 obiisse,
1285 4361 1535 4438 antiqua
1565 4360 1677 4419 ista
1708 4361 1906 4422 versio
1937 4361 2185 4438 longam
2213 4362 2370 4424 hanc

2478 566 2833 626 renuntiare
2875 565 3018 626 huic
3055 570 3327 636 saeculo,
3372 562 3584 635 ﬁliole,
3617 571 3676 623 et
3706 563 4034 626 adhaerere

2477 664 2741 725 Domino
2802 665 3133 736 Salvatori,
3181 665 3339 725 sicut
3406 664 3554 726 dicit
3611 664 3918 743 PrOpheta
3973 667 4035 726 in

2479 762 2717 842 psalmo
2755 782 2766 823 :
2801 764 3093 825 Adhaesit
3120 765 3491 825 anima'mea
3523 771 3661 843 post
3691 771 3774 834 te,
3810 781 3911 824 me
3939 782 4036 824 au-

2475 872 2599 925 tem
2659 866 2932 944 suscepit
2989 866 3205 926 dextra
3264 872 3696 944 tua—parata
3740 868 3904 926 enim
3951 877 4036 926 est

2476 965 2689 1026 dextra
2722 967 2986 1038 Domini,
3017 966 3450 1043 confugientes
3491 966 3567 1026 ad
3615 984 3679 1026 sc
3729 968 4034 1044 suscipere

2478 1101 2549 1107 —
2573 1072 2820 1144 oportet
2848 1073 2903 1126 te
2931 1067 3286 1127 renuntiare
3318 1066 3459 1127 huic
3488 1067 3719 1126 mundo
3746 1077 3800 1126 et
3826 1085 4038 1127 onincs

2477 1174 2648 1226 actus
2675 1166 2807 1226 eius
2836 1167 3127 1241 abiicere,
3164 1167 3320 1228 sicut
3355 1166 3502 1226 dicit
3528 1168 3861 1245 Apostolus
3890 1171 4036 1228 scri-

2477 1266 2632 1326 bens
2661 1266 2738 1326 ad
2767 1265 3164 1327 Colossenses
3200 1285 3211 1325 :
3247 1267 3468 1326 Mortui
3513 1270 3677 1327 enim
3722 1269 3865 1328 estis
3902 1268 4038 1330 huic

2478 1365 2744 1438 mundo,
2793 1373 2853 1427 ct
2903 1369 3022 1427 vita
3071 1375 3269 1426 vestra
3331 1367 3692 1429 abscondita
3753 1376 3844 1428 est
3903 1386 4040 1428 cum

2477 1465 2713 1527 Christo
2746 1468 2807 1527 in
2839 1468 2988 1528 Deo.
3023 1468 3169 1527 Cum
3200 1468 3365 1527 enim
3396 1467 3668 1528 Christus
3689 1469 4042 1546 apparuerit

2481 1566 2595 1625 vita
2640 1573 2859 1633 vestra,
2910 1572 3052 1626 tunc
3083 1573 3142 1626 et
3174 1583 3282 1626 vos
3318 1566 3698 1644 apparebitis
3731 1583 3870 1627 cum
3903 1566 4038 1644 ipso

2478 1661 2540 1719 in
2592 1661 2806 1735 gloria.
2852 1664 3016 1723 Haec
3060 1662 3320 1722 audiens
3353 1662 3568 1739 junior
3615 1662 3768 1722 dixit
3801 1681 3813 1722 ε
3852 1663 4040 1723 Crede

2479 1758 2654 1831 mihi,
2677 1760 3030 1821 beatissime
3057 1766 3252 1839 pater,
3277 1761 3422 1840 quia
3453 1768 3514 1822 et
3539 1770 3812 1822 mentem
3840 1780 4038 1823 meam

2476 1858 2736 1920 alienavi
2775 1862 2853 1921 ab
2890 1860 3010 1921 hoc
3059 1861 3293 1922 mundo
3338 1862 3504 1923 etab
3539 1864 3852 1936 omnibus,
3883 1881 4042 1942 quae

2474 1955 2540 2015 in
2572 1974 2646 2018 eo
2674 1965 2837 2030 sunt,
2863 1965 2930 2019 ut
2959 1958 3080 2018 iam
3109 1965 3403 2038 tanquam
3430 1968 3712 2022 mortuus
3735 1961 3956 2039 degam
3977 1965 4042 2025 in

2476 2053 2661 2115 huius
2690 2058 2989 2135 temporis
3037 2057 3181 2118 vita.
3217 2059 3488 2136 Cognovi
3524 2060 3712 2133 enim,
3747 2062 4042 2138 quoniam

2475 2156 2841 2234 temporalia
2885 2162 2945 2217 et
2997 2158 3349 2221 transitoria
3390 2166 3576 2239 atque
3617 2161 4044 2240 corruptibilia

2476 2266 2620 2318 sunt
2647 2258 2878 2332 omnia,
2903 2276 3064 2337 quae
3084 2260 3149 2320 in
3178 2258 3299 2322 hoc
3329 2262 3564 2323 mundo
3591 2262 3880 2324 videntur
3907 2281 4044 2326 esse

2475 2356 2661 2419 bona.
2694 2360 2867 2421 Tunc
2911 2360 3061 2422 dicit
3103 2361 3160 2422 ei
3196 2361 3407 2423 senior
3440 2381 3452 2423 :
3486 2362 3640 2423 Audi
3683 2381 3804 2436 me,
3841 2348 3949 2436 ﬁli,
3985 2372 4046 2427 et

2475 2456 2628 2518 vade
2660 2457 2737 2518 ad
2768 2459 3098 2537 sepulchra
3139 2468 3550 2536 mortuorum,
3578 2468 3637 2524 et
3667 2464 4049 2543 quampluri-

2475 2558 2593 2618 mis
2634 2557 2905 2632 iniuriis,
2951 2558 3160 2620 multis
3202 2560 3498 2622 conviciis
3554 2579 3624 2624 ac
3667 2562 4043 2636 maledictis,

2476 2658 2662 2733 etiam
2703 2665 2763 2719 et
2790 2659 3101 2738 lapidibus
3129 2676 3237 2721 eos
3274 2659 3602 2732 detestare,
3628 2670 3697 2722 ut
3727 2666 4047 2742 provocati

2474 2756 2793 2819 irritentur
2815 2760 3109 2820 adversus
3133 2768 3216 2820 te.
3239 2761 3348 2821 His
3372 2761 3596 2822 auditis
3617 2762 3824 2823 iunior
3845 2765 4046 2824 statim

2475 2859 2748 2937 perrexit
2776 2859 2854 2921 ad
2880 2869 3286 2922 monumenta
3321 2869 3736 2924 mortuorum.
3769 2865 4049 2942 Cumque

2477 2959 2822 3020 secundum
2864 2968 3269 3039 praeceptum
3315 2962 3476 3023 beati
3527 2963 3792 3024 senioris
3836 2965 4051 3025 multis

2478 3074 2608 3129 eos,
2639 3065 2705 3117 ut
2733 3059 3008 3136 putabat,
3030 3059 3272 3120 iniuriis
3301 3060 3630 3132 affecisset,
3656 3079 3941 3123 reversus
3971 3062 4050 3122 ad

2477 3165 2760 3218 sanctum
2788 3159 3119 3220 Macarium
3151 3160 3305 3220 dixit
3347 3161 3404 3221 ei
3435 3161 3605 3240 quod
3649 3161 3882 3223 fecerat
3913 3182 3926 3222 :
3960 3164 4054 3224 in-

2479 3257 2934 3335 terrogavitque
2966 3274 3110 3317 cum
3135 3258 3366 3329 senior,
3401 3258 3452 3318 si
3497 3258 3652 3318 nihil
3695 3260 3752 3320 ei
3782 3278 4050 3339 respon-

2478 3355 2712 3417 dissent
2734 3356 2824 3416 illi
2845 3355 3115 3418 mortui?
3137 3359 3207 3417 Et
3237 3358 3627 3436 respondens
3656 3360 3808 3420 dixit
3835 3377 3847 3419 :
3882 3361 4053 3422 Nihil

2476 3457 2727 3537 penitus
2748 3457 3059 3530 dixerunt,
3083 3457 3357 3518 domine.
3382 3460 3614 3519 Iterum
3640 3468 3847 3521 autem
3874 3479 4056 3539 prae-

2476 3561 2642 3640 cepit
2672 3559 2729 3619 ei
2757 3558 2971 3620 dicens
3002 3577 3014 3619 :
3046 3560 3241 3636 Perge
3271 3561 3538 3621 crastino
3577 3561 3702 3635 die,
3749 3570 3809 3621 et
3840 3563 4057 3624 multis

2477 3660 2826 3740 praeconiis
2857 3659 3139 3720 collauda
3172 3666 3231 3719 et
3263 3658 3538 3736 gloriﬁca
3573 3677 3702 3721 eos.
3738 3662 3900 3722 Abiit
3931 3664 4055 3724 ite-

2476 3779 2613 3822 rum
2643 3759 2833 3820 frater
2857 3760 2934 3820 ad
2960 3758 3290 3838 sepulchra
3317 3766 3731 3834 mortuorum,
3757 3769 3816 3821 et
3839 3766 4058 3842 coepit

2475 3859 2725 3920 laudare
2763 3859 3250 3936 honoriﬁcisque
3286 3859 3680 3920 sermonibus
3701 3860 4056 3937 gloriﬁcare

2477 3978 2585 4020 eos
2628 3959 2842 4020 dicens
2879 3976 2890 4017 :
2921 3960 3045 4019 Vos
3082 3957 3290 4036 magni
3333 3959 3498 4030 estis,
3534 3965 3595 4019 et
3625 3961 3846 4033 sancti,
3875 3970 3939 4022 et
3963 3965 4054 4023 si-

2474 4059 2653 4120 miles
2675 4058 3033 4138 apostolicis
3062 4058 3229 4130 viris,
3265 4066 3324 4118 et
3352 4058 3580 4119 iustitia
3611 4077 3832 4137 magna
3857 4062 3920 4122 in
3946 4080 4057 4122 vo-

2475 4161 2569 4223 bis
2597 4166 2708 4221 est.
2737 4161 2810 4220 Et
2852 4159 3000 4220 alias
3031 4158 3518 4237 quamplurimas
3550 4159 3766 4221 laudes
3795 4179 3939 4222 cum
3971 4165 4056 4224 ad

2475 4279 2583 4322 cos
2613 4261 2890 4332 dixisset,
2924 4277 3206 4319 reversus
3230 4259 3306 4319 ad
3335 4258 3554 4319 cellam
3585 4259 3737 4320 dixit
3766 4262 4002 4322 seniori
4039 4282 4052 4322 :

2473 4361 2632 4421 Ecce
2680 4359 3021 4420 secundum
3082 4365 3486 4437 praeceptum
3533 4366 3741 4429 tuum,
3789 4359 4057 4423 domine

807 4458 1125 4518 historiam
1167 4458 1358 4532 addit,
1399 4476 1584 4536 quam
1629 4459 1711 4519 ita
1755 4460 2177 4522 adumbratam
2217 4481 2368 4523 nus-
2405 4478 2448 4531 ι)
2480 4467 2676 4540 pater,
2717 4459 2960 4520 laudavi
3007 4466 3067 4518 et
3105 4458 3440 4535 gloriﬁcavi
3467 4458 3608 4520 illos
3646 4468 3954 4535 mortuos,
3991 4472 4058 4524 et

809 4560 973 4637 piam
1007 4558 1256 4619 invenio
1297 4575 1308 4615 :

887 4684 913 4713 «
951 4659 1227 4730 Quodam
1276 4667 1557 4736 tempore
1589 4675 1728 4718 cum
1767 4659 1843 4719 ad
1889 4660 2138 4720 beatum
2168 4664 2369 4723 Maca-

809 4761 967 4820 rium
1013 4758 1262 4837 quidam
1294 4758 1586 4830 venisset,
1637 4757 1996 4820 desiderans
2032 4760 2096 4820 in
2133 4778 2368 4839 prOpo-

808 4861 924 4921 sito
970 4859 1423 4921 monachorum
1470 4859 1700 4921 servire
1748 4860 2010 4932 Christo,
2050 4870 2109 4923 et
2155 4864 2373 4943 depre-

807 4949 1051 5022 caretur
1080 4966 1358 5021 sanctum
1397 4976 1635 5032 senem,
1667 4967 1736 5019 ut
1765 4959 2097 5021 instrueret
2129 4979 2270 5022 eum
2300 4982 2370 5025 ac

808 5061 1082 5134 doceret,
1112 5067 1172 5121 et
1200 5078 1276 5121 ex
1303 5058 1476 5120 fonte
1520 5059 1837 5121 doctrinae
1877 5060 2180 5135 salutaris,
2212 5081 2372 5142 quae

806 5162 873 5223 in
905 5179 980 5224 eo
1017 5179 1130 5241 per
1157 5163 1418 5240 Spiritus
1445 5162 1548 5231 61
1586 5161 1781 5222 sancti
1818 5162 2071 5238 gratiam
2103 5164 2376 5225 abunda-

808 5267 942 5334 bat,
989 5264 1383 5324 conﬁrmaret
1427 5269 1516 5334 et,
1561 5261 1826 5339 qualiter
1870 5269 2080 5340 posset
2124 5265 2370 5327 iuvante

808 5365 1073 5425 Domino
1097 5362 1350 5424 insidias
1376 5370 1560 5442 atque
1589 5361 2091 5440 impugnationes
2119 5365 2373 5442 maligni

809 5464 1093 5532 evadere.
1121 5469 1577 5542 praemoneret,
1603 5461 1991 5540 respondens
2007 5462 2228 5526 beatus
2253 5469 2372 5527 Ma-

880 5648 956 5714 (l',
982 5644 1095 5700 vv.
1131 5644 1234 5698 PP.
1262 5645 1443 5700 Rosw.
1488 5646 1689 5715 p.989,
1726 5647 1780 5702 τε.

881 5732 956 5805 (2)
1002 5735 1275 5804 Virginem
1329 5738 1489 5792 simili
1538 5738 1725 5790 morbo
1779 5737 2111 5792 laborantem
2167 5739 2375 5792 sanavit

2476 4559 2630 4620 nihil
2689 4559 2841 4619 mihi
2901 4558 3150 4637 penitus
3193 4557 3504 4618 dixerunt.
3551 4561 3722 4620 Tunc
3767 4560 3923 4620 dixit
3993 4564 4057 4623 ei

2474 4670 2721 4723 sanctus
2763 4663 3062 4722 Macarius
3106 4678 3118 4720 :
3167 4661 3524 4735 Considera,
3569 4662 3678 4731 ﬁli,
3719 4667 4055 4743 quoniam,

2473 4761 2632 4822 sicut
2673 4760 2914 4839 injuriis
2956 4766 3017 4819 et
3045 4760 3440 4821 contumeliis
3480 4763 3867 4840 exprobrasti
3903 4765 4059 4827 illos

2473 4868 2777 4934 mortuos,
2795 4861 2900 4930 62
2921 4867 2981 4920 et
3003 4858 3157 4919 nihil
3181 4861 3288 4920 tibi
3309 4861 3502 4922 locuti
3525 4869 3689 4935 sunt,
3713 4863 3795 4924 ita
3817 4881 3973 4941 ergo
3994 4874 4062 4926 et

2477 4969 2566 5035 tu,
2597 4963 2648 5023 si
2685 4961 2776 5020 vis
2812 4959 3016 5021 salvus
3061 4976 3196 5021 esse
3243 4967 3304 5021 et
3345 4961 3412 5022 in
3461 4968 3674 5023 sancto
3716 4967 4061 5043 proposito

2479 5065 2726 5142 placere
2757 5060 3055 5122 Salvatori
3080 5066 3316 5134 nostro,
3338 5061 3578 5124 imitare
3607 5063 3814 5142 ipsum
3845 5066 4066 5127 Domi-

2482 5181 2630 5224 num
2661 5162 3163 5241 Salvatoremque
3197 5171 3499 5237 nostrum,
3530 5165 3687 5226 sicut
3716 5165 3865 5228 dicit
3895 5170 4063 5230 bea-

2476 5272 2574 5326 tus
2594 5267 2868 5327 Joannes
2889 5264 3209 5343 apostolus
3233 5272 3292 5325 et
3313 5267 3684 5342 evangelista
3707 5286 3720 5327 :
3739 5270 3852 5340 Qui
3873 5270 4062 5342 dicit,

2478 5384 2543 5427 se
2573 5367 2638 5427 in
2672 5367 2911 5426 Christo
2961 5383 3234 5438 manere,
3267 5366 3475 5440 debet,
3516 5369 4065 5446 quemadmodum

2475 5466 2579 5527 ille
2619 5466 2974 5540 ambulavit,
3019 5474 3079 5527 et
3121 5467 3255 5545 ipse
3298 5467 3637 5529 ambulare.
3663 5469 3839 5530 Undc
3878 5479 3945 5532 et
3990 5472 4068 5534 in

2484 5653 2539 5707 S.
2577 5655 2860 5710 Antonius.
2885 5653 2992 5711 Vit.
3029 5653 3084 5711 S.
3106 5656 3320 5710 Antonii
3345 5672 3445 5728 cap
3487 5657 3576 5723 58,
3603 5658 3658 5713 S.
3679 5659 3880 5715 Athan.
3907 5661 4067 5733 Opp.

2483 5761 2534 5813 p.
2571 5746 2674 5798 670
2701 5764 2817 5814 sqq.
