4266 6360
218 357 273 413 GI
1726 368 1950 426 VITAE.

3366 392 3438 447 ω

214 474 540 555 Evangelio
564 481 817 559 quidem
844 483 1128 561 legimus,
1157 486 1451 565 quoniam
1482 487 1601 567 ipsi
1630 505 1773 566 pcr-
1807 493 1851 549 Α
1882 490 2045 566 gelio
2084 491 2161 553 de
2206 493 2283 554 iis
2312 496 2418 574 qui
2459 496 2673 559 laudes
2717 498 3041 563 hominum
3071 513 3377 583 quaerunt
3421 528 3435 572 :

213 575 486 639 ﬁdissimi
533 588 781 644 nostrae
824 583 970 645 ﬁdei
1013 585 1242 646 aemuli
1290 587 1508 648 Judaei
1542 588 1772 649 multas
1872 594 2069 653 Amen
2107 592 2248 654 dico
2277 596 2474 673 vobis,
2507 599 2652 676 quia
2684 608 3057 679 receperunt
3085 575 3439 670 mercedem

210 679 483 753 iniurias,
513 680 845 759 instigante
869 682 1126 747 humani
1154 686 1400 763 generis
1427 686 1604 748 hoste
1632 688 1768 750 dia-

210 777 375 852 bolo,
406 780 472 841 in
519 782 851 844 Dominum
890 792 1171 847 nostrum
1210 788 1421 848 Iesum
1463 787 1769 851 Christum

210 879 579 942 Salvatorem
625 883 961 947 dixerunt:
998 887 1447 950 Samaritanum
1498 906 1657 964 esse,
1707 897 1769 953 et

210 979 600 1043 daemonium
635 983 992 1060 habentem,
1027 994 1088 1048 et
1116 988 1182 1049 in
1221 990 1567 1053 Beelzebub
1590 993 1767 1072 prin-

209 1082 341 1160 cipe
363 1082 835 1147 daemoniorum
861 1087 1213 1150 eiicientem
1241 1090 1596 1165 daemonia;
1623 1110 1765 1154 nam

208 1189 265 1241 et
291 1183 684 1244 seductorem
720 1201 864 1245 eum
894 1186 1029 1247 ausi
1060 1194 1204 1249 sunt
1242 1189 1488 1251 dicere:
1522 1198 1583 1251 et
1612 1190 1765 1253 haec

205 1282 407 1343 omnia
460 1284 768 1362 patienter
820 1285 957 1364 ipse
1019 1287 1160 1366 pius
1206 1289 1503 1351 Dominus
1552 1298 1767 1353 noster

201 1384 374 1443 Jesus
406 1382 678 1445 Christus
717 1386 894 1459 caeli,
927 1392 1125 1450 terrae
1156 1394 1215 1450 et
1243 1391 1449 1465 maris,
1483 1391 1763 1453 omnium

202 1500 451 1563 quoque
481 1501 723 1559 eorum,
757 1504 918 1565 quae
947 1488 1013 1549 in
1042 1490 1132 1551 eis
1178 1498 1341 1565 sunt,
1377 1500 1619 1555 creator
1664 1512 1763 1555 su-

200 1584 439 1657 stinuit,
475 1590 545 1645 ut
578 1585 763 1647 nobis
809 1586 1143 1665 patientiae
1173 1606 1321 1650 suae
1344 1637 1359 1665 ,
1387 1590 1655 1654 lenitatis
1701 1598 1762 1654 et

198 1683 553 1747 humilitatis
590 1687 920 1766 praeberet
954 1690 1333 1769 exemplum.
1378 1693 1531 1754 Nam
1564 1694 1615 1754 si
1647 1711 1757 1757 vo-

1872 707 2069 752 suam.
2086 693 2159 753 Et
2177 692 2294 755 alia
2315 689 2507 757 multa
2527 705 2691 772 sunt,
2712 717 2873 778 quae
2894 700 2971 762 de
2994 704 3267 767 cavenda
3284 724 3439 771 vana

1870 789 2065 866 gloria
2094 800 2341 855 sanctae
2376 796 2725 875 Scripturae
2764 799 3102 863 admonere
3133 821 3260 866 non
3300 824 3438 868 ces-

1869 899 2027 954 sant.
2061 895 2214 956 Cave
2248 913 2419 974 ergo,
2469 914 2507 958 o
2552 898 2659 973 ﬁli,
2691 906 2751 961 et
2782 918 2989 981 neque
3024 904 3098 965 ad
3140 905 3440 985 irrogatas

1866 994 2124 1057 iniurias
2163 998 2525 1060 exardescat
2551 999 2614 1060 in
2649 1001 2964 1065 iracundia
2998 1006 3243 1068 animus
3268 1016 3433 1083 tuus,

1868 1100 1929 1155 et
1949 1095 1998 1155 si
2026 1096 2344 1158 incitatum
2373 1097 2555 1159 fuerit
2583 1117 2693 1161 cor
2720 1110 2917 1177 tuum,
2940 1104 3075 1182 ipse
3109 1113 3317 1168 tamen
3348 1109 3439 1169 di-

1865 1195 2074 1257 stricte
2106 1196 2170 1257 in
2198 1198 2419 1259 timore
2452 1200 2695 1262 Domini
2732 1202 2975 1264 refrena
3011 1207 3088 1266 ab
3117 1207 3435 1272 iracundia

1865 1295 2138 1356 animum
2156 1303 2354 1371 tuum,
2372 1304 2438 1359 ut
2460 1300 2662 1378 possis
2680 1300 2962 1361 virtutem
2986 1301 3346 1366 humilitatis
3363 1324 3435 1367 ac

1864 1396 2197 1476 patientiae
2214 1400 2555 1473 custodire;
2576 1406 2635 1461 et
2650 1407 2797 1462 tunc
2813 1404 3112 1464 veraciter
3132 1406 3432 1478 ostendis,

1864 1496 2033 1575 quod
2053 1498 2391 1577 promisisti
2413 1497 2650 1572 dicens,
2670 1498 2815 1577 quia
2834 1506 3126 1579 tanquam
3150 1509 3434 1564 mortuus

1863 1596 2052 1674 degas
2088 1598 2154 1658 in
2183 1596 2304 1659 hoc
2335 1598 2595 1669 mundo,
2626 1599 2675 1660 si
2702 1598 2856 1659 nihil
2888 1600 3309 1663 turbulentum
3342 1620 3436 1664 re-

1861 1698 2173 1776 spondeas
2193 1697 2269 1759 iis
2288 1697 2395 1777 qui
2412 1697 2524 1758 tibi
2541 1698 2797 1760 iniurias
2819 1698 3115 1777 irrogant,
3137 1702 3295 1763 sicut
3314 1720 3433 1765 nec

196 1784 406 1847 luisset
427 1788 772 1865 potentiam
802 1806 951 1851 suae
977 1790 1312 1852 maiestatis
1341 1791 1669 1854 ostendere
1699 1798 1761 1854 et
1793 1828 1831 1881 B
1860 1796 1951 1857 illi
1977 1796 2055 1859 de
2083 1797 2507 1859 monumentis
2528 1799 2780 1871 mortui,
2801 1799 2867 1860 in
2889 1816 3050 1878 quos
3078 1801 3304 1862 multas
3330 1801 3431 1862 in-

194 1882 445 1961 injurias
477 1884 813 1959 vindicare,
842 1902 1092 1947 omnem
1122 1887 1328 1948 subito
1358 1888 1662 1949 mundum
1691 1888 1757 1949 in

194 1982 381 2044 chaos
415 1983 776 2059 deduceret,
808 1992 868 2046 et
888 2003 1005 2048 nec
1034 2004 1229 2064 genus
1255 1984 1604 2062 hominum,
1641 2006 1757 2051 nec

191 2077 324 2157 ipse
369 2079 587 2141 saltem
639 2090 969 2161 appareret
1013 2084 1308 2157 mundus,
1356 2085 1467 2147 sed
1511 2086 1577 2148 in
1616 2104 1755 2149 mo-

192 2185 405 2240 mento
453 2180 663 2242 omnia
701 2182 1044 2245 interirent.
1088 2184 1525 2247 Verumtamen
1559 2186 1759 2249 noluit

190 2276 343 2341 haec
388 2279 595 2342 facere
632 2282 1063 2345 inenarrabilis
1092 2283 1313 2346 Christi
1342 2286 1586 2348 Domini
1617 2288 1755 2368 pie-

188 2387 281 2442 tas
324 2382 641 2457 bonitatis,
675 2384 781 2463 qui
809 2402 940 2446 non
977 2385 1055 2447 ad
1098 2386 1510 2465 puniendum,
1541 2389 1650 2450 sed
1678 2390 1755 2451 ad

189 2479 551 2543 salvandum
610 2490 861 2546 venerat
901 2486 1227 2547 mundum.
1260 2487 1407 2549 Ideo
1439 2489 1604 2549 enim
1641 2507 1755 2569 pa-

184 2580 415 2642 tienter
442 2582 653 2644 omnia
686 2584 999 2656 sustinuit,
1031 2591 1101 2645 ut
1128 2585 1311 2648 nobis
1340 2588 1623 2668 exempla
1652 2607 1759 2668 pa-

184 2684 441 2744 tientiae
466 2690 527 2751 et
560 2683 923 2746 humilitatis
953 2686 1330 2749 ostenderet.
1365 2688 1543 2750 Unde
1572 2696 1633 2749 et
1653 2707 1754 2751 se-

186 2785 527 2862 quentibus
571 2803 639 2847 se
685 2786 1008 2865 discipulis
1049 2789 1246 2850 dixit:
1286 2789 1510 2852 Discite
1544 2808 1579 2851 a
1621 2808 1753 2864 me,

183 2886 333 2966 quia
361 2887 529 2948 mitis
556 2905 691 2948 sum
723 2895 784 2949 et
812 2887 1062 2950 humilis
1092 2890 1302 2965 corde,
1341 2898 1403 2952 et
1430 2891 1757 2956 invenietis

184 2986 465 3066 requiem
487 2987 815 3050 animabus
833 2990 1070 3051 vestris.
1094 2989 1213 3052 Sed
1235 2997 1296 3053 et
1315 3007 1532 3053 omnes
1552 3009 1586 3053 a
1616 3010 1754 3055 sae-

181 3087 329 3149 culo
378 3089 606 3162 sancti,
654 3096 779 3150 tam
823 3090 1169 3169 prOphetae
1216 3109 1404 3171 quam
1450 3094 1753 3172 apostoli,

182 3188 544 3267 Opprobriis
581 3194 642 3249 et
678 3189 925 3251 iniuriis
967 3207 1038 3252 ac
1070 3191 1328 3253 diversis
1372 3193 1577 3255 afﬂicti
1619 3201 1752 3256 tor-

180 3289 409 3349 mentis
432 3307 681 3369 semper
701 3289 1089 3352 immobilem
1110 3290 1399 3353 virtutem
1420 3294 1752 3372 patientiae

180 3392 242 3444 et
272 3384 641 3447 humilitatis
677 3392 1036 3458 tenuerunt,
1085 3393 1147 3448 et
1190 3406 1585 3469 nequaquam
1630 3391 1751 3453 hu-

177 3485 382 3545 manis
406 3484 692 3547 laudibus
713 3493 857 3547 sunt
877 3486 1147 3566 decepti.
1174 3490 1564 3566 Respuentes
1585 3510 1753 3553 nam-

176 3602 303 3663 que
334 3585 541 3646 inanis
579 3585 813 3663 gloriae
855 3587 1199 3665 praesentis
1226 3588 1387 3650 vitae
1422 3607 1615 3652 vanos
1644 3611 1751 3653 ru-

174 3684 581 3752 mores,illam
604 3685 797 3747 solam
815 3686 1141 3747 caelestem
1160 3696 1603 3769 aeternamque
1624 3691 1754 3768 glo-

174 3786 333 3847 riam
366 3788 843 3866 concupiscunt,
876 3787 986 3866 qui
1023 3788 1262 3851 Christo
1308 3789 1550 3869 placere
1583 3791 1750 3853 desi-

172 3885 422 3959 derant,
456 3904 616 3965 quae
648 3904 723 3947 ex
764 3888 893 3948 Deo
938 3894 1030 3949 est
1062 3894 1122 3949 et
1163 3899 1488 3968 permanet
1532 3891 1597 3952 in
1641 3909 1748 3953 ae-

170 3992 469 4060 ternum;
528 3986 705 4048 cuius
767 3986 1059 4049 claritatis
1117 3988 1520 4067 splendorem
1580 3992 1747 4053 nulla

171 4085 453 4147 humana
498 4087 709 4164 lingua
756 4093 961 4166 potest
1001 4104 1340 4166 exponere.
1386 4090 1553 4151 Haec
1600 4108 1749 4169 ergo

172 4184 466 4263 exempla
492 4184 827 4263 patientiae
857 4190 917 4244 et
944 4183 1304 4247 humilitatis
1324 4188 1747 4265 considerans,

171 4283 390 4355 ﬁliole,
418 4284 468 4345 si
489 4283 741 4363 quando
762 4284 1068 4362 irrogatae
1084 4285 1195 4345 tibi
1212 4285 1445 4347 fuerint
1460 4288 1745 4363 iniuriae,

165 4384 516 4445 fortissime
562 4384 847 4443 virtutem
893 4384 1226 4463 patientiae
1278 4392 1339 4447 et
1386 4386 1750 4449 humilitatis

1852 1898 2049 1976 jurias
2070 1904 2130 1961 et
2151 1899 2429 1961 convicia
2467 1899 2697 1975 dixisti,
2746 1906 2806 1961 et
2842 1899 2997 1961 nihil
3031 1900 3140 1963 tibi
3184 1902 3433 1981 penitus

1860 1998 2341 2077 responderunt.
2398 1999 2677 2079 Ideoque
2728 2006 3007 2079 oportet,
3070 2008 3139 2063 ut
3193 2002 3434 2063 fortiter

1859 2098 2281 2161 custodiamus
2329 2100 2618 2161 virtutem
2658 2100 3018 2163 humilitatis
3066 2119 3138 2163 ac
3182 2103 3429 2182 patien-

1856 2196 2001 2270 tiae,
2048 2205 2355 2277 quatenus
2389 2201 2702 2280 possimus
2736 2202 2813 2264 ad
2844 2200 3131 2263 caelestia
3155 2203 3432 2283 praemia

1859 2299 1920 2354 et
1945 2294 2020 2355 ad
2049 2303 2338 2358 aeternae
2378 2297 2537 2358 vitae
2580 2298 2840 2376 gloriam
2875 2302 3223 2379 pervenire,
3271 2303 3429 2365 sicut

1858 2392 2005 2455 dicit
2033 2393 2095 2454 in
2118 2395 2490 2476 Apocalypsi
2520 2398 2859 2459 Dominus:
2888 2401 3078 2471 Tene,
3112 2401 3281 2479 quod
3309 2400 3428 2464 ha-

1856 2492 1989 2565 bes,
2021 2510 2101 2554 ne
2129 2494 2286 2555 alius
2323 2496 2587 2574 accipiat
2622 2513 2917 2559 coronam
2948 2504 3116 2559 tuam
3162 2497 3267 2579 (1).
3307 2523 3335 2555 »

1934 2593 2101 2654 Haec
2141 2592 2329 2671 longa
2364 2594 2441 2656 ad
2482 2596 2751 2657 fratrem
2779 2596 3123 2660 admonitio
3153 2617 3296 2662 cum
3327 2601 3429 2662 in—

1857 2689 2044 2767 genio
2069 2696 2130 2751 et
2154 2690 2367 2753 indole
2407 2690 2805 2754 homiliarum
2839 2694 3089 2756 Macarii
3142 2698 3429 2775 Aegyptii

1854 2794 1980 2849 tam
2007 2790 2254 2868 egregie
2282 2792 2580 2866 concinit,
2615 2798 2685 2852 ut
2719 2809 2856 2855 eam
2888 2809 2923 2855 e
2951 2792 3225 2856 homiliis
3252 2813 3428 2857 com-

1856 2888 2107 2967 pilatam
2138 2896 2199 2951 et
2227 2890 2520 2952 historiae
2548 2890 2640 2951 illi
2671 2890 2749 2952 de
2779 2891 2967 2954 fratre
2986 2894 3159 2955 iussu
3184 2897 3430 2957 Macarii

1858 2988 2190 3068 sepulchra
2228 2991 2498 3052 adeunte
2546 2990 2819 3054 additam
2850 3009 2987 3055 esse
3034 2992 3199 3055 haud
3244 3013 3429 3075 aegre

1858 3088 2221 3151 credideris.
2258 3091 2426 3162 Quae
2455 3089 2735 3165 historia,
2770 3092 3015 3155 omissis
3050 3094 3164 3155 ista
3196 3095 3427 3158 exhor-

1858 3188 2091 3249 tatione
2112 3195 2173 3250 et
2201 3190 2523 3264 doctrinis,
2547 3190 2613 3252 in
2640 3191 3200 3272 Apophthegmatis
3231 3203 3430 3257 exstat

1855 3285 1955 3348 his
2001 3288 2133 3350 fere
2180 3288 2433 3350 verbis:
2480 3312 2507 3345 α
2548 3292 2759 3367 Frater
2804 3293 3095 3353 convenit
3139 3294 3427 3357 abbatem

1852 3388 2188 3449 Macarium
2217 3389 2612 3467 Aegyptium,
2646 3390 2746 3451 cui
2774 3406 2787 3449 :
2842 3391 3038 3468 Abba,
3068 3391 3294 3471 inquit,
3327 3396 3427 3458 dic

1853 3488 2007 3548 mihi
2053 3490 2335 3562 verbum,
2383 3490 2704 3569 quomodo
2752 3489 2970 3551 salver.
3025 3491 3116 3549 Ait
3166 3508 3358 3553 senex
3410 3514 3423 3555 :

1852 3587 2024 3649 Vade
2046 3589 2111 3649 in
2140 3588 2540 3668 sepulchrum
2564 3596 2624 3651 et
2650 3588 2993 3651 maledictis
3016 3599 3294 3652 mortuos
3316 3593 3429 3654 im-

1853 3694 2019 3766 pete.
2052 3687 2280 3748 Abiens
2320 3687 2508 3765 igitur
2536 3686 2722 3747 frater
2750 3703 2859 3747 eos
2893 3687 3188 3748 conviciis
3231 3696 3291 3749 et
3319 3696 3429 3767 64

1852 3783 2163 3864 lapidibus
2185 3787 2469 3866 appetiit,
2498 3803 2909 3865 reversusque
2930 3790 3315 3851 annuntiavit
3332 3808 3427 3853 se-

1851 3884 1939 3947 ni.
1976 3885 2090 3957 Qui
2119 3886 2196 3947 ab
2226 3903 2301 3947 eo
2328 3887 2571 3965 quaerit
2604 3903 2617 3945 :
2659 3886 2907 3948 Nihilne
2936 3888 3049 3948 tibi
3086 3890 3425 3967 responde-

1851 3982 2032 4043 runt?
2052 3983 2163 4044 Ille
2195 4001 2207 4043 :
2240 3983 2431 4045 Nihil.
2462 3985 2617 4044 Tum
2650 4001 2841 4045 senex
2868 4003 2880 4043 :
2913 3987 3165 4058 Iterum,
3192 3988 3420 4065 inquit,

1849 4083 2246 4162 proﬁciscere
2277 4101 2433 4156 cras,
2466 4100 2701 4163 eosque
2732 4084 3019 4146 laudibus
3053 4087 3227 4148 effer.
3279 4090 3423 4150 Per-

1851 4198 2004 4259 gens
2059 4183 2267 4261 itaque
2320 4182 2509 4243 frater
2550 4183 2921 4257 collaudavit
2971 4200 3080 4245 eos
3129 4202 3358 4248 vocans
3402 4209 3419 4249 :

1849 4280 2156 4358 Apostoli,
2190 4281 2409 4355 sancti,
2432 4280 2600 4341 iusti.
2624 4282 2779 4341 Tum
2813 4281 2961 4342 adiit
2993 4299 3209 4344 senem
3244 4284 3425 4346 dixit-

1851 4399 1975 4460 que
2013 4398 2024 4441 :
2062 4381 2354 4441 Laudavi.
2392 4380 2507 4451 Qui
2540 4397 2553 4439 :
2594 4379 2869 4454 Nihilne,
2903 4380 3127 4460 inquit,
3168 4383 3281 4444 tibi
3327 4402 3423 4446 re-

165 4484 443 4557 custodi,
468 4483 716 4544 imitans
741 4483 1116 4562 PrOphetam
1140 4486 1249 4563 qui
1281 4485 1433 4546 dixit
1458 4504 1470 4545 :
1493 4489 1621 4563 Ego
1646 4506 1751 4549 au—
1781 4508 1824 4562 ι)
1854 4481 2281 4560 sponderunt?
2306 4482 2556 4541 Frater:
2590 4480 2777 4542 Nihil.
2802 4482 2976 4543 Tunc
3006 4499 3198 4545 senex
3233 4484 3368 4546 inﬁt
3401 4504 3415 4547 :

163 4592 295 4646 tem
320 4592 621 4662 tanquam
641 4583 863 4644 surdus
885 4601 1013 4645 non
1033 4584 1361 4645 audiebam
1380 4586 1485 4655 63
1507 4592 1566 4647 et
1592 4586 1749 4648 sicut

164 4693 384 4745 mutus
417 4700 547 4744 non
569 4683 856 4763 aperiens
877 4701 946 4745 os
968 4701 1172 4757 suum,
1200 4692 1260 4744 et
1280 4685 1477 4745 factus
1498 4703 1633 4745 sum
1662 4686 1773 4748 sic-

162 4792 234 4845 ut
292 4784 490 4845 homo
525 4800 652 4845 non
683 4784 965 4857 audiens,
1006 4790 1067 4844 et
1096 4801 1222 4845 non
1260 4783 1499 4845 habens
1533 4785 1599 4844 in
1640 4801 1749 4846 ore

162 4902 286 4948 suo
312 4884 807 4960 redargutiones.
838 4883 1015 4955 Quod
1042 4889 1208 4944 certe
1235 4882 1311 4943 ad
1337 4899 1749 4944 commonen-

159 4985 323 5046 dum
346 5000 601 5043 sensum
632 4989 914 5044 nostrum
938 4981 1217 5060 quotidie
1246 4980 1309 5041 in
1338 4982 1555 5059 synaxi
1587 4982 1749 5061 psal-

158 5083 338 5143 litur.
365 5066 521 5143 Cave
542 5083 749 5154 etiam,
775 5099 854 5143 ne
883 5098 1038 5143 vana
1072 5078 1268 5159 gloria
1292 5079 1602 5159 laudeque
1625 5080 1742 5142 ho-

161 5183 419 5243 minum
441 5182 788 5256 delecteris,
811 5188 872 5243 et
898 5181 1122 5261 perdas
1144 5181 1374 5254 omnia,
1399 5199 1559 5261 quae
1578 5180 1749 5243 labo-

162 5281 373 5343 rando
407 5282 473 5343 in
511 5282 693 5344 bonis
723 5282 1017 5361 Operibus
1051 5281 1436 5361 acquisieris,
1472 5280 1743 5343 fructus-

161 5399 297 5461 que
330 5382 550 5443 ieiunii
575 5388 636 5442 et
660 5382 1068 5444 abstinentiae
1097 5388 1239 5443 tuae
1267 5381 1739 5461 vigiliarumque

162 5486 227 5542 et
265 5480 626 5542 orationum
665 5480 1019 5542 mercedem
1057 5480 1124 5541 in
1159 5488 1412 5542 aeterna
1450 5479 1570 5541 vita
1610 5497 1739 5541 non

158 5581 585 5660 consequaris
603 5598 637 5642 a
652 5581 946 5655 Domino,
970 5581 1114 5660 quia
1130 5580 1265 5661 ipse
1287 5580 1440 5641 dixit
1462 5580 1527 5641 in
1549 5582 1744 5641 Evan-

238 5749 323 5815 (i)
364 5745 479 5802 νγ.
517 5746 620 5803 PP.
664 5745 844 5803 Rosw.
869 5761 922 5815 p.
960 5746 1085 5807 990.
1122 5745 1176 5799 2.

238 5842 325 5915 (2)
353 5840 590 5897 Coteler.
629 5837 774 5894 Eccl.
809 5838 999 5893 Graec.
1033 5835 1174 5891 Mon.
1217 5834 1279 5888 Τ.
1314 5832 1330 5887 l
1366 5850 1417 5905 p.
1452 5833 1554 5889 558
1589 5850 1635 5889 s.
1678 5851 1729 5889 v.

1850 4582 2048 4655 Nosti,
2091 4581 2339 4661 quantis
2382 4597 2492 4642 eos
2534 4581 2928 4642 contumeliis
2964 4582 3269 4658 atfeceris,
3302 4602 3419 4647 nec

1845 4681 2186 4761 quidquam
2231 4678 2692 4759 responderunt
2730 4680 2865 4752 tibi,
2897 4685 2956 4740 et
2985 4684 3233 4759 quantis
3272 4700 3417 4745 eos-

1847 4782 1989 4842 dem
2018 4780 2306 4841 laudibus
2345 4780 2683 4861 ornaveris,
2734 4779 3015 4859 nihilque
3048 4782 3126 4841 ad
3164 4791 3224 4844 te
3265 4802 3417 4863 pro-

1846 4880 2039 4942 locuti
2080 4886 2243 4941 sunt.
2274 4882 2363 4941 Ita
2393 4886 2455 4940 et
2494 4886 2584 4953 tu,
2627 4880 2679 4941 si
2732 4880 2949 4941 salvari
2982 4883 3181 4960 cupis,
3244 4902 3417 4945 mor-

1846 4988 1990 5041 tuus
2020 4981 2151 5053 ﬁas,
2179 4995 2388 5057 neque
2416 4978 2672 5040 iniurias
2702 4978 3027 5039 hominum
3056 4996 3173 5041 nec
3202 4980 3418 5043 laudes

1848 5098 2067 5143 eorum
2113 5080 2347 5157 cogites
2386 5079 2580 5141 instar
2634 5088 3068 5141 mortuorum:
3119 5081 3206 5142 sic
3248 5082 3417 5142 enim

1847 5182 2081 5261 poteris
2126 5180 2327 5243 salvus
2371 5180 2504 5241 ﬁeri
2548 5178 2653 5259 (2).
2690 5202 2717 5235 ιο
2763 5179 3040 5240 Eandem
3094 5179 3412 5242 historiam

1847 5285 2137 5359 nuspiam
2167 5278 2312 5340 alibi
2341 5278 2574 5339 inveni.

1923 5380 2189 5458 Antiqua
2237 5384 2445 5440 autem
2486 5375 2686 5437 versio
2740 5374 2966 5436 deinde
3016 5375 3174 5437 hanc
3231 5376 3412 5438 aliam

1844 5481 2013 5543 addit
2040 5481 2288 5542 Macarii
2319 5477 2605 5557 Aegyptii
2646 5476 3029 5537 doctrinam:
3080 5501 3105 5531 ‹‹
3152 5479 3413 5539 Sanctus

1843 5580 2035 5641 abbas
2065 5578 2364 5638 Macarius
2389 5575 2827 5637 commonebat
2855 5591 3040 5653 saepe
3071 5573 3411 5653 discipulos

1822 5740 2103 5795 Macarius
2128 5741 2407 5811 Aegyptius
2435 5738 2462 5809 ς
2487 5738 2681 5806 XXIII;
2715 5738 2769 5792 in
2793 5738 2982 5793 harum
3010 5738 3399 5805 Quaestionum

1838 5832 2146 5903 Appendice
2178 5833 2345 5886 altera
2378 5832 2480 5887 sub
2506 5829 2591 5887 Ill.
