4266 6360
773 382 844 438 6³
1574 367 1672 424 ss.
1717 363 2182 422 mammam:
2227 364 2547 420 AEGYPTII
2588 366 2673 420 ET
2714 363 3187 421 ALEXANDRINI
3950 357 4023 424 64

772 506 921 553 suos
955 493 1017 549 et
1042 484 1305 548 docebat
1340 498 1449 543 eos
1490 479 1745 541 dicens:
1779 479 2153 539 Mementote
2176 492 2341 537 sem-
2373 495 2418 550 Α
2448 494 2558 538 nes
2606 478 3051 555 versionesque
3088 476 3344 548 habent,
3394 472 3525 534 sola
3568 471 3843 532 exhibet.
3895 473 4023 533 Po-

772 607 907 669 per,
951 586 1098 667 quia
1133 590 1273 646 ante
1318 585 1725 660 conspectum
1767 576 2013 637 Domini
2046 576 2338 654 omnipo—

772 688 959 749 tentis
1013 681 1490 751 conversamini,
1549 678 1657 757 qui
1716 676 2019 756 prospicit
2064 677 2343 735 omnium

769 788 1098 849 hominum
1145 782 1555 858 cogitationes
1616 783 1677 838 et
1727 776 2113 853 singulorum
2155 776 2343 837 corda

772 892 1107 949 scrutatur.
1154 880 1331 954 Quod
1380 879 1565 940 etiam
1599 885 1659 937 et
1694 884 1942 937 sanctae
1989 876 2345 954 Scripturae

772 992 1097 1056 testantur,
1132 988 1190 1043 et
1228 978 1562 1058 Apostolus
1600 977 1783 1037 docet
1826 983 1887 1037 et
1934 975 2083 1037 dicit
2115 994 2125 1034 :
2160 976 2344 1035 Vivus

772 1094 867 1147 est
899 1085 1065 1146 enim
1103 1098 1307 1142 sermo
1341 1079 1448 1137 Dei
1481 1084 1539 1137 et
1568 1076 1785 1138 efficax
1820 1082 1881 1137 et
1908 1077 2148 1137 acutior
2174 1076 2345 1136 omni

772 1186 979 1263 gladio
1009 1180 1263 1261 ancipiti
1298 1187 1356 1238 et
1378 1178 1741 1256 pertingens
1767 1194 1967 1255 usque
1995 1176 2071 1237 ad
2101 1178 2345 1237 animae

772 1286 1139 1347 divisionem
1171 1299 1241 1342 ac
1280 1280 1536 1358 spiritus
1568 1295 1942 1356 compagum
1993 1294 2248 1356 quoque
2287 1285 2347 1339 et

771 1385 1210 1453 medullarum,
1245 1382 1548 1442 discretor
1580 1378 2026 1455 cogitationum
2049 1384 2108 1438 et
2135 1378 2344 1439 inten-

771 1490 1012 1549 tionuin
1051 1486 1287 1557 cordis;
1322 1494 1381 1545 et
1413 1502 1539 1545 non
1586 1490 1677 1544 est
1717 1482 1840 1543 ulla
1870 1489 2151 1544 creatura
2185 1482 2346 1542 invi-

773 1587 967 1646 sibilis
998 1586 1064 1646 in
1108 1592 1450 1662 conspectu
1482 1584 1653 1654 eius;
1690 1584 1899 1643 omnia
1928 1590 2131 1643 autem
2182 1584 2347 1643 nuda

773 1692 834 1745 et
877 1694 1089 1764 aperta
1140 1691 1283 1745 sunt
1330 1685 1525 1746 oculis
1575 1684 1729 1745 eius.
1781 1685 2057 1762 Ideoque
2099 1685 2150 1745 si
2206 1702 2343 1758 nos,

771 1784 1014 1856 fratres,
1048 1784 1382 1863 pulsaverit
1422 1782 1747 1843 delectatio
1784 1785 1985 1845 carnis
2028 1790 2088 1843 et
2122 1801 2349 1844 concu-

769 1881 1077 1959 piscentia
1132 1881 1582 1953 fornicationis,
1628 1881 1994 1943 festinemus
2043 1882 2347 1962 repellere

775 1988 835 2041 et
867 1982 1134 2043 abiicere
1166 1980 1243 2042 de
1282 1981 1473 2043 corde
1505 1989 1721 2043 nostro
1770 1983 2256 2045 sordidissimam
2288 1990 2349 2045 et

775 2083 1109 2163 pessimam
1149 2082 1612 2160 cogitationem,
1662 2082 2024 2145 invocantes
2071 2084 2350 2145 intentis-

774 2183 928 2244 sime
979 2182 1356 2243 adiutorium
1404 2181 1650 2243 Domini
1696 2184 1892 2244 nostri
1936 2186 2080 2245 Jesu
2128 2184 2350 2247 Christi

772 2283 836 2343 in
871 2284 1257 2345 orationibus
1277 2302 1348 2345 ac
1376 2283 1649 2358 ieiunils,
1678 2290 1747 2345 ut
1774 2285 1997 2347 virtute
2032 2288 2349 2365 potentiae

774 2398 921 2443 suae
955 2382 1177 2460 eripiat
1208 2399 1323 2443 nos
1357 2388 1415 2443 et
1461 2390 1745 2461 protegat
1775 2390 1834 2445 et
1866 2393 2145 2448 conterat
2174 2387 2345 2449 Sata—

776 2501 919 2543 nam
962 2485 1077 2544 sub
1132 2484 1397 2562 pedibus
1448 2486 1700 2546 nostris.
1758 2488 2015 2565 Oportet
2062 2506 2231 2566 ergo,
2287 2496 2353 2550 ut

776 2590 960 2648 etiam
1007 2587 1429 2665 nosmetipsos
1480 2589 1863 2666 poenitendo
1912 2596 1971 2650 et
2002 2607 2035 2651 a
2081 2591 2352 2670 peccatis

776 2688 1149 2749 abstinendo
1188 2688 1622 2767 corripiamus,
1667 2690 2071 2769 dicamusque
2107 2692 2184 2752 ad
2214 2692 2351 2753 ani-

783 2804 943 2846 mam
1001 2795 1314 2849 nostram:
1369 2789 1669 2862 Quoniam
1720 2789 2049 2853 delectatio
2098 2792 2354 2870 quidem

777 2886 1080 2964 corporis,
1112 2904 1273 2968 quae
1311 2895 1372 2949 te
1402 2887 1563 2949 male
1597 2887 1889 2962 oblectat,
1931 2891 2006 2951 ad
2036 2891 2353 2952 modicum

777 2993 1025 3064 tempus
1070 2993 1199 3060 est;
1241 3004 1385 3048 nam
1436 2994 1747 3050 tormenta
1787 2995 1848 3049 et
1892 2989 1999 3059 65
2046 2990 2354 3050 cruciatus

778 3086 1018 3146 animae
1049 3093 1110 3145 et
1140 3089 1425 3165 corporis
1459 3088 1525 3147 in
1561 3086 1708 3163 igne
1742 3094 1997 3148 aeterno
2028 3087 2353 3165 gehennae

2444 576 2667 637 sterior
2715 575 3103 649 exhortatio,
3156 593 3344 655 quam
3391 573 3742 643 attulimus,
3797 578 3926 635 tota
3988 590 4026 633 e

2445 683 2655 737 mente
2710 678 2959 737 Macarii
3022 675 3329 754 Aegyptii,
3390 690 3550 753 quae
3619 690 3694 733 ex
3748 671 4027 733 homiliis

2446 774 2866 855 cognoscitur,
2908 785 3212 856 concepta
3258 784 3372 837 est.
3433 773 3760 835 Humilitas
3816 780 4025 834 autem

2447 876 2688 948 cordis,
2758 877 2945 937 timor
3021 875 3308 949 Domini,
3386 873 3660 935 studium
3705 868 4027 937 castitatis,

2446 974 2781 1053 praecipua
2853 972 3103 1033 illorum
3168 971 3622 1033 monachorum
3691 975 4027 1050 praecepta

2445 1070 2699 1131 fuerunt
2736 1068 2841 1149 (2).
2869 1074 2952 1131 Ac
2983 1070 3390 1149 peccantibus
3421 1069 3619 1146 magis
3651 1067 4027 1129 erubescen-

2447 1168 2594 1227 dum
2666 1184 2803 1228 esse
2856 1174 3117 1246 pr0pter
3175 1167 3372 1227 Deum
3427 1166 4023 1243 omnipraesentem.

2448 1286 2637 1347 quam
2668 1277 2930 1348 propter
2950 1269 3262 1341 homines,
3288 1268 3680 1328 meretricem
3711 1265 4029 1345 quandam

2447 1369 2757 1448 Ephraem
2785 1372 2976 1447 Syrus
3004 1370 3234 1447 insigni
3260 1368 3453 1429 modo
3483 1368 3736 1429 edocuit
3774 1365 3888 1445 (3).

2529 1473 2764 1542 Restat,
2798 1476 2865 1529 ut
2896 1469 3266 1530 sententiam
3303 1468 3575 1540 Macarii,
3613 1483 3775 1545 quae
3808 1466 4030 1527 ultimo

2449 1572 2742 1649 antiquae
2774 1571 3077 1631 versionis
3123 1569 3326 1648 capite
3358 1568 3606 1646 legitur,
3640 1567 3800 1629 hanc
3830 1566 4030 1628 adda-

2449 1688 2588 1730 mus
2617 1688 2627 1729 :
2658 1696 2682 1724 «
2721 1671 2887 1731 Dixit
2910 1670 3101 1731 abbas
3128 1669 3429 1731 Macarius
3463 1687 3476 1729 :
3511 1670 3571 1729 Si
3592 1667 3866 1747 aliquem
3895 1684 4034 1728 cor-

2451 1771 2717 1850 ripueris
2745 1778 3097 1831 commotus
3142 1770 3221 1831 ad
3260 1770 3670 1841 iracundiam,
3705 1770 4032 1848 pr0priam

2450 1868 2807 1946 passionem
2837 1867 3165 1947 adimples.
3203 1869 3329 1929 Nec
3361 1870 3554 1941 enim,
3582 1876 3651 1929 ut
3680 1867 3867 1928 alium
3904 1868 4033 1928 sal-

2450 1985 2579 2041 ves,
2612 1969 2883 2047 teipsum
2922 1968 3187 2047 perdere
3218 1968 3432 2029 debes.
3465 1970 3629 2029 Erue
3672 1970 4035 2048 proximum

2449 2075 2624 2129 tuum
2653 2086 2687 2130 a
2719 2070 2993 2148 peccatis
3027 2070 3161 2130 sine
3190 2070 3601 2148 improperic,
3634 2071 3698 2130 in
3725 2080 4035 2148 quantum

2451 2171 2792 2250 praevales,
2825 2172 2973 2250 quia
3006 2170 3082 2233 ad
3113 2188 3179 2232 se
3230 2171 3393 2231 Deus
3436 2179 3870 2233 convertentes
3903 2190 4037 2233 non

2451 2272 2719 2351 proiicit.
2756 2273 2973 2334 Sermo
3004 2279 3212 2334 autem
3247 2272 3519 2333 malitiae
3567 2290 3696 2333 non
3733 2273 4034 2334 demore-

2451 2382 2552 2437 tur
2580 2376 2643 2436 in
2679 2376 2869 2438 corde
2914 2385 3023 2437 tuo
3071 2383 3289 2437 contra
3318 2393 3486 2447 eum,
3520 2382 3586 2436 ut
3620 2375 3824 2455 possis
3852 2374 4035 2437 dice-

2453 2496 2557 2539 re:
2596 2478 2843 2538 Dimitte
2876 2478 3059 2538 nobis
3090 2478 3295 2538 debita
3330 2486 3561 2549 nostra,
3602 2477 3760 2538 sicut
3804 2484 3864 2537 et
3917 2494 4038 2538 nos

2454 2580 2819 2640 dimittimus
2860 2579 3249 2640 debitoribus
3285 2580 3531 2639 nostris.
3564 2579 3673 2639 Dei
3703 2586 3908 2639 autem
3942 2586 4041 2640 est

2454 2679 2763 2741 dimittere
2812 2686 2873 2740 et
2920 2679 3292 2740 conﬁrmare
3346 2680 3456 2750 66
3494 2680 3862 2757 petitionem
3914 2695 4037 2739 no-

2454 2787 2639 2841 stram
2684 2780 2794 2860 (Ιι).
2851 2802 2878 2833 ι)
2929 2780 3114 2840 Cuius
3168 2779 3422 2858 quidem
3470 2779 3812 2840 sententiae
3864 2780 4042 2858 prior

2455 2894 2601 2957 pars
2643 2876 2709 2936 in
2761 2876 3150 2938 collectionis
3195 2876 3504 2937 Rosweidi
3548 2876 3709 2938 libro
3748 2877 3936 2937 tertio
3975 2884 4041 2938 et

2456 2977 2677 3055 quinto
2710 2982 2897 3054 atque
2944 2976 3011 3036 in
3054 2975 3619 3055 Apophthegmatis
3648 2994 3683 3036 a
3725 2975 4039 3037 Cotelerio

2458 3074 2638 3136 editis
2690 3074 2916 3151 legitur
2973 3074 3079 3153 (5),
3140 3091 3405 3153 eamque
3452 3075 3701 3135 Macarii
3749 3076 4043 3155 Aegyptii

778 3186 842 3247 in
877 3194 1211 3266 perpetuas
1244 3197 1616 3267 permanent
1663 3207 1923 3267 poenas.
1969 3188 2127 3249 Illud
2169 3190 2353 3250 etiam
2381 3169 2428 3231 ο
2458 3177 2828 3238 sementim]
2859 3194 3021 3249 €553»
3052 3193 3087 3237 θ
3130 3177 3291 3239 libro
3324 3176 3547 3256 (Ιυίῐηο
3590 3176 3670 3255 (δ)
3707 3176 4041 3239 concam-

777 3287 1188 3348 admonentes
1245 3288 1516 3349 animam
1578 3297 1853 3350 nostram
1902 3289 2233 3350 dicamus:
2294 3290 2355 3349 Si

778 3385 1094 3446 erubescis
1129 3385 1416 3447 homines
1454 3386 1688 3448 similes
1731 3388 1820 3448 tui
1852 3395 2237 3467 peccatores,
2276 3405 2357 3449 ne

781 3483 1029 3544 videant
1060 3493 1117 3543 te
1146 3492 1542 3562 peccantem,
1574 3504 1765 3564 quare
1799 3505 1928 3547 non
1956 3488 2152 3564 magis
2178 3505 2353 3549 reve-

780 3582 903 3641 reri
936 3588 995 3641 et
1026 3583 1245 3643 timere
1274 3584 1465 3645 debes
1504 3586 1889 3646 maiestatem
1921 3587 2029 3648 Dei
2060 3587 2353 3665 omnipo-

778 3683 986 3753 tentis,
1018 3683 1124 3761 qui
1163 3685 1446 3745 omnium
1490 3693 1727 3747 secreta
1756 3688 2041 3748 cordium
2074 3688 2357 3748 conside-

780 3787 895 3852 rat,
955 3782 1114 3841 sieut
1169 3790 1229 3843 et
1280 3785 1617 3863 Apostolus
1647 3786 1771 3847 ait:
1826 3788 2042 3848 Omnia
2092 3788 2257 3849 nuda
2296 3794 2357 3849 et

780 3886 995 3957 aperta
1017 3888 1161 3941 sunt
1184 3882 1383 3943 oculis
1411 3884 1567 3943 eius.
1592 3884 1843 3945 Talibus
1872 3902 2021 3962 ergo
2042 3887 2359 3963 cogitatio-

782 3979 965 4038 nibus
1016 3980 1066 4039 si
1112 3981 1509 4061 increpamus
1563 3986 2005 4063 nosmetipsos,
2058 3987 2357 4049 continuo

780 4079 967 4137 timor
986 4078 1232 4139 Domini
1250 4083 1417 4142 venit
1444 4084 1509 4143 in
1541 4084 1731 4145 corde
1755 4091 1992 4159 nostro,
2017 4093 2079 4147 et
2099 4087 2163 4147 in
2190 4105 2358 4149 amo-

783 4196 911 4236 rem
944 4180 1238 4240 castitatis
1261 4183 1662 4244 conﬁrmatur
1680 4185 1885 4245 anima
1906 4192 2137 4258 nostra,
2171 4188 2356 4248 etiam

784 4284 843 4336 et
871 4277 947 4337 ad
983 4279 1191 4339 omnia
1235 4292 1570 4361 praecepta
1612 4284 1858 4344 Domini
1885 4283 2173 4345 iacienda
2204 4286 2358 4347 inci-

782 4380 1003 4442 tamur,
1030 4376 1358 4439 adiuvante
1389 4397 1505 4441 nos
1535 4382 1731 4459 gratia
1760 4383 2005 4444 Domini
2036 4385 2232 4445 nostri
2260 4387 2358 4447 Je-

2460 3276 2556 3337 nis
2585 3283 2775 3355 patet.

2538 3379 2657 3439 Sed
2691 3380 2813 3440 iam
2843 3378 2941 3452 iis,
2972 3394 3134 3457 quae
3161 3376 3401 3455 singula
3443 3376 3752 3439 Historiae
3781 3380 4042 3440 Lausia-

2460 3496 2568 3539 cae
2614 3478 2995 3558 exemplaria
3042 3477 3121 3538 de
3170 3477 3438 3539 Macario
3490 3478 3795 3556 Aegyptio
3849 3496 4044 3557 prae-

2458 3578 2630 3648 bent,
2656 3577 2941 3653 cognitis,
2974 3575 3051 3636 ad
3076 3592 3172 3648 ea,
3196 3593 3357 3655 quae
3382 3576 3460 3636 de
3480 3577 3749 3637 Macario
3777 3576 4047 3639 Alexan-

2461 3676 2639 3735 drino
2670 3692 2703 3736 a
2732 3675 3006 3737 Palladio
3052 3683 3403 3748 narrantur,
3436 3676 3891 3738 transeundum
3922 3688 4039 3739 est.

3049 3797 3290 3856 CAPUT
3334 3798 3437 3856 III.

2458 3912 2801 3955 PALLADIUS
2842 3914 2923 3956 DE
2964 3914 3199 3958 SANCTO
3244 3915 3515 3958 MACARIO
3557 3916 4040 3961 ALEXANDRJNO.

2539 3998 2565 4069 §
2612 3994 2702 4055 18.
2754 3997 3024 4058 Historia
3051 3998 3366 4072 Lausiaca,
3411 4016 3573 4077 quae
3601 4000 3666 4060 in
3712 4001 4042 4063 codicibus

2458 4096 3056 4157 Vindobonensibus
3084 4096 3332 4174 legitur,
3367 4104 3703 4177 postquam
3732 4098 3810 4160 de
3842 4102 4045 4163 Maca-

2458 4193 2551 4254 rio
2590 4194 2895 4275 Aegyptio
2939 4194 3043 4255 illa
3086 4195 3318 4269 retulit,
3350 4196 3435 4257 ita
3478 4197 3685 4275 pergit
3730 4215 3987 4260 narrare
4026 4219 4037 4258 :

2461 4319 2488 4349 «
2519 4298 2811 4358 Sanctum
2837 4315 2986 4359 vero
3015 4299 3350 4361 Macarium
3376 4299 3862 4361 Alexandrinum
3889 4319 4046 4363 con.

2456 4396 2623 4469 veni,
2659 4398 2768 4475 qui
2803 4398 3133 4477 presbyter
3164 4407 3294 4461 erat
3337 4400 3694 4473 Celliorum,
3736 4418 3899 4479 quae
3938 4403 4039 4463 di-

784 4492 857 4535 SU
886 4473 1128 4549 Christi,
1182 4479 1291 4556 qui
1326 4482 1737 4543 servientibus
1784 4482 1903 4543 Sibi
1937 4483 2003 4543 in
2036 4484 2353 4546 sanctitate
2382 4516 2433 4577 Ι)
2459 4473 2704 4557 cuntur:
2740 4473 2822 4558 In_
2840 4473 3010 4577 qunev
3033 4516 3151 4577 ego
3184 4517 3408 4560 novem
3439 4518 3637 4561 annos
3668 4473 3921 4576 sec-955i,
3961 4520 4043 4564 ex

786 4582 846 4634 et
875 4576 1150 4639 castitate
1194 4580 1481 4657 promisit
1523 4582 1813 4644 caelestia
1854 4591 1914 4644 et
1952 4590 2204 4646 aeterna
2235 4585 2352 4646 do-

784 4692 933 4737 nare
976 4678 1042 4737 in
1069 4678 1174 4740 illa
1204 4680 1475 4757 gloriosa
1518 4680 1709 4742 futuri
1750 4682 1982 4743 saeculi
2022 4683 2166 4757 vita,
2213 4701 2355 4745 cum

784 4776 1024 4854 angelis
1056 4780 1284 4839 sanctis
1312 4778 1377 4839 in
1404 4780 1695 4858 perpetui
1734 4779 1988 4841 luminis
2020 4781 2356 4861 splendore

785 4892 1036 4953 semper
1066 4877 1337 4953 gaudere
1371 4876 1476 4956 (1).
1518 4899 1547 4933 ››

868 4997 939 5054 Et
972 4995 1125 5058 haec
1156 4997 1410 5075 quidem
1453 4994 1707 5077 antiqua
1736 4998 1938 5060 versio
1984 4997 2061 5059 de
2093 5000 2357 5061 Macario

784 5096 1092 5173 Aegyptio
1136 5103 1384 5174 praeter
1421 5115 1516 5170 ea,
1564 5115 1728 5176 quae
1768 5098 2018 5159 codices
2046 5098 2362 5160 Vindobo-

786 5213 1015 5257 nenses
1062 5204 1124 5259 et
1153 5206 1397 5260 ceterae
1424 5199 1732 5262 Historiae
1773 5200 2104 5261 Lausiacae
2134 5200 2357 5261 editio-

858 5378 935 5446 (I)
968 5376 1079 5431 vv.
1118 5376 1219 5429 PP.
1252 5377 1437 5432 Rosw.
1468 5393 1522 5448 p.
1559 5379 1685 5443 991,
1722 5380 1771 5432 ι.

856 5470 934 5539 (‘2)
978 5469 1060 5523 Cf.
1116 5468 1310 5538 Evagr.
1354 5470 1544 5540 Capita
1581 5473 1843 5540 practice,
1888 5469 2062 5524 initio.
2102 5467 2351 5525 Galland.

787 5559 925 5619 Bibl.
950 5560 1056 5615 PP.
1087 5560 1150 5613 τ.
1197 5560 1283 5614 vn
1317 5578 1370 5630 p.
1399 5563 1523 5617 553.

856 5654 935 5724 (5)
967 5652 1082 5709 VV.
1119 5653 1219 5706 PP.
1252 5653 1434 5708 Rosw.
1467 5656 1558 5708 lib.
1592 5654 1633 5707 ν
1668 5669 1788 5724 cap.
1814 5653 1873 5706 2|
1914 5670 1962 5723 p.
1996 5653 2117 5706 598.

858 5744 934 5813 (4)
968 5744 1101 5813 Cap.
1138 5745 1228 5809 ’29,
1274 5746 1338 5796 Π
1366 5743 1473 5799 VV.
1512 5745 1615 5797 PP.
1648 5744 1829 5797 ltosw.
1862 5760 1913 5813 p.
1952 5745 2108 5797 1001.

859 5836 934 5905 (δ)
967 5834 1085 5893 Lib.
1116 5836 1179 5889 ιιι
1218 5852 1335 5907 cap.
1370 5838 1475 5901 87;
1509 5839 1601 5891 lib.
1644 5837 1681 5889 ν
1712 5838 1874 5892 libell.
1900 5836 2073 5900 4,28.
2115 5836 2344 5891 Coteler.

2459 4604 2690 4684 quibus
2751 4612 2877 4665 tres
2938 4623 3185 4667 mecum
3248 4606 3399 4667 vixit
3452 4606 3557 4666 ille
3607 4607 3911 4668 Macarius
3971 4611 4043 4670 in

2458 4702 2669 4781 quiete
2719 4704 2976 4781 degens.
3026 4708 3225 4783 Atque
3273 4705 3390 4765 alia
3440 4704 3695 4783 quidem
3739 4702 3875 4785 ipse
3911 4706 4045 4769 vidi

2457 4798 2624 4880 apud
2655 4819 2797 4861 eum
2822 4802 3093 4881 optimae
3125 4804 3259 4865 eius
3281 4805 3525 4865 vivendi
3556 4806 3811 4866 rationis
3842 4824 4041 4885 Opera

2461 4907 2521 4961 et
2550 4900 2748 4978 signa,
2781 4901 2896 4963 alia
2924 4903 3004 4963 ab
3033 4903 3135 4977 iis,
3160 4904 3266 4983 qui
3293 4922 3417 4965 una
3448 4922 3591 4965 cum
3618 4922 3693 4966 eo
3722 4906 4037 4979 vixerunt,

2460 5000 2673 5073 didici,
2720 5000 2837 5063 alia
2870 5002 3145 5081 denique
3192 5021 3227 5064 a
3275 5004 3704 5083 compluribus
3745 5006 3883 5067 aliis
3919 5024 4038 5067 au-

2461 5099 2606 5161 divi.
2640 5102 3009 5163 Exercitatio
3052 5101 3240 5181 igitur
3266 5104 3511 5165 Macarii
3554 5105 3782 5182 magni,
3816 5114 3886 5167 ut
3917 5125 4040 5186 ego

2464 5208 2524 5262 et
2570 5201 2749 5264 multi
2794 5203 2961 5284 apud
3009 5222 3152 5266 eum
3194 5204 3546 5280 didicimus,
3588 5204 3743 5267 haec
3780 5205 3921 5270 fuit.
3973 5211 4041 5270 Sl

2460 5379 2607 5436 Eccl.
2640 5380 2837 5436 Graec.
2881 5380 3026 5437 Mon.
3067 5383 3130 5437 T.
3181 5382 3199 5434 Ι
3236 5399 3289 5453 p.
3316 5382 3419 5437 586
3450 5399 3496 5437 ε.
3529 5400 3582 5438 v.
3618 5383 3895 5439 Macarius
3931 5388 4035 5440 Ac-

2457 5472 2661 5539 gyptius
2699 5472 2725 5542 ᾗ
2762 5471 2939 5540 XVII;
2970 5473 3024 5527 in
3062 5473 3253 5527 harum
3294 5471 3687 5539 Quaestionum
3718 5477 4037 5546 Appendire

2460 5562 2627 5615 altera
2654 5563 2756 5617 sub
2792 5561 2882 5615 ΙΙΙ.

2530 5652 2603 5721 (6)
2637 5653 2753 5706 Lib.
2784 5652 2827 5705 ν
2853 5654 3022 5709 libell.
3054 5655 3106 5717 4,
3137 5654 3206 5710 28
3236 5656 3368 5725 legis
3398 5676 3409 5709 :
3449 5676 3473 5707 τ
3512 5656 3650 5709 Dixit
3681 5659 3802 5710 item
3848 5656 4031 5711 Maca-

2458 5748 2572 5799 rius
2597 5762 2609 5803 ;
2638 5759 2657 5791 ι
2697 5745 2787 5797 sed
2822 5746 2997 5813 capite
3031 5746 3386 5804 antecedente
3412 5749 3479 5803 de
3517 5769 3533 5801 α
3569 5748 3803 5803 Macario
3833 5751 4035 5804 maiore

2459 5840 2509 5891 in
2540 5835 2705 5891 Scithi
2742 5856 2758 5887 ι
2794 5846 3064 5893 narratur.
