4266 6360
236 373 304 426 65
1743 359 1921 416 VITAI

1773 359 1968 418 lI'I'AE.
3391 366 3458 429 68

246 480 415 561 quod
471 498 631 561 opus
687 484 1147 546 exercitationis
1200 483 1471 563 aliquem
1526 497 1802 560 unquam
1835 482 1876 536 Α
1907 484 2272 558 potestatem
2318 479 2381 539 in
2424 483 2729 558 Aegypto,
2782 486 3065 560 tempore
3109 481 3265 544 vitae
3318 501 3464 548 suae

241 582 462 644 fecisse
507 583 807 656 audierat,
853 584 1020 646 idem
1069 584 1316 646 eﬂicere
1353 584 1643 645 ardenter
1684 589 1808 642 stu-

241 682 391 741 duit.
422 682 536 743 Hic
567 682 756 760 igitur
782 691 1055 758 sanctus,
1105 701 1298 762 quum
1334 683 1652 754 audiisset,
1684 682 1803 740 Ta-

241 781 638 843 bennesiotas
668 800 782 860 per
817 789 1009 843 totam
1057 782 1592 862 quadragesimam
1638 781 1807 842 nulla

241 897 307 940 re
347 880 537 952 vesci,
588 898 749 959 quae
793 882 923 958 igni
969 882 1214 943 admota
1263 888 1446 953 esset,
1492 881 1703 941 statuit
1744 889 1807 941 et

241 981 376 1057 ipse
406 981 737 1058 septennio
768 980 947 1055 nihil,
982 982 1151 1060 quod
1198 1000 1308 1061 per
1344 982 1553 1058 ignem
1599 988 1804 1040 trans-

240 1082 435 1151 iisset,
467 1079 820 1153 comedere,
856 1086 916 1139 et
958 1086 1196 1158 septem
1236 1080 1414 1140 annis
1462 1078 1613 1139 nihil
1638 1078 1805 1139 aliud

241 1180 525 1257 gustavit,
556 1180 672 1239 nisi
702 1179 892 1241 cruda
922 1179 1112 1252 olera,
1147 1186 1208 1241 et
1246 1180 1297 1240 si
1332 1196 1491 1257 quae
1517 1177 1676 1239 forte
1704 1178 1803 1237 in-

240 1278 509 1340 venisset
554 1275 867 1352 legumina
904 1277 1277 1339 humectata.
1305 1278 1391 1339 De
1426 1277 1548 1338 alio
1584 1276 1804 1337 audie-

240 1386 351 1452 rat,
400 1381 506 1458 qui
535 1379 755 1441 libram
787 1380 967 1458 panis
999 1380 1391 1452 comederet;
1445 1399 1638 1459 quare
1676 1379 1803 1444 fre-

240 1483 347 1559 git,
380 1498 540 1559 quae
563 1480 799 1554 habuit,
828 1479 1172 1541 buccellata
1204 1486 1264 1540 et
1290 1480 1354 1540 in
1382 1479 1665 1557 lagenam
1696 1480 1809 1541 im-

243 1579 425 1651 misit,
473 1585 750 1639 statuens
799 1585 1039 1638 tantum
1088 1576 1448 1651 comedere,
1505 1586 1805 1657 quantum

238 1695 460 1737 manus
507 1677 705 1755 ipsius
751 1695 997 1738 sursum
1027 1675 1289 1738 tulisset.
1339 1679 1556 1754 Magna
1598 1684 1804 1739 autem

240 1774 393 1836 haec
447 1792 701 1853 quoque
755 1774 872 1836 fuit
918 1775 1322 1836 continentia.
1386 1777 1539 1837 Nam
1586 1776 1803 1837 festive
1833 1811 1874 1865 Β

236 1874 423 1934 nobis
453 1874 780 1934 narrabat:
827 1873 1011 1933 Plura
1049 1872 1304 1951 quidem
1338 1872 1532 1934 frusta
1580 1890 1804 1952 appre-

238 1974 612 2044 hendebam,
645 1973 755 2034 sed
784 1972 1006 2034 eﬁ‘erre
1036 1990 1164 2032 non
1194 1979 1474 2051 poteram
1502 1972 1585 2033 ob
1613 1990 1806 2050 angu-

238 2075 420 2135 stiam
477 2070 820 2133 foraminis.
884 2071 1259 2131 Publicanus
1313 2070 1504 2142 enim,
1574 2071 1799 2149 inquit,

236 2174 393 2235 mihi
428 2190 556 2234 non
593 2171 989 2252 permittebat
1029 2170 1286 2231 omnino
1318 2171 1424 2241 67
1455 2188 1583 2232 non
1612 2173 1799 2235 vesci.

236 2276 336 2337 Sic
366 2274 553 2352 igitur
580 2281 707 2335 tres
735 2289 935 2333 annos
964 2271 1225 2351 peregit,
1261 2279 1527 2349 quatuor
1549 2272 1803 2351 quidem

236 2377 331 2437 vel
386 2377 667 2454 quinque
729 2373 943 2433 uncias
996 2372 1334 2434 comedens
1379 2378 1441 2432 et
1488 2373 1803 2433 modicum

237 2492 440 2553 aquae
493 2473 738 2533 bibens.
806 2469 943 2531 Olei
1022 2476 1233 2531 autem
1287 2470 1623 2531 sextarium
1669 2478 1803 2533 toto

235 2592 403 2637 anno
446 2574 511 2633 in
555 2572 918 2633 alimentum
966 2568 1393 2631 consumebat.
1443 2569 1662 2629 Statuit
1686 2569 1803 2631 ali-

238 2674 492 2756 quando
522 2688 818 2751 superare
852 2688 1162 2743 somnum,
1198 2676 1266 2731 ut
1293 2671 1429 2749 ipse
1460 2670 1642 2731 nobis
1668 2687 1806 2731 nar-

239 2776 392 2837 ravit
437 2792 449 2834 :
501 2773 671 2833 Totis
717 2771 933 2849 viginti
982 2771 1202 2834 diebus
1249 2777 1310 2831 et
1350 2771 1635 2831 noctibus
1688 2772 1803 2832 sub

238 2881 473 2936 tectum
508 2890 636 2933 non
672 2890 808 2933 sum
851 2872 1188 2950 ingressus,
1229 2871 1504 2932 interdiu
1549 2872 1802 2951 quidem

235 2983 415 3037 aestu
439 2973 688 3045 urebar,
719 2979 907 3034 noctu
934 2990 1082 3033 vero
1111 2971 1270 3033 febri
1299 2972 1595 3050 rigebam.
1628 2974 1803 3045 Quod

238 3075 361 3137 nisi
390 3080 624 3135 tectum
656 3072 838 3133 citius
861 3089 1061 3133 essem
1090 3072 1428 3149 ingressus,
1456 3071 1801 3151 inquiebat,

236 3181 303 3233 et
331 3186 554 3232 somno
583 3186 735 3230 usus
766 3185 988 3241 essem,
1030 3169 1353 3229 cerebrum
1390 3168 1477 3229 ita
1507 3168 1660 3229 mihi
1702 3186 1804 3230 es-

237 3278 335 3333 set
368 3267 729 3340 arefactum,
764 3273 854 3340 ut,
877 3267 1030 3346 quin
1056 3266 1123 3327 in
1139 3268 1404 3329 ecstasin
1436 3284 1673 3345 agerer,
1702 3286 1809 3347 pa-

238 3386 379 3430 rum
410 3370 676 3430 abesset.
710 3370 783 3428 Et
812 3375 1137 3447 quantum,
1168 3368 1394 3447 inquit,
1430 3369 1499 3429 in
1527 3386 1627 3429 me
1666 3368 1803 3439 fuit,

236 3470 360 3531 vici
416 3486 743 3539 somnum,
801 3473 1101 3548 quantum
1155 3484 1315 3547 Opus
1375 3473 1495 3537 est,
1554 3473 1808 3529 naturae

236 3569 621 3630 concedens.

323 3691 350 3721 α
382 3668 582 3738 Quum
618 3664 719 3725 hic
753 3669 1000 3725 sanctus
1030 3677 1213 3724 mane
1246 3663 1314 3722 in
1353 3660 1509 3723 cella
1537 3662 1804 3737 sederet,

235 3767 305 3826 in
348 3765 512 3845 pede
548 3782 694 3825 eum
724 3763 903 3824 culex
935 3762 1221 3841 pupugit,
1253 3779 1464 3839 quem,
1506 3761 1808 3839 sanguine

237 3872 606 3937 saturatum,
656 3862 873 3924 dolore
918 3868 1118 3922 tactus
1166 3878 1354 3920 manu
1390 3860 1570 3920 elisit.
1618 3861 1806 3921 Dein-

237 3981 393 4042 ceps
422 3980 567 4023 vero
612 3980 679 4023 se
724 3960 1145 4039 reprehendit,
1192 3958 1300 4037 qui
1350 3976 1417 4019 se
1462 3959 1596 4036 ipse
1646 3958 1809 4019 ultus

237 4068 431 4133 esset,
481 4078 674 4139 seque
714 4059 1169 4131 condemnavit,
1205 4066 1272 4117 ut
1315 4057 1558 4119 sederet
1604 4058 1809 4118 nudus

239 4181 353 4223 sex
407 4180 654 4223 menses
707 4162 772 4220 in
832 4160 1061 4239 palude
1119 4160 1335 4231 Scetis,
1394 4176 1554 4236 quae
1608 4165 1701 4219 est
1742 4158 1807 4217 in

237 4271 409 4324 vasta
440 4262 796 4323 solitudine.
830 4259 946 4319 Ubi
971 4258 1202 4319 culices
1227 4264 1486 4335 possunt
1506 4258 1599 4317 vel
1630 4273 1810 4335 apro-

238 4379 381 4422 rum
404 4360 603 4439 pelles
634 4358 935 4430 sauciare,
975 4373 1169 4433 quum
1210 4357 1331 4416 sint
1365 4372 1564 4432 aeque
1600 4353 1808 4430 magni

1910 597 1985 640 ex
2049 580 2365 659 quadratis
2418 579 2729 660 lapidibus
2780 589 3260 645 construxerunt
3308 583 3463 647 illud

1910 698 2092 758 opus,
2123 682 2187 741 in
2219 698 2347 759 quo
2370 688 2844 742 monumentum
2874 681 3179 755 fecerunt,
3216 691 3279 744 et
3301 685 3462 745 mul-

1907 787 2035 840 tum
2075 782 2210 841 auri
2248 781 2696 860 deposuerunt,
2730 781 2935 842 omnis
2970 798 3222 861 quoque
3269 801 3462 861 gene-

1908 880 1992 938 ris
2018 880 2272 939 arbores
2293 880 2668 958 plantarunt,
2699 886 2761 940 et
2780 886 3037 957 puteum
3061 898 3256 958 aquae
3276 886 3467 945 maxi-

1906 996 2076 1040 mum
2134 977 2447 1051 foderunt,
2497 986 2816 1057 sperantes
2879 980 3131 1057 quidem
3183 981 3339 1056 fore,
3394 991 3465 1045 ut

1904 1084 2049 1156 post
2096 1094 2275 1137 suum
2316 1077 2462 1137 hinc
2510 1075 2657 1139 illuc
2713 1078 3052 1139 discessum
3111 1078 3465 1142 fruerentur

1905 1175 2145 1237 deliciis
2172 1176 2235 1236 in
2266 1176 2386 1237 hoc
2420 1176 2730 1255 paradiso.
2776 1178 2998 1238 Servus
3027 1179 3213 1255 igitur
3245 1179 3466 1242 Christi

1904 1276 2203 1336 Macarius
2245 1294 2437 1353 quum
2468 1275 2651 1348 viam,
2700 1293 2858 1353 quae
2889 1276 2965 1335 ad
3007 1275 3175 1339 hunc
3216 1278 3464 1341 hortum

1904 1374 2097 1448 ducit,
2140 1374 2476 1452 ignoraret,
2516 1373 2649 1434 sola
2692 1375 3051 1452 conjectura
3094 1384 3342 1438 secutus
3374 1385 3468 1439 est

1904 1480 2089 1547 astra,
2131 1476 2289 1536 sicut
2340 1480 2589 1547 nautae,
2645 1475 2752 1551 qui
2788 1476 2980 1535 maria
3021 1476 3461 1538 transmittunt.

1904 1572 2004 1633 Sic
2050 1580 2244 1634 totam
2288 1574 2559 1652 pervasit
2613 1573 3032 1634 solitudinem.
3081 1576 3464 1638 Fasciculum

1904 1691 2052 1735 vero
2097 1675 2471 1735 arundinum
2515 1674 2735 1746 tenuit,
2776 1690 2852 1734 ex
2896 1674 3123 1752 quibus
3163 1695 3352 1737 unam
3400 1678 3464 1739 in

1904 1790 2291 1852 unoquoque
2317 1775 2429 1844 68
2466 1772 2713 1833 milliari
2750 1781 3042 1852 tanquam
3074 1775 3316 1852 signum
3356 1795 3467 1855 po-

1904 1871 2061 1944 suit,
2117 1872 2296 1933 cuius
2354 1887 2479 1950 ope
2539 1878 2863 1932 remearet.
2938 1874 3171 1933 Novem
3244 1873 3464 1936 diebus

1903 1986 2102 2049 pr0pe
2144 1970 2319 2031 illum
2370 1970 2621 2031 hortum
2649 1971 2838 2041 venit,
2883 1979 2943 2031 et
2982 1982 3165 2033 nocte
3208 1990 3465 2053 oppres-

1904 2087 2009 2129 sus
2040 2087 2259 2147 parum
2305 2070 2613 2131 dormivit.
2651 2072 2980 2148 Improbus
3011 2089 3158 2133 vero
3197 2073 3463 2136 daemon

1901 2169 2240 2230 arundines
2268 2170 2406 2230 illas
2434 2169 2723 2232 collectas
2752 2171 2828 2232 ad
2861 2177 3045 2250 caput
3073 2174 3208 2234 eius
3230 2178 3461 2252 posuit,

1901 2268 2163 2330 fortasse
2228 2270 2336 2329 Dei
2392 2270 2699 2348 permissu
2764 2271 2842 2332 ad
2903 2271 3199 2333 maibrem
3270 2279 3461 2335 sancti

1904 2364 2443 2446 exercitationem,
2493 2389 2574 2434 ne
2628 2373 2693 2433 in
2746 2374 3154 2435 arundinibus
3203 2375 3465 2436 ducibus

1904 2488 2080 2549 spem
2110 2489 2283 2532 suam
2319 2471 2598 2545 haberet,
2645 2472 2753 2533 sed
2785 2473 2980 2549 magis
3013 2474 3077 2534 in
3109 2476 3301 2552 gratia
3330 2477 3459 2550 Dei,

1904 2570 2014 2648 qui
2040 2587 2155 2647 per
2182 2570 2534 2632 columnam
2567 2572 2731 2649 ignis
2760 2580 2821 2633 et
2849 2574 3031 2635 nubis
3061 2576 3463 2653 quadraginta

1903 2685 2103 2729 annos
2144 2668 2209 2728 in
2238 2668 2351 2729 ista
2400 2669 2736 2730 solitudine
2783 2671 3087 2749 p0pulum
3121 2673 3305 2733 Israel
3338 2691 3461 2735 non

1905 2771 2303 2832 obedientem
2333 2778 2394 2831 et
2419 2779 2868 2851 repugnantem
2892 2773 3162 2834 deduxit.
3194 2776 3465 2853 Surgens

1903 2869 2092 2947 igitur
2145 2870 2483 2932 arundines
2530 2871 2845 2946 colligatas
2894 2872 3150 2933 invenit.
3208 2876 3465 2937 Sanctus

1904 2975 2111 3030 autem
2146 2988 2158 3029 :
2200 2969 2340 3044 Ubi,
2386 2969 2614 3047 inquit,
2663 2970 2741 3030 ad
2770 2969 3020 3031 hortum
3068 2974 3326 3051 prOpius
3357 2992 3461 3036 ac-

1907 3070 2088 3143 cessi,
2134 3087 2211 3130 ex
2251 3087 2328 3131 eo
2377 3069 2611 3147 egressi
2660 3076 2805 3131 sunt
2852 3070 3129 3149 mihique
3172 3089 3460 3136 occurre—

1908 3174 2054 3228 runt
2086 3168 2475 3247 septuaginta
2504 3168 2634 3229 fere
2677 3169 3016 3229 daemones
3044 3170 3224 3231 variis
3250 3170 3465 3233 formis

1904 3269 2191 3347 praediti,
2220 3269 2323 3329 alii
2353 3269 2608 3347 quidem
2651 3269 3007 3341 clamantes,
3041 3269 3143 3330 alii
3174 3288 3319 3332 vero
3354 3290 3455 3331 ex-

1906 3368 2202 3442 silientcs,
2236 3368 2339 3428 alii
2369 3387 2513 3430 cum
2550 3386 2775 3446 magno
2808 3370 3054 3430 fremitu
3082 3370 3147 3431 in
3176 3388 3274 3432 me
3306 3371 3458 3433 den—

1904 3468 2072 3528 tibus
2108 3469 2461 3529 stridentes.
2502 3470 2699 3530 Ceteri
2734 3476 3025 3548 tanquam
3059 3472 3224 3531 corvi
3259 3472 3461 3531 volan-

1905 3572 1999 3626 tes
2042 3567 2352 3628 audebant
2394 3568 2590 3628 vultui
2635 3585 2778 3629 meo
2808 3568 3103 3630 insultare
3141 3570 3416 3631 dicentes
3450 3592 3458 3629 :

1906 3666 2062 3737 Quid
2093 3666 2201 3739 vis,
2232 3668 2474 3739 Macari,
2508 3668 2761 3729 tentatio
2792 3668 3279 3731 monachorum?
3308 3672 3464 3741 Quid

1906 3767 1983 3826 ad
2016 3750 2131 3827 nos
2161 3765 2519 3828 accessisti?
2546 3772 2638 3828 An
2668 3785 2783 3829 nos
2815 3786 3068 3848 quoque
3112 3778 3324 3832 contra
3359 3771 3461 3831 ali-v

1908 3883 2068 3943 quos
2122 3866 2575 3927 monachorum
2625 3867 2959 3928 machinati
3004 3867 3254 3930 sumus?
3300 3872 3465 3942 Quae

1907 3972 2119 4027 nostra
2149 3973 2312 4039 sunt,
2342 3966 2535 4028 habes
2562 3967 2688 4029 illic
2723 3986 2863 4029 cum
2894 3970 2981 4029 tui
3011 3970 3335 4042 similibus,
3369 3987 3466 4031 so-

1907 4063 2232 4125 litudinem
2280 4065 2443 4137 dico,
2495 4081 2528 4125 e
2569 4083 2691 4143 qua
2743 4076 3040 4143 cognatos
3077 4075 3323 4129 nostros
3363 4069 3463 4130 fu-

1909 4163 2176 4237 gavistis.
2220 4166 2451 4224 Tecum
2512 4163 2666 4223 nihil
2726 4181 3059 4226 commune
3112 4165 3460 4227 habemus;

1905 4260 2059 4336 quid
2090 4267 2303 4321 nostra
2329 4261 2466 4322 loca
2495 4261 2878 4338 ingrederis?
2904 4263 3288 4325 Anacboreta
3320 4284 3465 4327 con-

1907 4363 2113 4419 tentus
2142 4366 2274 4421 esto
2304 4360 2661 4421 solitudine.
2697 4361 2809 4432 Qui
2838 4361 3004 4423 hunc
3046 4363 3251 4425 locum
3292 4366 3463 4426 aedi-

237 4470 311 4523 ut
338 4476 584 4538 vespae.
620 4459 707 4518 Ab
734 4458 808 4518 iis
834 4457 1022 4533 igitur
1049 4462 1214 4516 totus
1242 4455 1323 4515 ita
1352 4454 1657 4514 sauciatus
1687 4459 1802 4526 est,
1837 4458 1884 4514 ι)
1913 4458 2194 4533 ﬁcarunt,
2229 4478 2372 4521 eum
2397 4460 2577 4520 nobis
2611 4461 3033 4537 adsignarunt.
3064 4462 3202 4523 Non
3235 4468 3463 4542 poteris

236 4568 311 4621 ut
341 4567 404 4620 et
433 4558 634 4620 aculei
659 4558 725 4617 in
747 4564 876 4617 toto
908 4572 1171 4633 corpore
1201 4555 1397 4633 ipsius
1427 4552 1803 4626 viderentur,

237 4680 314 4723 ac
344 4657 634 4719 nonnulli
679 4655 1029 4727 crederent,
1083 4652 1492 4731 elephantiasi
1522 4668 1665 4711 eum
1713 4651 1803 4711 la-

237 4760 489 4818 borare.
528 4756 867 4813 Reversum
904 4768 1052 4811 vero
1086 4750 1153 4811 in
1200 4749 1483 4811 cellulam
1516 4766 1690 4809 suam
1731 4766 1807 4811 ex

237 4858 373 4920 sola
402 4872 554 4916 voce
591 4859 1018 4931 cognoverunt
1046 4851 1375 4912 Macarium
1412 4866 1569 4910 esse.

299 4980 350 5011 .‹‹
388 4954 591 5033 Cupiit
623 4950 982 5031 aliquando,
1026 4956 1095 5010 ut
1126 4950 1305 5010 nobis
1342 4950 1477 5026 ipse
1519 4947 1804 5020 narravit,

233 5054 488 5131 ingredi
536 5056 1042 5123 monumentum,
1091 5048 1260 5127 quod
1307 5048 1529 5108 dicitur
1578 5048 1808 5116 κηποτά-

237 5172 363 5224 φιον
392 5157 622 5216 Jannes
652 5158 713 5212 et
737 5149 1017 5211 Jambres
1046 5164 1392 5224 magorum,
1426 5148 1531 5227 qui
1558 5147 1809 5209 fuerunt

236 5268 530 5334 tempore
571 5249 931 5321 Pharaonis,
970 5247 1219 5307 videndi
1261 5264 1466 5319 causa,
1512 5253 1615 5305 aut
1656 5246 1803 5307 dae-

236 5372 489 5427 mones,
524 5352 632 5431 qui
661 5350 748 5410 ibi
774 5354 938 5421 sunt,
970 5345 1402 5407 conveniendi.
1436 5345 1808 5405 Dicebantur

238 5462 415 5521 enim
452 5453 628 5516 multi
656 5452 829 5529 iique
860 5449 1101 5509 feroces
1133 5448 1216 5506 ibi
1250 5447 1327 5507 ab
1366 5446 1485 5506 illis
1523 5445 1806 5508 collocati

236 5577 380 5623 esse
411 5558 750 5618 daemones
789 5567 902 5629 per
938 5548 1366 5610 excellentiam
1401 5548 1672 5623 magicae
1703 5565 1804 5607 ar-

235 5662 341 5732 tis,
387 5674 513 5736 qua
560 5653 793 5734 primas
840 5666 1093 5729 quoque
1133 5648 1239 5707 illo
1276 5655 1560 5725 tempore
1600 5656 1806 5726 partes

237 5758 411 5837 apud
461 5755 845 5815 Pharaonem
895 5749 1265 5811 habuerunt.
1332 5747 1445 5817 Qui
1504 5748 1583 5806 ita
1642 5750 1801 5809 nacti

545 5892 812 5950 PATROL.
856 5888 971 5946 Gn.
1016 5888 1062 5945 Χ
1081 5886 1306 5944 XXIV.

1906 4557 2008 4617 hic
2061 4575 2337 4618 manere.
2405 4558 2561 4629 Quid
2616 4559 2861 4637 quaeris
2928 4561 3171 4636 ingredi
3235 4561 3461 4635 locum,

1907 4674 2093 4734 quem
2139 4674 2325 4717 nemo
2358 4656 2704 4730 hominum,
2746 4659 2853 4735 qui
2884 4659 3191 4734 vixerunt,
3233 4678 3309 4722 ex
3339 4682 3460 4742 quo

1910 4762 2190 4834 tempore
2251 4754 2490 4827 fratres,
2554 4757 2661 4835 qui
2720 4775 2860 4818 eum
2922 4760 3357 4836 condiderunt,
3434 4782 3460 4824 δ

1909 4856 2091 4915 nobis
2136 4854 2239 4916 hic
2287 4854 2510 4934 sepulti
2562 4863 2727 4930 sunt,
2779 4865 2873 4917 est
2924 4858 3277 4934 ingressus?
3323 4863 3466 4923 Sanv

1908 4962 2041 5015 ctus
2076 4972 2087 5012 :
2124 4957 2343 5025 Quum,
2391 4955 2615 5027 aiebat,
2662 4955 2921 5016 multum
2960 4957 3217 5038 insuper
3255 4961 3459 5022 turba-

1908 5062 2045 5114 rent
2092 5054 2703 5132 ]amentarenturque
2737 5056 3093 5129 daemones,
3147 5058 3317 5117 dixi:
3362 5062 3463 5120 In—

1909 5155 2153 5232 grediar
2208 5161 2467 5227 tantum,
2527 5155 2771 5226 videbo,
2837 5163 2897 5216 et
2956 5155 3099 5218 hinc
3158 5159 3463 5219 recedam.

1907 5256 2297 5315 Daemones:
2350 5255 2506 5326 Hoc,
2562 5254 2873 5332 inquiunt,
2943 5256 3122 5315 nobis
3177 5256 3471 5333 promitte

1906 5355 1971 5413 in
2015 5353 2395 5414 conscientia
2449 5359 2571 5413 tua.
2601 5355 2672 5412 Et
2719 5372 2909 5431 quum
2955 5354 3248 5415 dixissem
3283 5373 3295 5414 :
3335 5357 3468 5417 Hoc

1905 5452 2151 5524 faciam,
2191 5451 2518 5511 confestim
2550 5458 2954 5512 evanuerunt.
2986 5454 3305 5528 Ingressus
3348 5453 3461 5529 igi-

1907 5559 2030 5624 tur,
2086 5552 2311 5623 aiebat,
2362 5552 2485 5611 vidi
2542 5553 2769 5612 omnia.
2836 5550 2953 5611 Ubi
2996 5552 3205 5611 inveni
3247 5551 3467 5612 cadum

1907 5666 2195 5720 aeneum,
2226 5636 2445 5709 catena
2489 5648 2688 5709 ferrea
2718 5650 3092 5727 pendentem
3146 5668 3220 5709 ex
3252 5655 3467 5726 puteo,

1915 5751 2023 5811 sed
2072 5758 2356 5828 tempore
2402 5757 2869 5829 consumptum,
2898 5756 2958 5809 et
2999 5748 3236 5809 fructus
3279 5748 3465 5810 malo»

3090 5885 3124 5941 3
