4266 6360
784 390 849 447 6'7
1606 382 1701 435 SS.
1740 377 2203 433 MACAIllUllUM
2247 373 2469 428 AliGYl’

2323 371 2567 427 ZGYI’TII
2610 374 2695 427 ΕΤ
2728 373 3197 427 ΑΙιΕλΛΓκῡῐὶΙΝι
3946 368 4008 426 68

784 520 923 563 rum
953 498 1277 574 siccarum,
1310 514 1471 577 quae
1502 496 1879 555 intrinsecus
1902 510 2127 555 vacuae
2158 497 2354 552 erant.
2388 497 2434 551 Α
2462 492 2647 552 misit.
2681 493 2847 563 Quae
2880 492 3151 570 prepriis
3182 490 3446 569 pedibus
3476 506 3776 567 regressa,
3809 488 4021 568 copio-

784 603 1048 664 Sanctus
1101 600 1288 678 igitur
1343 614 1535 678 quum
1589 596 1826 674 absque
1887 592 2354 672 perturbatione

782 702 955 764 illinc
1001 700 1377 771 recessisset,
1428 715 1544 778 per
1590 696 1809 773 viginti
1854 694 1986 756 dies
2035 694 2349 754 remeavit.

783 802 1181 881 Consumptis
1233 817 1379 861 vero
1436 798 1682 862 cibariis
1739 796 2141 858 solitudinem
2182 812 2357 873 pera-

786 921 970 984 grans
1010 919 1210 982 paene
1239 900 1395 962 nihil
1424 900 1681 961 omnino
1715 896 1999 975 gustavit,
2049 895 2220 973 quod
2258 912 2355 955 res

786 1017 1045 1080 quoque
1091 998 1403 1078 probavit;
1436 1004 1623 1076 atque
1652 1002 1882 1057 tentata
1913 1002 2006 1055 est
2032 993 2356 1056 tolerantia

788 1102 947 1163 eius.
998 1104 1197 1175 Quum
1251 1116 1399 1161 vero
1448 1100 1570 1160 iam
1616 1115 1839 1178 parum
1891 1097 2162 1168 abesset,
2202 1096 2356 1174 quin

784 1203 1226 1275 collaberetur,
1262 1202 1319 1261 ei
1365 1201 1490 1261 visa
1532 1206 1625 1260 est
1672 1215 1863 1259 unum
1909 1196 2039 1257 fere
2090 1196 2356 1257 stadium

790 1304 1025 1365 distans
1054 1302 1261 1383 puella
1285 1300 1591 1381 quaedam
1613 1299 1722 1369 69
1741 1298 1973 1358 munda
2002 1297 2167 1357 linea
2194 1303 2357 1357 veste

790 1406 1029 1479 induta,
1073 1420 1232 1483 quae
1276 1418 1496 1462 urnam
1531 1400 1778 1459 tenebat
1820 1414 1981 1475 aqua
2025 1394 2358 1455 stillantem

792 1514 982 1584 atque
1028 1521 1172 1565 eum
1220 1500 1622 1582 provocabat.
1655 1502 1806 1559 Tres
1851 1498 2038 1573 igitur
2082 1496 2216 1556 dies
2264 1496 2359 1553 in-

790 1621 1040 1681 gressus
1078 1619 1214 1663 eam
1244 1600 1415 1672 vidit,
1450 1615 1653 1677 neque
1685 1596 1932 1674 assequi
1966 1596 2201 1674 potuit;
2248 1610 2358 1672 spe

792 1710 1001 1764 autem
1079 1699 1335 1762 bibendi
1406 1699 1770 1774 languorem
1836 1695 2147 1757 sustinuit.
2215 1696 2361 1754 Post

2456 609 2585 652 sam
2631 592 2860 652 sanctis
2888 591 3269 652 oblationem
3301 590 3486 650 misit.

2536 739 2561 767 ‹‹
2617 714 2728 774 I-lic
2784 730 3046 789 magnus
3096 712 3396 773 Macarius
3450 726 3645 788 quum
3701 709 4018 782 audiisset,

2454 812 2941 873 Tabennesiotas
2981 800 3369 891 praeclarum
3404 809 3636 869 habere
3667 806 3821 866 vitae
3854 806 4023 865 insti-

2455 921 2678 987 tutum,
2722 919 2953 974 mutata
3003 918 3172 973 veste
3222 918 3282 971 et
3328 910 3657 988 adsumpto
3704 907 4021 966 mundano

2458 1013 2727 1093 operarii
2758 1013 2994 1088 habitu,
3024 1013 3225 1093 spatio
3259 1011 3616 1091 quindecim
3647 1009 3753 1079 70
3780 1009 4022 1069 dierum

2455 1116 2521 1176 in
2577 1116 2980 1189 Thebaidem,
3044 1132 3159 1195 per
3213 1112 3615 1175 solitudinem
3682 1108 4023 1189 profectus,

2459 1216 2761 1295 pervenit.
2800 1216 2914 1276 Ubi
2961 1232 3155 1294 quum
3199 1213 3264 1274 in
3307 1210 3754 1273 monasterium
3790 1208 4029 1269 Taben-

2460 1316 2836 1376 nesiotarum
2879 1316 3168 1385 venisset,
3218 1311 3621 1377 Pachomium
3670 1325 3887 1370 eorum
3936 1325 4028 1367 ar-

2459 1414 2935 1476 chimandritam
2995 1413 3333 1493 quaesivit,
3398 1412 3594 1470 virum
3662 1408 4024 1486 probatissi-

2459 1533 2654 1587 mum,
2698 1515 2806 1593 qui
2846 1515 3101 1591 gratiam
3154 1512 3523 1592 prOphetiae
3580 1509 3869 1570 habebat.
3920 1509 4028 1569 Cui

2458 1621 2666 1675 tamen
2706 1613 3038 1675 Macarium
3084 1629 3379 1688 magnum
3424 1628 3560 1670 esse
3606 1608 4031 1670 abscondeba-

2460 1718 2580 1772 tur.
2622 1714 2778 1773 Eum
2822 1713 3008 1789 igitur
3055 1729 3197 1772 cum
3244 1712 3545 1771 Macarius
3584 1708 3977 1770 convenisset
4012 1726 4023 1765 :

794 1821 983 1884 quam
1031 1802 1319 1882 apparuit
1358 1797 1689 1860 multitudo
1728 1796 2132 1866 bubalorum;
2183 1811 2360 1873 repe-
2389 1812 2479 1895 Β(

2342 1828 2360 1838 ·
2389 1836 2433 1895 Β
2461 1811 2579 1873 Oro
2609 1818 2691 1885 te,
2721 1812 2942 1891 inquit,
2979 1810 3254 1883 domine,
3289 1809 3536 1888 suscipe
3566 1824 3665 1869 me
3696 1809 3761 1868 in
3806 1823 4027 1867 mona-

794 1909 1039 1968 riuntur
1085 1903 1251 1965 enim
1298 1903 1365 1962 in
1408 1900 1529 1961 illis
1578 1898 1960 1976 regionibus.
2017 1897 2064 1955 E
2106 1896 2355 1974 quibus,

794 2009 1015 2080 aiebat,
1048 2022 1171 2066 una
1216 2002 1475 2064 vitulum
1520 2000 1758 2060 habens
1795 1996 1949 2057 mihi
1995 2012 2071 2057 ex
2101 1996 2360 2056 adverso

796 2109 980 2169 stetit.
1031 2106 1212 2166 Cuius
1247 2108 1491 2165 uterum
1542 2117 1735 2179 quum
1776 2098 1933 2160 lacte
1975 2097 2167 2157 fluere
2198 2095 2363 2156 vide-

799 2224 952 2279 rem,
986 2203 1243 2276 accessi,
1276 2208 1335 2263 et
1365 2216 1563 2279 usque
1596 2199 1672 2259 ad
1711 2197 2053 2259 satietatem
2098 2196 2362 2257 nutritus

798 2326 954 2368 sum.
1001 2310 1085 2367 Ac
1112 2304 1319 2364 divino
1362 2299 1560 2361 iussui
1612 2314 1839 2378 parens
1885 2312 1985 2357 me
2032 2301 2238 2356 secuta
2270 2299 2363 2355 est

799 2424 1000 2487 usque
1027 2405 1104 2466 ad
1135 2402 1379 2473 cellam,
1424 2406 1484 2459 et
1514 2415 1613 2459 me
1648 2398 1902 2476 quidem
1940 2394 2214 2466 nutrivit,
2247 2410 2359 2453 ne-

799 2524 923 2587 que
954 2522 1099 2567 vero
1130 2501 1384 2564 vitulum
1426 2517 1605 2561 suum
1644 2497 1891 2558 admisit

881 2675 907 2705 α
957 2651 1193 2709 Rursus
1247 2646 1397 2707 alias
1452 2643 1553 2704 hic
1611 2642 1831 2701 virtute
1889 2638 2204 2719 praeditus
2250 2638 2361 2711 vir,

800 2767 997 2830 quum
1046 2763 1248 2827 prepe
1294 2744 1441 2805 folia
1490 2750 1550 2804 et
1595 2748 1904 2802 sarmenta
1950 2747 2209 2819 puteum
2265 2738 2363 2798 fo-

801 2852 975 2911 deret
997 2846 1063 2907 in
1084 2844 1532 2906 recreationem
1554 2838 2031 2911 monachorum,
2056 2837 2133 2897 ab
2152 2836 2367 2914 aspide

802 2964 1049 3009 morsus
1080 2951 1192 3005 est.
1224 2941 1399 3014 Quod
1434 2938 1658 3001 animal
1705 2938 1889 2998 letale
1918 2952 2229 2996 venenum
2265 2934 2370 2995 ha-

802 3048 928 3108 bet.
963 3048 1433 3124 Apprenensam
1474 3040 1662 3116 igitur
1702 3055 1735 3099 a
1765 3036 2048 3097 faucibus
2087 3037 2368 3115 aspidem

2461 1912 2717 1973 sterium
2746 1918 2945 1983 tuum,
2980 1918 3045 1971 ut
3078 1910 3421 1972 monachus
3453 1911 3616 1971 fiam.
3648 1909 3757 1970 Cui
3787 1907 4031 1969 Pacho-

2460 2015 2622 2074 mius
2651 2031 2662 2072 ;
2696 2017 2906 2073 Aetate
2948 2020 3074 2072 tam
3112 2021 3443 2091 provectus
3480 2011 3589 2090 qui
3623 2010 3923 2087 deinceps
3970 2003 4032 2068 t'e

2462 2131 2754 2175 exercere
2784 2112 3065 2193 poteris?
3096 2116 3334 2174 Fratres
3360 2131 3394 2174 a
3420 2114 3739 2173 iuventute
3771 2128 3836 2171 se
3858 2127 4036 2170 exer-

2462 2224 2626 2290 cent,
2664 2224 2725 2278 et
2760 2217 2827 2277 in
2868 2216 3188 2278 laboribus
3219 2215 3647 2288 adoleverunt,
3688 2229 3895 2291 neque
3934 2212 4030 2273 fee

2462 2326 2606 2379 runt
2637 2318 2937 2380 laborem.
2970 2320 3063 2378 Tu
3097 2334 3244 2377 vero
3293 2316 3407 2378 hac
3446 2323 3646 2377 aetate
3680 2333 3805 2379 non
3851 2322 4037 2394 potes

2462 2422 2769 2483 sustinere
2814 2423 3185 2482 tentationes
3216 2420 3695 2483 exercitationis.
3735 2419 4031 2481 Oﬁ‘ende-

2465 2524 2569 2597 ris,
2602 2524 2799 2585 exibis
2824 2530 2884 2585 et
2908 2522 3242 2584 maledices
3263 2523 3462 2583 nobis.
3479 2524 3695 2600 Neque
3718 2540 3859 2583 eum
3888 2541 4029 2583 sus-

2466 2624 2654 2703 cepit.
2715 2622 2824 2683 Ille
2864 2632 3071 2683 autem
3106 2622 3366 2701 perstitit
3410 2639 3479 2683 ac
3517 2621 3765 2682 ieiunus
3794 2639 4036 2683 reman-

2465 2726 2545 2786 sit
2592 2732 2833 2804 septem
2883 2724 3037 2785 dies.
3092 2724 3327 2784 Deinde
3374 2723 3675 2784 Macarius
3730 2740 3994 2799 magnur
4024 2773 4037 2782 .

2467 2827 2584 2896 Me,
2616 2824 2839 2902 inquit,
2873 2825 3143 2902 suscipe,
3180 2824 3361 2895 abba,
3405 2829 3464 2881 et
3496 2821 3613 2881 nisi
3650 2820 4036 2893 ieiunavero,

2468 2922 2627 2982 sicut
2666 2923 2779 2996 illi,
2825 2929 2885 2983 et
2923 2931 3216 3001 operatus
3243 2921 3445 2991 fuero,
3480 2936 3640 2998 quae
3673 2928 4040 2998 operantur,

2468 3026 2600 3081 tum
2634 3020 2779 3082 iube
2810 3038 2909 3081 me
2941 3021 3079 3081 eiici
3116 3038 3149 3080 e
3181 3020 3581 3081 monasterio.
3630 3021 3888 3097 Magnus
3920 3020 4042 3096 igi-

804 3121 1079 3208 sanctu—s—
1112 3143 1411 3204 ambabus
1471 3139 1757 3200 manibus
1819 3136 2178 3215 discerpsit,
2245 3144 2305 3196 et
2353 3154 2438 3226 τε
2471 3129 2572 3183 tur
2623 3121 2997 3226 PeChomiuS
3043 3122 3333 3183 fratribus
3390 3121 3721 3226 persuadet
3776 3128 3843 3182 ut
3894 3138 4042 3226 eum

806 3249 1029 3318 Quum,
1060 3243 1283 3321 inquit,
1318 3247 1379 3301 te
1416 3256 1542 3299 non
1572 3238 1808 3298 miserit
1841 3238 2137 3297 Dominus
2165 3254 2365 3311 meus,

807 3345 1126 3425 quomodo
1165 3357 1311 3404 ausa
1343 3357 1409 3400 es
1436 3338 1512 3400 ad
1543 3355 1643 3399 me
1677 3334 2018 3399 accedere?

886 3511 916 3545 σι
952 3487 1063 3547 Hie
1111 3484 1408 3546 Macarius
1454 3495 1716 3557 magnus
1762 3478 2033 3537 diversas
2081 3476 2267 3537 cellas
2304 3476 2369 3536 in

808 3586 1141 3649 solitudine
1168 3583 1405 3653 habuit,
1428 3582 1492 3640 in
1513 3579 1739 3657 quibus
1772 3577 2105 3638 certamina
2133 3577 2370 3636 virtutis

808 3688 1050 3769 peregit
1084 3705 1094 3745 :
1129 3701 1314 3745 unam
1358 3680 1611 3760 quidem
1658 3679 1719 3737 in
1758 3681 1957 3750 Scete,
2000 3693 2159 3755 quae
2200 3677 2371 3752 regio

810 3796 903 3849 est
934 3789 997 3847 in
1032 3785 1327 3846 interiore
1365 3788 1527 3842 vasta
1558 3778 1916 3849 solitudine,
1944 3794 2132 3837 unam
2165 3776 2229 3835 in
2272 3776 2369 3835 Li-

808 3894 930 3964 bya
976 3895 1041 3946 In
1101 3886 1327 3956 Celliis,
1383 3898 1542 3959 quae
1599 3883 1912 3948 dicuntur,
1963 3889 2025 3936 et
2078 3888 2259 3936 aliam
2309 3884 2374 3936 in

810 3993 1024 4047 monte
1056 3985 1307 4044 Nitriae.
1346 3984 1431 4043 Ex
1471 3982 1699 4059 quibus
1744 3981 1899 4041 aliae
1930 3977 2181 4056 quidem
2215 3976 2374 4037 ostio

810 4085 1126 4154 carebant,
1159 4082 1221 4140 in
1272 4081 1499 4160 quibus
1540 4078 1838 4140 Macarius
1876 4076 2196 4137 dicebatur
2224 4080 2377 4135 tem-

810 4197 965 4259 pore
1004 4177 1515 4257 quadragesimae
1556 4176 1775 4237 sedere
1822 4175 1885 4234 in
1933 4174 2228 4234 tenebris.
2270 4171 2374 4231 Al-

810 4287 939 4340 tera
969 4284 1173 4339 autem
1202 4276 1357 4337 cella
1388 4276 1584 4335 multo
1618 4276 1939 4352 angustior
1965 4282 2093 4334 erat
2130 4273 2373 4344 ceteris,

810 4381 875 4439 in
906 4396 1028 4457 qua
1060 4394 1175 4437 nec
1224 4376 1449 4454 pedem
1499 4375 1834 4436 extendere
1882 4380 2143 4453 poterat.
2175 4374 2376 4432 Tertia

811 4495 958 4537 vero
989 4474 1255 4553 amplior
1282 4482 1433 4545 erat,
1480 4474 1545 4534 in
1584 4491 1706 4552 qua
1748 4475 1932 4534 etiam
1986 4490 2093 4534 eos
2142 4489 2370 4533 conve-
2405 4514 2449 4569 ι)

812 4578 1041 4647 niebat,
1077 4576 1179 4654 qui
1213 4575 1287 4634 ad
1320 4576 1524 4653 ipsum
1556 4573 1956 4635 ventitabant.

895 4746 922 4777 α
964 4723 1077 4783 Hic
1105 4722 1196 4781 vir
1232 4728 1478 4781 sanctus
1518 4726 1746 4779 tantam
1788 4717 2246 4779 multitudinem
2290 4736 2376 4778 sa-

813 4824 979 4884 navit
1010 4839 1250 4893 eorum,
1296 4821 1404 4898 qui
1452 4837 1483 4879 a
1534 4819 1945 4880 daemonibus
1974 4820 2374 4893 vexabantur,

812 4935 881 4986 ut
913 4942 1021 4985 eos
1075 4922 1461 4982 numerando
1510 4920 1675 4980 haud
1722 4920 1900 4981 facile
1950 4938 2375 4999 percenseres.

816 5027 1015 5095 Quum
1047 5040 1160 5083 nos
1186 5022 1566 5091 adessemus,
1600 5020 1676 5081 ad
1700 5020 1865 5081 hunc
1898 5028 2178 5081 sanctum
2208 5022 2378 5096 virgo

814 5122 1252 5184 Thessalonica
1300 5121 1582 5192 oriunda,
1642 5120 1867 5181 nobilis
1915 5138 2145 5198 genere
2204 5128 2263 5181 et
2317 5122 2379 5181 in

818 5224 932 5284 hac
978 5222 1097 5280 vita
1152 5221 1344 5292 dives,
1392 5228 1719 5299 apportata
1781 5228 1895 5294 est,
1958 5238 2119 5299 quae
2171 5222 2380 5282 multis

817 5324 995 5383 annis
1039 5320 1306 5401 paralysi
1352 5321 1692 5382 laborabat.
1742 5326 1940 5400 Atque
1977 5321 2054 5383 ad
2090 5340 2232 5383 eum
2278 5323 2382 5383 ad-

817 5424 999 5483 ducta
1042 5438 1238 5501 prope
1290 5420 1507 5482 cellam
1553 5423 1745 5483 sancti
1786 5423 2064 5501 proiecta
2108 5430 2218 5482 est.
2268 5424 2380 5495 Qui

817 5520 1239 5583 misericordia
1271 5527 1619 5581 commotus
1652 5540 1841 5599 quum
1876 5516 2095 5601 preCes
2114 5521 2381 5582 fundens

819 5629 879 5682 et
935 5620 1076 5682 oleo
1134 5628 1347 5680 sancto
1404 5639 1539 5680 eam
1588 5622 1860 5700 prOpriis
1920 5622 2045 5681 suis
2094 5621 2382 5681 manibus

813 5739 1059 5800 ungens
1108 5721 1317 5796 viginti
1367 5723 1587 5783 diebus
1634 5740 1822 5802 super
1866 5741 2002 5784 eam
2058 5722 2274 5783 sedulo
2312 5740 2381 5784 ac

814 5823 1074 5885 mullum
1112 5830 1365 5896 orasset,
1418 5840 1627 5885 sanam
1675 5823 1737 5883 in
1769 5824 2072 5884 civitatem
2122 5824 2255 5883 eius
2289 5824 2379 5883 di-

2472 3223 2833 3302 suscipiant.
2866 3225 3217 3284 Conventus
3250 3230 3455 3283 autem
3486 3222 3651 3283 illius
3678 3222 4045 3283 monasterii

2471 3329 2713 3382 constat
2758 3321 2926 3383 mille
2972 3323 3442 3401 quadringentis
3476 3322 3621 3383 viris
3668 3322 3733 3382 in
3784 3322 4043 3383 hodier-

2471 3440 2621 3483 num
2673 3439 2872 3501 usque
2923 3422 3110 3482 diem.
3169 3424 3301 3482 Hoc
3356 3423 3543 3498 igitur
3599 3422 4047 3482 monasterium

2471 3522 2769 3583 Macarius
2808 3538 3070 3599 magnus
3115 3522 3381 3582 intravit.
3416 3521 3592 3582 Brevi
3637 3530 3842 3581 autem
3881 3530 4046 3581 tem-

2474 3640 2628 3701 pore
2677 3629 2818 3701 post
2869 3630 2999 3683 erat
3054 3623 3546 3701 quadragesima.
3603 3627 3688 3684 Ac
3745 3623 4053 3684 Macarius

2472 3740 2758 3800 magnus,
2815 3741 3007 3801 quum
3066 3724 3319 3784 vidisset
3381 3741 3897 3801 unumquemque
3948 3724 4051 3784 di-

2476 3841 2648 3885 versa
2697 3824 3045 3903 suscepisse
3083 3825 3327 3885 vivendi
3358 3824 3654 3897 instituta,
3689 3823 3879 3884 alium
3901 3824 4051 3903 qui-

2476 3925 2618 3985 dem
2659 3943 2940 4004 vespere,
2982 3926 3172 3986 alium
3219 3934 3360 4004 post
3414 3926 3603 3998 duos,
3657 3925 3848 3985 alium
3904 3934 4057 4003 post

2476 4026 2756 4104 quinque
2808 4026 2939 4087 dies
2984 4026 3345 4098 comedere,
3400 4025 3587 4086 alium
3644 4026 3827 4086 etiam
3885 4033 4055 4086 stare

2478 4142 2592 4204 per
2625 4132 2815 4185 totam
2868 4131 3139 4196 noctem,
3182 4124 3455 4184 interdiu
3502 4131 3709 4184 autem
3758 4124 3834 4183 ad
3884 4140 4056 4202 opus

2478 4224 2734 4284 sedere:
2801 4224 2956 4301 ipse,
3019 4242 3211 4302 quum
3271 4240 3476 4283 ramos
3525 4222 3643 4283 sibi
3701 4222 4057 4301 palmarum

2478 4327 2706 4387 multos
2761 4325 3225 4398 madefecisset,
3277 4326 3341 4383 in
3396 4322 3626 4401 angulo
3681 4340 3809 4383 uno
3859 4325 4055 4396 stetit,

2480 4440 2710 4502 neque,
2742 4423 2944 4484 donec
2981 4422 3450 4500 quadragesima
3486 4419 3742 4501 impleta
3788 4426 3954 4479 esset
3992 4429 4059 4480 et

2479 4524 2710 4603 pascha
2752 4524 3120 4595 advenisset,
3156 4540 3375 4601 panem
3409 4538 3613 4599 neque
3644 4538 3869 4598 aquam
3902 4521 4056 4580 teti-

2479 4624 2586 4700 git,
2642 4640 2847 4702 neque
2897 4641 3061 4699 genu
3107 4623 3297 4695 ﬂexit,
3352 4639 3557 4700 neque
3607 4622 3788 4694 sedit,
3841 4637 4060 4698 neque

2478 4725 2788 4797 accubuit,
2829 4742 3034 4802 neque
3068 4724 3324 4784 omnino
3355 4722 3520 4783 aliud
3555 4722 3893 4801 quidquam
3934 4738 4059 4797 gu-

2481 4827 2678 4898 stavit,
2713 4827 2832 4886 nisi
2863 4826 3053 4886 cruda
3081 4825 3362 4885 crambes
3394 4824 3565 4897 folia,
3595 4842 3754 4903 quae
3785 4827 4064 4904 sumpsit

2481 4926 2581 4987 die
2622 4927 2954 4997 dominica,
3000 4934 3061 4985 ut
3110 4927 3422 4987 videretur
3464 4927 3797 4987 comedere
3842 4945 4063 5006 neque

2480 5026 2543 5086 in
2563 5025 2835 5104 aliquam
2853 5025 2929 5085 de
2955 5044 3019 5085 se
3037 5026 3400 5104 Opinionem
3416 5025 3742 5087 incideret.
3760 5030 3988 5104 Atque,
4007 5030 4063 5087 si

2482 5125 2733 5203 quando
2774 5132 3031 5204 prOpter
3079 5125 3508 5185 necessitatem
3541 5141 3715 5185 suam
3763 5125 4063 5201 egredie-

2482 5224 2683 5299 batur,
2718 5226 2898 5286 citius
2936 5226 3295 5303 regrediens
3330 5226 3492 5283 stetit
3517 5223 3593 5285 ad
3640 5242 3801 5303 opus
3831 5243 4066 5286 manus

2482 5342 2654 5398 suae,
2713 5342 2919 5404 neque
2983 5342 3053 5385 os
3106 5324 3367 5403 aperuit,
3421 5342 3535 5385 nec
3574 5342 3771 5404 pauca
3806 5323 4065 5387 locutus

2483 5442 2599 5486 nec
2650 5426 2863 5497 multa,
2897 5427 3003 5486 sed
3053 5426 3215 5486 stetit
3273 5426 3483 5486 silens.
3534 5427 3751 5505 Neque
3792 5444 4065 5506 prorsus

2483 5525 2647 5585 aliud
2671 5526 3033 5605 quidquam,
3066 5526 3181 5586 nisi
3214 5526 3559 5586 orationem
3590 5527 3712 5604 egit
3739 5525 3803 5587 in
3834 5528 4060 5599 corde,

2485 5632 2545 5685 et
2586 5643 2790 5687 ramos
2832 5627 3111 5687 tractavit
3146 5644 3305 5705 quos
3334 5627 3598 5688 habebat
3630 5628 3695 5687 in
3735 5628 4061 5690 manibus.

2482 5728 2648 5787 Haec
2676 5734 2883 5787 autem
2914 5744 3131 5788 omnes
3162 5728 3599 5788 exercitatores
3627 5727 3791 5789 illius
3821 5746 4058 5789 mona-

2490 5828 2655 5888 sterii
2697 5846 2889 5906 quum
2930 5829 3259 5902 vidissent,
3308 5830 3779 5891 insurrexerunt
3824 5828 4061 5894 adver-
