  <div class='ocr_page' id='page_1' title='image "/cluster/home/n/w/nwhite01/storage/ocr_20150623/34/nnc1.0046978860/044.png"; bbox 0 0 4266 6360; ppageno 0'>
   <div class='ocr_carea' id='block_1_1' title="bbox 212 359 1897 444">
    <p class='ocr_par' dir='ltr' id='par_1_1' title="bbox 212 359 1890 421">
     <span class='ocr_line' id='line_1_1' title="bbox 212 359 1890 421; baseline 0.003 -7"><span class='ocrx_word' id='word_1_1' title='bbox 212 359 281 415; x_wconf 79' lang='lat'>69</span> <span class='ocrx_word' id='word_1_2' title='bbox 1731 362 1890 421; x_wconf 72' lang='lat' dir='ltr'>&quot;TA</span> 
     </span>
    </p>
   </div>
   <div class='ocr_carea' id='block_1_2' title="bbox 1758 359 3443 444">
    <p class='ocr_par' dir='ltr' id='par_1_2' title="bbox 1758 363 3443 444">
     <span class='ocr_line' id='line_1_2' title="bbox 1758 363 3443 444; baseline 0.016 -27"><span class='ocrx_word' id='word_1_3' title='bbox 1758 363 1955 423; x_wconf 69' lang='lat' dir='ltr'>VITAE.</span> <span class='ocrx_word' id='word_1_4' title='bbox 3373 383 3443 444; x_wconf 75' lang='grc' dir='ltr'>το</span> 
     </span>
    </p>
   </div>
   <div class='ocr_carea' id='block_1_3' title="bbox 212 474 3439 580">
    <p class='ocr_par' dir='ltr' id='par_1_3' title="bbox 212 474 3439 580">
     <span class='ocr_line' id='line_1_3' title="bbox 212 474 3439 580; baseline 0.009 -45"><span class='ocrx_word' id='word_1_5' title='bbox 212 490 315 537; x_wconf 90' lang='lat' dir='ltr'>sus</span> <span class='ocrx_word' id='word_1_6' title='bbox 336 474 717 555; x_wconf 74' lang='lat' dir='ltr'>praefectum</span> <span class='ocrx_word' id='word_1_7' title='bbox 741 493 920 538; x_wconf 88' lang='lat' dir='ltr'>suum</span> <span class='ocrx_word' id='word_1_8' title='bbox 942 484 1127 555; x_wconf 81' lang='lat' dir='ltr'>atque</span> <span class='ocrx_word' id='word_1_9' title='bbox 1154 495 1167 537; x_wconf 88' lang='lat'><strong>:</strong></span> <span class='ocrx_word' id='word_1_10' title='bbox 1191 478 1292 548; x_wconf 83' lang='lat'><strong>71</strong></span> <span class='ocrx_word' id='word_1_11' title='bbox 1313 479 1659 553; x_wconf 89' lang='lat' dir='ltr'>Undenam,</span> <span class='ocrx_word' id='word_1_12' title='bbox 1684 482 1777 542; x_wconf 86' lang='lat' dir='ltr'>in—</span> <span class='ocrx_word' id='word_1_13' title='bbox 1806 490 1847 545; x_wconf 76' lang='grc' dir='ltr'><strong>Α</strong></span> <span class='ocrx_word' id='word_1_14' title='bbox 1879 502 2014 547; x_wconf 89' lang='lat' dir='ltr'>sum</span> <span class='ocrx_word' id='word_1_15' title='bbox 2036 506 2107 550; x_wconf 86' lang='lat' dir='ltr'>es</span> <span class='ocrx_word' id='word_1_16' title='bbox 2135 496 2329 556; x_wconf 85' lang='lat' dir='ltr'>totum</span> <span class='ocrx_word' id='word_1_17' title='bbox 2354 505 2682 578; x_wconf 85' lang='lat' dir='ltr'>appareret</span> <span class='ocrx_word' id='word_1_18' title='bbox 2708 498 2772 561; x_wconf 92' lang='lat' dir='ltr'>in</span> <span class='ocrx_word' id='word_1_19' title='bbox 2795 500 3045 563; x_wconf 80' lang='lat' dir='ltr'>vertice.</span> <span class='ocrx_word' id='word_1_20' title='bbox 3070 502 3285 580; x_wconf 83' lang='lat' dir='ltr'>Neque</span> <span class='ocrx_word' id='word_1_21' title='bbox 3298 518 3439 565; x_wconf 88' lang='lat' dir='ltr'>eum</span> 
     </span>
    </p>
   </div>
   <div class='ocr_carea' id='block_1_4' title="bbox 211 573 1767 653">
    <p class='ocr_par' dir='ltr' id='par_1_4' title="bbox 211 573 1767 653">
     <span class='ocr_line' id='line_1_4' title="bbox 211 573 1767 653; baseline 0.003 -20"><span class='ocrx_word' id='word_1_22' title='bbox 211 574 455 653; x_wconf 86' lang='lat' dir='ltr'>quiunt,</span> <span class='ocrx_word' id='word_1_23' title='bbox 498 574 679 634; x_wconf 90' lang='lat' dir='ltr'>nobis</span> <span class='ocrx_word' id='word_1_24' title='bbox 708 573 1019 636; x_wconf 79' lang='lat' dir='ltr'>adduxisti</span> <span class='ocrx_word' id='word_1_25' title='bbox 1054 574 1224 637; x_wconf 90' lang='lat' dir='ltr'>hunc</span> <span class='ocrx_word' id='word_1_26' title='bbox 1265 575 1585 637; x_wconf 85' lang='lat' dir='ltr'>hominem</span> <span class='ocrx_word' id='word_1_27' title='bbox 1629 583 1767 638; x_wconf 88' lang='lat' dir='ltr'>tan-</span> 
     </span>
    </p>
   </div>
   <div class='ocr_carea' id='block_1_5' title="bbox 209 672 1772 751">
    <p class='ocr_par' dir='ltr' id='par_1_5' title="bbox 209 672 1772 751">
     <span class='ocr_line' id='line_1_5' title="bbox 209 672 1772 751; baseline 0.002 -18"><span class='ocrx_word' id='word_1_28' title='bbox 209 690 391 751; x_wconf 87' lang='lat' dir='ltr'>quam</span> <span class='ocrx_word' id='word_1_29' title='bbox 436 673 573 732; x_wconf 89' lang='lat' dir='ltr'>sine</span> <span class='ocrx_word' id='word_1_30' title='bbox 614 690 802 733; x_wconf 91' lang='lat' dir='ltr'>carne</span> <span class='ocrx_word' id='word_1_31' title='bbox 841 673 1174 751; x_wconf 84' lang='lat' dir='ltr'>degentem</span> <span class='ocrx_word' id='word_1_32' title='bbox 1213 672 1286 734; x_wconf 94' lang='lat' dir='ltr'>ad</span> <span class='ocrx_word' id='word_1_33' title='bbox 1320 681 1593 735; x_wconf 90' lang='lat' dir='ltr'>nostram</span> <span class='ocrx_word' id='word_1_34' title='bbox 1624 692 1772 736; x_wconf 90' lang='lat' dir='ltr'>con-</span> 
     </span>
    </p>
   </div>
   <div class='ocr_carea' id='block_1_6' title="bbox 207 771 1773 848">
    <p class='ocr_par' dir='ltr' id='par_1_6' title="bbox 207 771 1773 848">
     <span class='ocr_line' id='line_1_6' title="bbox 207 771 1773 848; baseline 0.002 -15"><span class='ocrx_word' id='word_1_35' title='bbox 207 771 716 834; x_wconf 87' lang='lat' dir='ltr'>demnationem?</span> <span class='ocrx_word' id='word_1_36' title='bbox 747 777 864 835; x_wconf 86' lang='lat' dir='ltr'>Aut</span> <span class='ocrx_word' id='word_1_37' title='bbox 894 791 1037 835; x_wconf 91' lang='lat' dir='ltr'>eum</span> <span class='ocrx_word' id='word_1_38' title='bbox 1069 773 1218 835; x_wconf 91' lang='lat' dir='ltr'>hinc</span> <span class='ocrx_word' id='word_1_39' title='bbox 1265 773 1444 848; x_wconf 90' lang='lat' dir='ltr'>eiice,</span> <span class='ocrx_word' id='word_1_40' title='bbox 1474 780 1580 836; x_wconf 92' lang='lat' dir='ltr'>aut</span> <span class='ocrx_word' id='word_1_41' title='bbox 1609 775 1773 836; x_wconf 85' lang='lat' dir='ltr'>bene</span> 
     </span>
    </p>
   </div>
   <div class='ocr_carea' id='block_1_7' title="bbox 204 871 1765 947">
    <p class='ocr_par' dir='ltr' id='par_1_7' title="bbox 204 871 1765 947">
     <span class='ocr_line' id='line_1_7' title="bbox 204 871 1765 947; baseline 0.002 -12"><span class='ocrx_word' id='word_1_42' title='bbox 204 874 381 947; x_wconf 91' lang='lat' dir='ltr'>scito,</span> <span class='ocrx_word' id='word_1_43' title='bbox 416 891 531 935; x_wconf 91' lang='lat' dir='ltr'>nos</span> <span class='ocrx_word' id='word_1_44' title='bbox 562 891 781 935; x_wconf 90' lang='lat' dir='ltr'>omnes</span> <span class='ocrx_word' id='word_1_45' title='bbox 815 871 961 937; x_wconf 91' lang='lat' dir='ltr'>hinc</span> <span class='ocrx_word' id='word_1_46' title='bbox 999 874 1187 935; x_wconf 89' lang='lat' dir='ltr'>hodie</span> <span class='ocrx_word' id='word_1_47' title='bbox 1218 892 1355 935; x_wconf 90' lang='lat' dir='ltr'>esse</span> <span class='ocrx_word' id='word_1_48' title='bbox 1386 893 1765 938; x_wconf 84' lang='lat' dir='ltr'>recessuros.</span> 
     </span>
    </p>
   </div>
   <div class='ocr_carea' id='block_1_8' title="bbox 205 969 1767 1053">
    <p class='ocr_par' dir='ltr' id='par_1_8' title="bbox 205 969 1767 1053">
     <span class='ocr_line' id='line_1_8' title="bbox 205 969 1767 1053; baseline 0.003 -19"><span class='ocrx_word' id='word_1_49' title='bbox 205 975 366 1046; x_wconf 80' lang='lat' dir='ltr'>Quae</span> <span class='ocrx_word' id='word_1_50' title='bbox 414 991 609 1053; x_wconf 83' lang='lat' dir='ltr'>quum</span> <span class='ocrx_word' id='word_1_51' title='bbox 660 969 1032 1037; x_wconf 87' lang='lat' dir='ltr'>Pachomius</span> <span class='ocrx_word' id='word_1_52' title='bbox 1070 992 1336 1053; x_wconf 90' lang='lat' dir='ltr'>magnus</span> <span class='ocrx_word' id='word_1_53' title='bbox 1378 993 1415 1037; x_wconf 91' lang='lat' dir='ltr'>a</span> <span class='ocrx_word' id='word_1_54' title='bbox 1469 975 1767 1038; x_wconf 79' lang='lat' dir='ltr'>fratribus</span> 
     </span>
    </p>
   </div>
   <div class='ocr_carea' id='block_1_9' title="bbox 203 1073 1768 1155">
    <p class='ocr_par' dir='ltr' id='par_1_9' title="bbox 203 1073 1768 1155">
     <span class='ocr_line' id='line_1_9' title="bbox 203 1073 1768 1155; baseline 0.003 -22"><span class='ocrx_word' id='word_1_55' title='bbox 203 1073 518 1145; x_wconf 87' lang='lat' dir='ltr'>audiisset,</span> <span class='ocrx_word' id='word_1_56' title='bbox 544 1074 891 1135; x_wconf 86' lang='lat' dir='ltr'>sciscitatus</span> <span class='ocrx_word' id='word_1_57' title='bbox 920 1078 1013 1137; x_wconf 89' lang='lat' dir='ltr'>est</span> <span class='ocrx_word' id='word_1_58' title='bbox 1040 1075 1117 1137; x_wconf 91' lang='lat' dir='ltr'>de</span> <span class='ocrx_word' id='word_1_59' title='bbox 1150 1092 1249 1137; x_wconf 92' lang='lat' dir='ltr'>eo.</span> <span class='ocrx_word' id='word_1_60' title='bbox 1281 1078 1352 1136; x_wconf 85' lang='lat' dir='ltr'>Et</span> <span class='ocrx_word' id='word_1_61' title='bbox 1381 1094 1575 1155; x_wconf 92' lang='lat' dir='ltr'>quum</span> <span class='ocrx_word' id='word_1_62' title='bbox 1603 1076 1768 1139; x_wconf 90' lang='lat' dir='ltr'>didi-</span> 
     </span>
    </p>
   </div>
   <div class='ocr_carea' id='block_1_10' title="bbox 202 1174 1769 1257">
    <p class='ocr_par' dir='ltr' id='par_1_10' title="bbox 202 1174 1769 1257">
     <span class='ocr_line' id='line_1_10' title="bbox 202 1174 1769 1257; baseline 0.001 -20"><span class='ocrx_word' id='word_1_63' title='bbox 202 1176 387 1237; x_wconf 82' lang='lat' dir='ltr'>cisset</span> <span class='ocrx_word' id='word_1_64' title='bbox 410 1176 543 1237; x_wconf 87' lang='lat' dir='ltr'>eius</span> <span class='ocrx_word' id='word_1_65' title='bbox 563 1174 721 1237; x_wconf 80' lang='lat' dir='ltr'>vitae</span> <span class='ocrx_word' id='word_1_66' title='bbox 742 1176 1041 1247; x_wconf 88' lang='lat' dir='ltr'>instituta,</span> <span class='ocrx_word' id='word_1_67' title='bbox 1058 1177 1253 1237; x_wconf 90' lang='lat' dir='ltr'>Deum</span> <span class='ocrx_word' id='word_1_68' title='bbox 1285 1177 1501 1250; x_wconf 91' lang='lat' dir='ltr'>oravit,</span> <span class='ocrx_word' id='word_1_69' title='bbox 1517 1182 1608 1251; x_wconf 92' lang='lat' dir='ltr'>ut,</span> <span class='ocrx_word' id='word_1_70' title='bbox 1626 1178 1769 1257; x_wconf 87' lang='lat' dir='ltr'>quis</span> 
     </span>
    </p>
   </div>
   <div class='ocr_carea' id='block_1_11' title="bbox 202 1274 1765 1349">
    <p class='ocr_par' dir='ltr' id='par_1_11' title="bbox 202 1274 1765 1349">
     <span class='ocr_line' id='line_1_11' title="bbox 202 1274 1765 1349; baseline 0.001 -12"><span class='ocrx_word' id='word_1_71' title='bbox 202 1282 385 1348; x_wconf 87' lang='lat' dir='ltr'>esset,</span> <span class='ocrx_word' id='word_1_72' title='bbox 416 1274 533 1336; x_wconf 92' lang='lat' dir='ltr'>sibi</span> <span class='ocrx_word' id='word_1_73' title='bbox 568 1275 964 1336; x_wconf 87' lang='lat' dir='ltr'>revelaretur.</span> <span class='ocrx_word' id='word_1_74' title='bbox 997 1274 1359 1340; x_wconf 88' lang='lat' dir='ltr'>Revelatum</span> <span class='ocrx_word' id='word_1_75' title='bbox 1387 1283 1480 1337; x_wconf 92' lang='lat' dir='ltr'>est</span> <span class='ocrx_word' id='word_1_76' title='bbox 1509 1278 1587 1349; x_wconf 90' lang='lat' dir='ltr'>ei,</span> <span class='ocrx_word' id='word_1_77' title='bbox 1637 1279 1765 1338; x_wconf 83' lang='lat' dir='ltr'>Ma-</span> 
     </span>
    </p>
   </div>
   <div class='ocr_carea' id='block_1_12' title="bbox 201 1376 1766 1439">
    <p class='ocr_par' dir='ltr' id='par_1_12' title="bbox 201 1376 1766 1439">
     <span class='ocr_line' id='line_1_12' title="bbox 201 1376 1766 1439; baseline 0.001 -1"><span class='ocrx_word' id='word_1_78' title='bbox 201 1376 435 1438; x_wconf 88' lang='lat' dir='ltr'>carium</span> <span class='ocrx_word' id='word_1_79' title='bbox 462 1376 836 1438; x_wconf 89' lang='lat' dir='ltr'>monachum</span> <span class='ocrx_word' id='word_1_80' title='bbox 859 1392 1019 1437; x_wconf 89' lang='lat' dir='ltr'>esse.</span> <span class='ocrx_word' id='word_1_81' title='bbox 1037 1376 1191 1436; x_wconf 92' lang='lat' dir='ltr'>Tum</span> <span class='ocrx_word' id='word_1_82' title='bbox 1224 1376 1766 1439; x_wconf 88' lang='lat' dir='ltr'>dominusPacho-</span> 
     </span>
    </p>
   </div>
   <div class='ocr_carea' id='block_1_13' title="bbox 201 1474 1765 1555">
    <p class='ocr_par' dir='ltr' id='par_1_13' title="bbox 201 1474 1765 1555">
     <span class='ocr_line' id='line_1_13' title="bbox 201 1474 1765 1555; baseline 0.002 -19"><span class='ocrx_word' id='word_1_83' title='bbox 201 1477 358 1537; x_wconf 87' lang='lat' dir='ltr'>mius</span> <span class='ocrx_word' id='word_1_84' title='bbox 405 1479 538 1537; x_wconf 90' lang='lat' dir='ltr'>eius</span> <span class='ocrx_word' id='word_1_85' title='bbox 584 1494 836 1537; x_wconf 90' lang='lat' dir='ltr'>manum</span> <span class='ocrx_word' id='word_1_86' title='bbox 890 1474 1225 1555; x_wconf 83' lang='lat' dir='ltr'>prehendit</span> <span class='ocrx_word' id='word_1_87' title='bbox 1272 1493 1543 1555; x_wconf 90' lang='lat' dir='ltr'>eumque</span> <span class='ocrx_word' id='word_1_88' title='bbox 1600 1477 1765 1540; x_wconf 83' lang='lat' dir='ltr'>foras</span> 
     </span>
    </p>
   </div>
   <div class='ocr_carea' id='block_1_14' title="bbox 199 1574 1765 1655">
    <p class='ocr_par' dir='ltr' id='par_1_14' title="bbox 199 1574 1765 1655">
     <span class='ocr_line' id='line_1_14' title="bbox 199 1574 1765 1655; baseline 0.002 -19"><span class='ocrx_word' id='word_1_89' title='bbox 199 1576 440 1647; x_wconf 78' lang='lat' dir='ltr'>eduxit;</span> <span class='ocrx_word' id='word_1_90' title='bbox 485 1580 671 1655; x_wconf 89' lang='lat' dir='ltr'>atque</span> <span class='ocrx_word' id='word_1_91' title='bbox 703 1594 898 1654; x_wconf 91' lang='lat' dir='ltr'>quum</span> <span class='ocrx_word' id='word_1_92' title='bbox 927 1574 993 1635; x_wconf 89' lang='lat' dir='ltr'>in</span> <span class='ocrx_word' id='word_1_93' title='bbox 1031 1576 1287 1637; x_wconf 92' lang='lat' dir='ltr'>domum</span> <span class='ocrx_word' id='word_1_94' title='bbox 1335 1578 1611 1651; x_wconf 89' lang='lat' dir='ltr'>oratorii,</span> <span class='ocrx_word' id='word_1_95' title='bbox 1657 1579 1765 1640; x_wconf 93' lang='lat' dir='ltr'>ubi</span> 
     </span>
    </p>
   </div>
   <div class='ocr_carea' id='block_1_15' title="bbox 199 1673 1763 1755">
    <p class='ocr_par' dir='ltr' id='par_1_15' title="bbox 199 1673 1763 1755">
     <span class='ocr_line' id='line_1_15' title="bbox 199 1673 1763 1755; baseline 0.002 -20"><span class='ocrx_word' id='word_1_96' title='bbox 199 1683 289 1735; x_wconf 91' lang='lat' dir='ltr'>est</span> <span class='ocrx_word' id='word_1_97' title='bbox 336 1674 549 1747; x_wconf 90' lang='lat' dir='ltr'>altare,</span> <span class='ocrx_word' id='word_1_98' title='bbox 602 1691 745 1735; x_wconf 92' lang='lat' dir='ltr'>eum</span> <span class='ocrx_word' id='word_1_99' title='bbox 777 1673 1134 1736; x_wconf 90' lang='lat' dir='ltr'>deduxisset</span> <span class='ocrx_word' id='word_1_100' title='bbox 1162 1674 1613 1755; x_wconf 89' lang='lat' dir='ltr'>amplexusque</span> <span class='ocrx_word' id='word_1_101' title='bbox 1662 1695 1763 1738; x_wconf 86' lang='lat' dir='ltr'>es-</span> 
     </span>
    </p>
   </div>
   <div class='ocr_carea' id='block_1_16' title="bbox 198 1774 1763 1847">
    <p class='ocr_par' dir='ltr' id='par_1_16' title="bbox 198 1774 1763 1847">
     <span class='ocr_line' id='line_1_16' title="bbox 198 1774 1763 1847; baseline 0.002 -12"><span class='ocrx_word' id='word_1_102' title='bbox 198 1783 289 1835; x_wconf 91' lang='lat' dir='ltr'>set</span> <span class='ocrx_word' id='word_1_103' title='bbox 318 1793 329 1834; x_wconf 95' lang='lat'>:</span> <span class='ocrx_word' id='word_1_104' title='bbox 359 1776 555 1847; x_wconf 91' lang='lat' dir='ltr'>Tune,</span> <span class='ocrx_word' id='word_1_105' title='bbox 589 1775 696 1845; x_wconf 90' lang='lat' dir='ltr'>ait,</span> <span class='ocrx_word' id='word_1_106' title='bbox 730 1792 796 1835; x_wconf 91' lang='lat' dir='ltr'>es</span> <span class='ocrx_word' id='word_1_107' title='bbox 842 1775 1193 1836; x_wconf 86' lang='lat' dir='ltr'>venerande</span> <span class='ocrx_word' id='word_1_108' title='bbox 1223 1774 1459 1836; x_wconf 87' lang='lat' dir='ltr'>senex?</span> <span class='ocrx_word' id='word_1_109' title='bbox 1486 1779 1659 1838; x_wconf 92' lang='lat' dir='ltr'>Tune</span> <span class='ocrx_word' id='word_1_110' title='bbox 1695 1794 1763 1838; x_wconf 92' lang='lat' dir='ltr'>es</span> 
     </span>
    </p>
   </div>
   <div class='ocr_carea' id='block_1_17' title="bbox 195 1856 1834 1952">
    <p class='ocr_par' dir='ltr' id='par_1_17' title="bbox 195 1856 1834 1952">
     <span class='ocr_line' id='line_1_17' title="bbox 195 1856 1834 1952; baseline 0.002 -19"><span class='ocrx_word' id='word_1_111' title='bbox 195 1874 517 1946; x_wconf 83' lang='lat' dir='ltr'>Macarius,</span> <span class='ocrx_word' id='word_1_112' title='bbox 563 1873 756 1952; x_wconf 88' lang='lat' dir='ltr'>idque</span> <span class='ocrx_word' id='word_1_113' title='bbox 798 1872 1033 1946; x_wconf 91' lang='lat' dir='ltr'>celasti,</span> <span class='ocrx_word' id='word_1_114' title='bbox 1070 1890 1185 1935; x_wconf 91' lang='lat' dir='ltr'>nec</span> <span class='ocrx_word' id='word_1_115' title='bbox 1223 1874 1376 1934; x_wconf 89' lang='lat' dir='ltr'>mihi</span> <span class='ocrx_word' id='word_1_116' title='bbox 1414 1875 1761 1937; x_wconf 81' lang='lat' dir='ltr'>manifesta-</span> <span class='ocrx_word' id='word_1_117' title='bbox 1795 1856 1834 1907; x_wconf 70' lang='grc' dir='ltr'><strong>Β</strong></span> 
     </span>
    </p>
   </div>
   <div class='ocr_carea' id='block_1_18' title="bbox 194 1971 1760 2056">
    <p class='ocr_par' dir='ltr' id='par_1_18' title="bbox 194 1971 1760 2056">
     <span class='ocr_line' id='line_1_18' title="bbox 194 1971 1760 2056; baseline 0.004 -23"><span class='ocrx_word' id='word_1_118' title='bbox 194 1971 314 2034; x_wconf 87' lang='lat' dir='ltr'>sti?</span> <span class='ocrx_word' id='word_1_119' title='bbox 359 1975 448 2034; x_wconf 90' lang='lat' dir='ltr'>Ex</span> <span class='ocrx_word' id='word_1_120' title='bbox 498 1973 709 2034; x_wconf 90' lang='lat' dir='ltr'>multis</span> <span class='ocrx_word' id='word_1_121' title='bbox 756 1974 936 2034; x_wconf 90' lang='lat' dir='ltr'>annis</span> <span class='ocrx_word' id='word_1_122' title='bbox 976 1974 1144 2053; x_wconf 89' lang='lat' dir='ltr'>cupii</span> <span class='ocrx_word' id='word_1_123' title='bbox 1182 1980 1243 2036; x_wconf 92' lang='lat' dir='ltr'>te</span> <span class='ocrx_word' id='word_1_124' title='bbox 1289 1975 1521 2048; x_wconf 89' lang='lat' dir='ltr'>videre,</span> <span class='ocrx_word' id='word_1_125' title='bbox 1566 1996 1760 2056; x_wconf 89' lang='lat' dir='ltr'>quum</span> 
     </span>
    </p>
   </div>
   <div class='ocr_carea' id='block_1_19' title="bbox 195 2074 1761 2153">
    <p class='ocr_par' dir='ltr' id='par_1_19' title="bbox 195 2074 1761 2153">
     <span class='ocr_line' id='line_1_19' title="bbox 195 2074 1761 2153; baseline 0.001 -17"><span class='ocrx_word' id='word_1_126' title='bbox 195 2075 271 2136; x_wconf 90' lang='lat' dir='ltr'>de</span> <span class='ocrx_word' id='word_1_127' title='bbox 310 2080 371 2137; x_wconf 91' lang='lat' dir='ltr'>te</span> <span class='ocrx_word' id='word_1_128' title='bbox 398 2074 699 2136; x_wconf 86' lang='lat' dir='ltr'>audirem.</span> <span class='ocrx_word' id='word_1_129' title='bbox 739 2074 952 2135; x_wconf 91' lang='lat' dir='ltr'>Habeo</span> <span class='ocrx_word' id='word_1_130' title='bbox 980 2074 1094 2134; x_wconf 90' lang='lat' dir='ltr'>tibi</span> <span class='ocrx_word' id='word_1_131' title='bbox 1145 2074 1387 2152; x_wconf 84' lang='lat' dir='ltr'>gratias,</span> <span class='ocrx_word' id='word_1_132' title='bbox 1419 2076 1589 2153; x_wconf 90' lang='lat' dir='ltr'>quod</span> <span class='ocrx_word' id='word_1_133' title='bbox 1619 2077 1761 2138; x_wconf 91' lang='lat' dir='ltr'>sub-</span> 
     </span>
    </p>
   </div>
   <div class='ocr_carea' id='block_1_20' title="bbox 195 2174 1756 2254">
    <p class='ocr_par' dir='ltr' id='par_1_20' title="bbox 195 2174 1756 2254">
     <span class='ocr_line' id='line_1_20' title="bbox 195 2174 1756 2254; baseline 0.002 -17"><span class='ocrx_word' id='word_1_134' title='bbox 195 2177 396 2254; x_wconf 83' lang='lat' dir='ltr'>egeris</span> <span class='ocrx_word' id='word_1_135' title='bbox 441 2176 602 2238; x_wconf 84' lang='lat' dir='ltr'>ﬁlios</span> <span class='ocrx_word' id='word_1_136' title='bbox 641 2192 839 2249; x_wconf 87' lang='lat' dir='ltr'>meos,</span> <span class='ocrx_word' id='word_1_137' title='bbox 882 2192 963 2236; x_wconf 88' lang='lat' dir='ltr'>ne</span> <span class='ocrx_word' id='word_1_138' title='bbox 1004 2174 1125 2237; x_wconf 90' lang='lat' dir='ltr'>alte</span> <span class='ocrx_word' id='word_1_139' title='bbox 1170 2178 1440 2237; x_wconf 88' lang='lat' dir='ltr'>sentiant</span> <span class='ocrx_word' id='word_1_140' title='bbox 1465 2176 1543 2238; x_wconf 87' lang='lat' dir='ltr'>de</span> <span class='ocrx_word' id='word_1_141' title='bbox 1578 2195 1756 2240; x_wconf 86' lang='lat' dir='ltr'>exer-</span> 
     </span>
    </p>
   </div>
   <div class='ocr_carea' id='block_1_21' title="bbox 192 2275 1757 2351">
    <p class='ocr_par' dir='ltr' id='par_1_21' title="bbox 192 2275 1757 2351">
     <span class='ocr_line' id='line_1_21' title="bbox 192 2275 1757 2351; baseline 0.003 -14"><span class='ocrx_word' id='word_1_142' title='bbox 192 2276 483 2337; x_wconf 82' lang='lat' dir='ltr'>citatione</span> <span class='ocrx_word' id='word_1_143' title='bbox 549 2293 682 2337; x_wconf 89' lang='lat' dir='ltr'>sua.</span> <span class='ocrx_word' id='word_1_144' title='bbox 739 2276 916 2351; x_wconf 91' lang='lat' dir='ltr'>Rogo</span> <span class='ocrx_word' id='word_1_145' title='bbox 966 2280 1067 2348; x_wconf 90' lang='lat' dir='ltr'>te,</span> <span class='ocrx_word' id='word_1_146' title='bbox 1136 2275 1361 2337; x_wconf 85' lang='lat' dir='ltr'>recede</span> <span class='ocrx_word' id='word_1_147' title='bbox 1417 2276 1483 2337; x_wconf 90' lang='lat' dir='ltr'>in</span> <span class='ocrx_word' id='word_1_148' title='bbox 1548 2277 1757 2341; x_wconf 93' lang='lat' dir='ltr'>locum</span> 
     </span>
    </p>
   </div>
   <div class='ocr_carea' id='block_1_22' title="bbox 192 2374 1759 2458">
    <p class='ocr_par' dir='ltr' id='par_1_22' title="bbox 192 2374 1759 2458">
     <span class='ocr_line' id='line_1_22' title="bbox 192 2374 1759 2458; baseline 0.003 -23"><span class='ocrx_word' id='word_1_149' title='bbox 192 2383 403 2449; x_wconf 87' lang='lat' dir='ltr'>tuum;</span> <span class='ocrx_word' id='word_1_150' title='bbox 443 2394 560 2437; x_wconf 92' lang='lat' dir='ltr'>nos</span> <span class='ocrx_word' id='word_1_151' title='bbox 604 2375 772 2436; x_wconf 89' lang='lat' dir='ltr'>enim</span> <span class='ocrx_word' id='word_1_152' title='bbox 822 2374 966 2436; x_wconf 88' lang='lat' dir='ltr'>satis</span> <span class='ocrx_word' id='word_1_153' title='bbox 1013 2375 1380 2451; x_wconf 84' lang='lat' dir='ltr'>aediﬁcasti;</span> <span class='ocrx_word' id='word_1_154' title='bbox 1422 2384 1609 2458; x_wconf 90' lang='lat' dir='ltr'>atque</span> <span class='ocrx_word' id='word_1_155' title='bbox 1649 2397 1759 2440; x_wconf 86' lang='lat' dir='ltr'>ora</span> 
     </span>
    </p>
   </div>
   <div class='ocr_carea' id='block_1_23' title="bbox 190 2475 1757 2567">
    <p class='ocr_par' dir='ltr' id='par_1_23' title="bbox 190 2475 1757 2567">
     <span class='ocr_line' id='line_1_23' title="bbox 190 2475 1757 2567; baseline 0.003 -30"><span class='ocrx_word' id='word_1_156' title='bbox 190 2494 304 2557; x_wconf 92' lang='lat' dir='ltr'>pro</span> <span class='ocrx_word' id='word_1_157' title='bbox 343 2476 549 2538; x_wconf 88' lang='lat' dir='ltr'>nobis.</span> <span class='ocrx_word' id='word_1_158' title='bbox 583 2475 818 2567; x_wconf 77' lang='lat' dir='ltr'>Deinde</span> <span class='ocrx_word' id='word_1_159' title='bbox 853 2476 931 2537; x_wconf 89' lang='lat' dir='ltr'>ab</span> <span class='ocrx_word' id='word_1_160' title='bbox 974 2492 1050 2537; x_wconf 83' lang='lat' dir='ltr'>eo</span> <span class='ocrx_word' id='word_1_161' title='bbox 1088 2483 1362 2554; x_wconf 90' lang='lat' dir='ltr'>rogatus,</span> <span class='ocrx_word' id='word_1_162' title='bbox 1402 2480 1757 2557; x_wconf 83' lang='lat' dir='ltr'>petentibus</span> 
     </span>
    </p>
   </div>
   <div class='ocr_carea' id='block_1_24' title="bbox 191 2576 1419 2658">
    <p class='ocr_par' dir='ltr' id='par_1_24' title="bbox 191 2576 1419 2658">
     <span class='ocr_line' id='line_1_24' title="bbox 191 2576 1419 2658; baseline 0 -18"><span class='ocrx_word' id='word_1_163' title='bbox 191 2596 445 2658; x_wconf 88' lang='lat' dir='ltr'>quoque</span> <span class='ocrx_word' id='word_1_164' title='bbox 477 2578 766 2640; x_wconf 90' lang='lat' dir='ltr'>omnibus</span> <span class='ocrx_word' id='word_1_165' title='bbox 795 2576 1108 2653; x_wconf 86' lang='lat' dir='ltr'>fratribus,</span> <span class='ocrx_word' id='word_1_166' title='bbox 1140 2580 1419 2641; x_wconf 87' lang='lat' dir='ltr'>recessit.</span> 
     </span>
    </p>
   </div>
   <div class='ocr_carea' id='block_1_25' title="bbox 266 2687 1756 2775">
    <p class='ocr_par' dir='ltr' id='par_1_25' title="bbox 266 2687 1756 2775">
     <span class='ocr_line' id='line_1_25' title="bbox 266 2687 1756 2775; baseline 0.004 -26"><span class='ocrx_word' id='word_1_167' title='bbox 266 2691 504 2749; x_wconf 85' lang='lat' dir='ltr'>Rursus</span> <span class='ocrx_word' id='word_1_168' title='bbox 531 2688 680 2775; x_wconf 85' lang='lat' dir='ltr'>alias</span> <span class='ocrx_word' id='word_1_169' title='bbox 709 2687 810 2751; x_wconf 92' lang='lat' dir='ltr'>hic</span> <span class='ocrx_word' id='word_1_170' title='bbox 838 2689 932 2750; x_wconf 88' lang='lat' dir='ltr'>vir</span> <span class='ocrx_word' id='word_1_171' title='bbox 957 2689 1316 2770; x_wconf 89' lang='lat' dir='ltr'>impatibilis</span> <span class='ocrx_word' id='word_1_172' title='bbox 1346 2692 1529 2762; x_wconf 84' lang='lat' dir='ltr'>nobis</span> <span class='ocrx_word' id='word_1_173' title='bbox 1550 2710 1756 2755; x_wconf 90' lang='lat' dir='ltr'>narra-</span> 
     </span>
    </p>
   </div>
   <div class='ocr_carea' id='block_1_26' title="bbox 187 2790 1750 2870">
    <p class='ocr_par' dir='ltr' id='par_1_26' title="bbox 187 2790 1750 2870">
     <span class='ocr_line' id='line_1_26' title="bbox 187 2790 1750 2870; baseline 0.006 -21"><span class='ocrx_word' id='word_1_174' title='bbox 187 2792 270 2850; x_wconf 78' lang='lat' dir='ltr'>vit</span> <span class='ocrx_word' id='word_1_175' title='bbox 292 2809 303 2849; x_wconf 96' lang='lat'><strong>:</strong></span> <span class='ocrx_word' id='word_1_176' title='bbox 326 2790 544 2863; x_wconf 90' lang='lat' dir='ltr'>Omne,</span> <span class='ocrx_word' id='word_1_177' title='bbox 559 2790 783 2870; x_wconf 90' lang='lat' dir='ltr'>inquit,</span> <span class='ocrx_word' id='word_1_178' title='bbox 798 2791 956 2851; x_wconf 90' lang='lat' dir='ltr'>vitae</span> <span class='ocrx_word' id='word_1_179' title='bbox 969 2792 1750 2870; x_wconf 88' lang='lat' dir='ltr'>monachicaeinstitutum,</span> 
     </span>
    </p>
   </div>
   <div class='ocr_carea' id='block_1_27' title="bbox 187 2889 1752 2972">
    <p class='ocr_par' dir='ltr' id='par_1_27' title="bbox 187 2889 1752 2972">
     <span class='ocr_line' id='line_1_27' title="bbox 187 2889 1752 2972; baseline 0.006 -22"><span class='ocrx_word' id='word_1_180' title='bbox 187 2889 360 2968; x_wconf 85' lang='lat' dir='ltr'>quod</span> <span class='ocrx_word' id='word_1_181' title='bbox 413 2891 802 2968; x_wconf 89' lang='lat' dir='ltr'>expetebam,</span> <span class='ocrx_word' id='word_1_182' title='bbox 834 2900 1127 2972; x_wconf 90' lang='lat' dir='ltr'>expertus</span> <span class='ocrx_word' id='word_1_183' title='bbox 1167 2892 1244 2953; x_wconf 89' lang='lat' dir='ltr'>ad</span> <span class='ocrx_word' id='word_1_184' title='bbox 1290 2893 1457 2956; x_wconf 86' lang='lat' dir='ltr'>aliud</span> <span class='ocrx_word' id='word_1_185' title='bbox 1504 2899 1752 2959; x_wconf 81' lang='lat' dir='ltr'>tandem</span> 
     </span>
    </p>
   </div>
   <div class='ocr_carea' id='block_1_28' title="bbox 187 2988 1751 3068">
    <p class='ocr_par' dir='ltr' id='par_1_28' title="bbox 187 2988 1751 3068">
     <span class='ocr_line' id='line_1_28' title="bbox 187 2988 1751 3068; baseline 0.006 -19"><span class='ocrx_word' id='word_1_186' title='bbox 187 2988 509 3068; x_wconf 86' lang='lat' dir='ltr'>spirituale</span> <span class='ocrx_word' id='word_1_187' title='bbox 566 2989 944 3053; x_wconf 88' lang='lat' dir='ltr'>desiderium</span> <span class='ocrx_word' id='word_1_188' title='bbox 997 2993 1163 3054; x_wconf 90' lang='lat' dir='ltr'>veni.</span> <span class='ocrx_word' id='word_1_189' title='bbox 1214 2995 1405 3055; x_wconf 91' lang='lat' dir='ltr'>Statui</span> <span class='ocrx_word' id='word_1_190' title='bbox 1458 2998 1625 3058; x_wconf 90' lang='lat' dir='ltr'>enim</span> <span class='ocrx_word' id='word_1_191' title='bbox 1674 3000 1751 3059; x_wconf 88' lang='lat' dir='ltr'>ad</span> 
     </span>
    </p>
   </div>
   <div class='ocr_carea' id='block_1_29' title="bbox 186 3089 1753 3169">
    <p class='ocr_par' dir='ltr' id='par_1_29' title="bbox 186 3089 1753 3169">
     <span class='ocr_line' id='line_1_29' title="bbox 186 3089 1753 3169; baseline 0.008 -20"><span class='ocrx_word' id='word_1_192' title='bbox 186 3089 307 3150; x_wconf 86' lang='lat' dir='ltr'>tale</span> <span class='ocrx_word' id='word_1_193' title='bbox 338 3107 603 3169; x_wconf 91' lang='lat' dir='ltr'>operum</span> <span class='ocrx_word' id='word_1_194' title='bbox 640 3089 1017 3153; x_wconf 90' lang='lat' dir='ltr'>desiderium</span> <span class='ocrx_word' id='word_1_195' title='bbox 1058 3096 1377 3158; x_wconf 85' lang='lat' dir='ltr'>accedere.</span> <span class='ocrx_word' id='word_1_196' title='bbox 1418 3098 1621 3167; x_wconf 86' lang='lat' dir='ltr'>Volui,</span> <span class='ocrx_word' id='word_1_197' title='bbox 1660 3101 1753 3161; x_wconf 91' lang='lat' dir='ltr'>in-</span> 
     </span>
    </p>
   </div>
   <div class='ocr_carea' id='block_1_30' title="bbox 184 3191 1819 3271">
    <p class='ocr_par' dir='ltr' id='par_1_30' title="bbox 184 3191 1819 3271">
     <span class='ocr_line' id='line_1_30' title="bbox 184 3191 1819 3271; baseline 0.007 -20"><span class='ocrx_word' id='word_1_198' title='bbox 184 3191 339 3271; x_wconf 87' lang='lat' dir='ltr'>quit,</span> <span class='ocrx_word' id='word_1_199' title='bbox 368 3192 647 3271; x_wconf 90' lang='lat' dir='ltr'>quinque</span> <span class='ocrx_word' id='word_1_200' title='bbox 677 3192 811 3254; x_wconf 91' lang='lat' dir='ltr'>dies</span> <span class='ocrx_word' id='word_1_201' title='bbox 842 3193 1037 3256; x_wconf 92' lang='lat' dir='ltr'>solam</span> <span class='ocrx_word' id='word_1_202' title='bbox 1070 3205 1345 3259; x_wconf 88' lang='lat' dir='ltr'>mentem</span> <span class='ocrx_word' id='word_1_203' title='bbox 1366 3217 1571 3261; x_wconf 87' lang='lat' dir='ltr'>meam</span> <span class='ocrx_word' id='word_1_204' title='bbox 1604 3201 1747 3262; x_wconf 85' lang='lat' dir='ltr'>red-</span> <span class='ocrx_word' id='word_1_205' title='bbox 1776 3191 1819 3248; x_wconf 75' lang='grc' dir='ltr'>ο</span> 
     </span>
    </p>
   </div>
   <div class='ocr_carea' id='block_1_31' title="bbox 185 3292 1749 3380">
    <p class='ocr_par' dir='ltr' id='par_1_31' title="bbox 185 3292 1749 3380">
     <span class='ocr_line' id='line_1_31' title="bbox 185 3292 1749 3380; baseline 0.008 -28"><span class='ocrx_word' id='word_1_206' title='bbox 185 3292 333 3353; x_wconf 87' lang='lat' dir='ltr'>dere</span> <span class='ocrx_word' id='word_1_207' title='bbox 360 3309 396 3354; x_wconf 88' lang='lat' dir='ltr'>a</span> <span class='ocrx_word' id='word_1_208' title='bbox 427 3293 555 3353; x_wconf 91' lang='lat' dir='ltr'>Deo</span> <span class='ocrx_word' id='word_1_209' title='bbox 574 3293 977 3368; x_wconf 89' lang='lat' dir='ltr'>individuam,</span> <span class='ocrx_word' id='word_1_210' title='bbox 994 3314 1199 3376; x_wconf 87' lang='lat' dir='ltr'>neque</span> <span class='ocrx_word' id='word_1_211' title='bbox 1220 3299 1383 3359; x_wconf 87' lang='lat' dir='ltr'>aliud</span> <span class='ocrx_word' id='word_1_212' title='bbox 1408 3301 1749 3380; x_wconf 86' lang='lat' dir='ltr'>quidquam</span> 
     </span>
    </p>
   </div>
   <div class='ocr_carea' id='block_1_32' title="bbox 186 3391 1749 3473">
    <p class='ocr_par' dir='ltr' id='par_1_32' title="bbox 186 3391 1749 3473">
     <span class='ocr_line' id='line_1_32' title="bbox 186 3391 1749 3473; baseline 0.008 -22"><span class='ocrx_word' id='word_1_213' title='bbox 186 3391 446 3452; x_wconf 88' lang='lat' dir='ltr'>omnino</span> <span class='ocrx_word' id='word_1_214' title='bbox 470 3392 762 3469; x_wconf 90' lang='lat' dir='ltr'>cogitare,</span> <span class='ocrx_word' id='word_1_215' title='bbox 796 3395 906 3455; x_wconf 89' lang='lat' dir='ltr'>sed</span> <span class='ocrx_word' id='word_1_216' title='bbox 950 3396 1006 3456; x_wconf 92' lang='lat' dir='ltr'>ei</span> <span class='ocrx_word' id='word_1_217' title='bbox 1036 3398 1533 3461; x_wconf 88' lang='lat' dir='ltr'>soliadhaerere.</span> <span class='ocrx_word' id='word_1_218' title='bbox 1572 3402 1749 3473; x_wconf 87' lang='lat' dir='ltr'>Quod</span> 
     </span>
    </p>
   </div>
   <div class='ocr_carea' id='block_1_33' title="bbox 184 3491 1749 3580">
    <p class='ocr_par' dir='ltr' id='par_1_33' title="bbox 184 3491 1749 3580">
     <span class='ocr_line' id='line_1_33' title="bbox 184 3491 1749 3580; baseline 0.009 -32"><span class='ocrx_word' id='word_1_219' title='bbox 184 3506 377 3568; x_wconf 91' lang='lat' dir='ltr'>quum</span> <span class='ocrx_word' id='word_1_220' title='bbox 399 3491 565 3568; x_wconf 88' lang='lat' dir='ltr'>apud</span> <span class='ocrx_word' id='word_1_221' title='bbox 589 3508 686 3552; x_wconf 89' lang='lat' dir='ltr'>me</span> <span class='ocrx_word' id='word_1_222' title='bbox 707 3493 1080 3569; x_wconf 87' lang='lat' dir='ltr'>statuissem,</span> <span class='ocrx_word' id='word_1_223' title='bbox 1096 3496 1314 3558; x_wconf 88' lang='lat' dir='ltr'>cellam</span> <span class='ocrx_word' id='word_1_224' title='bbox 1338 3516 1539 3573; x_wconf 88' lang='lat' dir='ltr'>meam</span> <span class='ocrx_word' id='word_1_225' title='bbox 1561 3509 1749 3580; x_wconf 91' lang='lat' dir='ltr'>atque</span> 
     </span>
    </p>
   </div>
   <div class='ocr_carea' id='block_1_34' title="bbox 183 3590 1750 3667">
    <p class='ocr_par' dir='ltr' id='par_1_34' title="bbox 183 3590 1750 3667">
     <span class='ocr_line' id='line_1_34' title="bbox 183 3590 1750 3667; baseline 0.01 -18"><span class='ocrx_word' id='word_1_226' title='bbox 183 3590 569 3651; x_wconf 78' lang='lat' dir='ltr'>extrinsecus</span> <span class='ocrx_word' id='word_1_227' title='bbox 605 3591 807 3653; x_wconf 90' lang='lat' dir='ltr'>aulam</span> <span class='ocrx_word' id='word_1_228' title='bbox 844 3593 1059 3667; x_wconf 86' lang='lat' dir='ltr'>clausi,</span> <span class='ocrx_word' id='word_1_229' title='bbox 1099 3602 1167 3656; x_wconf 92' lang='lat' dir='ltr'>ut</span> <span class='ocrx_word' id='word_1_230' title='bbox 1208 3598 1363 3659; x_wconf 91' lang='lat' dir='ltr'>nulli</span> <span class='ocrx_word' id='word_1_231' title='bbox 1398 3602 1750 3665; x_wconf 89' lang='lat' dir='ltr'>advenienti</span> 
     </span>
    </p>
   </div>
   <div class='ocr_carea' id='block_1_35' title="bbox 180 3691 1743 3778">
    <p class='ocr_par' dir='ltr' id='par_1_35' title="bbox 180 3691 1743 3778">
     <span class='ocr_line' id='line_1_35' title="bbox 180 3691 1743 3778; baseline 0.01 -29"><span class='ocrx_word' id='word_1_232' title='bbox 180 3706 555 3767; x_wconf 86' lang='lat' dir='ltr'>responsum</span> <span class='ocrx_word' id='word_1_233' title='bbox 570 3691 777 3753; x_wconf 89' lang='lat' dir='ltr'>darem</span> <span class='ocrx_word' id='word_1_234' title='bbox 791 3740 803 3752; x_wconf 93' lang='lat'>.</span> <span class='ocrx_word' id='word_1_235' title='bbox 818 3697 901 3755; x_wconf 85' lang='lat' dir='ltr'>Ac</span> <span class='ocrx_word' id='word_1_236' title='bbox 914 3698 1185 3760; x_wconf 90' lang='lat' dir='ltr'>stetiinci</span> <span class='ocrx_word' id='word_1_237' title='bbox 1192 3700 1371 3778; x_wconf 90' lang='lat' dir='ltr'>piens</span> <span class='ocrx_word' id='word_1_238' title='bbox 1391 3718 1425 3761; x_wconf 89' lang='lat' dir='ltr'>a</span> <span class='ocrx_word' id='word_1_239' title='bbox 1447 3704 1743 3778; x_wconf 89' lang='lat' dir='ltr'>secunda,</span> 
     </span>
    </p>
   </div>
   <div class='ocr_carea' id='block_1_36' title="bbox 176 3790 1745 3873">
    <p class='ocr_par' dir='ltr' id='par_1_36' title="bbox 176 3790 1745 3873">
     <span class='ocr_line' id='line_1_36' title="bbox 176 3790 1745 3873; baseline 0.01 -25"><span class='ocrx_word' id='word_1_240' title='bbox 176 3790 375 3850; x_wconf 86' lang='lat' dir='ltr'>menti</span> <span class='ocrx_word' id='word_1_241' title='bbox 422 3808 599 3852; x_wconf 88' lang='lat' dir='ltr'>meae</span> <span class='ocrx_word' id='word_1_242' title='bbox 635 3794 1031 3873; x_wconf 84' lang='lat' dir='ltr'>praecipiens</span> <span class='ocrx_word' id='word_1_243' title='bbox 1074 3804 1135 3858; x_wconf 90' lang='lat' dir='ltr'>et</span> <span class='ocrx_word' id='word_1_244' title='bbox 1172 3800 1386 3861; x_wconf 88' lang='lat' dir='ltr'>dicens</span> <span class='ocrx_word' id='word_1_245' title='bbox 1422 3819 1435 3860; x_wconf 93' lang='lat'><strong>:</strong></span> <span class='ocrx_word' id='word_1_246' title='bbox 1474 3802 1627 3863; x_wconf 87' lang='lat' dir='ltr'>Vide</span> <span class='ocrx_word' id='word_1_247' title='bbox 1668 3822 1745 3865; x_wconf 90' lang='lat' dir='ltr'>ne</span> 
     </span>
    </p>
   </div>
   <div class='ocr_carea' id='block_1_37' title="bbox 174 3888 1740 3974">
    <p class='ocr_par' dir='ltr' id='par_1_37' title="bbox 174 3888 1740 3974">
     <span class='ocr_line' id='line_1_37' title="bbox 174 3888 1740 3974; baseline 0.011 -27"><span class='ocrx_word' id='word_1_248' title='bbox 174 3888 524 3950; x_wconf 82' lang='lat' dir='ltr'>descendas</span> <span class='ocrx_word' id='word_1_249' title='bbox 559 3906 593 3951; x_wconf 91' lang='lat' dir='ltr'>e</span> <span class='ocrx_word' id='word_1_250' title='bbox 634 3892 858 3966; x_wconf 92' lang='lat' dir='ltr'>coelis;</span> <span class='ocrx_word' id='word_1_251' title='bbox 906 3894 993 3955; x_wconf 91' lang='lat' dir='ltr'>ibi</span> <span class='ocrx_word' id='word_1_252' title='bbox 1027 3898 1283 3974; x_wconf 87' lang='lat' dir='ltr'>angelos</span> <span class='ocrx_word' id='word_1_253' title='bbox 1322 3899 1512 3962; x_wconf 91' lang='lat' dir='ltr'>habes</span> <span class='ocrx_word' id='word_1_254' title='bbox 1558 3910 1617 3963; x_wconf 92' lang='lat' dir='ltr'>et</span> <span class='ocrx_word' id='word_1_255' title='bbox 1643 3922 1740 3964; x_wconf 67' lang='lat' dir='ltr'>at&quot;</span> 
     </span>
    </p>
   </div>
   <div class='ocr_carea' id='block_1_38' title="bbox 176 3988 1743 4075">
    <p class='ocr_par' dir='ltr' id='par_1_38' title="bbox 176 3988 1743 4075">
     <span class='ocr_line' id='line_1_38' title="bbox 176 3988 1743 4075; baseline 0.011 -27"><span class='ocrx_word' id='word_1_256' title='bbox 176 3988 543 4066; x_wconf 88' lang='lat' dir='ltr'>changelos,</span> <span class='ocrx_word' id='word_1_257' title='bbox 588 4009 891 4071; x_wconf 90' lang='lat' dir='ltr'>supernas</span> <span class='ocrx_word' id='word_1_258' title='bbox 924 4004 1281 4075; x_wconf 88' lang='lat' dir='ltr'>potestates,</span> <span class='ocrx_word' id='word_1_259' title='bbox 1316 4001 1642 4063; x_wconf 89' lang='lat' dir='ltr'>Cherubim</span> <span class='ocrx_word' id='word_1_260' title='bbox 1673 4023 1743 4067; x_wconf 91' lang='lat' dir='ltr'>ac</span> 
     </span>
    </p>
   </div>
   <div class='ocr_carea' id='block_1_39' title="bbox 178 4090 1739 4170">
    <p class='ocr_par' dir='ltr' id='par_1_39' title="bbox 178 4090 1739 4170">
     <span class='ocr_line' id='line_1_39' title="bbox 178 4090 1739 4170; baseline 0.012 -22"><span class='ocrx_word' id='word_1_261' title='bbox 178 4090 532 4170; x_wconf 89' lang='lat' dir='ltr'>Seraphim,</span> <span class='ocrx_word' id='word_1_262' title='bbox 566 4092 758 4154; x_wconf 91' lang='lat' dir='ltr'>Deum</span> <span class='ocrx_word' id='word_1_263' title='bbox 788 4094 1014 4157; x_wconf 88' lang='lat' dir='ltr'>horum</span> <span class='ocrx_word' id='word_1_264' title='bbox 1045 4100 1324 4160; x_wconf 90' lang='lat' dir='ltr'>omnium</span> <span class='ocrx_word' id='word_1_265' title='bbox 1358 4103 1739 4166; x_wconf 71' lang='lat' dir='ltr'>effectorem.</span> 
     </span>
    </p>
   </div>
   <div class='ocr_carea' id='block_1_40' title="bbox 172 4188 1744 4275">
    <p class='ocr_par' dir='ltr' id='par_1_40' title="bbox 172 4188 1744 4275">
     <span class='ocr_line' id='line_1_40' title="bbox 172 4188 1744 4275; baseline 0.011 -26"><span class='ocrx_word' id='word_1_266' title='bbox 172 4188 305 4251; x_wconf 89' lang='lat' dir='ltr'>Illic</span> <span class='ocrx_word' id='word_1_267' title='bbox 340 4208 603 4253; x_wconf 88' lang='lat' dir='ltr'>versare.</span> <span class='ocrx_word' id='word_1_268' title='bbox 629 4196 719 4255; x_wconf 89' lang='lat' dir='ltr'>Ne</span> <span class='ocrx_word' id='word_1_269' title='bbox 749 4195 865 4255; x_wconf 92' lang='lat' dir='ltr'>sub</span> <span class='ocrx_word' id='word_1_270' title='bbox 888 4198 1132 4259; x_wconf 87' lang='lat' dir='ltr'>coelum</span> <span class='ocrx_word' id='word_1_271' title='bbox 1154 4200 1528 4275; x_wconf 88' lang='lat' dir='ltr'>descendas;</span> <span class='ocrx_word' id='word_1_272' title='bbox 1556 4223 1634 4267; x_wconf 91' lang='lat' dir='ltr'>ne</span> <span class='ocrx_word' id='word_1_273' title='bbox 1653 4206 1744 4266; x_wconf 88' lang='lat' dir='ltr'>in—</span> 
     </span>
    </p>
   </div>
   <div class='ocr_carea' id='block_1_41' title="bbox 172 4290 1737 4384">
    <p class='ocr_par' dir='ltr' id='par_1_41' title="bbox 172 4290 1737 4384">
     <span class='ocr_line' id='line_1_41' title="bbox 172 4290 1737 4384; baseline 0.012 -36"><span class='ocrx_word' id='word_1_274' title='bbox 172 4290 345 4351; x_wconf 89' lang='lat' dir='ltr'>cidas</span> <span class='ocrx_word' id='word_1_275' title='bbox 386 4290 452 4351; x_wconf 92' lang='lat' dir='ltr'>in</span> <span class='ocrx_word' id='word_1_276' title='bbox 489 4294 835 4355; x_wconf 89' lang='lat' dir='ltr'>mundanas</span> <span class='ocrx_word' id='word_1_277' title='bbox 864 4297 1294 4373; x_wconf 80' lang='lat' dir='ltr'>cogitationes.</span> <span class='ocrx_word' id='word_1_278' title='bbox 1345 4304 1465 4371; x_wconf 90' lang='lat' dir='ltr'>Sic,</span> <span class='ocrx_word' id='word_1_279' title='bbox 1515 4306 1737 4384; x_wconf 90' lang='lat' dir='ltr'>inquit,</span> 
     </span>
    </p>
   </div>
   <div class='ocr_carea' id='block_1_42' title="bbox 171 4391 1737 4485">
    <p class='ocr_par' dir='ltr' id='par_1_42' title="bbox 171 4391 1737 4485">
     <span class='ocr_line' id='line_1_42' title="bbox 171 4391 1737 4485; baseline 0.011 -35"><span class='ocrx_word' id='word_1_280' title='bbox 171 4406 369 4468; x_wconf 89' lang='lat' dir='ltr'>quum</span> <span class='ocrx_word' id='word_1_281' title='bbox 393 4391 639 4453; x_wconf 90' lang='lat' dir='ltr'>duobus</span> <span class='ocrx_word' id='word_1_282' title='bbox 670 4394 889 4457; x_wconf 90' lang='lat' dir='ltr'>diebus</span> <span class='ocrx_word' id='word_1_283' title='bbox 920 4414 991 4457; x_wconf 92' lang='lat' dir='ltr'>ac</span> <span class='ocrx_word' id='word_1_284' title='bbox 1014 4398 1254 4460; x_wconf 88' lang='lat' dir='ltr'>duabus</span> <span class='ocrx_word' id='word_1_285' title='bbox 1276 4403 1561 4464; x_wconf 91' lang='lat' dir='ltr'>noctibus</span> <span class='ocrx_word' id='word_1_286' title='bbox 1592 4424 1737 4485; x_wconf 54' lang='lat' dir='ltr'>pera</span> 
     </span>
    </p>
   </div>
   <div class='ocr_carea' id='block_1_43' title="bbox 168 4492 1813 4580">
    <p class='ocr_par' dir='ltr' id='par_1_43' title="bbox 168 4492 1813 4580">
     <span class='ocr_line' id='line_1_43' title="bbox 168 4492 1813 4580; baseline 0.012 -32"><span class='ocrx_word' id='word_1_287' title='bbox 168 4492 684 4565; x_wconf 86' lang='lat' dir='ltr'>severassem,ita</span> <span class='ocrx_word' id='word_1_288' title='bbox 712 4492 1084 4556; x_wconf 89' lang='lat' dir='ltr'>daemonem</span> <span class='ocrx_word' id='word_1_289' title='bbox 1113 4498 1365 4567; x_wconf 86' lang='lat' dir='ltr'>irritavi,</span> <span class='ocrx_word' id='word_1_290' title='bbox 1400 4508 1465 4561; x_wconf 91' lang='lat' dir='ltr'>ut</span> <span class='ocrx_word' id='word_1_291' title='bbox 1488 4504 1730 4568; x_wconf 87' lang='lat' dir='ltr'>ﬂamma</span> <span class='ocrx_word' id='word_1_292' title='bbox 1767 4523 1813 4580; x_wconf 83' lang='grc' dir='ltr'>ι)</span> 
     </span>
    </p>
   </div>
   <div class='ocr_carea' id='block_1_44' title="bbox 166 4590 1735 4676">
    <p class='ocr_par' dir='ltr' id='par_1_44' title="bbox 166 4590 1735 4676">
     <span class='ocr_line' id='line_1_44' title="bbox 166 4590 1735 4676; baseline 0.011 -27"><span class='ocrx_word' id='word_1_293' title='bbox 166 4590 331 4667; x_wconf 88' lang='lat' dir='ltr'>ignis</span> <span class='ocrx_word' id='word_1_294' title='bbox 369 4590 568 4664; x_wconf 83' lang='lat' dir='ltr'>fieret,</span> <span class='ocrx_word' id='word_1_295' title='bbox 604 4592 885 4672; x_wconf 90' lang='lat' dir='ltr'>mihique</span> <span class='ocrx_word' id='word_1_296' title='bbox 925 4597 1155 4670; x_wconf 92' lang='lat' dir='ltr'>omnia,</span> <span class='ocrx_word' id='word_1_297' title='bbox 1210 4616 1367 4676; x_wconf 91' lang='lat' dir='ltr'>quae</span> <span class='ocrx_word' id='word_1_298' title='bbox 1414 4602 1477 4661; x_wconf 89' lang='lat' dir='ltr'>in</span> <span class='ocrx_word' id='word_1_299' title='bbox 1516 4604 1735 4667; x_wconf 87' lang='lat' dir='ltr'>cellula</span> 
     </span>
    </p>
   </div>
   <div class='ocr_carea' id='block_1_45' title="bbox 166 4692 1733 4785">
    <p class='ocr_par' dir='ltr' id='par_1_45' title="bbox 166 4692 1733 4785">
     <span class='ocr_line' id='line_1_45' title="bbox 166 4692 1733 4785; baseline 0.011 -35"><span class='ocrx_word' id='word_1_300' title='bbox 166 4698 369 4764; x_wconf 89' lang='lat' dir='ltr'>erant,</span> <span class='ocrx_word' id='word_1_301' title='bbox 395 4692 812 4766; x_wconf 90' lang='lat' dir='ltr'>combureret,</span> <span class='ocrx_word' id='word_1_302' title='bbox 846 4695 922 4755; x_wconf 90' lang='lat' dir='ltr'>ita</span> <span class='ocrx_word' id='word_1_303' title='bbox 947 4703 1014 4756; x_wconf 92' lang='lat' dir='ltr'>ut</span> <span class='ocrx_word' id='word_1_304' title='bbox 1040 4699 1223 4759; x_wconf 90' lang='lat' dir='ltr'>etiam</span> <span class='ocrx_word' id='word_1_305' title='bbox 1257 4707 1483 4773; x_wconf 91' lang='lat' dir='ltr'>storea,</span> <span class='ocrx_word' id='word_1_306' title='bbox 1513 4705 1576 4765; x_wconf 93' lang='lat' dir='ltr'>in</span> <span class='ocrx_word' id='word_1_307' title='bbox 1615 4726 1733 4785; x_wconf 89' lang='lat' dir='ltr'>qua</span> 
     </span>
    </p>
   </div>
   <div class='ocr_carea' id='block_1_46' title="bbox 164 4794 1731 4883">
    <p class='ocr_par' dir='ltr' id='par_1_46' title="bbox 164 4794 1731 4883">
     <span class='ocr_line' id='line_1_46' title="bbox 164 4794 1731 4883; baseline 0.011 -32"><span class='ocrx_word' id='word_1_308' title='bbox 164 4794 431 4862; x_wconf 86' lang='lat' dir='ltr'>stabam,</span> <span class='ocrx_word' id='word_1_309' title='bbox 464 4803 988 4867; x_wconf 90' lang='lat' dir='ltr'>concremaretur,</span> <span class='ocrx_word' id='word_1_310' title='bbox 1020 4805 1081 4857; x_wconf 92' lang='lat' dir='ltr'>et</span> <span class='ocrx_word' id='word_1_311' title='bbox 1108 4798 1194 4859; x_wconf 91' lang='lat' dir='ltr'>sic</span> <span class='ocrx_word' id='word_1_312' title='bbox 1225 4817 1324 4861; x_wconf 90' lang='lat' dir='ltr'>me</span> <span class='ocrx_word' id='word_1_313' title='bbox 1355 4820 1609 4883; x_wconf 90' lang='lat' dir='ltr'>quoque</span> <span class='ocrx_word' id='word_1_314' title='bbox 1634 4815 1731 4868; x_wconf 90' lang='lat' dir='ltr'>to-</span> 
     </span>
    </p>
   </div>
   <div class='ocr_carea' id='block_1_47' title="bbox 163 4890 1733 4969">
    <p class='ocr_par' dir='ltr' id='par_1_47' title="bbox 163 4890 1733 4969">
     <span class='ocr_line' id='line_1_47' title="bbox 163 4890 1733 4969; baseline 0.013 -21"><span class='ocrx_word' id='word_1_315' title='bbox 163 4898 297 4949; x_wconf 91' lang='lat' dir='ltr'>tum</span> <span class='ocrx_word' id='word_1_316' title='bbox 349 4890 529 4951; x_wconf 86' lang='lat' dir='ltr'>aduri</span> <span class='ocrx_word' id='word_1_317' title='bbox 573 4892 1008 4955; x_wconf 78' lang='lat' dir='ltr'>existimarem.</span> <span class='ocrx_word' id='word_1_318' title='bbox 1074 4898 1462 4963; x_wconf 90' lang='lat' dir='ltr'>Postremum</span> <span class='ocrx_word' id='word_1_319' title='bbox 1512 4906 1733 4969; x_wconf 91' lang='lat' dir='ltr'>timore</span> 
     </span>
    </p>
   </div>
   <div class='ocr_carea' id='block_1_48' title="bbox 161 4990 1731 5079">
    <p class='ocr_par' dir='ltr' id='par_1_48' title="bbox 161 4990 1731 5079">
     <span class='ocr_line' id='line_1_48' title="bbox 161 4990 1731 5079; baseline 0.013 -31"><span class='ocrx_word' id='word_1_320' title='bbox 161 4990 430 5050; x_wconf 70' lang='lat' dir='ltr'>affectus</span> <span class='ocrx_word' id='word_1_321' title='bbox 449 4992 631 5052; x_wconf 90' lang='lat' dir='ltr'>tertio</span> <span class='ocrx_word' id='word_1_322' title='bbox 652 4992 751 5053; x_wconf 91' lang='lat' dir='ltr'>die</span> <span class='ocrx_word' id='word_1_323' title='bbox 774 4992 980 5053; x_wconf 87' lang='lat' dir='ltr'>destiti</span> <span class='ocrx_word' id='word_1_324' title='bbox 1003 4995 1080 5055; x_wconf 90' lang='lat' dir='ltr'>ab</span> <span class='ocrx_word' id='word_1_325' title='bbox 1100 4995 1219 5058; x_wconf 92' lang='lat' dir='ltr'>hoc</span> <span class='ocrx_word' id='word_1_326' title='bbox 1244 5004 1568 5079; x_wconf 84' lang='lat' dir='ltr'>prOposito</span> <span class='ocrx_word' id='word_1_327' title='bbox 1592 5025 1731 5069; x_wconf 90' lang='lat' dir='ltr'>meo</span> 
     </span>
    </p>
   </div>
   <div class='ocr_carea' id='block_1_49' title="bbox 159 5080 1729 5177">
    <p class='ocr_par' dir='ltr' id='par_1_49' title="bbox 159 5080 1729 5177">
     <span class='ocr_line' id='line_1_49' title="bbox 159 5080 1729 5177; baseline 0.013 -31"><span class='ocrx_word' id='word_1_328' title='bbox 159 5080 377 5166; x_wconf 86' lang='lat' dir='ltr'>atque,</span> <span class='ocrx_word' id='word_1_329' title='bbox 412 5106 607 5167; x_wconf 89' lang='lat' dir='ltr'>quum</span> <span class='ocrx_word' id='word_1_330' title='bbox 641 5099 913 5152; x_wconf 90' lang='lat' dir='ltr'>mentem</span> <span class='ocrx_word' id='word_1_331' title='bbox 947 5110 1147 5156; x_wconf 90' lang='lat' dir='ltr'>meam</span> <span class='ocrx_word' id='word_1_332' title='bbox 1173 5098 1440 5177; x_wconf 88' lang='lat' dir='ltr'>amplius</span> <span class='ocrx_word' id='word_1_333' title='bbox 1458 5103 1729 5167; x_wconf 77' lang='lat' dir='ltr'>indivul~</span> 
     </span>
    </p>
   </div>
   <div class='ocr_carea' id='block_1_50' title="bbox 156 5193 1729 5268">
    <p class='ocr_par' dir='ltr' id='par_1_50' title="bbox 156 5193 1729 5268">
     <span class='ocr_line' id='line_1_50' title="bbox 156 5193 1729 5268; baseline 0.014 -25"><span class='ocrx_word' id='word_1_334' title='bbox 156 5203 293 5246; x_wconf 89' lang='lat' dir='ltr'>sam</span> <span class='ocrx_word' id='word_1_335' title='bbox 324 5194 543 5247; x_wconf 88' lang='lat' dir='ltr'>tenere</span> <span class='ocrx_word' id='word_1_336' title='bbox 574 5204 700 5248; x_wconf 89' lang='lat' dir='ltr'>non</span> <span class='ocrx_word' id='word_1_337' title='bbox 728 5208 999 5268; x_wconf 88' lang='lat' dir='ltr'>possem,</span> <span class='ocrx_word' id='word_1_338' title='bbox 1033 5193 1328 5257; x_wconf 87' lang='lat' dir='ltr'>descendi</span> <span class='ocrx_word' id='word_1_339' title='bbox 1352 5199 1415 5259; x_wconf 90' lang='lat' dir='ltr'>in</span> <span class='ocrx_word' id='word_1_340' title='bbox 1447 5211 1729 5265; x_wconf 89' lang='lat' dir='ltr'>contem-</span> 
     </span>
    </p>
   </div>
   <div class='ocr_carea' id='block_1_51' title="bbox 155 5284 1728 5381">
    <p class='ocr_par' dir='ltr' id='par_1_51' title="bbox 155 5284 1728 5381">
     <span class='ocr_line' id='line_1_51' title="bbox 155 5284 1728 5381; baseline 0.014 -39"><span class='ocrx_word' id='word_1_341' title='bbox 155 5284 508 5361; x_wconf 89' lang='lat' dir='ltr'>plationem</span> <span class='ocrx_word' id='word_1_342' title='bbox 532 5285 716 5347; x_wconf 91' lang='lat' dir='ltr'>huius</span> <span class='ocrx_word' id='word_1_343' title='bbox 749 5290 986 5360; x_wconf 90' lang='lat' dir='ltr'>mundi,</span> <span class='ocrx_word' id='word_1_344' title='bbox 1025 5292 1129 5362; x_wconf 76' lang='lat'><strong>72</strong></span> <span class='ocrx_word' id='word_1_345' title='bbox 1154 5309 1231 5354; x_wconf 90' lang='lat' dir='ltr'>ne</span> <span class='ocrx_word' id='word_1_346' title='bbox 1262 5295 1323 5357; x_wconf 90' lang='lat' dir='ltr'>id</span> <span class='ocrx_word' id='word_1_347' title='bbox 1358 5298 1510 5359; x_wconf 90' lang='lat' dir='ltr'>mihi</span> <span class='ocrx_word' id='word_1_348' title='bbox 1540 5319 1728 5381; x_wconf 80' lang='lat' dir='ltr'>repu-</span> 
     </span>
    </p>
   </div>
   <div class='ocr_carea' id='block_1_52' title="bbox 153 5384 857 5466">
    <p class='ocr_par' dir='ltr' id='par_1_52' title="bbox 153 5384 857 5466">
     <span class='ocr_line' id='line_1_52' title="bbox 153 5384 857 5466; baseline 0.007 -21"><span class='ocrx_word' id='word_1_349' title='bbox 153 5393 395 5446; x_wconf 87' lang='lat' dir='ltr'>taretur</span> <span class='ocrx_word' id='word_1_350' title='bbox 416 5384 481 5445; x_wconf 91' lang='lat' dir='ltr'>in</span> <span class='ocrx_word' id='word_1_351' title='bbox 504 5388 857 5466; x_wconf 87' lang='lat' dir='ltr'>superbiam</span> 
     </span>
    </p>
   </div>
   <div class='ocr_carea' id='block_1_53' title="bbox 234 5507 1727 5589">
    <p class='ocr_par' dir='ltr' id='par_1_53' title="bbox 234 5507 1727 5589">
     <span class='ocr_line' id='line_1_53' title="bbox 234 5507 1727 5589; baseline 0.015 -26"><span class='ocrx_word' id='word_1_352' title='bbox 234 5530 266 5561; x_wconf 77' lang='grc' dir='ltr'><strong><em>α</em></strong></span> <span class='ocrx_word' id='word_1_353' title='bbox 302 5507 628 5578; x_wconf 89' lang='lat' dir='ltr'>Quondam</span> <span class='ocrx_word' id='word_1_354' title='bbox 661 5527 853 5589; x_wconf 90' lang='lat' dir='ltr'>quum</span> <span class='ocrx_word' id='word_1_355' title='bbox 896 5513 973 5573; x_wconf 92' lang='lat' dir='ltr'>ad</span> <span class='ocrx_word' id='word_1_356' title='bbox 1014 5512 1179 5577; x_wconf 92' lang='lat' dir='ltr'>hunc</span> <span class='ocrx_word' id='word_1_357' title='bbox 1209 5526 1491 5581; x_wconf 91' lang='lat' dir='ltr'>sanctum</span> <span class='ocrx_word' id='word_1_358' title='bbox 1522 5526 1727 5586; x_wconf 81' lang='lat' dir='ltr'>venis-</span> 
     </span>
    </p>
   </div>
   <div class='ocr_carea' id='block_1_54' title="bbox 150 5610 1727 5687">
    <p class='ocr_par' dir='ltr' id='par_1_54' title="bbox 150 5610 1727 5687">
     <span class='ocr_line' id='line_1_54' title="bbox 150 5610 1727 5687; baseline 0.014 -22"><span class='ocrx_word' id='word_1_359' title='bbox 150 5624 314 5679; x_wconf 83' lang='lat' dir='ltr'>sem,</span> <span class='ocrx_word' id='word_1_360' title='bbox 356 5614 530 5669; x_wconf 89' lang='lat' dir='ltr'>extra</span> <span class='ocrx_word' id='word_1_361' title='bbox 559 5610 778 5672; x_wconf 86' lang='lat' dir='ltr'>cellam</span> <span class='ocrx_word' id='word_1_362' title='bbox 821 5612 955 5673; x_wconf 90' lang='lat' dir='ltr'>eius</span> <span class='ocrx_word' id='word_1_363' title='bbox 1000 5614 1303 5677; x_wconf 84' lang='lat' dir='ltr'>iacentem</span> <span class='ocrx_word' id='word_1_364' title='bbox 1346 5620 1557 5683; x_wconf 88' lang='lat' dir='ltr'>inveni</span> <span class='ocrx_word' id='word_1_365' title='bbox 1611 5627 1727 5687; x_wconf 88' lang='lat' dir='ltr'>vici</span> 
     </span>
    </p>
   </div>
   <div class='ocr_carea' id='block_1_55' title="bbox 148 5707 1727 5798">
    <p class='ocr_par' dir='ltr' id='par_1_55' title="bbox 148 5707 1727 5798">
     <span class='ocr_line' id='line_1_55' title="bbox 148 5707 1727 5798; baseline 0.014 -32"><span class='ocrx_word' id='word_1_366' title='bbox 148 5707 481 5769; x_wconf 88' lang='lat' dir='ltr'>cuiusdam</span> <span class='ocrx_word' id='word_1_367' title='bbox 526 5710 985 5789; x_wconf 79' lang='lat' dir='ltr'>presbyterum,</span> <span class='ocrx_word' id='word_1_368' title='bbox 1018 5716 1197 5776; x_wconf 90' lang='lat' dir='ltr'>cuius</span> <span class='ocrx_word' id='word_1_369' title='bbox 1254 5728 1441 5798; x_wconf 88' lang='lat' dir='ltr'>caput</span> <span class='ocrx_word' id='word_1_370' title='bbox 1478 5722 1560 5783; x_wconf 88' lang='lat' dir='ltr'>ita</span> <span class='ocrx_word' id='word_1_371' title='bbox 1596 5736 1727 5787; x_wconf 89' lang='lat' dir='ltr'>erat</span> 
     </span>
    </p>
   </div>
   <div class='ocr_carea' id='block_1_56' title="bbox 147 5813 1714 5904">
    <p class='ocr_par' dir='ltr' id='par_1_56' title="bbox 147 5813 1714 5904">
     <span class='ocr_line' id='line_1_56' title="bbox 147 5813 1714 5904; baseline 0.013 -38"><span class='ocrx_word' id='word_1_372' title='bbox 147 5821 415 5870; x_wconf 82' lang='lat' dir='ltr'>exesum</span> <span class='ocrx_word' id='word_1_373' title='bbox 467 5813 686 5872; x_wconf 81' lang='lat' dir='ltr'>morbo</span> <span class='ocrx_word' id='word_1_374' title='bbox 723 5814 831 5892; x_wconf 92' lang='lat' dir='ltr'>qui</span> <span class='ocrx_word' id='word_1_375' title='bbox 869 5831 1097 5876; x_wconf 86' lang='lat' dir='ltr'>cancer</span> <span class='ocrx_word' id='word_1_376' title='bbox 1124 5817 1369 5894; x_wconf 84' lang='lat' dir='ltr'>dicitur,</span> <span class='ocrx_word' id='word_1_377' title='bbox 1421 5828 1488 5883; x_wconf 89' lang='lat' dir='ltr'>ut</span> <span class='ocrx_word' id='word_1_378' title='bbox 1527 5832 1586 5885; x_wconf 91' lang='lat' dir='ltr'>et</span> <span class='ocrx_word' id='word_1_379' title='bbox 1617 5827 1714 5904; x_wconf 90' lang='lat' dir='ltr'>ip-</span> 
     </span>
    </p>
   </div>
   <div class='ocr_carea' id='block_1_57' title="bbox 1876 587 3438 679">
    <p class='ocr_par' dir='ltr' id='par_1_57' title="bbox 1876 587 3438 679">
     <span class='ocr_line' id='line_1_57' title="bbox 1876 587 3438 679; baseline 0.009 -32"><span class='ocrx_word' id='word_1_380' title='bbox 1876 587 1953 647; x_wconf 89' lang='lat' dir='ltr'>ad</span> <span class='ocrx_word' id='word_1_381' title='bbox 1985 590 2366 672; x_wconf 89' lang='lat' dir='ltr'>colloquium</span> <span class='ocrx_word' id='word_1_382' title='bbox 2412 597 2794 661; x_wconf 77' lang='lat' dir='ltr'>admittebat.</span> <span class='ocrx_word' id='word_1_383' title='bbox 2826 600 3061 679; x_wconf 84' lang='lat' dir='ltr'>Rogavi</span> <span class='ocrx_word' id='word_1_384' title='bbox 3105 600 3291 678; x_wconf 88' lang='lat' dir='ltr'>igitur</span> <span class='ocrx_word' id='word_1_385' title='bbox 3319 620 3390 663; x_wconf 90' lang='lat' dir='ltr'>ac</span> <span class='ocrx_word' id='word_1_386' title='bbox 3424 615 3438 661; x_wconf 92' lang='lat'><strong>:</strong></span> 
     </span>
    </p>
   </div>
   <div class='ocr_carea' id='block_1_58' title="bbox 1878 684 3443 774">
    <p class='ocr_par' dir='ltr' id='par_1_58' title="bbox 1878 684 3443 774">
     <span class='ocr_line' id='line_1_58' title="bbox 1878 684 3443 774; baseline 0.01 -29"><span class='ocrx_word' id='word_1_387' title='bbox 1878 684 2125 763; x_wconf 90' lang='lat' dir='ltr'>Precor,</span> <span class='ocrx_word' id='word_1_388' title='bbox 2156 691 2435 772; x_wconf 90' lang='lat' dir='ltr'>inquam,</span> <span class='ocrx_word' id='word_1_389' title='bbox 2461 697 2756 758; x_wconf 85' lang='lat' dir='ltr'>miserere</span> <span class='ocrx_word' id='word_1_390' title='bbox 2779 696 2962 761; x_wconf 86' lang='lat' dir='ltr'>huius</span> <span class='ocrx_word' id='word_1_391' title='bbox 2983 698 3217 774; x_wconf 91' lang='lat' dir='ltr'>miseri,</span> <span class='ocrx_word' id='word_1_392' title='bbox 3243 707 3303 760; x_wconf 91' lang='lat' dir='ltr'>et</span> <span class='ocrx_word' id='word_1_393' title='bbox 3328 698 3443 761; x_wconf 80' lang='lat' dir='ltr'>sal-</span> 
     </span>
    </p>
   </div>
   <div class='ocr_carea' id='block_1_59' title="bbox 1874 790 3438 878">
    <p class='ocr_par' dir='ltr' id='par_1_59' title="bbox 1874 790 3438 878">
     <span class='ocr_line' id='line_1_59' title="bbox 1874 790 3438 878; baseline 0.012 -34"><span class='ocrx_word' id='word_1_394' title='bbox 1874 790 2000 846; x_wconf 90' lang='lat' dir='ltr'>tem</span> <span class='ocrx_word' id='word_1_395' title='bbox 2029 806 2398 870; x_wconf 88' lang='lat' dir='ltr'>responsum</span> <span class='ocrx_word' id='word_1_396' title='bbox 2440 796 2496 856; x_wconf 90' lang='lat' dir='ltr'>ei</span> <span class='ocrx_word' id='word_1_397' title='bbox 2524 798 2620 858; x_wconf 92' lang='lat' dir='ltr'>da.</span> <span class='ocrx_word' id='word_1_398' title='bbox 2655 800 3003 878; x_wconf 84' lang='lat' dir='ltr'>Respondit</span> <span class='ocrx_word' id='word_1_399' title='bbox 3030 798 3183 861; x_wconf 87' lang='lat' dir='ltr'>mihi</span> <span class='ocrx_word' id='word_1_400' title='bbox 3218 820 3230 861; x_wconf 94' lang='lat'><strong>:</strong></span> <span class='ocrx_word' id='word_1_401' title='bbox 3266 801 3438 862; x_wconf 91' lang='lat' dir='ltr'>Indi-</span> 
     </span>
    </p>
   </div>
   <div class='ocr_carea' id='block_1_60' title="bbox 1874 896 3437 972">
    <p class='ocr_par' dir='ltr' id='par_1_60' title="bbox 1874 896 3437 972">
     <span class='ocr_line' id='line_1_60' title="bbox 1874 896 3437 972; baseline 0.01 -25"><span class='ocrx_word' id='word_1_402' title='bbox 1874 901 2033 962; x_wconf 88' lang='lat' dir='ltr'>gnus</span> <span class='ocrx_word' id='word_1_403' title='bbox 2069 900 2181 964; x_wconf 91' lang='lat' dir='ltr'>est,</span> <span class='ocrx_word' id='word_1_404' title='bbox 2216 896 2325 972; x_wconf 90' lang='lat' dir='ltr'>qui</span> <span class='ocrx_word' id='word_1_405' title='bbox 2356 902 2627 959; x_wconf 83' lang='lat' dir='ltr'>sanetur.</span> <span class='ocrx_word' id='word_1_406' title='bbox 2666 902 2832 962; x_wconf 81' lang='lat' dir='ltr'>Ilaec</span> <span class='ocrx_word' id='word_1_407' title='bbox 2863 902 3030 962; x_wconf 89' lang='lat' dir='ltr'>enim</span> <span class='ocrx_word' id='word_1_408' title='bbox 3068 902 3124 962; x_wconf 91' lang='lat' dir='ltr'>ei</span> <span class='ocrx_word' id='word_1_409' title='bbox 3162 902 3437 963; x_wconf 84' lang='lat' dir='ltr'>immissa</span> 
     </span>
    </p>
   </div>
   <div class='ocr_carea' id='block_1_61' title="bbox 1875 988 3442 1075">
    <p class='ocr_par' dir='ltr' id='par_1_61' title="bbox 1875 988 3442 1075">
     <span class='ocr_line' id='line_1_61' title="bbox 1875 988 3442 1075; baseline 0.011 -28"><span class='ocrx_word' id='word_1_410' title='bbox 1875 994 1965 1048; x_wconf 91' lang='lat' dir='ltr'>est</span> <span class='ocrx_word' id='word_1_411' title='bbox 1994 988 2341 1071; x_wconf 84' lang='lat' dir='ltr'>disciplina.</span> <span class='ocrx_word' id='word_1_412' title='bbox 2365 998 2472 1059; x_wconf 90' lang='lat' dir='ltr'>Sin</span> <span class='ocrx_word' id='word_1_413' title='bbox 2503 1016 2646 1060; x_wconf 90' lang='lat' dir='ltr'>eum</span> <span class='ocrx_word' id='word_1_414' title='bbox 2676 1001 2764 1060; x_wconf 90' lang='lat' dir='ltr'>vis</span> <span class='ocrx_word' id='word_1_415' title='bbox 2797 1002 3025 1074; x_wconf 92' lang='lat' dir='ltr'>sanari,</span> <span class='ocrx_word' id='word_1_416' title='bbox 3048 1003 3238 1063; x_wconf 91' lang='lat' dir='ltr'>suade</span> <span class='ocrx_word' id='word_1_417' title='bbox 3263 1003 3343 1075; x_wconf 91' lang='lat' dir='ltr'>ei,</span> <span class='ocrx_word' id='word_1_418' title='bbox 3373 1006 3442 1063; x_wconf 88' lang='lat' dir='ltr'>ut</span> 
     </span>
    </p>
   </div>
   <div class='ocr_carea' id='block_1_62' title="bbox 1873 1090 3436 1184">
    <p class='ocr_par' dir='ltr' id='par_1_62' title="bbox 1873 1090 3436 1184">
     <span class='ocr_line' id='line_1_62' title="bbox 1873 1090 3436 1184; baseline 0.01 -32"><span class='ocrx_word' id='word_1_419' title='bbox 1873 1090 2173 1176; x_wconf 88' lang='lat' dir='ltr'>deinceps</span> <span class='ocrx_word' id='word_1_420' title='bbox 2201 1100 2507 1164; x_wconf 90' lang='lat' dir='ltr'>abstineat</span> <span class='ocrx_word' id='word_1_421' title='bbox 2540 1121 2575 1165; x_wconf 92' lang='lat' dir='ltr'>a</span> <span class='ocrx_word' id='word_1_422' title='bbox 2603 1106 2929 1168; x_wconf 86' lang='lat' dir='ltr'>sacriﬁcio.</span> <span class='ocrx_word' id='word_1_423' title='bbox 2957 1108 3085 1184; x_wconf 91' lang='lat' dir='ltr'>Ego</span> <span class='ocrx_word' id='word_1_424' title='bbox 3115 1125 3127 1166; x_wconf 95' lang='lat'>:</span> <span class='ocrx_word' id='word_1_425' title='bbox 3162 1108 3302 1179; x_wconf 86' lang='lat' dir='ltr'>Cur,</span> <span class='ocrx_word' id='word_1_426' title='bbox 3335 1108 3436 1166; x_wconf 84' lang='lat' dir='ltr'>in-</span> 
     </span>
    </p>
   </div>
   <div class='ocr_carea' id='block_1_63' title="bbox 1871 1199 3437 1284">
    <p class='ocr_par' dir='ltr' id='par_1_63' title="bbox 1871 1199 3437 1284">
     <span class='ocr_line' id='line_1_63' title="bbox 1871 1199 3437 1284; baseline 0.009 -30"><span class='ocrx_word' id='word_1_427' title='bbox 1871 1209 2081 1271; x_wconf 88' lang='lat' dir='ltr'>quam,</span> <span class='ocrx_word' id='word_1_428' title='bbox 2102 1199 2402 1264; x_wconf 89' lang='lat' dir='ltr'>obsecro?</span> <span class='ocrx_word' id='word_1_429' title='bbox 2424 1206 2816 1284; x_wconf 88' lang='lat' dir='ltr'>Respondet:</span> <span class='ocrx_word' id='word_1_430' title='bbox 2834 1208 3172 1269; x_wconf 88' lang='lat' dir='ltr'>Fornicans</span> <span class='ocrx_word' id='word_1_431' title='bbox 3194 1226 3437 1270; x_wconf 85' lang='lat' dir='ltr'>sacrum</span> 
     </span>
    </p>
   </div>
   <div class='ocr_carea' id='block_1_64' title="bbox 1870 1298 3433 1389">
    <p class='ocr_par' dir='ltr' id='par_1_64' title="bbox 1870 1298 3433 1389">
     <span class='ocr_line' id='line_1_64' title="bbox 1870 1298 3433 1389; baseline 0.01 -35"><span class='ocrx_word' id='word_1_432' title='bbox 1870 1298 2112 1374; x_wconf 89' lang='lat' dir='ltr'>peregit</span> <span class='ocrx_word' id='word_1_433' title='bbox 2168 1302 2623 1380; x_wconf 89' lang='lat' dir='ltr'>ministerium,</span> <span class='ocrx_word' id='word_1_434' title='bbox 2681 1308 2849 1369; x_wconf 91' lang='lat' dir='ltr'>unde</span> <span class='ocrx_word' id='word_1_435' title='bbox 2900 1308 3023 1370; x_wconf 91' lang='lat' dir='ltr'>iam</span> <span class='ocrx_word' id='word_1_436' title='bbox 3080 1310 3433 1389; x_wconf 86' lang='lat' dir='ltr'>castigatur.</span> 
     </span>
    </p>
   </div>
   <div class='ocr_carea' id='block_1_65' title="bbox 1869 1396 3439 1489">
    <p class='ocr_par' dir='ltr' id='par_1_65' title="bbox 1869 1396 3439 1489">
     <span class='ocr_line' id='line_1_65' title="bbox 1869 1396 3439 1489; baseline 0.011 -33"><span class='ocrx_word' id='word_1_437' title='bbox 1869 1396 2099 1466; x_wconf 87' lang='lat' dir='ltr'>Quodsi</span> <span class='ocrx_word' id='word_1_438' title='bbox 2132 1407 2294 1463; x_wconf 90' lang='lat' dir='ltr'>metu</span> <span class='ocrx_word' id='word_1_439' title='bbox 2323 1404 2575 1467; x_wconf 89' lang='lat' dir='ltr'>desistat</span> <span class='ocrx_word' id='word_1_440' title='bbox 2606 1408 2682 1468; x_wconf 90' lang='lat' dir='ltr'>ab</span> <span class='ocrx_word' id='word_1_441' title='bbox 2713 1409 2811 1482; x_wconf 91' lang='lat' dir='ltr'>iis,</span> <span class='ocrx_word' id='word_1_442' title='bbox 2833 1427 2993 1488; x_wconf 88' lang='lat' dir='ltr'>quae</span> <span class='ocrx_word' id='word_1_443' title='bbox 3016 1428 3130 1489; x_wconf 89' lang='lat' dir='ltr'>per</span> <span class='ocrx_word' id='word_1_444' title='bbox 3161 1418 3439 1473; x_wconf 85' lang='lat' dir='ltr'>contem-</span> 
     </span>
    </p>
   </div>
   <div class='ocr_carea' id='block_1_66' title="bbox 1869 1503 3436 1578">
    <p class='ocr_par' dir='ltr' id='par_1_66' title="bbox 1869 1503 3436 1578">
     <span class='ocr_line' id='line_1_66' title="bbox 1869 1503 3436 1578; baseline 0.011 -22"><span class='ocrx_word' id='word_1_445' title='bbox 1869 1503 2040 1575; x_wconf 89' lang='lat' dir='ltr'>ptum</span> <span class='ocrx_word' id='word_1_446' title='bbox 2067 1514 2253 1562; x_wconf 88' lang='lat' dir='ltr'>ausus</span> <span class='ocrx_word' id='word_1_447' title='bbox 2275 1510 2365 1563; x_wconf 90' lang='lat' dir='ltr'>est</span> <span class='ocrx_word' id='word_1_448' title='bbox 2390 1504 2618 1578; x_wconf 82' lang='lat' dir='ltr'>facere,</span> <span class='ocrx_word' id='word_1_449' title='bbox 2657 1508 2817 1569; x_wconf 92' lang='lat' dir='ltr'>Deus</span> <span class='ocrx_word' id='word_1_450' title='bbox 2847 1527 2988 1570; x_wconf 91' lang='lat' dir='ltr'>eum</span> <span class='ocrx_word' id='word_1_451' title='bbox 3016 1511 3276 1572; x_wconf 86' lang='lat' dir='ltr'>sanabit.</span> <span class='ocrx_word' id='word_1_452' title='bbox 3303 1514 3436 1575; x_wconf 89' lang='lat' dir='ltr'>Hoc</span> 
     </span>
    </p>
   </div>
   <div class='ocr_carea' id='block_1_67' title="bbox 1870 1597 3435 1689">
    <p class='ocr_par' dir='ltr' id='par_1_67' title="bbox 1870 1597 3435 1689">
     <span class='ocr_line' id='line_1_67' title="bbox 1870 1597 3435 1689; baseline 0.01 -33"><span class='ocrx_word' id='word_1_453' title='bbox 1870 1597 1949 1669; x_wconf 91' lang='lat' dir='ltr'>ei,</span> <span class='ocrx_word' id='word_1_454' title='bbox 1976 1599 2084 1677; x_wconf 92' lang='lat' dir='ltr'>qui</span> <span class='ocrx_word' id='word_1_455' title='bbox 2112 1601 2517 1679; x_wconf 77' lang='lat' dir='ltr'>aﬂligebatur,</span> <span class='ocrx_word' id='word_1_456' title='bbox 2541 1606 2691 1666; x_wconf 87' lang='lat' dir='ltr'>dixi.</span> <span class='ocrx_word' id='word_1_457' title='bbox 2709 1608 2824 1678; x_wconf 91' lang='lat' dir='ltr'>Qui</span> <span class='ocrx_word' id='word_1_458' title='bbox 2844 1608 3246 1670; x_wconf 89' lang='lat' dir='ltr'>iureiurando</span> <span class='ocrx_word' id='word_1_459' title='bbox 3266 1608 3435 1689; x_wconf 90' lang='lat' dir='ltr'>apud</span> 
     </span>
    </p>
   </div>
   <div class='ocr_carea' id='block_1_68' title="bbox 1868 1698 3433 1789">
    <p class='ocr_par' dir='ltr' id='par_1_68' title="bbox 1868 1698 3433 1789">
     <span class='ocr_line' id='line_1_68' title="bbox 1868 1698 3433 1789; baseline 0.011 -32"><span class='ocrx_word' id='word_1_460' title='bbox 1868 1698 2061 1760; x_wconf 91' lang='lat' dir='ltr'>Deum</span> <span class='ocrx_word' id='word_1_461' title='bbox 2098 1702 2412 1780; x_wconf 91' lang='lat' dir='ltr'>pollicitus</span> <span class='ocrx_word' id='word_1_462' title='bbox 2441 1715 2554 1779; x_wconf 89' lang='lat' dir='ltr'>est,</span> <span class='ocrx_word' id='word_1_463' title='bbox 2590 1724 2655 1767; x_wconf 92' lang='lat' dir='ltr'>se</span> <span class='ocrx_word' id='word_1_464' title='bbox 2684 1726 2811 1769; x_wconf 91' lang='lat' dir='ltr'>non</span> <span class='ocrx_word' id='word_1_465' title='bbox 2841 1709 3111 1789; x_wconf 91' lang='lat' dir='ltr'>amplius</span> <span class='ocrx_word' id='word_1_466' title='bbox 3140 1712 3433 1773; x_wconf 80' lang='lat' dir='ltr'>sacerdo—</span> 
     </span>
    </p>
   </div>
   <div class='ocr_carea' id='block_1_69' title="bbox 1866 1798 3436 1889">
    <p class='ocr_par' dir='ltr' id='par_1_69' title="bbox 1866 1798 3436 1889">
     <span class='ocr_line' id='line_1_69' title="bbox 1866 1798 3436 1889; baseline 0.008 -30"><span class='ocrx_word' id='word_1_467' title='bbox 1866 1798 1943 1860; x_wconf 91' lang='lat' dir='ltr'>tis</span> <span class='ocrx_word' id='word_1_468' title='bbox 1964 1818 2225 1864; x_wconf 88' lang='lat' dir='ltr'>munera</span> <span class='ocrx_word' id='word_1_469' title='bbox 2255 1820 2390 1865; x_wconf 89' lang='lat' dir='ltr'>esse</span> <span class='ocrx_word' id='word_1_470' title='bbox 2428 1806 2762 1868; x_wconf 91' lang='lat' dir='ltr'>obiturum.</span> <span class='ocrx_word' id='word_1_471' title='bbox 2808 1811 2962 1869; x_wconf 92' lang='lat' dir='ltr'>Tum</span> <span class='ocrx_word' id='word_1_472' title='bbox 2996 1827 3140 1871; x_wconf 91' lang='lat' dir='ltr'>eum</span> <span class='ocrx_word' id='word_1_473' title='bbox 3163 1811 3436 1889; x_wconf 88' lang='lat' dir='ltr'>suscepit</span> 
     </span>
    </p>
   </div>
   <div class='ocr_carea' id='block_1_70' title="bbox 1864 1900 3433 1988">
    <p class='ocr_par' dir='ltr' id='par_1_70' title="bbox 1864 1900 3433 1988">
     <span class='ocr_line' id='line_1_70' title="bbox 1864 1900 3433 1988; baseline 0.008 -29"><span class='ocrx_word' id='word_1_474' title='bbox 1864 1900 2086 1979; x_wconf 89' lang='lat' dir='ltr'>eique:</span> <span class='ocrx_word' id='word_1_475' title='bbox 2116 1903 2431 1977; x_wconf 86' lang='lat' dir='ltr'>Credisne,</span> <span class='ocrx_word' id='word_1_476' title='bbox 2453 1906 2679 1984; x_wconf 91' lang='lat' dir='ltr'>inquit,</span> <span class='ocrx_word' id='word_1_477' title='bbox 2707 1924 2843 1968; x_wconf 86' lang='lat' dir='ltr'>esse</span> <span class='ocrx_word' id='word_1_478' title='bbox 2871 1909 3088 1982; x_wconf 88' lang='lat' dir='ltr'>Deum,</span> <span class='ocrx_word' id='word_1_479' title='bbox 3122 1927 3311 1988; x_wconf 91' lang='lat' dir='ltr'>quem</span> <span class='ocrx_word' id='word_1_480' title='bbox 3334 1910 3433 1971; x_wconf 88' lang='lat' dir='ltr'>ni-</span> 
     </span>
    </p>
   </div>
   <div class='ocr_carea' id='block_1_71' title="bbox 1862 1995 3429 2087">
    <p class='ocr_par' dir='ltr' id='par_1_71' title="bbox 1862 1995 3429 2087">
     <span class='ocr_line' id='line_1_71' title="bbox 1862 1995 3429 2087; baseline 0.008 -29"><span class='ocrx_word' id='word_1_481' title='bbox 1862 1995 1947 2058; x_wconf 92' lang='lat' dir='ltr'>hil</span> <span class='ocrx_word' id='word_1_482' title='bbox 1995 1999 2177 2063; x_wconf 80' lang='lat' dir='ltr'>latet?</span> <span class='ocrx_word' id='word_1_483' title='bbox 2222 2002 2333 2063; x_wconf 93' lang='lat' dir='ltr'>Ille</span> <span class='ocrx_word' id='word_1_484' title='bbox 2379 2007 2721 2085; x_wconf 89' lang='lat' dir='ltr'>respondet</span> <span class='ocrx_word' id='word_1_485' title='bbox 2762 2025 2774 2066; x_wconf 93' lang='lat'>:</span> <span class='ocrx_word' id='word_1_486' title='bbox 2809 2009 3095 2081; x_wconf 88' lang='lat' dir='ltr'>Maxime,</span> <span class='ocrx_word' id='word_1_487' title='bbox 3146 2026 3300 2087; x_wconf 91' lang='lat' dir='ltr'>rogo</span> <span class='ocrx_word' id='word_1_488' title='bbox 3346 2016 3429 2071; x_wconf 89' lang='lat' dir='ltr'>te.</span> 
     </span>
    </p>
   </div>
   <div class='ocr_carea' id='block_1_72' title="bbox 1860 2098 3435 2185">
    <p class='ocr_par' dir='ltr' id='par_1_72' title="bbox 1860 2098 3435 2185">
     <span class='ocr_line' id='line_1_72' title="bbox 1860 2098 3435 2185; baseline 0.008 -27"><span class='ocrx_word' id='word_1_489' title='bbox 1860 2098 2094 2161; x_wconf 90' lang='lat' dir='ltr'>Deinde</span> <span class='ocrx_word' id='word_1_490' title='bbox 2135 2120 2148 2162; x_wconf 90' lang='lat'>:</span> <span class='ocrx_word' id='word_1_491' title='bbox 2182 2104 2363 2169; x_wconf 89' lang='lat' dir='ltr'>Num.</span> <span class='ocrx_word' id='word_1_492' title='bbox 2398 2104 2622 2184; x_wconf 90' lang='lat' dir='ltr'>inquit,</span> <span class='ocrx_word' id='word_1_493' title='bbox 2664 2108 2917 2185; x_wconf 91' lang='lat' dir='ltr'>potuisti</span> <span class='ocrx_word' id='word_1_494' title='bbox 2960 2108 3223 2170; x_wconf 91' lang='lat' dir='ltr'>illudere</span> <span class='ocrx_word' id='word_1_495' title='bbox 3262 2108 3435 2172; x_wconf 80' lang='lat' dir='ltr'>Deo?</span> 
     </span>
    </p>
   </div>
   <div class='ocr_carea' id='block_1_73' title="bbox 1859 2197 3426 2288">
    <p class='ocr_par' dir='ltr' id='par_1_73' title="bbox 1859 2197 3426 2288">
     <span class='ocr_line' id='line_1_73' title="bbox 1859 2197 3426 2288; baseline 0.006 -29"><span class='ocrx_word' id='word_1_496' title='bbox 1859 2197 2222 2279; x_wconf 88' lang='lat' dir='ltr'>Respondet</span> <span class='ocrx_word' id='word_1_497' title='bbox 2258 2222 2270 2263; x_wconf 90' lang='lat'><em>:</em></span> <span class='ocrx_word' id='word_1_498' title='bbox 2304 2206 2441 2265; x_wconf 90' lang='lat' dir='ltr'>Non</span> <span class='ocrx_word' id='word_1_499' title='bbox 2466 2206 2662 2285; x_wconf 90' lang='lat' dir='ltr'>potui,</span> <span class='ocrx_word' id='word_1_500' title='bbox 2690 2207 2771 2268; x_wconf 90' lang='lat' dir='ltr'>mi</span> <span class='ocrx_word' id='word_1_501' title='bbox 2809 2207 3083 2270; x_wconf 89' lang='lat' dir='ltr'>domine.</span> <span class='ocrx_word' id='word_1_502' title='bbox 3124 2212 3381 2288; x_wconf 90' lang='lat' dir='ltr'>Magnus</span> <span class='ocrx_word' id='word_1_503' title='bbox 3414 2228 3426 2269; x_wconf 88' lang='lat'><strong>:</strong></span> 
     </span>
    </p>
   </div>
   <div class='ocr_carea' id='block_1_74' title="bbox 1858 2301 3428 2388">
    <p class='ocr_par' dir='ltr' id='par_1_74' title="bbox 1858 2301 3428 2388">
     <span class='ocr_line' id='line_1_74' title="bbox 1858 2301 3428 2388; baseline 0.009 -29"><span class='ocrx_word' id='word_1_504' title='bbox 1858 2301 1921 2360; x_wconf 90' lang='lat' dir='ltr'>Si</span> <span class='ocrx_word' id='word_1_505' title='bbox 1956 2304 2264 2379; x_wconf 85' lang='lat' dir='ltr'>agnoscis.</span> <span class='ocrx_word' id='word_1_506' title='bbox 2304 2305 2527 2386; x_wconf 90' lang='lat' dir='ltr'>inquit,</span> <span class='ocrx_word' id='word_1_507' title='bbox 2570 2316 2895 2388; x_wconf 90' lang='lat' dir='ltr'>peccatum</span> <span class='ocrx_word' id='word_1_508' title='bbox 2927 2317 3101 2374; x_wconf 92' lang='lat' dir='ltr'>tuum</span> <span class='ocrx_word' id='word_1_509' title='bbox 3136 2330 3207 2375; x_wconf 92' lang='lat' dir='ltr'>ac</span> <span class='ocrx_word' id='word_1_510' title='bbox 3239 2313 3428 2374; x_wconf 89' lang='lat' dir='ltr'>disci-</span> 
     </span>
    </p>
   </div>
   <div class='ocr_carea' id='block_1_75' title="bbox 1858 2399 3431 2492">
    <p class='ocr_par' dir='ltr' id='par_1_75' title="bbox 1858 2399 3431 2492">
     <span class='ocr_line' id='line_1_75' title="bbox 1858 2399 3431 2492; baseline 0.01 -32"><span class='ocrx_word' id='word_1_511' title='bbox 1858 2399 2094 2478; x_wconf 92' lang='lat' dir='ltr'>plinam</span> <span class='ocrx_word' id='word_1_512' title='bbox 2118 2405 2248 2479; x_wconf 88' lang='lat' dir='ltr'>Dei,</span> <span class='ocrx_word' id='word_1_513' title='bbox 2281 2423 2403 2484; x_wconf 92' lang='lat' dir='ltr'>qua</span> <span class='ocrx_word' id='word_1_514' title='bbox 2430 2406 2584 2470; x_wconf 89' lang='lat' dir='ltr'>haec</span> <span class='ocrx_word' id='word_1_515' title='bbox 2622 2410 2888 2485; x_wconf 88' lang='lat' dir='ltr'>subiisti,</span> <span class='ocrx_word' id='word_1_516' title='bbox 2923 2419 2984 2473; x_wconf 90' lang='lat' dir='ltr'>te</span> <span class='ocrx_word' id='word_1_517' title='bbox 3047 2414 3323 2492; x_wconf 85' lang='lat' dir='ltr'>corrigas</span> <span class='ocrx_word' id='word_1_518' title='bbox 3364 2415 3431 2476; x_wconf 91' lang='lat' dir='ltr'>in</span> 
     </span>
    </p>
   </div>
   <div class='ocr_carea' id='block_1_76' title="bbox 1858 2507 3423 2592">
    <p class='ocr_par' dir='ltr' id='par_1_76' title="bbox 1858 2507 3423 2592">
     <span class='ocr_line' id='line_1_76' title="bbox 1858 2507 3423 2592; baseline 0.01 -30"><span class='ocrx_word' id='word_1_519' title='bbox 1858 2509 2199 2580; x_wconf 87' lang='lat' dir='ltr'>posterum.</span> <span class='ocrx_word' id='word_1_520' title='bbox 2234 2507 2348 2578; x_wconf 90' lang='lat' dir='ltr'>Qui</span> <span class='ocrx_word' id='word_1_521' title='bbox 2381 2508 2708 2571; x_wconf 85' lang='lat' dir='ltr'>confessus</span> <span class='ocrx_word' id='word_1_522' title='bbox 2740 2520 2831 2573; x_wconf 89' lang='lat' dir='ltr'>est</span> <span class='ocrx_word' id='word_1_523' title='bbox 2858 2520 3206 2592; x_wconf 92' lang='lat' dir='ltr'>peccatum,</span> <span class='ocrx_word' id='word_1_524' title='bbox 3249 2522 3311 2576; x_wconf 89' lang='lat' dir='ltr'>et</span> <span class='ocrx_word' id='word_1_525' title='bbox 3354 2517 3423 2577; x_wconf 79' lang='lat' dir='ltr'>ti-</span> 
     </span>
    </p>
   </div>
   <div class='ocr_carea' id='block_1_77' title="bbox 1858 2601 3425 2693">
    <p class='ocr_par' dir='ltr' id='par_1_77' title="bbox 1858 2601 3425 2693">
     <span class='ocr_line' id='line_1_77' title="bbox 1858 2601 3425 2693; baseline 0.012 -32"><span class='ocrx_word' id='word_1_526' title='bbox 1858 2601 2002 2663; x_wconf 89' lang='lat' dir='ltr'>dem</span> <span class='ocrx_word' id='word_1_527' title='bbox 2023 2603 2215 2677; x_wconf 91' lang='lat' dir='ltr'>dedit,</span> <span class='ocrx_word' id='word_1_528' title='bbox 2254 2623 2321 2667; x_wconf 91' lang='lat' dir='ltr'>se</span> <span class='ocrx_word' id='word_1_529' title='bbox 2366 2624 2492 2669; x_wconf 87' lang='lat' dir='ltr'>non</span> <span class='ocrx_word' id='word_1_530' title='bbox 2534 2610 2803 2690; x_wconf 86' lang='lat' dir='ltr'>amplius</span> <span class='ocrx_word' id='word_1_531' title='bbox 2842 2631 2977 2674; x_wconf 91' lang='lat' dir='ltr'>esse</span> <span class='ocrx_word' id='word_1_532' title='bbox 2998 2620 3425 2693; x_wconf 89' lang='lat' dir='ltr'>peccaturum.</span> 
     </span>
    </p>
   </div>
   <div class='ocr_carea' id='block_1_78' title="bbox 1859 2706 3425 2788">
    <p class='ocr_par' dir='ltr' id='par_1_78' title="bbox 1859 2706 3425 2788">
     <span class='ocr_line' id='line_1_78' title="bbox 1859 2706 3425 2788; baseline 0.009 -25"><span class='ocrx_word' id='word_1_533' title='bbox 1859 2720 2065 2783; x_wconf 87' lang='lat' dir='ltr'>neque</span> <span class='ocrx_word' id='word_1_534' title='bbox 2103 2706 2277 2767; x_wconf 81' lang='lat' dir='ltr'>altari</span> <span class='ocrx_word' id='word_1_535' title='bbox 2315 2710 2827 2788; x_wconf 89' lang='lat' dir='ltr'>ministraturum,</span> <span class='ocrx_word' id='word_1_536' title='bbox 2863 2714 2973 2775; x_wconf 85' lang='lat' dir='ltr'>sed</span> <span class='ocrx_word' id='word_1_537' title='bbox 3009 2713 3151 2776; x_wconf 91' lang='lat' dir='ltr'>laici</span> <span class='ocrx_word' id='word_1_538' title='bbox 3196 2722 3425 2777; x_wconf 88' lang='lat' dir='ltr'>sortem</span> 
     </span>
    </p>
   </div>
   <div class='ocr_carea' id='block_1_79' title="bbox 1856 2804 3425 2895">
    <p class='ocr_par' dir='ltr' id='par_1_79' title="bbox 1856 2804 3425 2895">
     <span class='ocr_line' id='line_1_79' title="bbox 1856 2804 3425 2895; baseline 0.008 -30"><span class='ocrx_word' id='word_1_539' title='bbox 1856 2804 2313 2885; x_wconf 86' lang='lat' dir='ltr'>amplexurum.</span> <span class='ocrx_word' id='word_1_540' title='bbox 2348 2810 2582 2873; x_wconf 90' lang='lat' dir='ltr'>Deinde</span> <span class='ocrx_word' id='word_1_541' title='bbox 2611 2821 2859 2875; x_wconf 89' lang='lat' dir='ltr'>sanctus</span> <span class='ocrx_word' id='word_1_542' title='bbox 2892 2815 2949 2875; x_wconf 89' lang='lat' dir='ltr'>ei</span> <span class='ocrx_word' id='word_1_543' title='bbox 2976 2833 3197 2877; x_wconf 91' lang='lat' dir='ltr'>manus</span> <span class='ocrx_word' id='word_1_544' title='bbox 3224 2816 3425 2895; x_wconf 92' lang='lat' dir='ltr'>impo-</span> 
     </span>
    </p>
   </div>
   <div class='ocr_carea' id='block_1_80' title="bbox 1855 2906 3427 2997">
    <p class='ocr_par' dir='ltr' id='par_1_80' title="bbox 1855 2906 3427 2997">
     <span class='ocr_line' id='line_1_80' title="bbox 1855 2906 3427 2997; baseline 0.008 -31"><span class='ocrx_word' id='word_1_545' title='bbox 1855 2906 1995 2967; x_wconf 90' lang='lat' dir='ltr'>suit.</span> <span class='ocrx_word' id='word_1_546' title='bbox 2028 2908 2140 2979; x_wconf 91' lang='lat' dir='ltr'>Qui</span> <span class='ocrx_word' id='word_1_547' title='bbox 2176 2911 2390 2988; x_wconf 90' lang='lat' dir='ltr'>paucis</span> <span class='ocrx_word' id='word_1_548' title='bbox 2419 2911 2640 2973; x_wconf 87' lang='lat' dir='ltr'>diebus</span> <span class='ocrx_word' id='word_1_549' title='bbox 2663 2921 2910 2976; x_wconf 88' lang='lat' dir='ltr'>sanatus</span> <span class='ocrx_word' id='word_1_550' title='bbox 2944 2921 3057 2988; x_wconf 90' lang='lat' dir='ltr'>est,</span> <span class='ocrx_word' id='word_1_551' title='bbox 3092 2916 3427 2997; x_wconf 89' lang='lat' dir='ltr'>capillique</span> 
     </span>
    </p>
   </div>
   <div class='ocr_carea' id='block_1_81' title="bbox 1853 3008 3424 3086">
    <p class='ocr_par' dir='ltr' id='par_1_81' title="bbox 1853 3008 3424 3086">
     <span class='ocr_line' id='line_1_81' title="bbox 1853 3008 3424 3086; baseline 0.007 -18"><span class='ocrx_word' id='word_1_552' title='bbox 1853 3008 2071 3086; x_wconf 88' lang='lat' dir='ltr'>capitis</span> <span class='ocrx_word' id='word_1_553' title='bbox 2103 3010 2157 3069; x_wconf 91' lang='lat' dir='ltr'>ei</span> <span class='ocrx_word' id='word_1_554' title='bbox 2182 3020 2528 3085; x_wconf 87' lang='lat' dir='ltr'>creverunt,</span> <span class='ocrx_word' id='word_1_555' title='bbox 2556 3020 2616 3073; x_wconf 92' lang='lat' dir='ltr'>et</span> <span class='ocrx_word' id='word_1_556' title='bbox 2644 3014 2707 3075; x_wconf 92' lang='lat' dir='ltr'>in</span> <span class='ocrx_word' id='word_1_557' title='bbox 2734 3014 2990 3076; x_wconf 92' lang='lat' dir='ltr'>domum</span> <span class='ocrx_word' id='word_1_558' title='bbox 3021 3034 3195 3078; x_wconf 90' lang='lat' dir='ltr'>suam</span> <span class='ocrx_word' id='word_1_559' title='bbox 3228 3036 3424 3081; x_wconf 76' lang='lat' dir='ltr'>rever-</span> 
     </span>
    </p>
   </div>
   <div class='ocr_carea' id='block_1_82' title="bbox 1852 3108 3422 3194">
    <p class='ocr_par' dir='ltr' id='par_1_82' title="bbox 1852 3108 3422 3194">
     <span class='ocr_line' id='line_1_82' title="bbox 1852 3108 3422 3194; baseline 0.006 -25"><span class='ocrx_word' id='word_1_560' title='bbox 1852 3125 1958 3169; x_wconf 92' lang='lat' dir='ltr'>sus</span> <span class='ocrx_word' id='word_1_561' title='bbox 2006 3108 2365 3185; x_wconf 84' lang='lat' dir='ltr'>gloriﬁcavit</span> <span class='ocrx_word' id='word_1_562' title='bbox 2412 3113 2627 3186; x_wconf 90' lang='lat' dir='ltr'>Deum,</span> <span class='ocrx_word' id='word_1_563' title='bbox 2672 3132 2743 3177; x_wconf 88' lang='lat' dir='ltr'>ac</span> <span class='ocrx_word' id='word_1_564' title='bbox 2773 3117 2995 3192; x_wconf 88' lang='lat' dir='ltr'>gratias</span> <span class='ocrx_word' id='word_1_565' title='bbox 3026 3118 3148 3194; x_wconf 84' lang='lat' dir='ltr'>egit</span> <span class='ocrx_word' id='word_1_566' title='bbox 3183 3128 3422 3182; x_wconf 86' lang='lat' dir='ltr'>sancto.</span> 
     </span>
    </p>
   </div>
   <div class='ocr_carea' id='block_1_83' title="bbox 1933 3222 3429 3316">
    <p class='ocr_par' dir='ltr' id='par_1_83' title="bbox 1933 3222 3429 3316">
     <span class='ocr_line' id='line_1_83' title="bbox 1933 3222 3429 3316; baseline 0.013 -38"><span class='ocrx_word' id='word_1_567' title='bbox 1933 3244 1961 3275; x_wconf 85' lang='grc'>‹‹</span> <span class='ocrx_word' id='word_1_568' title='bbox 1988 3222 2232 3283; x_wconf 90' lang='lat' dir='ltr'>Rursus</span> <span class='ocrx_word' id='word_1_569' title='bbox 2264 3224 2389 3285; x_wconf 90' lang='lat' dir='ltr'>vidi</span> <span class='ocrx_word' id='word_1_570' title='bbox 2419 3226 2495 3287; x_wconf 93' lang='lat' dir='ltr'>ad</span> <span class='ocrx_word' id='word_1_571' title='bbox 2528 3243 2670 3288; x_wconf 84' lang='lat' dir='ltr'>eum</span> <span class='ocrx_word' id='word_1_572' title='bbox 2696 3225 2919 3291; x_wconf 84' lang='lat' dir='ltr'>adduci</span> <span class='ocrx_word' id='word_1_573' title='bbox 2944 3249 3211 3310; x_wconf 91' lang='lat' dir='ltr'>puerum</span> <span class='ocrx_word' id='word_1_574' title='bbox 3237 3252 3272 3296; x_wconf 91' lang='lat' dir='ltr'>a</span> <span class='ocrx_word' id='word_1_575' title='bbox 3304 3238 3429 3316; x_wconf 83' lang='lat' dir='ltr'>spi-</span> 
     </span>
    </p>
   </div>
   <div class='ocr_carea' id='block_1_84' title="bbox 1852 3320 3409 3402">
    <p class='ocr_par' dir='ltr' id='par_1_84' title="bbox 1852 3320 3409 3402">
     <span class='ocr_line' id='line_1_84' title="bbox 1852 3320 3409 3402; baseline 0.013 -23"><span class='ocrx_word' id='word_1_576' title='bbox 1852 3320 1972 3380; x_wconf 90' lang='lat' dir='ltr'>ritu</span> <span class='ocrx_word' id='word_1_577' title='bbox 2019 3322 2291 3402; x_wconf 91' lang='lat' dir='ltr'>maligno</span> <span class='ocrx_word' id='word_1_578' title='bbox 2336 3333 2647 3388; x_wconf 81' lang='lat' dir='ltr'>vexatum.</span> <span class='ocrx_word' id='word_1_579' title='bbox 2701 3332 2809 3390; x_wconf 87' lang='lat' dir='ltr'>Cui</span> <span class='ocrx_word' id='word_1_580' title='bbox 2872 3341 3119 3395; x_wconf 91' lang='lat' dir='ltr'>sanctus</span> <span class='ocrx_word' id='word_1_581' title='bbox 3170 3353 3409 3399; x_wconf 64' lang='lat' dir='ltr'>manun&#39;</span> 
     </span>
    </p>
   </div>
   <div class='ocr_carea' id='block_1_85' title="bbox 1851 3420 3423 3517">
    <p class='ocr_par' dir='ltr' id='par_1_85' title="bbox 1851 3420 3423 3517">
     <span class='ocr_line' id='line_1_85' title="bbox 1851 3420 3423 3517; baseline 0.014 -38"><span class='ocrx_word' id='word_1_582' title='bbox 1851 3420 2130 3483; x_wconf 83' lang='lat' dir='ltr'>dextram</span> <span class='ocrx_word' id='word_1_583' title='bbox 2160 3424 2225 3484; x_wconf 92' lang='lat' dir='ltr'>in</span> <span class='ocrx_word' id='word_1_584' title='bbox 2261 3432 2451 3504; x_wconf 88' lang='lat' dir='ltr'>caput</span> <span class='ocrx_word' id='word_1_585' title='bbox 2487 3428 2783 3505; x_wconf 78' lang='lat' dir='ltr'>imposuit</span> <span class='ocrx_word' id='word_1_586' title='bbox 2813 3439 2874 3492; x_wconf 91' lang='lat' dir='ltr'>et</span> <span class='ocrx_word' id='word_1_587' title='bbox 2895 3434 3205 3496; x_wconf 90' lang='lat' dir='ltr'>sinistram</span> <span class='ocrx_word' id='word_1_588' title='bbox 3236 3455 3423 3517; x_wconf 91' lang='lat' dir='ltr'>supra</span> 
     </span>
    </p>
   </div>
   <div class='ocr_carea' id='block_1_86' title="bbox 1849 3526 3417 3617">
    <p class='ocr_par' dir='ltr' id='par_1_86' title="bbox 1849 3526 3417 3617">
     <span class='ocr_line' id='line_1_86' title="bbox 1849 3526 3417 3617; baseline 0.013 -36"><span class='ocrx_word' id='word_1_589' title='bbox 1849 3538 1979 3594; x_wconf 88' lang='lat' dir='ltr'>cor,</span> <span class='ocrx_word' id='word_1_590' title='bbox 2005 3539 2074 3583; x_wconf 92' lang='lat' dir='ltr'>ac</span> <span class='ocrx_word' id='word_1_591' title='bbox 2104 3526 2339 3586; x_wconf 90' lang='lat' dir='ltr'>tamdiu</span> <span class='ocrx_word' id='word_1_592' title='bbox 2368 3529 2582 3593; x_wconf 90' lang='lat' dir='ltr'>oravit.</span> <span class='ocrx_word' id='word_1_593' title='bbox 2606 3530 2807 3593; x_wconf 88' lang='lat' dir='ltr'>donec</span> <span class='ocrx_word' id='word_1_594' title='bbox 2830 3532 3075 3596; x_wconf 86' lang='lat' dir='ltr'>fecisset</span> <span class='ocrx_word' id='word_1_595' title='bbox 3097 3554 3238 3598; x_wconf 90' lang='lat' dir='ltr'>eum</span> <span class='ocrx_word' id='word_1_596' title='bbox 3264 3557 3417 3617; x_wconf 31' lang='lat' dir='ltr'>pene</span> 
     </span>
    </p>
   </div>
   <div class='ocr_carea' id='block_1_87' title="bbox 1849 3620 3420 3715">
    <p class='ocr_par' dir='ltr' id='par_1_87' title="bbox 1849 3620 3420 3715">
     <span class='ocr_line' id='line_1_87' title="bbox 1849 3620 3420 3715; baseline 0.015 -35"><span class='ocrx_word' id='word_1_597' title='bbox 1849 3620 1997 3682; x_wconf 86' lang='lat' dir='ltr'>dere</span> <span class='ocrx_word' id='word_1_598' title='bbox 2019 3623 2082 3683; x_wconf 90' lang='lat' dir='ltr'>in</span> <span class='ocrx_word' id='word_1_599' title='bbox 2103 3641 2268 3686; x_wconf 91' lang='lat' dir='ltr'>aere.</span> <span class='ocrx_word' id='word_1_600' title='bbox 2299 3627 2461 3687; x_wconf 91' lang='lat' dir='ltr'>Puer</span> <span class='ocrx_word' id='word_1_601' title='bbox 2481 3629 2687 3706; x_wconf 89' lang='lat' dir='ltr'>igitur,</span> <span class='ocrx_word' id='word_1_602' title='bbox 2712 3633 2869 3693; x_wconf 91' lang='lat' dir='ltr'>sicut</span> <span class='ocrx_word' id='word_1_603' title='bbox 2897 3642 3037 3696; x_wconf 92' lang='lat' dir='ltr'>uter</span> <span class='ocrx_word' id='word_1_604' title='bbox 3062 3636 3331 3715; x_wconf 86' lang='lat' dir='ltr'>inﬂatus,</span> <span class='ocrx_word' id='word_1_605' title='bbox 3357 3649 3420 3705; x_wconf 87' lang='lat' dir='ltr'>in</span> 
     </span>
    </p>
   </div>
   <div class='ocr_carea' id='block_1_88' title="bbox 1849 3726 3418 3821">
    <p class='ocr_par' dir='ltr' id='par_1_88' title="bbox 1849 3726 3418 3821">
     <span class='ocr_line' id='line_1_88' title="bbox 1849 3726 3418 3821; baseline 0.017 -43"><span class='ocrx_word' id='word_1_606' title='bbox 1849 3740 2115 3800; x_wconf 70' lang='lat' dir='ltr'>corpore</span> <span class='ocrx_word' id='word_1_607' title='bbox 2138 3726 2561 3806; x_wconf 85' lang='lat' dir='ltr'>maximOpere</span> <span class='ocrx_word' id='word_1_608' title='bbox 2593 3732 2907 3808; x_wconf 87' lang='lat' dir='ltr'>intumuit,</span> <span class='ocrx_word' id='word_1_609' title='bbox 2940 3736 3190 3812; x_wconf 90' lang='lat' dir='ltr'>deinde,</span> <span class='ocrx_word' id='word_1_610' title='bbox 3227 3759 3418 3821; x_wconf 91' lang='lat' dir='ltr'>quum</span> 
     </span>
    </p>
   </div>
   <div class='ocr_carea' id='block_1_89' title="bbox 1848 3824 3419 3922">
    <p class='ocr_par' dir='ltr' id='par_1_89' title="bbox 1848 3824 3419 3922">
     <span class='ocr_line' id='line_1_89' title="bbox 1848 3824 3419 3922; baseline 0.017 -41"><span class='ocrx_word' id='word_1_611' title='bbox 1848 3824 2009 3883; x_wconf 85' lang='lat' dir='ltr'>subit</span> <span class='ocrx_word' id='word_1_612' title='bbox 2043 3848 2052 3863; x_wconf 74' lang='grc' dir='ltr'>ι</span> <span class='ocrx_word' id='word_1_613' title='bbox 2090 3825 2512 3903; x_wconf 70' lang='lat' dir='ltr'>exclamasset,</span> <span class='ocrx_word' id='word_1_614' title='bbox 2547 3849 2660 3909; x_wconf 88' lang='lat' dir='ltr'>per</span> <span class='ocrx_word' id='word_1_615' title='bbox 2689 3850 2908 3896; x_wconf 92' lang='lat' dir='ltr'>omnes</span> <span class='ocrx_word' id='word_1_616' title='bbox 2939 3854 3160 3901; x_wconf 91' lang='lat' dir='ltr'>sensus</span> <span class='ocrx_word' id='word_1_617' title='bbox 3193 3859 3419 3922; x_wconf 88' lang='lat' dir='ltr'>aquam</span> 
     </span>
    </p>
   </div>
   <div class='ocr_carea' id='block_1_90' title="bbox 1848 3923 3418 4020">
    <p class='ocr_par' dir='ltr' id='par_1_90' title="bbox 1848 3923 3418 4020">
     <span class='ocr_line' id='line_1_90' title="bbox 1848 3923 3418 4020; baseline 0.017 -39"><span class='ocrx_word' id='word_1_618' title='bbox 1848 3923 2080 3996; x_wconf 89' lang='lat' dir='ltr'>emisit,</span> <span class='ocrx_word' id='word_1_619' title='bbox 2101 3943 2260 4003; x_wconf 81' lang='lat' dir='ltr'>quae</span> <span class='ocrx_word' id='word_1_620' title='bbox 2282 3945 2473 4005; x_wconf 90' lang='lat' dir='ltr'>quum</span> <span class='ocrx_word' id='word_1_621' title='bbox 2496 3930 2801 4007; x_wconf 86' lang='lat' dir='ltr'>desiisset,</span> <span class='ocrx_word' id='word_1_622' title='bbox 2817 3936 2880 3997; x_wconf 90' lang='lat' dir='ltr'>in</span> <span class='ocrx_word' id='word_1_623' title='bbox 2911 3955 3071 4014; x_wconf 91' lang='lat' dir='ltr'>eam,</span> <span class='ocrx_word' id='word_1_624' title='bbox 3097 3960 3218 4020; x_wconf 91' lang='lat' dir='ltr'>qua</span> <span class='ocrx_word' id='word_1_625' title='bbox 3239 3944 3418 4009; x_wconf 90' lang='lat' dir='ltr'>initio</span> 
     </span>
    </p>
   </div>
   <div class='ocr_carea' id='block_1_91' title="bbox 1846 4022 3416 4119">
    <p class='ocr_par' dir='ltr' id='par_1_91' title="bbox 1846 4022 3416 4119">
     <span class='ocr_line' id='line_1_91' title="bbox 1846 4022 3416 4119; baseline 0.017 -38"><span class='ocrx_word' id='word_1_626' title='bbox 1846 4022 2065 4097; x_wconf 87' lang='lat' dir='ltr'>fuerat,</span> <span class='ocrx_word' id='word_1_627' title='bbox 2107 4042 2463 4090; x_wconf 90' lang='lat' dir='ltr'>mensuram</span> <span class='ocrx_word' id='word_1_628' title='bbox 2507 4034 2706 4094; x_wconf 89' lang='lat' dir='ltr'>rediit.</span> <span class='ocrx_word' id='word_1_629' title='bbox 2730 4036 3013 4117; x_wconf 87' lang='lat' dir='ltr'>Eumque</span> <span class='ocrx_word' id='word_1_630' title='bbox 3050 4058 3245 4119; x_wconf 91' lang='lat' dir='ltr'>quum</span> <span class='ocrx_word' id='word_1_631' title='bbox 3273 4046 3416 4109; x_wconf 88' lang='lat' dir='ltr'>oleo</span> 
     </span>
    </p>
   </div>
   <div class='ocr_carea' id='block_1_92' title="bbox 1845 4123 3413 4219">
    <p class='ocr_par' dir='ltr' id='par_1_92' title="bbox 1845 4123 3413 4219">
     <span class='ocr_line' id='line_1_92' title="bbox 1845 4123 3413 4219; baseline 0.018 -41"><span class='ocrx_word' id='word_1_632' title='bbox 1845 4126 2058 4181; x_wconf 89' lang='lat' dir='ltr'>sancto</span> <span class='ocrx_word' id='word_1_633' title='bbox 2084 4123 2363 4185; x_wconf 80' lang='lat' dir='ltr'>tinxisset</span> <span class='ocrx_word' id='word_1_634' title='bbox 2384 4134 2444 4186; x_wconf 91' lang='lat' dir='ltr'>et</span> <span class='ocrx_word' id='word_1_635' title='bbox 2467 4145 2626 4207; x_wconf 91' lang='lat' dir='ltr'>aqua</span> <span class='ocrx_word' id='word_1_636' title='bbox 2659 4131 2985 4196; x_wconf 89' lang='lat' dir='ltr'>benedicta</span> <span class='ocrx_word' id='word_1_637' title='bbox 3015 4140 3413 4219; x_wconf 87' lang='lat' dir='ltr'>perfudisset,</span> 
     </span>
    </p>
   </div>
   <div class='ocr_carea' id='block_1_93' title="bbox 1844 4218 3414 4309">
    <p class='ocr_par' dir='ltr' id='par_1_93' title="bbox 1844 4218 3414 4309">
     <span class='ocr_line' id='line_1_93' title="bbox 1844 4218 3414 4309; baseline 0.022 -35"><span class='ocrx_word' id='word_1_638' title='bbox 1844 4218 2003 4295; x_wconf 87' lang='lat' dir='ltr'>patri</span> <span class='ocrx_word' id='word_1_639' title='bbox 2032 4219 2323 4295; x_wconf 89' lang='lat' dir='ltr'>reddidit,</span> <span class='ocrx_word' id='word_1_640' title='bbox 2346 4241 2417 4285; x_wconf 92' lang='lat' dir='ltr'>ac</span> <span class='ocrx_word' id='word_1_641' title='bbox 2442 4227 2655 4300; x_wconf 88' lang='lat' dir='ltr'>vetuit,</span> <span class='ocrx_word' id='word_1_642' title='bbox 2689 4247 2767 4290; x_wconf 90' lang='lat' dir='ltr'>ne</span> <span class='ocrx_word' id='word_1_643' title='bbox 2785 4250 3033 4297; x_wconf 87' lang='lat' dir='ltr'>carnem</span> <span class='ocrx_word' id='word_1_644' title='bbox 3059 4257 3175 4303; x_wconf 89' lang='lat' dir='ltr'>nec</span> <span class='ocrx_word' id='word_1_645' title='bbox 3201 4245 3414 4309; x_wconf 89' lang='lat' dir='ltr'>vinum</span> 
     </span>
    </p>
   </div>
   <div class='ocr_carea' id='block_1_94' title="bbox 1842 4317 3413 4421">
    <p class='ocr_par' dir='ltr' id='par_1_94' title="bbox 1842 4317 3413 4421">
     <span class='ocr_line' id='line_1_94' title="bbox 1842 4317 3413 4421; baseline 0.022 -47"><span class='ocrx_word' id='word_1_646' title='bbox 1842 4317 2172 4394; x_wconf 89' lang='lat' dir='ltr'>attingeret</span> <span class='ocrx_word' id='word_1_647' title='bbox 2204 4322 2609 4401; x_wconf 90' lang='lat' dir='ltr'>quadraginta</span> <span class='ocrx_word' id='word_1_648' title='bbox 2640 4327 2882 4393; x_wconf 91' lang='lat' dir='ltr'>diebus.</span> <span class='ocrx_word' id='word_1_649' title='bbox 2914 4336 3116 4400; x_wconf 88' lang='lat' dir='ltr'>Puero</span> <span class='ocrx_word' id='word_1_650' title='bbox 3156 4343 3413 4421; x_wconf 90' lang='lat' dir='ltr'>quidem</span> 
     </span>
    </p>
   </div>
   <div class='ocr_carea' id='block_1_95' title="bbox 1842 4414 2579 4484">
    <p class='ocr_par' dir='ltr' id='par_1_95' title="bbox 1842 4414 2579 4484">
     <span class='ocr_line' id='line_1_95' title="bbox 1842 4414 2579 4484; baseline 0.015 -11"><span class='ocrx_word' id='word_1_651' title='bbox 1842 4414 1924 4475; x_wconf 90' lang='lat' dir='ltr'>ita</span> <span class='ocrx_word' id='word_1_652' title='bbox 1946 4423 2159 4477; x_wconf 89' lang='lat' dir='ltr'>sanato</span> <span class='ocrx_word' id='word_1_653' title='bbox 2191 4435 2300 4479; x_wconf 90' lang='lat' dir='ltr'>eos</span> <span class='ocrx_word' id='word_1_654' title='bbox 2330 4421 2579 4484; x_wconf 90' lang='lat' dir='ltr'>dimisit.</span> 
     </span>
    </p>
   </div>
   <div class='ocr_carea' id='block_1_96' title="bbox 1838 4642 3411 4740">
    <p class='ocr_par' dir='ltr' id='par_1_96' title="bbox 1838 4642 3411 4740">
     <span class='ocr_line' id='line_1_96' title="bbox 1838 4642 3411 4740; baseline 0.022 -43"><span class='ocrx_word' id='word_1_655' title='bbox 1838 4647 1981 4700; x_wconf 90' lang='lat' dir='ltr'>runt</span> <span class='ocrx_word' id='word_1_656' title='bbox 2009 4642 2417 4717; x_wconf 91' lang='lat' dir='ltr'>cogitationes</span> <span class='ocrx_word' id='word_1_657' title='bbox 2447 4665 2642 4711; x_wconf 91' lang='lat' dir='ltr'>vanae</span> <span class='ocrx_word' id='word_1_658' title='bbox 2684 4653 2939 4732; x_wconf 89' lang='lat' dir='ltr'>gloriae,</span> <span class='ocrx_word' id='word_1_659' title='bbox 2991 4680 3152 4740; x_wconf 90' lang='lat' dir='ltr'>quae</span> <span class='ocrx_word' id='word_1_660' title='bbox 3194 4682 3335 4728; x_wconf 90' lang='lat' dir='ltr'>eum</span> <span class='ocrx_word' id='word_1_661' title='bbox 3376 4690 3411 4731; x_wconf 89' lang='lat' dir='ltr'>e</span> 
     </span>
    </p>
   </div>
   <div class='ocr_carea' id='block_1_97' title="bbox 1836 4738 3408 4845">
    <p class='ocr_par' dir='ltr' id='par_1_97' title="bbox 1836 4738 3408 4845">
     <span class='ocr_line' id='line_1_97' title="bbox 1836 4738 3408 4845; baseline 0.021 -46"><span class='ocrx_word' id='word_1_662' title='bbox 1836 4738 1989 4800; x_wconf 89' lang='lat' dir='ltr'>cella</span> <span class='ocrx_word' id='word_1_663' title='bbox 2023 4740 2247 4803; x_wconf 88' lang='lat' dir='ltr'>eiicere</span> <span class='ocrx_word' id='word_1_664' title='bbox 2278 4751 2613 4823; x_wconf 90' lang='lat' dir='ltr'>tentarunt,</span> <span class='ocrx_word' id='word_1_665' title='bbox 2651 4753 2753 4821; x_wconf 85' lang='lat'>73</span> <span class='ocrx_word' id='word_1_666' title='bbox 2779 4762 2837 4815; x_wconf 93' lang='lat' dir='ltr'>et</span> <span class='ocrx_word' id='word_1_667' title='bbox 2859 4738 3301 4837; x_wconf 78' lang='lat' dir='ltr'>suggesserunt</span> <span class='ocrx_word' id='word_1_668' title='bbox 3326 4771 3408 4845; x_wconf 90' lang='lat' dir='ltr'>ei,</span> 
     </span>
    </p>
   </div>
   <div class='ocr_carea' id='block_1_98' title="bbox 1834 4838 3405 4935">
    <p class='ocr_par' dir='ltr' id='par_1_98' title="bbox 1834 4838 3405 4935">
     <span class='ocr_line' id='line_1_98' title="bbox 1834 4838 3405 4935; baseline 0.02 -40"><span class='ocrx_word' id='word_1_669' title='bbox 1834 4845 1904 4896; x_wconf 91' lang='lat' dir='ltr'>ut</span> <span class='ocrx_word' id='word_1_670' title='bbox 1932 4838 2409 4916; x_wconf 90' lang='lat' dir='ltr'>dispensationis</span> <span class='ocrx_word' id='word_1_671' title='bbox 2439 4848 2629 4921; x_wconf 86' lang='lat' dir='ltr'>gratia</span> <span class='ocrx_word' id='word_1_672' title='bbox 2660 4852 2919 4914; x_wconf 91' lang='lat' dir='ltr'>Romam</span> <span class='ocrx_word' id='word_1_673' title='bbox 2950 4869 3260 4935; x_wconf 85' lang='lat' dir='ltr'>pergeret,</span> <span class='ocrx_word' id='word_1_674' title='bbox 3288 4838 3405 4927; x_wconf 45' lang='lat' dir='ltr'>ius;</span> 
     </span>
    </p>
   </div>
   <div class='ocr_carea' id='block_1_99' title="bbox 1834 4942 3405 5036">
    <p class='ocr_par' dir='ltr' id='par_1_99' title="bbox 1834 4942 3405 5036">
     <span class='ocr_line' id='line_1_99' title="bbox 1834 4942 3405 5036; baseline 0.022 -41"><span class='ocrx_word' id='word_1_675' title='bbox 1834 4942 2085 5016; x_wconf 88' lang='lat' dir='ltr'>tamque</span> <span class='ocrx_word' id='word_1_676' title='bbox 2110 4958 2359 5004; x_wconf 90' lang='lat' dir='ltr'>causam</span> <span class='ocrx_word' id='word_1_677' title='bbox 2382 4945 2729 5023; x_wconf 87' lang='lat' dir='ltr'>allegarunt</span> <span class='ocrx_word' id='word_1_678' title='bbox 2752 4957 3140 5019; x_wconf 89' lang='lat' dir='ltr'>sanationem</span> <span class='ocrx_word' id='word_1_679' title='bbox 3163 4980 3405 5036; x_wconf 90' lang='lat' dir='ltr'>eorum,</span> 
     </span>
    </p>
   </div>
   <div class='ocr_carea' id='block_1_100' title="bbox 1835 5034 3407 5129">
    <p class='ocr_par' dir='ltr' id='par_1_100' title="bbox 1835 5034 3407 5129">
     <span class='ocr_line' id='line_1_100' title="bbox 1835 5034 3407 5129; baseline 0.024 -37"><span class='ocrx_word' id='word_1_680' title='bbox 1835 5034 1943 5112; x_wconf 90' lang='lat' dir='ltr'>qui</span> <span class='ocrx_word' id='word_1_681' title='bbox 1983 5035 2070 5097; x_wconf 89' lang='lat' dir='ltr'>ibi</span> <span class='ocrx_word' id='word_1_682' title='bbox 2117 5048 2282 5102; x_wconf 87' lang='lat' dir='ltr'>sunt.</span> <span class='ocrx_word' id='word_1_683' title='bbox 2330 5043 2745 5111; x_wconf 86' lang='lat' dir='ltr'>inﬁrmorum.</span> <span class='ocrx_word' id='word_1_684' title='bbox 2782 5054 2973 5117; x_wconf 89' lang='lat' dir='ltr'>Valde</span> <span class='ocrx_word' id='word_1_685' title='bbox 3013 5061 3179 5122; x_wconf 92' lang='lat' dir='ltr'>enim</span> <span class='ocrx_word' id='word_1_686' title='bbox 3218 5064 3283 5126; x_wconf 91' lang='lat' dir='ltr'>in</span> <span class='ocrx_word' id='word_1_687' title='bbox 3330 5034 3407 5129; x_wconf 71' lang='lat' dir='ltr'>ea</span> 
     </span>
    </p>
   </div>
   <div class='ocr_carea' id='block_1_101' title="bbox 1833 5134 3401 5233">
    <p class='ocr_par' dir='ltr' id='par_1_101' title="bbox 1833 5134 3401 5233">
     <span class='ocr_line' id='line_1_101' title="bbox 1833 5134 3401 5233; baseline 0.021 -40"><span class='ocrx_word' id='word_1_688' title='bbox 1833 5134 2129 5199; x_wconf 89' lang='lat' dir='ltr'>adversus</span> <span class='ocrx_word' id='word_1_689' title='bbox 2181 5141 2435 5219; x_wconf 90' lang='lat' dir='ltr'>spiritus</span> <span class='ocrx_word' id='word_1_690' title='bbox 2482 5151 2856 5226; x_wconf 86' lang='lat' dir='ltr'>Operabatur</span> <span class='ocrx_word' id='word_1_691' title='bbox 2895 5156 3086 5233; x_wconf 86' lang='lat' dir='ltr'>gratia</span> <span class='ocrx_word' id='word_1_692' title='bbox 3132 5163 3401 5227; x_wconf 88' lang='lat' dir='ltr'>Domini.</span> 
     </span>
    </p>
   </div>
   <div class='ocr_carea' id='block_1_102' title="bbox 1832 5239 3402 5344">
    <p class='ocr_par' dir='ltr' id='par_1_102' title="bbox 1832 5239 3402 5344">
     <span class='ocr_line' id='line_1_102' title="bbox 1832 5239 3402 5344; baseline 0.022 -48"><span class='ocrx_word' id='word_1_693' title='bbox 1832 5239 2045 5315; x_wconf 88' lang='lat' dir='ltr'>Longo</span> <span class='ocrx_word' id='word_1_694' title='bbox 2074 5250 2279 5303; x_wconf 90' lang='lat' dir='ltr'>autem</span> <span class='ocrx_word' id='word_1_695' title='bbox 2308 5252 2593 5327; x_wconf 90' lang='lat' dir='ltr'>tempore</span> <span class='ocrx_word' id='word_1_696' title='bbox 2628 5253 2705 5312; x_wconf 90' lang='lat' dir='ltr'>ab</span> <span class='ocrx_word' id='word_1_697' title='bbox 2735 5254 2808 5315; x_wconf 90' lang='lat' dir='ltr'>iis</span> <span class='ocrx_word' id='word_1_698' title='bbox 2840 5263 3167 5335; x_wconf 90' lang='lat' dir='ltr'>tentatum,</span> <span class='ocrx_word' id='word_1_699' title='bbox 3208 5286 3402 5344; x_wconf 88' lang='lat' dir='ltr'>quum</span> 
     </span>
    </p>
   </div>
   <div class='ocr_carea' id='block_1_103' title="bbox 1831 5342 3399 5444">
    <p class='ocr_par' dir='ltr' id='par_1_103' title="bbox 1831 5342 3399 5444">
     <span class='ocr_line' id='line_1_103' title="bbox 1831 5342 3399 5444; baseline 0.02 -47"><span class='ocrx_word' id='word_1_700' title='bbox 1831 5354 1957 5399; x_wconf 90' lang='lat' dir='ltr'>non</span> <span class='ocrx_word' id='word_1_701' title='bbox 1995 5342 2353 5419; x_wconf 90' lang='lat' dir='ltr'>obediisset,</span> <span class='ocrx_word' id='word_1_702' title='bbox 2396 5356 2465 5410; x_wconf 93' lang='lat' dir='ltr'>ut</span> <span class='ocrx_word' id='word_1_703' title='bbox 2515 5355 2935 5431; x_wconf 88' lang='lat' dir='ltr'>egrederetur,</span> <span class='ocrx_word' id='word_1_704' title='bbox 2968 5364 3170 5425; x_wconf 91' lang='lat' dir='ltr'>acrius</span> <span class='ocrx_word' id='word_1_705' title='bbox 3204 5342 3399 5444; x_wconf 80' lang='lat' dir='ltr'>agita-</span> 
     </span>
    </p>
   </div>
   <div class='ocr_carea' id='block_1_104' title="bbox 1831 5436 3401 5531">
    <p class='ocr_par' dir='ltr' id='par_1_104' title="bbox 1831 5436 3401 5531">
     <span class='ocr_line' id='line_1_104' title="bbox 1831 5436 3401 5531; baseline 0.023 -37"><span class='ocrx_word' id='word_1_706' title='bbox 1831 5446 1995 5498; x_wconf 82' lang='lat' dir='ltr'>runt.</span> <span class='ocrx_word' id='word_1_707' title='bbox 2026 5436 2369 5507; x_wconf 90' lang='lat' dir='ltr'>Prostratus</span> <span class='ocrx_word' id='word_1_708' title='bbox 2408 5449 2595 5526; x_wconf 91' lang='lat' dir='ltr'>igitur</span> <span class='ocrx_word' id='word_1_709' title='bbox 2615 5463 2861 5517; x_wconf 90' lang='lat' dir='ltr'>sanctus</span> <span class='ocrx_word' id='word_1_710' title='bbox 2881 5459 2943 5519; x_wconf 92' lang='lat' dir='ltr'>in</span> <span class='ocrx_word' id='word_1_711' title='bbox 2968 5460 3179 5525; x_wconf 90' lang='lat' dir='ltr'>limine</span> <span class='ocrx_word' id='word_1_712' title='bbox 3208 5436 3401 5531; x_wconf 74' lang='lat' dir='ltr'>cellae</span> 
     </span>
    </p>
   </div>
   <div class='ocr_carea' id='block_1_105' title="bbox 1831 5541 3401 5641">
    <p class='ocr_par' dir='ltr' id='par_1_105' title="bbox 1831 5541 3401 5641">
     <span class='ocr_line' id='line_1_105' title="bbox 1831 5541 3401 5641; baseline 0.021 -45"><span class='ocrx_word' id='word_1_713' title='bbox 1831 5553 1979 5598; x_wconf 90' lang='lat' dir='ltr'>suae</span> <span class='ocrx_word' id='word_1_714' title='bbox 2000 5541 2191 5617; x_wconf 89' lang='lat' dir='ltr'>pedes</span> <span class='ocrx_word' id='word_1_715' title='bbox 2210 5542 2378 5605; x_wconf 82' lang='lat' dir='ltr'>foras</span> <span class='ocrx_word' id='word_1_716' title='bbox 2398 5550 2619 5622; x_wconf 76' lang='lat' dir='ltr'>emisit,</span> <span class='ocrx_word' id='word_1_717' title='bbox 2647 5553 3184 5641; x_wconf 89' lang='lat' dir='ltr'>daemonibusque</span> <span class='ocrx_word' id='word_1_718' title='bbox 3206 5584 3401 5629; x_wconf 87' lang='lat' dir='ltr'>vanae</span> 
     </span>
    </p>
   </div>
   <div class='ocr_carea' id='block_1_106' title="bbox 1832 5634 3397 5733">
    <p class='ocr_par' dir='ltr' id='par_1_106' title="bbox 1832 5634 3397 5733">
     <span class='ocr_line' id='line_1_106' title="bbox 1832 5634 3397 5733; baseline 0.023 -40"><span class='ocrx_word' id='word_1_719' title='bbox 1832 5634 2061 5710; x_wconf 91' lang='lat' dir='ltr'>gloriae</span> <span class='ocrx_word' id='word_1_720' title='bbox 2088 5657 2099 5698; x_wconf 91' lang='lat'><strong>:</strong></span> <span class='ocrx_word' id='word_1_721' title='bbox 2123 5642 2394 5717; x_wconf 88' lang='lat' dir='ltr'>Trahite,</span> <span class='ocrx_word' id='word_1_722' title='bbox 2415 5647 2640 5726; x_wconf 88' lang='lat' dir='ltr'>inquit,</span> <span class='ocrx_word' id='word_1_723' title='bbox 2666 5670 2763 5713; x_wconf 92' lang='lat' dir='ltr'>me</span> <span class='ocrx_word' id='word_1_724' title='bbox 2788 5663 2848 5715; x_wconf 92' lang='lat' dir='ltr'>et</span> <span class='ocrx_word' id='word_1_725' title='bbox 2875 5634 3104 5733; x_wconf 67' lang='lat' dir='ltr'>vellite,</span> <span class='ocrx_word' id='word_1_726' title='bbox 3139 5665 3397 5727; x_wconf 75' lang='lat' dir='ltr'>daemo~</span> 
     </span>
    </p>
   </div>
   <div class='ocr_carea' id='block_1_107' title="bbox 1830 5735 3401 5836">
    <p class='ocr_par' dir='ltr' id='par_1_107' title="bbox 1830 5735 3401 5836">
     <span class='ocr_line' id='line_1_107' title="bbox 1830 5735 3401 5836; baseline 0.024 -45"><span class='ocrx_word' id='word_1_727' title='bbox 1830 5749 1964 5805; x_wconf 90' lang='lat' dir='ltr'>nes,</span> <span class='ocrx_word' id='word_1_728' title='bbox 1997 5735 2045 5795; x_wconf 91' lang='lat' dir='ltr'>si</span> <span class='ocrx_word' id='word_1_729' title='bbox 2082 5741 2361 5814; x_wconf 89' lang='lat' dir='ltr'>potestis.</span> <span class='ocrx_word' id='word_1_730' title='bbox 2399 5747 2527 5821; x_wconf 89' lang='lat' dir='ltr'>Ego</span> <span class='ocrx_word' id='word_1_731' title='bbox 2562 5751 2729 5811; x_wconf 90' lang='lat' dir='ltr'>enim</span> <span class='ocrx_word' id='word_1_732' title='bbox 2768 5757 2922 5817; x_wconf 90' lang='lat' dir='ltr'>meis</span> <span class='ocrx_word' id='word_1_733' title='bbox 2954 5761 3216 5836; x_wconf 87' lang='lat' dir='ltr'>pedibus</span> <span class='ocrx_word' id='word_1_734' title='bbox 3248 5764 3401 5830; x_wconf 79' lang='lat' dir='ltr'>alias</span> 
     </span>
    </p>
   </div>
   <div class='ocr_carea' id='block_1_108' title="bbox 1831 5836 3396 5940">
    <p class='ocr_par' dir='ltr' id='par_1_108' title="bbox 1831 5836 3396 5940">
     <span class='ocr_line' id='line_1_108' title="bbox 1831 5836 3396 5940; baseline 0.021 -47"><span class='ocrx_word' id='word_1_735' title='bbox 1831 5850 1958 5896; x_wconf 90' lang='lat' dir='ltr'>non</span> <span class='ocrx_word' id='word_1_736' title='bbox 1984 5836 2190 5900; x_wconf 88' lang='lat' dir='ltr'>abibo.</span> <span class='ocrx_word' id='word_1_737' title='bbox 2241 5842 2347 5903; x_wconf 91' lang='lat' dir='ltr'>Sin</span> <span class='ocrx_word' id='word_1_738' title='bbox 2396 5849 2652 5923; x_wconf 90' lang='lat' dir='ltr'>potestis</span> <span class='ocrx_word' id='word_1_739' title='bbox 2680 5852 2862 5915; x_wconf 88' lang='lat' dir='ltr'>talem</span> <span class='ocrx_word' id='word_1_740' title='bbox 2906 5875 3007 5920; x_wconf 92' lang='lat' dir='ltr'>me</span> <span class='ocrx_word' id='word_1_741' title='bbox 3045 5861 3396 5940; x_wconf 82' lang='lat' dir='ltr'>deportare,</span> 
     </span>
    </p>
   </div>
  </div>
