4266 6360
786 370 846 422 Ἠ
1625 369 1721 422 SS.
1766 369 2219 423 MACAIHORUM
2262 368 2572 423 AEGYPT‘lI
2617 368 2704 422 ET
2744 367 3206 424 ALEXANDRINI
3962 371 4023 425 τε

786 502 913 562 quo
952 485 1150 547 dicitis
1182 487 1559 565 perveniam.
1588 491 1781 566 Atque
1818 490 2029 549 iuravit
2058 489 2132 549 iis
2183 507 2192 540 τ
2229 488 2349 560 Sic,
2384 493 2427 545 Α
2457 486 2675 547 Christi
2700 504 2816 564 ego
2840 487 3182 558 observavi,
3208 487 3410 546 Marco
3447 484 3839 545 exercitatori
3872 503 4025 548 nun-

784 587 1011 667 inquit,
1059 588 1277 649 iacebo
1307 606 1508 667 usque
1547 588 1623 649 ad
1678 608 2023 668 vesperam.
2080 591 2205 651 Nisi
2254 609 2351 651 me

784 688 1121 763 moveritis,
1148 689 1321 749 vobis
1343 706 1469 750 non
1501 689 1810 750 obediam.
1842 692 2043 763 Quum
2064 708 2210 752 vero
2232 692 2347 752 im-

782 794 991 850 motus
1020 788 1368 860 mansisset,
1400 803 1540 848 sero
1575 790 1821 868 vesperi
1848 790 2101 851 tandem
2139 807 2347 851 surre-

782 889 892 948 xit.
953 887 1072 947 Sed
1117 894 1300 949 nocte
1354 888 1723 950 adventante
1756 909 1968 953 rursus
1989 908 2133 953 eum
2169 892 2351 953 vehe-

785 988 1052 1049 mentius
1100 988 1285 1049 etiam
1336 988 1621 1051 insectati
1659 997 1823 1052 sunt.
1871 994 2072 1065 Quare
2104 1000 2351 1054 sanctus

783 1091 1070 1163 surrexit,
1094 1089 1489 1169 duorumque
1527 1091 1659 1153 fere
1687 1093 2045 1155 modiorum
2077 1100 2350 1174 sportam

783 1207 970 1250 arena
1004 1190 1307 1270 implevit,
1342 1210 1464 1271 qua
1497 1191 1773 1255 humeris
1823 1195 2114 1274 imposita
2159 1202 2349 1256 totam

783 1290 1183 1351 solitudinem
1205 1292 1494 1370 pervasit.
1533 1293 1641 1353 Cui
1663 1294 1935 1355 occurrit
1964 1296 2352 1357 Theosebius

782 1390 1101 1451 Cosmetor
1126 1390 1573 1467 Antiochenus,
1607 1399 1666 1453 et
1693 1412 1704 1453 :
1739 1395 1918 1467 Quid,
1949 1396 2174 1475 inquit,
2199 1414 2350 1476 por-

783 1497 897 1563 tas,
921 1488 1128 1551 abba?
1151 1492 1312 1553 Cede
1340 1492 1493 1553 mihi
1523 1510 1705 1567 onus,
1722 1511 1879 1555 neve
1906 1496 2044 1574 ipse
2074 1496 2347 1557 vexerisl

780 1590 889 1651 Ille
920 1598 1126 1652 autem
1161 1610 1171 1651 :
1208 1594 1399 1665 Vexo,
1432 1593 1656 1672 inquit,
1692 1612 1859 1668 eum,
1893 1596 2000 1674 qui
2031 1613 2131 1656 me
2153 1603 2350 1657 vexat.

780 1694 920 1771 Ipse
936 1693 1102 1753 enim
1125 1710 1317 1771 quum
1338 1693 1599 1755 lascivus
1622 1694 1719 1767 sit,
1744 1695 1896 1754 mihi
1913 1697 2356 1773 peregrinatio-

2458 608 2644 667 quam
2680 607 2777 650 me
2811 590 3058 651 dedisse
3098 588 3503 661 oblationem,
3540 588 3647 649 scd
3683 588 3939 665 angelus
3967 591 4023 652 ei

2455 691 2639 753 dabat
2678 692 2755 752 de
2798 691 2995 753 altari.
3034 694 3163 769 Ego
3194 708 3340 751 vero
3381 690 3582 751 solum
3628 688 4025 768 splendorem

2454 810 2674 854 manus
2707 792 2831 853 vidi
2864 794 3018 865 eius,
3053 793 3159 872 qui
3183 793 3240 853 ei
3276 792 3656 853 oblationem
3679 791 3881 851 dabat.
3913 792 4024 853 Hic

2452 908 2600 951 vero
2648 893 2888 953 Marcus
2918 908 3112 970 quum
3159 890 3368 952 iunior
3405 896 3570 951 esset
3612 888 3715 966 (6),
3748 896 3923 950 vetus
3968 898 4027 950 et

2452 1010 2684 1053 novum
2722 999 3161 1059 testamentum
3206 992 3568 1053 memoriter
3609 991 3844 1063 didicit,
3878 990 4023 1052 fuit-

2452 1111 2577 1172 que
2606 1093 2932 1172 insigniter
2960 1093 3126 1154 mitis
3146 1099 3335 1171 atque
3357 1100 3583 1165 castus,
3604 1092 3655 1152 si
3677 1092 3817 1170 quis
3845 1090 4019 1153 alius.

2533 1218 2561 1251 «
2606 1194 2886 1266 Quodam
2934 1192 3035 1254 die
3065 1210 3261 1271 quum
3300 1192 3495 1253 otium
3543 1191 3697 1253 mihi
3735 1199 3918 1266 esset,
3948 1191 4025 1252 ad

2456 1307 2598 1351 eum
2619 1291 2687 1351 in
2716 1298 2992 1351 extrema
3023 1290 3156 1350 eius
3187 1297 3508 1351 senectute
3536 1290 3807 1369 perrexi.
3832 1292 4025 1362 Quem

2454 1409 2649 1470 quum
2674 1408 2815 1469 ego,
2853 1398 3071 1471 utpote
3100 1390 3209 1469 qui
3240 1390 3412 1452 rudis
3443 1408 3670 1463 essem,
3696 1408 3885 1469 supra
3908 1390 4023 1452 ho-

2455 1492 2688 1553 minem
2723 1508 2858 1552 esse
2883 1491 3325 1565 existimarem,
3366 1498 3435 1552 ut
3462 1493 3647 1551 etiam
3691 1490 3828 1565 fuit,
3866 1493 4027 1553 ostio

2455 1591 2650 1652 cellae
2706 1592 2901 1671 ipsius
2951 1591 3165 1652 adsedi
3201 1598 3280 1663 et,
3315 1592 3466 1670 quid
3521 1590 3883 1669 loqueretur
3932 1591 4027 1651 vel

2454 1702 2686 1769 ageret,
2736 1692 3094 1754 auscultavi.
3147 1692 3329 1753 Solus
3378 1692 3568 1769 igitur
3623 1691 3788 1751 intus
3833 1708 4029 1770 quum

778 1809 893 1853 nes
914 1791 1205 1869 suggerit.
1229 1792 1326 1853 Sic
1361 1809 1507 1853 vero
1524 1811 1717 1871 quum
1740 1812 1805 1855 se
1826 1795 2087 1855 multum
2111 1813 2357 1875 permo-
2388 1840 2432 1898 Β
2454 1794 2577 1853 iam
2628 1800 2877 1854 centum
2935 1793 3067 1853 fere
3123 1810 3321 1854 annos
3381 1791 3639 1852 haberet
3682 1790 4028 1869 dentesque

778 1893 990 1966 visset,
1015 1893 1079 1953 in
1101 1892 1321 1955 cellam
1344 1893 1590 1954 intravit
1614 1895 1879 1956 contrito
1898 1913 2163 1974 corpore
2190 1896 2294 1975 (1).
2321 1922 2347 1951 »
2388 1892 2426 1898 "
2457 1894 2780 1967 amisisset,
2806 1912 3017 1956 secum
3040 1903 3099 1955 et
3128 1912 3271 1956 cum
3300 1894 3550 1955 diabolo
3580 1893 3875 1973 pugnavit
3902 1910 3972 1954 ac
4013 1910 4027 1952 :

860 1994 886 2065 §
922 1990 1013 2051 19.
1034 1992 1201 2053 Haec
1223 1992 1548 2071 hucusque
1564 1994 1834 2054 Historia
1850 1994 2166 2067 Lausiaca,
2191 2012 2351 2072 quae

777 2091 845 2151 in
867 2091 1187 2153 codicibus
1212 2092 1807 2155 Vindobonensibus
1837 2094 2083 2171 legitur,
2119 2096 2233 2155 sub
2262 2096 2353 2155 in-

781 2192 919 2253 dice
954 2210 966 2252 :
997 2193 1082 2254 De
1137 2193 1403 2254 Macario
1459 2193 1899 2255 Alexandrino.
1951 2194 2243 2273 Sequitur
2287 2195 2351 2257 in

781 2294 997 2355 codice
1027 2294 1504 2356 membranaceo
1539 2294 1653 2355 sub
1684 2294 1892 2357 indice
1928 2314 1940 2356 :
1985 2318 2011 2350 (ι
2055 2296 2142 2355 De
2191 2298 2350 2356 Mar-

780 2410 856 2455 co
884 2417 910 2447 »
944 2392 1049 2472 (2),
1074 2394 1139 2454 in
1170 2394 1386 2455 codice
1416 2392 1741 2455 chartaceo
1774 2395 1889 2455 sub
1917 2394 2125 2456 indice
2155 2413 2167 2454 :
2204 2421 2229 2450 ‹‹
2268 2397 2353 2458 De

777 2496 985 2555 Marco
1017 2494 1423 2556 exercitatore
1469 2518 1495 2550 »
1536 2494 1615 2574 (3)
1649 2502 1836 2574 caput
1866 2496 2203 2573 quoddam,
2241 2517 2350 2560 cu-

780 2594 878 2654 ius
901 2594 1169 2655 maxima
1201 2612 1344 2674 pars
1373 2596 1438 2655 in
1469 2594 1650 2656 editis
1683 2596 1990 2657 Historiae
2024 2598 2354 2660 Lausiacae

782 2695 1240 2775 exemplaribus
1286 2696 1363 2757 de
1414 2697 1679 2757 Macario
1734 2696 2149 2758 Alexandrino
2205 2701 2350 2775 agit.

782 2797 999 2874 Neque
1020 2796 1157 2875 ipse
1179 2795 1377 2857 codex
1399 2798 1917 2858 membranaceus
1949 2798 2067 2858 sibi
2089 2806 2351 2872 constat,

784 2895 893 2974 qui
934 2912 1173 2967 senem,
1223 2894 1300 2956 de
1324 2912 1451 2974 quo
1481 2903 1784 2968 narratur,
1822 2897 2011 2958 modo
2057 2901 2351 2971 Marcum,

2453 1995 2608 2067 Quid
2636 1995 2910 2068 tandem,
2945 1996 3171 2075 inquit,
3207 1996 3320 2068 vis,
3346 1994 3505 2056 male
3541 1991 3776 2054 senex?
3806 1994 3898 2054 En
3936 1994 4029 2053 vi-

2453 2113 2604 2157 num
2625 2096 2833 2157 bibisti
2854 2104 2915 2157 et
2936 2096 3145 2159 oleum
3166 2096 3441 2174 tetigisti.
3467 2095 3623 2168 Quid
3654 2096 3742 2157 vis
3763 2093 4033 2174 amplius

2452 2197 2565 2258 tibi
2598 2197 2842 2270 faciam,
2866 2215 3057 2258 vorax
3096 2199 3161 2258 in
3192 2197 3441 2271 canitie,
3476 2196 3751 2257 serviens
3780 2194 4034 2257 ventri?

2452 2300 2542 2359 Ita
2576 2315 2642 2359 se
2667 2298 2804 2376 ipse
2834 2298 3231 2359 contumeliis
3263 2298 3881 2374 castigavit.Diabolo
3914 2315 4029 2358 au-

2454 2404 2581 2459 tem
2619 2416 2631 2458 :
2669 2398 2939 2473 Recede,
2979 2398 3204 2476 inquit,
3245 2415 3279 2459 a
3308 2414 3432 2469 me,
3486 2397 3753 2459 diabole.
3805 2400 4035 2459 Conse-

2455 2497 2644 2557 nuisti
2666 2514 2913 2558 mecum
2939 2498 3004 2557 in
3036 2497 3305 2577 pigritia.
3337 2496 3764 2557 Inﬁrmitatem
3796 2514 4032 2577 corpo-

2456 2598 2539 2657 ris
2558 2596 2712 2657 mihi
2742 2597 3040 2657 inﬂixisti.
3089 2598 3317 2657 Vinum
3348 2604 3407 2657 et
3447 2595 3655 2657 oleum
3694 2613 3793 2656 me
3835 2599 4039 2675 perci-

2456 2713 2606 2775 pere
2637 2695 2856 2757 fecisti.
2890 2696 3323 2774 Voluptarium
3376 2713 3477 2757 me
3509 2696 3854 2757 reddidisti.
3876 2700 3982 2769 Ου’

2456 2797 2567 2858 tibi
2592 2798 2851 2876 insuper
2880 2796 3121 2858 debeo?
3155 2796 3318 2857 Nihil
3346 2797 3591 2857 invenis
3621 2797 3683 2856 in
3707 2814 3828 2869 me,
3861 2799 4036 2875 quod

2458 2896 2747 2975 deripere
2781 2896 2955 2957 velis.
2994 2896 3243 2957 Recede
3272 2912 3475 2972 ergoa
3495 2912 3618 2960 me.
3640 2895 3891 2955 inimice
3924 2894 4041 2955 ho-

785 2995 976 3057 modo
1028 2994 1363 3055 Macarium
1419 2994 1671 3055 indicat.
1730 2995 2098 3057 Chartaceus
2148 3005 2356 3059 autem
2458 2998 2722 3059 minum.
2773 3002 2857 3059 Ac
2903 2998 3093 3059 veluti
3136 2997 3292 3058 latro
3343 2996 3448 3066 75
3506 2996 3624 3056 sibi
3658 2996 3793 3074 ipse
3830 3013 3842 3055 :
3882 3000 4042 3073 Age-

785 3110 1037 3173 semper
1072 3092 1329 3171 quidem
1366 3094 1639 3153 Marcum
1686 3095 1990 3169 nominat,
2024 3113 2212 3174 quem
2256 3104 2352 3159 ta-
2400 3172 2416 3177 Α
2460 3097 2631 3170 dum,
2663 3099 2889 3177 inquit,
2923 3106 3210 3176 nugator,
3246 3098 3311 3157 in
3340 3096 3566 3157 canitie
3599 3104 3848 3157 vorator
3880 3104 3941 3157 et
3970 3098 4039 3157 in

785 3172 941 3254 men
962 3209 1149 3271 saepe
1170 3204 1202 3255 ό
1230 3201 1515 3269 μακάριος
1541 3202 1771 3270 μάρκος
1802 3192 1883 3272 (4)
1920 3192 2028 3263 74
2046 3172 2350 3273 appellat.
2387 3172 2429 3229 ο
2463 3197 2470 3258 l

2387 3172 2429 3229 ο
2463 3197 2823 3259 heluatione
2855 3216 3047 3259 senex
3068 3198 3079 3259 l
3103 3197 3411 3271 Quamdiu
3434 3199 3618 3259 etiam
3648 3205 3856 3259 tecum
3889 3195 4041 3258 ero?

785 3294 953 3366 Quae
978 3310 1173 3372 quum
1196 3293 1279 3353 ita
1301 3293 1444 3366 sint,
1459 3291 1552 3354 fas
1574 3294 1711 3366 erit,
1732 3293 1851 3355 hoc
1873 3310 2128 3373 quoque
2148 3300 2353 3374 caput,
2541 3320 2570 3352 α
2617 3296 3004 3375 Paphnutius
3020 3313 3275 3375 quoque
3294 3295 3515 3356 Christi
3533 3314 3745 3357 servus
3770 3303 3831 3357 et
3860 3314 4045 3375 prae-

789 3394 962 3473 quod
1020 3395 1085 3455 in
1139 3394 1463 3455 codicibus
1513 3393 2108 3454 Vindobonensibus
2148 3413 2161 3454 :
2206 3419 2235 3450 «ι
2272 3396 2358 3455 De
2460 3397 2608 3458 clari
2630 3396 2815 3458 huius
2842 3397 2955 3457 viri
2978 3397 3320 3476 discipulus
3347 3396 3500 3458 haec
3522 3397 3704 3457 nobis
3728 3396 4034 3457 narravit:

788 3497 995 3557 Marco
1038 3518 1067 3550 ››
1112 3495 1491 3568 inscribitur,
1523 3512 1845 3573 apponere
1876 3500 1959 3567 et,
1992 3513 2141 3555 num
2177 3495 2241 3556 in
2282 3514 2358 3557 eo
2460 3496 2763 3569 Quodam,
2818 3496 3046 3574 inquit,
3093 3495 3217 3570 die,
3273 3513 3467 3574 quum
3528 3496 3830 3555 Macarius
3865 3495 4043 3555 domi

790 3595 868 3657 de
896 3598 1124 3670 Marco,
1162 3614 1241 3658 an
1267 3596 1344 3657 de
1374 3596 1640 3658 Macario
1684 3602 1988 3668 narretur,
2025 3596 2353 3675 dispicere.

789 3694 967 3767 Quod
998 3694 1251 3773 quidem
1280 3694 1365 3754 ita
1391 3694 1866 3772 praestabimus,
1898 3699 1967 3753 ut
1986 3700 2221 3753 textum
2245 3712 2352 3755 co-

790 3794 946 3856 dicis
983 3793 1442 3855 membranacei
1479 3792 1667 3854 latine
1716 3793 2027 3854 redditum
2073 3810 2355 3872 appona-

788 3912 950 3967 mus,
982 3893 1287 3955 variantes
1308 3899 1514 3953 autem
1545 3893 1815 3953 nominis
1842 3893 2009 3954 senis
2035 3893 2200 3954 illius
2227 3894 2355 3955 lec-

790 3995 1017 4068 tiones,
1051 4009 1211 4072 quae
1256 3993 1322 4052 in
1379 3992 1597 4053 codice
1646 3991 1972 4055 chartaceo
2026 3992 2353 4066 habentur,

790 4096 906 4156 sub
930 4101 1105 4156 textu
1144 4100 1537 4157 annotemus.
1577 4095 1666 4155 Ita
1704 4094 1872 4153 enim
1904 4093 2136 4155 codicis
2156 4111 2355 4154 mem-

790 4194 1081 4257 branacei
1138 4193 1407 4255 Historia
1450 4192 1742 4253 Lausiaca
1788 4210 2040 4253 narrare
2095 4194 2296 4273 pergit
2340 4212 2353 4253 :

793 4316 823 4349 α
857 4290 942 4355 De
974 4292 1196 4354 eodem
1226 4296 1439 4353 sancto
1479 4293 1683 4351 Marco
1726 4307 1950 4366 magno
1989 4292 2355 4354 exercitato-

792 4408 859 4451 re
879 4392 955 4471 (5)
987 4390 1087 4451 hic
1109 4389 1487 4451 admirabilis
1516 4389 1815 4449 Macarius
1844 4388 1964 4451 hoc
1990 4390 2354 4452 incredibile

792 4489 972 4550 nobis
1002 4489 1266 4549 narravit
1303 4509 1314 4547 ;
1366 4489 1565 4560 Quum
1607 4504 1807 4560 sacro,
1838 4488 2061 4567 inquit,
2096 4507 2354 4551 munere

2457 3593 2525 3653 in
2558 3593 2698 3655 aula
2733 3594 2979 3655 sederet
3023 3595 3102 3675 (7)
3147 3601 3207 3655 et
3246 3595 3520 3655 animum
3556 3594 3683 3655 Deo
3724 3594 4042 3654 intentum

2459 3691 2738 3765 haberet,
2780 3693 3023 3771 hyaena
3055 3693 3324 3753 catulum
3364 3710 3619 3754 caecum
3665 3710 3847 3753 suum
3877 3701 4048 3753 attu-

2459 3789 2547 3863 lit,
2598 3800 2657 3852 et
2692 3793 2851 3853 ostio
2891 3792 3067 3852 aulae
3112 3794 3313 3870 capite
3343 3793 3583 3871 pulsato
3611 3792 3889 3868 ingressa
3920 3799 4041 3863 est,

2457 3891 2565 3952 illo
2590 3893 2773 3953 etiam
2804 3892 3083 3953 sedente.
3104 3894 3286 3953 Cuius
3318 3900 3458 3952 ante
3492 3891 3686 3971 pedes
3705 3908 3847 3951 eum
3880 3908 4040 3969 pro-

2458 3991 2623 4052 iecit.
2648 3993 2907 4053 Sanctus
2954 3992 3142 4069 igitur
3179 3991 3478 4051 Macarius
3521 4008 3715 4068 quum
3762 3990 4045 4050 catulum

2458 4093 2804 4170 accepisset
2833 4091 2911 4169 (8)
2948 4092 3208 4170 eiusque
3238 4092 3302 4151 in
3334 4090 3551 4152 oculos
3580 4090 3870 4169 spuisset,
3904 4107 4048 4152 ora-

2457 4192 2562 4263 vit,
2598 4198 2658 4251 et
2704 4191 2906 4251 statim
2963 4190 3200 4251 catulus
3255 4190 3425 4250 vidit.
3483 4192 3679 4261 Quem
3714 4206 3908 4267 quum
3956 4188 4050 4249 la-

2460 4298 2705 4364 ctasset,
2740 4293 2984 4370 hyaena
3006 4291 3177 4351 abiit.
3216 4291 3325 4351 Die
3348 4297 3554 4351 autem
3586 4289 3878 4368 sequenti
3898 4288 4047 4368 pel-

2458 4391 2582 4451 lem
2635 4408 2896 4467 magnae
2945 4392 3077 4451 ovis
3137 4400 3350 4452 sancto
3400 4394 3605 4452 Marco
3664 4390 3865 4450 attulit
3930 4390 4045 4466 (9),

2464 4507 2651 4569 quam
2713 4489 2967 4568 quidem
3023 4488 3253 4568 pellem
3311 4491 3364 4549 is
3424 4496 3639 4551 sancto
3700 4487 4048 4549 Athanasio

790 4589 1409 4667 fungerer,tempore
1430 4587 1882 4649 distributionis
1908 4591 2353 4667 mysteriorum
2391 4604 2429 4655 ι)
2462 4592 2763 4671 episcopo
2804 4590 3087 4668 reliquit;
3130 4590 3306 4651 beata
3347 4597 3555 4651 autem
3592 4588 3854 4651 Melania
3884 4586 4049 4649 mihi

863 4792 939 4861 (1)
966 4790 1169 4845 'l‘extus
1198 4806 1423 4860 graecus
1455 4791 1653 4859 legitur
1686 4791 1827 4844 intra
1861 4792 1915 4844 in
1941 4790 2132 4845 harum
2163 4791 2367 4856 Quaes-

793 4881 1001 4933 tiOnutn
1036 4879 1348 4949 Appendice
1374 4881 1552 4949 priore
1583 4881 1684 4932 sub
1715 4879 1777 4932 Il.

864 4984 938 5053 (9.)
967 4982 1171 5037 Graece
1198 5002 1210 5036 :
1236 4984 1369 5054 Περὶ
1391 4984 1635 5052 Μάρκου.
1656 4982 1738 5035 Cf.
1759 4983 1950 5035 harum
1972 4982 2363 5049 Quaestionum

791 5074 1158 5145 Appendicem
1184 5076 1417 5142 priorem
1455 5076 1556 5129 sub
1589 5075 1627 5127 ll
1660 5091 1709 5128 c.
1745 5084 1889 5128 nota.

865 5165 938 5233 (5)
963 5163 1166 5217 Graece
1183 5165 1315 5233 Περ).
1342 5164 1434 5216 τοῦ
1462 5166 1686 5235 Μάρκου
1711 5165 1800 5217 τοῦ
1826 5166 2081 5237 ἀσκήτου.
2112 5166 2197 5220 Cf.
2223 5168 2360 5220 infra

792 5255 1162 5325 Appendicem
1197 5255 1233 5307 l.
1273 5256 1307 5307 Ι.

868 5345 1151 5416 (4)Litera
1196 5346 1366 5413 prima
1403 5346 1641 5399 nominis
1697 5346 1900 5415 proprii
1962 5348 2015 5399 in
2081 5346 2363 5403 codicibus

794 5435 1064 5489 Vindobb.
1098 5435 1401 5489 minuscula
1430 5450 1549 5489 esse
1600 5439 1757 5499 solet,
1806 5436 1949 5488 unde
1994 5451 2185 5489 nomen
2236 5452 2363 5505 pro—

794 5528 974 5597 prium
1007 5526 1288 5596 Μακάριος
1318 5526 1384 5579 ab
1409 5526 1679 5581 adiectivo
1711 5528 1975 5597 μάκαριος
1998 5514 2051 5581 in
2099 5528 2167 5583 iis
2191 5529 2365 5597 Scrip-

790 5634 918 5677 tura
949 5638 1058 5676 non
1091 5621 1287 5676 dill‘ert.

868 5715 944 5784 (5)
981 5713 1114 5783 Περὶ
1164 5713 1256 5765 τοῦ
1293 5714 1449 5780 ἁγίου
1492 5715 1677 5766 τούτου
1732 5715 1942 5783 μάρκου
1989 5713 2081 5766 τοῦ
2132 5713 2363 5780 μεγάλου

795 5807 1054 5875 ἀσκήτου.
1087 5805 1261 5859 ..Cod.
1303 5808 1540 5858 chartae.
1582 5806 1813 5858 rectius:
1854 5806 1985 5875 Περὶ
2019 5805 2229 5875 μάρκου
2268 5804 2359 5857 τοῦ

2472 4794 2569 4863 μὲν
2600 4793 2905 4860 ἀσκήτου...

2539 4883 2614 4953 (6)
2645 4878 2811 4944 Οὗτος
2837 4882 2890 4932 δὲ
2914 4882 2941 4931 ὁ
2976 4880 3183 4949 μάρκος
3206 4879 3467 4949 νεώτερος
3497 4880 3590 4933 ὧν.
3612 4921 3625 4935 .
3648 4920 3661 4933 .
3708 4880 3843 4936 Cod.
3889 4886 4055 4937 char-

2466 4984 2570 5026 tac.
2614 4992 2626 5026 :
2655 4964 2823 5033 Οὗτος
2848 4970 2903 5022 δὲ
2932 4972 2959 5022 ὁ
2997 4972 3262 5041 μακάριος
3306 4972 3512 5040 μάρκον
3554 4972 3813 5043 νεώτερος
3863 4973 3958 5027 ὧν.
3993 5014 4008 5027 .
4034 5015 4048 5027 .

2469 5065 2825 5134 Πὺίῖμάρκον
2882 5063 3117 5130 positum
3173 5076 3295 5117 esse
3341 5080 3438 5131 pro
3482 5064 3708 5133 μάρκος,
3737 5081 3914 5134 neque
3943 5082 4054 5134 pro

2475 5158 2705 5227 μάρκου,
2742 5169 2798 5210 ut
2820 5156 3091 5225 quispiam
3121 5154 3353 5210 fortasse
3403 5156 3717 5220 crediderit,
3757 5172 3788 5212 e
3830 5160 4053 5215 codicis

2470 5252 2741 5318 scriptura
2775 5249 3114 5316 intelligitur.

2541 5354 2616 5424 (7)
2655 5394 2666 5405 .
2698 5393 2709 5405 .
2739 5393 2752 5405 .
2784 5350 3147 5420 καθεζομένου
3204 5350 3299 5403 τοῦ
3347 5353 3616 5422 μακαρίου
3668 5352 3839 5407 οἴκου.
3903 5354 4051 5410 Cod.

2470 5446 2642 5498 cliart.
2670 5464 2682 5497 :
2720 5486 2731 5497 .
2758 5484 2769 5496 .
2798 5485 2812 5499 .
2846 5442 3207 5513 καθεζομένου
3241 5443 3332 5495 τοῦ
3359 5445 3623 5514 μακαρίου
3655 5448 3747 5498 καὶ
3772 5447 4057 5501 ἀθανάτου

2474 5534 2703 5603 μάρκου.

2544 5626 2616 5691 (8)
2642 5622 2840 5675 Τοῦτον
2858 5623 2949 5674 τὸν
2979 5623 3215 5692 σκύμνον
3235 5622 3416 5676 λαϐὼν
3456 5625 3483 5675 ὁ
3533 5624 3685 5692 ἅγιος
3733 5627 4055 5698 Μακαρεςς.

2472 5714 2606 5769 Cod.
2640 5715 2796 5768 chart
2848 5733 2862 5767 :
2904 5714 2965 5767 T.
2985 5731 3034 5765 τ.
3067 5730 3152 5767 σκ.
3179 5714 3227 5766 λ.
3255 5717 3283 5767 ὁ
3312 5714 3467 5782 ἅγιος
3490 5716 3717 5786 μάρκος.

2541 5808 2618 5877 (9)
2653 5809 2883 5875 Ἦνεγκε
2906 5806 2982 5877 τῷ
3013 5807 3151 5876 ἁγίῳ
3183 5808 3377 5877 μάρκῳ
3406 5817 3638 5879 uterque
3676 5811 3871 5866 codex.
