4266 6360
249 373 315 428 75
1759 360 1794 414 γ
1806 358 1934 416 ιτΑι

1789 358 1984 416 ῖιΤΔΕ.
3410 363 3474 425 74

246 476 425 551 dixit,
476 493 546 539 se
600 493 637 538 a
688 483 905 539 sancto
959 474 1294 537 Athanasio
1336 474 1507 537 illam
1558 474 1813 556 pellem,
1841 478 1890 535 Α
1917 490 2028 535 cus
2053 473 2306 554 pellem,
2336 472 2414 535 ab
2443 472 2687 553 hyaena
2716 468 2830 531 sibi
2852 467 3146 541 oblatam,
3177 465 3298 529 hoc
3329 482 3482 546 pro~

244 593 406 655 quae
435 593 666 638 munus
685 576 965 656 hyaenae
994 576 1446 656 appellabatur,
1472 576 1811 656 accepisse.

242 672 314 734 Id
352 679 559 735 autem
600 673 898 734 Dominus
932 672 1100 746 fecit,
1130 678 1199 733 ut
1220 670 1559 749 gloriosum
1588 671 1813 734 redde-

244 777 339 833 ret
391 789 639 833 servum
678 788 883 846 suum,
928 771 1089 834 sicut
1129 770 1313 833 etiam
1362 768 1428 830 in
1471 769 1599 831 Elia
1644 776 1706 832 et
1748 770 1813 831 in

246 872 495 934 Daniele
517 872 686 934 fecit.

326 997 354 1029 «
402 973 730 1033 Dicebatur
758 970 860 1032 hic
889 978 1159 1046 sanctus,
1194 990 1270 1035 ex
1299 990 1427 1053 quo
1471 974 1814 1053 baptizatus

248 1079 431 1145 esset,
466 1072 641 1134 humi
670 1087 799 1132 non
829 1072 1069 1151 spuisse
1096 1089 1209 1151 per
1246 1074 1561 1152 sexaginta
1590 1093 1809 1139 annos.

246 1178 458 1233 Annos
517 1174 684 1234 enim
758 1172 1165 1252 quadraginta
1229 1182 1410 1237 natus
1470 1176 1814 1256 baptizatus

246 1277 339 1331 est
363 1269 468 1342 (1).
499 1271 743 1331 Statura
782 1275 991 1331 autem
1035 1270 1141 1332 illa
1182 1279 1381 1335 aetate
1410 1275 1557 1336 satis
1578 1276 1813 1340 minuta

247 1387 318 1430 ac
340 1386 475 1429 rara
502 1368 618 1430 fuit
645 1387 660 1441 ;
700 1369 863 1449 pilos
894 1371 959 1431 in
982 1370 1117 1432 solo
1146 1370 1322 1433 labro
1353 1372 1591 1449 habuit,
1628 1383 1814 1454 atque

248 1463 313 1522 in
363 1480 654 1541 suprema
700 1474 876 1543 parte
905 1467 1101 1527 menti
1135 1467 1350 1529 habuit
1378 1487 1634 1548 paucos.
1661 1475 1814 1534 Nam

248 1570 508 1640 pr0pter
546 1564 774 1626 nimios
808 1567 1268 1629 exercitationis
1305 1567 1550 1633 labores
1597 1589 1676 1633 ne
1705 1574 1815 1653 pili

249 1662 504 1741 quidem
529 1664 721 1724 menti
748 1665 881 1726 eius
904 1666 1069 1727 enati
1098 1673 1264 1727 sunt.

328 1784 358 1817 α
404 1763 585 1824 Hunc
609 1775 891 1826 sanctum
919 1765 1021 1826 die
1048 1766 1321 1846 quodam
1354 1770 1619 1831 conveni
1639 1770 1816 1833 valde

249 1859 471 1921 anxius
500 1862 710 1923 animo
741 1868 799 1923 et
836 1879 850 1922 :
890 1863 1085 1936 Abba,
1126 1863 1416 1943 inquam,
1457 1868 1659 1928 Marce
1700 1866 1815 1945 (2),

250 1959 403 2038 quid
451 1960 705 2035 faciam;
761 1980 905 2023 nam
956 1962 1234 2041 aﬂligunt
1275 1982 1373 2026 me
1412 1966 1819 2043 cogitationes

250 2060 709 2123 insusurrantes
742 2061 897 2122 mihi
923 2080 935 2122 :
961 2062 1127 2122 Nihil
1162 2063 1347 2137 facis;
1389 2066 1613 2126 recede
1649 2065 1815 2127 hinc.

251 2160 688 2222 Sanctissimus
725 2163 966 2223 Marcus
1007 2161 1159 2223 mihi
1204 2164 1528 2243 respondit
1564 2162 1683 2245 (3):
1716 2167 1821 2227 Dic

251 2268 342 2333 tu,
371 2262 596 2340 inquit,
630 2261 1109 2338 cogitationibus
1149 2264 1306 2326 tuis:
1348 2266 1609 2344 Propter
1660 2266 1827 2327 Chri-

255 2371 422 2422 stum
471 2362 739 2442 parietes
793 2363 900 2434 76
940 2363 1247 2426 custodio.
1287 2365 1455 2427 Haec
1482 2366 1735 2445 quidem
1791 2386 1825 2430 e

254 2461 467 2523 multis
530 2462 896 2542 magnisque
984 2464 1177 2540 signis
1232 2481 1305 2527 ac
1386 2468 1827 2530 certaminibus

254 2560 472 2639 inclyti
518 2567 576 2623 et
609 2563 831 2622 virtute
877 2563 1079 2623 ornati
1123 2564 1309 2627 Marci
1353 2564 1432 2644 (4)
1469 2565 1756 2628 indicavi.
1798 2592 1824 2621 υ

336 2661 488 2721 Cum
517 2660 764 2722 duobus
784 2661 1106 2724 codicibus
1134 2663 1726 2730 Vindobonensibus
1750 2668 1828 2730 de

257 2763 381 2823 hoc
414 2762 554 2824 loco
577 2764 1055 2842 componendus
1077 2772 1169 2826 est
1187 2767 1405 2829 tertius
1434 2769 1688 2849 quidam
1718 2787 1826 2832 co-

258 2862 383 2923 dex
410 2862 827 2923 bibliothecae
849 2864 1179 2926 Caesareae
1205 2866 1826 2949 Vindobonensis(5),

1918 572 2064 651 logo
2101 578 2281 646 teste,
2331 574 2391 634 S.
2447 572 2712 634 Macario
2758 568 3028 649 reliquit,
3078 584 3115 628 a
3170 584 3297 647 quo
3344 583 3482 628 eam

1920 673 1982 732 S.
2006 671 2268 734 Melania
2287 670 2528 749 accepit
2552 670 2655 749 (9).

1997 772 2159 848 Ergo
2191 772 2256 831 in
2286 769 2528 842 codice,
2562 784 2597 829 e
2626 783 2753 847 quo
2781 764 3079 846 prologus
3107 760 3484 840 compilaba-

1922 874 2040 943 tur,
2063 887 2163 931 res
2183 869 2323 932 illae
2346 885 2473 930 non
2493 868 2698 930 minus
2720 866 2797 927 de
2813 868 3018 927 Marco
3038 873 3317 924 narratae
3347 878 3483 922 esse

1920 969 2229 1031 videntur.

1998 1070 2155 1145 Quid
2181 1076 2413 1145 autem,
2444 1070 2495 1133 si
2531 1070 2597 1131 in
2627 1068 2950 1132 codicibus
2976 1064 3482 1129 Vindobonensi-

1917 1172 2035 1234 bus
2059 1171 2127 1234 in
2167 1171 2275 1233 illo
2295 1172 2495 1251 capite
2532 1177 2800 1234 erratum
2829 1166 2959 1231 sit?
2986 1167 3167 1241 Quid,
3200 1166 3251 1227 si
3297 1162 3483 1225 index

1918 1271 2023 1334 ille
2070 1290 2083 1333 :
2123 1295 2152 1329 α
2186 1273 2273 1333 De
2301 1274 2503 1334 Marco
2536 1295 2563 1327 »
2596 1270 2859 1347 margini
2892 1267 3239 1346 adscriptus
3263 1281 3481 1343 reapse

1919 1372 1997 1433 ad
2029 1372 2223 1433 solam
2256 1372 2675 1450 prodigiosam
2703 1369 2952 1432 Macarii
2981 1365 3377 1429 Alexandrini
3407 1364 3482 1425 dc

1919 1474 2147 1545 Marco,
2171 1474 2273 1533 cui
2293 1472 2671 1533 oblationem
2692 1470 2946 1548 angelus
2976 1467 3238 1540 dederit,
3266 1482 3480 1526 narra-

1919 1569 2154 1630 tionem
2181 1570 2472 1649 pertinet,
2506 1586 2577 1632 ac
2604 1568 2837 1631 librarii
2857 1568 2994 1645 ipso
3016 1566 3137 1627 hoc
3166 1563 3394 1635 indice,
3416 1569 3485 1621 ut

1920 1672 2026 1728 aut
2060 1682 2292 1728 nomen
2332 1675 2599 1745 μακάριος
2635 1666 2701 1727 in
2737 1674 2945 1746 μάρκος
3000 1670 3331 1737 mutarent,
3381 1670 3485 1729 aut

1920 1765 2062 1827 voci
2103 1775 2369 1847 μακάριος
2404 1764 2660 1827 alteram
2703 1774 2906 1846 μάρκος
2941 1762 3260 1835 adderent,
3297 1763 3484 1824 addu-

1918 1864 2000 1927 cti
2033 1866 2203 1929 sunt!

2000 1967 2105 2036 77
2135 1968 2311 2040 Quod
2352 1966 2608 2046 quidem
2642 1983 2783 2029 cum
2823 1983 2938 2044 per
2970 1982 3036 2026 se
3082 1980 3210 2025 non
3256 1963 3485 2025 abhor-

1922 2070 2054 2126 reat
2090 2082 2124 2126 a
2160 2064 2723 2137 verisimilitudine,
2760 2070 2934 2123 textu
2972 2061 3316 2122 editionum
3348 2076 3487 2120 ver-

1922 2164 2295 2244 sionumque
2348 2164 2654 2226 Historiae
2714 2162 3046 2225 Lausiacae
3095 2158 3497 2239 comprobari

1924 2264 2186 2325 videtur.
2225 2267 2294 2325 In
2321 2271 2496 2326 textu
2516 2265 2683 2326 enim
2708 2263 2980 2337 Meursii,
3028 2262 3315 2324 Cotelerii
3344 2261 3490 2342 (10),

1925 2364 2448 2438 Fronto-Ducaei,
2496 2373 2686 2443 atque
2734 2364 2797 2424 in
2860 2362 3145 2425 versione
3203 2362 3493 2433 Herveti,

1926 2463 2185 2523 narratis
2211 2463 2310 2537 iis,
2346 2464 2575 2543 quibus
2602 2464 2667 2525 in
2699 2463 3019 2526 codicibus
3042 2462 3493 2524 Vindobonen-

1927 2564 2099 2623 sibus
2121 2562 2379 2625 historia
2410 2563 2657 2626 Macarii
2681 2563 3080 2625 Alexandrini
3110 2564 3342 2635 finitur,
3375 2562 3499 2641 pri-

1927 2683 2099 2727 mum
2129 2668 2398 2730 narratio
2428 2667 2762 2748 Paphnutii
2789 2666 2867 2729 de
2894 2666 3099 2729 catulo
3127 2684 3199 2728 ac
3228 2664 3391 2745 pelle
3418 2664 3498 2726 ab

1929 2766 2172 2845 hyaena
2221 2770 2514 2830 Macario
2579 2768 2998 2830 Alexandrino
3041 2766 3304 2841 oblatis,
3365 2772 3498 2828 tum

1930 2874 2158 2941 cetera,
2194 2886 2354 2948 quae
2387 2870 2452 2929 in
2485 2869 2807 2931 codicibus
2833 2886 3036 2948 usque
3063 2868 3141 2930 ad
3175 2869 3364 2929 ﬁnem
3400 2885 3501 2929 ca-

256 2960 328 3023 in
383 2979 508 3041 quo
562 2961 871 3041 capitibus
923 2965 1204 3027 asceticis
1266 2967 1587 3029 cuiusdam
1645 2970 1832 3031 Marci
1932 2967 2076 3046 pitis
2122 2967 2465 3042 habentur,
2528 2968 3009 3046 subiunguntur.
3065 2966 3301 3029 Deinde
3359 2974 3500 3045 post

258 3064 575 3143 inscriptis
607 3081 622 3124 ε
654 3073 760 3128 Τοῦ
789 3074 931 3147 ἁββᾶ
963 3074 1174 3145 μάρκου
1205 3079 1332 3147 περὶ
1350 3077 1443 3129 τοῦ
1468 3078 1831 3149 πνευματικοῦ
1933 3086 1943 3110 ‘

1816 3078 1831 3131 3
1933 3069 2118 3129 verba
2164 3085 2177 3127 :
2233 3091 2260 3123 α
2310 3070 2477 3129 Haec
2518 3068 2770 3147 quidem
2821 3085 2855 3129 e
2904 3067 3114 3128 multis
3160 3074 3220 3128 et
3261 3068 3501 3143 magnis

259 3174 427 3241 νόμου
471 3162 548 3244 (6)
597 3168 897 3247 prologus
963 3170 1380 3251 praemittitur
1424 3170 1503 3249 (7)
1554 3187 1589 3232 e
1629 3173 1832 3250 capite
1860 3161 1899 3216 C
1934 3166 2125 3243 signis
2157 3184 2226 3228 ac
2250 3166 2694 3229 certaminibus
2717 3166 2935 3245 inclyti
2963 3184 3036 3229 ac
3063 3166 3287 3226 virtute
3316 3183 3497 3244 prae-

260 3264 571 3327 Historiae
606 3266 958 3342 Lausiacae,
996 3267 1166 3347 quod
1205 3268 1541 3341 attulimus,
1587 3271 1833 3350 compi-
1934 3268 2045 3329 diti
2088 3269 2362 3329 Macarii
2400 3267 2738 3345 signiﬁcavi
2768 3291 2796 3323 ιο
2831 3268 3110 3329 eiusdem
3149 3266 3396 3329 Macarii
3425 3267 3502 3327 de

261 3364 447 3425 latus.
490 3366 604 3438 Qui
650 3367 873 3447 incipit
921 3370 1126 3431 verbis
1157 3388 1169 3429 ἒ
1203 3374 1374 3443 Οὗτος
1396 3381 1424 3431 6
1449 3378 1715 3442 ἀθάνατος
1741 3380 1834 3433 καὶ
1935 3365 1946 3423 Ῑ

1816 3380 1834 3433 ι
1935 3365 2171 3437 Marco,
2213 3364 2315 3425 cui
2353 3363 2734 3425 oblationem
2767 3363 3025 3441 angelus
3063 3362 3325 3435 dederit,
3355 3379 3501 3424 nar-

267 3466 536 3535 μαιάριος
573 3466 779 3536 μάρκος
814 3466 1076 3540 νεώτερος
1122 3469 1196 3522 ὢν
1245 3470 1478 3524 παλαιὰν
1518 3472 1612 3525 καὶ
1644 3471 1836 3542 καίνην
1938 3480 1952 3523 l

1815 3491 1836 3524 ν
1938 3462 2093 3523 ratio
2147 3462 2411 3540 legitur;
2467 3479 2539 3523 ac
2588 3468 2717 3521 tum
2776 3460 3028 3529 demum
3083 3461 3198 3521 sub
3253 3460 3500 3521 indice:

265 3567 484 3636 Tpagsﬁv
516 3568 990 3639 ἁπεστὴθισεν.....
1025 3564 1180 3622 Tum
1201 3563 1482 3640 sequitur
1514 3579 1527 3622 :
1559 3564 1695 3633 Περὶ
1718 3564 1838 3616 τού·
1940 3581 1950 3612 ι

1821 3592 1838 3603 -
1940 3581 1968 3612 α
2001 3558 2087 3618 De
2136 3561 2339 3619 Marco
2374 3582 2400 3611 »
2448 3556 2613 3618 hunc
2653 3573 2869 3617 senem
2906 3573 3111 3617 sacras
3164 3556 3506 3634 scripturas

263 3674 361 3709 του
393 3658 495 3729 ἔφη
520 3662 548 3711 6
577 3661 673 3728 μὲν
706 3661 968 3730 μακάριος
990 3664 1017 3714 6
1058 3661 1453 3733 Ἀλεξάνδρινος
1474 3663 1837 3734 πρεσβύτερος
1938 3676 1948 3714 ι

1817 3682 1837 3726 ς
1938 3656 2289 3730 edidicisse,
2323 3657 2593 3736 probum
2615 3663 2676 3718 et
2696 3663 2932 3719 castum
2960 3655 3151 3718 fuisse
3182 3662 3241 3717 et
3276 3661 3502 3727 cetera,

264 3746 364 3805 ὢν.
383 3750 463 3800 ὅτι
495 3750 688 3821 μάρκῳ
710 3751 787 3803 τῶ
808 3753 1019 3821 ἀσκητῇ
1054 3752 1309 3805 οὐδέποτε
1327 3752 1504 3805 ἔδωκα
1529 3752 1636 3821 ἐγὼ
1668 3769 1837 3824 προσ-
1939 3778 1949 3815 ε

1827 3782 1837 3793 ·
1939 3773 2101 3836 quae
2131 3757 2208 3818 de
2239 3757 2427 3818 Marci
2447 3774 2658 3818 secum
2689 3763 2918 3817 etcum
2952 3755 3201 3818 diabolo
3230 3756 3512 3816 certami-

267 3851 511 3919 φοράνηο
555 3844 684 3913 Qua
722 3843 1073 3904 narratione
1128 3843 1206 3904 de
1264 3842 1600 3915 Oblatione»
1653 3861 1838 3923 quam
1940 3858 2123 3919 nibus
2156 3857 2492 3932 attulimus,
2524 3874 2726 3936 usque
2766 3857 2843 3918 ad
2879 3856 3102 3918 verba:
3150 3856 3509 3929 «Quamdiu

267 3944 477 4001 Marco
532 3941 669 4001 seni
711 3941 971 4018 angelus
1009 3942 1272 4016 dederit,
1330 3942 1523 4015 ﬁnita,
1580 3942 1840 4004 alteram
1943 3959 2127 4020 etiam
2154 3964 2359 4019 tecum
2380 3975 2487 4020 em
2513 3964 2932 4036 »sequuntur_

268 4038 428 4117 Ῑθὲέίδ
457 4039 534 4099 de
565 4039 770 4101 οδίυῙο
802 4057 873 4101 ac
903 4039 1069 4119 Pelle
1099 4039 1405 4119 ὴγθθηδθ.
1436 4059 1596 4119 quae
1624 4041 1842 4121 inciPit
2020 4061 2179 4137 Ergo
2220 4059 2285 4120 in
2329 4058 2705 4120 editionibus
2734 4057 2970 4136 graecis
3001 4056 3307 4118 Historiae
3348 4058 3508 4116 Lau—

271 4137 477 4198 verbis
508 4155 521 4196 1
552 4146 736 4209 Οὕτως
762 4149 789 4199 6
818 4146 989 4216 μέγας
1029 4148 1122 4200 καὶ
1153 4148 1414 4211 ἀθάνατος
1454 4148 1682 4217 μάρκος·
1713 4148 1841 4201 ποτὲ
1944 4176 1956 4218 ε

1825 4151 1841 4199 ὲ
1944 4159 2144 4219 siacae
2196 4164 2257 4217 et
2302 4156 2368 4217 in
2412 4156 2701 4217 versione
2747 4155 2999 4216 Herveti
3054 4154 3320 4214 maxima
3368 4169 3510 4231 pars

270 4247 638 4316 καθεζομένου
669 4248 727 4299 ὲν
759 4250 823 4318 τῇ
863 4247 997 4318 αὐλῇ
1033 4247 1133 4317 τῆς
1176 4248 1373 4317 κέλλης
1426 4248 1593 4301 αὑτοῦ
1632 4246 1725 4300 καί
1766 4247 1843 4317 τῷ
1946 4278 1955 4315 ε

1821 4247 1843 4316 'P
1946 4256 2187 4335 capitis,
2234 4254 2491 4333 quodin
2520 4254 2879 4316 codicibus:
2930 4276 2955 4307 ‹‹
2984 4252 3070 4313 De
3122 4250 3506 4311 Marco»in-

271 4347 382 4417 Θεῷ
416 4348 869 4418 προσομιλοῦντος
918 4348 1076 4402 ὕαινα
1109 4350 1198 4401 τὸν
1238 4349 1434 4418 ἑαυτῆς
1481 4348 1717 4418 σκύμνον
1754 4365 1845 4400 τυ-
1947 4372 1956 4414 ε

1823 4378 1845 4388 -
1947 4353 2246 4432 scriptum
2274 4358 2390 4425 est,
2421 4352 2499 4413 ad
2532 4352 2865 4413 Macarium
2882 4347 3367 4411 Alexandrinum
3408 4363 3508 4407 re-

272 4448 405 4515 φλὸν
426 4448 556 4500 ὄντα
583 4449 781 4518 ἧνεγκε
828 4448 925 4500 καὶ
969 4449 1149 4518 ῥίπτει
1199 4449 1360 4501 αὑτὸν
1402 4450 1480 4510 εἰς
1510 4450 1636 4511 τοὺς
1677 4448 1843 4511 πόδας
1877 4456 1957 4542 D1

1824 4465 1917 4542 ξι)
1944 4452 2174 4526 fertur;
2223 4451 2463 4530 reliqua
2507 4468 2678 4523 vero,
2729 4467 2891 4529 quae
2929 4449 3008 4510 de
3048 4450 3252 4509 Marco
3297 4453 3509 4524 agunt,

270 4548 366 4602 τοῦ
396 4548 576 4616 ἁγίου,
600 4548 657 4601 ὃν
679 4550 773 4602 καὶ
795 4548 1161 4619 ἐθεράπευσεν
1180 4551 1209 4601 6
1231 4548 1404 4617 ἅγιος
1427 4552 1493 4620 τῇ
1517 4549 1642 4618 ἑξῆς
1658 4550 1842 4620 ἡμέρᾳ.
1950 4569 1955 4611 ]

1327 4562 1404 4612 ος’
1427 4552 1493 4620 τῇ
1517 4549 1642 4618 ἑξῆς
1658 4550 1842 4620 ἡμέρᾳ
1950 4568 2110 4612 ηονο
2134 4550 2337 4629 capite
2371 4548 3012 4628 comprehenduntur.

271 4649 467 4702 κώδιον
492 4648 763 4719 προϐάτου
793 4649 1039 4718 μεγάλου·
1055 4649 1192 4718 ἁγίῳ
1234 4650 1451 4718 ἤνεγκε,
1477 4650 1613 4719 ὅπερ
1639 4651 1666 4701 ὁ
1691 4649 1843 4716 ἅγιος

1833 4667 1843 4712 :
2026 4648 2214 4709 Aliter
2253 4664 2398 4707 vero
2450 4664 2516 4707 se
2556 4644 2741 4708 habet
2779 4645 2845 4705 in
2890 4643 3179 4705 Paradiso
3218 4648 3404 4722 atque
3447 4640 3518 4700 in

275 4751 489 4820 μάρκος
512 4749 865 4803 καταλέλοιπε
882 4749 959 4819 τῷ
975 4749 1112 4818 ἁγιῳ
1145 4749 1414 4819 μακαρίῳ,
1440 4743 1566 4813 Qua
1588 4740 1842 4821 quidem
1948 4766 1960 4795 γ

1835 4765 1842 4801 ι
1948 4747 2234 4809 versione
2314 4745 2623 4807 Historiae
2685 4744 3013 4805 Lausiacae
3091 4741 3363 4820 antiqua.
3442 4742 3520 4800 1n.

274 4842 633 4904 narratione
664 4841 962 4921 prologus
990 4840 1104 4901 iste
1147 4840 1513 4901 terminatur
1540 4839 1645 4919 (8).
1689 4843 1841 4901 Mar-

345 5052 427 5123 (1)
450 5050 995 5122 Τεσσαρακονταετὴς
1015 5050 1123 5121 γὰρ
1154 5050 1442 5120 ὲσαπίσθη.
1468 5049 1601 5105 Cod.
1629 5051 1801 5105 cbart.
1827 5069 1840 5102 :

278 5142 340 5197 T.
368 5159 425 5210 γ.
450 5140 751 5211 ἐϐαπτίσθη
782 5143 811 5194 6
835 5142 1055 5211 γνήσιος
1092 5137 1185 5191 τοῦ
1218 5138 1455 5210 Χριστοῦ
1478 5138 1658 5201 δοῦλος
1709 5139 1847 5209 μάρ-

276 5255 432 5398 mg)
463 5325 633 5378 ‘A66c‘i
657 5325 849 5394 Μάρκε
877 5332 1105 5389 uterque
1138 5321 1329 5374 codex.

357 5419 436 5487 (3)
479 5415 855 5486 ’Λποκρίνεται
884 5430 972 5484 μοι
1000 5416 1027 5466 ὁ
1057 5411 1353 5480 ἀγιώτατος
1382 5412 1589 5482 μάρκος
1624 5418 1851 5479 uterque

279 5510 481 5564 codex.

356 5597 437 5666 (ι)
471 5635 484 5648 .
511 5636 524 5649 .
549 5636 565 5651 .
596 5594 689 5652 τοῦ
712 5595 956 5665 ἀοιδίμου
982 5595 1074 5648 καὶ
1104 5592 1357 5664 ἐναρέτου
1388 5592 1615 5663 μάρκου.
1638 5628 1651 5644 .
1669 5632 1681 5643 .
1718 5598 1859 5643 uter-

284 5706 393 5759 quc
424 5688 616 5742 codex.

388 5781 441 5844 5)
498 5780 629 5832 Cod.
696 5795 794 5832 ms.
848 5779 1010 5832 theol.
1062 5792 1239 5847 graec.
1293 5774 1386 5830 Χῖ.
1437 5772 1559 5829 271.
1603 5771 1729 5825 olim
1761 5766 1864 5822 233

1949 4846 2176 4925 quibus
2212 4846 2593 4907 narrationes
2628 4844 2842 4923 capitis
2882 4842 3050 4903 illius
3086 4840 3307 4903 eodem
3340 4856 3514 4919 pror-

1948 5056 2124 5109 chart.

2019 5148 2093 5218 (6)
2134 5147 2345 5203 Excusa
2372 5156 2499 5203 sunt
2537 5150 2591 5202 in
2618 5147 2792 5218 Magn.
2840 5146 2977 5201 Bibl.
3007 5143 3116 5199 νγ.
3177 5143 3282 5197 ΡΡ.
3334 5144 3509 5198 Paris.

1948 5239 2009 5293 Τ.
2043 5240 2111 5294 x1
2143 5230 2346 5309 p.888.

2018 5332 2093 5401 (7)
2120 5333 2178 5387 ln
2211 5332 2419 5387 codicis
2445 5331 2539 5386 fol.
2566 5331 2692 5393 247,
2720 5330 2777 5386 2.

2020 5425 2096 5494 (8)
2128 5424 2213 5479 Cf.
2237 5424 2427 5478 harum
2459 5423 2850 5489 Quaestionum
2881 5420 3248 5490 Appendicem
3276 5420 3512 5491 priorem

1953 5517 2053 5570 sub
2086 5515 2175 5571 IV.

2024 5609 2096 5675 (tl)
2132 5607 2215 5663 tif.
2247 5622 2409 5677 supra
2438 5624 2488 5676 p.
2524 5607 2589 5660 16
2623 5612 2735 5659 not.
2760 5604 2812 5657 9..

2028 5702 2137 5767 (l0)
2169 5701 2398 5754 (Iotclcr.
2434 5700 2576 5753 Eccl.
2613 5698 2798 5751 Graec.
2840 5694 2983 5749 .‘lon.
3008 5695 3069 5749 T.
3096 5693 3159 5748 lll
3195 5708 3248 5762 p.
3286 5690 3414 5745 ΝΞ.
