4266 6360
821 388 887 443 75
1639 372 1737 426 SS.
1780 372 2237 431 MACARIORUM
2278 374 2598 430 AEGYPTII
2637 375 2725 429 ΕΤ
2779 373 3240 431 ALBXANDRIM
3973 370 4038 428 τε

817 510 922 554 sus
981 491 1200 558 ordine
1266 498 1612 569 sequuntur
1674 497 1861 569 atque
1916 491 1984 552 in
2050 492 2370 555 codicibus
2404 518 2445 572 Α
2474 503 2843 574 sequuntur,
2880 494 2957 556 ad
2994 493 3325 555 Macarium
3356 489 3840 552 Alexandrinum
3871 507 4045 570 spec,

821 591 1427 653 Vindoboncnsibus.
1470 593 1691 669 Neque
1726 607 1872 651 vero
1913 592 2229 654 Paradisus
2260 594 2375 656 sibi

815 697 1077 761 constat,
1113 692 1218 768 qui
1257 691 1487 770 pariter
1523 695 1710 768 atque
1761 688 1958 749 codex
1992 691 2378 753 membrana-

814 804 964 850 ceus
999 788 1498 849 Vindobonensis
1529 804 1758 849 nomen
1798 787 1963 847 senis
1998 787 2187 849 modo
2225 790 2376 851 Mar-

815 904 990 959 cum,
1046 888 1235 949 modo
1282 888 1610 949 Macarium
1663 887 1915 948 indicat.
1971 888 2122 948 Nam
2180 906 2373 966 quum

812 985 1083 1066 primum
1119 988 1195 1047 de
1234 988 1450 1047 Marco
1490 994 1829 1061 narrasset,
1863 992 2077 1065 postea
2121 988 2370 1048 scribit:

815 1109 841 1138 ιι
875 1086 965 1150 Ad
992 1086 1157 1149 hunc
1190 1090 1503 1162 [Marcum]
1548 1105 1689 1148 cum
1719 1088 2026 1149 venissem
2065 1088 2370 1149 dicerem-

812 1202 964 1268 que:
998 1184 1167 1245 Abba
1187 1187 1453 1245 Macari.
1498 1234 1507 1245 .
1549 1235 1559 1244 .
1599 1235 1611 1245 .
1642 1211 1694 1260 υ,
1726 1194 1856 1248 tum
1884 1188 1946 1248 in
1968 1186 2090 1247 ﬁne
2113 1186 2331 1265 capitis
2359 1203 2370 1244 :

816 1307 841 1336 «
885 1285 1049 1345 Haec
1086 1302 1279 1363 pauca
1321 1284 1398 1344 de
1429 1285 1638 1345 multis
1660 1302 1733 1345 ex
1779 1283 1953 1345 factis
1990 1284 2184 1343 sancti
2228 1284 2369 1342 Ma-

811 1384 971 1442 carii
1000 1384 1093 1443 vel
1115 1384 1293 1445 dictis
1315 1384 1672 1461 signiﬁcavi.
1700 1408 1726 1438 »
1760 1386 1980 1447 Contra
2004 1383 2065 1443 in
2089 1383 2371 1445 versione

808 1482 1116 1543 Historiae
1161 1486 1488 1546 Lausiacae
1532 1486 1784 1563 antiqua
1836 1492 2030 1546 totum
2071 1491 2255 1564 caput
2296 1485 2371 1545 ad

809 1583 1159 1643 Macarium
1186 1584 1472 1657 refertur,
1518 1585 1626 1663 qui
1657 1584 1926 1645 Palladio
1972 1592 2113 1645 ante
2153 1583 2371 1645 cellam

812 1683 946 1744 eius
979 1683 1231 1745 sedente
1264 1692 1323 1745 et
1348 1685 1731 1745 auscultante
1760 1700 1972 1744 secum
2006 1690 2227 1744 etcum
2250 1683 2374 1744 dia-

810 1782 957 1845 bolo
987 1784 1101 1845 ista
1131 1783 1559 1844 confabulatus
1588 1784 1685 1854 sit,
1718 1789 1777 1843 et
1799 1782 1899 1843 cui
1920 1781 2105 1860 plane
2138 1783 2368 1851 omnia,

810 1898 972 1961 quae
1007 1882 1207 1961 capite
1238 1881 1345 1941 illo
1378 1881 1701 1952 habentur,
1730 1880 2121 1942 conveniant.
2153 1882 2369 1957 Neque

810 1982 875 2043 in
904 1999 975 2042 ea
1006 1983 1189 2043 Marci
1217 1982 1452 2044 mentio
1477 1983 1574 2055 ﬁt,
1607 1982 1725 2043 nisi
1754 1989 1844 2053 ut,
1877 1999 2037 2061 quae
2072 1982 2371 2043 Macarius

812 2082 888 2141 de
919 2099 992 2142 eo
1017 2082 1313 2155 retulerit,
1348 2090 1703 2154 narrentur;
1734 2082 1961 2160 quibus
1988 2081 2367 2157 adiungitur,

809 2185 1104 2256 Marcum,
1159 2201 1350 2263 quum
1398 2183 1639 2243 iuvenis
1687 2190 1870 2255 esset,
1931 2201 1981 2243 s.
2038 2182 2371 2261 scripturas

811 2283 1158 2356 edidicisse,
1178 2290 1238 2343 et
1262 2283 1586 2362 insigniter
1620 2291 2013 2347 mansuetum
2048 2290 2107 2343 et
2137 2289 2371 2344 castum

809 2385 1020 2446 fuisse.

888 2517 996 2586 78
1037 2518 1191 2589 Quid
1255 2516 1493 2595 igitur?
1547 2519 1709 2579 Num
1774 2523 2148 2587 statuemus,
2212 2513 2373 2575 facta

808 2617 994 2678 Marci
1051 2617 1369 2677 mentione
1417 2615 1699 2677 librarios
1736 2615 2026 2675 inductos
2075 2629 2233 2685 esse,
2284 2619 2370 2683 ut,

809 2735 968 2797 quae
983 2718 1244 2778 Macario
1259 2716 1655 2787 conveniunt,
1680 2716 1882 2776 Marco
1902 2712 2247 2783 tribuerint,
2270 2728 2371 2781 an,

809 2818 1060 2897 quodin
1092 2818 1186 2889 iis,
1220 2834 1378 2895 quae
1409 2815 1803 2885 antecedunt,
1836 2813 1913 2873 de
1934 2812 2196 2873 Macario
2228 2829 2372 2871 nar-

809 2926 1007 2979 ratum
1034 2925 1147 2990 est,
1182 2917 1446 2978 Macario
1469 2916 1777 2987 tribuisse,
1806 2930 1966 2991 quae
1996 2912 2071 2971 ad
2104 2913 2374 2971 Marcum

808 3015 1140 3099 Spectant?

888 3157 1053 3215 Haec
1085 3153 1367 3232 quaestio
1395 3152 1598 3230 primo
1622 3151 1874 3229 quidem
1904 3147 2201 3224 adspectu
2229 3142 2375 3203 satis

811 3257 1109 3335 perplexa
1154 3272 1289 3315 esse
1324 3253 1603 3321 videtur;
1657 3249 1789 3318 sed,
1832 3248 1882 3307 si
1946 3251 2229 3307 accurate
2273 3242 2369 3301 di-

811 3356 1229 3423 stinxerimus,
1265 3353 1446 3415 facile
1468 3351 1759 3412 solvetur.
1778 3346 1985 3407 Ruﬁni
2016 3346 2179 3404 enim
2208 3345 2370 3401 Con-

809 3458 1155 3517 tinuatione
1214 3452 1519 3513 Historiae
1564 3447 2030 3509 Ecclesiasticae
2084 3440 2369 3511 Eusebii,

812 3573 971 3635 quae
998 3554 1188 3614 multo
1226 3560 1365 3611 ante
1394 3550 1725 3610 Historiam
1764 3546 2116 3605 Lausiacam
2148 3540 2373 3616 scripta

814 3660 927 3723 est,
962 3651 1317 3717 edoeemur,
1362 3644 1563 3706 catulo
1598 3644 1873 3720 hyaenae
1910 3639 2124 3700 oculos
2168 3655 2201 3697 a
2246 3640 2371 3695 Ma-

813 3752 981 3813 cario
1014 3748 1427 3809 Alexandrino
1463 3745 1775 3804 restitutos
1805 3759 1961 3802 esse.
1998 3742 2147 3800 Nam
2180 3738 2369 3813 legis:

816 3876 842 3905 α
877 3851 1049 3911 Idem
1078 3850 1212 3927 ipse
1249 3846 1545 3907 Macarius
1575 3845 1825 3903 leaenae
1861 3840 2223 3919 speluncam
2260 3836 2372 3896 ha-

813 3950 947 4011 buit
1002 3948 1259 4009 cellulae
1314 3949 1504 4020 [suae]
1539 3944 1821 4004 vicinam.
1870 3939 2231 4018 thuadam
2276 3937 2375 3995 die

814 4050 1049 4111 catulos
1084 4066 1228 4109 suos
1253 4064 1472 4108 caecos
1501 4045 1575 4104 ad
1609 4062 1747 4104 eum
1776 4041 1979 4102 bellua
2010 4039 2297 4117 producit
2317 4045 2378 4097 et

815 4156 955 4210 ante
991 4147 1181 4225 pedes
1209 4146 1340 4205 eius
1368 4144 1562 4223 ponit.
1594 4148 1664 4201 At
1692 4142 1794 4201 ille
1824 4158 2013 4219 quum
2045 4138 2378 4198 intellexis-

818 4258 931 4321 set,
979 4266 1092 4327 pro
1135 4247 1428 4307 caecitate
1468 4243 1790 4304 oculorum
1842 4241 2103 4301 bestiam
2145 4238 2380 4316 suppli-

818 4368 980 4421 care,
1014 4348 1245 4424 rogavit
1276 4346 1624 4412 Dominum,
1649 4350 1715 4401 ut
1738 4342 1825 4401 eis
1842 4341 2127 4401 redderet
2154 4340 2373 4398 visum.

819 4452 951 4522 Quo
991 4454 1245 4523 recepto
1299 4452 1553 4504 matrem
1603 4447 1937 4517 sequentes
1995 4438 2258 4497 redeunt
2302 4436 2377 4495 ad

817 4549 1203 4629 speluncam.
1256 4547 1326 4604 Et
1375 4541 1560 4622 paulo
1615 4548 1755 4618 post
1796 4540 1929 4617 ipsa
1977 4555 2116 4597 cum
2158 4535 2374 4597 catulis
2410 4537 2449 4588 D

816 4649 944 4710 suis
968 4645 1327 4723 regrediens
1356 4641 1551 4721 pelles
1584 4640 1787 4699 ovium
1818 4639 2053 4697 lanatas
2082 4635 2377 4714 plurimas

817 4750 983 4810 velut
1032 4763 1254 4808 munus
1302 4760 1414 4822 pro
1464 4748 1747 4818 suscepta
1794 4738 1981 4815 gratia
2030 4737 2107 4797 ad
2164 4752 2377 4795 senem

818 4850 1017 4911 defert
1049 4865 1260 4908 morsu
1298 4843 1420 4905 oris
1458 4848 1728 4911 evectas,
1763 4848 1822 4898 et
1863 4846 2003 4899 ante
2040 4838 2205 4897 fores
2245 4836 2377 4895 eius

817 4946 1115 5025 depositis
1158 4942 1433 5005 abscedit
1491 4942 1595 5018 (1).
1642 4965 1667 4993 »
1719 4939 1982 4997 Dubium
2036 4954 2183 4996 sane
2241 4952 2376 4995 esse

816 5047 914 5104 vix
944 5051 1169 5125 potest,
1201 5041 1351 5120 quin
1381 5039 1639 5100 eandem
1683 5038 1841 5097 hanc
1872 5036 2253 5097 sanationem
2277 5052 2377 5094 ca-

816 5142 1090 5204 tulorum
1134 5140 1388 5200 leaenae
1445 5154 1631 5215 supra
1686 5135 1992 5195 Palladius
2047 5133 2374 5209 signiﬁcet.

816 5240 988 5315 Quod
1023 5240 1072 5299 si
1094 5245 1352 5310 constat,
1387 5236 1653 5296 dubitari
1674 5234 1940 5314 amplius
1957 5235 2195 5312 nequit,
2222 5235 2375 5311 quin

817 5348 1024 5404 cetera
1056 5356 1331 5419 quoque,
1372 5354 1529 5414 quae
1563 5338 1763 5414 capite
1793 5336 1911 5395 isto
1948 5334 2198 5394 Palladii
2232 5351 2373 5393 nar—

818 5440 1123 5503 rationem
1154 5438 1230 5499 de
1260 5437 1462 5499 catulo
1495 5436 1774 5515 hyaenae
1809 5436 1885 5497 ad
1927 5436 2119 5495 ﬁnem
2172 5452 2370 5512 usque

891 5650 967 5716 (1)
998 5649 1125 5702 Ruf.
1176 5647 1312 5701 llist.
1362 5648 1505 5702 Eccl.
1545 5648 1637 5701 lib.
1670 5663 1712 5701 ll
1736 5661 1855 5715 cap.
1881 5646 1913 5698 4
1948 5645 2031 5699 ed.
2068 5644 2231 5700 Basil.
2257 5645 2291 5696 ι.
2320 5659 2374 5713 p.

820 5742 944 5801 215.
980 5739 1155 5794 Ruﬁni
1195 5739 1332 5809 Opp.
1356 5740 1439 5794 ed.
1486 5738 1713 5791 Vallarsi
1738 5754 1790 5807 p.
1816 5737 1941 5799 ΞΗ,
1968 5737 2137 5805 Migne
2174 5736 2371 5788 Palrol.

819 5832 863 5889 Τ
923 5831 1034 5889 XXI
1066 5848 1116 5905 p.
1149 5831 1270 5887 512.

2482 601 2649 655 tent:
2682 613 2859 666 eum,
2908 611 2983 654 ex
3028 609 3154 671 quo
3195 592 3535 670 baptizatus
3573 590 3678 661 sit,
3728 591 4041 667 sexaginta

2478 711 2677 755 annos
2715 710 2840 755 non
2889 692 3060 755 humi
3091 691 3355 772 spuisse,
3389 706 3589 749 annos
3636 689 4041 767 quadraginta

2478 799 2691 852 natum
2722 792 3096 870 baptizatum
3121 805 3279 859 esse,
3297 795 3539 848 'statura
3568 787 3737 847 brevi
3769 786 3959 847 fuisse
3982 797 4040 847 et

2477 900 2703 966 cetera,
2730 909 2888 971 quae
2921 907 3119 969 usque
3143 889 3219 949 ad
3252 890 3437 950 ﬁnem
3474 889 3693 966 capitis
3728 887 4013 964 leguntur

2477 995 2631 1053 Nam
2673 993 2827 1052 ordo
2868 991 3058 1052 totius
3087 990 3269 1050 huius
3309 989 3605 1049 orationis
3644 987 3934 1066 postulat,
3975 994 4040 1046 ut

2476 1090 2630 1152 haec
2682 1091 2758 1152 de
2819 1090 3042 1151 eodem
3096 1105 3246 1149 sene
3306 1087 3766 1164 intelligantur,
3823 1104 3857 1146 a
3914 1104 4039 1165 quo

2476 1190 2641 1251 oculi
2671 1190 2874 1251 catulo
2896 1188 3172 1266 hyaenae
3204 1187 3466 1249 restituti
3488 1194 3649 1247 sunt.
3678 1187 3784 1247 Illa
3816 1204 3963 1247 vero
3992 1187 4043 1247 si

2477 1291 2554 1351 de
2587 1291 2850 1351 Macario
2889 1289 3288 1366 intelligenda
3329 1296 3494 1359 sunt,
3538 1304 3755 1349 senem
3785 1304 4041 1365 quoque

2475 1398 2725 1451 centum
2772 1406 3106 1460 annorum,
3158 1388 3267 1465 qui
3324 1404 3390 1448 se
3439 1394 3498 1447 et
3545 1386 3861 1448 diabolum
3919 1394 4041 1447 tam

2475 1493 2697 1552 acerbe
2727 1490 3085 1568 increpavit,
3118 1488 3447 1549 Macarium
3488 1486 3677 1547 fuisse
3709 1486 3887 1546 facile
3926 1493 4045 1546 sta-

2476 1604 2632 1654 tues.
2685 1596 2837 1654 Nam
2877 1591 3279 1671 quadraginta
3325 1590 3493 1662 anni,
3545 1607 3703 1667 quos
3741 1588 4041 1649 Macarius

2473 1698 2615 1753 ante
2637 1692 3010 1771 baptismum
3040 1690 3209 1761 vixit,
3240 1695 3300 1750 et
3322 1688 3661 1764 sexaginta,
3697 1705 3855 1767 quos
3894 1688 4041 1746 virit

2475 1798 2733 1869 accepto
2779 1790 3120 1867 baptismo,
3168 1788 3221 1849 si
3272 1793 3734 1865 computantur,
3790 1793 4040 1858 centum

2472 1907 2670 1951 annos
2692 1888 2985 1950 elliciunt.

2550 2021 2657 2090 79
2682 2024 2896 2099 Itaque
2930 2020 2993 2079 in
3022 2019 3149 2080 sola
3179 2019 3433 2100 antiqua
3473 2020 3760 2081 versione
3804 2024 4044 2079 rectam

2470 2122 2730 2182 inveniri
2762 2121 3084 2181 nominum
3110 2120 3477 2198 scripturam
3502 2119 3817 2195 intelligis,
3845 2136 4042 2179 cunc-

2471 2230 2681 2301 taque,
2704 2238 2864 2301 quae
2896 2221 3097 2299 capite
3126 2220 3233 2281 illo
3266 2220 3552 2281 codicum
3587 2220 4041 2279 Vindobonen-

2473 2322 2675 2383 sium:
2734 2322 2871 2381 «De
2914 2322 3117 2381 Marco
3149 2342 3175 2373 υ
3231 2320 3530 2397 inscripto
3581 2318 3909 2390 habentur,
3963 2318 4042 2378 ad

2472 2422 2803 2484 Macarium
2872 2418 3353 2480 Alexandrinum
3419 2427 3741 2498 spectare,
3831 2436 4043 2498 neque

2476 2521 2732 2581 omnino
2766 2522 3036 2583 Marcum
3074 2518 3137 2579 in
3177 2519 3378 2597 capite
3420 2519 3758 2590 nominari,
3801 2519 3921 2578 nisi
3973 2527 4043 2578 ut

2474 2621 2558 2693 id,
2593 2621 2762 2700 quod
2785 2620 2860 2682 de
2893 2636 2967 2680 eo
3002 2620 3301 2681 Macarius
3330 2618 3572 2690 dixerit,
3601 2626 3905 2683 narretur.
3939 2620 4043 2677 cui

2477 2723 2731 2799 quidem
2771 2721 3109 2781 narrationi
3136 2720 3467 2789 Palladius,
3500 2721 3792 2791 Marcum,
3844 2736 4043 2796 quum

2474 2823 2715 2883 iuvenis
2739 2829 2919 2895 esset,
2950 2840 2999 2883 s.
3033 2824 3367 2901 scripturas
3390 2821 3737 2892 edidicisse,
3770 2839 3840 2881 ac
3870 2839 4047 2883 sanc-

2477 2925 2643 2984 titate
2674 2931 2733 2984 et
2762 2924 3036 2985 castitate
3067 2924 3373 2999 insignem
3402 2922 3614 2992 fuisse,
3647 2920 3973 2981 addiderit.

2558 3025 2682 3083 Nec
2716 3042 2866 3095 non,
2897 3031 2964 3084 ut
2995 3022 3147 3083 illud
3189 3029 3373 3101 caput
3404 3022 3485 3082 ita
3535 3022 4045 3099 interpretemur,

2480 3124 2661 3183 etiam
2693 3140 2888 3182 nexus
2926 3124 3297 3185 narrationis
3339 3121 3593 3182 Palladii
3643 3121 3721 3181 de
3764 3120 4049 3181 Macariis

2402 3200 2443 3255 ο
2476 3224 2734 3283 suadere
2771 3222 3031 3283 videtur.
3066 3224 3218 3283 Nam
3250 3222 3611 3295 Palladium,
3644 3222 3787 3299 qui,
3821 3239 4049 3299 quam-

2477 3322 2585 3381 diu
2616 3322 2912 3381 Macarius
2940 3322 3277 3399 Aegyptius
3299 3322 3538 3391 vixerit,
3564 3328 3888 3391 memorat,
3930 3338 4049 3397 pa—

2476 3421 2647 3492 riter,
2682 3427 2835 3497 quot
2864 3436 3062 3479 annos
3090 3420 3389 3479 Macarius
3416 3419 3868 3479 Alexandrinus
3914 3420 4054 3478 atti-

2478 3520 2655 3597 gerit,
2703 3520 3006 3580 indicasse
3057 3526 3545 3579 consentaneum
3597 3526 3711 3579 est.
3767 3517 4050 3589 Accedit,

2477 3622 2643 3697 quod
2671 3619 2935 3680 narratio
2954 3616 3205 3677 Palladii
3223 3617 3298 3677 de
3322 3618 3584 3677 Macario
3602 3616 4051 3688 Alexandrino,

2478 3718 2527 3776 si
2557 3718 2705 3777 illud
2751 3724 2933 3794 caput
2965 3715 3039 3775 ad
3071 3716 3339 3775 Marcum
3384 3714 3679 3785 refertur,
3724 3715 3884 3773 iusto
3922 3713 4054 3772 ﬁne

2478 3834 2734 3894 prorsus
2762 3823 2965 3886 caret;
3013 3820 3248 3884 contra,
3292 3812 3341 3871 si
3377 3812 3452 3872 ad
3483 3812 3814 3872 Macarium
3848 3810 4051 3887 perti-

2480 3924 2606 3989 net,
2655 3918 2871 3976 ambae
2922 3914 2999 3974 de
3035 3912 3315 3973 Macariis
3362 3911 3615 3971 Palladii
3657 3910 4056 3972 narrationes

2479 4014 2795 4095 praeclare
2829 4013 3093 4073 invicem
3115 4012 3232 4071 sibi
3264 4010 3667 4087 respondent.

2555 4149 2827 4209 Tertium
2861 4147 3131 4224 denique
3163 4152 3223 4205 et
3260 4144 3677 4203 ﬁrmissimum
3708 4159 4055 4217 argumen-

2477 4257 2610 4309 tum
2656 4248 2996 4326 repetimus
3042 4265 3075 4306 a
3106 4249 3476 4319 Sozomeno,
3529 4244 3636 4321 qui
3690 4260 3928 4315 senem,
3968 4243 4056 4303 de

2482 4366 2607 4426 quo
2672 4348 2791 4407 isto
2861 4346 3062 4423 capite
3124 4352 3436 4415 narratur,
3504 4342 3835 4401 Macarium
3910 4357 4057 4401 esse

2483 4453 2696 4524 aperte
2733 4445 2938 4506 docet.
2976 4446 3357 4504 Sozomenus
3396 4443 3601 4503 enim:
3636 4465 3660 4495 «
3690 4440 3855 4499 Alter
3892 4442 4055 4513 [Ma-

2480 4545 2679 4605 carius
2716 4543 3187 4617 Alexandrinus]
3234 4560 3380 4602 vero
3416 4567 3469 4615 »,
3516 4541 3740 4618 inquit,
3786 4564 3813 4594 ‹‹
3848 4541 4056 4600 serius

2478 4644 2728 4721 quidem
2778 4642 3104 4721 presbyter
3149 4642 3345 4702 factus
3400 4649 3511 4701 est.
3579 4641 3698 4700 Sed
3753 4641 4055 4700 omnibus

2477 4740 2603 4800 fere
2634 4740 2914 4800 arctioris
2961 4740 3323 4821 disciplinae
3369 4739 3914 4800 exercitationibus
3954 4748 4056 4805 est

2480 4839 2863 4918 perfunctus,
2899 4857 3160 4917 quarum
3194 4841 3341 4901 alias
3384 4842 3519 4918 ipse
3566 4840 4051 4917 excogitaverat,

2481 4936 2774 5013 quasdam
2800 4936 2875 4996 ab
2905 4935 3038 4995 aliis
3073 4945 3356 5015 acceptas
3400 4944 3565 4996 tanto
3602 4936 3805 4995 studio
3852 4953 4049 4994 excu-

2485 5037 2703 5109 luerat,
2737 5045 2806 5098 ut
2832 5058 2907 5097 ea:
2930 5037 3125 5098 nimia
3154 5040 3311 5098 cutis
3334 5040 3628 5098 ariditate
3664 5038 3781 5116 pili
3814 5037 4051 5096 barbae

2485 5138 2539 5195 ei
2588 5155 2715 5195 non
2766 5139 3177 5197 succreverint
3224 5136 3327 5215 (2).
3378 5160 3403 5191 ››
3467 5138 3583 5197 Ubi
3627 5139 4053 5199 Sozomenum

2484 5235 2813 5295 Historiam
2840 5237 3189 5297 Lausiacam
3226 5254 3260 5297 e
3295 5237 3493 5314 capite
3524 5238 3639 5297 isto
3672 5237 4052 5315 compilasse

2485 5334 2877 5399 manifestum
2930 5342 3040 5395 est.
3086 5335 3315 5409 Quodsi
3355 5343 3560 5398 autem
3605 5353 3698 5408 ea,
3758 5354 3919 5413 quae
3966 5336 4055 5396 de

2480 5434 2662 5494 barba
2698 5435 2863 5494 senis
2908 5434 2968 5493 in
3011 5436 3210 5512 capite
3241 5436 3569 5495 Lausiacae
3610 5434 3923 5511 leguntur,
3968 5436 4055 5499 ad

2553 5642 2627 5710 (l)
2655 5640 2866 5696 Sozam.
2895 5641 3025 5697 Hist.
3048 5640 3193 5697 Eccl.
3228 5641 3321 5698 lib.
3342 5640 3405 5696 lll
3446 5656 3563 5711 Cap.
3592 5641 3655 5696 l4
3689 5640 3776 5697 ed.
3803 5640 4059 5699 Valesius

2484 5750 2535 5803 p.
2563 5734 2681 5787 Siti.
