4266 6360
253 396 319 448 77
1756 396 1981 454 \‘ITAE.

3418 407 3489 464 το

246 499 584 561 Macarium
607 511 916 581 spectant,
946 508 1112 585 quis,
1135 509 1288 588 quin
1316 528 1518 575 cetera
1539 530 1818 595 quoque,
1848 518 1893 574 Δ
1920 516 2122 579 solum
2144 524 2269 580 tres
2295 520 2569 601 integros
2590 540 2812 597 annos,
2844 524 2955 586 sed
2987 524 3171 586 etiam
3201 530 3325 589 tres
3352 526 3487 591 fere

243 613 413 674 quae
440 597 550 659 illo
582 601 786 679 capite
821 605 1245 682 continentur,
1284 609 1350 671 in
1390 611 1660 674 eundem
1707 631 1813 676 ca-

245 694 420 769 dant,
442 698 711 777 amplius
735 701 1087 766 dubitabit?

326 798 546 876 Itaque
572 801 977 880 perspicuum
999 810 1113 879 est,
1142 805 1206 867 in
1228 808 1551 873 codicibus
1576 812 1812 876 Vindo-

245 895 634 959 bonensibus
675 916 793 978 pro
833 910 1099 982 Μακάριος
1141 904 1297 969 falso
1335 909 1633 989 scriptum
1676 930 1815 978 esse

1915 632 2114 679 annos
2143 618 2419 681 indicare
2449 639 2633 701 posse
2650 623 2754 705 (3).
2778 623 3029 685 Etiamsi
3058 641 3205 686 vero
3219 623 3338 687 hoc
3357 631 3479 688 sta-

1915 720 2178 788 tuamus,
2198 724 2365 780 certe
2382 726 2587 781 tamen
2608 728 2751 784 ante
2778 740 3011 784 annum
3036 722 3148 784 400
3178 724 3485 788 Palladius

1916 829 1994 873 ex
2023 815 2269 878 Cellulis
2300 835 2426 879 non
2450 820 2734 882 decessit.

1992 918 2191 994 Atque
2256 935 2397 979 cum
2462 917 2579 981 hac
2646 927 2999 1000 temporum
3063 924 3478 1002 descriptione

246 1000 493 1072 mpm.
531 997 647 1067 Qui
690 997 942 1077 quidem
991 1018 1167 1064 error
1208 1021 1349 1066 cum
1385 1023 1462 1067 ex
1499 1008 1815 1073 adﬁnitate
1916 1014 2152 1092 optime
2182 1018 2562 1080 conveniunt
2598 997 2852 1081 Palladii
2874 1020 3082 1093 verba,
3111 997 3317 1100 ipsum
3351 1029 3471 1083 tre-

245 1094 579 1157 verborum
606 1104 739 1159 tum
777 1117 853 1159 ex
880 1101 1130 1163 indice:
1172 1126 1201 1159 ‹‹
1231 1105 1318 1164 De
1346 1109 1550 1171 Marco
1579 1134 1606 1165 »
1636 1119 1815 1174 natus
1916 1111 2121 1175 decim
2183 1133 2381 1178 annos
2430 1118 2805 1180 monachum
2866 1119 3089 1194 fuisse,
3149 1128 3481 1201 antequam

244 1197 362 1263 est,
395 1209 583 1271 quem
604 1212 746 1257 cum
772 1197 1058 1261 librarius
1084 1207 1190 1262 aut
1211 1201 1426 1276 lector,
1452 1204 1612 1269 facta
1630 1210 1814 1272 Marci
1916 1213 2251 1294 episcopus
2288 1216 2459 1279 ﬁeret
2498 1218 2603 1297 (4).
2649 1221 2695 1279 Ε
2734 1218 2981 1301 Cellulis
3022 1220 3189 1282 enim
3218 1197 3478 1283 afﬂictae

242 1289 567 1351 mentione
596 1291 854 1370 longum
898 1306 1087 1374 caput
1127 1299 1199 1358 de
1236 1302 1539 1364 Macariis
1573 1305 1815 1369 finitum
1916 1289 2281 1376 valetudinis
2342 1334 2561 1393 causa,
2611 1327 2677 1381 ut
2724 1321 2859 1399 ipse
2908 1327 3145 1395 narrat,
3210 1320 3477 1383 Alexan-

240 1404 384 1449 esse
420 1396 609 1463 ratus,
649 1392 717 1453 in
755 1396 1032 1473 margine
1063 1398 1516 1480 adscripsisset,
1560 1422 1817 1488 corrup-

242 1484 365 1544 tela
402 1490 799 1564 postmodum
842 1494 907 1553 in
946 1501 1184 1557 textum
1210 1498 1501 1562 facillime
1541 1484 1809 1584 irrepsit.

1915 1412 2134 1487 driam,
2181 1414 2407 1478 deinde
2448 1420 2835 1481 medicorum
2881 1421 3143 1482 consilio
3179 1421 3478 1483 Hieroso-

1915 1506 2081 1587 lyma
2102 1514 2299 1591 petiit,
2326 1515 2489 1577 unde
2513 1535 2704 1596 quum
2723 1519 2787 1579 in
2810 1518 3159 1597 Bithyniam
3183 1520 3473 1593 venisset,

317 1584 429 1653 80
482 1587 677 1658 Quam
730 1591 986 1669 quidem
1033 1599 1484 1677 corruptelam,
1542 1605 1712 1682 quod
1748 1606 1813 1668 in
1915 1584 2249 1692 episcopus
2286 1584 2606 1677 ordinatus
2639 1626 2730 1679 est
2770 1618 2874 1697 (5).
2905 1584 3295 1698 Quapropter
3332 1636 3478 1681 eum

240 1682 721 1747 membranaceo
778 1691 996 1752 codice
1050 1694 1241 1755 modo
1295 1706 1570 1779 Μακάριος
1623 1703 1813 1765 modo
1914 1729 2080 1774 anno
2131 1682 2296 1794 ‘post
2349 1718 2684 1779 adventum
2744 1737 2924 1780 suum
2984 1720 3165 1781 tertio
3230 1720 3476 1781 decimo

244 1787 469 1859 Μὰρκῡς
514 1782 764 1861 legitur,
811 1790 1133 1868 antiquam
1168 1811 1327 1869 esse,
1361 1798 1471 1859 sed
1494 1800 1813 1878 paullatim
1848 1846 1887 1900 Β
1914 1782 2262 1893 Aegyptum
2286 1817 2635 1896 reliquisse,
2668 1822 2729 1878 et
2755 1836 2921 1879 anno
2953 1818 3059 1878 401
3106 1819 3477 1898 episcopum

239 1880 480 1939 tantum
504 1884 838 1957 genuinam
874 1904 1133 1951 vocem:
1176 1901 1440 1974 Μακάριος
1488 1902 1661 1959 textu
1705 1916 1808 1959 ex-

237 1974 497 2052 pulisse,
524 1987 589 2040 ut
618 1987 712 2042 est
739 1983 803 2043 in
830 1984 1049 2047 codice
1070 1987 1419 2065 chartaceo,
1440 1994 1799 2056 credideris.

234 2077 600 2139 Auctoritati
640 2088 848 2143 autem
888 2085 1177 2148 codicum
1228 2091 1803 2155 Vindobonensium

226 2175 310 2236 La
320 2175 566 2238 usiacae
585 2177 693 2240 illo
713 2197 927 2243 errore
950 2184 1045 2243 vix
1066 2185 1409 2265 quidquam
1444 2190 1799 2269 derogatur,

232 2289 507 2350 quorum
562 2277 755 2340 virtus
810 2280 877 2341 in
924 2299 1002 2343 eo
1058 2286 1449 2363 potissimum
1506 2293 1798 2366 cernitur,

234 2375 408 2452 quod
452 2394 550 2438 res
593 2378 756 2441 iusto
785 2383 1005 2444 ordine
1026 2384 1297 2463 integras
1326 2398 1596 2461 narrant,
1632 2393 1800 2471 quod

230 2471 300 2532 in
340 2474 719 2539 editionibus
748 2482 984 2556 graecis
1013 2489 1074 2544 et
1110 2485 1173 2545 in
1211 2488 1461 2549 Herveti
1492 2492 1796 2567 versione,

230 2578 302 2632 ut
330 2575 716 2653 saepissime,
743 2579 829 2641 ita
856 2579 958 2642 hic
988 2599 1265 2662 quoque,
1288 2585 1695 2651 desideratur.

311 2674 435 2735 Sed
457 2674 635 2751 haec,
659 2697 819 2758 quae
842 2682 1148 2745 Palladius
1165 2684 1242 2746 de
1259 2688 1521 2749 Macario
1545 2688 1801 2753 Alexan-

228 2768 417 2833 drino
466 2775 703 2851 retulit,
755 2790 921 2842 nunc
967 2782 1221 2860 quidem
1260 2786 1581 2849 hactenus.
1625 2792 1796 2852 Reli-

232 2888 427 2949 quum
482 2885 596 2949 est,
647 2886 716 2939 ut
759 2880 837 2940 ad
897 2898 971 2943 ea
1007 2882 1369 2947 illustranda
1414 2905 1613 2965 pauca
1656 2908 1795 2953 mo-

230 2986 515 3033 neamus.

313 3075 364 3145 ς.
402 3071 497 3132 20.
535 3079 618 3136 Ac
652 3077 920 3155 primum
962 3080 1218 3159 quidem
1262 3101 1363 3157 eo,
1407 3086 1576 3164 quod
1608 3087 1799 3150 Palla-

1910 1911 2016 1979 81
2052 1912 2279 1973 factum
2303 1931 2437 1975 esse
2461 1920 2948 1976 consentaneum
2979 1916 3241 1976 videtur.
3285 1917 3470 1978 Prae-

1910 2017 2078 2071 terea
2101 2028 2267 2072 anno
2300 2011 2410 2072 400
2445 2013 2786 2075 Palladium
2815 2015 3221 2076 Alexandriae
3259 2015 3471 2089 fuisse,

1908 2109 1985 2169 iis
2018 2126 2297 2188 quoque,
2329 2129 2491 2191 quae
2528 2113 2605 2174 de
2631 2121 2831 2176 morte
2861 2116 3101 2193 Evagrii
3128 2117 3264 2196 ipse
3302 2124 3471 2178 retu-

1909 2207 1999 2282 lit,
2035 2211 2358 2289 probabile
2397 2212 2463 2275 fit
2489 2212 2594 2295 (6).

1986 2309 2106 2369 Sed
2136 2312 2470 2389 quominus
2515 2313 2577 2374 id
2621 2320 2980 2386 statuamus,
3028 2315 3351 2395 prohiberi
3380 2319 3457 2377 vi

1907 2404 2129 2467 demur
2172 2408 2311 2469 loco
2360 2411 2587 2489 dialogi
2642 2412 2718 2474 de
2764 2413 2824 2472 S.
2868 2413 3286 2491 Chrysostomi
3328 2417 3465 2489 vita,

1907 2521 2119 2581 quem,
2169 2508 2429 2570 testibus
2467 2512 2735 2588 Georgio
2770 2512 3185 2575 Alexandrino
3216 2521 3277 2575 et
3304 2515 3468 2576 Pho-

1904 2605 1992 2665 tio
2026 2607 2134 2684 (7),
2182 2608 2490 2670 Palladius
2536 2612 2869 2691 episcopus
2915 2613 3180 2693 scripsit.
3227 2615 3299 2674 In
3352 2613 3472 2675 hoc

1906 2704 2073 2763 enim
2108 2704 2354 2783 dialogo
2382 2706 2631 2785 legitur,
2672 2710 2916 2788 synodo
2946 2712 3468 2791 ConstantinOpo-

1904 2800 2128 2863 litanae
2151 2804 2491 2867 indictione
2520 2808 2657 2867 XIII
2682 2807 2928 2871 habitae
2948 2809 3301 2872 interfuisse
3331 2812 3475 2871 Pal-

1905 2897 2140 2959 ladium
2155 2903 2501 2981 episcopum
2512 2904 2909 2985 Helenopolis
2924 2906 3002 2987 (8)
3017 2926 3196 2987 ,quae
3211 2916 3303 2969 est
3320 2911 3468 2971 urbs

1903 2997 2250 3077 Bithyniae.
2298 3001 2427 3062 Viri
2465 3002 2654 3080 igitur
2686 3005 2875 3079 docti,
2924 3006 3231 3085 imprimis
3274 3009 3470 3069 Baro-

1904 3099 2041 3159 nius
2063 3100 2142 3177 (9)
2188 3108 2249 3160 et
2287 3102 2881 3184 Tillemontius(10),
2930 3123 3057 3167 non
3087 3107 3469 3179 dubitarunt,

227 3166 374 3229 dius
426 3180 665 3247 ηδηδῐ»
711 3192 779 3236 se
839 3194 1065 3239 novem
1109 3196 1308 3242 annos
1352 3182 1415 3243 in
1464 3182 1664 3245 Ccliiis
1690 3194 1869 3250 seuC
1903 3193 2069 3259 hunc
2098 3199 2503 3279 Helenopolis
2553 3204 2920 3288 epiSCOpum
2958 3205 3227 3267 eundem
3264 3205 3471 3267 facere

227 3268 477 3331 Cellulis
520 3272 766 3349 vixisse,
815 3275 1144 3340 difﬁcultas
1174 3281 1480 3359 quaedam
1532 3282 1802 3348 chrono-

228 3367 433 3444 logica
472 3373 763 3433 nascitur.
810 3375 1116 3438 Palladius
1155 3380 1347 3453 enim,
1385 3382 1494 3459 qui
1536 3400 1603 3445 se
1633 3401 1799 3447 anno

230 3466 345 3526 388
385 3468 818 3533 Alexandriam
844 3474 1087 3536 venisse
1127 3476 1263 3555 ipse
1292 3483 1569 3554 testatur,
1613 3484 1799 3544 etiam

227 3569 445 3643 tradit,
484 3588 573 3643 se,
607 3580 941 3652 antequam
984 3575 1050 3636 in
1091 3576 1351 3639 Cellulas
1392 3581 1625 3655 abiret,
1672 3589 1797 3645 tres

225 3683 427 3729 annos
484 3671 719 3733 circum
778 3674 1211 3738 Alexandriam
1266 3678 1373 3759 (1),
1442 3688 1505 3742 et
1563 3699 1796 3744 annum

227 3767 541 3846 integrum
560 3772 623 3832 in
641 3783 850 3835 monte
872 3778 1098 3837 Nitriae
1116 3778 1193 3857 (2)
1211 3778 1542 3842 habitasse.
1568 3785 1791 3857 Quare,

226 3868 280 3927 si
324 3870 474 3930 anni
541 3881 1001 3953 computantur,
1043 3885 1184 3937 ante
1238 3896 1469 3941 annum
1514 3881 1618 3943 401
1664 3883 1796 3944 Cel-

226 3963 385 4027 lulas
438 3985 565 4029 non
606 3970 932 4051 reliquisse
970 3975 1229 4037 videtur.
1265 3981 1487 4040 Fateor
1513 3981 1789 4059 quidem,

224 4066 453 4127 verba:
497 4069 617 4129 Ἐπὶ
645 4076 732 4135 ἔτη
762 4081 909 4152 τρία,
941 4076 1169 4153 quibus
1217 4076 1616 4143 habitationis
1643 4100 1792 4145 suae

224 4165 461 4227 circum
512 4168 945 4235 Alexandriam
987 4181 1234 4254 tempus
1276 4178 1611 4255 significat,
1660 4199 1789 4244 non

295 4332 369 4400 (1)
404 4330 533 4387 115st.
559 4332 723 4388 Laus.
746 4336 832 4389 ed.
863 4336 1060 4390 Meurs.
1086 4353 1205 4408 cap.
1238 4340 1271 4393 8
1294 4341 1429 4410 Opp.
1466 4342 1657 4397 Meurs.
1692 4346 1725 4397 1.
1757 4346 1790 4396 Ι.

220 4438 279 4494 p.
305 4423 427 4478 360.

295 4516 372 4585 (2)
406 4515 539 4571 Ibid.
570 4534 621 4588 p.
648 4519 771 4572 561.

294 4608 372 4675 l3)
420 4607 674 4662 Matthiae
728 4613 865 4664 Ansf
944 4613 1162 4671 Griech.
1205 4615 1539 4672 Grammatik
1590 4620 1677 4672 ed.
1750 4619 1791 4671 ll

221 4698 287 4753 Τ.
314 4697 353 4751 ιι
382 4698 553 4768 gsse.

293 4790 535 4856 (4)11ist.
585 4790 745 4847 Laus.
786 4795 873 4848 ed.
917 4795 1115 4850 Meurs.
1164 4799 1371 4868 prolog.
1410 4799 1546 4868 Opp.
1592 4800 1785 4855 Meurs.

222 4890 255 4930 ἰ,
292 4880 329 4931 Ι.
365 4896 417 4948 p.
450 4882 574 4935 540.

252 4977 257 4981 ’
290 4972 371 5041 (5)
400 4973 533 5026 Ibid.
562 4989 684 5043 cap.
709 4976 777 5027 44
807 4975 945 5045 Opp.
973 4977 1173 5033 Meurs.
1212 4982 1250 5033 l.
1277 4980 1312 5032 l.
1344 4996 1396 5051 p.
1428 4981 1551 5033 472.

283 5064 365 5133 (b)
406 5063 539 5119 Ibid.
577 5082 696 5137 cap.
733 5070 802 5123 88
829 5070 967 5138 Opp.
999 5070 1201 5127 Meurs.
1255 5075 1290 5125 Ι.
1336 5076 1370 5126 l.
1406 5089 1458 5142 p.
1494 5076 1598 5128 550
1623 5090 1742 5143 sqq.
1772 5094 1785 5140 ;

215 5154 513 5212 Tillemont
551 5157 838 5215 Ménioires
906 5160 973 5215 Τ.
1025 5162 1071 5215 x
1124 5180 1176 5233 p.
1228 5149 1341 5218 '568
1393 5182 1548 5234 δρψ,
1591 5182 1642 5235 ρ.
1688 5166 1786 5220 796

214 5244 345 5299 Not.
400 5246 451 5298 7.

286 5337 363 5406 (7)
404 5337 600 5409 Georg.
655 5341 1060 5400 Alexandrinus
1110 5347 1164 5400 in
1214 5347 1334 5403 Vita
1383 5347 1441 5401 S.
1484 5346 1569 5403 Jo.
1608 5346 1783 5420 Chry-

210 5434 468 5490 sostonii.
516 5431 743 5489 Pnotius
788 5437 844 5490 in
883 5437 1021 5493 Bibl.
1068 5454 1136 5495 ex
1192 5455 1306 5497 rec.
1340 5440 1568 5499 Bekker.
1600 5440 1781 5497 Berol.

215 5520 358 5574 1824
384 5538 437 5591 ρ.
464 5523 555 5586 78,
589 5524 641 5579 b.
668 5525 752 5580 Cf.
784 5524 841 5581 S.
874 5526 958 5582 Jo.
988 5527 1275 5601 Chrysost.
1318 5529 1457 5601 Opp.
1487 5532 1575 5587 ed.
1606 5532 1786 5588 Mont-

216 5610 419 5679 faumon
444 5611 509 5668 Τ.
541 5612 657 5669 X111
690 5614 867 5670 Praef.
895 5632 948 5686 p.
984 5634 1035 5671 xI
1062 5634 1147 5688 sq.

291 5706 369 5763 (8)
423 5705 630 5758 Pallad.
678 5706 817 5759 Dial.
872 5709 940 5761 de
996 5709 1105 5761 vita
1153 5708 1211 5764 S.
1273 5707 1354 5765 lo.
1404 5710 1781 5781 Cbrysostomi

219 5810 341 5863 mp.
396 5796 459 5850 15
519 5796 602 5850 Η.
649 5796 704 5851 5.
740 5792 823 5851 Jo.
872 5798 1158 5871 Chrysost.
1208 5800 1345 5875 Opp.
1386 5804 1469 5856 vd.
1517 5802 1778 5857 Montfau—

1903 3311 2047 3355 cum
2084 3298 2387 3376 scriptore
2418 3301 2729 3366 Historiae
2768 3305 3121 3365 Lausiacae.
3165 3306 3469 3377 Quoniam

1902 3411 2048 3455 vero
2076 3396 2334 3461 indictio
2364 3402 2503 3462 XIH
2523 3404 2744 3464 abVIII
2773 3404 3021 3466 Calend.
3040 3406 3319 3467 Octobris
3339 3406 3382 3467 i.
3408 3423 3466 3466 e.

1901 3494 2086 3554 XXIV
2100 3497 2477 3576 Septembris
2502 3500 2551 3579 (1
2570 3500 2621 3580 1)
2639 3502 2786 3562 anni
2808 3501 2918 3562 399
2938 3504 3172 3582 incepit
3189 3502 3307 3584 (12)
3321 3552 3335 3576 ,
3352 3504 3472 3564 Til-

1900 3589 2257 3666 lemontius,
2280 3597 2818 3674 Montefalconius,
2848 3601 3136 3662 Neander
3158 3602 3466 3680 synodum

1903 3706 2118 3751 mense
2165 3695 2323 3755 Maio
2370 3698 2519 3758 anni
2562 3697 2673 3757 400
2723 3698 2996 3761 habitam
3041 3719 3179 3763 esse
3233 3711 3461 3765 statue-

1903 3796 2044 3848 runt
2068 3788 2210 3869 (l3).
2250 3794 2527 3872 Scriptor
2562 3814 2709 3858 vero
2738 3800 2895 3860 vitae
2922 3802 2982 3860 S.
3020 3801 3464 3879 Chrysostomi,

1901 3902 2061 3963 quae
2089 3888 2152 3947 in
2180 3893 2299 3950 AA.
2330 3893 2434 3951 SS.
2464 3892 2621 3953 Boll.
2652 3894 2984 3969 invenitur,
3016 3915 3230 3958 mense
3250 3899 3463 3959 Martio

1900 3993 2005 4047 aut
2040 3990 2233 4067 Aprili
2263 3994 2410 4052 anni
2451 3992 2561 4053 399
2593 4011 2731 4056 eam
2775 3996 2967 4058 fuisse
3007 3998 3334 4060 arbitratus
3373 4010 3463 4057 est

1900 4086 1982 4146 ob
2012 4087 2422 4166 difﬁcultates,
2472 4111 2632 4172 quae
2670 4097 2977 4174 synodum
3009 4115 3175 4159 anno
3206 4097 3315 4157 400
3349 4098 3422 4158 ha

1899 4184 2088 4246 bitam
2120 4205 2255 4249 esse
2286 4206 2413 4250 non
2442 4191 2771 4253 admittunt
2790 4192 2931 4273 (14).

1904 4363 2003 4401 con
2042 4347 2103 4401 T.
2137 4348 2251 4405 Xlll
2289 4369 2337 4422 p.
2375 4356 2440 4407 50
2470 4372 2576 4421 sq..
2612 4356 2861 4411 Galland.
2904 4358 3031 4410 Biln.
3088 4358 3165 4410 Pl'
3260 4370 3267 4398 '-
3360 4369 3457 4411 tax.

1904 4456 1955 4509 p.
1990 4441 2112 4495 298.
2153 4444 2274 4499 300.

1826 4510 1869 4563 Ι)
1973 4533 2047 4600 (9)
2084 4529 2283 4586 Baron.
2321 4533 2517 4587 Annal.
2564 4557 2615 4590 Α.
2655 4536 2779 4591 ⁸588.
2829 4536 2952 4591 ιοο.
3001 4537 3123 4592 403.
3164 4538 3285 4594 404.
3331 4540 3433 4594 405

1895 4617 2019 4674 406.

1966 4714 2079 4784 (10)
2120 4713 2413 4771 Tillemont
2455 4716 2740 4773 Méntoires
2776 4718 2835 4773 T.
2873 4720 2940 4773 X1
2966 4735 3019 4789 p.
3061 4720 3165 4776 500
3202 4736 3319 4791 sqq.

1964 4807 2077 4876 (11)
2116 4806 2288 4862 ldeler
2334 4807 2531 4865 Lebrb.
2582 4811 2637 4864 d.
2685 4811 3049 4881 Chronologie
3105 4812 3282 4867 Berlin
3316 4816 3447 4870 1851

1892 4913 1945 4966 p.
1980 4898 2122 4963 ‘12;
2178 4898 2258 4952 Du
2287 4897 2471 4967 Gange
2498 4900 2745 4956 Glossar.
2779 4918 2829 4955 s.
2855 4918 2906 4954 v.
2938 4903 3175 4959 indictio.

1961 4987 2073 5056 (12)
2114 4988 2223 5039 AA.
2267 4986 2367 5042 SS.
2395 4987 2530 5042 Boll.
2570 4990 2719 5058 Sept.
2762 4989 2821 5041 T.
2865 4989 2928 5043 IV
2965 5007 3017 5060 p.
3054 4992 3178 5053 545,
3211 4994 3263 5047 b.
3290 4992 3439 5047 Tille

1893 5087 2044 5131 mont
2072 5077 2358 5133 Mémoires
2382 5077 2447 5132 Τ.
2482 5077 2551 5132 XI
2576 5095 2629 5149 p.
2674 5080 2792 5133 158.
2817 5079 2943 5133 582.

1960 5167 2069 5236 (Ιὸ)
2110 5167 2400 5220 Tillemont
2430 5168 2465 5220 ι.
2497 5168 2532 5221 Ι.
2566 5184 2619 5236 ρ.
2651 5168 2748 5219 581
2777 5183 2895 5235 sqq.
2924 5166 3043 5219 Not.
3068 5166 3153 5222 59.
3182 5168 3440 5223 Montfan.

1888 5273 1989 5311 con
2027 5260 2078 5311 in
2110 5256 2227 5311 Vita
2270 5256 2327 5311 S.
2359 5256 2446 5311 ιο.
2492 5260 2885 5328 Cbrysostomi,
2926 5258 2983 5312 S.
3032 5258 3116 5314 Jo.
3157 5261 3445 5332 Chrysost.

1887 5346 2025 5415 Opp.
2060 5345 2147 5400 ed.
2179 5344 2526 5401 Mnntf’aucon
2570 5346 2633 5399 T.
2672 5346 2790 5400 X111
2816 5348 2985 5416 p.157
3021 5365 3141 5418 sqq.
3170 5349 3443 5417 Neander,

1886 5434 1991 5489 Der
2024 5437 2076 5489 h.
2108 5434 2233 5490 Joh.
2262 5435 2684 5507 Chrysostomus
2713 5454 2768 5492 u.
2798 5438 2886 5491 die
2922 5438 3121 5495 Kirchc
3154 5440 3205 5493 in
3245 5440 3445 5497 desscn

1886 5525 2143 5580 Zeitaiter
2172 5526 2353 5582 Berlin
2383 5529 2519 5583 181‘2
2553 5526 2618 5582 T.
2648 5528 2694 5583 ιι
2718 5545 2771 5592 p.
2803 5529 2866 5582 77
2896 5546 3017 5599 sqq.

1954 5619 2066 5685 (14)
2106 5619 2217 5673 AA.
2250 5619 2348 5672 SS.
2384 5620 2517 5674 Boll.
2548 5622 2701 5690 Sept.
2750 5621 2814 5675 Τ.
2850 5622 2916 5676 1V
2951 5641 3003 5693 p.
3047 5626 3151 5678 545
3191 5641 3309 5695 sqq.
3354 5626 3437 5679 Cf.

1888 5710 2031 5763 Cave
2072 5719 2124 5763 et
2158 5712 2357 5765 Omlin.
2384 5727 2429 5766 s.
2457 5726 2505 5764 ν.
2535 5712 2966 5782 Chrysoslomu.
2997 5715 3286 5767 Bollandus
3315 5712 3449 5773 Jan.

1891 5799 1953 5854 Τ.
1983 5800 1999 5853 1
2031 5816 2079 5870 ι».
2125 5801 2258 5857 1007
2284 5802 2549 5872 synodum
2592 5800 3245 5873 Constantinopolitanam
3292 5819 3439 5862 anno
