4266 6360
826 400 893 458 79
1641 400 1740 456 SS.
1779 398 2235 456 MACARIORUM
2275 397 2593 453 AEGYPTII
2632 399 2717 454 ET
2758 397 3215 453 ALEXANDRINI
3976 398 4049 453 80

899 516 1007 585 82
1057 518 1254 595 Atque
1296 516 1620 587 Baronius,
1668 513 2123 586 Tillemontius,
2171 512 2385 585 ceteri,
2417 520 2463 575 Α
2491 515 2793 594 episcOpo
2826 513 2972 574 inde
3000 529 3035 574 a
3067 519 3375 592 tempore,
3418 529 3546 592 quo
3582 514 3649 574 S.
3676 512 4047 591 Chrysosto-

825 623 890 677 ut
934 612 1271 678 Palladium
1320 615 1665 677 Lausiacae,
1696 615 2063 693 scriptorem
2111 612 2383 675 eundem

820 712 1099 776 facerent
1123 730 1263 777 cum
1289 712 1397 774 illo
1418 710 1826 791 Helenopolis
1847 711 2174 791 episcopo,
2206 726 2384 789 prae-

823 813 1007 892 cipue
1056 813 1209 874 lucis
1256 811 1630 891 quibusdam
1684 810 1989 871 Historiae
2054 808 2382 870 Lausiacae

823 913 1060 975 inducti
1102 919 1267 986 sunt,
1328 929 1488 991 quos
1530 911 1837 990 genuinos
1884 926 2021 971 esse
2062 910 2163 971 vix
2212 916 2383 971 certo

825 1019 1083 1075 constat.
1116 1014 1163 1073 E
1192 1029 1458 1091 quorum
1488 1028 1750 1072 numero
1772 1016 1864 1071 est
1882 1009 2058 1071 locus
2085 1008 2382 1081 Paradisi,

824 1128 974 1189 quo,
1032 1116 1361 1189 postquam
1405 1110 1736 1189 prOphetia
1779 1109 2035 1171 Joannis
2083 1109 2151 1169 in
2191 1110 2380 1185 Lyco,

822 1209 1160 1273 Palladium
1188 1211 1551 1289 episc0pum
1593 1208 1750 1281 fore,
1792 1213 2033 1269 narrata
2073 1213 2189 1282 est,
2231 1206 2384 1268 haec

823 1308 1113 1386 leguntur
1146 1327 1159 1368 :
1196 1333 1222 1364 α
1249 1311 1318 1369 In
1370 1326 1497 1387 quo
1540 1308 1954 1387 [epiSCOpatu]
2002 1307 2386 1385 tempestatis

822 1406 1010 1480 illius,
1053 1424 1213 1487 quae
1253 1408 1368 1469 sub
1404 1414 1618 1468 sancto
1656 1407 1897 1468 Joanne
1929 1412 2240 1467 commota
2272 1411 2383 1478 est,

822 1504 1074 1565 interfui
1095 1504 1270 1566 malis
1292 1529 1317 1558 ››
1341 1503 1442 1581 (1).
1461 1503 1631 1564 Idem
1652 1502 1912 1564 habetur
1932 1502 2185 1580 quidem
2203 1502 2386 1563 etiam

821 1603 887 1664 in
938 1621 1162 1681 graeco
1206 1603 1455 1665 Meursii
1507 1609 1677 1663 textu
1738 1602 1853 1679 (2);
1922 1601 2032 1662 sed
2087 1604 2387 1662 Hervetus

822 1701 976 1762 haec
993 1702 1264 1782 profert:
1294 1726 1320 1757 «
1351 1701 1584 1779 Dignus
1611 1698 1859 1761 habitus
1889 1717 2027 1761 sum
2055 1700 2390 1762 ordinatio-

824 1816 927 1874 ne,
959 1818 1119 1880 quae
1139 1818 1308 1862 meas
1334 1800 1489 1861 vires
1517 1807 1792 1879 superat,
1817 1800 1884 1858 in
1909 1817 2043 1857 eum
2060 1818 2268 1859 casum
2296 1801 2389 1859 in»

823 1900 1055 1974 cidem,
1111 1920 1285 1980 quem
1336 1902 1606 1961 Ioannes
1660 1898 1748 1974 [in
1801 1900 1989 1977 Lyco]
2045 1897 2381 1976 praedixe-

821 2010 923 2060 rat
947 2000 1052 2080 (3).
1085 2024 1111 2054 ››
1135 2002 1301 2072 Quae
1319 1998 1570 2078 quidem
1592 1997 1799 2071 lectio,
1820 2014 2013 2075 quum
2033 2004 2165 2059 toto
2187 1997 2388 2075 capite

823 2100 901 2161 de
921 2101 1159 2161 Joanne
1191 2100 1255 2160 in
1281 2101 1445 2178 Lyco
1475 2104 1779 2171 narretur,
1800 2096 2183 2176 probabilior
2211 2096 2385 2157 vide-

824 2205 943 2256 tur.
988 2196 1335 2270 (Quomodo
1364 2195 1613 2257 codices
1645 2194 2160 2256 Vindobonenses
2181 2193 2388 2256 locum

823 2296 1179 2369 exhibeant,
1194 2314 1321 2357 non
1343 2295 1735 2364 examinavi.)
1751 2298 1990 2356 Rursus
2011 2302 2071 2355 et
2086 2296 2389 2356 Baronius

825 2404 885 2456 et
914 2396 1341 2459 Tillemontius
1374 2396 1747 2476 tradunt(4),
1789 2397 2157 2475 scriptorem
2187 2396 2392 2458 Histo-

827 2496 951 2556 riae
991 2497 1320 2559 Lausiacae
1358 2498 1595 2558 Romae
1634 2496 1715 2557 ob
1746 2512 1996 2557 causam
2026 2496 2086 2555 S.
2131 2495 2391 2557 Joannis

827 2597 931 2671 [Ch
941 2597 1291 2675 rysostomi]
1308 2603 1654 2658 morantem
1665 2613 1700 2657 a
1713 2596 1974 2658 Piniano
1988 2595 2287 2670 Melaniae
2299 2594 2391 2656 iu-

827 2696 1019 2758 nioris
1044 2698 1265 2758 marito
1296 2702 1627 2777 exceptum
1658 2711 1817 2757 esse.
1842 2696 2017 2769 Quod
2038 2695 2293 2775 quidem
2324 2696 2391 2757 in

826 2792 1099 2855 editione
1137 2793 1478 2873 Meursii(5)
1521 2800 1583 2854 et
1610 2793 1675 2854 in
1708 2792 2001 2855 Paradiso
2023 2792 2100 2871 (6)
2126 2792 2387 2870 “legitur,

827 2892 934 2952 sed
980 2896 1153 2952 deest
1182 2890 1247 2952 in
1290 2890 1611 2953 codicibus
1660 2889 2254 2951 Vindobonensibus
2310 2888 2389 2967 (7)

828 2997 887 3048 et
916 2988 980 3049 in
1015 2988 1265 3071 antiqua
1296 2987 1603 3050 versione.
1650 2988 1932 3065 Denique
1960 2986 2392 3047 Tillemontius

828 3090 1158 3150 Historiam
1206 3089 1562 3149 Lausiacam
1618 3088 1685 3148 in
1730 3086 2053 3148 codicibus
2103 3085 2390 3146 Palladio

2483 630 2621 675 mus
2652 613 2719 673 in
2754 612 3004 673 exilium
3036 614 3263 675 missus
3296 619 3411 687 est,
3460 614 3503 675 i.
3535 631 3594 676 e.
3627 613 3706 675 ab
3734 628 3903 673 anno
3933 610 4052 672 404

2482 712 2781 775 accidisse
2807 711 3088 789 dialogus
3106 712 3311 785 tradit,
3341 712 3406 773 in
3434 712 3765 773 Lausiacae
3788 710 4054 789 scripto-

2484 828 2619 872 rem
2666 812 2901 890 Optime
2942 813 3187 875 cadere.
3236 808 3347 873 Ille
3392 813 3558 873 enim
3602 817 3859 891 prOpter
3890 826 4047 872 cau-

2484 925 2611 969 sam
2676 910 2739 970 S.
2793 909 3213 989 Chrysostomi
3272 912 3535 971 Romam
3591 909 3802 988 petiit,
3876 908 4051 969 unde

2486 1008 2681 1070 redux
2763 1008 2965 1071 factus
3021 1012 3088 1072 in
3142 1011 3363 1072 urbem
3414 1012 3665 1089 Syenen
3720 1010 3787 1070 in
3838 1012 4049 1085 Aegy-

2487 1116 2595 1189 pto
2636 1125 2837 1190 prOpe
2878 1110 3229 1190 Blemmyes
3275 1112 3454 1173 sitam
3487 1112 3553 1172 in
3599 1110 3852 1172 exilium
3896 1110 4053 1172 abiit

2486 1206 2840 1287 multosque
2873 1208 2978 1269 diu
3014 1226 3345 1288 perpessus
3375 1216 3467 1269 est
3483 1209 3728 1270 labores
3757 1207 3905 1286 (10).
3937 1212 4051 1267 At-

2487 1324 2612 1386 que
2641 1308 2947 1369 Palladius
2974 1310 3303 1371 Lausiacae
3336 1310 3604 1387 scriptor
3627 1326 3694 1369 se
3719 1309 3958 1367 Romae
3989 1313 4055 1366 et

2488 1406 2729 1484 Syenae
2760 1406 2950 1467 fuisse
2970 1407 3107 1485 ipse
3125 1413 3380 1468 testatur
3400 1405 3545 1483 (ll).
3569 1404 3843 1477 Accedit,
3876 1403 4053 1481 quod

2488 1504 2817 1565 Lausiacae
2838 1504 3125 1583 scriptori
3144 1505 3417 1564 Joannes
3437 1504 3501 1563 in
3527 1505 3694 1580 Lyco
3716 1500 4052 1579 praedixit,

2487 1600 2718 1678 ipsum,
2750 1602 2801 1662 si
2831 1602 3165 1681 episcopus
3191 1600 3388 1663 factus
3416 1608 3601 1673 esset,
3631 1599 3861 1660 multos
3880 1598 4057 1658 labo-

2489 1715 2590 1760 res
2659 1699 3158 1779 calamitatesque
3220 1716 3665 1779 perpessurum
3713 1714 3848 1760 esse
3902 1695 4053 1775 (12).

2490 1798 2771 1878 Denique
2800 1798 2977 1873 illud,
3018 1800 3188 1879 quod
3217 1799 3527 1861 Palladius
3556 1798 3885 1859 Lausiacae
3906 1797 4058 1858 scri-

2488 1905 2631 1976 ptor
2674 1905 2901 1972 narrat,
2945 1916 3035 1972 se,
3101 1906 3430 1978 postquam
3476 1900 3812 1977 episcopus
3853 1897 4059 1959 factus

2488 2012 2601 2074 per
2619 1996 2911 2056 undecim
2941 2012 3189 2057 menses
3214 1997 3279 2057 in
3310 1996 3463 2057 cella
3490 1996 3822 2056 tenebrosa
3851 1996 4056 2055 latue-

2487 2097 2589 2172 rit,
2638 2096 3034 2158 recordatum
3086 2114 3223 2159 esse
3274 2098 3447 2159 verbi
3494 2097 3659 2158 beati
3702 2098 3962 2158 Joannis
3990 2098 4059 2157 in

2488 2200 2654 2277 Lyco
2678 2196 2824 2277 (13),
2857 2197 3089 2277 Optime
3114 2198 3192 2259 de
3222 2197 3389 2258 exilii
3419 2205 3728 2277 tempore,
3763 2214 3890 2277 quo
3923 2198 4061 2258 Pal-

2488 2294 2711 2368 ladius,
2746 2295 3151 2375 Helenopolis
3199 2297 3559 2377 episcopus,
3602 2297 3671 2359 in
3707 2302 4060 2377 Aegyptum

2487 2396 2789 2459 abductus
2821 2406 2936 2472 est,
2967 2397 3091 2461 dici
3118 2404 3341 2478 potest.

2570 2602 2645 2659 At
2671 2598 2812 2673 alia,
2864 2614 3025 2676 quae
3058 2597 3138 2660 de
3180 2597 3454 2660 Palladio
3483 2596 3892 2677 HelenOpolis
3920 2598 4062 2679 epi-

2491 2716 2688 2779 scopo
2727 2698 2794 2759 in
2834 2697 3084 2777 dialogo
3129 2698 3444 2777 leguntur,
3485 2716 3631 2760 eum
3668 2699 3907 2762 scilicet
3950 2718 4062 2779 sy-

2492 2799 2663 2860 nodo
2690 2799 2791 2859 isti
2819 2799 3535 2879 Constantinopolitanae
3564 2802 3944 2876 interfuisse,
3994 2803 4065 2865 in

2492 2895 2823 2956 Lausiacae
2861 2896 3231 2973 scriptorem
3272 2897 3495 2958 cadere
3533 2906 3877 2977 nequeunt.
3922 2900 4063 2961 Pri-

2492 3011 2660 3055 mum
2693 2995 2859 3055 enim
2886 2994 3223 3073 descriptio
3268 3003 3647 3076 temporum,
3687 3014 3809 3077 qua
3849 2998 3951 3060 hic
3998 3000 4066 3061 in

2492 3090 2761 3151 Historia
2787 3090 3078 3152 Lausiaca
3099 3092 3235 3171 ipse
3254 3092 3467 3165 utitur,
3491 3100 3704 3172 aperte
3728 3104 4063 3173 repugnat.

832 3182 1222 3260 [lelenopotis
1275 3184 1557 3261 episcopo
1605 3182 1795 3244 tribui
1845 3183 2028 3243 docet
2062 3180 2174 3259 (8),
2224 3181 2393 3259 quod
2422 3197 2463 3250 C
2495 3189 2729 3249 Deinde
2782 3188 3095 3250 Palladius
3148 3193 3478 3253 Lausiacae
3522 3196 3810 3272 scriptor,
3863 3213 4066 3272 quum

830 3297 955 3343 non
1002 3281 1259 3341 omnino
1305 3298 1520 3342 verum
1573 3288 1695 3354 est;
1759 3298 1901 3341 nam
1941 3280 2190 3342 codices
2240 3280 2389 3339 Vin-

829 3382 1225 3443 dobonenses
1292 3399 1427 3443 eam
1488 3381 1776 3444 Palladio
1829 3383 2111 3462 episcopo
2171 3379 2393 3441 inscri-

831 3483 985 3542 bunt
1017 3478 1124 3554 (9).

905 3672 1013 3745 83
1060 3677 1279 3735 Fateor
1321 3691 1416 3748 ea,
1472 3691 1633 3753 quae
1674 3673 1947 3735 Palladio
1992 3675 2396 3756 HelenOpolis

831 3926 926 3977 tm
969 3924 1207 3978 habitam
1248 3940 1369 3980 esse
1397 3927 1627 3993 putavit,
1659 3926 1803 3997 quod
1834 3926 2055 3996 quidem
2075 3944 2252 3999 neque
2268 3946 2391 3984 cum

835 4019 1015 4071 \erbis
1057 4018 1258 4088 dialogi
1294 4023 1355 4088 (Ι.
1394 4020 1478 4085 l.),
1524 4035 1634 4089 quo
1679 4028 1793 4073 tum
1831 4021 2121 4074 tumultum
2174 4032 2394 4091 propter

832 4111 1060 4163 tiainam
1094 4111 1387 4165 barbarum
1425 4110 1595 4166 fuisse
1626 4112 1879 4174 traditur,
1913 4129 2088 4183 neque
2117 4129 2242 4167 cum
2282 4124 2392 4169 tota

832 4202 951 4265 ejus
982 4201 1243 4267 temporis
1278 4200 1629 4270 chronologia
1663 4204 1937 4255 convenit.

905 4291 980 4361 (Ι)
1021 4290 1215 4343 Parad.
1272 4306 1390 4359 cap.
1432 4292 1536 4358 22,
1599 4291 1710 4343 VV.
1750 4292 1853 4345 PP.
1915 4293 2097 4345 Ilosw.
2164 4311 2213 4359 p.
2266 4292 2390 4347 966.

833 4378 918 4433 (Εἰ.
957 4380 1173 4433 Barouii
1225 4383 1419 4434 Annal.
1468 4398 1516 4433 a.
1568 4383 1709 4448 388;
1765 4382 2057 4436 Tilleiuont
2106 4383 2393 4439 Meiuoires

837 4471 897 4523 Τ.
927 4472 995 4523 XI
1026 4488 1077 4540 p.
1106 4471 1228 4526 516.

2500 3287 2871 3349 Alexandria
2900 3291 3421 3368 proﬁcisceretur,
3450 3292 3775 3372 hydrOpisi
3809 3294 4064 3355 labora-

2496 3380 2775 3463 bat'(14),
2825 3384 2907 3445 ita
2945 3390 3011 3446 ut
3050 3402 3193 3447 eum
3232 3388 3331 3447 vix
3367 3388 3686 3461 reducem,
3726 3396 4065 3467 postquam

2496 3498 2717 3542 recens
2761 3483 3098 3562 episcopus
3146 3485 3466 3546 ordinatus
3503 3492 3617 3558 est,
3675 3488 3752 3547 ad
3811 3504 4067 3552 causam

2497 3580 2793 3640 Antonini
2836 3581 3066 3660 Ephesi
3114 3583 3393 3662 episc0pi
3446 3584 3939 3663 disceptandam,
4002 3586 4067 3647 id

2497 3678 2667 3757 quod
2695 3679 2975 3759 dialogus
3016 3682 3220 3756 tradit,
3261 3700 3297 3743 a
3322 3683 3566 3761 synodo
3596 3684 3864 3747 electum
3900 3704 4064 3753 esse.

2500 3935 2867 4001 πραιποσιτῳ
2911 3934 3101 4001 παρὰ
3140 3935 3584 3991 Παλλαδίου
3624 3937 4065 3993 ἐπισκόπου

2499 4023 2628 4089 περὶ
2671 4024 2815 4087 ⁴βίου
2866 4023 3161 4091 διαφόρων·
3207 4025 3549 4091 ἀσκητικῶν
3591 4028 3684 4079 καὶ
3716 4028 3906 4081 ὁσίων
3949 4046 4067 4081 πα-

2500 4109 2673 4177 τρῶν.
2720 4108 2803 4163 tif.
2839 4109 3076 4163 Palladii
3126 4110 3422 4165 Historiam
3472 4111 3792 4166 Lausiacam
3827 4115 3895 4167 ad
3918 4117 4068 4167 codi-

2501 4202 2575 4253 cis
2626 4199 3038 4255 i’indobonensis
3082 4202 3238 4271 ﬁdem
3290 4220 3322 4256 a
3371 4205 3521 4257 nobis
3569 4204 3792 4271 breviter
3830 4206 4067 4260 delinea-

2502 4302 2609 4343 tam
2641 4291 2779 4344 infra
2811 4293 2845 4345 I.
2877 4294 2912 4345 I.

2570 4378 2682 4445 (10)
2718 4378 2923 4433 Pallad.
2952 4379 3087 4433 Dial.
3129 4382 3197 4435 de
3216 4382 3326 4433 vita
3352 4381 3404 4436 S.
3438 4382 3523 4436 lo.
3571 4384 3858 4453 Chrysost.
3906 4399 3957 4437 c.
4007 4387 4063 4440 '5.

2499 4474 2551 4525 4.
2610 4474 2698 4526 20.
2734 4472 2791 4527 S.
2824 4473 2907 4527 Jo.
2934 4475 3212 4544 Chrysost.
3251 4475 3388 4543 Opp.
3420 4476 3507 4529 ed.
3544 4476 3921 4530 Blontfauc.T.
3948 4475 4067 4529 XIII

908 4561 985 4631 (Ξ)
1020 4560 1162 4616 IIist.
1190 4560 1355 4615 Laus.
1404 4562 1490 4615 ed.
1546 4561 1747 4616 Meurs.
1783 4578 1903 4632 cap.
1936 4564 2003 4617 44
2025 4563 2162 4634 Opp.
2196 4563 2397 4619 Heurs.
2430 4557 2474 4611 D
2504 4580 2559 4633 p.
2614 4565 2672 4617 Η
2732 4581 2877 4633 sqq.,
2926 4566 2995 4617 77
3040 4582 3149 4633 sq.,
3188 4565 3439 4621 Galland.
3477 4567 3615 4622 Bibl.
3660 4566 3764 4621 PP.
3818 4565 3882 4620 Τ.
3947 4565 4062 4619 VIII

840 4656 872 4705 Ι.
917 4655 951 4706 1.
983 4669 1035 4706 ι).
1077 4654 1200 4706 472.

917 4655 951 4706 1.
1023 4694 1035 4706 .
1148 4654 1200 4706 2.

908 4654 1159 4810 (ωριυΐιῖ.
1207 4761 1259 4815 p.
1291 4746 1415 4811 471,
1454 4744 1566 4798 γν.
1601 4743 1704 4798 PP.
1749 4743 1932 4800 Rosw.
1970 4746 2066 4800 lib.
2105 4744 2220 4798 VIII
2250 4763 2299 4799 c.
2330 4747 2397 4800 45

841 4854 890 4903 ν.
935 4835 1057 4897 740,
1097 4836 1151 4888 2.

910 4927 985 4993 (4)
1029 4926 1226 4979 Baron.
1265 4926 1463 4981 Annal.
1512 4942 1563 4980 a.
1600 4928 1743 4993 38-8;
1789 4927 2083 4981 Tilleiuont
2112 4926 2396 4981 Mémoires

839 5011 901 5063 T.
933 5012 1001 5065 χι
1038 5028 1093 5080 p.
1129 5013 1251 5065 5:5.

911 5103 987 5170 (5)
1030 5101 1167 5156 Ilist.
1207 5102 1371 5157 Laus.
1408 5104 1495 5159 ed.
1532 5102 1733 5159 Meurs.
1762 5119 1881 5173 cap.
1909 5102 2009 5163 123
2033 5101 2171 5172 Opp.
2198 5100 2393 5156 Mcnrs.

840 5195 876 5247 Ι.
906 5196 942 5248 l.
977 5210 1029 5261 p.
1072 5194 1195 5248 604.

910 5285 987 5353 (6)
1015 5285 1150 5354 Cap.
1183 5285 1273 5348 ιο,
1294 5284 1405 5337 vv.
1436 5284 1539 5338 Pl’.
1575 5284 1756 5340 nosw.
1784 5299 1837 5353 p.
1868 5284 1993 5342 980.
2028 5284 2080 5337 ι.

908 5376 984 5444 (7)
1016 5374 1098 5428 Cf.
1148 5375 1384 5428 Palladii
1437 5374 1729 5428 Historiam
1774 5373 2087 5427 Lausiacam
2141 5374 2207 5424 ad
2253 5371 2396 5423 codi-

839 5469 912 5521 cis
946 5467 1355 5521 Vindobonensis
1376 5467 1531 5535 ﬁdem
1568 5484 1599 5519 a
1635 5468 1779 5520 nobis
1813 5467 2032 5527 breviter
2055 5464 2391 5522 delineatam,

843 5556 923 5609 iui
926 5571 982 5609 ra
1002 5558 1128 5609 huic
1151 5565 1370 5609 nostrae
1386 5555 1608 5610 editioni
1628 5554 1897 5609 Historiae
1924 5552 2221 5607 Lauciacae
2245 5566 2397 5620 prae-

844 5644 1091 5707 positam.

914 5734 991 5791 t8)
1032 5731 1631 5787 TillemontMémoires
1661 5733 1694 5784 I.
1735 5733 1770 5784 l.
1801 5747 1853 5800 p.
1893 5730 2017 5784 500.

912 5826 989 5892 (tl)
1038 5825 1423 5891 ’Λντίῃλαφον
1459 5820 1785 5888 ἐπιστολῆς
1816 5820 2135 5888 παρείσης
2177 5817 2393 5879 Λαύσῳ

2500 4671 2553 4724 p.
2587 4654 2691 4707 ‘26]
2725 4672 2845 4723 sqq.
2879 4656 3001 4711 520.
3039 4656 3163 4711 52I.

2571 4747 2685 4813 (ll)
2746 4746 2885 4802 Hist.
2940 4746 3082 4801 Laus
3166 4746 3383 4819 Prolog.
3441 4749 3579 4817 Opp.
3650 4746 3852 4803 Meurs.
3921 4750 3958 4801 Ι.
4025 4751 4064 4806 Ι.

2502 4851 2555 4905 p.
2587 4836 2706 4889 539.

2573 4927 2683 4995 (re)
2726 4926 2859 4980 Ibid.
2894 4941 3014 4995 cap.
3048 4928 3119 4981 ιι
3147 4945 3199 4998 ρ.
3236 4929 3364 4984 m.

2570 5018 2679 5083 (ιδ)
2740 5016 2871 5070 Ibid.
2905 5019 2939 5071 l.
2978 5020 3012 5072 I.

2580 5108 2692 5176 (M)
2730 5105 3007 5163 Palladius
3049 5110 3226 5165 tribus
3261 5125 3419 5164 annis
3462 5120 3748 5180 postquam
3792 5108 4065 5166 Joannem

2502 5199 2553 5251 in
2591 5197 2739 5267 Lyco
2774 5200 2984 5265 invisit,
3015 5202 3049 5252 i.
3082 5216 3128 5253 e.
3160 5212 3395 5255 exeunte
3434 5217 3576 5256 anno
3607 5203 3709 5257 597
3742 5201 3837 5271 (cf.
3893 5218 4063 5269 Supra

2503 5306 2555 5360 p.
2586 5291 2701 5357 ﬁt),
2750 5292 2937 5358 splene
2986 5302 3039 5346 et
3092 5295 3377 5347 stomacho
3429 5296 3677 5350 laborare
3726 5298 3925 5364 coepit.
3958 5298 4064 5361 Qui

2502 5382 2725 5435 morbus
2754 5382 2950 5435 deinde
2984 5383 3037 5435 in
3065 5383 3387 5453 bydropisin
3414 5386 3596 5450 vertit,
3628 5386 3771 5440 unde
3810 5402 3839 5438 a
3875 5386 4067 5441 fratri-

2502 5472 2605 5526 bus
2632 5473 3021 5525 Alexandriam
3047 5476 3249 5529 missus
3292 5477 3625 5529 medicorum
3658 5478 3892 5531 consilio
3918 5481 4065 5532 aeris

2503 5563 2810 5617 subtilioris
2868 5566 3041 5630 gratia
3095 5576 3328 5619 exeunte
3368 5580 3513 5619 anno
3543 5566 3669 5629 400,
3730 5578 3789 5619 ut
3830 5568 4058 5636 patebit.

2501 5662 2594 5703 aut
2629 5652 2847 5705 ineunte
2890 5652 2973 5703 IUI
3035 5650 3408 5724 Hierosolyma
3426 5663 3479 5709 ct
3513 5656 3565 5709 in
3596 5655 3902 5724 Bithyniam
3956 5672 4052 5709 Vc-

2500 5742 2597 5793 nit.
2622 5740 2735 5794 Ilist
2795 5740 2951 5795 Laus.
2988 5758 2993 5791 ί
