4266 6360
238 371 300 427 81
1729 394 1923 454 VITAE

1777 394 1954 455 ITAE.
3390 421 3462 477 82

234 485 883 607 instanteaestate
908 495 1320 607 tamlongum
1342 501 1461 607 iter
1487 504 1802 607 Ephesum
1830 523 1878 580 Δ
1906 513 1982 577 tis
2052 516 2288 595 nititur,
2348 523 2706 588 coniectura
2760 527 2995 607 Optime
3065 529 3221 595 solvi
3262 532 3456 601 vides.

234 586 587 664 suscepisse
611 588 720 667 (1),
768 602 989 683 parum
1021 597 1355 662 verisimile
1375 602 1472 663 sit.
1495 604 1605 675 85
1629 605 1795 668 Diffi-

234 682 493 746 cultates
517 693 728 749 autem
754 682 1131 770 expediendi
1158 697 1312 759 haec
1333 706 1520 762 restat
1546 702 1663 765 via.
1687 705 1798 766 So-

233 790 433 847 crates
456 784 646 848 refert
678 786 785 867 (2),
836 790 1179 856 Palladium
1207 797 1574 878 episcopum
1595 800 1784 864 Hele-

234 886 452 966 nopoli
482 892 800 968 Aspunam
837 894 1201 958 translatum
1238 914 1397 960 esse.
1428 901 1607 974 Quid,
1642 903 1695 963 si
1730 903 1795 966 id

232 986 309 1047 ad
360 988 703 1052 Palladium
771 994 1143 1075 episcOpum
1224 998 1454 1077 dialogi
1522 1002 1796 1080 scripto-

231 1096 361 1141 rem
432 1085 772 1162 pertineat,
861 1106 935 1152 ac
991 1092 1204 1171 paullo
1271 1102 1413 1174 post
1483 1099 1793 1176 synodum

228 1180 605 1259 Ephesinam
633 1202 799 1249 anno
826 1187 933 1250 401
968 1189 1243 1253 habitam
1276 1193 1508 1257 factum
1538 1196 1636 1269 sit,
1663 1196 1796 1258 Pal-

228 1282 429 1346 ladius
457 1304 607 1349 vero
635 1291 967 1352 Lausiacae
1002 1294 1271 1372 scriptor
1297 1294 1417 1357 hoc
1455 1296 1595 1375 ipso
1625 1313 1792 1359 anno

226 1382 289 1443 in
314 1383 449 1444 eius
476 1384 684 1447 locum
713 1388 791 1448 sit
823 1388 1163 1451 suﬂ'ectus?

300 1487 503 1563 Atque
537 1503 667 1547 rem
697 1488 781 1549 ita
821 1505 889 1549 se
924 1489 1157 1552 habere
1190 1490 1474 1570 dialogus
1502 1492 1607 1554 ille
1640 1511 1795 1573 quo-

224 1582 562 1646 dammodo
604 1588 896 1649 ostendit.
941 1590 1125 1651 Cuius
1154 1591 1422 1669 scriptor
1463 1591 1687 1654 Photio
1731 1600 1793 1655 et

224 1684 495 1759 Georgio
547 1683 966 1748 Alexandrino
1024 1688 1285 1749 testibus
1332 1695 1425 1750 est
1466 1690 1791 1752 Palladius

226 1779 545 1858 episcopus
577 1782 685 1863 (3),
728 1783 795 1843 in
837 1784 1159 1846 codicibus
1193 1784 1519 1849 Palladius
1550 1789 1787 1866 episco-

1969 615 2079 687 85
2107 621 2683 704 Quomodocunque
2722 644 2872 689 vero
2900 645 3001 689 res
3033 646 3101 692 se
3129 629 3336 707 habet,
3379 651 3456 696 ex

1891 715 1990 791 iis,
2046 735 2209 797 quae
2268 720 2736 801 disputavimus,
2786 726 2908 789 hoc
2963 727 3180 808 liquet,
3233 730 3458 795 iustam

1891 831 2141 878 causam
2188 836 2317 881 non
2364 838 2531 895 esse,
2571 841 2683 885 cur
2723 842 2866 886 cum
2906 827 3302 891 Tillemontio
3332 830 3453 913 (10)

1892 912 2318 994 chronologia,
2344 937 2506 998 quae
2526 921 2590 983 in
2610 923 2876 985 Historia
2896 926 3187 988 Lausiaca
3206 912 3453 1004 legitur,

1892 1010 2104 1074 relicta
2148 1021 2506 1093 statuamus,
2550 1021 2892 1083 Palladium
2926 1025 3256 1087 Lausiacae
3295 1026 3455 1087 scri-

1892 1117 2137 1189 ptorem
2162 1131 2328 1178 anno
2360 1117 2471 1178 399
2499 1120 2865 1183 Alexandria
2895 1123 3246 1203 profectum
3289 1144 3451 1202 esse,

1890 1207 2147 1273 ineunte
2175 1230 2340 1275 anno
2367 1214 2477 1274 400
2500 1217 2867 1297 episcopum
2908 1236 3044 1282 esse
3073 1222 3449 1298 ordinatum,

1893 1312 1955 1365 et
1995 1306 2058 1366 in
2100 1309 2351 1370 Nitriam
2393 1329 2558 1373 anno
2589 1312 2700 1372 390
2738 1316 3004 1376 venisse.
3051 1319 3248 1380 Immo
3298 1320 3452 1383 haec

1892 1406 2100 1483 potius
2127 1410 2396 1471 tenenda
2423 1418 2514 1471 est
2545 1411 2970 1491 chronologia,
2994 1416 3333 1478 Palladium
3360 1436 3454 1480 se-

1892 1508 2100 1568 cundo
2129 1508 2462 1572 Theodosii
2496 1514 2699 1590 Magni
2729 1514 3079 1586 consulatu,
3129 1517 3237 1594 qui
3272 1517 3449 1579 ince-

1891 1604 1981 1681 pit
2004 1621 2038 1665 a
2064 1605 2343 1669 Calendis
2362 1610 2663 1671 Ianuariis
2691 1611 2837 1671 anni
2866 1611 2980 1671 388
3012 1612 3162 1689 (11),
3186 1613 3451 1675 Alexan-

1891 1703 2086 1765 driam
2116 1708 2453 1786 appulisse,
2480 1726 2645 1770 anno
2669 1709 2775 1770 391
2802 1710 2868 1770 in
2891 1711 3169 1785 Nitriam,
3192 1730 3263 1773 ac
3298 1713 3448 1774 sub-

1891 1814 2192 1884 sequente
2234 1808 2301 1868 in
2351 1809 2613 1871 Cellulas
2660 1810 2929 1883 venisse,
2985 1827 3280 1890 annoque
3333 1812 3442 1875 401

216 1896 337 1985 pus
371 1878 946 1985 Helenopoiitanus,
976 1882 1054 1945 ab
1094 1884 1235 1946 aliis
1256 1888 1440 1946 etiam
1471 1888 1788 1967 episcopus
1823 1876 1861 1931 Β
1897 1876 2262 1982 episcopum
2290 1906 2350 1967 in
2382 1907 2666 1985 Bithynia
2696 1876 3049 1969 ordinatum
3084 1876 3242 1980 esse,
3280 1912 3449 1971 unde

217 1980 597 2087 iisponcnsis
640 1982 844 2087 dictu:
868 1983 973 2062 (4).
1024 1985 1081 2045 ls
1122 1985 1309 2062 igitur
1341 1985 1407 2045 in
1435 1985 1682 2065 dialogo
1720 2004 1787 2049 56
1897 1980 2081 2062 etiam
2105 1980 2434 2065 Historiam
2461 1980 2837 2078 Lausiacam,
2864 2014 2932 2067 ut
2962 2024 3150 2085 supra
3184 2008 3300 2087 (12)
3325 2010 3448 2070 iam

217 2080 494 2183 Romam
557 2083 828 2183 primum
886 2086 1131 2147 venisse
1192 2086 1271 2166 (5)
1328 2086 1414 2147 ait
1465 2087 1785 2167 aliquanto
1892 2100 2245 2175 docuimus,
2291 2120 2456 2163 anno
2494 2102 2600 2163 421
2656 2104 2947 2183 scriptam
2989 2122 3125 2166 esse
3166 2122 3201 2166 e
3241 2108 3447 2169 verbis

221 2185 363 2255 post
395 2179 735 2243 Palladium
759 2183 1354 2264 Helenopolitanum
1389 2186 1778 2267 episc0pum,

216 2294 408 2355 quem
438 2279 555 2339 sub
580 2282 949 2343 Innocentio
976 2285 1141 2363 Papa
1173 2284 1259 2344 ibi
1287 2284 1481 2346 fuisse
1511 2286 1593 2347 ob
1631 2302 1781 2348 cau-

216 2392 351 2436 sam
383 2378 445 2437 S.
476 2377 897 2457 Chrysostomi
927 2381 1032 2463 (6),
1083 2390 1144 2445 et
1188 2400 1264 2445 eo
1303 2390 1607 2465 tempore,
1654 2403 1782 2466 quo

216 2470 505 2550 dialogus
538 2474 903 2553 instituitur,
943 2479 1112 2557 apud
1154 2479 1507 2559 Blemmyes
1554 2479 1623 2541 in
1658 2485 1779 2541 Ae-

216 2577 414 2649 gypto
444 2563 711 2661 detineri
736 2577 817 2656 (7)
855 2578 1088 2639 scribit.
1128 2580 1322 2641 Porro
1361 2580 1629 2658 scriptor
1656 2580 1784 2643 dia-

217 2668 343 2746 logi
378 2687 414 2731 a
442 2659 776 2736 Theodoro
806 2675 1096 2752 diacono,
1132 2695 1407 2757 quocum
1435 2676 1613 2739 illum
1646 2695 1779 2740 ser-

218 2786 472 2832 monem
510 2775 851 2849 conseruit,
900 2793 1088 2857 saepe
1116 2793 1231 2857 per
1268 2793 1461 2838 canos
1498 2794 1664 2851 suos,
1714 2783 1783 2839 ut

212 2886 431 2932 verum
461 2871 647 2947 dicat,
689 2892 882 2936 senex
908 2877 1268 2937 obsecratur
1298 2876 1407 2958 (8),
1451 2877 1621 2957 quod
1646 2877 1780 2939 sine

214 2968 411 3031 dubio
444 2971 509 3033 in
534 2973 876 3036 Palladium
901 2976 1231 3038 Lausiacae
1258 2978 1649 3056 scriptorem,
1672 2977 1780 3056 qui

211 3076 349 3131 tum
377 3071 477 3131 vix
501 3089 699 3135 annos
728 3075 1135 3154 quadraginta
1166 3083 1346 3138 natus
1372 3084 1525 3151 erat,
1555 3078 1779 3138 cadere

214 3186 346 3231 non
388 3178 617 3249 potest.
664 3174 842 3236 Unde
882 3174 1045 3236 inter
1083 3175 1241 3237 duos
1276 3174 1443 3236 illius
1478 3176 1777 3254 temporis

212 3268 522 3331 Palladios
559 3271 966 3352 Helenopolis
1012 3274 1346 3354 episcOpos
1387 3273 1777 3353 distinguen-

1890 2199 2145 2262 Palladii
2172 2202 2517 2264 conficitur.

1968 2374 2127 2452 521.
2179 2376 2356 2449 Quod
2409 2377 2461 2438 si
2508 2382 2600 2438 est
2646 2377 3059 2457 exploratum,
3114 2380 3448 2442 Macarium

1888 2472 2369 2537 Alexandrinum
2418 2474 2634 2537 saltem
2680 2494 2879 2555 usque
2933 2477 3008 2539 ad
3047 2495 3280 2540 annum
3334 2480 3448 2541 395

1887 2575 2281 2652 superstitem
2322 2575 2511 2637 fuisse
2566 2584 2843 2655 apparet.
2890 2579 3044 2638 Nam
3084 2586 3204 2640 tres
3247 2597 3447 2642 annos

1887 2690 2032 2735 cum
2074 2672 2346 2735 Palladio
2394 2673 2461 2734 in
2504 2673 2752 2735 Cellulis
2788 2674 2937 2735 vixit
2982 2676 3050 2735 in
3078 2677 3289 2754 ,quiete
3337 2676 3444 2737 de-

1885 2790 2035 2850 gens
2068 2772 2213 2852 (13).
2263 2778 2460 2852 Atque
2491 2773 2643 2852 quin
2672 2778 2797 2833 tres
2842 2773 3026 2852 primi
3068 2775 3238 2849 anni,
3286 2792 3447 2854 quos

1886 2870 2193 2931 Palladius
2214 2871 2278 2931 in
2306 2870 2551 2931 Cellulis
2572 2870 2970 2946 transigebat,
2994 2872 3443 2950 signiﬁcentur,

1885 2984 2015 3028 non
2034 2966 2215 3029 facile
2234 2968 2564 3029 dubitabis.
2595 2969 2720 3029 Nec
2742 2976 2799 3029 te
2814 2969 3446 3048 Hierosolymitanum

1884 3069 2025 3141 iter,
2082 3070 2251 3147 quod
2292 3068 2600 3129 Palladius
2641 3068 2803 3130 circa
2830 3085 3065 3129 annum
3109 3068 3222 3131 394
3262 3071 3443 3131 insti-

1885 3172 1997 3232 tuit
2036 3171 2181 3252 (14),
2218 3171 2553 3250 quominus
2588 3178 2714 3231 tres
2744 3170 2981 3251 primos
3020 3189 3221 3233 annos
3248 3171 3445 3233 fuisse

1885 3271 2075 3343 dicas,
2116 3270 2438 3349 impediet.
2490 3269 2797 3332 Palladius
2840 3270 3031 3344 enim,
3072 3272 3181 3349 qui
3218 3288 3443 3333 novem

212 3367 367 3427 dum
395 3385 533 3431 esse
571 3370 892 3449 probabile
923 3379 1016 3433 est
1046 3372 1153 3453 (9).
1199 3373 1377 3446 Quod
1423 3374 1475 3434 si
1513 3381 1773 3447 constat,
1804 3370 1851 3431 C
1880 3388 2101 3443 annos,
2125 3387 2483 3450 quanquam
2514 3372 2880 3451 saepissime
2906 3371 3143 3433 interea
3168 3374 3446 3453 peregri-

210 3465 640 3529 difIicultatem
704 3468 807 3531 illa
830 3517 847 3544 ,
926 3488 1088 3550 quae
1146 3471 1508 3534 testimonio
1562 3473 1781 3535 Socra-

283 3651 363 3717 (t)
398 3648 605 3705 Pallad.
636 3651 907 3723 Dial.cap.
931 3655 1017 3708 15.
1044 3655 1131 3709 11.
1155 3653 1212 3710 8.
1231 3654 1659 3726 Chrysost.Opp.
1679 3657 1714 3709 l.
1736 3656 1771 3708 1.

213 3756 267 3809 p.
296 3740 366 3792 49
380 3756 525 3809 sqq.,
548 3740 798 3796 Galland.
823 3741 960 3797 Bibl.
980 3743 1151 3799 PP.‘l.
1182 3747 1216 3800 Ι.
1250 3763 1303 3815 p.
1322 3746 1446 3808 298.
1482 3750 1604 3805 299.
1652 3748 1776 3806 500.

279 3829 359 3899 (2)
400 3828 555 3887 Socr.
620 3830 761 3887 Hist.
815 3831 962 3887 Eccl.
1010 3835 1108 3890 lib.
1157 3834 1248 3889 νη
1302 3854 1420 3910 cap.
1479 3840 1547 3895 56
1596 3841 1683 3895 ed.
1738 3840 1777 3894 l.

211 3935 267 3989 p.
299 3919 426 3975 581.

281 4011 362 4080 (5)
392 4008 479 4065 Cf.
517 4027 684 4081 supra
731 4028 785 4083 p.
816 4012 907 4068 81.

279 4102 360 4172 (Δ)
402 4102 634 4157 Emeric.
667 4103 842 4174 Bigot.
884 4103 951 4159 de
987 4103 1231 4162 Palladio
1266 4108 1521 4179 episcopo
1546 4108 1779 4164 Heleno-

210 4195 459 4264 politano
486 4194 664 4249 Praef.
690 4197 743 4250 in
764 4194 906 4251 Bibl.
922 4194 1169 4251 Galland.
1186 4199 1223 4252 1.
1242 4200 1277 4253 l.
1300 4200 1511 4270 Proleg.
1542 4216 1593 4270 p.
1613 4199 1773 4255 XXV.

280 4284 360 4353 (5)
391 4282 524 4352 Cap.
562 4283 614 4348 1,
646 4282 703 4338 8.
739 4284 1021 4355 Chrysost.
1050 4284 1187 4355 Opp.
1220 4288 1257 4343 Ι.
1284 4288 1321 4343 1.
1356 4304 1409 4359 p.
1446 4292 1499 4355 5,
1525 4289 1772 4344 Galland.

210 4374 351 4429 Bibl.
384 4373 486 4427 PP.
520 4376 555 4429 ι,
590 4374 626 4427 I.
668 4391 720 4445 p.
743 4375 867 4428 261.

280 4466 359 4533 (6)
393 4466 525 4535 Cap.
575 4467 639 4531 5,
690 4465 748 4519 S.
781 4465 1063 4537 Clirysost.
1101 4466 1241 4538 Opp.
1275 4470 1312 4523 l.
1349 4470 1387 4524 Ι.
1424 4486 1477 4539 p.
1519 4472 1618 4535 11,
1648 4471 1774 4527 Gal-

206 4553 356 4609 land.
381 4554 520 4609 Bibl.
558 4554 660 4608 PP.
690 4555 726 4609 ι.
754 4556 787 4608 l.
806 4552 859 4625 p.
887 4556 1008 4609 267.

279 4644 356 4713 (7)
393 4644 524 4712 Cap.
541 4644 632 4705 20,
660 4645 719 4697 8.
742 4644 1023 4714 Chrysost.
1044 4643 1181 4715 Opp.
1214 4645 1251 4702 l.
1272 4646 1306 4697 Ι.
1335 4661 1389 4715 p.
1415 4647 1503 4711 77,
1526 4646 1772 4705 Galland.

206 4732 348 4788 Bibl.
372 4732 477 4787 pp.
499 4734 537 4787 ι.
555 4735 592 4789 ι.
608 4751 657 4804 p.
680 4734 802 4788 520.

280 4825 357 4895 (8)
396 4826 530 4895 Cap.
569 4826 622 4886 4.
662 4827 718 4879 8.
768 4826 1052 4897 Chrysost.
1105 4825 1243 4895 Opp.
1281 4828 1316 4881 l.
1343 4828 1381 4881 l.
1431 4843 1482 4895 p.
1517 4828 1601 4893 16,
1646 4826 1775 4883 Gal-

205 4917 358 4977 land.
390 4915 527 4970 Bibl.
564 4914 667 4969 PP.
711 4917 747 4969 l.
777 4919 812 4970 l.
857 4934 907 4987 p.
942 4917 1068 4971 270.
1132 4918 1258 4981 271,
1311 4926 1364 4971 et
1410 4920 1611 4986 passim
1669 4934 1768 4987 per

205 5008 802 5164 duiilnfulirihllregorius
836 5092 1240 5148 Alexandrinus
1287 5100 1341 5146 et
1374 5091 1603 5147 Photius
1645 5106 1770 5146 seno

205 5184 351 5237 sisse
387 5182 661 5246 videntur,
696 5181 791 5251 qui
835 5183 1159 5250 scriptorem
1202 5180 1404 5250 dialogi
1450 5180 1772 5250 simpliciter

207 5273 516 5328 Palladium
551 5274 846 5340 episcopum
869 5271 1078 5327 dicunt.
1108 5271 1187 5325 Ac
1209 5269 1439 5326 Photius
1462 5270 1765 5325 Palladium

200 5366 526 5435 episcopum
574 5364 1080 5433 Helenopolitanum
1121 5370 1279 5416 antea
1313 5362 1473 5429 (Bibl.
1528 5377 1615 5416 ex.
1652 5377 1764 5416 rec.

203 5456 431 5511 lickkeri
461 5472 515 5525 p.
550 5455 634 5520 t8,
666 5456 701 5511 b
730 5456 1065 5509 laudaverat.
1096 5453 1398 5509 Palladium
1450 5456 1763 5524 episcOpum

201 5562 331 5601 cum
379 5547 559 5602 tribus
605 5548 728 5601 aliis
768 5546 1043 5615 episc0pis
1091 5546 1149 5597 8.
1181 5543 1573 5614 Chrysostomo
1604 5546 1763 5613 pulso

204 5642 432 5693 Romam
473 5639 690 5692 venisse
718 5637 1064 5691 Innocentius
1092 5636 1236 5706 Papa
1279 5637 1427 5691 clero
1455 5637 1764 5691 Constanti-

201 5729 554 5799 nopolitanae
600 5728 867 5783 ecclesiae
914 5727 1158 5795 scripsit.
1209 5724 1262 5779 S.
1300 5725 1587 5796 Cbrysost.
1623 5724 1758 5797 Opp.

198 5820 289 5877 ω.
331 5816 679 5875 Montiaucon
711 5818 774 5875 Τ.
807 5818 869 5872 lll
918 5833 968 5888 p.
1005 5817 1126 5875 524.
1166 5815 1662 5888 Eundempropter
1704 5833 1761 5872 sc

1885 3475 2065 3529 natus
2096 3465 2207 3535 86
2231 3472 2345 3539 est,
2387 3465 2454 3525 in
2493 3465 2739 3527 Cellulis
2780 3467 3154 3546 transegisse
3199 3486 3266 3530 se
3295 3486 3442 3529 nar-

1881 3657 1937 3706 et
1969 3658 2188 3720 propter
2214 3649 2502 3705 ecclesiam
2533 3650 2811 3707 aerumnis
2839 3650 2976 3707 allici
3014 3652 3133 3724 ipse
3180 3651 3233 3708 S.
3267 3653 3443 3726 Chry-

1880 3746 2156 3791 sostomus
2184 3736 2346 3789 tradit
2378 3737 2430 3789 in
2470 3753 2556 3807 ep.
2588 3738 2689 3793 148
2720 3740 2758 3792 1.
2788 3739 2825 3792 1.
2858 3756 2910 3810 p.
2944 3742 3068 3795 686.
3102 3741 3289 3796 Eidem
3316 3742 3443 3795 Pal-

1880 3828 2024 3881 ladio
2074 3825 2135 3883 S.
2186 3827 2614 3897 Chrysostomus
2670 3830 2855 3896 (annis
2904 3831 3206 3902 404-407)
3246 3833 3445 3902 episto-

1879 3915 1984 3969 lam
2013 3916 2259 3985 scripsit,
2292 3918 2347 3970 iu
2378 3917 2539 3984 cujus
2554 3917 2663 3972 ﬁne
2687 3920 2842 3985 petit,
2876 3930 2935 3974 ut
2956 3921 3133 3989 ipsum
3166 3920 3444 3979 Palladius

1880 4005 1947 4059 de
1983 4006 2295 4059 valetudine
2331 4021 2429 4061 sua
2458 4007 2751 4061 certiorem
2796 4007 2982 4064 faciat.
3027 4009 3126 4079 Ep.
3160 4011 3260 4066 115
3308 4012 3344 4066 1.
3400 4013 3441 4069 l.

1882 4111 1938 4165 p.
1972 4095 2095 4151 656.
2131 4096 2278 4162 Quae
2308 4096 2524 4166 quidem
2556 4099 2606 4150 in
2630 4107 2996 4167 aegrotantem
3018 4100 3283 4155 Historiae
3299 4100 3443 4156 Lau-

1880 4189 2061 4241 siacae
2104 4190 2426 4256 scriptorem
2480 4187 2680 4255 Optime
2725 4190 2944 4243 cadunt.
2994 4188 3256 4256 Plurima,
3300 4208 3444 4261 quae

1879 4276 1983 4329 viri
2010 4276 2157 4329 docti
2186 4277 2253 4330 de
2270 4276 2512 4330 Palladio
2530 4278 2899 4345 disputarunt,
2922 4280 3055 4350 legis
3078 4281 3215 4350 Opp.
3238 4281 3437 4338 Meurs.

1879 4363 1945 4419 Τ.
1981 4365 2095 4419 VIII
2118 4382 2170 4433 p.
2197 4366 2302 4420 650
2329 4382 2446 4436 sqq.
2492 4367 2579 4420 Cf.
2612 4368 2843 4423 Emeric.
2878 4370 3048 4439 Bigot.
3095 4372 3130 4424 l.
3165 4373 3201 4425 I.

1947 4457 2057 4524 (10)
2113 4456 2406 4511 Tillemont
2477 4458 2765 4515 Mémoires
2829 4459 2892 4514 T.
2949 4460 3019 4514 XI
3076 4462 3144 4517 de
3197 4461 3441 4519 Palladio

1808 4575 1851 4628 ι)
1882 4566 1933 4619 p.
1966 4548 2249 4603 500—555
2288 4550 2590 4618 etpassim.

1948 4642 2057 4709 (11)
2096 4639 2256 4695 Teste
2286 4641 2615 4695 Cassiodoro
2662 4639 2789 4696 inde
2818 4642 2887 4696 ab
2924 4656 2974 4695 a.
3004 4658 3062 4696 ιι.
3108 4642 3205 4698 601
3244 4658 3441 4699 consu-

1876 4732 2020 4786 latus
2050 4746 2079 4783 a
2102 4730 2357 4786 Calendis
2384 4731 2663 4785 Januariis
2700 4733 3195 4801 inccpit.Cassiod.
3229 4735 3435 4789 Chron.

1876 4822 2011 4891 Opp.
2044 4820 2295 4875 Cassiod.
2319 4822 2405 4875 ed.
2435 4822 2572 4879 1656
2600 4838 2652 4891 p.
2687 4823 2815 4887 681,
2843 4824 2930 4877 ed.
2971 4824 3153 4879 Gareti
3205 4841 3259 4895 p.
3309 4826 3435 4891 584,

1873 4909 2050 4981 Migue
2077 4910 2277 4964 Patro].
2307 4910 2371 4963 T.
2409 4909 2572 4967 LXIX
2619 4926 2670 4980 p.
2706 4913 2865 4966 1225.
2895 4913 2981 4967 Cf.
3020 4914 3193 4968 ldeler
3234 4915 3434 4970 Lehrb.

1872 5003 1925 5057 d.
1962 5001 2332 5071 Chronologie
2376 5018 2428 5070 p.
2460 5003 2585 5057 528.
2620 5002 2704 5055 Ei.
2758 5003 3057 5058 Haudbuch
3103 5006 3201 5059 der
3234 5008 3438 5061 mathe-

1872 5096 2172 5148 matischen
2199 5108 2253 5145 u.
2297 5095 2651 5148 teclnniscben
2687 5094 3058 5164 Chronologie
3090 5095 3269 5150 Berlin
3298 5098 3435 5152 1825

1870 5181 1935 5237 Τ.
1963 5184 2007 5235 Il
2040 5198 2091 5251 p.
2128 5180 2247 5234 M9.
2280 5180 2352 5235 De
2382 5197 2527 5235 anno
2560 5180 2663 5235 588
2697 5180 2770 5235 cf.
2826 5198 2992 5250 supra
3027 5198 3082 5253 p.
3112 5183 3182 5238 58
3216 5191 3333 5237 not.
3376 5185 3430 5238 5.

1940 5272 2051 5341 (l2)
2106 5269 2166 5323 P.
2213 5272 2303 5325 24.
2348 5269 2571 5328 Plurimi
2616 5285 2735 5324 eam
2794 5271 2955 5336 falso,
3010 5283 3068 5327 ut
3112 5275 3216 5327 iam
3264 5283 3429 5343 patet,

1873 5379 2016 5417 anno
2047 5362 2150 5416 420
2194 5370 2286 5415 aut
2315 5362 2417 5415 419
2460 5365 2719 5431 scriptam
2775 5379 2896 5418 esse
2944 5372 3292 5431 statuerunt;
3336 5380 3434 5419 an-

1871 5470 2000 5509 num
2034 5453 2130 5509 421
2166 5452 2477 5507 indicarunt
2499 5454 2640 5509 Cave
2670 5463 2725 5507 et
2764 5454 2964 5509 Oudin.
2992 5471 3105 5509 s.v.
3128 5453 3431 5522 Palladius,

1869 5554 1923 5599 et
1958 5542 2214 5611 Bettberg
2247 5543 2299 5595 in
2332 5543 2510 5598 libro:
2546 5544 2687 5613 Allg.
2730 5544 3029 5615 Encvklop.
3074 5560 3127 5599 v.
3169 5542 3340 5598 Ersch
3370 5558 3428 5604 II.

1868 5635 2079 5690 Gruber
2106 5647 2132 5685 s
2179 5649 2232 5685 ν.
2268 5632 2565 5687 Palladius.

1934 5724 2045 5793 (15)
2083 5720 2166 5775 Cf.
2204 5736 2364 5791 supra
2394 5739 2444 5793 p.
2483 5724 2571 5776 66.

1936 5816 2045 5885 (ll)
2083 5810 2167 5872 Cf.
2210 5830 2372 5885 supra
2409 5831 2456 5884 p.
2491 5815 2578 5868 2|.
2607 5814 2695 5867 22.
