4266 6360
788 382 860 438 83
1612 382 1716 441 SS.
1757 381 2214 439 MACANORUM
2251 378 2573 437 AEGYPTII
2615 379 2701 433 ET
2734 378 3203 435 ALEXANDRINI
3954 362 4022 421 δι

784 506 899 569 rat,
939 497 1123 561 etiam
1158 504 1283 561 tres
1310 517 1377 561 se
1412 517 1610 563 annos
1639 519 1781 567 cum
1817 503 2085 563 Macario
2121 501 2347 561 vixisse
2377 506 2421 559 Δ
2450 498 2527 560 de
2561 507 2621 560 te
2664 498 2943 559 audirem
2970 521 2997 551 ι
3047 496 3153 575 (Ἷ).
3195 495 3395 567 Quare
3452 498 3591 569 post
3630 497 3867 548 annum
3895 484 4016 548 335

784 597 994 659 dicere
1025 600 1246 677 potuit,
1279 601 1391 661 etsi
1426 602 1534 664 illo
1572 608 1855 682 tempore
1889 603 2075 663 breve
2103 602 2221 662 iter
2248 601 2348 662 in-

786 697 1072 760 stituerit.
1110 702 1442 762 Macarium
1468 704 1535 763 in
1565 704 1763 782 quiete
1793 705 2019 765 sedisse
2049 704 2149 763 vix
2184 700 2349 763 aliud

788 797 1128 876 quidquam
1160 800 1486 877 signiﬁcat,
1511 802 1630 863 nisi
1665 820 1811 864 eum
1842 819 2102 863 munere
2137 820 2347 863 sacer-

788 896 938 957 dotii
962 899 1027 958 in
1047 916 1225 960 usum
1247 900 1505 963 fratrum
1527 910 1783 982 prOpter
1802 910 2188 965 senectutem
2219 909 2349 964 tum

786 1012 915 1057 non
956 999 1222 1077 amplius
1268 1001 1549 1063 functum
1594 1020 1731 1063 esse
1764 1002 1872 1081 (1).
1918 1003 2351 1064 Tillemontius

785 1108 821 1153 e
864 1094 1065 1153 verbis
1112 1096 1363 1157 Palladii
1410 1098 1736 1171 conclusit,
1781 1099 1979 1161 tribus
2009 1100 2130 1160 illis
2169 1100 2351 1160 annis

785 1192 1012 1272 elapsis
1037 1197 1368 1258 Macarium
1409 1200 1637 1260 obiisse
1678 1200 1783 1277 (2),
1817 1201 1984 1261 unde
2015 1217 2182 1261 mors
2216 1200 2350 1261 eius

784 1293 849 1351 in
892 1310 1124 1354 annum
1182 1296 1293 1355 395
1342 1299 1611 1370 caderet,
1664 1307 1724 1359 et
1771 1301 2025 1379 quidem
2086 1307 2350 1361 testante

785 1393 1221 1472 Martyrologio
1261 1397 1325 1456 in
1354 1398 1429 1457 IV
1455 1405 1595 1458 ante
1618 1401 1775 1459 Non.
1799 1400 2140 1472 Ianuarias,
2157 1402 2346 1461 Grae-

786 1492 873 1551 cis
902 1494 1171 1554 Menaeis
1211 1497 1471 1556 testibus
1508 1497 1571 1555 in
1606 1499 1735 1557 XIV
1778 1505 1920 1557 ante
1952 1497 2200 1558 Calend.
2235 1500 2347 1558 Fe-

786 1589 1063 1652 bruarias
1098 1591 1201 1671 (3).
1250 1595 1366 1655 Sed
1400 1614 1547 1655 num
1592 1614 1625 1656 e
1669 1598 1873 1657 verbis
1904 1596 2158 1657 Palladii
2195 1597 2349 1657 illud

784 1697 953 1751 recte
997 1692 1202 1769 colligi
1241 1696 1456 1772 possit,
1490 1697 1553 1757 in
1586 1697 1843 1757 dubium
1891 1699 2027 1758 iure
2069 1705 2341 1759 vocatur.

2450 597 2825 675 baptizatum
2855 612 2991 657 esse
3018 612 3160 656 eum
3192 609 3375 669 aegre
3417 585 3775 651 credideris.

2529 695 2843 756 Fabricius
2886 694 2992 773 (8),
3048 695 3295 754 Caveus.
3332 688 3413 770 (9)
3443 736 3458 763 ,
3526 684 3807 747 Oudinus
3851 678 4015 758 (10),

2450 793 2528 854 de
2561 794 2770 855 Nessel
2804 794 2950 874 (11),
2980 794 3204 853 Pritius
3228 779 3347 870 (1'2)
3382 788 3596 851 nescio
3620 784 3848 864 quibus
3876 778 4021 840 fulti

2450 894 2795 954 rationibus
2830 893 3102 966 tradunt,
3152 891 3486 952 Macarium
3530 882 4020 948 Alexandrinum

2451 1010 2617 1054 anno
2664 992 2777 1054 404
2812 1010 2847 1053 e
2882 993 3005 1053 vita
3053 991 3417 1053 decessisse.
3466 985 3586 1047 Sed
3624 983 3725 1043 vix
3756 979 4019 1041 dubium

2452 1102 2565 1166 est,
2609 1094 2760 1172 quin
2799 1094 2865 1153 in
2912 1110 3055 1154 eum
3095 1107 3368 1153 errorem
3408 1088 3554 1149 ideo
3590 1082 3829 1145 inducti
3868 1080 4017 1149 sint,

2451 1194 2619 1273 quod
2646 1194 2709 1254 in
2739 1200 2905 1254 textu
2931 1210 3154 1271 graeco
3186 1190 3432 1252 Meursii
3461 1188 3605 1266 (13),
3636 1187 3702 1247 in
3730 1182 4023 1245 versione

2450 1296 2699 1355 Herveti
2746 1294 2863 1373 (14)
2915 1303 3100 1371 atque
3148 1292 3212 1351 in
3260 1290 3552 1351 Paradiso
3598 1286 3718 1366 (15)
3764 1283 4019 1360 legitur,

2449 1396 2782 1456 Macarium
2806 1392 3286 1453 Alexandrinum
3306 1390 3572 1451 Macario
3598 1384 3905 1463 Aegyptio
3929 1382 4025 1441 iu-

2450 1496 2692 1555 niorem
2715 1495 2927 1554 fuisse.
2956 1494 3024 1552 Id
3055 1510 3199 1553 vero
3223 1493 3274 1552 si
3303 1490 3543 1561 fuisset,
3577 1505 3720 1549 eum
3745 1492 3884 1565 post
3915 1500 4027 1543 an-

2452 1612 2598 1654 num
2640 1594 2750 1653 300
2807 1601 3042 1666 natum,
3098 1597 3239 1670 post
3297 1606 3531 1651 annum
3590 1586 3701 1648 340
3741 1585 4024 1663 baptiza—

2454 1701 2582 1753 tum
2641 1710 2801 1766 esse,
2854 1700 2915 1753 et
2976 1699 3117 1753 ante
3165 1707 3398 1751 annum
3444 1687 3555 1747 348
3604 1693 3839 1747 tantam
3894 1684 4024 1742 vir—

784 1791 1116 1853 Macarium
1164 1795 1329 1855 enim
1376 1805 1517 1874 post
1569 1796 1707 1857 illos
1744 1804 1867 1858 tres
1906 1814 2105 1859 annos
2144 1800 2346 1858 statim
2383 1840 2426 1898 Β
2451 1794 2599 1853 tutis
2624 1792 2851 1854 famam
2880 1791 3092 1852 multis
3121 1790 3345 1851 abhinc
3367 1790 3549 1849 annis
3586 1787 3875 1849 habuisse
3905 1801 4025 1844 nc-

782 1890 1051 1952 animam
1089 1894 1328 1956 efﬂasse
1365 1896 1671 1957 Palladius
1710 1914 1833 1958 non
1874 1898 2043 1970 dicit,
2085 1898 2194 1958 sed
2227 1898 2347 1960 hoc
2383 1884 2425 1898 ”
2454 1911 2627 1955 cosse
2652 1902 2837 1967 esset,
2872 1892 3042 1973 quod
3069 1910 3104 1953 a
3134 1889 3673 1951 verisimilitudine
3698 1886 3883 1966 plane
3908 1884 4027 1944 ab—

785 1987 983 2048 solum
1028 2008 1040 2047 :
1073 1992 1403 2053 Macarium
1444 1994 1812 2072 Aegyptium
1850 2012 2015 2055 anno
2055 2002 2197 2055 ante
2234 1996 2346 2055 ad-
2451 1994 2685 2056 horret.
2738 1993 2899 2053 Illud
2930 2010 3100 2064 vero,
3162 1992 3499 2052 Macarium
3538 1985 4028 2048 Alexandrinum

783 2086 1266 2164 ventumipsms
1298 2089 1360 2149 in
1395 2090 1796 2152 solitudinem
1825 2100 2139 2153 mortuum
2179 2109 2345 2165 esse;
2449 2096 2755 2175 Aegyptio
2784 2095 3090 2155 iuniorem
3120 2092 3333 2164 fuisse,
3368 2108 3575 2169 neque
3606 2090 3670 2149 in
3702 2086 4029 2149 codicibus

785 2200 927 2244 cum
957 2186 1219 2248 Macario
1252 2196 1460 2249 autem
1495 2190 1933 2265 Alexandrino,
1978 2192 2349 2254 Cellularum
2449 2194 3061 2266 Vindobonensibus,
3106 2209 3315 2271 neque
3339 2191 3407 2251 in
3449 2189 3704 2267 antiqua
3730 2187 4030 2247 versione

786 2285 1265 2364 presbytero,se
1294 2296 1418 2352 tres
1447 2309 1647 2354 annos
1667 2294 2349 2369 vixisse.Quid,siMa-
2452 2294 2738 2356 habetur.
2795 2294 3227 2355 Tillemontius
3276 2291 3609 2353 Macarium
3655 2288 4029 2349 Alexandri-

784 2386 987 2447 carius
1025 2387 1500 2465 Alexandrinus,
1539 2394 1647 2473 qui
1683 2395 1956 2457 Palladio
1990 2405 2149 2458 teste
2176 2396 2256 2477 (4)
2285 2397 2352 2457 in

787 2486 975 2550 Nitria
1015 2495 1071 2549 et
1114 2489 1179 2550 in
1222 2492 1515 2556 interiore
1558 2502 1723 2558 vasta
1769 2498 2103 2560 solitudine
2165 2497 2352 2559 cellas

788 2582 1023 2658 habuit,
1068 2596 1207 2667 post
1249 2591 1390 2652 illos
1430 2599 1556 2655 tres
1584 2612 1783 2656 annos
1820 2597 1885 2656 in
1914 2597 2096 2658 aliam
2133 2596 2353 2658 cellam

793 2685 981 2746 abiit?
1016 2691 1169 2761 Quid
1207 2691 1256 2751 si
1296 2696 1660 2770 congressui
1694 2695 1952 2757 fratrum
1988 2699 2246 2758 omnino
2287 2715 2354 2758 se

788 2783 1118 2847 subduxit?
1149 2790 1387 2861 Fateor,
1425 2790 1801 2855 Tillemontii
1836 2795 2207 2855 sententiam
2244 2811 2351 2855 ve-

789 2882 1105 2945 risimilem
1142 2888 1395 2965 quidem
1436 2909 1593 2963 esse,
1642 2894 1750 2955 sed
1791 2902 2020 2956 certam
2062 2912 2199 2955 eam
2239 2912 2352 2955 ne-

791 3000 1105 3061 quaquam
1136 2986 1421 3049 dixerim.

865 3082 992 3154 Sin,
1008 3085 1382 3147 Tillemontii
1400 3091 1761 3168 opinionem
1776 3096 1991 3165 secuti,
2006 3098 2353 3171 statuimus,

786 3186 1112 3247 Macarium
1141 3189 1617 3253 Alexandrinum
1642 3213 1855 3257 mense
1880 3199 2171 3260 Januario
2211 3201 2358 3261 anni
2386 3176 2427 3233 δ

791 3282 901 3341 395
935 3285 1053 3345 vita
1094 3286 1456 3362 decessisse,
1494 3293 1760 3353 eundem
1803 3302 1945 3356 ante
1978 3314 2213 3358 annum
2245 3298 2358 3359 295

790 3390 1024 3457 natum,
1042 3396 1254 3449 ctante
1274 3408 1505 3451 annum
1538 3392 1651 3453 335
1666 3395 2038 3473 baptizatum
2064 3416 2220 3473 esse,
2239 3408 2361 3461 sta-

787 3489 1032 3545 tuamus
1048 3504 1299 3549 necesse
1320 3497 1430 3550 est.
1448 3494 1597 3552 Nam
1615 3494 1888 3556 Palladio
1900 3504 2150 3558 auctore
2163 3516 2362 3560 annos

788 3584 1192 3663 quadraginta
1216 3595 1392 3650 natus
1419 3590 1791 3670 baptismum
1816 3597 2111 3674 suscepit,
2138 3615 2213 3657 ex
2233 3615 2359 3677 quo

790 3684 1005 3745 saltem
1045 3688 1359 3765 sexaginta
1404 3709 1602 3753 annos
1644 3694 1790 3755 vixit
1824 3694 1929 3775 (5).
1972 3697 2217 3757 Macarii
2250 3697 2358 3759 illo

790 3784 867 3843 ad
897 3787 1383 3850 Tabennesiotas
1409 3790 1631 3853 itinere
1653 3794 2013 3867 edocemur,
2042 3812 2183 3855 eum
2211 3804 2356 3857 ante

790 3899 1023 3944 annum
1053 3884 1188 3959 348,
1223 3905 1349 3966 quo
1384 3890 1755 3952 Pachomius
1786 3892 1950 3952 diem
1991 3912 2355 3972 supremum

793 3984 947 4045 obiit
978 3986 1086 4063 (6),
1130 3989 1238 4057 87
1269 4007 1491 4067 magna
1527 3993 1685 4053 vitae
1729 3993 2133 4056 monachicae
2170 3996 2356 4057 laude

792 4082 1112 4157 ﬂoruisse;
1164 4088 1394 4148 etenim
1446 4089 1815 4151 Pachomius
1857 4092 1913 4151 ei
1950 4110 1961 4149 :
2003 4116 2029 4147 α
2054 4093 2353 4166 Multis»,

792 4182 1017 4259 inquit,
1068 4209 1094 4239 α
1119 4184 1340 4246 abhinc
1377 4192 1557 4247 annis
1600 4191 1764 4268 cupii
1794 4198 1853 4250 te
1891 4192 2119 4263 videre,
2162 4212 2357 4271 quum

870 4331 945 4398 (1)
977 4330 1149 4383 Simili
1185 4333 1342 4384 modo
1393 4332 1655 4399 Ephracm
1694 4334 1797 4383 τὸν
1830 4336 2071 4401 ἥσυχον
2097 4337 2183 4388 ἀεὶ
2222 4336 2357 4398 ἐξίλ-

794 4422 1023 4488 axium;
1074 4423 1217 4484 ,ϐίον
1273 4424 1497 4477 dicitur.
1552 4423 1690 4478 llist.
1765 4425 1921 4479 Laus.
1991 4429 2079 4481 ed.
2154 4427 2353 4481 Meurs.

794 4528 914 4581 cap.
944 4514 1033 4566 101
1068 4512 1204 4582 Opp.
1242 4514 1436 4568 Meurs.
1476 4516 1508 4569 I.
1545 4518 1577 4569 I.
1616 4534 1668 4584 p.
1698 4518 1820 4571 572.

869 4607 944 4674 (ξ)
985 4605 1275 4660 Tillemont
1319 4607 1606 4663 Mémoires
1648 4611 1733 4663 ed.
1792 4610 2073 4665 Bruxelles
2132 4610 2194 4662 Τ.
2244 4610 2353 4664 VIII

798 4695 859 4748 P.
897 4694 960 4747 III
990 4712 1041 4764 p.
1082 4696 1235 4752 1078.

869 4789 946 4854 (5)
986 4786 1071 4840 Cf.
1110 4787 1250 4840 infra
1278 4788 1453 4857 Caput
1490 4788 1622 4843 VIII.

869 4878 943 4946 (4)
988 4878 1159 4946 Supra
1196 4896 1246 4947 p.
1276 4880 1360 4931 69.

870 4965 947 5033 (5)
1004 4963 1089 5017 Cf.
1123 4981 1281 5031 supra
1326 4964 1450 5033 519
1474 4981 1523 5031 υ·
1553 4965 1621 5018 75
1660 4982 1780 5034 8(1(1ο

874 5055 949 5122 (6)
989 5053 1225 5107 AA.SS.
1265 5054 1397 5108 Boll.
1439 5056 1538 5109 Mai
1569 5056 1629 5108 τ.
1685 5056 1749 5109 ιιι
1802 5074 1854 5126 ρ.
1909 5057 2014 5110 299
2065 5074 2182 5128 sqq.
2222 5098 2235 5117 ,
2283 5058 2359 5111 cf.

805 5146 1098 5199 Tillemont
1150 5146 1438 5202 Mémoires
1479 5150 1565 5201 ed.
1607 5147 1771 5201 Brux.
1837 5147 1901 5203 Τ.
1962 5148 2043 5201 VII
2084 5148 2143 5202 Ρ.
2190 5150 2251 5201 111
2306 5168 2359 5220 p.

803 5240 959 5293 1255.

877 5329 951 5396 (7)
994 5328 1077 5381 Cf.
1109 5344 1269 5396 supra
1298 5344 1351 5398 p.
1382 5328 1469 5380 7|.

876 5414 953 5482 (8)
996 5414 1131 5468 Bibl.
1165 5415 1352 5467 Graec.
1414 5412 1501 5468 ed.
1540 5412 1774 5467 Ilarless.
1805 5412 1867 5466 T.
1910 5412 2020 5465 VIII
2068 5416 2359 5484 Hamburg.

804 5506 963 5565 1802.
990 5507 1065 5567 4⁸,
1102 5522 1151 5574 ρ.
1180 5508 1283 5561 565
1306 5522 1350 5561 s.
1375 5523 1425 5559 γ.
1447 5504 1718 5562 Macarius
1748 5506 1922 5557 iunior
1949 5503 2362 5558 Alexandrinus.

876 5595 950 5664 (9)
985 5594 1207 5664 Srriptt.
1232 5598 1425 5650 eccles.
1454 5594 1594 5649 Hist.
1620 5596 1719 5646 litt.
1743 5611 1788 5649 s.
1807 5610 1855 5647 v.
1882 5593 2361 5660 Macnriusjunior.

876 5687 988 5755 (10)
1036 5687 1340 5741 Comment.
1364 5690 1431 5743 de
1473 5687 1702 5757 Scriplt.
1737 5687 1935 5742 ecclcs.
1976 5698 2023 5737 s.
2059 5701 2107 5737 ν.
2141 5682 2367 5736 Macarii

807 5788 911 5837 ιω
941 5780 1176 5834 mannrhi

2452 2413 2603 2456 num
2632 2401 2830 2456 aetate
2849 2393 3039 2455 fuisse
3070 2394 3376 2455 minorem
3400 2391 3542 2452 ideo
3564 2390 3819 2470 putavit,
3850 2388 4031 2468 quod

2453 2496 2789 2574 scriptores
2821 2511 2962 2555 eum
2994 2511 3244 2573 semper
3282 2501 3421 2573 post
3456 2492 3787 2552 Macarium
3828 2494 4035 2569 Aegy-

2454 2598 2653 2676 ptium
2685 2596 3309 2658 commemoraverint
3342 2594 3487 2675 (16).
3529 2596 3685 2655 Rem
3726 2596 4029 2655 Sozome-

2455 2714 2573 2757 nus
2600 2696 2891 2775 explicat,
2935 2696 3066 2775 qui,
3114 2702 3444 2774 postquam
3479 2696 3555 2755 de
3595 2694 3859 2755 Macario
3905 2696 4031 2754 Ae—

2456 2797 2671 2874 gyptio
2699 2795 3034 2874 disputavit
3060 2813 3071 2854 :
3110 2817 3135 2849 α
3164 2794 3463 2855 Macarius
3492 2816 3544 2867 η,
3576 2792 3799 2871 inquit,
3831 2816 3857 2847 α
3894 2791 4038 2852 Ale-

2457 2896 2797 2955 xandrinus
2866 2894 3063 2954 serius
3129 2894 3385 2971 quidem
3443 2894 3772 2971 presbyter
3829 2890 4036 2951 factus

2458 3002 2601 3055 est»
2628 2994 2772 3072 (17).
2817 2998 3013 3072 Atque
3062 2993 3248 3054 etiam
3296 2992 3624 3053 verisimile
3669 2998 3781 3063 est,
3823 2994 4034 3052 Maca-

2459 3097 2617 3156 rium
2663 3097 2776 3165 88
2818 3094 3306 3155 Alexandrinum
3349 3099 3489 3169 post
3534 3092 3866 3152 Macarium
3909 3094 4036 3150 Ae-

2464 3197 2746 3273 gyptium
2794 3193 3172 3253 monachum
3210 3191 3438 3253 factum
3482 3207 3637 3251 esse.
3696 3188 4040 3250 Macarium

2468 3314 2612 3356 vero
2655 3295 3138 3355 Alexandrinum
3185 3293 3487 3371 Aegyptio
3540 3298 3687 3351 natu
3723 3290 4041 3350 minorem

2466 3397 2680 3469 fuisse,
2729 3397 2849 3456 iam
2902 3396 3068 3475 apud
3108 3396 3465 3456 Makrizium
3502 3393 3655 3469 legis
3697 3390 3843 3469 (18).
3876 3393 4037 3464 Nec,

2468 3496 2635 3556 unde
2672 3512 2846 3555 error
2874 3495 2937 3554 in
2981 3494 3085 3554 illa
3116 3493 3423 3553 Historiae
3459 3492 3790 3551 Lausiacae
3820 3506 4041 3549 exem-

2465 3596 2661 3675 plaria
2711 3596 3055 3675 irrepserit,
3112 3602 3285 3655 certo
3326 3593 3575 3652 dixeris.
3637 3592 3786 3663 Quia
3825 3601 4040 3650 autem

2464 3697 2879 3755 Sozomenum
2902 3711 2995 3766 ea,
3020 3710 3181 3771 quae
3202 3692 3280 3752 de
3307 3690 3585 3751 Macariis
3606 3688 3815 3759 habet,
3842 3704 3873 3747 e
3894 3687 4040 3746 Pal-

2463 3796 2612 3855 ladii
2650 3795 2919 3856 Historia
2959 3794 3252 3854 Lausiaca
3288 3792 3659 3870 compilasse
3702 3789 4040 3850 manifesto

2459 3903 2653 3974 patet,
2671 3893 3522 3966 additamentum,Macarium
3547 3890 4040 3951 Alexandrinum

2461 3996 2658 4057 serius
2682 3994 3113 4073 presbyterum
3135 4010 3270 4052 esse
3292 3992 3677 4064 factum,iam
3702 3990 4041 4050 Sozomeni

2466 4104 2745 4173 tempore
2779 4096 2843 4154 in
2884 4094 3175 4154 Lausiaca
3207 4093 3512 4152 exstitisse
3544 4089 3869 4170 probabile
3917 4096 4035 4147 est.

2544 4201 2569 4269 ᾗ
2601 4196 2694 4255 22.
2749 4195 2867 4255 Sed
2908 4195 2984 4254 ad
3027 4194 3413 4253 narrationes
3450 4192 3615 4271 ipsas
3649 4190 3726 4251 de
3763 4188 4039 4249 Macario

2535 4338 2645 4403 (111
2692 4335 2969 4402 Supplem.
3013 4334 3316 4386 Comment.
3350 4331 3603 4384 Lambec.
3633 4328 3863 4382 Vindnb.
3893 4328 4040 4381 1690

2474 4425 2535 4479 T.
2575 4426 2612 4478 ll
2660 4426 2713 4477 in
2739 4426 2919 4477 indice
2949 4424 3294 4491 alphabetico
3325 4439 3371 4476 s.
3408 4438 3458 4474 ν.
3492 4420 3764 4472 Macarius
3789 4421 4001 4486 jmiior.

2394 4496 2434 4547 θ
2535 4514 2645 4584 (12)
2676 4516 2732 4569 S.
2764 4514 2981 4566 Macarii
3025 4514 3269 4581 Aegyptii
3299 4513 3502 4582 Opusc.
3547 4524 3601 4566 et
3630 4513 4037 4582 Apoplitliegm.

2468 4608 2615 4677 Lips.
2668 4607 2799 4661 I699
2832 4604 3012 4658 Praef.
3057 4604 3215 4674 §VI|.

2537 4700 2648 4765 (15)
2682 4699 2815 4765 Cap.
2847 4698 2916 4749 20
2946 4696 3082 4764 Opp.
3118 4696 3317 4749 Meurs.
3347 4697 3381 4749 I.
3422 4696 3455 4747 l.
3497 4710 3547 4763 p.
3576 4696 3698 4747 5:9.

2538 4792 2647 4858 (ιιι)
2678 4790 2840 4852 lbid.,
2891 4799 2947 4842 et
2996 4786 3107 4839 vv.
3160 4786 3261 4839 rp.
3297 4786 3479 4839 Rosw.
3513 4787 3606 4837 lib.
3648 4782 3760 4834 VIII
3808 4800 3930 4851 cap.
3970 4784 4040 4838 ιι)

2470 4899 2520 4949 p.
2558 4882 2680 4944 719,
2722 4880 2775 4933 2.

2540 4974 2651 5041 (15)
2682 4970 2795 5025 VV.
2828 4966 2932 5024 PP.
2962 4968 3141 5022 Bosw.
3169 4982 3290 5035 cap.
3322 4965 3354 5019 6
3382 4982 3437 5034 p.
3463 4966 3586 5026 950,
3630 4967 3679 5018 1.

2538 5065 2649 5135 (16)
2703 5080 2721 5113 ι
2777 5062 2931 5116 Celui
2993 5057 3377 5113 d’Alexandrie
3415 5072 3443 5109 a
3499 5056 3583 5110 été
3627 5066 4042 5125 apparemmcnt

2477 5156 2788 5226 postérieur
2816 5154 2847 5207 Ξι
2871 5153 3009 5208 celui
3045 5151 3303 5220 d‘Egypte
3349 5150 3494 5202 aussi
3558 5149 3685 5202 bien
3716 5164 3856 5217 pour
3900 5149 4041 5202 l‘cn-

2470 5246 2590 5300 trée
2644 5245 2782 5299 dans
2837 5243 2887 5295 la
2944 5240 3178 5296 solitudo
3244 5253 3351 5306 que
3415 5253 3549 5305 pour
3611 5238 3660 5290 la
3721 5241 4036 5300 naissance,

2473 5337 2761 5407 puisqu’on
2786 5336 2835 5389 le
2865 5342 2973 5387 met
3007 5332 3263 5400 toujours
3294 5328 3455 5398 aprés
3482 5330 3693 5384 I'autre.
3736 5349 3755 5381 ι
3806 5328 4038 5383 Méuioi-

2478 5446 2567 5485 res
2599 5429 2663 5483 T.
2690 5426 2805 5481 VIII
2831 5426 2889 5480 P.
2914 5425 2983 5478 IIl
3018 5440 3052 5493 p
3110 5424 3268 5478 1045.

2540 5523 2655 5591 (17)
2696 5521 2815 5575 Hist
2865 5520 3009 5573 Eccl.
3038 5520 3131 5572 lib.
3165 5518 3230 5571 Ill
3270 5534 3391 5587 cap.
3421 5518 3487 5570 14
3516 5516 3601 5569 ed.
3642 5515 3675 5566 I.
3716 5530 3766 5580 p.
3798 5512 3922 5566 516.

2554 5615 2667 5682 (18)
2700 5612 2917 5666 Macrizi
2943 5610 3270 5664 Geschichte
3290 5612 3388 5662 der
3416 5611 3623 5672 Cnpten
3659 5622 3705 5656 ν.
3728 5602 3885 5657 Fcrd.
3908 5601 4042 5658 Wit-

2480 5705 2711 5764 su‘nl'vld
2741 5705 2981 5773 Gotting.
3022 5702 3163 5758 1845
3194 5718 3244 5773 p.
3281 5701 3402 5755 110.
3453 5701 3572 5754 111.
