4266 6360
189 356 264 416 85
1708 371 1934 432 VITAE.
3362 387 3432 446 86

193 479 614 544 Alexandrino
644 497 678 542 e
731 482 1001 544 Historia
1030 484 1321 547 Lausiaca
1360 487 1631 566 prolatas
1660 506 1767 551 ve-
1798 502 1840 554 Α
1872 498 2122 575 sederit,
2150 502 2215 562 in
2243 503 2491 565 Herveti
2528 511 2588 567 et
2615 506 2679 566 in
2709 506 2961 585 antiqua
2988 505 3274 569 versione
3303 525 3433 571 non

192 584 460 645 niamus.
500 584 766 655 Quarum
802 583 971 645 nulla
998 584 1163 663 apud
1184 584 1372 646 alium
1403 588 1769 667 scriptorem

192 682 505 745 invenitur
540 690 787 762 praeter
815 684 1013 746 solam
1051 685 1129 747 de
1170 703 1493 765 magorum
1539 707 1768 751 monu-

196 791 409 844 mento
457 801 492 845 a
537 786 806 847 Macario
841 785 1259 849 Alexandrino
1301 789 1457 860 viso,
1505 807 1667 867 quae
1704 790 1769 851 in

197 882 356 944 libro
404 885 683 945 secundo
741 884 820 963 (1)
883 884 1015 946 fere
1064 885 1186 947 hoc
1236 888 1423 949 modo
1462 888 1766 951 habetur:

194 987 533 1047 Macarium
557 1004 705 1066 prae
735 987 959 1048 ceteris
979 987 1234 1048 senibus
1259 996 1599 1050 amatorem
1630 1006 1769 1050 ere-

192 1084 277 1143 mi
310 1084 523 1157 fuisse,
559 1092 619 1145 et
649 1085 964 1147 inaccessa
995 1093 1447 1164 perscrutatum
1478 1104 1615 1149 esse
1651 1088 1769 1149 de-

194 1191 382 1244 serta.
426 1184 771 1263 Aliquando
806 1202 951 1245 eum
981 1186 1291 1247 invenisse
1323 1186 1527 1247 locum
1564 1188 1631 1248 in
1668 1206 1769 1249 re-

195 1283 559 1343 motissimis
572 1284 762 1345 eremi
784 1284 1060 1363 partibus
1073 1286 1343 1364 positum
1356 1288 1773 1367 omnibusque

197 1382 385 1442 bonis
410 1382 739 1461 repletum.
763 1384 878 1443 Ubi
894 1384 1050 1445 duos
1062 1384 1368 1447 habitasse
1389 1386 1631 1463 fratres,
1663 1390 1771 1467 qui

200 1491 461 1562 prOpter
489 1483 949 1544 multitudinem
991 1484 1368 1546 daemonum
1400 1488 1487 1547 ibi
1534 1488 1772 1566 degen—

200 1584 377 1653 tium,
400 1600 478 1643 ne
504 1582 660 1643 alios
672 1600 749 1644 eo
770 1584 1112 1646 monachos
1124 1586 1481 1661 deduceret,
1496 1604 1638 1647 eum
1659 1586 1771 1647 ad-

199 1684 579 1743 monuerint.
614 1685 1173 1760 Regressusautem
1194 1702 1386 1763 quum
1410 1686 1777 1765 opportuni-

1870 598 2084 661 culicis
2119 600 2318 675 elisio,
2359 603 2469 664 sed
2514 604 2765 683 Spiritus
2804 604 3231 668 fornicationis
3266 606 3431 668 indi-

1870 706 2063 761 catur.
2112 703 2181 762 In
2227 702 2457 781 quibus
2502 702 2655 766 haec
2704 703 2858 782 legis
2888 722 2903 766 :
2939 729 2965 761 α
2997 706 3065 765 Ei
3097 705 3437 786 aliquando

1870 799 2216 863 molestiam
2264 802 2545 865 exhibuit
2591 805 2843 884 spiritus
2890 803 3342 879 fornicationis,
3375 812 3438 867 et

1872 906 2018 963 tunc
2049 902 2481 964 condemnavit
2510 905 2785 983 seipsum
2814 906 3032 967 sedere
3060 906 3295 967 nudum
3326 924 3438 967 sex

1872 1018 2119 1063 menses
2148 1002 2209 1062 in
2241 1003 2465 1082 palude
2496 1004 2688 1065 Scetis
2714 1051 2728 1064 .
2759 1052 2773 1064 .
2802 1051 2813 1063 .
2846 1028 2873 1059 ιο
2905 1004 3011 1083 (3).
3056 1007 3247 1078 Quam
3286 1023 3437 1067 cau-

1872 1118 2002 1163 sam
2034 1101 2246 1163 falsam
2276 1120 2410 1164 esse
2440 1103 2723 1164 existimo
2753 1110 2814 1164 et
2840 1103 2987 1165 inde
3021 1104 3242 1175 fictam,
3267 1105 3439 1183 quod

1870 1202 2010 1264 talis
2037 1220 2241 1282 poena
2276 1204 2391 1265 soli
2430 1203 2650 1265 ultioni
2687 1204 2900 1265 culicis
2942 1205 3275 1283 pungentis
3311 1222 3440 1266 non

1874 1320 2146 1379 congrua
2175 1303 2301 1363 visa
2332 1304 2429 1363 sit.
2460 1304 2674 1364 Versio
2704 1301 2953 1364 Herveti
2983 1303 3254 1365 Macario
3294 1319 3445 1382 qua-

1872 1407 2016 1459 tuor
2042 1400 2255 1460 tribuit
2284 1400 2535 1461 cellulas
2560 1401 2623 1461 in
2666 1402 2867 1471 Scete,
2901 1401 3112 1478 Libya,
3145 1400 3348 1461 Celliis
3380 1405 3439 1460 et

1874 1504 2085 1557 monte
2114 1498 2341 1558 Nitriae
2372 1499 2536 1558 sitas.
2561 1498 2679 1558 Sed
2703 1498 2889 1559 Cellia
2917 1498 2992 1559 ad
3021 1499 3273 1577 Libyam
3304 1515 3444 1576 per-

1873 1598 2213 1669 tinuerunt,
2280 1616 2485 1677 neque
2552 1600 2800 1662 codices
2869 1615 3075 1676 neque
3137 1599 3444 1659 editiones

1876 1705 2244 1777 ceteraeque
2268 1700 2584 1760 versiones
2612 1698 2750 1777 plus
2775 1698 2970 1759 tribus
3001 1697 3245 1757 Macarii
3272 1696 3445 1758 cellis

203 1786 394 1840 tatem
419 1780 542 1840 loci
571 1779 863 1840 fratribus
896 1779 1252 1851 indicasset,
1279 1780 1616 1841 multorum
1644 1778 1776 1839 ani-
1811 1833 1849 1885 Β
1878 1805 2127 1858 norum
2161 1798 2421 1875 Antiqua
2455 1798 2655 1858 νει-δίο
2672 1814 2798 1858 non
2839 1797 3048 1869 habet,
3080 1796 3442 1869 uacat-ium,

200 1896 344 1940 mos
388 1880 806 1941 inﬂammatos
859 1897 1019 1953 esse,
1068 1879 1178 1940 sed
1226 1887 1468 1941 ceteros
1504 1879 1768 1941 dixisse:

204 2003 230 2031 α
264 1980 465 2039 Locus
506 1978 619 2038 iste
660 1979 711 2039 si
743 1996 909 2048 vere,
956 1984 1026 2038 ut
1061 1976 1344 2051 iactatur,
1384 1995 1419 2038 a
1452 1978 1670 2038 Iamne
1714 1982 1777 2037 et

198 2079 479 2139 Mambre
500 2080 777 2140 consitus
808 2086 922 2150 est,
948 2096 1074 2139 non
1102 2077 1265 2138 aliud
1296 2077 1373 2138 de
1401 2094 1475 2139 eo
1510 2078 1772 2139 creden-

202 2180 354 2241 dum
387 2186 501 2251 est,
536 2179 655 2240 nisi
682 2179 848 2259 quod
882 2178 1111 2240 diaboli
1134 2196 1326 2257 Opere
1356 2179 1431 2239 ad
1463 2178 1778 2258 deceptio;

204 2299 352 2342 nem
376 2289 649 2341 nostram
675 2290 1078 2359 praeparatus
1105 2279 1204 2339 sit.
1239 2279 1299 2339 Si
1324 2280 1491 2340 enim
1520 2296 1686 2352 vere,
1710 2287 1779 2341 ut

203 2381 561 2462 perhibent,
614 2380 946 2441 deliciosus
988 2386 1081 2441 est
1124 2385 1185 2439 et
1231 2379 1577 2452 abundans,
1626 2379 1777 2457 quid

204 2482 600 2561 sperabimus
637 2481 701 2541 in
747 2480 959 2541 futuro
998 2479 1273 2552 saeculo,
1315 2479 1367 2540 si
1402 2479 1500 2540 hic
1539 2478 1779 2542 deliciis

205 2578 561 2644 fruimur?»
590 2582 821 2653 Quibus
848 2582 1051 2644 verbis
1072 2583 1323 2645 tandem
1341 2582 1651 2645 ferventes
1679 2583 1776 2643 iu~

208 2700 441 2743 venum
476 2684 719 2745 animos
748 2700 1071 2763 repressos
1109 2701 1268 2746 esse.
1319 2688 1475 2745 Rem
1514 2688 1781 2767 scriptor

206 2779 352 2841 libri
398 2780 658 2843 secundi
701 2779 863 2843 fama
904 2789 1263 2862 acceperat;
1304 2800 1450 2845 nam
1487 2784 1732 2865 scripsit
1766 2802 1777 2843 :

212 2902 237 2931 α
268 2878 576 2938 Ferebanl
601 2898 741 2941 eum
770 2888 1107 2942 amatorem
1132 2882 1322 2944 fuisse
1348 2930 1360 2942 .
1396 2930 1408 2942 .
1439 2931 1453 2943 .
1482 2930 1495 2942 .
1514 2901 1529 2957 ;
1552 2907 1579 2938 υ
1610 2890 1739 2946 tum
1765 2901 1779 2943 :

1876 1916 2069 1977 quum
2098 1898 2580 1973 cogitationibus
2608 1914 2799 1959 vanae
2832 1896 3062 1975 gloriae
3095 1903 3441 1969 vexaretur,

1875 2012 2061 2055 arena
2106 1995 2380 2057 humeris
2423 1997 2714 2075 imposita
2756 2014 3035 2057 eremum
3074 1996 3444 2075 pervasisse,

1876 2098 1984 2158 sed
2027 2116 2039 2157 :
2082 2122 2109 2152 «
2147 2098 2245 2159 Sic
2296 2116 2467 2175 ergo,
2503 2122 2528 2153 »
2562 2099 2786 2176 inquit,
2822 2122 2847 2153 α
2886 2099 3072 2159 iacuit
3114 2116 3316 2175 usque
3369 2098 3446 2158 ad

1875 2216 2229 2277 vesperam;
2257 2199 2656 2277 postmodum
2686 2197 2951 2258 surrexit
2973 2197 3048 2257 ad
3080 2202 3449 2258 consuetum

1878 2316 2037 2377 opus
2086 2298 2330 2360 Domini
2365 2324 2392 2354 »
2429 2298 2531 2377 (4).
2565 2300 2843 2377 Denique
2889 2298 2954 2358 in
2999 2297 3249 2357 Herveti
3287 2303 3349 2356 et
3385 2295 3451 2356 in

1877 2398 2131 2476 antiqua
2194 2398 2504 2472 versione,
2566 2405 2895 2477 postquam
2966 2402 3281 2457 narratum
3336 2402 3449 2463 est,

1879 2497 2219 2560 daemones
2249 2515 2282 2558 e
2316 2504 2726 2558 monumento
2751 2519 2777 2550 «
2804 2497 3001 2555 Janne
3031 2501 3091 2555 et
3119 2494 3393 2554 Mambre
3422 2515 3453 2548 ι

1879 2615 2204 2675 magorum
2224 2614 2505 2676 egressos
2520 2614 2553 2659 a
2576 2596 2839 2658 Macario
2859 2595 3104 2673 fugatos
3127 2610 3286 2666 esse,
3302 2592 3457 2655 haec

1880 2698 2237 2759 adduntur:
2273 2722 2297 2753 α
2332 2696 2727 2774 Ingrediente
2766 2702 2971 2756 autem
3012 2710 3088 2755 eo
3129 2692 3455 2768 [Macario]

1880 2798 1945 2859 in
1966 2797 2321 2876 paradisum
2345 2799 2400 2858 ei
2424 2796 2693 2858 occurrit
2709 2794 2994 2855 diabolus
3013 2794 3122 2863 90
3142 2810 3285 2855 cum
3313 2793 3459 2854 stri-

1885 2906 1979 2959 cta
1996 2897 2400 2976 rhomphaea,
2425 2897 2483 2958 ei
2503 2896 2816 2956 minitans.
2845 2893 2931 2954 Ad
2961 2911 3150 2971 quem
3176 2892 3336 2954 hanc
3356 2908 3464 2953 vo-

214 3000 239 3029 α
273 2975 391 3035 Ubi
425 2977 607 3037 etiam
630 2977 787 3038 duos
809 2977 1028 3039 fratres
1057 2978 1367 3041 invenisse
1387 2980 1727 3058 ferebatur.
1752 3005 1778 3036 υ
1886 3014 2022 3057 cem
2052 2995 2375 3074 respondit
2404 3002 2652 3055 sanctus
2682 2993 2981 3054 Macarius
3016 3011 3028 3052 ε
3060 2994 3151 3052 Tu
3176 2991 3349 3051 venis
3382 2990 3463 3051 ad

211 3079 502 3137 Fortasse
524 3076 880 3138 etiamfama
902 3078 978 3139 de
997 3079 1243 3141 duobus
1263 3079 1606 3151 monachis,
1626 3098 1785 3159 quos
1827 3166 1852 3170 _
1886 3110 1988 3155 me
2034 3094 2100 3155 in
2146 3093 2353 3154 stricta
2402 3092 2809 3170 rhomphaea,
2855 3098 2916 3151 et
2972 3107 3090 3168 ego
3138 3097 3353 3152 contra
3399 3097 3461 3151 te

212 3178 521 3237 Macarius
557 3179 897 3256 Aegyptius
923 3179 989 3238 in
1026 3179 1457 3240 remotissimis
1500 3179 1785 3241 solitudi-
1814 3166 1855 3222 (ἶ
1889 3195 1897 3255 j

1778 3215 1785 3224 ·
1814 3166 1855 3222 C
1889 3193 2205 3271 ingrediar
2231 3193 2296 3253 in
2327 3192 2581 3253 nomine
2617 3190 2863 3252 Domini
2899 3189 3193 3263 Sabaoth,
3222 3190 3290 3251 in
3328 3190 3463 3251 acie

214 3280 315 3344 nis
340 3279 620 3358 partibus
658 3280 1252 3348 nud0589invenit
1279 3278 1389 3356 (2),
1425 3279 1790 3341 inindolem
1892 3296 2001 3356 Dei
2028 3292 2217 3355 Israel
2251 3292 2356 3371 (5),
2394 3314 2423 3346 ι)

211 3378 253 3440 Γ
273 3378 360 3439 Jri
386 3377 644 3437 secundi
671 3378 1041 3439 narrationis
1060 3379 1182 3438 vim
1200 3378 1472 3453 aliquam
1490 3380 1787 3440 exercuit.

297 3496 391 3557 Ad
448 3496 733 3556 ordinem
797 3496 1051 3570 deinde,
1103 3514 1231 3575 quo
1288 3498 1675 3559 narrationes
1729 3498 1794 3559 in

220 3595 403 3656 editis
427 3596 885 3675 exemplaribus
907 3615 974 3659 se
998 3598 1339 3677 excipiunt,
1359 3599 1527 3677 quod
1555 3599 1791 3672 attinet,

221 3696 549 3757 Paradisus
572 3703 632 3757 et
655 3698 853 3758 versio
882 3698 1135 3775 antiqua
1166 3716 1264 3758 res
1297 3698 1520 3759 eodem
1552 3699 1793 3770 ordine,

222 3815 353 3877 quo
402 3799 650 3859 codices
694 3800 1237 3871 Vindobonenses,
1270 3807 1553 3872 narrant;
1605 3800 1797 3861 altera

224 3900 290 3959 in
338 3899 461 3961 hoc
506 3899 641 3961 solo
688 3900 1018 3979 discrepat,
1055 3901 1224 3979 quod
1254 3900 1432 3972 illud,
1465 3903 1795 3962 Macarium
1834 3968 1839 3975 ,

224 3999 345 4059 sibi
394 4000 821 4078 pr0posuisse,
854 4008 923 4061 ut
966 4002 1247 4080 quinque
1292 4001 1511 4061 diebus
1555 4001 1621 4061 in
1664 4001 1799 4065 solo

226 4102 356 4162 Deo
393 4108 667 4161 mentem
701 4101 1022 4179 deﬁgeret,
1054 4103 1280 4163 omisit.
1315 4102 1503 4179 Magis
1532 4109 1736 4163 autem
1767 4119 1801 4161 a

227 4202 552 4263 codicibus
581 4202 874 4263 differunt
900 4220 1157 4279 graecae
1190 4204 1491 4264 editiones
1522 4210 1581 4263 et
1615 4204 1805 4264 inter-

227 4302 498 4381 pretatio
544 4303 814 4362 Herveti.
856 4306 926 4363 In
959 4303 1187 4382 quibus
1230 4302 1308 4363 ab
1355 4303 1533 4363 initio
1585 4304 1803 4381 capitis

228 4408 501 4479 quatuor
524 4403 931 4475 narrationes,
947 4420 1108 4482 quae
1129 4404 1192 4463 in
1216 4402 1537 4463 codicibus
1554 4402 1799 4474 desunt,

1970 3396 2043 3455 Et
2070 3394 2224 3453 haec
2254 3391 2506 3471 quidem
2539 3397 2703 3461 sunt,
2728 3388 2956 3467 quibus
2985 3386 3293 3447 editiones
3322 3402 3466 3446 ver-

1894 3494 2229 3571 sionesque
2285 3490 2595 3551 Historiae
2665 3488 2997 3549 Lausiacae
3053 3503 3087 3547 a
3144 3484 3469 3546 codicibus

1896 3594 2211 3654 differunt.
2241 3592 2374 3651 Hoc
2402 3590 2603 3650 solum
2636 3587 2897 3658 accedit,
2931 3584 3103 3663 quod
3134 3585 3199 3645 in
3239 3583 3465 3645 editio-

1899 3694 2080 3753 nibus
2121 3691 2355 3767 graecis
2386 3697 2446 3749 et
2478 3689 2539 3749 in
2576 3689 2861 3748 versione
2903 3685 3150 3745 Herveti
3183 3684 3468 3755 traditur,

1898 3794 2228 3853 Macarium
2318 3788 2803 3850 Alexandrinum
2900 3785 3160 3846 bellaria
3248 3783 3468 3842 vendi-

1901 3895 2057 3954 disse
2093 3892 2194 3971 (6).
2236 3891 2353 3951 Ubi
2395 3890 2459 3951 in
2508 3887 2800 3948 Paradiso
2846 3885 3113 3946 habetur
3149 3901 3161 3943 :
3199 3906 3225 3938 α
3263 3883 3471 3960 Nego-

1902 3996 2093 4054 tiator
2135 4000 2302 4064 erat,
2342 4014 2369 4046 ι
2419 3989 2621 4066 glossa
2662 3988 2729 4047 in
2779 3986 3058 4063 margine
3107 3984 3415 4061 adscripta
3455 3998 3469 4039 :

1905 4119 1931 4149 «
1970 4097 2079 4153 Ms.
2112 4092 2276 4153 addit
2310 4110 2321 4150 :
2357 4091 2461 4169 qui
2494 4106 2676 4167 poma
2706 4086 2799 4146 vel
2829 4086 3142 4164 legumina
3174 4101 3473 4162 nucesque

1902 4191 2201 4252 vendebat
2240 4216 2263 4244 »
2296 4192 2399 4268 (7).
2431 4191 2597 4260 Quae
2646 4186 2889 4267 glossae
2936 4187 3121 4245 verba
3170 4184 3356 4243 etiam
3408 4182 3476 4243 in

1904 4290 2135 4351 codicis
2161 4287 2520 4367 pervetusti,
2542 4302 2727 4362 quem
2753 4286 2988 4343 Romae
3010 4282 3073 4341 in
3099 4278 3477 4340 bibliotheca

1904 4388 2264 4451 monasterii
2319 4385 2779 4447 Yerusalemme
2828 4384 2891 4443 in
2949 4383 3139 4442 Croce
3188 4379 3313 4441 adii
3364 4378 3472 4457 (8),

230 4501 656 4576 inveniuntur,
672 4511 857 4582 atque
880 4503 1175 4566 cellarum
1196 4502 1444 4564 Macarii
1471 4520 1799 4563 enumera-
1836 4492 1876 4545 D
1905 4495 1915 4546 ¹

1788 4536 1799 4546 .
1836 4492 1876 4545 D
1905 4495 2074 4549 textu
2104 4486 2412 4563 leguntur.
2442 4484 2706 4561 Antiqua
2746 4481 3019 4559 denique
3061 4478 3264 4539 versio
3310 4478 3473 4538 Ros-

233 4604 319 4664 tio
356 4602 738 4680 virginisque
771 4600 1207 4662 Thessalonica
1239 4599 1538 4661 oriundae
1567 4599 1801 4659 sanatio

233 4708 380 4780 post
417 4700 737 4761 historiam
774 4699 1039 4761 infelicis
1072 4698 1432 4771 sacerdotis,
1464 4698 1571 4775 qui
1602 4696 1800 4757 forni-

234 4820 386 4863 cans
416 4818 589 4862 sacra
625 4800 883 4876 obierat,
914 4799 1225 4877 leguntur.

312 4898 406 4960 Ad
454 4916 555 4959 res
597 4898 869 4976 denique
914 4896 1083 4975 quod
1131 4899 1387 4973 spectat,
1439 4909 1643 4962 causa,
1694 4908 1801 4950 cur

233 4999 540 5061 Macarius
577 5014 687 5057 sex
728 5014 975 5058 menses
1013 4994 1217 5058 nudus
1250 4995 1315 5054 in
1354 4992 1579 5071 palude
1608 4992 1801 5051 Scctis

315 5253 398 5321 (ll
420 5252 551 5321 Cap.
584 5250 676 5312 29,
715 5248 830 5303 νν.
861 5247 963 5301 ΡΡ.
999 5246 1181 5311 Rosw.
1214 5261 1267 5314 p.
1305 5243 1431 5305 480,
1461 5243 1495 5297 2
1518 5258 1636 5311 sqq.

309 5345 389 5414 l2)
427 5341 537 5397 νγ.
562 5340 669 5393 PP.
719 5340 905 5393 Rosw.
941 5340 1035 5391 lib.
1080 5335 1145 5390 νΙ
1200 5335 1366 5387 libell.
1404 5334 1456 5395 5,
1485 5334 1553 5396 4;
1591 5329 1809 5399 Apoph-

238 5439 448 5505 tlnegm.
482 5449 529 5487 s.
556 5450 609 5486 v.
640 5430 910 5484 Macarius
930 5430 1206 5498 Aegyptius
1240 5425 1363 5497 §ll;
1394 5424 1628 5477 Coteler.
1662 5421 1807 5475 Eccl.

236 5530 436 5583 Graec.
468 5524 611 5579 Men.
646 5522 709 5579 Τ.
749 5524 847 5591 lp.
878 5522 979 5575 526
1015 5518 1242 5590 sqq.Cf.
1275 5518 1413 5570 infra
1447 5516 1619 5590 Caput
1650 5513 1738 5567 VI.

306 5616 386 5685 (ἃ)
418 5614 531 5668 νν.
584 5613 687 5690 PP.
725 5612 909 5675 Rosw.
946 5627 999 5680 p.
1038 5610 1157 5671 7'22,
1193 5610 1245 5662 1.
1277 5609 1401 5670 992,
1438 5609 1489 5661 1.

316 5711 399 5773 t4)
421 5707 554 5777 Cap.
580 5709 667 5771 10,
688 5705 801 5759 νγ.
837 5705 939 5759 I’P.
971 5704 1149 5756 Rosw.
1168 5720 1220 5772 p.
1240 5702 1366 5765 995,
1393 5703 1449 5755 2.

316 5803 395 5874 (5)
447 5800 662 5855 Herveti
729 5799 905 5855 versio
983 5813 1103 5871 cap.
1174 5796 1263 5860 20,
1310 5795 1418 5850 νγ.
1471 5794 1572 5849 PP.
1624 5791 1804 5849 Rosw.

1909 4588 2240 4649 weidianae
2299 4584 2684 4649 collectionis
2736 4582 2926 4655 idem,
2978 4579 3144 4659 quod
3219 4594 3476 4655 graecus

1910 4695 2111 4749 textus
2142 4694 2202 4747 et
2229 4686 2476 4747 Herveti
2515 4684 2743 4756 versio,
2785 4681 3065 4761 profert:
3108 4702 3133 4733 α
3172 4677 3476 4739 Grularia

1909 4789 2172 4847 vendens
2209 4785 2312 4863 (9).
2346 4810 2370 4839 υ
2400 4783 2516 4845 Sed
2552 4800 2758 4861 neque
2794 4780 3111 4843 codicibus
3151 4775 3473 4836 Vindobo—

1911 4889 2208 4949 nensibus
2232 4903 2435 4963 neque
2458 4884 2681 4945 ceteris
2703 4881 2971 4959 antiquis
2991 4876 3289 4947 fontibus,
3314 4892 3475 4953 quos

1910 4982 2732 5058 cxaminabimus,eiusmodi
2744 4980 3083 5061 quidquam
3095 4975 3466 5037 continetur.

1908 5253 1961 5306 p.
1994 5236 2119 5300 722,
2144 5236 2200 5289 2.
2236 5234 2473 5303 Antiqua
2500 5231 2681 5286 versio
2706 5244 2827 5297 cap.
2866 5228 2953 5289 10,
2997 5223 3129 5277 ibid.
3157 5238 3211 5291 p.
3252 5221 3376 5286 992,
3418 5219 3467 5275 l.

1985 5328 2061 5398 (6)
2134 5326 2479 5395 Τραγήματα
2540 5321 2893 5388 πιπράσκων
2955 5316 3094 5371 Hist.
3154 5314 3318 5370 Laus.
3378 5313 3465 5367 ed.

1912 5419 2250 5487 Mcurs.cap.
2292 5416 2363 5470 20
2394 5414 2529 5484 Opp.
2572 5414 2774 5466 Meurs.
2824 5429 2878 5481 p.
2928 5409 3053 5462 58.9.
3099 5405 3293 5460 Versio
3332 5402 3470 5458 ller-

1910 5512 2013 5565 veli
2048 5509 2177 5563 ibid.
2210 5525 2263 5578 p.
2295 5508 2399 5561 390
2424 5517 2477 5560 et
2502 5502 2614 5558 νγ.
2646 5501 2747 5557 PP.
2788 5501 2968 5554 Rosw.
3005 5515 3058 5567 p.
3087 5498 3210 5562 719,
3250 5495 3305 5549 2.

1988 5604 2063 5671 (7)
2114 5601 2245 5670 Cap.
2279 5599 2331 5665 6,
2365 5598 2476 5652 νν.
2505 5596 2608 5651 PP.
2644 5594 2825 5649 Rosv.
2864 5609 2916 5663 p.
2946 5591 3073 5655 950,
3114 5590 3163 5643 1.

1988 5695 2063 5762 (8)
2109 5693 2193 5745 Cf.
2237 5706 2397 5762 supra
2433 5706 2481 5757 p.
2524 5688 2609 5741 l3.

1989 5790 2066 5856 (9)
2095 5781 2227 5854 Cap.
2260 5783 2311 5835 9.
2354 5780 2463 5833 νν.
2496 5779 2596 5834 l’l’.
2623 5776 2802 5830 Rosw.
2842 5792 2891 5843 p.
2925 5771 3049 5835 989,
3071 5770 3126 5825 2.
