4266 6360
803 359 877 421 8ἵ
1636 363 1737 418 SS.
1773 361 2231 418 MACARIORUM
2262 363 2578 421 AEGYI‘TII
2622 365 2707 420 ΕΤ
2762 362 3234 421 ALEXANDRINI
3972 359 4043 413 88

806 482 939 541 Hoc
958 478 1163 551 etiam,
1189 477 1439 558 quodin
1456 479 1689 555 graecis
1711 478 2107 550 editionibus,
2130 480 2378 540 Herveti
2410 488 2451 541 A
2481 481 2669 555 olera,
2702 500 2863 562 quae
2898 488 3122 560 sponte
3155 482 3495 541 nascuntur
3527 477 3591 537 in
3620 482 3802 547 terra,
3834 490 4045 553 neque

812 579 1093 640 versione
1145 589 1205 639 et
1254 579 1320 639 in
1378 579 1666 641 Paradiso
1723 578 2007 653 habetur,
2045 580 2375 640 Macarium

808 678 1291 739 Alexandrinum
1313 677 1638 738 virtutibus
1658 677 1817 738 vitae
1836 676 2237 738 monachicae
2260 680 2379 738 Ma-

810 778 975 838 cario
989 781 1266 856 Aegypto
1281 775 1766 859 antecelluisse(l
1778 778 1795 858 )
1809 778 1893 849 ,in
1906 778 2225 839 codicibus
2235 778 2378 837 Vin-

810 877 1276 940 dobonensibus
1288 880 1422 940 etin
1435 880 1715 941 versione
1729 880 1979 958 antiqua
1993 878 2375 956 nonlegitur.

892 982 918 1051 §
964 977 1059 1037 23.
1109 978 1194 1039 Ad
1232 979 1506 1056 singulas
1545 985 1751 1040 autem
1782 979 2189 1051 narrationes,
2224 995 2378 1057 quas

813 1078 891 1138 de
938 1079 1201 1140 Macario
1251 1079 1665 1140 Alexandrino
1714 1097 1748 1141 e
1792 1079 2082 1139 Lausiaca
2125 1078 2379 1139 Palladii

814 1176 1204 1254 protulimus,
1236 1176 1627 1238 illustrandas
1655 1176 1808 1237 haec
1837 1174 2379 1236 animadvertenda

816 1283 983 1337 sunt.

2480 598 2729 659 panem,
2761 598 2877 642 nec
2916 582 3230 658 legumen,
3262 594 3467 657 neque
3498 594 3573 637 ex
3603 576 3904 637 fructibus
3939 592 4043 636 ar—

2477 683 2700 743 borum
2741 682 3103 760 quidquam,
3137 696 3342 761 neque
3381 677 3638 739 omnino
3681 694 3777 750 ea,
3813 677 4047 755 quibus

2476 782 2607 859 igni
2639 783 2903 843 admotis
2931 782 3218 843 homines
3249 787 3603 854 vescuntur,
3640 780 3911 841 comedit
3935 777 4042 857 (9).

2477 884 2781 962 Serapion
2823 882 3145 944 Sindonita
3187 886 3435 960 praeter
3470 898 3697 960 panem
3728 887 3788 941 et
3814 897 4047 959 aquam

2478 984 2633 1044 nihil
2664 984 2923 1062 sumpsit
2948 982 3091 1061 (10).
3124 983 3441 1059 Evagrius,
3465 999 3539 1042 ex
3569 999 3695 1060 cpio
3726 983 3788 1043 in
3818 983 4045 1043 solitu-

2481 1082 2690 1145 dinem
2712 1084 2817 1154 92
2843 1083 3029 1157 venit,
3048 1099 3252 1162 neque
3273 1080 3575 1143 lactucam
3602 1082 3817 1160 tetigit,
3835 1099 4049 1163 neque

2479 1182 2788 1243 minutum
2853 1180 3012 1255 olus,
3072 1198 3188 1242 nec
3251 1180 3446 1242 viride
3504 1180 3870 1260 quidquam,
3927 1198 4048 1243 nec

2479 1279 2769 1352 fructum,
2788 1298 2903 1341 nec
2924 1296 3127 1352 uvam,
3142 1296 3259 1341 nec
3281 1278 3613 1352 lavacrum,
3632 1296 3747 1341 nec
3769 1296 4047 1352 carnem,

895 1388 1101 1448 Primo
1135 1388 1499 1449 abstinentia
1536 1387 1780 1448 Macarii
1810 1386 2206 1448 Alexandrini
2246 1404 2379 1447 ma-
2483 1398 2598 1441 nec
2641 1398 2888 1458 panem,
2912 1396 3029 1440 nec
3058 1379 3289 1451 vinum,
3326 1397 3529 1458 neque
3562 1380 3818 1440 omnino
3860 1380 4050 1457 quid-

820 1502 1097 1564 gnopere
1135 1487 1544 1564 praedicatur.
1580 1487 1692 1557 Qui
1732 1505 1912 1547 usum
1958 1487 2379 1547 Tabennesio-
2483 1497 2673 1557 quam
2704 1497 2778 1539 ex
2806 1480 2904 1551 iis,
2927 1496 3085 1556 quae
3116 1496 3226 1557 per
3250 1479 3458 1554 ignem
3491 1486 3831 1550 transeunt,
3864 1496 4048 1557 prae-

820 1592 1019 1645 tarum
1053 1605 1165 1664 per
1196 1594 1387 1648 totam
1427 1587 1959 1664 quadragesimam
1998 1586 2191 1646 coctis
2229 1585 2383 1646 cibis
2482 1584 2578 1637 ter
2620 1577 2924 1654 quaedam
2966 1576 3132 1637 olera
3168 1576 3357 1637 cruda
3388 1584 3448 1637 et
3480 1578 3793 1637 modicum
3824 1594 4049 1655 aquae.

822 1701 889 1744 se
920 1685 1357 1746 abstinentium
1398 1691 1667 1759 secutus,
1698 1692 1937 1764 septem
1983 1684 2161 1745 annis
2203 1683 2379 1758 nihil,
2485 1675 2919 1736 SextOdeCimO
2975 1683 3181 1735 autem
3252 1674 3609 1735 hUiUSIDOdi
3666 1677 3825 1735 Vitae
3884 1692 4053 1735 anno

823 1782 993 1857 quod
1031 1783 1158 1859 igni
1197 1784 1512 1844 admotum
1554 1789 1736 1858 esset,
1770 1782 2062 1853 comedit,
2107 1781 2216 1841 sed
2253 1782 2383 1841 sola
2419 1853 2449 1859 _
2488 1792 2680 1852 quum
2712 1780 2968 1853 prOpter
2995 1776 3276 1853 corporis
3304 1774 3733 1852 stomachique
3762 1772 4052 1835 imbecil-

824 1853 1012 1939 cmda
1047 1853 1212 1941 olera
1239 1883 1339 1950 91
1368 1890 1427 1942 et
1448 1853 2379 1959 legumina,siquaeforteinve-
2418 1853 2457 1907 Β
2484 1873 2717 1934 litatem
2746 1890 2972 1952 panem
2997 1874 3250 1951 quidem
3278 1874 3600 1950 tetigisset,
3632 1880 3807 1934 cocta
3841 1880 4054 1933 tamen

824 1978 1037 2051 nisset,
1056 1979 1402 2042 humectata
1424 1982 1703 2059 gustavit.
1719 1986 1801 2041 Ac
1823 1998 2015 2059 quum
2029 1979 2382 2052 audivisset,

823 2078 1073 2139 fratrem
1132 2083 1442 2159 quendam
1505 2082 1725 2143 libram
1790 2081 1969 2161 panis
2026 2080 2382 2153 comedere,

824 2177 1206 2252 buccellatis,
1230 2197 1391 2259 quae
1428 2181 1664 2253 habuit,
1689 2180 1756 2240 in
1786 2180 2067 2257 lagenam
2087 2177 2383 2238 immissis

825 2278 1216 2341 solummodo
1266 2288 1527 2354 tantum,
1573 2288 1872 2360 quantum
1930 2295 2119 2339 manu
2165 2278 2389 2339 efferre

829 2382 1090 2453 poterat,
1148 2379 1438 2452 comedit,
1493 2380 1815 2456 tribusque
1882 2380 2062 2439 annis
2122 2384 2391 2457 quatuor

826 2482 1062 2536 tantum
1091 2477 1185 2537 vel
1218 2479 1496 2556 quinque
1532 2479 1856 2539 unciarum
1900 2478 2051 2539 cibis
2084 2495 2233 2538 usus
2273 2484 2387 2538 est.

828 2575 958 2635 Olei
988 2583 1193 2637 autem
1224 2579 1556 2638 sextarium
1579 2594 1743 2639 anno
1771 2578 1837 2638 in
1862 2578 2219 2639 alimentum
2248 2595 2394 2640 con-

830 2676 1112 2753 sumpsit.
1150 2678 1276 2737 Iam
1306 2677 1381 2737 ad
1410 2676 1628 2737 libram
1658 2676 1991 2738 duodecim
2026 2677 2246 2738 unciae
2288 2694 2391 2738 re-

831 2772 1023 2832 deunt
1047 2773 1149 2852 (2).
1174 2779 1256 2836 Ac
1286 2784 1486 2853 Ξέστης
1513 2793 1623 2836 seu
1650 2776 1984 2836 sextarium
2013 2775 2134 2837 olei
2162 2778 2396 2837 duode-

831 2872 1044 2948 viginti
1082 2872 1211 2935 fere
1237 2876 1453 2937 uncias
1480 2875 1693 2936 habuit
1717 2874 1824 2953 (3).
1865 2876 2041 2939 Unde
2083 2878 2397 2938 abstinen—

831 2970 978 3031 tiam
1038 2974 1284 3033 Macarii
1349 2976 1676 3035 maximam
1739 2974 1930 3036 fuisse
1986 2982 2243 3055 apparet
2287 2976 2393 3056 (4).

832 3072 957 3131 Nec
981 3071 1182 3133 solum
1205 3076 1344 3135 oleo
1367 3092 1548 3135 senes
1573 3075 1639 3134 in
1668 3074 2052 3148 alimentum,
2077 3076 2185 3136 sed
2213 3082 2395 3137 etiam

2488 1972 2655 2033 olera
2703 1972 2781 2033 ad
2833 1980 3097 2033 mortem
3153 1988 3353 2051 usque
3408 1989 3536 2032 non
3594 1972 3853 2049 gustavit
3904 1971 4052 2051 (11).

2487 2071 2881 2132 Philoromus
2935 2072 3208 2150 denique
3265 2072 3593 2150 presbyter
3648 2073 3841 2132 coctis
3897 2072 4056 2134 cibis

2488 2171 2910 2247 duodeviginti
2939 2172 3115 2233 annis
3146 2189 3212 2233 se
3243 2171 3536 2231 abstinuit
3564 2170 3707 2251 (12).

2564 2276 2863 2337 Macarius
2940 2274 3412 2347 Alexandrinus,
3469 2281 3536 2334 ut
3604 2274 3863 2336 omnino
3923 2292 4058 2338 non

2489 2375 2656 2435 vesci
2687 2375 2883 2454 cupiit
2914 2375 3082 2454 quod
3119 2383 3325 2436 tamen
3368 2373 3637 2436 humana
3675 2384 3893 2437 natura
3926 2394 4058 2438 non

2489 2474 2881 2548 admittebat,
2912 2476 2996 2535 ita
3024 2475 3208 2535 etiam
3240 2475 3303 2536 in
3328 2492 3547 2537 somno
3568 2476 3873 2537 vincendo
3904 2478 4061 2557 quid

2490 2580 2699 2653 posset
2732 2575 2999 2654 experiri
3028 2576 3256 2646 statuit,
3290 2577 3562 2653 totisque
3592 2577 3803 2654 viginti
3836 2577 4060 2638 diebus

2490 2672 2604 2733 sub
2632 2673 2809 2735 coelo
2842 2674 3074 2750 degens
3104 2674 3259 2734 nihil
3294 2676 3550 2737 omnino
3590 2674 3911 2747 dormivit;
3948 2677 4059 2737 sed

2494 2780 2876 2851 postremum
2906 2780 3162 2835 naturae
3191 2790 3333 2835 eum
3372 2775 3593 2835 cedere
3634 2791 3890 2835 necesse
3920 2774 4057 2835 fuit.

2494 2872 2752 2932 Noctem
2803 2888 2950 2931 vero
3012 2872 3374 2951 saepissime
3431 2872 3825 2949 pervigilasse
3880 2872 4057 2932 multi

2494 2986 2676 3031 senes
2722 2969 3028 3031 feruntur.
3077 2972 3166 3031 Ex
3214 2971 3439 3049 quibus
3492 2969 3859 3043 Dorotheus,
3894 2970 4063 3049 apud

2496 3085 2684 3147 quem
2751 3069 3059 3131 Palladius
3129 3071 3459 3133 Lausiacae
3525 3071 3794 3149 scriptor
3860 3088 4064 3149 prope

832 3169 910 3229 ad
944 3172 1305 3247 unguendas
1341 3180 1401 3233 et
1439 3172 1806 3234 molliendas
1842 3175 1919 3234 ab
1950 3190 2139 3251 Opere
2179 3189 2398 3234 manus
2427 3190 2467 3243 α
2504 3168 2932 3229 Alexandriam
3000 3170 3171 3241 vixit,
3231 3187 3267 3230 a
3336 3170 3651 3230 iuventute
3716 3186 3921 3248 usque
3989 3170 4068 3230 ad

835 3267 923 3325 uti
952 3268 1233 3329 solebant
1266 3268 1383 3349 (5);
1439 3287 1473 3330 a
1513 3287 1639 3348 quo
1679 3288 1798 3331 usu
1837 3270 1960 3331 iam
2003 3271 2063 3330 S.
2094 3271 2396 3331 Antonius

836 3381 902 3423 se
948 3366 1241 3428 abstinuit
1287 3370 1393 3444 (6).
1437 3374 1521 3428 Ac
1570 3368 1763 3429 coctis
1814 3368 1968 3429 cibis
2006 3369 2179 3428 multi
2214 3385 2397 3429 senes

837 3464 933 3524 usi
969 3482 1096 3526 non
1138 3484 1272 3527 esse
1317 3467 1623 3529 dicuntur.
1654 3468 1743 3528 Ex
1782 3468 2008 3546 quibus
2038 3469 2398 3528 Ammonius

836 3563 984 3625 inde
1011 3582 1043 3624 a
1071 3564 1384 3627 iuventute
1410 3583 1607 3645 usque
1626 3566 1703 3626 ad
1725 3573 1989 3627 mortem
2017 3566 2163 3626 solis
2192 3566 2399 3627 crudis

839 3663 994 3725 cibis
1031 3666 1411 3740 vescebatur,
1436 3683 1553 3727 nec
1586 3684 1887 3745 unquam,
1918 3665 2084 3744 quod
2120 3666 2247 3742 igni
2286 3665 2395 3725 ad-

840 3768 1079 3822 motum
1157 3770 1352 3838 esset,
1404 3765 1676 3826 comedit
1728 3774 1973 3844 praeter
2027 3782 2251 3843 panem
2290 3764 2395 3843 (7).

841 3863 1085 3937 Moyses
1138 3863 1326 3923 abbas
1373 3881 1450 3925 ex
1494 3864 1733 3926 latrone
1791 3866 2133 3926 monachus
2179 3864 2397 3938 factus,

842 3977 1037 4037 quum
1072 3960 1409 4039 plurimum
1452 3974 1815 4044 Operaretur
1855 3975 1915 4028 et
1952 3968 2401 4047 quinquaginta

844 4058 1154 4120 orationes
1207 4062 1486 4139 quotidie
1537 4071 1884 4141 perageret,
1934 4065 2086 4125 nihil
2153 4074 2403 4144 praeter

845 4157 1075 4218 siccum
1136 4160 1465 4222 duodecim
1528 4164 1850 4224 unciarum
1929 4182 2156 4243 panem
2230 4182 2398 4224 sum-

846 4257 966 4335 psit
1015 4257 1121 4337 (8).
1168 4260 1390 4338 Apollo
1445 4262 1634 4322 abbas
1690 4279 1817 4322 non
1875 4262 2142 4342 amplius
2216 4280 2400 4341 quam

2501 3275 2884 3329 senectutem
2937 3286 3259 3347 nunquam
3314 3277 3534 3349 sponte
3599 3270 3907 3341 dormivit,
3957 3269 4068 3329 sed

2504 3383 2629 3426 non
2675 3368 2796 3427 nisi
2838 3368 3002 3428 inter
3043 3368 3430 3447 cperandum
3473 3368 3568 3429 vel
3610 3369 4072 3430 comedendum

2504 3461 2720 3523 oculos
2762 3480 2984 3525 somno
3031 3482 3249 3543 parum
3296 3466 3667 3527 connivebat
3696 3467 3841 3546 (13).
3876 3469 4071 3529 Porro

2504 3561 2798 3622 Arsenius
2825 3580 3010 3623 unam
3044 3564 3247 3624 somni
3278 3564 3495 3626 horam
3531 3573 3784 3627 strenuo
3825 3568 4070 3628 exerci-

2504 3660 2687 3720 tatori
2757 3660 3041 3723 sufﬁcere
3117 3665 3453 3744 perhibuit,
3504 3673 3691 3744 atque
3751 3668 3889 3746 ipse
3942 3675 4072 3729 tota

2508 3766 2689 3820 nocte
2736 3762 3093 3839 pervigilata
3144 3781 3326 3824 mane
3374 3782 3594 3843 parum
3649 3766 3873 3827 sedens
3920 3768 4069 3829 dor-

2506 3857 2676 3917 mivit
2708 3858 2850 3936 (14).
2897 3862 2955 3919 S.
3005 3861 3307 3921 Antonius
3357 3862 3629 3940 denique
3685 3871 3873 3925 totam
3920 3884 4071 3944 per-

2502 3973 2689 4033 saepe
2712 3965 2960 4018 noctem
2981 3959 3330 4020 insomnem
3355 3960 3686 4041 duxit(15).
3704 3966 4074 4042 Quanquam

2503 4072 2717 4115 senem
2788 4056 3059 4133 aliquem
3128 4075 3350 4119 somno
3419 4059 3530 4132 sic,
3588 4067 3655 4120 ut
3735 4064 4074 4125 Macarium

2503 4152 3010 4227 Alexandrinum,
3043 4156 3412 4217 abstinuisse
3442 4174 3569 4218 non
3600 4158 3830 4219 inveni.

2580 4264 2851 4325 Tertium
2886 4265 3155 4345 denique
3186 4287 3463 4331 summae
3508 4270 3755 4332 Macarii
3800 4270 4073 4334 Alexan-

916 4531 987 4597 (Ι)
1032 4530 1165 4582 Hist.
1195 4529 1355 4583 Laus.
1420 4532 1507 4585 ed.
1543 4533 1743 4586 Meurs.
1788 4533 1822 4585 l.
1872 4535 1903 4584 Ι.
1943 4531 2134 4587 Versio
2180 4533 2395 4587 Ilervcti
2437 4519 2477 4569 Π
2506 4535 2832 4607 Regularum
2864 4541 2949 4595 ed.
2976 4541 3113 4609 Aug.
3143 4543 3408 4600 Vindelic.
3434 4548 3571 4601 I759
3602 4547 3666 4601 Τ.
3696 4547 3714 4600 l
3742 4565 3791 4616 p.
3819 4550 3909 4611 5t,
3956 4551 4010 4607 1.

848 4618 882 4671 1,
919 4623 929 4669 l
984 4620 1225 4672 I’aradis.
1268 4624 1300 4671 I.
1336 4623 1365 4671 ι.

917 4711 992 4775 (2)
1031 4711 1239 4763 liuerkh
1266 4711 1542 4779 Metrolug.
1574 4710 2069 4780 Untersuchungen
2098 4714 2234 4767 Berl.
2267 4715 2398 4768 I858

847 4811 901 4865 p.
936 4797 1036 4849 I60
1066 4814 1185 4867 sqq.

918 4886 993 4956 (3)
1022 4888 1151 4941 Ibid.
1186 4904 1237 4959 p.
1269 4891 1333 4945 17
1355 4908 1472 4962 sqq.
1497 4890 1580 4946 Cf.
1604 4892 1787 4961 Steph.
1808 4890 1972 4948 Thes.
1993 4910 2039 4949 s.
2058 4910 2142 4947 vv.
2176 4895 2402 4961 Ξέστης

846 4985 901 5032 et
941 4982 1182 5047 Οὺγκία.

921 5071 995 5140 (4)
1061 5070 1324 5140 Evagrius
1369 5074 1788 5142 quatuordecim
1834 5077 1992 5129 annis
2020 5075 2209 5128 libram
2246 5078 2403 5146 panis

849 5162 1089 5230 quotidie
1119 5178 1181 5217 ac
1204 5166 1366 5217 tribus
1396 5168 1657 5219 mensibus
1685 5168 1979 5221 sextarium
2006 5168 2110 5220 olei
2145 5184 2401 5221 consum-

852 5254 979 5322 psit.
1031 5252 1168 5307 Hist.
1223 5254 1385 5309 Laus.
1431 5258 1516 5309 ed.
1550 5257 1749 5312 Meurs.
1784 5274 1905 5326 cap.
1942 5260 2008 5313 88
2037 5258 2172 5327 Opp.
2200 5260 2401 5315 Meurs.

853 5342 887 5393 I.
921 5342 952 5393 l.
981 5357 1033 5409 p.
1067 5343 1190 5396 555.
1218 5344 1518 5401 Dorotlieus
1542 5362 1703 5399 senex
1732 5348 1976 5415 quotidie
2007 5366 2097 5401 sea:
2120 5352 2397 5402 unciarum

852 5446 1045 5500 panem
1095 5434 1326 5487 comedit
1381 5449 1443 5486 ac
1503 5436 1769 5489 modicum
1814 5452 1986 5504 aquae
2044 5439 2200 5491 bibit.
2269 5439 2402 5493 Ibid.

856 5535 974 5587 cap.
1010 5521 1043 5573 ’ἐ
1084 5537 1134 5589 p.
1190 5522 1312 5577 549.
1364 5524 1546 5577 Abbas
1584 5525 1746 5589 Elias,
1812 5542 1972 5581 senex
2016 5544 2182 5596 quum
2240 5540 2402 5592 essut,

855 5613 1011 5659 trium
1051 5613 1321 5662 unciarum
1354 5629 1542 5680 panctn
1571 5624 1622 5666 et
1652 5625 1760 5669 tres
1795 5616 1941 5668 oleas
1964 5617 2202 5685 quotidie
2229 5634 2404 5671 conie-

855 5699 949 5751 dit.
988 5699 1118 5758 una.
1155 5717 1205 5772 p.
1236 5702 1358 5758 .593.

930 5792 1003 5854 t5)
1043 5791 1236 5857 [IL-gula
1305 5794 1361 5850 S.
1398 5796 1671 5852 I’aciiomié
1714 5814 1829 5868 cap.
1873 5800 2026 5863 XCII,
2063 5799 2231 5854 Ilulst.
2272 5802 2401 5855 (Iud.

2575 4630 2646 4699 (ϐ)
2677 4629 2794 4684 Vita
2841 4631 2898 4686 S.
2936 4633 3161 4687 Antonii
3195 4650 3315 4705 cap.
3351 4640 3404 4701 7,
3446 4637 3501 4691 S.
3536 4639 3733 4692 Athan.
3780 4638 3919 4709 Opp.
3951 4641 4016 4694 T.
4050 4645 4072 4700 I

2507 4722 2565 4777 ι).
2595 4721 2636 4773 ιι
2664 4738 2717 4790 ρ.
2739 4723 2863 4776 658.

2575 4817 2647 4885 (7)
2674 4816 2811 4869 Hist.
2835 4815 2996 4870 Laus.
3025 4817 3110 4870 ed.
3152 4817 3351 4873 Meurs.
3416 4834 3539 4889 cap.
3583 4822 3647 4875 14
3676 4827 3813 4892 Upp.
3862 4820 4073 4877 Meurs.

2511 4910 2545 4960 l.
2585 4909 2618 4961 Ι.
2649 4924 2698 4976 p.
2731 4910 2855 4962 577.

2582 5002 2657 5070 (8)
2682 5000 2817 5053 Ibid.
2845 5015 2963 5069 cap.
2992 5000 3061 5054 25
3087 5017 3137 5069 p.
3175 5001 3299 5054 416.

2584 5089 2659 5157 (9)
2700 5088 2835 5143 Ibid.
2861 5104 2978 5157 cap.
3011 5090 3078 5143 53
3114 5105 3163 5157 ρ.
3195 5090 3319 5144 496.

2581 5181 2693 5249 (10)
2741 5181 2871 5233 Ιιιὶιι.
2901 5197 3023 5250 cap.
3055 5183 3122 5235 84
3158 5198 3208 5251 p.
3239 5183 3361 5236 542.

2578 5272 2688 5337 (II)
2730 5272 3003 5342 lbid.cap.
3038 5273 3105 5326 88
3131 5290 3182 5342 p.
3218 5276 3344 5329 555.

2575 5358 2705 5429 (12))
2728 5360 2863 5414 Ibid.
2889 5375 3011 5430 cap.
3045 5363 3148 5417 115
3179 5379 3233 5433 p.
3257 5366 3382 5419 584.

2577 5451 2688 5521 (15)
2724 5452 2859 5505 Ibid.
2893 5468 3013 5521 cap.
3046 5453 3153 5522 2p.
3196 5456 3322 5511 552.

2577 5548 2686 5617 (14)
2713 5548 2825 5601 νγ.
2844 5548 2945 5601 PP.
2982 5548 3159 5602 Rosw.
3181 5551 3273 5605 lib.
3298 5551 3340 5603 V
3366 5553 3529 5609 libell.
3557 5554 3612 5615 4,
3644 5554 3697 5607 2.
3729 5555 3777 5608 ’5.

2579 5638 2689 5706 (15)
2718 5636 2840 5689 Vita
2868 5637 2924 5691 S.
2954 5638 3172 5693 Antonii
3199 5655 3317 5712 cap.
3344 5643 3396 5708 7,
3434 5640 3492 5697 S.
3526 5644 3724 5698 Athan.
3765 5647 3901 5713 Opp.
3928 5640 3994 5697 Τ.
4055 5642 4072 5697 Ι

2510 5726 2567 5779 Ρ.
2604 5727 2645 5781 n
2673 5744 2724 5798 ι).
2753 5727 2875 5782 638.
