4266 6360
179 394 246 448 89
1697 387 1858 443 VITA

1727 387 1927 448 (ITAE.
3343 399 3412 452 90

181 508 340 569 «Ιπὶηἰ
368 510 823 571 exercitationis
844 514 1278 586 argumentum
1300 505 1419 569 hoc
1441 514 1557 581 est,
1581 507 1752 586 quod
1780 516 1825 569 A
1854 506 2091 569 veritati
2136 506 2423 568 resistant
2454 504 2562 586 (6).
2611 507 2777 578 Quae
2818 509 3084 586 apostoli
3122 510 3302 571 verba
3334 512 3411 572 ad

181 618 443 687 propter
473 607 669 668 solam
707 605 1007 668 ultionem
1037 606 1251 667 culicis
1279 606 1615 686 pungentis
1640 623 1750 667 sex

181 722 432 766 menses
477 706 683 766 nudus
720 706 786 767 in
834 705 1064 785 palude
1108 706 1301 767 Scetis
1353 706 1532 768 sedit.
1572 705 1749 768 Unde

182 823 378 884 quum
408 814 762 879 reverteret,
793 824 829 867 a
860 806 1160 868 culicibus
1195 814 1326 868 toto
1363 822 1629 886 corpore
1666 806 1750 866 ita

180 905 541 967 vulneratus
576 905 714 980 fuit,
746 914 816 968 ut
842 924 917 967 ex
948 905 1077 968 sola
1109 923 1261 968 voce
1287 912 1748 984 agnosceretur,

185 1016 247 1068 et
278 1008 686 1088 elephantiasi
743 1007 1026 1069 laborare
1082 1008 1415 1069 videretur.
1464 1008 1555 1067 Ita
1608 1023 1752 1067 vero

185 1110 371 1169 etiam
437 1109 754 1185 Evagrius,
802 1108 910 1187 qui
964 1125 999 1169 a
1058 1107 1280 1187 spiritu
1329 1106 1753 1186 blasphemiae

182 1210 290 1279 93
354 1208 671 1287 quondam
739 1214 994 1268 vexatus
1061 1206 1281 1268 diebus
1349 1205 1755 1285 quadraginta

183 1316 420 1369 tectum
484 1326 613 1369 non
688 1308 1004 1385 ingressus
1071 1313 1223 1379 erat,
1287 1314 1421 1369 toto
1491 1324 1755 1386 corpore

187 1409 418 1469 muscis
458 1408 751 1469 scatuisse
795 1406 1057 1467 traditur
1099 1405 1209 1485 (1).
1262 1406 1563 1484 Idemque
1599 1409 1752 1468 Eva-

188 1507 380 1583 grius,
436 1525 471 1567 a
549 1508 852 1568 daemone
934 1505 1359 1567 fornicationis
1439 1507 1755 1585 quondam

186 1614 465 1677 vexatus,
500 1606 721 1667 hiemis
762 1613 1046 1685 tempore
1088 1612 1215 1667 tota
1256 1611 1439 1668 nocte
1468 1606 1534 1667 in
1566 1615 1757 1685 puteo

187 1708 358 1770 stetit
412 1706 518 1787 (2).
566 1707 687 1769 Sed
739 1723 1133 1785 nequaquam
1186 1706 1493 1769 Palladius
1530 1707 1612 1769 ita
1656 1709 1757 1769 in-

188 1808 565 1885 telligendus
595 1814 707 1879 est,
730 1814 798 1867 ut
828 1806 1071 1878 dixerit,
1093 1807 1425 1867 Macarium
1450 1824 1559 1869 sex
1586 1826 1759 1869 men-

190 1909 363 1969 sibus
396 1909 461 1968 in
497 1906 741 1987 paludis
770 1922 928 1984 aqua
956 1904 1191 1966 sedisse
1226 1923 1239 1965 :
1271 1905 1404 1979 sed,
1434 1912 1502 1967 ut
1531 1916 1755 1985 sponte

191 2009 419 2081 elucet,
462 2007 627 2087 apud
675 2006 935 2086 paludes
961 2004 1057 2065 vel
1107 2004 1173 2064 in
1220 2005 1356 2084 ripa
1410 2004 1751 2083 paludium.

189 2111 353 2181 Quas
392 2108 677 2185 regiones
717 2106 1017 2168 culicibus
1054 2104 1317 2183 aliisque
1353 2104 1605 2166 insectis
1636 2105 1755 2167 ho-

190 2210 447 2273 diedum
506 2208 825 2272 abundare
882 2206 1164 2268 Minutoli
1214 2206 1446 2268 indicat
1491 2206 1595 2287 (3).
1654 2207 1755 2268 Li-

188 2307 436 2369 brarius
492 2316 721 2381 autem,
774 2308 882 2388 qui
937 2309 1268 2369 Macarium
1315 2309 1380 2370 in
1428 2309 1758 2388 paludibus

190 2415 457 2487 prOpter
517 2410 798 2488 spiritum
857 2407 1287 2471 fornicationis
1346 2410 1579 2472 sedisse
1638 2411 1754 2472 ﬁn-

192 2508 280 2567 xit
312 2507 421 2588 (Is),
444 2506 785 2569 Palladium
814 2507 969 2569 falso
997 2508 1117 2569 isto
1158 2509 1348 2570 modo
1383 2509 1758 2573 intellexisse

192 2606 779 2684 videtur.Idemque
810 2607 1108 2666 Macarius
1136 2605 1587 2668 Alexandrinus
1613 2607 1759 2669 alias

196 2704 280 2765 ob
309 2703 493 2765 aliam
522 2722 770 2765 causam
798 2705 863 2765 in
894 2704 1089 2765 Scetis
1124 2703 1383 2782 paludes
1409 2706 1757 2780 secessisse,

196 2804 366 2864 unde
389 2803 688 2866 culicibus
709 2804 1087 2884 perforatum
1109 2805 1406 2867 Macarius
1427 2807 1761 2886 Aegyptius

196 2906 275 2965 ad
334 2905 556 2967 fratres
606 2906 939 2980 reduxerit,
988 2906 1054 2967 in
1096 2906 1645 2986 ApOphthegmatis
1678 2907 1756 2989 (5)

196 3004 448 3082 legitur.

277 3105 400 3165 Sed
455 3104 579 3165 iam
635 3103 711 3165 de
764 3104 872 3166 illo
945 3104 1319 3186 cepotaphio
1391 3107 1622 3167 Jannes
1704 3113 1764 3167 et

1789 1868 1828 1924 Β
1856 1868 2027 1979 quod
2084 1908 2176 1963 est
2230 1901 2394 1981 apud
2448 1868 2783 1963 Eusebium
2840 1900 2957 1982 (9),

1850 604 2076 666 librum
2113 605 2547 684 apocryphum
2581 628 2609 661 α
2643 607 2891 668 Jamnes
2936 615 2998 669 et
3046 612 3348 673 Mambres
3382 636 3408 666 υ

1849 706 2218 785 inscriptum
2272 707 2605 785 respicere,
2645 707 2925 785 Origines
2958 708 3274 787 perhibuit
3300 710 3409 792 (7).

1852 805 2029 865 Unde
2082 812 2273 885 patet,
2310 806 2729 880 traditionem,
2763 825 2884 886 qua
2932 811 3159 869 Jannes
3201 817 3262 871 et
3304 811 3416 883 95

1850 907 2154 967 Mambres
2196 908 2359 984 magi
2406 909 2558 969 Mosi
2590 909 2984 971 adversantes
3008 913 3409 987 vocabantur,

1851 1008 1998 1069 satis
2043 1009 2361 1088 antiquam
2402 1007 2613 1071 fuisse.
2650 1013 2848 1090 Atque
2895 1011 3116 1073 eodem
3158 1014 3412 1077 nomine

1852 1108 2017 1186 magi
2057 1109 2157 1169 isti
2181 1127 2215 1171 a
2246 1111 2629 1187 Targumista
2667 1111 2999 1183 Jonathan,
3028 1130 3144 1174 nec
3182 1133 3309 1176 non
3346 1116 3410 1176 in

1851 1188 2109 1269 Talmud
2131 1209 2511 1287 Babylonico
2530 1209 2608 1291 (8)
2631 1210 3043 1290 appellantur.
3062 1214 3185 1274 Nec
3211 1213 3412 1275 solum

1853 1309 2019 1388 apud
2066 1310 2356 1383 Iudaeos,
2404 1310 2513 1371 sed
2560 1311 2745 1372 etiam
2792 1311 2958 1391 apud
3020 1314 3309 1387 Graecos,
3355 1323 3415 1375 et

1855 1409 2019 1488 apud
2053 1412 2368 1472 Romanos
2396 1413 2625 1472 Jannes
2654 1420 2715 1472 et
2744 1414 3047 1475 Mambres
3082 1415 3261 1475 laude
3289 1434 3415 1477 ma-

1857 1508 2027 1583 gicae
2050 1510 2195 1569 artis
2218 1510 2578 1569 floruerunt.
2606 1510 2757 1569 Nam
2782 1511 2889 1570 Jan
2902 1528 3008 1569 nes
3031 1516 3092 1571 et
3114 1512 3416 1573 Mambres

1856 1622 2068 1682 magos
2139 1606 2372 1666 artibus
2435 1606 2689 1683 magicis
2751 1607 3141 1680 excelluisse,
3210 1617 3272 1669 et
3339 1612 3417 1671 ab

1856 1705 2297 1784 Aegyptiorum
2331 1706 2564 1785 populo
2598 1708 2845 1768 Musaeo
2871 1708 3065 1789 (Mosi)
3097 1710 3418 1788 Oppositos

1860 1819 2017 1877 esse,
2050 1804 2390 1864 Numenius
2435 1803 2893 1882 Pythagoraeus
2940 1806 3005 1865 in
3043 1805 3415 1883 fragmento,

3017 1904 3282 1981 scripsit.
3335 1908 3419 1963 Ac

1855 2001 2087 2061 Plinius
2119 1999 2236 2078 (10)
2268 2020 2280 2060 :
2315 2025 2341 2056 «
2374 2002 2499 2075 Est,
2535 2024 2562 2056 ››
2594 2001 2828 2080 inquit,
2863 2027 2890 2055 α
2917 2008 2977 2062 et
3003 2002 3122 2063 alia
3156 2004 3420 2080 Magices

1854 2097 2041 2160 factio
2070 2116 2103 2160 a
2130 2101 2300 2160 Mose
2328 2106 2388 2160 et
2413 2101 2630 2161 Jamne
2658 2108 2718 2161 et
2743 2102 2964 2179 Jotape
2988 2101 3237 2162 Judaeis
3268 2119 3421 2180 pen-

1856 2199 2033 2260 dens.
2067 2222 2094 2255 »
2126 2200 2617 2279 Abulpharagius
2657 2201 2723 2261 in
2769 2202 3021 2280 Dynast.
3053 2205 3101 2263 Ι.
3132 2208 3414 2264 Artemo-

1857 2302 2031 2361 nium
2090 2300 2405 2380 quendam
2474 2301 2702 2375 laudat,
2752 2303 2860 2381 qui
2921 2304 3134 2364 Mosen
3200 2303 3418 2365 decem

1856 2418 2055 2463 annos
2085 2408 2296 2463 natum
2325 2420 2359 2464 a
2381 2402 2502 2463 ﬁlia
2532 2402 2868 2464 Pharaonis
2891 2405 3118 2465 Jannes
3149 2412 3209 2466 et
3237 2407 3426 2465 Mam-

1858 2501 2001 2561 bres
2043 2500 2426 2580 sapientibus
2471 2500 2919 2561 instituendum
2954 2502 3244 2563 traditum
3285 2520 3423 2564 esse

1859 2601 2142 2663 docuerit
2183 2600 2324 2682 (11).
2372 2606 2569 2679 Atque
2608 2602 2673 2662 in
2730 2609 2935 2663 vetere
2993 2603 3295 2665 Midrasch
3345 2605 3423 2664 ad

1860 2702 2055 2763 Exod.
2096 2704 2223 2775 XV,
2270 2700 2338 2761 10
2375 2725 2401 2757 «
2434 2706 2706 2765 Joannes
2748 2711 2808 2765 et
2853 2706 3112 2764 Mamres
3150 2727 3175 2757 »
3210 2721 3424 2781 magos

1861 2804 2217 2863 submersos
2246 2819 2383 2864 esse
2413 2803 2477 2863 in
2506 2805 2661 2867 mari
2698 2804 2887 2865 rubro
2927 2810 3228 2878 narratur,
3260 2823 3421 2883 quo-

1862 2920 2003 2962 cum
2068 2909 2285 2963 catena
2342 2905 2584 2966 arabica
2642 2923 2757 2966 ms.
2814 2906 2881 2967 in
2934 2906 3423 2967 Pentateuchum

1863 3003 2177 3073 convenit,
2207 3002 2271 3062 in
2306 3020 2430 3081 qua
2463 3002 2616 3065 haec
2647 3004 2996 3067 habentur:
3033 3028 3061 3061 «
3097 3008 3260 3068 Haec
3305 3023 3423 3067 no-

1863 3099 2031 3159 mina
2058 3116 2404 3177 magorum,
2438 3102 2544 3179 qui
2579 3108 2881 3163 steterunt
2908 3111 3122 3165 contra
3162 3106 3374 3166 Mosen
3408 3124 3422 3165 :

196 3203 505 3264 Mambres
557 3218 904 3280 magorum,
956 3207 1124 3283 quod
1173 3222 1208 3265 δ
1259 3222 1325 3266 se
1375 3206 1576 3266 visum
1627 3223 1761 3267 esse
1792 3198 1835 3254 C
1869 3198 2194 3270 Deiannes,
2252 3199 2568 3261 Jambaras
2624 3208 2683 3260 et
2738 3201 3021 3263 Sarudas.
3068 3203 3228 3264 Deus
3280 3222 3427 3265 vero

196 3301 500 3365 Macarius
527 3301 662 3380 ipse
695 3300 968 3363 Palladio
996 3302 1225 3376 retulit,
1245 3303 1651 3380 diSputemus.
1673 3306 1762 3364 Eo

200 3400 370 3459 enim
397 3400 649 3460 nomine
674 3416 709 3460 a
736 3399 986 3461 Iudaeis
1020 3402 1184 3477 magi
1216 3400 1601 3476 dicebantur,
1631 3402 1766 3481 qui-

198 3498 469 3559 buscum
498 3500 700 3559 Moses
726 3505 785 3557 et
806 3502 1007 3559 Aaron
1038 3516 1245 3560 coram
1273 3499 1593 3561 Pharaone
1622 3518 1765 3580 pro-

200 3599 388 3677 digiis
443 3604 901 3660 concertarunt.
958 3598 1047 3657 Ex
1106 3615 1230 3677 qua
1296 3600 1648 3674 traditione,
1694 3609 1762 3660 ut

200 3705 373 3759 recte
429 3697 613 3757 docet
670 3696 1118 3770 Theodoretus,
1165 3698 1389 3759 Paulus
1446 3699 1762 3777 apostolus

202 3798 461 3858 nomina
486 3796 589 3857 illa
616 3796 679 3856 in
712 3796 973 3874 epistola
998 3797 1075 3857 ad
1102 3798 1492 3859 Timotheum
1521 3799 1765 3860 desum-

202 3895 348 3972 psit,
396 3911 615 3955 omnes
664 3894 1018 3973 increpans,
1062 3896 1191 3974 qui,
1239 3898 1762 3975 quemadmodum

199 3996 435 4056 Jannes
478 4001 539 4056 et
580 3996 884 4055 Mambres
930 3995 1085 4055 Mosi
1127 3997 1483 4071 restiterint,
1516 3998 1599 4057 ita
1643 3997 1765 4075 ipsi

275 4158 351 4227 (ι)
393 4156 532 4211 liist.
569 4156 730 4211 Laus.
766 4156 853 4211 ed.
884 4155 1083 4211 Meurs.
1103 4172 1223 4226 cap.
1256 4158 1324 4214 88
1362 4158 1497 4229 Opp.
1554 4160 1754 4216 Meurs.

202 4248 237 4299 l.
279 4247 316 4298 l.
355 4261 410 4314 p.
442 4244 564 4297 555.

441 4336 532 4388 iid.
566 4336 598 4388 I.
631 4336 665 4387 l.

441 4336 467 4385 ›’
517 4373 532 4386 .
566 4336 598 4388 Ι.
656 4378 665 4387 .

394 4336 559 4475 hic
629 4336 748 4474 lzum
784 4422 1000 4477 Temnel
1035 4424 1129 4478 des
1162 4422 1373 4492 Jupiter
1424 4423 1651 4478 Ammon
1707 4428 1758 4479 in

1868 3313 1977 3357 eos
2047 3297 2318 3375 perdidit
2377 3299 2443 3358 in
2513 3300 2667 3359 mari
2745 3302 2933 3363 rubro
2976 3300 3120 3381 (12).
3161 3326 3188 3357 η
3248 3304 3427 3365 Unde

1866 3396 2260 3458 Hammundo
2294 3398 2412 3477 (13)
2458 3398 2656 3459 visum
2706 3407 2816 3471 est,
2863 3402 3031 3479 apud
3088 3402 3428 3465 Palladium

1866 3515 1982 3577 pro
2031 3507 2364 3577 κηποτάφιον
2411 3498 2744 3575 legendum
2783 3518 2917 3561 esse
2952 3512 3263 3578 κενοτάφιον
3292 3504 3331 3564 i.
3367 3521 3425 3567 e.

1866 3596 2270 3675 sepulchrum
2323 3615 2606 3659 vacuum.
2660 3599 2767 3659 Cui
2834 3587 3088 3662 Palladii
3133 3604 3427 3679 narratio,

1867 3696 2205 3757 daemones
2273 3696 2519 3769 dixisse,
2567 3700 2643 3758 ab
2698 3699 2849 3775 ipsis
2910 3716 3125 3778 magos
3181 3702 3266 3764 ibi
3324 3721 3426 3765 se-

1869 3796 2076 3874 pultos
2118 3814 2274 3869 esse,
2306 3805 2613 3876 repugnat
2648 3798 2792 3877 (14).
2832 3800 3243 3878 Sepulchrum
3279 3822 3427 3867 vero

1869 3898 1931 3957 in
2002 3897 2184 3958 horto
2244 3898 2569 3959 arboribus
2631 3900 2895 3973 consito,
2943 3902 3157 3980 quales
3206 3906 3426 3965 etiam-

1868 3996 1975 4066 95
2025 4014 2192 4059 nunc
2250 3997 2653 4077 pulcherrimi
2704 3998 2768 4059 in
2827 4001 3084 4063 Oasibus
3138 4004 3425 4082 plantan-

1876 4158 2033 4221 tate,
2075 4157 2153 4220 ιο,
2186 4156 2247 4210 T.
2282 4158 2327 4211 Il
2362 4175 2415 4228 p.
2450 4160 2537 4211 η.

1936 4248 2044 4310 (10)
2072 4246 2191 4300 Nat.
2216 4248 2358 4303 Hist.
2385 4249 2551 4313 XXX,
2586 4251 2640 4312 2,
2669 4250 2756 4305 ed.
2787 4251 3220 4326 deGrandsagne
3249 4257 3425 4314 Paris.

1865 4339 2000 4393 1829
2042 4339 2103 4391 T.
2135 4337 2319 4407 Vlllp.
2353 4339 2477 4393 288.
2502 4342 2585 4394 Cf.
2632 4352 2788 4397 notas
2810 4345 2882 4397 ibi
2904 4346 2971 4398 ad
3012 4347 3048 4399 Ι.
3086 4348 3121 4399 l.
3164 4350 3424 4405 adiectas.

1937 4430 2045 4495 Hi)
2077 4428 2448 4485 Har-Hebraei
2504 4430 2707 4487 Chron.
2744 4434 2880 4506 Dyn.
2911 4436 2997 4491 ed.
3032 4436 3227 4493 Kirsch
3276 4440 3424 4511 Lips.

205 4514 303 4565 der
339 4512 617 4581 Iibyscben
651 4510 840 4566 Wuste
876 4530 929 4567 u.
956 4514 1095 4567 nacli
1118 4512 1521 4583 Oberaegypten
1549 4532 1601 4585 p.
1629 4515 1755 4571 205.
1795 4542 1837 4594 ι)
1870 4520 2004 4572 1788
2037 4536 2087 4588 p.
2128 4520 2214 4573 H.

278 4602 359 4669 (ι)
404 4600 488 4654 Cf.
526 4617 688 4671 supra
725 4618 775 4671 p.
813 4603 902 4657 89.

281 4692 357 4761 (5)
436 4689 493 4745 S.
534 4708 584 4744 v.
638 4691 912 4745 Macarius
962 4694 1241 4763 Aegyptius
1302 4694 1481 4768 §XXI
1529 4696 1762 4750 Coteler.

207 4783 359 4837 Eccl.
397 4779 586 4835 Graec.
638 4781 781 4836 Mon.
808 4781 873 4837 Τ.
908 4783 926 4837 l
976 4798 1030 4853 p.
1067 4783 1169 4837 537
1206 4800 1327 4855 sqq.
1376 4785 1461 4840 Cf.
1494 4784 1637 4840 infra
1668 4784 1767 4839 Ca-

209 4882 306 4943 put
338 4871 451 4926 VII.

1936 4608 2047 4676 (l2)
2080 4606 2243 4662 Henr.
2280 4606 2606 4665 Hammond.
2640 4611 2705 4666 ad
2732 4611 2778 4666 Il
2796 4612 3032 4670 Timoth.
3051 4616 3104 4681 ὅ,
3125 4617 3178 4672 8.

1935 4696 2219 4767 (13),lbid.

1936 4788 2048 4857 (14)
2110 4787 2389 4857 Magorum
2437 4790 2655 4843 nomina
2713 4792 2855 4861 apud
2915 4795 3098 4850 varios
3135 4798 3433 4867 scriptores

1865 4880 2013 4931 varie
2045 4880 2316 4948 leguntur.
2344 4878 2398 4932 In
2424 4878 2488 4932 N.
2526 4879 2591 4933 Τ.
2628 4882 2885 4951 leguntur
2945 4886 3236 4953 Ιαννῆςει
3272 4890 3431 4957 Ἰαμ-

278 4965 357 5029 (6)
401 4962 443 5015 II
503 4961 740 5017 Timoth.
770 4964 823 5028 5,
860 4962 912 5017 8.
957 4962 1038 5015 Ad
1072 4980 1232 5033 quem
1282 4966 1530 5036 Apostoli
1586 4967 1766 5020 locum
1861 4965 2048 5033 βρῆς,
2098 4975 2260 5037 atque
2290 4967 2344 5020 in
2378 4968 2511 5023 solis
2558 4969 2773 5025 duobus
2811 4972 2972 5027 codd.
3024 4974 3223 5045 legitur
3263 4979 3434 5044 Μαμ-

209 5054 589 5109 Tlieodoretus
614 5056 745 5110 haec
763 5055 984 5124 scripsit
1014 5073 1027 5109 :
1065 5056 1139 5108 Τὰ
1158 5056 1358 5124 μέντοι
1395 5059 1620 5110 τούτων
1639 5059 1770 5110 όνό-
1861 5058 1894 5119 ,με

1748 5087 1770 5099 -
1861 5056 2043 5124 βρῆς.
2099 5056 2160 5111 In
2213 5055 2471 5128 Vulgata,
2528 5060 2821 5129 Evangelio
2866 5061 3142 5118 Nicodemi
3184 5075 3238 5120 et
3286 5068 3433 5136 apud

204 5164 365 5216 ματα
402 5150 507 5199 οὐκ
532 5148 599 5200 ἐκ
637 5146 747 5215 τῆς
774 5149 931 5214 θείας
963 5148 1191 5217 γραφῆς
1211 5150 1598 5218 μεμάθηκενό
1617 5150 1769 5216 θεῖος

208 5240 575 5303 ἀπόστολος,
610 5240 733 5291 ἀλλ
752 5240 765 5256 ‘
787 5240 855 5291 ἐκ
887 5238 995 5307 τῆς
1024 5240 1289 5308 ἀγράφου
1327 5239 1441 5293 τῶν
1470 5241 1771 5294 Ἰουδαίων

208 5329 621 5393 οιδασκαλίας.
654 5328 753 5383 Ed.
785 5328 1050 5385 Noesselt.
1092 5330 1256 5385 Halae
1284 5330 1442 5395 1771,
1468 5332 1548 5397 8°,
1592 5330 1655 5385 T.
1703 5330 1769 5385 lli

209 5437 264 5489 p.
300 5420 425 5472 089.

283 5510 360 5577 (7)
405 5508 459 5561 In
498 5508 686 5563 Matth.
740 5509 951 5565 Comm.
995 5509 1177 5565 Series
1214 5508 1240 5581 ᾗ
1280 5509 1399 5563 117.
1429 5507 1580 5581 Orig.
1629 5510 1764 5580 Opp.

208 5598 298 5653 ed.
330 5598 399 5653 de
422 5599 471 5651 la
506 5598 624 5653 Rue
664 5600 840 5656 Paris.
873 5600 1009 5653 1740
1047 5601 1111 5654 Τ.
1148 5602 1209 5654 Ill
1237 5617 1288 5670 p.
1323 5601 1450 5667 916,
1473 5602 1528 5655 2.

285 5691 362 5755 (8)
410 5677 595 5745 Τι’δςί.
649 5691 971 5745 Mcnzichotti
1002 5707 1123 5762 cap.
1161 5691 1253 5747 IX.

284 5782 365 5851 (9)
406 5780 595 5852 Praep.
620 5798 812 5854 evang.
852 5782 940 5848 IX,
971 5783 1025 5847 8,
1070 5782 1155 5839 ed.
1213 5781 1512 5838 Heinicben
1560 5783 1773 5852 Lipsiae

1868 5145 2061 5203 Patres
2120 5147 2350 5203 habetur
2418 5149 2575 5203 lectio
2635 5149 2903 5205 Mambres
2954 5161 3116 5224 atque
3158 5156 3432 5211 interdum

1867 5234 2111 5290 Jamnes.
2143 5236 2198 5290 In
2239 5236 2493 5291 Peschilo
2522 5250 2786 5294 vocantur
2822 5239 3014 5296 :Jonis
3057 5253 3111 5298 et
3133 5242 3429 5310 Jambaris,

1872 5328 1925 5380 in
1980 5326 2234 5394 Talmud,
2293 5327 2607 5399 Targumim
2659 5341 2711 5386 et
2765 5334 2921 5390 libris
2981 5336 3432 5393 rabbin.:1anis

1871 5427 1922 5471 et
1951 5417 2210 5482 Jambris,
2257 5418 2495 5487 Jamnes,
2542 5421 2757 5487 Jannis,
2797 5424 3026 5489 Jannes,
3082 5426 3274 5491 Jonas,
3322 5428 3423 5482 Jo-

1872 5508 2053 5571 chaue,
2077 5508 2297 5573 Jac/me,
2326 5510 2564 5565 Jochana
2599 5524 2652 5568 et
2694 5514 2917 5580 Mamre,
2962 5515 3234 5583 Jambros,
3279 5518 3433 5574 Jam-

1875 5600 2290 5659 bros.Jambres.
2320 5603 2405 5658 Cf.
2432 5606 2664 5659 Coteler.
2709 5606 2895 5662 Patres
2930 5608 3231 5679 Apostolic.
3283 5611 3433 5665 Con-

1875 5692 2048 5745 stitut.
2084 5693 2272 5761 Apost.
2303 5693 2491 5756 Vlll,i
2556 5695 2644 5749 ed.
2677 5700 2839 5751 Antv.
2869 5699 3005 5752 i700
3037 5699 3103 5756 Τ.
3150 5700 3168 5753 l
3202 5718 3254 5771 p.
3303 5704 3433 5755 588.

1877 5784 2013 5852 Allg.
2052 5783 2342 5855 Encyclop.
2388 5800 2437 5839 v.
2473 5784 2643 5842 Ersch
2690 5806 2744 5843 u.
2778 5788 2995 5845 Gruber
3033 5808 3077 5847 s.
3114 5808 3165 5847 ν.
3207 5792 3428 5847 Jumm.
