4266 6360
832 352 896 409 91
1638 354 1738 410 SS.
1781 353 2238 410 MACARIORUM
2279 355 2594 411 AEGYPTII
2644 355 2729 409 ET
2771 354 3231 410 ALEXANDRINI
3986 354 4053 413 91

833 479 935 533 tur
965 464 1072 553 (1),
1115 471 1383 554 positum
1433 489 1708 550 saxoque
1741 472 2065 551 quadrato.
2116 490 2241 551 quo
2276 472 2390 533 ho-
2422 498 2468 550 Α
2497 480 2663 534 ctum
2693 491 2833 535 cum
2870 472 3278 533 daemonibus
3315 470 3474 545 iniit,
3509 469 3617 530 sed
3650 468 3775 541 illa,
3812 473 3879 528 ut
3906 466 4055 528 dae-

834 573 1087 633 diedum
1121 573 1418 649 Aegyptia
1455 579 1857 632 monumenta
1896 579 2206 633 exstructa
2238 588 2393 632 con-

832 671 1183 749 spiciuntur
1218 670 1325 750 (2),
1363 672 1752 731 aediﬁcatum
1787 670 1921 732 fuit.
1956 674 2082 733 Nec
2112 688 2239 732 non
2274 690 2392 749 pu-

830 773 957 843 teo,
986 771 1093 850 qui
1120 770 1249 830 fere
1297 772 1357 829 in
1388 769 1559 830 nullo
1606 770 1711 830 tali
1761 772 2021 849 Aegypti
2063 771 2394 850 sepulchro

834 869 1221 931 desideratur
1254 870 1360 948 (3),
1386 878 1667 931 ornatum
1690 870 1827 943 fuit,
1854 872 2239 949 multumque
2262 872 2395 933 auri

832 969 897 1028 in
920 977 1327 1031 monumento
1356 971 1704 1050 depositum
1736 988 1871 1031 esse
1903 970 2063 1032 fama
2091 971 2250 1031 tulit.
2277 976 2395 1050 Ap-

834 1070 1279 1148 propinquanti
1325 1088 1471 1131 vero
1520 1072 1785 1131 Macario
1836 1071 2223 1150 septuaginta
2262 1072 2394 1133 fere

833 1169 1169 1230 daemones
1240 1188 1272 1229 e
1330 1182 1735 1231 monumento
1801 1172 2031 1248 egressi
2085 1173 2394 1250 variisque

827 1264 1047 1326 formis
1103 1268 1361 1345 praediti
1404 1278 1831 1341 occurrerunt,
1888 1269 1986 1329 alii
2034 1269 2390 1343 clamantes,

830 1365 933 1425 alii
957 1366 1330 1435 exsilientes,
1360 1367 1458 1426 alii
1483 1384 1707 1440 magno
1728 1368 1976 1427 fremitu
1998 1370 2059 1428 in
2082 1386 2223 1429 eum
2247 1369 2396 1429 den-

830 1466 997 1526 tibus
1029 1468 1395 1537 stridentes;
1437 1468 1625 1527 ceteri
1658 1475 1949 1546 tanquam
1980 1470 2147 1529 corvi
2176 1470 2391 1530 volan-

831 1568 923 1622 tes
973 1563 1104 1622 eius
1150 1563 1344 1623 vultui
1384 1564 1774 1624 insultarunt.
1813 1566 2126 1625 Consimili
2187 1574 2393 1627 autem

832 1661 1019 1721 modo
1070 1663 1129 1718 S.
1200 1664 1465 1722 Antonio
1513 1664 1573 1722 in
1624 1663 1956 1741 sepulchro
2007 1667 2391 1742 pernoctanti

834 1757 1177 1819 daemones
1225 1761 1285 1820 in
1337 1760 1533 1820 forma
1575 1761 1850 1833 leonum,
1900 1780 2209 1834 ursorum,
2263 1762 2393 1825 leo—

2498 584 2718 628 mones
2746 567 3133 641 recederent,
3166 573 3389 645 sponte
3416 566 3721 647 promisit.
3767 564 4060 626 Diabolus

2494 667 2632 737 iste,
2670 667 3051 745 quiMacario
3069 675 3541 727 monumentum
3574 665 3826 727 intranti
3846 666 4060 727 stricto

2494 765 2698 841 gladio
2740 766 2979 827 obviam
3011 766 3250 827 venisse
3294 766 3355 827 in
3401 765 3659 837 duabus,
3700 772 3769 824 ut
3806 764 4058 825 monui-

2494 881 2650 936 mus,
2678 864 3003 926 I.ausiacae
3024 865 3411 926 versionibus
3431 863 3584 925 falso
3611 862 3889 931 traditur,
3917 862 4009 921 da.
4026 887 4058 905 --

2493 980 2642 1024 mon
2662 964 2956 1044 princeps
2984 982 3119 1026 esse
3140 965 3401 1038 videtur,
3426 965 3533 1043 qui
3563 969 3824 1024 testante
3853 965 3916 1022 S.
3942 968 4059 1022 An-

2492 1064 2691 1136 tonio,
2717 1065 2938 1126 ceteris
2963 1064 3370 1126 daemonibus
3393 1064 3715 1144 superatis,
3741 1064 3877 1143 ipse
3910 1088 3936 1117 α
3955 1065 4061 1123 ad-

2492 1165 2660 1225 venit
2709 1164 2989 1225 horribili
3036 1164 3255 1238 forma,
3296 1172 3364 1226 ut
3411 1173 3711 1226 terrorem
3771 1165 4055 1234 incutiat,

2494 1264 2808 1342 multaque
2851 1265 3099 1338 iactitat,
3146 1266 3251 1326 sed
3295 1266 3605 1335 mentitur,
3644 1282 3756 1325 nec
3792 1266 4058 1325 extimo:-

2494 1366 2762 1426 scendus
2790 1372 2903 1437 est,
2932 1366 3075 1444 quia
3095 1384 3206 1444 per
3222 1358 3441 1426 Christi
3465 1366 3718 1441 gratiam
3736 1382 3890 1425 vana
3912 1372 4060 1423 sunt

2496 1464 2773 1523 omnium
2792 1463 3165 1524 daemonum
3191 1464 3507 1525 molimina
3527 1460 3716 1541 »(11).
3738 1465 3860 1523 Res
3882 1480 4007 1523 veri
4022 1487 4056 1533 ›,

2495 1580 2649 1639 quas
2686 1562 2982 1622 Macarius
3019 1570 3490 1623 monumentum
3532 1564 3848 1639 ingressus
3877 1562 4058 1623 invu-

2496 1661 2619 1731 nit,
2678 1661 2899 1722 cadum
2938 1679 3200 1723 aeneum
3242 1670 3457 1724 catena
3494 1662 3693 1723 ferrea
3748 1681 3821 1723 ex
3860 1672 4058 1741 putc-o

2496 1762 2897 1837 pendentem,
2922 1762 3205 1840 malaque
3234 1762 3608 1823 intrinsecus
3636 1780 3846 1836 vacua,
3871 1781 3907 1824 a
3928 1764 4064 1823 Pal-

832 1857 1190 1933 pardorum,
1250 1866 1589 1931 taurorum,
1641 1867 2023 1937 serpentum,
2080 1862 2388 1940 aspidum,
2425 1869 2463 1920 Β
2493 1857 2655 1919 ladio
2680 1870 2795 1939 ῥόαι
2826 1868 3057 1931 vocata,
3089 1863 3331 1941 aliaque
3357 1863 3665 1924 eiusmodi
3694 1863 3759 1923 in
3790 1866 4059 1942 Aegypti

828 1959 1230 2036 scerpionum
1261 1966 1443 2037 atque
1468 1960 1757 2039 luporum
1787 1970 2212 2039 apparuerunt
2243 1963 2392 2024 den-

827 2058 1119 2135 tibusque
1149 2060 1210 2119 in
1242 2078 1380 2120 eum
1414 2062 1748 2121 striderunt
1774 2063 1877 2140 (4).
1912 2062 2251 2141 Eidemque
2274 2068 2391 2125 An-

829 2157 1001 2217 tonio
1057 2158 1118 2217 in
1168 2158 1420 2219 castello
1460 2160 1727 2237 quodam
1760 2161 2006 2238 degenti
2054 2162 2389 2225 daemones

829 2254 1170 2317 clamarunt
1205 2280 1213 2316 ;
1250 2282 1276 2311 ‹‹
1311 2260 1354 2317 Ε
1387 2260 1609 2319 nostris
1648 2263 1870 2321 recede
1910 2263 2191 2323 sedibusl
2233 2265 2385 2335 Quid

828 2355 935 2414 tibi
967 2374 1105 2416 cum
1139 2358 1389 2418 eremo?
1435 2362 1685 2420 Nostras
1728 2378 2046 2440 nunquam
2091 2363 2253 2424 feres
2287 2364 2385 2424 in-

825 2455 1011 2515 sidias
1038 2481 1063 2510 »
1094 2456 1195 2536 (5).
1239 2459 1463 2518 lisdetn
1498 2459 1627 2521 fere
1674 2462 1875 2522 verbis
1912 2461 2248 2523 daemones
2289 2464 2388 2525 isti

826 2553 1153 2613 Macarium
1185 2555 1666 2616 Alexandrinum
1687 2566 2087 2635 exceperunt.
2113 2562 2385 2631 Quorum

824 2652 1077 2729 quidem
1108 2671 1236 2725 eos,
1273 2656 1379 2733 qui
1404 2655 1711 2727 voiabant,
1738 2675 1877 2720 cum
1908 2660 2127 2731 corvis,
2162 2663 2386 2736 quibus

824 2753 925 2813 illa
969 2772 1212 2816 eremus
1261 2756 1597 2818 hodiedum
1636 2759 1905 2819 abundat
1937 2758 2038 2837 (6),
2089 2760 2386 2820 Macarius

823 2861 1162 2929 comparat.
1218 2859 1411 2931 Atque
1468 2873 1793 2916 corvorum
1848 2857 2088 2934 species
2128 2858 2381 2919 daemo-

824 2952 1005 3011 nibus
1027 2951 1189 3013 haud
1216 2972 1351 3015 raro
1386 2956 1739 3016 tribuuntur
1772 2956 1877 3034 (7).
1908 2956 2245 3034 Sepulchra
2282 2958 2385 3018 de-

824 3052 1011 3128 nique
1036 3061 1562 3132 monumentaque
1580 3055 1688 3124 96
1710 3056 1899 3115 eremi
1921 3073 1952 3115 a
1976 3057 2382 3117 daemonibus

821 3150 1151 3211 inhabitari
1180 3170 1523 3232 eorumque
1563 3156 1623 3215 in
1666 3162 1969 3232 potestate
1997 3154 2234 3227 haberi,
2284 3158 2378 3215 Si-
2409 3191 2450 3247 ρ

820 3248 953 3309 vrah
986 3251 1154 3311 Oasis
1185 3252 1423 3314 incolae
1454 3255 1805 3315 etiamnunc
1836 3254 2092 3314 credunt
2124 3254 2228 3333 (8).
2268 3256 2379 3315 Mi-

824 3367 959 3408 rum
987 3358 1099 3421 est,
1132 3353 1298 3429 quod
1331 3356 1625 3414 Macarius
1664 3354 2093 3427 daemonibus,
2130 3356 2380 3431 cognito

822 3458 1227 3513 monumento
1255 3470 1321 3512 se
1345 3471 1729 3515 recessurum
1753 3474 1911 3525 esse,
1936 3458 2053 3515 ﬁde
2083 3457 2219 3516 data
2240 3473 2382 3534 pro-

822 3550 1007 3609 misit.
1044 3552 1193 3610 Nam
1224 3552 1560 3614 daemones
1594 3557 1849 3613 omnino
1883 3572 2007 3615 non
2037 3555 2378 3615 audiendos

822 3666 956 3709 esse
980 3651 1038 3707 S.
1065 3653 1362 3711 Antonius
1380 3653 1587 3713 docuit.
1610 3653 1709 3729 (9'.
1740 3656 1802 3711 ln
1826 3655 2076 3731 antiqua
2100 3655 2378 3713 versione

820 3750 1120 3809 Macarius
1146 3751 1295 3811 haec
1319 3759 1553 3812 tantum
1574 3754 1751 3812 verba
1786 3773 1797 3812 :
1837 3777 1862 3807 «
1892 3754 2144 3831 Oportet
2166 3771 2264 3813 me
2292 3755 2380 3813 in-

819 3851 991 3925 gredi
1007 3858 1066 3908 et
1080 3851 1285 3911 videre
1306 3853 1757 3930 nrespondisse,
1776 3853 2235 3931 daemonesque
2253 3870 2377 3913 non

820 3966 1041 4010 curans
1080 3951 1338 4011 intrasse
1386 3952 1745 4031 perhibetur
1774 3953 1915 4031 (10).
1950 3954 2125 4024 Quod
2171 3960 2378 4014 tamen

789 4049 1011 4108 'textui
1042 4050 1350 4122 codicum,
1386 4052 1725 4112 editionum
1751 4059 2220 4131 ceterarumque
2250 4071 2382 4112 ver—

816 4147 1065 4209 sionum
1107 4157 1431 4229 repugnat.
1473 4152 1689 4228 Neque
1731 4152 2028 4212 Macarius
2072 4170 2215 4213 vere
2264 4168 2376 4232 pa-

2492 1960 2837 2039 sepulchris
2866 1960 3202 2022 hodiedum
3237 1963 3523 2034 inveniri,
3573 1982 3699 2024 non
3740 1972 3832 2024 est
3880 1966 4058 2043 quod

2491 2060 2771 2138 pluribus
2794 2061 3013 2122 dicam.
3038 2066 3120 2123 Ac
3140 2061 3305 2122 fraus
3338 2063 3439 2123 illa
3465 2062 3717 2136 diaboli,
3743 2064 3848 2142 qui
3870 2082 4062 2125 arun-

2490 2162 2667 2223 dines
2728 2164 2887 2240 signi
2928 2181 3115 2225 causa
3159 2163 3225 2223 in
3274 2164 3367 2223 via
3415 2164 3645 2241 positas
3692 2164 4057 2241 collegerat,

2490 2264 2787 2341 virgoque
2834 2262 3066 2323 munda
3110 2269 3278 2323 veste
3324 2262 3563 2334 induta,
3618 2280 3777 2341 quae
3831 2281 4057 2325 urnam

2488 2376 2647 2437 aqua
2691 2360 3018 2420 stillantem
3065 2359 3128 2420 in
3160 2360 3361 2439 capite
3402 2366 3647 2437 gestans
3674 2360 3914 2422 fessum
3949 2382 4056 2423 se-

2490 2474 2633 2517 nem
2666 2464 2787 2518 tres
2821 2458 2952 2519 dies
2995 2458 3391 2537 provocabat,
3435 2474 3583 2535 grex
3625 2459 3899 2538 denique
3933 2460 4056 2522 bu-

2488 2558 2794 2629 balorum,
2818 2559 2925 2637 qui
2947 2558 3044 2617 siti
3066 2574 3435 2637 oppressum
3458 2558 3728 2629 nutrivit,
3760 2559 4057 2623 virtutem

2489 2664 2549 2718 et
2593 2659 2999 2719 constantiam
3030 2658 3274 2719 Macarii
3316 2658 3685 2736 divinaeque
3727 2660 3957 2735 gratiae
4001 2662 4057 2720 ei

2487 2757 2838 2835 impertitae
2884 2756 3373 2835 magnitudinem
3428 2757 3783 2817 ostendunt.
3834 2758 4058 2818 Bubali

2494 2866 2699 2916 autem
2732 2858 2964 2918 circum
2997 2855 3223 2917 Nitriae
3263 2855 3522 2934 paludes
3549 2853 3891 2916 hodiedum
3924 2876 4058 2917 crc-

2486 2956 2739 3016 berrimi
2770 2965 2914 3016 sunt
2946 2955 3098 3035 (12).
3130 2953 3408 3015 Narratio
3439 2971 3582 3014 vero
3619 2954 3758 3013 libri
3789 2956 4054 3015 secundi

2486 3054 2563 3113 de
2600 3054 2819 3114 eodem
2866 3060 3273 3113 monumento
3301 3070 3335 3112 a
3378 3054 3641 3113 Macario
3682 3053 3813 3113 viso
3858 3052 4050 3126 fama,

2484 3158 2552 3213 ut
2584 3149 2928 3224 docuimus,
2963 3152 3137 3213 valde
3166 3154 3497 3231 depravata
3545 3150 3801 3212 Palladii
3833 3170 4053 3213 narra-

2489 3254 2643 3313 tioni
2675 3253 3101 3332 posthabenda
3131 3259 3244 3313 est.
3277 3256 3474 3330 Atque
3507 3251 3691 3311 istum
3725 3269 4053 3328 magorum

2488 3352 2738 3413 hortum
2768 3353 3051 3414 manibus
3081 3351 3185 3422 97
3233 3352 3675 3430 Aegyptiorum
3722 3352 4051 3429 iussuque,

2486 3461 2555 3514 ut
2585 3454 2846 3525 videtur,
2871 3453 3207 3513 Pharaonis
3227 3453 3591 3513 adornatum
3621 3451 3833 3524 fuisse,
3860 3471 3896 3513 a
3921 3454 4057 3514 Pal-

2486 3546 2652 3611 ladio
2684 3549 2849 3609 haud
2881 3550 3143 3609 obscure
3173 3549 3507 3622 indicatur;
3541 3567 3733 3627 quare
3753 3551 3830 3611 ab
3854 3549 4056 3611 hortis

2484 3649 2761 3730 magicis,
2776 3649 2879 3727 qui
2899 3648 3058 3708 haud
3078 3665 3213 3708 raro
3229 3648 3537 3726 leguntur,
3551 3649 3654 3710 ille
3668 3647 4056 3728 distinguen-

2487 3755 2601 3815 dus
2622 3768 2758 3814 esse
2793 3748 3028 3808 videtur
3052 3747 3197 3826 (13).
3222 3750 3340 3810 Sed
3372 3750 3447 3809 ad
3479 3756 3683 3810 cetera
3704 3752 4049 3812 veniamus.

2562 3854 2858 3914 Macarius
2897 3850 3197 3926 aspidem,
3242 3867 3275 3909 a
3321 3867 3444 3927 qua
3490 3850 3553 3909 in
3594 3858 3783 3929 puteo
3824 3851 3901 3911 ad
3946 3871 4049 3910 ro-

2484 3954 2787 4015 creandos
2815 3955 3031 4015 fratres
3062 3949 3356 4011 fodiendo
3381 3951 3796 4021 mordebatur,
3831 3952 3979 4013 inde
4016 3973 4051 4014 ει

2484 4053 2765 4113 faucibus
2796 4071 3049 4131 prorsus
3080 4051 3426 4133 discerpsit.
3479 4052 3663 4135 Isque
3712 4068 3845 4111 mos
3878 4055 4047 4129 apud

2484 4152 2859 4215 Mamelucos
2881 4152 3215 4215 hodiedum
3236 4156 3522 4229 obtinuit,
3540 4157 3648 4236 qui
3662 4158 4048 4235 ascorpiouc

816 4440 873 4497 In
900 4442 1087 4496 codice
1110 4443 1524 4496 membranaceo
1560 4439 1698 4494 Vind
1717 4440 1809 4494 ob.
1865 4440 2009 4509 magi
2055 4440 2241 4494 vocari
2284 4439 2368 4493 vi-
2402 4431 2444 4486 D
2478 4438 2538 4496 Ρ.
2570 4442 2612 4495 ll
2647 4461 2697 4513 p.
2729 4444 2835 4500 640
2860 4460 2976 4515 sqq.

814 4534 1010 4587 dentur
1047 4554 1056 4586 :
1096 4533 1315 4598 Ἰαννῆς
1354 4534 1453 4583 καὶ
1490 4530 1793 4599 Ἰαμβρῆς,
1844 4532 1898 4584 in
1929 4532 2120 4584 codice
2154 4532 2371 4585 charta-

813 4634 937 4678 taco
968 4634 1232 4677 vocantur
1268 4623 1466 4690 Ἰαννῆ
1496 4623 1590 4675 καὶ
1639 4619 1904 4690 Ἰαμβρῆ.
1954 4621 2027 4673 De
2062 4622 2169 4674 illis
2201 4622 2375 4690 magis

813 4730 953 4781 quae
986 4716 1088 4767 viri
1147 4715 1289 4767 docti
1328 4714 1696 4782 disputarunt,
1737 4714 1951 4782 collegit
1998 4710 2279 4766 Fabricius
2318 4713 2373 4765 in

814 4805 987 4858 libro:
1014 4804 1150 4857 Cod.
1178 4803 1566 4873 Pseudoepigr.
1602 4804 1663 4857 V.
1694 4802 1759 4858 T.
1802 4802 1993 4857 ilamb.
2022 4804 2158 4857 1722
2190 4820 2241 4873 p.
2270 4804 2374 4857 813

813 4911 931 4963 sqq.
961 4894 1031 4947 De
1074 4895 1265 4948 iisdem
1308 4897 1529 4963 scripsit
1571 4892 1850 4962 Zentgraf.
1886 4913 1898 4947 :
1938 4894 2088 4962 Disp.
2136 4894 2267 4948 hist.
2307 4895 2374 4949 de

811 4986 1001 5040 Jamnc
1034 4994 1087 5040 et
1118 4985 1333 5040 Jambre
1361 4983 1731 5040 celeberrimis
1760 4986 2156 5054 Aegyptiorum
2197 4986 2372 5055 magis

813 5076 1036 5133 Witteb.
1066 5078 1302 5139 1669,1'.
1328 5077 1374 5131 J.
1409 5077 1474 5132 G.
1518 5075 1795 5130 Michaelis
1821 5095 1833 5129 :
1858 5076 2003 5130 Diss.
2037 5074 2296 5131 deJanne
2313 5084 2368 5130 et

809 5168 1027 5224 Jambre
1048 5169 1268 5223 famosis
1289 5170 1669 5240 Aegyptiorum
1709 5171 1882 5239 magis
1915 5169 2081 5222 Halae
2106 5168 2263 5232 17b7,
2286 5171 2358 5225 ιο.

882 5260 957 5330 (1)
999 5258 1240 5314 Minutoli
1270 5259 1427 5314 Reise
1465 5277 1586 5314 zum
1617 5257 1837 5330 Tempel
1866 5262 1961 5315 des
1994 5258 2205 5329 Jupiter
2249 5261 2370 5312 Am-

810 5368 934 5407 mon
965 5353 1016 5405 in
1049 5354 1144 5406 der
1175 5353 1449 5423 libysclten
1486 5350 1672 5406 Wt'tste
1698 5370 1751 5406 u.
1787 5353 1923 5405 nach
1965 5350 2371 5421 Oberaegypten

811 5460 865 5513 p.
898 5443 1020 5496 173.
1051 5442 1132 5495 Cf.
1168 5438 1316 5512 Sulp.
1347 5441 1470 5496 Sev.
1499 5443 1633 5494 Dial.
1669 5442 1825 5509 lcap.
1858 5440 1921 5494 13
1946 5438 2193 5494 Galland.
2231 5439 2367 5492 Bibl.

810 5533 913 5588 PP.
939 5534 1002 5589 Τ.
1032 5531 1143 5586 Vill
1172 5550 1220 5601 p.
1257 5535 1377 5595 406,
1406 5534 1460 5599 2,
1490 5531 1661 5603 Migne
1693 5533 1898 5585 Patrol.
1923 5531 1986 5585 Τ.
2019 5530 2115 5584 XX
2160 5547 2213 5595 ι).
2242 5530 2366 5585 192.

880 5624 954 5691 (9.)
998 5623 1238 5676 Minutoli
1272 5624 1306 5676 1.
1334 5624 1369 5676 l.
1402 5639 1453 5691 p.
1482 5624 1568 5677 61.

880 5715 957 5783 (ω
998 5714 1129 5767 tum.
1167 5731 1218 5782 p.
1249 5714 1336 5768 tt.
1368 5716 1457 5768 δι.

879 5807 957 5875 (1)
1000 5804 1105 5859 Viti
1152 5805 1210 5859 8.
1242 5806 1454 5862 Antonii
1492 5818 1610 5875 cap.
1642 5801 1695 5869 .9,
1731 5802 1787 5855 8.
1829 5802 2023 5858 Athan.
2050 5802 2182 5873 Opp.
2214 5798 2277 5857 Τ.
2323 5800 2361 5855 1.

2555 4533 2630 4599 (5)
2674 4533 2806 4587 Ibid.
2843 4552 2963 4603 cap.
2994 4534 3055 4588 13
3084 4550 3134 4601 p.
3165 4534 3286 4587 642.

2551 4624 2627 4693 (6)
2668 4624 2915 4679 Minutoli
2948 4627 2981 4679 Ι.
3010 4626 3044 4678 1.
3082 4642 3132 4694 p.
3166 4625 3287 4679 186.

2547 4716 2624 4784 (7)
2664 4715 2748 4768 Cf.
2787 4716 2845 4769 8.
2877 4712 3097 4770 Hieron.
3142 4718 3471 4773 Commentt.
3510 4718 3561 4770 in
3591 4717 3683 4771 lib.
3710 4714 3810 4771 Job
3848 4719 3901 4773 in
3935 4721 4043 4775 line

2474 4818 2594 4872 cap.
2623 4805 2711 4857 38.
2740 4803 2943 4857 Grimm
2970 4805 3237 4861 Deutsche
3263 4806 3584 4877 Mythulogie
3621 4807 3718 4861 Ed.
3746 4808 3790 4861 ll
3823 4824 3877 4879 p.
3905 4810 4034 4865 949.

2548 4896 2624 4963 (8)
2666 4896 2905 4949 Minutoli
2937 4898 2972 4949 1.
3008 4898 3041 4949 1.
3072 4914 3119 4966 p.
3158 4899 3247 4951 82.

2546 4985 2620 5055 (9)
2660 4985 2780 5039 Vita
2824 4986 2880 5042 8.
2924 4988 3144 5041 Antonii
3174 5004 3291 5058 cap.
3327 4989 3413 5044 24.
3447 4990 3535 5045 25.
3586 4989 3645 5045 8.
3668 4990 3863 5045 Athan.
3894 4990 4036 5064 Opp.

2474 5072 2512 5130 l.
2538 5074 2572 5127 l.
2608 5090 2659 5143 p.
2688 5075 2791 5128 650
2814 5090 2932 5144 sqq.

2544 5164 2653 5236 (10)
2689 5164 2800 5219 νγ.
2832 5164 2935 5218 ΡΡ.
2966 5164 3147 5219 Rosw.
3180 5181 3231 5235 p.
3260 5166 3384 5227 992,
3423 5168 3473 5221 1.

2543 5255 2790 5326 (11)Vita
2824 5257 2881 5311 S.
2909 5260 3129 5312 Antonii
3160 5274 3279 5328 cap.
3306 5258 3376 5311 24
3406 5262 3440 5315 Ι.
3469 5261 3503 5313 Ι.
3529 5273 3580 5329 p.
3611 5260 3734 5314 650.

2548 5348 2661 5419 (12)
2703 5349 2947 5403 Minutoli
2995 5350 3031 5405 1.
3074 5353 3113 5404 l.
3160 5367 3211 5421 p.
3266 5351 3388 5406 206.
3443 5351 3526 5404 Cf.
3580 5352 3719 5407 Hist.
3741 5351 3902 5409 Laus.
3942 5357 4030 5409 ed.

2470 5437 2669 5495 Meurs.
2705 5456 2824 5509 cap.
2853 5442 2942 5495 51.

2542 5532 2652 5599 (13)
2674 5531 2779 5586 Eos
2800 5548 2903 5585 non
2927 5541 3179 5588 accurate
3194 5533 3525 5601 distinguere
3539 5534 4031 5590 videturDuentu-r

2470 5623 2522 5674 in
2585 5621 2723 5672 libro
2768 5641 2779 5673 :
2838 5618 2929 5677 Die
2979 5620 3117 5693 Sage
3173 5637 3299 5677 von.
3355 5621 3446 5678 Dr.
3504 5621 3780 5681 Iohannes
3836 5624 4024 5681 Faust.

2471 5728 2519 5781 ρ,
2564 5713 2678 5765 102.
