4266 6360
160 361 225 414 93
1657 354 1845 410 VITAI

1703 354 1879 410 ITAE.
3320 361 3388 418 94

161 478 393 557 puncti,
452 483 522 537 ut
578 473 818 538 vulneri
877 476 1266 550 medeantur,
1322 475 1718 555 scorpionem
1749 481 1794 535 Α
1822 475 2011 537 fuisse
2047 476 2152 556 (7).
2188 477 2538 557 Iisoemque
2576 490 2708 539 tere
2736 478 2962 551 verbis,
3002 478 3230 558 quibus
3257 480 3385 540 Ma-

158 577 358 656 ipsum
418 594 611 656 super
665 596 888 641 recens
956 577 1182 639 vulnus
1229 582 1561 639 conterunt
1608 574 1716 652 (1).

160 676 605 756 Scorpionibus
633 686 841 741 autem
862 696 1108 741 eremus
1137 678 1241 739 illa
1280 677 1554 739 abundat
1614 677 1718 757 (2).

238 779 283 838 E
310 778 510 839 tribus
541 778 739 852 cellis,
792 797 949 858 quas
984 780 1049 839 in
1080 780 1376 841 interiore
1414 786 1581 841 vasta
1615 798 1720 841 50-

159 875 438 952 litudine,
473 878 540 939 in
573 878 776 939 Celliis
809 885 869 939 et
905 879 971 939 in
1016 886 1228 940 monte
1258 879 1487 941 Nitriae
1517 882 1721 941 Maca-

160 977 284 1039 rius
334 978 790 1041 Alexandrinus
830 979 1070 1053 habuit,
1122 997 1271 1055 una,
1320 982 1384 1041 in
1437 998 1559 1060 qua
1615 998 1725 1059 per

161 1081 695 1160 quadragesimam
720 1082 784 1143 in
816 1083 1090 1144 tenebris
1118 1082 1394 1154 sedebat,
1427 1083 1587 1143 ostio
1617 1099 1721 1142 ca-

161 1182 302 1243 ruit.
335 1181 537 1243 Cellae
564 1182 731 1243 enim
764 1183 1286 1244 monasteriorum
1312 1181 1479 1243 illius
1516 1181 1723 1259 regio-

160 1283 254 1343 nis
282 1281 571 1343 fenestris
600 1280 787 1344 hodie
817 1299 1073 1362 quoque
1108 1290 1342 1356 carent,
1400 1284 1485 1345 ita
1514 1288 1582 1345 ut
1621 1283 1726 1344 lux

161 1388 396 1443 tantum
430 1400 545 1461 per
572 1382 803 1443 ostium
847 1382 1034 1443 intret
1089 1381 1194 1459 (3).
1224 1384 1503 1461 Eamque
1531 1384 1728 1443 Maca-

162 1482 236 1543 rii
273 1482 562 1544 cellulam
592 1483 657 1543 in
690 1482 987 1543 interiore
1011 1488 1175 1543 vasta
1196 1482 1530 1543 solitudine
1551 1482 1726 1542 sitam

161 1581 351 1643 fuisse
397 1581 731 1643 verisimile
782 1588 896 1642 est.
943 1582 1145 1643 Altera
1174 1589 1381 1643 autem
1408 1581 1473 1642 in
1500 1581 1724 1655 Celliis,

161 1689 229 1744 ut
265 1681 529 1755 videtur,
562 1682 677 1743 sita
716 1682 1149 1758 angustissima
1187 1681 1324 1755 fuit,
1363 1681 1430 1742 in
1476 1698 1597 1760 qua
1622 1680 1728 1742 ille

1823 577 2057 638 carium
2086 576 2480 649 Pachomius,
2530 577 2866 657 aliquando
2896 579 3227 641 Palaemon
3271 581 3388 640 Pa-

1823 675 2141 739 cliomium
2180 676 2285 757 (8),
2360 680 2420 738 S.
2479 681 2781 742 Antonius
2834 680 3093 741 Paulum
3148 679 3387 759 simpli-

1823 795 1959 839 cem
1993 777 2071 857 (9)
2103 780 2481 857 repulerant.
2528 780 2899 842 Pachomius
2940 781 3005 840 in
3032 779 3136 840 illa
3175 797 3390 841 narra-

1822 879 1994 942 tione
2050 881 2335 958 spiritum
2384 882 2751 961 prophetiae
2797 880 3090 943 habuisse
3145 880 3391 953 dicitur,

1824 980 1994 1058 quod
2013 988 2073 1041 et
2095 980 2157 1041 in
2170 982 2289 1042 vita
2311 983 2445 1043 eius
2476 982 2943 1061 quodammodo
2956 982 3221 1044 traditur
3239 978 3392 1060 (10).

1822 1084 1907 1142 Ac
1929 1082 2219 1143 monachi
2248 1085 2606 1145 monasterii
2637 1084 2803 1145 illius
2822 1100 3028 1145 ramos
3047 1080 3398 1162 palmarum

1824 1186 2118 1256 tractant,
2152 1183 2323 1261 quod
2351 1184 2416 1244 in
2448 1185 2838 1245 monasteriis
2864 1185 2925 1244 S.
2955 1183 3208 1245 Antonii
3237 1182 3394 1244 alio-

1824 1300 2092 1361 rumque
2115 1301 2331 1345 senum
2356 1284 2488 1345 ﬁeri
2510 1284 2747 1346 solebat
2772 1284 2917 1364 (11).
2949 1289 3147 1363 Atque
3168 1284 3234 1343 in
3253 1284 3400 1343 Ter-

1826 1382 2045 1457 raneh,
2088 1400 2248 1461 quae
2280 1392 2373 1445 est
2412 1386 2561 1445 urbs
2611 1401 2811 1463 prope
2846 1385 3101 1445 Nitriam
3141 1384 3281 1456 sita,
3320 1370 3399 1443 ex

1826 1480 2039 1556 iunco,
2072 1483 2181 1560 qui
2219 1482 2284 1541 in
2320 1482 2452 1561 ejus
2475 1482 2804 1561 paludibus
2833 1481 3249 1543 creberrimus
3279 1487 3395 1554 est,

1826 1588 2065 1661 tapetes
2092 1583 2508 1644 venustissimi
2536 1584 2741 1644 adhuc
2776 1591 3071 1643 texuntur
3091 1581 3235 1659 (12).

1906 1683 2302 1761 Propositum
2352 1682 2621 1755 Macarii,
2672 1682 2952 1761 quinque
2998 1681 3219 1742 diebus
3256 1698 3400 1742 cum

163 1800 241 1843 ne
276 1782 503 1862 pedem
534 1782 790 1861 quidem
824 1782 1164 1843 extendere
1203 1787 1467 1862 poterat.
1508 1782 1725 1860 Cujus-
1760 1816 1801 1871 Β
1830 1782 1965 1843 solo
1990 1783 2117 1843 Deo
2150 1782 2558 1843 conversandi
2584 1788 2905 1859 totamque
2926 1788 3200 1842 mentem
3224 1782 3289 1841 in
3322 1797 3401 1841 eo

163 1885 333 1947 modi
364 1884 536 1946 cellis
564 1885 665 1945 alii
706 1901 958 1963 quoque
998 1901 1180 1945 senes
1207 1885 1303 1945 usi
1332 1902 1468 1947 esse
1502 1884 1726 1946 dicun-
1830 1883 1966 1944 solo
2008 1883 2343 1961 deﬁgendi,
2390 1883 2573 1944 tertio
2620 1882 2719 1943 die
2758 1882 3049 1955 daemon,
3109 1882 3174 1942 in
3216 1882 3394 1942 ﬂam-

164 1994 265 2049 tur
313 1986 422 2066 (4).
465 1988 535 2047 In
584 1986 764 2047 tertia
800 1985 1074 2065 denique
1108 1986 1285 2058 cella,
1327 1986 1569 2048 duabus
1606 1987 1731 2047 illis
1830 2000 1993 2044 mam
2025 1983 2187 2059 ignis
2221 1999 2580 2055 conversus,
2622 1982 2861 2043 irritum
2901 1981 3067 2042 fecit.
3113 1980 3227 2053 Qui
3266 1990 3399 2042 sto-

165 2086 489 2166 ampliore,
512 2088 811 2148 Macarius
832 2086 1236 2149 adventantes
1266 2088 1533 2168 excepit,
1561 2088 1730 2167 quod
1833 2100 2029 2155 ream,
2056 2083 2118 2143 in
2144 2101 2265 2161 qua
2286 2100 2478 2144 senex
2502 2083 2719 2154 stabat,
2744 2084 3104 2155 combussit,
3129 2100 3402 2160 eumque

164 2187 229 2247 in
251 2186 471 2247 cellam
495 2185 723 2247 Nitriae
746 2186 999 2257 montis,
1026 2203 1215 2265 quem
1243 2185 1495 2265 plurimi
1519 2193 1580 2247 et
1602 2204 1734 2248 mo-
1829 2183 2037 2263 ipsum
2069 2184 2331 2245 adurere
2373 2184 2539 2245 visus
2586 2191 2698 2245 est.
2747 2183 2924 2245 Unde
2976 2182 3144 2244 hunc
3192 2184 3402 2260 ignem

167 2286 352 2349 nachi
380 2295 441 2348 et
461 2287 773 2367 peregrini
803 2287 1002 2349 visere
1032 2288 1339 2363 solebant,
1371 2290 1607 2369 optime
1637 2308 1736 2352 ca—
1833 2302 1963 2347 non
1985 2285 2353 2365 phantasma
2373 2286 2695 2347 daemonis
2714 2286 2926 2359 fuisse,
2956 2285 3065 2346 sed
3092 2284 3215 2344 vim
3237 2301 3407 2345 com—

166 2387 276 2447 dit.
306 2388 464 2464 Erga
495 2403 677 2466 quos,
701 2387 770 2448 ‘si
802 2387 880 2448 ad
908 2387 1118 2467 ipsum
1156 2388 1557 2463 accedebant,
1603 2391 1733 2451 Ma-
1833 2384 2101 2447 burendi
2130 2384 2421 2446 habuisse
2460 2385 2819 2447 credideris.
2854 2385 3200 2445 Daemones
3231 2400 3404 2456 vero,

168 2487 403 2547 carium
450 2484 936 2548 Alexandrinum
1004 2487 1364 2551 hilariorem
1430 2491 1735 2570 Aegyptio
1837 2485 1946 2564 qui
1992 2486 2190 2547 varias
2229 2487 2488 2547 omnino
2516 2486 2786 2547 induunt
2812 2484 3213 2562 formas(l3),
3244 2483 3407 2561 ignis

166 2588 436 2649 Macario
466 2586 684 2661 fuisse,
714 2595 900 2667 atque
932 2589 1279 2650 urbanitate
1327 2590 1597 2669 quadam
1637 2592 1735 2651 iu-
1837 2588 2047 2665 specie
2078 2587 2441 2666 apparuisse
2471 2594 2657 2666 atque
2688 2586 3050 2647 incendium
3080 2585 3407 2659 excitasse,

168 2687 379 2748 niores
423 2686 501 2748 ad
539 2686 930 2767 disciplinam
968 2688 1399 2751 monachicam
1428 2690 1735 2767 allexisse,
1838 2689 1986 2750 alibi
2014 2688 2179 2749 haud
2209 2688 2391 2750 facile
2426 2688 2617 2765 leges.

170 2787 457 2847 Socrates
487 2785 700 2847 nescio
731 2785 899 2846 unde
933 2787 1177 2865 accepit
1209 2786 1314 2867 (5).
1916 2790 2027 2859 99
2057 2791 2360 2852 Sacerdos
2386 2790 2515 2863 ille,
2546 2788 2656 2868 qui
2688 2788 3004 2849 fornicans
3057 2803 3231 2848 sacra
3269 2802 3413 2865 per-

248 2886 335 2946 De
357 2886 595 2963 virgine
621 2885 1061 2948 Thessalonica
1090 2888 1374 2961 oriunda,
1410 2907 1595 2967 quam
1622 2892 1743 2951 Ma-
1843 2898 2076 2967 egerat,
2125 2907 2251 2952 non
2292 2891 2411 2952 nisi
2433 2891 2573 2951 data
2599 2889 2741 2961 ﬁde,
2782 2904 3041 2949 munera
3068 2886 3415 2947 sacerdotis

171 2994 376 3050 carius
409 2988 862 3049 Alexandrinus
896 2988 1038 3049 oleo
1075 2996 1288 3051 sancto
1330 2992 1503 3052 unxit
1534 2993 1740 3070 preei-
1844 3006 1911 3049 se
1944 3007 2073 3051 non
2104 2992 2369 3070 amplius
2397 2992 2710 3052 obiturum
2741 3005 2901 3062 esse,
2936 3005 2971 3049 a
3014 2986 3277 3048 Macario
3308 3003 3409 3047 sa-

170 3088 419 3166 busque
453 3085 668 3164 viginti
700 3085 940 3147 dierum
970 3086 1227 3159 sanavit,
1275 3102 1405 3147 non
1443 3096 1536 3148 est
1571 3087 1741 3167 quod
1773 3148 1810 3167 η
1846 3099 2047 3151 natur.
2081 3092 2320 3152 Veteris
2350 3091 2517 3152 enim
2558 3088 2858 3151 ecclesiae
2900 3086 3228 3167 disciplina
3269 3085 3412 3156 fuit,

172 3186 590 3265 disputemus.
621 3186 819 3257 Quare
848 3184 926 3247 ad
953 3185 1397 3246 monasterium
1426 3184 1745 3247 Pachomii

170 3302 206 3347 a
233 3287 357 3356 98
376 3285 642 3347 Macario
666 3285 932 3346 invisum
953 3291 1361 3346 transeamus.
1392 3285 1568 3356 Quod
1593 3303 1742 3364 per-

172 3403 403 3465 magno
442 3404 704 3448 numero
741 3386 1195 3448 monachorum
1238 3385 1548 3447 afﬂuxisse
1588 3404 1741 3447 con-

173 3494 422 3567 stanter.
454 3486 717 3547 traditur
748 3484 854 3567 (6).
903 3487 1237 3548 Macarium
1277 3486 1531 3565 quidem
1573 3494 1743 3547 veste

174 3587 450 3668 Operarii
490 3586 778 3648 indutum
829 3587 1203 3650 Pachomius
1242 3594 1485 3666 septem
1523 3586 1744 3649 diebus

172 3689 504 3750 admittere
553 3688 772 3750 noluit.
811 3689 929 3749 Ubi
977 3688 1450 3761 animadvertas,
1504 3689 1742 3751 Pacho-

172 3789 283 3850 mii
316 3788 553 3866 regula,
601 3795 671 3849 ut
716 3788 967 3850 saeculo
996 3788 1472 3851 renunciaturus
1514 3806 1747 3868 paucos

173 3896 311 3957 dies
364 3903 508 3958 ante
550 3897 799 3957 ianuam
855 3896 1213 3957 monasterii
1262 3902 1614 3957 remaneret
1650 3896 1745 3955 di-

174 4014 500 4077 gnumque
558 4014 625 4057 se
679 4013 817 4058 esse
872 3998 1250 4071 ostenderet,
1294 3996 1747 4077 praescriptum

245 4202 326 4272 (1)
370 4200 615 4255 Minutoli
652 4201 687 4254 l.
718 4202 753 4255 1.
790 4218 841 4271 p.
883 4202 971 4255 77.

247 4293 326 4362 (ε)
370 4291 505 4345 Ibid.
539 4309 592 4361 p.
628 4292 754 4347 204.

246 4386 324 4453 (3)
366 4383 736 4438 Tischendurf
760 4390 814 4437 et
846 4382 1155 4437 Wilkinson
1188 4384 1226 4437 1.
1258 4385 1295 4438 1.
1327 4401 1492 4455 supra
1525 4403 1574 4456 p.
1598 4387 1653 4441 2.

1850 3198 1917 3252 ut
1944 3192 2257 3265 sacerdos,
2315 3191 2423 3271 qui
2470 3191 2673 3252 carnis
2716 3197 3042 3269 peccatum
3091 3193 3196 3248 aut
3243 3186 3413 3250 aliud

1850 3310 2031 3371 grave
2064 3294 2298 3353 crimen
2329 3292 2742 3363 commiserat,
2767 3307 2801 3350 a
2829 3288 3172 3349 ministerio
3206 3287 3416 3353 altaris

1848 3393 2288 3473 prohiberetur
2324 3399 2384 3452 et
2438 3392 2513 3452 ad
2557 3390 2856 3451 laicorum
2903 3388 3414 3450 communionem

1850 3494 2254 3570 redigeretur.
2301 3492 2485 3553 Cuius
2523 3490 2805 3569 exempla
2854 3495 2996 3550 sunt
3041 3488 3107 3548 in
3155 3488 3415 3548 Decreto

1850 3594 2125 3655 Gratiani
2156 3591 2276 3672 (14)
2298 3599 2359 3653 et
2387 3592 2449 3653 in
2473 3590 2647 3652 libris
2677 3588 3229 3670 poenitentialibus
3261 3586 3410 3669 (15).

1847 3696 2147 3756 Macarius
2192 3694 2527 3767 infelicem,
2570 3693 2671 3754 cui
2704 3691 3161 3753 funestissimus
3207 3688 3416 3751 cancri

1848 3797 2103 3857 morbus
2136 3795 2217 3857 ob
2248 3795 2411 3856 istud
2436 3800 2763 3874 peccatum
2793 3799 2922 3854 erat
2941 3792 3233 3864 inﬂictus,
3263 3807 3416 3851 num

1849 3898 2057 3957 credat
2079 3898 2269 3957 Deum
2295 3912 2453 3967 esse,
2488 3910 2676 3973 quem
2714 3892 2869 3953 nihil
2899 3892 3085 3951 lateat
3116 3907 3231 3951 nec
3251 3888 3418 3967 quis-

1850 4015 2036 4076 quam
2061 3996 2322 4058 illudere
2354 3995 2570 4075 possit,
2595 4010 2872 4071 numque
2906 3996 3243 4068 cognoscat
3271 4006 3417 4071 peo-

1848 4207 2102 4263 absentes
2125 4208 2324 4261 vidisse
2358 4208 2547 4260 ineius
2567 4207 2672 4259 vita
2702 4203 2907 4274 cappJ
2932 4212 2982 4257 et
3011 4204 3043 4256 6
3077 4204 3114 4255 Ι.
3148 4209 3181 4254 I.
3216 4199 3412 4270 p.508,

1853 4296 1903 4349 1.
1945 4296 2070 4361 514,
2111 4298 2145 4349 2
2186 4298 2398 4365 legitur.

1922 4384 2177 4453 (t1)llist.
2200 4384 2362 4438 Laus.
2384 4384 2469 4439 ed.
2494 4383 2691 4438 Meurs.
2711 4397 2828 4449 cap.
2846 4381 2935 4434 40.
2953 4380 3042 4435 29.
3061 4380 3095 4433 2
3113 4395 3173 4433 ac
3187 4379 3413 4449 passim.

248 4476 326 4544 μ)
366 4473 603 4530 Passim.
659 4475 966 4529 Marcianus
1018 4475 1073 4528 in
1136 4476 1271 4529 cella
1328 4493 1431 4529 non
1491 4480 1752 4547 ampliore
1784 4500 1827 4554 ο
1926 4476 2039 4543 (12)
2082 4475 2329 4528 Miuutoli
2367 4476 2402 4528 l.
2441 4476 2474 4527 1.
2518 4491 2567 4543 p.
2602 4473 2720 4526 189.
2751 4472 2876 4525 202.

176 4582 413 4636 corpore
461 4582 561 4621 suo
600 4580 659 4619 se
709 4566 997 4621 inclusisse
1032 4566 1227 4636 legitur
1258 4565 1368 4630 νγ,
1411 4566 1514 4625 PP.
1562 4568 1744 4623 ltosw.

176 4658 273 4710 lib.
312 4655 382 4708 IX
411 4671 531 4724 cap.
550 4656 602 4709 5.

254 4747 332 4815 (5)
378 4746 534 4800 Socr.
582 4745 721 4800 Hist.
770 4745 917 4799 Eccl.
967 4744 1033 4798 lV
1075 4761 1196 4816 cap.
1239 4748 1307 4800 23
1345 4750 1431 4801 οιΙ.
1475 4748 1653 4801 Vales.
1697 4764 1747 4815 p.

176 4840 307 4892 254.

198 4978 201 4979 ν
253 4932 332 4999 (ti)
375 4929 516 4983 Hist.
545 4928 707 4982 Laus.
752 4927 839 4983 ed.
880 4926 1080 4981 Meurs.
1122 4942 1241 4997 cap.
1279 4929 1346 4983 '59
1377 4930 1427 4982 in
1462 4930 1585 4992 line,
1612 4929 1750 4999 Opp.

178 5020 391 5073 ιιι-1ης.
441 5020 475 5073 1.
509 5019 544 5071 1.
578 5034 630 5087 p.
668 5017 791 5070 456.
825 5015 940 5069 Vita
974 5016 1031 5069 Ξ.
1065 5016 1337 5071 Pachomii
1383 5034 1499 5089 cap.
1547 5022 1613 5081 5.
1641 5023 1751 5073 AA.

180 5111 286 5163 SS.
326 5109 463 5161 Bull.
510 5107 635 5159 Mai.
678 5106 740 5161 '1‘.
780 5105 840 5157 Ill
878 5123 932 5176 p.
975 5107 1099 5160 510.
1147 5105 1203 5160 S.
1237 5106 1455 5162 Hieron.
1488 5108 1664 5164 Praef.
1702 5113 1752 5163 in

178 5203 432 5271 regulam
480 5199 538 5253 S.
591 5198 869 5253 Pachomii
920 5197 1168 5253 llolsten.
1217 5197 1351 5252 Cod.
1394 5198 1584 5270 Regul.
1632 5201 1695 5255 T.
1734 5201 1753 5254 l

220 5338 229 5346 .
266 5292 358 5345 25.

220 5338 229 5346 .
308 5310 358 5344 υ.

177 5309 211 5362 p
253 5309 332 5455 (ξι)
377 5381 575 5451 [tegula
622 5381 679 5435 S.
729 5380 1007 5435 Pachomii
1066 5395 1186 5452 cap.
1232 5382 1300 5438 49
1351 5380 1593 5439 Holsten.
1643 5386 1678 5438 1.
1718 5387 1750 5439 1.

174 5474 492 5635 Ρσᾶῗνὶιε
523 5564 580 5617 S.
614 5562 892 5616 Pachomii
926 5578 1044 5633 cap.
1090 5564 1140 5625 1,
1165 5563 1202 5616 l.
1236 5564 1271 5617 l.
1301 5582 1353 5634 p.
1392 5563 1526 5631 297,
1562 5567 1615 5619 1.

250 5656 331 5723 (9)
377 5652 522 5707 Hist.‘
564 5653 723 5706 Laus.
766 5652 855 5707 ed.
888 5653 1087 5708 Meurs.
1130 5668 1251 5722 cap.
1283 5654 1351 5708 29
1380 5652 1516 5723 Opp.
1554 5655 1752 5710 Meurs.

171 5744 211 5799 ι.
241 5744 282 5797 ι.
312 5760 366 5813 μ.
400 5743 523 5797 tea.

249 5835 376 5907 (t0)
416 5834 767 5891 Pachomium
825 5849 912 5890 res
940 5835 1185 5891 occultas
1227 5836 1545 5906 cognovisse
1596 5848 1757 5906 atque

1928 4568 2039 4628 (15)
2083 4566 2275 4634 Specie
2306 4565 2430 4634 galli
2461 4564 2747 4635 gallinacei
2773 4562 3011 4617 adhibita
3042 4560 3289 4615 diabolus
3318 4558 3417 4611 Pa-

1853 4658 2125 4711 chomium
2154 4664 2361 4710 tentare
2386 4664 2628 4709 conatur.
2660 4653 2781 4707 Vita
2805 4652 2860 4708 S.
2894 4652 3169 4706 Pachomii
3206 4666 3330 4720 cap.
3358 4649 3415 4705 2.

1852 4749 1908 4803 ln
1951 4750 2118 4802 forma
2154 4750 2373 4818 vaporis
2418 4748 2692 4800 diabolum
2744 4760 3006 4816 apparere
3038 4744 3203 4797 tradit
3237 4742 3424 4796 Delritf

1855 4841 2091 4909 Disquis.
2129 4841 2321 4908 magic.
2349 4840 2438 4892 lib.
2474 4837 2513 4890 1|
2540 4838 2604 4903 Q.
2634 4839 2704 4892 28
2740 4836 2794 4891 S.
2818 4837 2852 4889 2
2891 4852 2944 4905 p.
2982 4835 3105 4889 502.
3147 4836 3233 4889 ecl.
3266 4834 3305 4887 l.

1932 4934 2042 5001 (14)
2073 4934 2205 4987 Can.
2234 4934 2265 4985 9
2297 4931 2430 4985 Dist.
2468 4931 2541 4986 L:
2578 4949 2596 4982 ι
2634 4931 2734 4996 Qui
2781 4931 2946 5000 igitur
2976 4936 3096 4999 post
3132 4934 3417 4997 acceptum

1856 5037 2071 5077 sacrum
2103 5020 2345 5073 ordinem
2378 5021 2561 5089 lapsus
2585 5022 2637 5072 in
2688 5030 2966 5088 peccatum
3013 5017 3194 5070 carnis
3232 5015 3416 5076 fuerit,

1855 5130 2011 5168 sacro
2038 5114 2227 5169 ordine
2277 5114 2347 5166 ita
2382 5122 2586 5176 careat,
2624 5123 2679 5166 ut
2723 5113 2785 5166 ad
2819 5111 3005 5166 altaris
3053 5111 3417 5165 ministerium

1857 5208 2087 5261 ulterius
2119 5220 2223 5259 non
2267 5207 2508 5259 accedat.
2551 5225 2567 5254 ι
2606 5203 2742 5256 Tum
2792 5205 2923 5257 ibid.
2971 5219 3094 5257 can.
3129 5202 3236 5256 10:
3269 5220 3286 5253 ι
3320 5202 3419 5256 Sin

1855 5304 2033 5350 autem
2059 5311 2179 5349 eum
2207 5294 2513 5349 fraternitas
2540 5303 2630 5348 tua
2660 5298 2818 5352 talem
2849 5294 3232 5365 poenitentiam
3262 5308 3422 5363 agere

1855 5387 2188 5455 cognoverit,
2231 5394 2289 5439 ut
2323 5387 2369 5441 ei
2408 5387 2545 5440 iuste
2577 5387 2640 5438 ad
2669 5386 3032 5453 recipiendam
3076 5386 3217 5441 inter
3252 5386 3421 5442 laicos

1856 5479 2293 5531 communionem
2324 5488 2375 5533 et
2409 5488 2535 5532 ante
2558 5482 2763 5532 exitum
2788 5479 2980 5533 debeat
3012 5480 3279 5543 misereri,
3321 5480 3422 5534 hoc

1856 5570 1909 5622 in
1946 5578 2070 5623 tuae
2114 5568 2472 5624 fraternitatis
2493 5570 2746 5638 ponimus
2782 5577 3071 5638 potestate.
3106 5590 3124 5621 ι
3160 5569 3245 5623 Cf.
3284 5569 3417 5624 ibid.

1855 5676 1977 5713 can.
2006 5660 2058 5714 8.
2096 5661 2180 5714 11.
2220 5660 2301 5713 12.

1926 5750 2035 5819 (15)
2071 5749 2188 5805 Lib.
2240 5748 2445 5804 Pnenit.
2490 5751 2758 5805 Theodori
2797 5753 3053 5813 Cantuar.
3103 5750 3327 5822 XVlll§
3372 5754 3420 5807 1.

1861 5840 1951 5896 Die
1977 5843 2161 5898 latein.
2186 5841 2751 5899 Poenitentialln‘icber
2774 5846 2869 5899 der
2889 5846 3291 5915 Angelsaclisen
3317 5860 3418 5898 von
