4266 6360
879 400 947 456 95
1691 386 1791 442 SS.
1834 382 2291 439 MACARIORUM
2345 383 2665 439 AEGYPTII
2724 383 2809 437 ΕΤ
2859 383 3328 440 ALEXANDRINI
4061 378 4127 436 98

876 514 1082 569 catum
1104 524 1308 579 suum,
1333 507 1698 583 interrogat.
1726 508 1891 577 Quae
1916 522 2109 582 quum
2132 504 2452 565 annuisset
2483 511 2526 565 A
2554 505 2653 577 rit,
2685 504 2968 566 invenire
3002 522 3128 565 non
3175 504 3374 584 potui.
3423 502 3531 563 Cui
3569 496 3928 574 Macarium,
3974 500 4122 579 quid

877 615 937 668 et
967 615 1217 687 peccata
1241 606 1564 667 confessus
1585 614 1769 677 esset,
1786 604 2005 665 morbo
2022 604 2317 664 liberatus
2330 612 2443 664 est.

876 707 1179 786 Equidem
1212 706 1307 765 his
1341 705 1585 781 Macarii
1630 704 2224 779 interrogationibus
2272 702 2446 763 ordi-

886 826 1029 867 nem
1075 807 1151 867 ad
1194 807 1457 867 dandam
1490 805 1937 883 poenitentiam
1981 811 2111 864 tum
2156 804 2447 864 usitatum

877 906 1185 966 contineri
1204 906 1595 976 crediderim;
1614 922 1753 965 nam
1768 905 1830 964 in
1847 905 2004 965 libro
2019 902 2451 981 poenitentiali

878 1008 1080 1067 Bedae
1118 1007 1462 1085 presbyteri
1489 1006 1567 1085 (1)
1601 1006 1891 1065 sacerdos
1929 1005 2236 1065 consimili
2260 1006 2449 1067 modo

880 1108 1309 1186 poenitentem
1356 1106 1648 1184 primum,
1694 1123 1841 1165 num
1875 1105 1937 1164 in
1976 1106 2168 1165 Deum
2214 1105 2445 1177 credat,

881 1208 1151 1284 denique
1176 1225 1321 1266 num
1344 1213 1596 1284 peccata
1617 1206 1731 1284 ipsi
1750 1205 1985 1265 demitti
2007 1205 2173 1273 velit,
2190 1206 2451 1265 interro-

881 1323 1025 1381 gare
1054 1305 1321 1365 iubetur.
1357 1304 1488 1363 Alio
1512 1304 1717 1363 cancri
1752 1306 1993 1376 morbo,
2021 1304 2128 1381 qui
2156 1314 2450 1381 φαγέδαινα

881 1406 1335 1475 nominabatur,
1384 1404 1733 1483 Stephanus
1768 1405 1950 1483 Libys
1985 1422 2211 1480 genere
2234 1422 2451 1483 aegro-

881 1509 1041 1563 tasse
1073 1503 1296 1579 legitur
1314 1501 1420 1578 (2).

961 1603 1045 1660 De
1068 1602 1290 1661 iuvene
1324 1601 1431 1661 illo
1462 1619 1493 1660 a
1518 1600 1822 1661 daemone
1845 1606 2086 1673 vexato,
2122 1618 2309 1679 quem
2332 1602 2454 1662 Ma-

882 1702 1084 1761 carius
1119 1702 1402 1761 manibus
1429 1702 1493 1760 in
1531 1710 1717 1779 caput
1754 1709 1813 1760 et
1843 1718 1951 1761 cor
1986 1704 2115 1778 ejus
2146 1704 2451 1780 impositis

2554 612 2856 683 portaret,
2887 605 3295 681 interroganti
3327 620 3702 682 responsum
3734 601 3945 662 datum
3978 606 4072 659 est
4109 616 4120 655 :

2552 728 2579 757 α
2614 704 2787 764 Vexo
2832 721 2999 773 eum,
3040 705 3151 781 qui
3192 720 3293 764 me
3340 709 3597 763 vexat».
3640 699 3976 761 Consimile
4024 716 4121 759 re—

2551 820 2853 881 sponsum
2883 803 3192 864 Palladius
3232 804 3310 864 ab
3339 803 3604 875 Isidoro,
3633 819 3822 880 quem
3854 808 4122 860 interro-

2551 911 2817 980 gaverat,
2842 923 2953 965 cur
2970 910 3165 965 aetate
3188 905 3523 966 admodum
3544 911 3872 982 provectus
3893 918 4121 979 corpu-

2549 1006 2791 1066 sculum
2813 1012 3186 1078 contereret,
3206 1004 3325 1065 hoc
3347 1006 3589 1084 accepit
3620 1023 3633 1065 :
3670 1027 3697 1058 σι
3724 1002 3792 1063 Id
3818 1018 3921 1063 me
3952 1002 4120 1063 occi—

2552 1104 2662 1179 dit,
2695 1122 2810 1182 ego
2841 1107 3045 1185 ipsum
3074 1106 3354 1168 occidam
3383 1105 3463 1185 (6)
3494 1129 3547 1165 ιο.

2628 1208 2729 1278 Et,
2780 1206 2932 1268 haec
2978 1206 3233 1285 quidem
3282 1214 3457 1267 erant
3499 1203 3854 1266 adnotanda
3899 1203 3976 1265 ad
4029 1219 4123 1275 ea,

2552 1323 2712 1382 quae
2744 1307 2807 1366 in
2835 1306 3157 1368 codicibus
3187 1306 3785 1368 Vindobonensibus
3817 1330 3843 1361 ‹‹
3876 1306 3963 1365 De
3995 1307 4123 1365 Ma-

2553 1404 2719 1463 cario
2742 1403 3207 1465 Alexandrino»
3238 1406 3535 1484 inscripta
3567 1405 3877 1481 leguntur.
3914 1405 4005 1465 Ad
4032 1422 4127 1465 ce-

2550 1504 2703 1575 tera,
2746 1520 2906 1580 quae
2937 1503 3052 1563 sub
3084 1502 3240 1563 falso
3271 1503 3475 1563 indice
3510 1520 3521 1562 :
3560 1527 3585 1557 α
3608 1504 3693 1563 De
3732 1506 3937 1564 Marco
3971 1526 3998 1556 ι)
4054 1519 4128 1562 ex

2551 1602 2771 1661 iisdem
2818 1601 3139 1663 codicibus
3195 1602 3568 1680 protulimus
3621 1611 3683 1663 et
3720 1602 3797 1663 ad
3852 1602 4126 1663 eundem

2552 1702 2883 1761 Macarium
2907 1701 3387 1762 Alexandrinum
3411 1708 3689 1781 spectare
3711 1701 4123 1775 ostendimus,

882 1801 1138 1870 sanavit,
1172 1818 1299 1861 non
1334 1809 1425 1860 est
1457 1801 1624 1878 quod
1656 1801 2049 1861 disseramus.
2086 1803 2305 1861 Mirum
2338 1821 2450 1863 au-
2485 1845 2527 1900 Β
2555 1797 2705 1858 haec
2738 1798 3283 1860 animadvertenda
3312 1808 3479 1860 sunt.

882 1908 1007 1957 tem
1046 1900 1129 1972 id,
1176 1899 1344 1977 quod
1378 1899 1676 1977 sequitur,
1710 1900 1978 1978 cuipiam
2008 1901 2307 1975 videatur,
2341 1921 2451 1963 cur

882 1999 1148 2057 Macario
1196 1998 1617 2059 Alexandrino
1662 2000 1724 2058 in
1766 2008 2037 2060 mentem
2070 2003 2279 2063 venire
2331 2021 2449 2081 po-

884 2097 1090 2168 tuerit,
1146 2098 1318 2157 adire
1368 2100 1629 2158 Romam
1678 2109 1983 2178 οἰκονομίας
2024 2103 2236 2177 gratia,
2280 2110 2347 2163 ut
2385 2104 2449 2164 in

882 2200 1053 2252 textu
1086 2211 1305 2269 graeco
1338 2194 1581 2272 legitur.
1616 2198 1735 2258 Sed
1767 2216 1800 2259 e
1835 2200 1895 2260 S.
1936 2202 2321 2281 Hieronymo
2352 2203 2448 2263 di-

883 2294 1136 2366 scimus,
1202 2313 1276 2357 eo
1322 2304 1628 2378 tempore,
1680 2318 1806 2379 quo
1840 2310 2007 2364 totus
2040 2306 2257 2365 Oriens
2297 2306 2452 2375 100

884 2395 1209 2455 monachis
1241 2396 1549 2471 atlluebat,
1594 2402 1829 2461 Romae
1867 2410 2053 2480 atque
2094 2406 2353 2465 omnino
2385 2406 2450 2466 in

883 2494 1217 2557 Occidente
1264 2498 1691 2559 monachicam
1740 2501 1925 2561 vitam
1974 2503 2039 2563 in
2092 2505 2306 2582 primis
2349 2506 2448 2565 in-

886 2596 1210 2656 cunabulis
1244 2597 1526 2658 iacuisse.
1559 2602 1722 2671 Quae
1751 2602 1899 2661 inde
1921 2605 1998 2663 ab
2022 2603 2451 2667 Alexandrinis

888 2691 1290 2767 presbyteris,
1344 2701 1503 2774 papa
1544 2698 1875 2759 Athanasio
1908 2718 1979 2762 ac
2024 2711 2239 2779 postea
2269 2706 2450 2766 Petro

886 2789 1021 2848 eius
1055 2808 1435 2864 successore,
1471 2794 1579 2872 qui
1618 2797 1847 2857 Romae
1885 2800 2203 2862 exulantes
2236 2806 2295 2863 S.
2325 2810 2449 2867 An-

887 2886 1043 2945 tonii
1082 2888 1267 2947 vitam
1307 2888 1717 2966 divulgarunt,
1773 2897 1971 2973 prima
2013 2900 2077 2958 in
2118 2901 2451 2965 Occidente

885 2986 1059 3047 initia
1081 2988 1268 3066 cepit.
1301 2989 1451 3049 Nam
1484 2992 1717 3052 Romae
1743 3011 1928 3055 nemo
1958 3005 2216 3077 prOpter
2232 3002 2315 3061 rei
2344 3020 2454 3063 no-

886 3086 1136 3146 vitatem
1164 3088 1651 3163 ignominiosum
1682 3092 1776 3152 vel
1796 3101 1975 3173 turpe
2012 3114 2242 3159 nomen
2273 3102 2453 3163 adsu-

2635 1897 2908 1957 Primum
2948 1897 3212 1957 similem
3253 1900 3508 1975 gratiam
3562 1897 3980 1977 perspiciendi
4013 1914 4126 1958 cu-

2555 1997 2744 2057 iusvis
2765 1998 3056 2058 monachi
3080 1999 3155 2059 ad
3177 2007 3559 2059 sacramenta
3580 1999 3932 2059 accedentis
3954 2016 4129 2057 men-

2555 2104 2681 2157 tem
2710 2099 3003 2175 Eulogius
3041 2100 3367 2177 presbyter
3400 2101 3751 2179 possedisse
3780 2100 3931 2167 101
3966 2098 4127 2174 legi-

2556 2203 2655 2257 tur
2689 2198 2794 2277 (7).
2829 2206 3092 2260 Ammon
3122 2217 3399 2279 quoque,
3424 2219 3617 2279 quum
3638 2200 4012 2261 sacriﬁcium
4042 2199 4132 2260 of-

2555 2298 2767 2371 ferret,
2796 2300 2945 2361 vidit
2965 2303 3253 2378 angelum
3275 2310 3537 2363 stantem
3564 2303 3627 2362 in
3652 2302 3863 2363 dextra
3892 2301 4127 2374 altaris,

2556 2399 2899 2479 fratresque
2912 2403 2989 2463 ad
3016 2421 3251 2464 sacram
3279 2404 3784 2465 communionem
3812 2404 4129 2465 acceden-

2556 2507 2651 2561 tes
2695 2502 2761 2561 in
2796 2502 2955 2563 libro
3003 2510 3320 2564 notantem
3354 2504 3460 2583 (8).
3500 2504 3670 2563 Alius
3710 2505 3896 2563 etiam
3935 2520 4133 2563 senex

2558 2602 2927 2663 sacriﬁcanti
2963 2605 3080 2664 sibi
3108 2622 3143 2665 a
3182 2604 3396 2665 dextra
3430 2613 3489 2666 et
3519 2622 3553 2665 a
3593 2604 3837 2665 sinistra
3867 2603 4133 2681 angelus

2558 2704 2868 2767 adstantes
2912 2708 3139 2769 vidisse
3182 2716 3463 2769 narratur
3508 2708 3612 2787 (9).
3661 2713 3744 2769 Ac
3792 2710 4132 2769 Macarium

2558 2805 2918 2881 dignitatem
2956 2807 3049 2866 vel
3078 2807 3505 2883 indignitatem
3531 2826 3771 2880 eorum,
3802 2808 3911 2885 qui
3942 2809 4021 2868 ad
4044 2808 4135 2867 al-

2558 2911 2686 2963 tare
2717 2905 3116 2980 accedebant,
3150 2908 3515 2984 cognovisse
3546 2906 3809 2984 legimus
3828 2907 3989 2966 libro
4030 2924 4133 2965 se-

2559 3004 2765 3065 cundo
2801 3004 2944 3083 (10).
3004 3006 3180 3077 Quod
3210 3007 3375 3067 idem
3422 3007 3500 3067 de
3529 3009 3731 3067 Marco
3756 3024 3905 3067 sene
3934 3008 4130 3067 Sozo-

2558 3121 2781 3164 menus
2833 3104 2952 3182 (11)
3003 3105 3232 3178 retulit,
3267 3105 3607 3167 Palladium
3636 3113 3909 3169 secutus.

887 3203 1060 3246 mere
1082 3203 1157 3247 eo
1194 3205 1395 3266 usque
1425 3206 1611 3250 ausus
1642 3200 1772 3253 erat
1798 3194 1904 3272 (3).
1938 3198 2101 3259 Haec
2142 3218 2335 3278 quum
2374 3204 2457 3265 ita
2486 3202 2528 3256 C

2446 3223 2457 3265 ι
2486 3202 2528 3256 C
2640 3203 2776 3261 Istis
2804 3210 3013 3263 autem
3044 3204 3251 3265 verbis
3300 3214 3614 3282 πολιοφάγε,
3646 3215 3800 3285 λῆρε,
3824 3217 4043 3287 φαγόγη
4056 3236 4131 3288 ρε,

888 3302 958 3345 se
1002 3284 1292 3359 habeant,
1331 3288 1583 3349 ubinam
1614 3294 1913 3355 Macarius
1942 3297 2295 3360 uberiorem
2335 3301 2453 3363 ho-

888 3386 1089 3445 mines
1132 3388 1389 3447 sanandi
1433 3397 1494 3449 et
1530 3391 1656 3452 Deo
1699 3397 2140 3459 reconciliandi
2186 3418 2453 3464 messem

886 3485 1166 3546 invenire
1199 3489 1419 3563 potuit,
1457 3508 1641 3567 quam
1672 3495 1929 3568 Romae,
1967 3498 2135 3557 unde
2168 3501 2451 3575 Ruﬁnus,

886 3581 949 3639 S.
974 3582 1415 3661 Hieronymus,
1450 3588 1731 3661 Melania,
1756 3592 2062 3667 Marcella,
2096 3597 2301 3669 Paula,
2326 3600 2451 3674 alii,

888 3690 959 3744 ut
987 3702 1207 3744 senum
1253 3686 1436 3747 vitam
1474 3701 1922 3765 cognoscerent
1954 3702 2015 3755 et
2043 3697 2452 3771 imitarentur.

884 3783 950 3843 in
973 3790 1320 3864 Aegyptum
1346 3791 1760 3852 ventitabant?
1776 3795 1973 3856 Verba
1995 3809 2300 3878 οἰκονομίας
2315 3822 2458 3880 gra-

886 3888 978 3945 tia
1000 3902 1127 3947 non
1158 3888 1234 3947 ad
1256 3889 1785 3967 dispensationem
1818 3914 2023 3957 rerum
2044 3905 2452 3980 terrestrium,

886 4002 1015 4063 quo
1047 4004 1233 4047 sensu
1268 4006 1385 4048 vox
1414 3990 1517 4050 illa
1544 3999 1634 4051 est
1668 3993 1729 4053 in
1746 3995 1997 4056 Palladii
2021 4001 2222 4077 capite
2255 4003 2329 4063 de
2354 4005 2457 4064 Se-

887 4085 1169 4163 rapione,
1223 4104 1371 4147 sene
1422 4091 1695 4165 regionis
1722 4097 2059 4157 Arsenoitis
2100 4099 2204 4177 (4),
2238 4102 2345 4162 sed
2378 4104 2454 4163 ad

887 4183 1418 4261 dispensationem
1447 4188 1761 4262 virtutum,
1807 4209 1961 4269 quas
1995 4212 2027 4253 a
2056 4196 2294 4258 Christo
2326 4202 2453 4261 Ma-

886 4282 1090 4342 carius
1118 4291 1465 4360 acceperat,
1499 4286 1837 4346 retulerim.
1870 4289 2038 4349 Sicut
2068 4310 2212 4353 vero
2246 4297 2449 4355 Maca-

887 4378 1015 4437 rius
1052 4395 1238 4439 arena
1264 4378 1540 4441 humeris
1571 4382 1860 4460 imposita
1896 4387 2303 4463 cogitationes
2339 4408 2452 4451 xe-

2558 3302 2787 3380 quibus
2825 3304 3149 3376 Macarius,
3200 3306 3477 3382 quumin
3504 3314 3779 3367 extrema
3807 3318 4135 3370 senectute

2556 3404 2621 3462 in
2653 3402 2809 3463 cella
2837 3403 3101 3476 sederet,
3136 3422 3202 3464 se
3239 3406 3374 3483 ipse
3402 3407 3733 3485 increpuit,
3764 3409 3825 3467 S.
3859 3412 4133 3470 Antonio

2559 3506 2618 3560 et
2648 3500 2838 3561 Paulo
2870 3502 3139 3579 simplici
3178 3502 3550 3565 daemonem
3587 3506 3903 3584 quendam
3934 3510 4130 3569 male-

2559 3598 2787 3658 dixisse
2836 3598 2991 3675 legis
3025 3598 3169 3678 (12).
3217 3603 3433 3681 Neque
3476 3604 3821 3682 incongrue
3866 3607 3943 3667 iis
3968 3608 4132 3669 dicta

2558 3700 3032 3771 contumeliosa,
3100 3702 3327 3779 quibus
3384 3722 3626 3765 summa
3674 3706 4132 3771 incontinentia

2556 3798 2964 3875 signiﬁcetur,
3000 3818 3239 3861 cernas.

2635 3898 2719 3958 De
2744 3899 2942 3959 caecis
2963 3898 3243 3976 hyaenae
3274 3900 3369 3960 vel
3399 3900 3655 3963 leaenae
3677 3904 3895 3965 catulis
3916 3923 3951 3966 a
3978 3924 4131 3967 sene

2559 3998 2751 4057 eremi
2796 3998 3022 4058 sanatis
3060 3999 3243 4059 etiam
3281 3999 3579 4078 Sulpitius
3624 4004 3886 4063 Severus
3930 4007 4129 4066 tradi-

2557 4093 2643 4152 dit
2676 4093 2835 4173 (13),
2870 4096 2979 4173 qui
3016 4113 3231 4156 senem
3280 4097 3495 4158 oculos
3523 4116 3739 4159 eorum
3789 4104 4129 4165 restituen-

2556 4199 2679 4251 tem
2741 4211 2870 4254 non
2935 4196 3297 4268 nominavit,
3348 4203 3620 4258 attamen
3696 4219 3828 4258 eum
3886 4202 4131 4265 duobus

2560 4295 2811 4353 Nitriae
2838 4296 3153 4354 monachis
3187 4296 3331 4355 olim
3366 4298 3432 4355 in
3466 4302 3831 4359 monasterii
3862 4320 4128 4363 conter-

2556 4392 2794 4450 satione
2817 4410 3029 4451 carum
3059 4402 3115 4452 et
3134 4394 3513 4470 familiarem
3532 4397 3750 4472 fuisse,
3794 4409 3851 4458 et
3886 4400 4126 4461 duode—

886 4478 1194 4540 nodoxiae
1227 4482 1630 4559 impugnavit,
1668 4486 1750 4545 ita
1780 4487 2171 4551 Palaemonis
2201 4491 2451 4554 hortatu
2487 4537 2525 4560 η
2558 4491 2675 4549 cim
2696 4510 2893 4550 annos
2922 4493 2987 4551 in
3011 4503 3280 4552 extremo
3304 4494 3408 4553 illo
3434 4495 3670 4555 deserto
3698 4498 3968 4559 Blembis
3986 4521 4132 4560 con—

885 4580 1256 4641 Pachomius
1273 4600 1521 4644 arenam
1538 4587 1842 4664 portando
1856 4589 2137 4665 abegisse
2158 4608 2446 4652 somnum
2488 4580 2521 4589 ν
2557 4591 2726 4666 tiguo
2746 4592 3181 4651 anachoretam
3196 4593 3503 4654 habitasse
3524 4596 3628 4656 ait.
3653 4598 3768 4658 Ubi
3787 4616 3902 4677 pro
3925 4600 4132 4659 Blem-

889 4675 1109 4754 legitur
1141 4678 1245 4758 (5).
1272 4682 1414 4751 Quis
1444 4681 1545 4743 ille
1574 4683 1956 4746 Theosebius
1986 4695 2296 4750 cosmetor
2314 4689 2448 4751 fue-

887 4931 978 4985 Dr.
1011 4932 1098 4987 Fr.
1131 4932 1472 4991 Kunstmann
1502 4938 1673 4993 Mainz
1704 4940 1840 4994 1844
1879 4958 1929 5010 p.
1968 4943 2054 4996 56.
2084 4943 2223 4997 Beda
2254 4944 2320 4997 de
2359 4960 2443 4997 re-

886 5022 1078 5077 mediis
1129 5036 1497 5093 peccatm-um,
1532 5030 1660 5083 ibid.
1704 5047 1757 5099 p.
1801 5034 1921 5087 155.
1958 5032 2167 5088 Similia
2218 5036 2272 5089 in
2326 5038 2448 5091 aliis

886 5114 1037 5169 libris
1076 5118 1549 5182 poenitentialibus
1577 5122 1849 5192 leguntur.

957 5204 1030 5273 (ί)
1068 5206 1199 5260 Ibid.
1230 5223 1280 5276 p.
1317 5210 1437 5265 H6.

884 5296 1401 5435 13.(suiiisaoLaus.
1434 5302 1522 5360 ed.
1570 5303 1772 5359 Meurs.
1809 5322 1927 5377 cap.
1959 5307 2017 5361 2|
2072 5306 2205 5379 Opp.
2244 5310 2441 5367 Meurs.

955 5458 1031 5527 (δ)
1065 5459 1120 5512 s.
1158 5460 1377 5515 llieron.
1404 5478 1489 5532 ep.
1525 5464 1641 5519 127.

954 5548 1030 5615 (4)
1072 5550 1209 5603 llist.
1256 5551 1417 5608 Laus.
1442 5554 1527 5610 ed.
1564 5556 1761 5613 Meurs.
1809 5576 1926 5629 cap.
1959 5561 2025 5614 77
2067 5564 2200 5633 Opp.
2242 5564 2441 5620 Meurs.

883 5651 938 5705 p.
966 5639 1087 5690 557.

956 5730 1030 5797 (5)
1062 5731 1175 5783 Vita
1209 5732 1262 5785 S.
1296 5733 1568 5792 Pacliomii
1603 5754 1721 5809 cap.
1760 5743 1806 5804 Ι,
1852 5744 1961 5795 AA.
2002 5742 2098 5798 SS.
2136 5747 2264 5800 Boil.
2317 5750 2433 5803 Mai.

886 5816 951 5871 Τ.
984 5818 1045 5871 ΙΙΙ
1080 5837 1109 5871 n
1159 5824 1280 5871 297.

940 5861 951 5872 .
984 5820 1045 5873 Ill
1078 5837 1109 5889 p
1159 5824 1280 5878 297.

2556 4689 2647 4750 bis
2676 4692 2740 4752 in
2771 4691 3140 4754 collectione
3184 4696 3490 4757 Rosweidi
3533 4698 3712 4774 falso,
3760 4708 3827 4761 ut
3868 4703 4125 4781 opinor,

2624 4940 2700 5009 (6)
2732 4939 2866 4993 Hist.
2903 4940 3067 4995 Laus.
3115 4945 3204 4997 ed.
3252 4944 3453 5001 Meurs.
3491 4963 3612 5017 cap.
3658 4949 3691 5002 2
3720 4951 3855 5020 Opp.
3915 4954 4123 5008 Melars.

2550 5032 2587 5085 l.
2619 5034 2655 5085 Ι.
2680 5048 2731 5100 p.
2760 5032 2881 5085 549.

2625 5122 2700 5187 (7)
2734 5120 2867 5173 Ibid.
2891 5136 3011 5190 cap.
3038 5122 3103 5175 76
3129 5140 3181 5192 p.
3214 5126 3337 5180 557.

2622 5210 2698 5278 (8)
2732 5209 2865 5262 Ibid.
2892 5226 3011 5278 cap.
3042 5211 3109 5262 73
3137 5228 3187 5280 p.
3212 5214 3334 5269 556.

2620 5301 2694 5369 (9)
2730 5300 2842 5355 νγ.
2869 5301 2973 5355 PP.
3000 5302 3186 5358 Rosw.
3212 5306 3303 5359 lib.
3345 5305 3387 5358 Χ
3420 5324 3537 5377 cap.
3577 5310 3677 5364 199
3706 5327 3759 5381 p.
3791 5313 3915 5378 927,
3938 5316 3995 5369 2.

2622 5392 2736 5462 (10)
2763 5393 2847 5447 Cf.
2882 5393 3021 5447 infra
3050 5396 3224 5464 Caput
3258 5398 3341 5452 IV.

2618 5476 2973 5553 (ll)‘Sozom.
3000 5485 3137 5541 llist.
3171 5486 3381 5543 Eccles.
3406 5492 3498 5544 lib.
3531 5492 3593 5545 Vl
3627 5509 3747 5565 cap.
3780 5496 3849 5550 29
3880 5498 3969 5553 ed.
4010 5498 4121 5552 Va-

2546 5572 2646 5628 les.
2680 5590 2734 5643 p.
2779 5576 2903 5629 681.

2617 5666 2728 5733 (12)
2765 5666 2903 5720 Hist.
2942 5666 3106 5721 Laus.
3141 5670 3227 5723 ed.
3270 5671 3470 5727 Meurs.
3508 5691 3626 5743 cap.
3664 5678 3732 5731 29
3764 5696 3813 5747 p.
3847 5680 3977 5736 45'}.

2618 5756 2731 5819 (15)
2779 5758 2913 5811 Dial.
2950 5758 2964 5809 I
2997 5775 3121 5826 cap.
3146 5761 3210 5815 15
3236 5761 3483 5819 Gzillaml.
3516 5766 3652 5821 Bibl.
3690 5770 3788 5824 ΙΨ.
3819 5770 3880 5828 Τ.
3916 5772 4030 5826 Vill
4060 5794 4111 5845 ει.

2544 5846 2663 5899 4H7,
2704 5850 2747 5910 1,
2780 5848 2951 5919 Mignc
2982 5848 3182 5906 l'atrol.
3216 5852 3276 5906 T.
3313 5854 3404 5909 XX
3436 5873 3485 5925 ρ.
3525 5860 3640 5915 195.
