4266 6360
238 352 303 409 ετ
1720 350 1871 405 VlTA
1881 349 1939 404 E.
3372 343 3441 406 98

238 467 534 547 Memphis
566 468 644 547 (ι)
680 473 801 539 est;
839 483 981 528 nam
1003 466 1313 529 desertum
1343 467 1615 547 Memphi
1639 484 1783 528 con-
1812 477 1854 530 Α
1886 466 2286 528 desideraret.
2328 464 2729 528 Postmodum
2763 466 2827 526 in
2864 463 2985 527 hoc
3008 463 3147 528 loco
3182 480 3311 525 non
3350 472 3441 523 est

236 571 465 645 tiguum
488 569 585 627 vix
612 576 956 628 extremum
982 568 1317 628 vocaveris.
1344 573 1425 629 Ac
1449 568 1785 640 desertum,

236 669 295 728 in
317 686 439 746 quo
453 668 825 728 anachoreta
841 668 1101 739 vivebat,
1116 684 1148 728 a
1162 669 1351 729 Nitria
1364 669 1548 744 longe
1565 668 1788 727 distare

235 787 366 831 cum
403 769 701 846 Sulpitius
732 768 993 827 Severus
1035 769 1168 848 ipse
1204 775 1431 841 narrat,
1461 776 1593 828 tum
1639 766 1787 827 inde

234 877 413 948 patet,
430 868 599 948 quod
614 867 700 928 illi
714 869 940 929 Nitriae
955 869 1244 931 monachi
1258 870 1522 948 septimo
1538 868 1787 928 demum

234 988 441 1031 mense
468 970 531 1029 id
564 971 941 1030 invenerunt
962 968 1068 1049 (2).
1100 969 1389 1030 Blembos
1418 985 1564 1029 vero
1590 966 1790 1045 Sulpi-

232 1069 348 1128 tius
382 1070 648 1128 Severus
677 1068 1030 1147 Blemmyes
1062 1085 1286 1129 vocare
1312 1066 1573 1137 videtur,
1618 1066 1786 1125 Stra-

229 1168 387 1229 bone
418 1175 679 1229 testante
737 1169 815 1247 (3)
875 1167 1247 1245 AethiOpum
1289 1167 1588 1239 subditos,
1633 1165 1785 1232 102

228 1269 541 1345 Aegyptiis
580 1269 894 1328 finitimos.
928 1268 1172 1326 Etenim
1204 1265 1501 1343 Sulpitius
1526 1266 1785 1326 Severus

229 1366 434 1444 paullo
480 1372 641 1444 post,
693 1366 1158 1427 adolescentem
1205 1364 1541 1443 quendam,
1592 1383 1783 1443 quum

226 1466 290 1524 in
317 1469 598 1542 Aegypto
644 1466 929 1525 tribunus
969 1472 1152 1536 esset,
1200 1464 1624 1542 frequentibus
1667 1468 1781 1526 ad-

226 1583 461 1624 versum
483 1564 762 1624 Blembos
788 1563 1287 1642 expeditionibus
1309 1566 1611 1642 quaedam
1641 1584 1780 1628 ere-

226 1664 307 1724 mi
332 1664 465 1725 loca
511 1664 844 1740 contigisse
880 1663 987 1740 (4),
1036 1670 1261 1724 narrat.
1306 1665 1470 1735 Quae
1520 1666 1778 1743 expedi-

224 1764 421 1823 tiones
439 1764 590 1841 quin
611 1770 825 1823 contra
848 1763 1197 1840 Blemmyes
1222 1764 1537 1837 nomades,
1565 1765 1779 1825 finium

224 1864 479 1939 Aegypti
501 1860 764 1931 accolas,
791 1859 985 1921 factae
1008 1861 1150 1931 sint,
1174 1861 1273 1920 vix
1290 1861 1547 1922 dubium
1565 1871 1655 1923 est
1674 1864 1777 1943 (5).

222 1962 336 2019 Sed
358 1958 686 2019 )lacarium
709 1958 1191 2019 Alexandrinum
1224 1958 1555 2019 duodecim
1584 1978 1783 2023 annos

220 2061 284 2120 in
350 2060 464 2119 ista
515 2059 904 2136 Blemmyum
953 2074 1163 2118 eremo
1210 2058 1643 2120 anachoretam
1687 2062 1779 2121 vi-

220 2160 400 2230 xisse,
439 2158 500 2217 id
535 2157 703 2235 quod
729 2156 873 2217 alibi
902 2173 1030 2217 non
1052 2156 1336 2229 traditur,
1358 2158 1491 2218 solo
1518 2158 1780 2239 Sulpitio

219 2266 369 2318 teste
402 2275 529 2317 non
560 2256 971 2329 crediderim;
1008 2256 1061 2315 is
1101 2255 1267 2315 enim
1306 2273 1437 2316 rem
1476 2255 1637 2318 fama
1674 2275 1779 2319 ac-

217 2361 402 2438 cepit,
439 2377 624 2438 quam
664 2357 939 2418 Palladio
967 2356 1377 2435 Paphnutius,
1408 2358 1655 2418 Macarii
1683 2359 1779 2418 di-

216 2459 514 2538 scipulus,
552 2458 782 2529 retulit,
813 2457 919 2535 qui
956 2457 1309 2529 Macarium,
1343 2473 1536 2534 quum
1567 2457 1783 2519 catulis

217 2559 432 2622 oculos
464 2558 830 2627 restitueret,
873 2556 1036 2616 domi
1081 2558 1147 2616 in
1188 2554 1335 2614 aula
1368 2555 1554 2615 cellae
1588 2558 1781 2633 ipsius

216 2658 450 2719 sedisse
477 2656 651 2715 dixit.
682 2653 1129 2715 Familiaritatis
1152 2660 1360 2713 autem
1390 2670 1610 2715 senum
1636 2672 1780 2715 cum

214 2758 363 2818 feris
392 2755 658 2835 plurima
687 2754 973 2832 exempla
999 2753 1401 2813 inveniuntur
1429 2752 1534 2831 (6).
1560 2754 1783 2815 Ludol-

213 2856 311 2916 fus
344 2872 597 2934 quoque
621 2871 815 2933 quum
843 2871 1005 2914 saec.
1032 2854 1163 2912 XIV
1194 2854 1603 2914 Palaestinam
1632 2856 1784 2915 invi-

213 2962 401 3025 seret,
438 2954 516 3014 de
549 2953 729 3013 terris
755 2953 1009 3014 Jordani
1038 2954 1461 3017 adiacentibus
1482 2955 1633 3018 haec
1656 2965 1779 3017 tra-

213 3053 365 3112 didit
401 3069 415 3113 :
456 3077 482 3107 α
510 3054 710 3130 Supra
746 3053 982 3112 ﬂuxum
1019 3054 1303 3114 Jordanis
1340 3063 1483 3115 sunt
1519 3057 1781 3134 plurima

1890 568 2055 626 visus
2081 566 2199 637 leo,
2234 565 2343 625 sed
2365 583 2548 643 quam
2569 565 2833 645 plurima
2855 566 3076 627 damna
3099 563 3303 625 intulit
3331 564 3442 625 ho-

1890 667 2155 727 minibus
2176 673 2235 726 et
2254 667 2543 729 iumentis
2597 666 2703 747 (7).
2732 687 2759 719 n

1966 770 2159 828 Porro
2190 784 2459 838 causam,
2502 784 2612 827 cur
2632 766 2952 837 Macarius,
2980 782 3055 825 ex
3077 781 3203 844 quo
3233 765 3433 845 bapti-

1887 875 2057 928 zatus
2117 876 2208 929 est
2257 874 2564 946 tempore,
2601 867 2989 947 septuaginta
3045 866 3221 926 annis
3266 865 3433 927 humi

1888 985 2012 1028 non
2036 968 2292 1047 spuerit,
2322 968 2502 1029 aliam
2533 968 2732 1027 nisiut
2752 965 3194 1029 continentiam
3224 970 3433 1026 osten—

1887 1068 2084 1139 deret,
2150 1085 2275 1128 non
2329 1068 2601 1127 invenio.
2646 1067 2765 1127 Sed
2799 1066 2907 1145 pili
2950 1065 3174 1126 barbae
3218 1066 3300 1126 ob
3338 1065 3434 1126 ni-

1885 1168 2075 1227 miam
2117 1168 2621 1228 exercitationem
2679 1167 2862 1226 etiam
2908 1164 3129 1226 Joanni
3164 1164 3230 1225 in
3275 1167 3439 1243 Lyco

1885 1283 2013 1326 non
2059 1267 2223 1326 enati
2269 1284 2405 1327 esse
2445 1267 2734 1342 leguntur
2781 1264 3127 1343 (8).Ultima
3169 1265 3437 1344 denique

1884 1363 1999 1424 ista
2032 1365 2298 1423 narratio
2349 1363 2425 1423 de
2473 1362 2973 1439 cogitationibus,
3032 1378 3190 1439 quae
3238 1361 3435 1421 Palla-

1884 1465 2053 1523 dium
2073 1464 2241 1523 abire
2266 1464 2575 1534 iusserint,
2600 1463 2769 1540 quod
2795 1463 2948 1523 nihil
2972 1468 3180 1539 ageret
3200 1463 3265 1522 in
3288 1462 3432 1523 soli-

1884 1563 2139 1633 tudine,
2194 1563 2357 1623 varie
2424 1562 2662 1622 exculta
2716 1562 2863 1622 alibi
2914 1578 3164 1640 quoque
3214 1577 3424 1622 occur-

1884 1662 1961 1723 rit
1995 1662 2098 1739 (9).

1962 1766 1988 1837 ᾗ
2035 1762 2129 1822 24.
2154 1764 2227 1823 Et
2255 1761 2408 1822 haec
2448 1761 2696 1841 quidem
2738 1760 2814 1822 ad
2851 1767 3035 1840 caput
3079 1760 3325 1822 Palladii
3362 1762 3427 1815 «ἤρα

1887 1863 2152 1925 Macario
2217 1862 2632 1923 Alexandrino
2682 1861 3112 1921 illustrandum
3177 1861 3435 1920 dicenda

1889 1971 2083 2027 erant.
2109 1968 2350 2035 Restat,
2381 1969 2449 2023 ut
2485 1968 2749 2040 quatuor
2786 1960 3189 2031 narrationes,
3214 1960 3439 2035 quibus

1886 2071 2124 2126 textum
2156 2082 2188 2124 a
2218 2062 2484 2123 Meursio
2522 2060 2754 2121 editum
2796 2059 3168 2137 Hervetique
3201 2059 3398 2119 versic

1888 2180 2032 2224 nem
2068 2164 2131 2223 in
2157 2163 2263 2224 illo
2292 2164 2492 2243 capite
2513 2161 2833 2224 codicibus
2855 2156 3440 2219 Vindobonensibus

1888 2265 2234 2343 ceterisque
2265 2264 2648 2325 versionibus
2668 2259 3142 2339 locupletiorem
3167 2274 3301 2319 esse
3323 2256 3400 2317 do

1887 2366 2149 2437 cuimus,
2210 2364 2655 2424 examinemus.
2716 2362 2879 2431 Quae
2924 2358 3175 2437 quidem
3223 2368 3434 2439 capitis

1886 2462 2065 2523 initio
2097 2469 2239 2540 post
2266 2460 2519 2521 Palladii
2546 2459 2751 2529 verba,
2773 2457 3010 2518 Macarii
3044 2454 3433 2515 Alexandrin:

1892 2557 2045 2626 103
2071 2557 2189 2617 alia
2218 2573 2285 2616 se
2312 2556 2518 2634 ipsum
2542 2555 2762 2614 vidisse
2793 2570 2983 2632 opera
3013 2561 3073 2613 et
3103 2553 3297 2629 signa.
3325 2555 3435 2611 διιει

1887 2674 1954 2718 se
1984 2657 2061 2717 ab
2093 2656 2190 2728 iis,
2226 2657 2333 2734 qui
2358 2673 2482 2716 una
2509 2673 2648 2717 cum
2690 2672 2764 2716 eo
2794 2653 3077 2725 vixerint,
3126 2652 3395 2713 didi-uss:

1886 2759 1969 2817 ita
1991 2757 2314 2833 leguntur:

1968 2881 1995 2913 ‹‹
2032 2860 2089 2917 Is
2119 2873 2312 2935 quum
2341 2854 2506 2933 apud
2531 2861 2767 2932 patrem
2794 2852 3128 2913 Antonium
3149 2869 3433 2931 magnun.

1890 2957 2121 3018 electos
2170 2956 2485 3035 quondam
2542 2956 2783 3033 palmae
2831 2970 3067 3027 ramos,
3123 2971 3281 3033 quos
3337 2953 3439 3013 ille.

1886 3058 2203 3127 tractabat,
2256 3055 2526 3127 vidisset,
2578 3071 2771 3115 unum
2815 3054 2891 3112 ab
2941 3069 3018 3113 eo
3055 3052 3440 3132 manipulum

210 3158 590 3215 Graecorum
626 3162 687 3215 et
727 3151 1275 3216 Schismaticorum
1315 3157 1685 3217 monasteria
1726 3161 1851 3217 etC
1885 3172 2195 3215 ramorum
2228 3155 2423 3233 petiit.
2459 3155 2564 3213 Cui
2596 3154 2896 3213 Antonius
2930 3170 2941 3211 :
2975 3152 3281 3231 Scriptum
3325 3160 3439 3225 est,

210 3256 567 3316 eremitoria
594 3256 878 3331 gratiosa.
904 3258 1089 3318 Juxta
1105 3256 1373 3316 eundem
1414 3256 1649 3317 ﬂuxum
1685 3258 1784 3317 in—

210 3354 621 3415 numerabilia
676 3362 1012 3415 cernuntur
1102 3354 1388 3415 animalia
1490 3355 1787 3417 silvestria

211 3470 397 3532 parva
436 3460 495 3512 et
533 3470 755 3529 magna
794 3454 963 3513 omni
996 3469 1255 3531 vespere
1286 3469 1351 3512 se
1390 3454 1783 3531 adaquantia,

209 3550 570 3630 specialiter
609 3551 848 3621 leones,
891 3550 1132 3629 vulpes,
1184 3550 1479 3629 capreoli,
1533 3553 1694 3612 cervi
1730 3562 1789 3611 et

209 3650 485 3729 lepores,
521 3650 691 3728 capri
723 3650 1033 3711 silvestres
1064 3657 1125 3710 et
1154 3649 1512 3710 huiusmodi
1549 3652 1784 3712 anima-

211 3754 318 3825 lia,
350 3770 512 3830 quae
535 3753 705 3813 iuxta
742 3750 1031 3813 homines
1068 3751 1369 3812 incedunt
1402 3758 1470 3812 ut
1501 3752 1787 3813 animalia

208 3853 577 3913 domestica.
622 3854 692 3911 In
747 3851 969 3911 eodem
1012 3852 1159 3912 loco
1196 3850 1591 3929 temporibus
1630 3851 1785 3911 meis

208 3960 385 4012 trans
410 3952 605 4029 ripam
627 3950 914 4010 Iordanis
943 3950 1041 4011 leo
1072 3950 1327 4011 adsidue
1367 3967 1501 4010 esse
1524 3950 1782 4024 solebat,

210 4060 274 4113 et
301 4050 594 4111 homines
633 4055 1026 4108 transeuntes
1050 4049 1291 4127 aspexit
1329 4056 1389 4109 et
1407 4049 1598 4109 cauda
1617 4049 1790 4109 blan-

208 4152 394 4211 diens
425 4166 599 4209 more
626 4148 792 4207 canis
819 4155 878 4207 et
911 4164 1036 4207 non
1065 4148 1242 4223 fugit,
1278 4164 1392 4208 nec
1425 4148 1501 4208 de
1540 4148 1639 4209 die
1669 4148 1782 4208 ali-

206 4245 312 4305 cui
366 4243 601 4321 aliquid
647 4243 855 4303 damni
912 4243 1139 4303 intulit.
1204 4244 1477 4304 Tandem
1532 4245 1783 4322 quidam

206 4343 561 4420 sagittarius
596 4350 827 4416 noster,
850 4342 1064 4403 volens
1102 4360 1241 4403 eum
1282 4351 1514 4403 terrere
1554 4351 1614 4404 et
1640 4345 1781 4405 irri-

204 4444 362 4509 tare,
418 4439 697 4514 sagittam
751 4438 975 4498 emisit.
1025 4441 1148 4500 Leo
1196 4458 1260 4501 se
1306 4458 1433 4501 non
1473 4444 1778 4515 movebat,

1886 3254 2107 3331 inquit,
2158 3255 2295 3313 Non
2356 3253 2764 3330 concupisces
2820 3268 2918 3311 res
2978 3252 3246 3329 proximi
3317 3252 3432 3311 tui.

1887 3353 2061 3424 Quod
2095 3353 2295 3412 solum
2341 3369 2530 3429 quum
2573 3352 2844 3423 dixisset,
2893 3352 3043 3412 rami
3074 3369 3291 3412 omnes
3316 3357 3435 3412 sta-

1886 3454 1995 3512 tim
2026 3459 2319 3529 tanquam
2361 3451 2488 3527 igni
2516 3451 2826 3512 torrefacti
2871 3458 3033 3511 sunt.
3075 3452 3141 3511 Id
3176 3452 3283 3513 ubi
3314 3456 3433 3511 An-

1885 3552 2093 3614 tonius
2133 3552 2302 3623 vidit,
2352 3552 2639 3623 Macario,
2698 3552 2876 3621 Ecce,
2919 3551 3142 3628 inquit,
3191 3552 3443 3629 spiritus

1886 3651 2187 3730 requievit
2213 3666 2400 3727 super
2418 3656 2500 3719 te,
2532 3650 2776 3728 erisque
2798 3648 2949 3708 mihi
2978 3648 3275 3727 deinceps
3300 3648 3438 3711 hae-

1886 3767 1984 3811 res
2008 3751 2295 3810 virtutum
2325 3765 2623 3809 mearum.

1967 3873 1994 3905 ‹‹
2028 3848 2308 3909 Eundem
2340 3864 2602 3926 corpore
2632 3846 2805 3908 valde
2828 3847 3226 3927 defatigatum
3251 3850 3317 3910 in
3346 3867 3444 3911 so-

1886 3947 2439 4010 litudinediabolus
2468 3949 2721 4019 invenit,
2741 3949 2923 4028 eique
2956 3968 2968 4009 :
3004 3952 3185 4023 Ecce,
3215 3951 3437 4031 inquit.

1887 4050 2140 4124 gratiam
2194 4049 2443 4109 Antonii
2494 4052 2815 4129 accepisti;
2869 4069 2978 4112 cur
3023 4051 3272 4111 tandem
3314 4070 3437 4113 non

1884 4150 2072 4209 uteris
2107 4149 2423 4224 dignitate,
2475 4155 2659 4227 atque
2695 4168 2728 4210 a
2768 4150 2894 4210 Deo
2938 4151 3144 4211 cibum
3190 4160 3249 4213 et
3283 4156 3440 4215 vires

1884 4248 1961 4309 ad
2009 4249 2125 4307 iter
2169 4248 2641 4324 ingrediendum
2690 4247 2883 4326 petis?
2933 4251 3043 4310 Hic
3093 4258 3298 4312 autem
3349 4272 3433 4314 re-

1886 4347 2135 4425 spondit
2170 4364 2181 4405 :
2215 4348 2420 4406 Virtus
2471 4363 2609 4406 mea
2659 4354 2718 4407 et
2762 4347 2892 4408 laus
2945 4365 3081 4409 mea
3117 4350 3434 4415 Dominus.

1883 4444 1973 4501 Tu
2020 4447 2225 4502 autem
2276 4459 2355 4502 ne
2402 4442 2729 4501 tentaveris
2775 4459 3018 4503 servum
3072 4446 3215 4507 Deil
3272 4450 3440 4510 Fecit

204 4538 319 4597 sed
353 4537 429 4597 ad
466 4537 747 4614 sagittam
787 4539 1103 4611 adorabat,
1158 4546 1218 4598 et
1255 4557 1396 4600 cum
1434 4540 1539 4601 ille
1570 4541 1777 4602 denuo
1813 4537 1855 4563 ν
1885 4555 2033 4614 ergo
2065 4537 2455 4611 diabolus,ut
2476 4537 2530 4599 ei
2561 4537 2922 4615 phantasma
2951 4552 3299 4620 appareret,
3330 4563 3428 4606 ca-

204 4639 493 4714 sagittam
542 4639 870 4710 emitteret,
916 4639 1016 4699 leo
1056 4657 1122 4699 se
1160 4640 1391 4700 directe
1424 4648 1637 4701 contra
1675 4659 1774 4701 sa-

202 4736 424 4811 gittam
446 4735 662 4808 erexit,
704 4736 880 4813 quasi
903 4753 1010 4797 ore
1034 4743 1094 4797 et
1115 4737 1375 4815 pedibus
1397 4754 1532 4798 eam
1553 4756 1774 4817 capere

276 4871 356 4940 (1)
402 4870 510 4922 vv.
548 4871 645 4923 rp.
676 4870 854 4924 Rosw.
888 4870 979 4924 lib.
1014 4870 1081 4923 IV
1118 4886 1233 4941 cap.
1263 4871 1295 4926 8
1321 4886 1375 4941 p.
1412 4872 1531 4937 540,
1562 4874 1613 4926 2.

277 4963 358 5029 (2)
408 4960 541 5013 Dial.
584 4960 619 5023 ι,
650 4963 683 5013 ι.
712 4962 746 5013 l.

276 5050 357 5117 (3)
392 5048 695 5117 Geograpli.
721 5048 814 5102 lib.
849 5047 989 5101 XVII
1020 5049 1196 5105 initio.

275 5142 355 5208 (Α)
414 5139 552 5191 Dial.
589 5137 608 5189 Ι
641 5153 759 5207 cap.
792 5138 862 5191 2‘2
894 5138 1143 5193 Galland.
1178 5138 1315 5193 Bibl.
1363 5138 1465 5193 PP.
1510 5139 1546 5192 l.
1578 5140 1613 5199 Ι,
1647 5141 1771 5203 ιο8,

194 5230 255 5291 2,
300 5230 485 5297 Migne
524 5230 558 5282 ι.
599 5230 633 5282 ι.
675 5247 723 5297 ρ.
764 5230 884 5283 197.

272 5324 353 5391 (5)
384 5320 593 5374 Plinius
625 5321 767 5387 (Nat.
796 5319 937 5376 Hist.
970 5319 1034 5382 V,
1060 5320 1113 5391 8)
1146 5320 1451 5391 Blemmyas
1476 5330 1687 5391 gentem
1718 5323 1770 5375 in

192 5413 518 5465 conﬁnibus
554 5413 780 5482 Aegypti
818 5412 1149 5466 habitantem
1186 5413 1431 5480 perhibet
1456 5453 1469 5478 ,
1516 5432 1534 5463 ‹
1574 5415 1775 5481 quibus

194 5505 499 5557 traduntur
543 5504 720 5571 capita
756 5503 966 5565 abesse,
1012 5517 1109 5555 ore
1144 5511 1198 5556 et
1243 5504 1418 5557 oculis
1458 5505 1662 5572 pectori
1690 5504 1772 5556 af-

192 5596 351 5648 fixis.
383 5612 402 5643 »
434 5591 699 5660 Vapiscus
730 5593 784 5645 in
818 5592 993 5646 Probo
1022 5593 1121 5646 I7:
1154 5611 1169 5641 ι
1196 5592 1548 5662 Blemmyas,»
1576 5594 1768 5662 inquit,

194 5702 215 5733 ο
248 5684 423 5737 etiam
455 5666 691 5751 subegit,
723 5697 952 5751 quorum
976 5684 1222 5751 captivos
1254 5681 1479 5735 Romam
1514 5686 1768 5737 transmi-

188 5776 295 5829 sit.
344 5773 451 5840 Qui
487 5773 786 5826 mirabilem
819 5774 901 5826 sui
940 5774 1115 5825 visum
1150 5782 1400 5841 stupente
1433 5775 1632 5843 populo
1660 5775 1764 5829 Bo-

499 5867 750 5928 Pnnm.
806 5868 922 5928 Gn.
952 5869 1062 5927 XX
1082 5869 1243 5927 XIV.

1882 4638 2080 4697 melus
2115 4654 2303 4698 onera
2351 4636 2629 4697 baiulans
2660 4645 2720 4697 et
2757 4655 2966 4700 errans
3012 4659 3123 4722 per
3153 4644 3430 4705 solitudi—

1882 4754 2049 4808 nem,
2082 4736 2318 4799 habens
2338 4737 2543 4798 omnia
2566 4738 2641 4798 ad
2670 4756 2850 4798 usum
2874 4744 3241 4804 necessaria.
3272 4750 3435 4816 Quae

1881 4884 2042 4924 mano
2062 4872 2447 4939 praebuerunt.
2482 4890 2500 4923 ι
2534 4872 2619 4925 Cl'.
2664 4874 2877 4941 Vopisc.
2915 4876 3192 4931 Aurelian.
3226 4880 3314 4934 33.
3342 4882 3430 4937 Η.

1946 4961 2025 5029 {6)
2049 4960 2318 5013 Nonnulla
2352 4962 2487 5030 legis
2520 4960 2808 5030 inSulpitii
2842 4963 3025 5020 Severi
3052 4967 3249 5024 DialJ.
3275 4987 3430 5043 capp.

1879 5050 1964 5105 15.
2006 5052 2089 5104 14.
2126 5052 2243 5104 Alia
2272 5052 2443 5106 multa
2478 5054 2530 5105 in
2565 5053 2672 5107 νγ.
2706 5053 2809 5109 PP.
2841 5068 3155 5113 occurrunt.

1946 5141 2020 5211 (7)
2062 5141 2267 5194 Ludolli
2304 5144 2533 5197 rectoris
2575 5146 2830 5200 ecclesiae
2870 5150 3194 5216 parochialis
3238 5150 3292 5204 iu
3325 5150 3433 5205 Su-

1875 5232 2029 5285 chem
2058 5232 2128 5284 De
2148 5232 2330 5285 itinere
2345 5244 2559 5287 sanctae
2578 5244 2745 5287 terrae
2765 5234 2917 5291 liber.
2936 5237 3081 5291 Nacti
3106 5241 3243 5294 alten
3261 5241 3432 5297 Hand-

1880 5323 2144 5377 schriften
2176 5324 2466 5396 berichtigt
2488 5328 2922 5401 herausgegeben
2945 5346 3046 5385 von
3066 5331 3129 5383 D'
3151 5332 3211 5386 F.
3239 5333 3427 5405 Deyks.

1878 5413 2077 5483 Stuttg.
2112 5415 2242 5470 1851
2278 5433 2329 5486 p.
2360 5418 2426 5473 89
2455 5435 2515 5487 sq

1947 5507 2023 5575 (8)
2054 5504 2193 5559 Hist.
2224 5506 2390 5562 Laus.
2418 5510 2503 5563 ed.
2530 5510 2727 5567 Meurs.
2761 5528 2879 5582 cap.
2907 5512 2975 5566 ιιι
2998 5512 3133 5584 Opp.
3160 5513 3358 5571 Meurs.
3390 5519 3424 5571 Ι.

1876 5596 1916 5648 l.
1952 5610 2003 5664 p.
2031 5596 2155 5650 475.

1951 5686 2022 5754 (9)
2050 5685 2161 5741 VV.
2198 5687 2301 5740 PP.
2339 5688 2521 5745 Rosw.
2559 5692 2651 5746 lib.
2687 5693 2748 5747 Ill
2792 5708 2945 5766 capp.
2987 5695 3109 5751 106.
3146 5695 3424 5760 I07.108;

1875 5775 1967 5829 lib.
2000 5775 2037 5828 V
2075 5778 2239 5832 libell.
2277 5780 2325 5843 7,
2361 5781 2445 5835 55.

3072 5891 3106 5951 4
