4266 6360
830 388 905 444 99
1680 380 1777 435 SS.
1821 377 2219 434 MACARIORU
2231 377 2277 431 M
2329 374 2512 430 AEGY

1680 380 1777 435 SS.
1821 377 2277 434 MACARIORUM
2329 374 2645 430 AEGYPTII
2686 378 2772 430 ΕΤ
2819 376 3279 429 ALEXANDRINI

3951 372 4055 424 100

827 505 1077 584 quidem
1155 520 1355 582 prope
1443 501 1804 572 Macarium,
1863 518 2049 579 quem
2127 500 2383 566 viderat,
2416 504 2458 557 A
2490 514 2565 557 ex
2606 499 2760 558 urbe
2797 498 3163 558 Alexandria
3206 495 3528 566 oriundus,
3566 492 3935 572 appellatur.
3969 498 4053 551 At:

826 603 1084 664 adsedit.
1130 604 1268 680 Ipse
1299 599 1660 679 phantasma
1700 615 1858 670 esse,
1890 604 1957 657 ut
1992 605 2140 669 erat,
2186 596 2392 673 suspi-

825 711 997 764 catus
1036 701 1303 761 substitit
1346 698 1422 759 ad
1470 698 1796 770 orandum,
1846 704 2033 775 atque
2080 694 2393 773 extemplo

825 799 1098 861 camelus
1129 804 1287 858 terra
1318 797 1611 875 absorpta
1638 803 1750 855 est.

904 922 931 951 α
958 897 1129 957 Idem
1162 896 1463 957 Macarius
1480 905 1754 967 πολιτικός
1775 894 2091 973 quondam
2125 894 2289 954 venit
2316 893 2393 953 ad

824 998 1153 1059 Maearium
1191 1013 1508 1074 magnum.
1554 996 1752 1055 Ambo
1801 1012 1995 1072 quum
2039 992 2243 1053 Nilum
2292 1010 2390 1051 es-

825 1108 961 1160 sent
992 1100 1429 1172 transmissuri,
1471 1099 1695 1171 evenit,
1740 1106 1805 1157 ut
1839 1099 2176 1157 maximum
2229 1114 2390 1176 pon-

824 1208 1032 1262 tonem
1066 1200 1565 1278 ingrederentur,
1610 1200 1674 1259 in
1719 1216 1907 1277 quem
1937 1198 2244 1259 intrarunt
2280 1198 2387 1257 tri—

824 1300 973 1361 buni
1007 1319 1149 1361 cum
1183 1316 1407 1375 magno
1435 1300 1617 1371 fastu,
1659 1299 1765 1377 qui
1796 1298 2052 1359 rhedam
2084 1298 2393 1359 habebant

823 1408 1016 1461 totam
1054 1417 1336 1471 aeneam,
1371 1406 1431 1458 et
1464 1415 1659 1476 equos
1702 1397 1894 1457 frenis
1923 1397 2127 1456 aureis
2160 1396 2390 1455 instru-

825 1509 981 1572 ctos,
1012 1518 1083 1561 ac
1115 1500 1339 1560 milites
1368 1499 1670 1576 quosdam
1711 1497 2003 1557 satellites
2040 1514 2392 1573 puerosque

824 1598 1151 1676 torquibus
1174 1604 1233 1657 et
1256 1596 1459 1657 aureis
1489 1595 1660 1655 zonis
1691 1602 1964 1654 ornatos.
1997 1594 2252 1652 Tribuni
2284 1594 2394 1670 igi-

823 1702 922 1756 tur
968 1695 1309 1757 monachos
1341 1694 1682 1771 conspicati
1712 1693 2022 1753 veteribus
2054 1694 2274 1769 pannis
2305 1696 2394 1752 in-

822 1795 1029 1867 dutos,
1066 1795 1175 1871 qui
1204 1795 1269 1855 in
1300 1792 1525 1869 angulo
1569 1792 1892 1863 sedebant,
1937 1793 2388 1870 simplicitatem
2425 1831 2466 1887 Β

824 1910 1040 1953 eorum
1070 1894 1313 1954 beatam
1360 1890 1818 1970 praedicarunt;
1845 1908 2130 1968 unusque
2176 1910 2249 1951 ex
2282 1894 2390 1952 tri-

824 1993 1044 2053 bunis:
1097 1992 1284 2063 Beati,
1340 1991 1566 2068 inquit,
1618 2006 1726 2050 vos
1782 1990 1950 2062 estis,
2007 1992 2115 2068 qui
2159 1992 2393 2053 mundo

824 2092 1124 2152 illusistis.
1158 2092 1266 2151 Cui
1295 2092 1595 2150 Macarius
1627 2098 1899 2159 πολιτικός
1937 2090 2260 2167 respondit
2298 2092 2390 2150 di-

824 2207 1010 2251 cens:
1065 2190 1190 2248 Nos
1252 2186 1505 2266 quidem
1559 2183 1793 2244 mundo
1843 2183 2168 2255 illusimus,
2221 2185 2395 2245 vobis

825 2296 1031 2350 autem
1078 2288 1270 2348 illusit
1315 2286 1605 2346 mundus.
1659 2286 1825 2346 Scito
1876 2292 2081 2345 tamen
2114 2302 2240 2346 non
2294 2294 2394 2348 tua

827 2398 1073 2470 sponte,
1108 2389 1215 2449 sed
1243 2385 1606 2466 prophetice
1641 2394 1700 2445 te
1722 2385 1841 2446 hoc
1865 2385 2091 2446 dixisse
2118 2404 2129 2457 ;
2166 2387 2393 2449 etenim

826 2493 1009 2552 ambo
1050 2498 1322 2567 Μακάριοι
1359 2504 1673 2549 vocamur.
1721 2488 1852 2557 Quo
1882 2504 2172 2547 sermone
2220 2504 2399 2547 com--

828 2598 1095 2671 punctus
1140 2589 1448 2660 tribunus,
1496 2586 1865 2665 simulatque
1915 2587 2169 2647 domum
2210 2588 2396 2661 venit,

829 2691 1030 2751 exutis
1096 2688 1367 2748 vestibus
1423 2686 1609 2745 vitam
1682 2685 2109 2746 monachicam
2177 2684 2402 2763 delegit

828 2789 1179 2865 multasque
1207 2787 1355 2848 fecit
1387 2784 1844 2863 eleemosynas.

918 2914 943 2940 π
982 2889 1146 2949 Alias
1191 2888 1465 2959 missam,
1518 2902 1641 2963 qua
1674 2885 1839 2945 vesci
1878 2886 2180 2964 cupierat,
2221 2903 2402 2947 uvam

833 2996 1173 3062 recentem,
1207 2986 1650 3050 continentiam
1706 2985 2042 3046 ostendens
2088 3002 2283 3059 suam,
2325 2987 2403 3048 ad

831 3091 1081 3152 fratrem
1104 3087 1421 3167 quendam
1441 3091 1889 3161 aegrotantem,
1923 3086 2029 3163 qui
2055 3088 2210 3158 104
2237 3087 2402 3148 idem

831 3208 980 3251 uvas
1009 3158 1425 3254 desiderabat.
1464 3158 1649 3247 misit.
1681 3192 1876 3265 Atque
1908 3158 2007 3248 hic
2031 3206 2211 3248 uvam
2240 3208 2404 3250 sum—
2433 3158 2473 3212 C

835 3308 936 3351 ma
962 3306 1105 3351 cum
1152 3287 1383 3349 laetitia
1428 3293 1747 3364 acceptam
1788 3286 1888 3346 alii
1920 3286 2091 3346 fratri
2134 3288 2401 3349 eundem

836 3390 1044 3450 cibum
1093 3387 1415 3467 appetenti
1464 3385 1705 3447 obtulit.
1759 3385 1878 3445 Sed
1936 3392 1996 3445 et
2043 3386 2166 3460 hic,
2226 3405 2407 3448 uvam

839 3496 1075 3561 nactus,
1129 3487 1295 3548 idem
1340 3486 1507 3557 fecit,
1562 3487 1675 3547 etsi
1719 3486 1855 3562 ipse
1903 3503 1974 3545 ea
2020 3487 2183 3546 vesci
2232 3488 2407 3549 valde

836 3586 1146 3666 cupiebat.
1180 3586 1379 3656 Quum
1412 3601 1558 3644 vero
1589 3583 1886 3661 deinceps
1916 3584 1992 3643 ad
2024 3584 2252 3645 multos
2283 3586 2407 3648 fra-

838 3694 961 3746 tres
1010 3701 1165 3745 uvae
1214 3683 1664 3762 pervenissent,
1717 3699 1833 3742 nec
1864 3680 2026 3743 ullus
2074 3700 2177 3745 eas
2220 3684 2406 3745 edere

837 3781 1153 3853 voluisset,
1187 3779 1466 3850 ultimus,
1498 3778 1605 3855 qui
1638 3784 1987 3855 acceperat,
2031 3795 2135 3840 eas
2162 3778 2239 3839 ad
2276 3781 2402 3840 Ma-

837 3882 1075 3943 carium
1121 3878 1378 3950 remisit,
1425 3883 1721 3954 tanquam
1752 3893 2046 3952 magnum
2077 3878 2136 3939 ei
2169 3878 2405 3939 donum

838 3978 1189 4056 largiturus.
1221 3976 1335 4048 Qui
1365 3974 1629 4051 cognitis
1658 3974 1791 4034 uvis
1820 3991 2015 4053 reque
2046 3975 2287 4037 curiose
2316 3976 2407 4036 in-

841 4079 1066 4158 quisita
1099 4078 1354 4137 miratus
1384 4074 1607 4152 gratias
1639 4074 1765 4134 Deo
1794 4076 1874 4135 ob
1902 4082 2129 4135 tantam
2158 4076 2403 4137 illorum

840 4176 1286 4239 continentiam
1335 4172 1481 4250 egit,
1514 4189 1629 4233 nec
1672 4172 1809 4251 ipse
1855 4174 2107 4251 quidem
2148 4191 2252 4236 eas
2293 4194 2403 4237 co-

840 4277 1055 4338 medit.
1095 4299 1123 4330 ιθ

925 4375 1127 4447 Vides,
1158 4390 1235 4433 ex
1266 4378 1533 4451 quatuor
1566 4371 1735 4431 hisee
1768 4369 2224 4431 narrationibus
2253 4369 2406 4431 duas

2497 597 2653 657 duae
2684 598 2824 658 illae
2857 599 3093 675 priores
3124 598 3508 659 narrationes
3537 595 3681 654 alibi
3711 611 3835 654 non
3866 612 4055 673 repe-

2496 697 2765 770 riuntur;
2807 697 3083 775 reliquae
3129 714 3275 758 vero
3307 697 3423 768 bis,
3460 696 3648 755 altera
3683 694 3936 772 quidem
3978 694 4059 754 de

2495 794 2761 855 tribunis
2790 796 2949 857 libro
2979 796 3255 858 secundo
3306 795 3385 875 (2)
3420 804 3479 856 et
3517 805 3692 855 sexto
3725 796 3830 871 (3),
3865 796 4059 855 altera

2495 894 2573 954 de
2605 912 2720 955 uva
2751 895 2909 956 libro
2940 898 3215 957 secundo
3251 896 3331 976 (4)
3364 903 3425 957 et
3458 897 3639 957 tertio
3678 896 3757 974 (5)
3793 898 4063 956 Roswei-

2496 994 2713 1056 dianae
2742 997 3129 1058 collectionis
3155 997 3238 1057 ita
3267 996 3575 1073 leguntur,
3608 1004 3676 1057 ut
3724 1014 3799 1056 ex
3834 996 4059 1057 eodem

2495 1112 2718 1172 graeco
2749 1095 2923 1156 fonte
2969 1114 3073 1156 eas
3117 1113 3401 1157 manasse
3436 1096 3757 1175 probabile
3793 1096 3887 1155 sit.
3930 1098 4061 1155 No-

2494 1210 2638 1253 men
2691 1194 2942 1253 urbicus
2993 1194 3069 1272 (6)
3129 1195 3391 1256 Macario
3424 1212 3549 1255 non
3601 1195 3851 1274 quidem
3898 1195 3960 1254 in
3997 1195 4067 1253 li-

2493 1293 2606 1353 bro
2636 1294 2933 1366 secundo,
2965 1293 3073 1353 sed
3110 1296 3173 1354 in
3219 1295 3378 1355 libro
3409 1303 3582 1355 sexto
3627 1296 3889 1355 inditum
3928 1303 4060 1364 est;

2493 1391 2557 1451 in
2604 1393 2870 1453 Historia
2918 1395 3207 1455 Lausiaca
3256 1400 3483 1467 autem,
3527 1403 3593 1454 ut
3637 1412 3781 1455 mox
3830 1394 4068 1455 videbi-

2494 1508 2653 1563 mus,
2681 1509 2909 1553 nomen
2940 1505 3209 1566 πολιτικός
3234 1497 3423 1556 semel
3449 1497 3505 1555 ei
3526 1495 3833 1556 tribuitur.
3860 1499 4067 1567 Quare

2496 1592 2873 1667 posteriores
2922 1595 3080 1655 duae
3118 1597 3502 1655 narrationes
3549 1598 3700 1672 quin
3741 1596 3817 1655 ad
3867 1599 4070 1655 Maca-

2496 1689 2653 1749 rium
2681 1690 3161 1753 Alexandrinum
3184 1700 3485 1773 spectent,
3520 1696 3613 1754 vix
3638 1695 3892 1754 dubium
3926 1711 4068 1754 esse

2496 1796 2722 1867 potest,
2756 1790 2946 1867 idque
2975 1793 3199 1863 solum,
3232 1811 3379 1853 num
3410 1794 3569 1853 duae
3599 1794 3837 1871 priores
3859 1794 3937 1853 de
3962 1810 4069 1853 θοι

2496 1886 2637 1947 dem
2677 1888 2967 1961 referant,
3019 1891 3355 1967 quaeritur.
3401 1892 3575 1963 Quod
3624 1892 3768 1952 inde
3806 1894 4067 1969 pendet,

2496 2004 2645 2047 num
2676 1990 2995 2064 Macarius,
3030 1993 3091 2051 S.
3135 1992 3381 2053 Antonii
3426 1993 3769 2072 discipulus
3799 1994 4069 2072 eiusque

2496 2086 2716 2149 haeres
2742 2090 3057 2163 virtutum,
3084 2110 3244 2153 unus
3271 2110 3346 2153 ex
3376 2093 3603 2153 nostris
3628 2094 3907 2155 Macariis
3934 2094 4074 2155 fue.

2497 2188 2595 2248 rit.
2628 2193 2701 2250 At
2728 2189 2849 2253 hoc
2879 2208 3006 2253 non
3033 2192 3248 2265 fuisse,
3279 2192 3439 2253 infra
3473 2192 3743 2254 dilucide
3776 2194 4074 2272 probabi-

2497 2307 2654 2350 mus.
2705 2293 2863 2369 Ergo
2908 2293 3061 2354 duas
3106 2296 3347 2372 priores
3394 2295 3780 2355 narrationes
3828 2296 3905 2355 ad
3961 2313 4071 2355 no-

2498 2395 2656 2451 stros
2677 2392 2977 2454 Macarios
3017 2411 3143 2454 non
3172 2394 3483 2473 pertinere
3510 2394 3588 2473 (7)
3622 2403 3843 2472 sponte
3872 2401 4067 2473 patet.

2580 2488 2733 2558 105
2757 2494 2801 2565 §.
2824 2490 2917 2551 25.
2941 2492 3049 2552 His
3064 2493 3270 2569 igitur,
3289 2509 3447 2570 quae
3465 2493 3528 2552 in
3546 2494 3827 2553 codicum
3856 2511 3928 2554 ac
3945 2495 4074 2554 sin-

2500 2590 2780 2668 gularum
2811 2593 3115 2653 Historiae
3165 2594 3497 2653 Lausiacae
3535 2593 3876 2653 editionum
3926 2612 4069 2653 vero

2502 2691 2874 2770 sionumque
2918 2693 3159 2771 capite:
3201 2694 3287 2752 De
3334 2692 3599 2753 Macario
3650 2694 4073 2755 Alexandrino

2502 2791 2811 2868 leguntur.
2830 2793 2893 2852 in
2916 2793 3191 2853 medium
3208 2792 3484 2871 prolatis,
3510 2794 3628 2853 iam
3647 2799 3712 2853 ut
3734 2795 3807 2853 ad
3828 2802 4073 2856 ceteros

2505 2891 2687 2951 etiam
2732 2891 3061 2951 Lausiacae
3117 2892 3327 2963 locos,
3386 2892 3613 2969 quibus
3658 2894 4070 2955 Macariorum

2506 2992 2739 3051 mentio
2766 2995 2852 3062 fit,
2884 2992 3155 3052 animum
3198 2992 3610 3064 advertamus,
3662 2994 3816 3053 ordo
3852 2994 4073 3073 dispu-

2504 3088 2753 3149 tationis
2784 3088 3096 3166 postulare
3125 3088 3385 3147 videtur.
3412 3088 3646 3158 Quibus
3668 3089 3919 3166 quidem
3946 3107 4073 3148 non

2509 3188 2808 3250 Macarius
2836 3189 3194 3267 Aegyptius,
3241 3189 3349 3248 sed
3380 3188 3678 3248 Macarius
3715 3188 4078 3250 Alexandri-

2510 3305 2627 3347 nus
2652 3287 2831 3348 aliive
2862 3288 3105 3348 Macarii
3134 3294 3575 3347 memorantur.

2586 3391 2669 3447 Ac
2700 3386 2968 3465 primum
2998 3385 3248 3463 quidem
3270 3385 3567 3443 Macarius
3587 3384 3689 3443 ille
3713 3386 4073 3461 presbyter,

2508 3484 2975 3563 ptochotrophii
3020 3482 3416 3543 Alexandrini
3476 3483 3823 3559 praefectus
3882 3492 3944 3543 et
3997 3487 4073 3543 ab

2507 3584 2922 3647 adolescentia
2945 3583 3303 3661 lapidarius,
3340 3582 3415 3641 de
3448 3597 3573 3659 quo
3606 3582 3913 3642 Palladius
3940 3600 4076 3643 nar-

2508 3693 2601 3746 rat
2645 3684 2751 3763 (8),
2785 3702 2928 3745 cum
2960 3683 3188 3743 nostris
3219 3682 3464 3741 duobus
3511 3682 3786 3742 Macariis
3815 3699 3893 3742 ne
3928 3700 4078 3743 con-

2506 3783 2820 3844 fundatur.
2854 3784 2981 3842 Nec
3032 3797 3158 3841 non
3197 3779 3302 3839 ille
3341 3779 3549 3839 iunior
3593 3781 3915 3851 Macarius,
3966 3786 4072 3861 qui

2505 3882 2746 3943 iuvenis
2790 3880 3174 3956 undeviginti
3228 3895 3534 3939 annorum
3591 3878 3845 3939 caedem
3902 3881 4075 3942 invo-

2505 3982 2831 4042 luntariam
2851 3980 3079 4041 fecerat
3101 3978 3205 4057 (9),
3231 3978 3305 4040 ab
3335 3977 3455 4037 illis
3471 3978 3941 4053 distinguendus
3954 3988 4069 4041 est.

2505 4085 2804 4143 Macarius
2832 4078 3283 4140 Alexandrinus
3314 4078 3431 4158 (10)
3464 4085 3668 4139 autem
3694 4087 4076 4140 memoratur

2505 4180 2572 4239 in
2622 4178 2822 4255 capite
2873 4185 3005 4253 Περὶ
3033 4182 3244 4235 Παύλου
3293 4174 3623 4252 inscripto,
3676 4174 3843 4252 quod
3894 4191 3929 4235 e
3970 4192 4077 4235 co-

2507 4278 2747 4338 dicibus
2774 4272 3363 4336 Vindobonensibus
3390 4272 3578 4334 latine
3611 4273 3923 4333 redditum
3955 4290 4074 4352 ap-

2512 4392 2802 4455 ponimus
2837 4392 2849 4433 :

843 4475 1083 4554 priores
1113 4473 1190 4535 ad
1221 4473 1551 4533 Macarium
1610 4472 1672 4531 S.
1708 4470 1979 4542 Antonii,
2006 4470 2180 4530 cuius
2200 4470 2406 4547 digni-
2442 4484 2482 4537 D
2594 4501 2620 4530 α
2656 4478 2831 4535 Mons
2862 4480 2953 4532 est
2988 4490 3051 4531 1n
3090 4476 3367 4549 Aegypto
3398 4469 3713 4529 abducens
3744 4470 3807 4529 in
3838 4477 4072 4532 vastam

840 4581 1029 4635 tatem
1065 4572 1243 4651 quasi
1288 4571 1701 4633 haereditarie
1745 4576 2089 4647 acceperat,
2140 4570 2408 4649 discipu-

839 4672 969 4734 lum
998 4680 1304 4751 spectare,
1336 4678 1574 4732 ceteras
1606 4685 1749 4729 vero
1782 4668 1934 4728 duas
1965 4668 2041 4729 ad
2075 4670 2405 4730 Maearium

842 4774 1202 4847 no).mx6v,i.
1226 4787 1281 4829 e.
1315 4786 1391 4829 ex
1421 4768 1575 4829 urbe
1606 4766 1962 4841 oriundum,
1995 4784 2121 4845 quo
2153 4770 2406 4829 nomine

842 4874 1188 4933 Sozomeno
1238 4876 1396 4929 teste
1448 4868 1529 4947 (1)
1579 4867 1878 4928 Macarius
1930 4866 2401 4941 Alexandrinus,

914 5096 990 5161 (1)
1019 5094 1234 5147 Sozom.
1270 5092 1407 5146 Hist.
1438 5090 1581 5145 Eccl.
1628 5090 1723 5144 lib.
1750 5087 1817 5141 lll
1848 5103 1967 5159 cap.
2000 5088 2065 5141 H
2094 5089 2180 5141 ed.
2220 5087 2403 5142 Vales.

846 5203 898 5256 p.
925 5188 1047 5241 5l5.

916 5277 989 5345 (ἓ)
1023 5274 1153 5344 Cap.
1190 5274 1281 5336 29,
1313 5271 1420 5326 νγ.
1452 5271 1556 5325 ΡΡ.
1590 5271 1774 5323 Rosw.
1813 5286 1865 5338 p.
1904 5270 2029 5331 482,
2064 5270 2111 5319 l.

917 5367 994 5435 (ὖ)
1027 5364 1212 5417 Libell.
1244 5362 1332 5426 Ill,
1364 5362 1428 5415 15
1461 5378 1511 5429 p.
1551 5362 1676 5424 656,
1711 5362 1763 5412 2.

913 5458 990 5524 (4)
1016 5455 1148 5523 Cap.
1176 5456 1244 5509 ρο
1276 5470 1329 5525 ρ.
1356 5453 1478 5516 481,
1512 5454 1556 5505 l.

916 5548 992 5615 (5)
1026 5548 1159 5614 Cap.
1187 5546 1256 5598 42
1288 5563 1337 5614 p.
1370 5544 1493 5607 507,
1517 5545 1569 5597 ε.

917 5639 992 5707 (6)
1021 5638 1074 5689 In
1106 5636 1393 5705 Nicephori
1419 5635 1625 5689 Callisti
1650 5632 1853 5685 Eccles.
1888 5631 2023 5683 Hist.
2056 5630 2146 5681 lib.
2182 5628 2249 5681 IX
2276 5642 2395 5696 cap.

850 5731 916 5783 ιι
945 5729 1189 5782 versione
1220 5727 1385 5779 latina
1417 5725 1648 5794 legitur:
1688 5722 1958 5775 Macarius
1990 5718 2238 5771 urbanus.

918 5820 991 5877 (7)
1021 5819 1163 5872 Illam
1194 5834 1325 5872 uvae
1347 5817 1627 5870 historiam
1659 5814 1817 5867 nimis
1850 5814 2014 5864 libere
2040 5810 2286 5876 exposuit
2328 5806 2391 5859 ll.

2511 4575 2706 4636 Scetis
2749 4572 3168 4642 solitudinem,
3219 4570 3324 4647 qui
3374 4569 3635 4629 Pherme
3684 4568 4071 4647 appellatur;

2511 4676 2575 4735 in
2606 4691 2731 4751 quo
2775 4673 2883 4732 viri
2918 4672 3045 4731 fere
3102 4669 3420 4747 quingenti
3470 4668 3709 4737 sedent,
3747 4668 3853 4745 qui
3900 4685 4079 4729 exer-

2514 4779 2751 4831 centur.
2802 4772 2889 4829 Ex
2940 4768 3165 4846 quibus
3211 4766 3455 4835 Paulus,
3512 4764 3853 4825 monachus
3903 4770 4072 4843 epti-

2511 4890 2668 4942 mus,
2724 4878 2851 4929 toto
2898 4878 3179 4947 tempore
3226 4883 3337 4926 suo
3381 4866 3539 4928 hanc
3586 4867 3771 4927 vitam
3824 4869 4069 4944 agebat.

2505 5085 2649 5139 Bone
2677 5086 2727 5137 in
2762 5084 3031 5152 Legendis
3063 5083 3275 5153 poetice
3301 5082 3621 5151 descriptis.

2573 5178 2647 5246 (8)
2674 5177 2814 5231 Hist.
2844 5177 3007 5229 Laus.
3041 5175 3133 5228 ed.
3159 5174 3357 5227 Meurs.
3392 5189 3509 5243 cap.
3550 5175 3601 5226 7.

2575 5270 2652 5340 (9)
2686 5269 2822 5321 Ibid.
2860 5283 2979 5333 cap.
3013 5269 3097 5321 l8.

2577 5361 2691 5427 (10;
2726 5361 3021 5412 Palladium
3056 5369 3277 5413 secutus
3308 5357 3737 5411 iunioremillum
3772 5356 4071 5411 Macarium

2508 5467 2536 5503 a
2570 5451 2773 5504 nostris
2800 5450 3049 5503 Macariis
3083 5450 3217 5503 bene
3242 5448 3530 5516 distinguit
3556 5448 3897 5501 Sozomenus
3921 5447 4069 5503 Hist.

2509 5542 2759 5595 Eccl.lib.
2785 5540 2849 5593 IV
2881 5556 2997 5609 cap.
3018 5540 3085 5593 ἓξ)
3106 5538 3376 5594 ed.V:iles.
3403 5540 3581 5607 p.68l.
3602 5539 3961 5594 Sozomenum
3986 5556 4075 5594 se-

2507 5634 2691 5702 quitur
2716 5633 3051 5701 Nicephorus
3075 5633 3333 5686 Callistus
3364 5630 3506 5685 Eccl.
3544 5629 3683 5685 llist.
3719 5631 3809 5683 lib.
3840 5630 3910 5684 XI
3945 5644 4069 5703 cap.

2507 5725 2591 5779 55.
