4266 6360
256 361 352 415 101

1738 365 1959 431 νιτΛε.

3387 376 3491 431 101

256 472 588 551 Nunquam
638 490 799 554 Opus
826 475 1043 551 attigit,
1081 491 1197 537 nec
1246 484 1564 554 negotium
1609 496 1821 543 susce-
1854 497 1897 542 Α
1928 480 2303 543 editionibus
2332 500 2518 561 supra
2552 482 2633 562 (2)
2710 483 2971 560 egimus,
3008 484 3083 544 ad
3127 485 3327 547 solum
3354 489 3486 553 Ma.-

250 572 367 650 pit,
402 589 609 650 neque
664 574 743 633 ab
770 573 981 652 aliquo
1029 592 1306 654 unquam
1344 583 1585 655 accepit
1632 578 1818 657 quid-

249 690 463 750 quam,
492 681 741 751 praeter
766 674 936 752 quod
964 674 1104 753 ipso
1131 676 1230 736 die
1253 677 1628 740 comederet.
1652 681 1820 759 Opus

246 782 455 835 autem
505 775 966 837 exercitationis
1009 777 1144 839 eius
1187 776 1302 839 fuit
1364 796 1544 841 orare
1584 798 1816 860 perpe-

246 882 377 936 tuo.
414 882 613 955 Atque
649 884 905 939 statutas
935 878 1201 940 habebat
1232 897 1453 958 preces
1483 888 1813 954 trecentas,

245 995 402 1057 quas
428 978 551 1040 hoc
578 980 766 1040 modo
799 983 1142 1044 numeravit
1178 1001 1189 1042 :
1222 983 1494 1045 calculos
1523 984 1816 1046 collectos

243 1079 387 1138 sinu
420 1080 640 1153 tenuit,
681 1098 948 1159 quorum
986 1100 1180 1143 unum
1212 1092 1355 1161 post
1397 1102 1814 1163 unamquam—

244 1194 368 1255 que
402 1182 749 1241 orationem
792 1183 1039 1243 abiecit.
1071 1183 1175 1244 Vir
1201 1182 1477 1244 utilitatis
1523 1202 1593 1245 ac
1625 1184 1815 1245 collo-

245 1280 376 1359 quii
407 1281 743 1358 spiritualis
790 1284 982 1359 gratia
1032 1284 1323 1344 convenit
1358 1292 1643 1346 sanctum
1685 1287 1812 1345 Ma-

243 1382 479 1440 uarium
513 1383 809 1455 πολιτικόν,
858 1385 957 1443 cui
995 1401 1006 1441 :
1055 1385 1249 1457 Abba,
1296 1386 1519 1463 inquit,
1566 1386 1809 1458 Macari,

239 1481 483 1559 allligor
511 1483 710 1543 valde.
744 1484 856 1556 Qui
882 1484 1090 1545 dicere
1120 1502 1261 1546 eum
1292 1486 1497 1562 coegit
1539 1503 1808 1559 causam,

239 1584 323 1643 ob
367 1601 553 1660 quam
586 1584 950 1644 tristaretur.
1001 1587 1058 1644 Is
1092 1585 1320 1661 igitur:
1365 1588 1434 1645 In
1479 1585 1613 1645 vico
1659 1602 1813 1663 quo-

239 1684 405 1755 dam,
457 1684 682 1762 inquit,
746 1684 913 1760 virgo
966 1684 1228 1751 habitat.
1292 1701 1449 1763 quae
1498 1684 1810 1745 tricesimo

1922 583 2155 644 carium
2176 584 2659 646 Alexandrinum
2687 600 2820 645 esse
2850 583 3265 646 referendum.
3292 589 3484 652 Porro

1921 683 2123 761 capite
2167 684 2588 762 subsequente
2641 681 2721 763 (3)
2768 684 3074 745 Historiae
3132 687 3481 759 Lausiacae,

1921 783 2091 860 quod
2149 792 2282 861 Περὶ
2312 794 2570 861 Εὐλογίου
2604 794 2695 844 καὶ
2720 793 2812 845 τοῦ
2851 793 3227 863 λελωϐημένου
3256 798 3348 847 καὶ
3386 798 3484 865 τῆς

1920 891 2152 961 κρίσεως
2199 894 2290 945 τοῦ
2338 895 2491 961 ἁγίου
2532 895 2815 947 Ἀντωνίου
2848 885 3227 959 inscribitur,
3279 889 3475 948 Maca-7

1919 983 2046 1044 rius
2077 987 2137 1044 S.
2171 988 2420 1047 Antonii
2442 987 2782 1066 discipulus
2811 988 3169 1048 nominatur
3196 1006 3231 1049 a
3258 990 3482 1051 Cronio

1918 1085 2214 1162 quodam,
2254 1088 2363 1165 qui
2392 1086 2664 1149 Palladio
2694 1087 2849 1149 haec
2882 1087 3139 1149 retulit:
3170 1111 3198 1144 ‹‹
3228 1091 3333 1150 Est
3368 1108 3479 1151 au-

1915 1188 2039 1244 tem
2099 1187 2301 1260 [mons
2354 1188 2413 1246 S.
2466 1189 2736 1261 Antonii]
2785 1188 2949 1249 inter
2994 1190 3377 1269 Babylonem
3425 1206 3477 1253 ei

1915 1284 2276 1347 Heracleam
2307 1287 2461 1348 situs
2488 1289 2549 1348 in
2583 1295 2747 1351 vasta
2783 1290 3139 1364 solitudine,
3176 1308 3337 1369 quae
3366 1292 3484 1353 fert

1916 1383 1993 1443 ad
2031 1388 2183 1457 107
2210 1402 2380 1446 mare
2402 1388 2675 1449 Rubrum
2707 1406 2777 1449 ac
2804 1390 3051 1465 triginta
3095 1390 3225 1451 fere
3257 1392 3478 1452 millia-

1915 1482 2002 1542 ria
2017 1483 2195 1545 distat
2220 1502 2255 1545 a
2276 1486 2483 1547 ﬂuvio.
2509 1488 2596 1547 Ad
2619 1490 3063 1548 monasterium
3084 1491 3271 1565 igitur
3288 1509 3478 1569 quum

1915 1584 2219 1646 venissem
2249 1605 2446 1666 prope
2472 1589 2724 1649 fluvium
2754 1590 2938 1649 situm
2967 1607 3037 1650 ac
3065 1592 3266 1669 Pispir
3296 1609 3477 1654 voca-

1912 1689 2067 1757 tum,
2118 1687 2225 1746 ubi
2252 1688 2539 1767 discipuli
2572 1690 2705 1750 eius
2749 1690 3047 1751 sedebant
3077 1694 3376 1753 Macarius
3423 1702 3481 1755 et

238 1797 408 1841 anno
439 1780 558 1842 iam
592 1788 937 1841 exercetur.
976 1783 1167 1852 Quam
1195 1783 1374 1842 multi
1410 1782 1561 1843 mihi
1592 1799 1808 1842 narra-
1841 1817 1882 1871 B
1911 1788 2179 1860 Amatas,
2215 1789 2319 1866 qui
2350 1791 2537 1850 etiam
2573 1798 2854 1853 sanctum
2886 1793 3221 1853 Antonium
3252 1794 3478 1854 defun—

236 1888 383 1941 runt
423 1881 595 1941 nullo
638 1881 759 1943 alio
798 1882 897 1942 die
940 1881 1056 1943 nisi
1092 1883 1349 1942 sabbato
1397 1889 1458 1942 et
1496 1882 1809 1943 dominica

235 1987 446 2048 cibum
471 2004 740 2059 sumere,
774 1986 883 2046 sed
914 1992 1045 2046 toto
1074 1989 1229 2061 106
1250 1993 1531 2064 tempore
1556 1984 1807 2046 trahens

234 2087 661 2149 hebdomadas
692 2104 765 2148 ac
813 2094 954 2165 post
993 2086 1272 2164 quinque
1308 2086 1440 2147 dies
1471 2088 1807 2149 comedens

234 2190 551 2249 orationes
578 2187 723 2247 facit
753 2188 1197 2265 septingentas.
1240 2189 1371 2248 Hoc
1412 2204 1605 2264 quum
1642 2188 1804 2249 didi-

231 2290 450 2363 cerim,
485 2288 813 2369 reprobavi
862 2305 962 2349 me
1016 2289 1154 2367 ipse
1203 2289 1623 2368 perpendens,
1680 2308 1803 2363 me,

233 2389 557 2451 hominem
593 2389 956 2461 maioribus,
997 2405 1183 2467 quam
1204 2388 1332 2461 illa,
1364 2390 1645 2468 corporis
1669 2390 1811 2450 viri-

229 2496 350 2556 bus
391 2494 785 2565 instructum,
833 2490 1045 2570 plures
1085 2490 1379 2551 trecentis
1424 2491 1809 2553 orationibus

230 2596 442 2657 facere
473 2611 600 2655 non
630 2591 931 2673 potuisse.
968 2592 1385 2671 Respondens
1414 2602 1660 2653 sanctus
1689 2594 1811 2652 Ma-

228 2698 484 2761 carius:
534 2697 690 2773 Ego,
738 2694 964 2772 inquit,
1024 2692 1476 2770 sexagesimum
1526 2710 1644 2771 ago
1694 2712 1807 2755 an-

228 2816 405 2871 num,
440 2815 515 2858 ex
548 2813 673 2875 quo
707 2800 962 2855 statutas
995 2799 1247 2855 centum
1278 2794 1591 2855 orationes
1621 2794 1807 2869 facio,

228 2916 455 2979 eaque,
505 2913 667 2976 quae
711 2900 855 2957 sunt
896 2894 975 2956 ad
1022 2893 1387 2955 alimentum
1435 2896 1806 2970 necessaria,

226 3001 387 3062 meis
416 2997 570 3060 mihi
607 2996 896 3058 manibus
924 3011 1243 3073 comparo,
1276 3012 1347 3056 ac
1383 2994 1676 3058 fratribus
1706 2997 1811 3058 de-

226 3102 421 3163 bitam
449 3116 551 3161 me
576 3097 849 3160 adeundi
870 3096 1115 3176 cepiam
1146 3095 1367 3170 reddo,
1400 3113 1515 3159 nec
1537 3115 1638 3158 me
1666 3114 1804 3159 mea

226 3198 615 3263 conscientia
643 3196 878 3257 indicat
916 3194 1339 3273 negligentem
1382 3210 1539 3255 esse.
1571 3196 1663 3255 Tu
1704 3213 1805 3256 ve-

224 3321 323 3377 ro,
358 3319 552 3380 quum
580 3304 891 3361 trecentas
921 3296 1237 3359 orationes
1281 3294 1516 3358 faciens
1563 3312 1598 3356 a
1647 3311 1801 3356 con-

225 3404 488 3466 scientia
516 3399 831 3473 iudicaris,
871 3403 978 3460 aut
1005 3413 1135 3458 non
1174 3411 1333 3475 pure
1373 3412 1478 3456 eas
1508 3400 1571 3455 te
1598 3393 1803 3456 facere

224 3503 467 3583 prodis,
508 3507 643 3571 aut,
702 3498 985 3579 quamvis
1040 3496 1253 3576 plures
1299 3493 1507 3557 facere
1574 3494 1799 3573 possis,

224 3621 357 3666 non
384 3601 591 3664 facere
617 3598 723 3680 (1).
760 3622 789 3655 ι

304 3751 420 3813 Hic
476 3746 778 3810 Macarius
829 3753 1102 3815 πολιτικός
1146 3743 1189 3803 i.
1238 3758 1293 3803 e.
1348 3740 1802 3802 Alexandrinus

224 3852 601 3933 appellatur.
634 3846 811 3921 Quod
834 3859 1213 3922 cognomen,
1244 3842 1591 3901 Sozomeno
1620 3845 1798 3913 teste,

224 3952 513 4024 Macario,
570 3954 637 4010 ut
696 3947 986 4018 vidimus,
1032 3938 1450 4004 Alexandrino
1506 3937 1797 4010 inditum,

226 4053 351 4113 hoc
378 4056 619 4112 tantum
660 4044 971 4107 Historiae
998 4041 1329 4103 Lausiacae
1372 4039 1516 4100 loco
1550 4037 1797 4116 legitur.

224 4151 348 4212 Sed
379 4149 456 4211 ad
485 4147 590 4209 illa
618 4143 870 4207 Macarii
895 4140 1081 4202 verba
1110 4136 1562 4200 animadvertas
1592 4135 1803 4195 dicen-

221 4253 326 4323 tis,
356 4247 811 4325 sexagesimum
842 4243 940 4320 agi
966 4256 1223 4312 annum,
1256 4255 1333 4299 ex
1363 4253 1490 4317 quo
1521 4252 1657 4297 eam
1684 4235 1801 4296 sibi

222 4353 385 4412 vitae
408 4348 685 4426 regulam
717 4339 1206 4424 praescripserit.
1239 4338 1419 4399 Unde
1442 4336 1796 4409 Macarium,

224 4450 335 4529 qui
365 4465 567 4510 annos
603 4442 1010 4524 quadraginta
1045 4446 1225 4500 natus
1253 4437 1628 4515 baptismum
1659 4453 1795 4495 sus-

224 4556 502 4630 ceperat,
538 4562 704 4608 anno
740 4544 899 4603 vitae
930 4556 1078 4601 suae
1112 4537 1456 4600 centesimo
1504 4535 1567 4595 h.
1603 4552 1659 4595 e.
1696 4552 1795 4595 eo-

224 4653 370 4712 dem
412 4649 544 4709 fere
587 4653 894 4722 tempore,
936 4657 1064 4720 quo
1101 4656 1228 4699 una
1280 4654 1422 4699 cum
1467 4652 1543 4697 eo
1593 4635 1795 4696 Palla-

223 4752 365 4813 dius
394 4750 457 4810 in
487 4745 732 4807 Cellulis
765 4744 935 4814 vixit,
966 4741 1120 4802 illud
1154 4738 1344 4800 Paulo
1375 4737 1509 4798 seni
1538 4753 1799 4816 respon-

221 4867 365 4913 sum
402 4847 671 4917 dedisse,
704 4842 1106 4923 perspicuum
1151 4846 1265 4901 est.
1299 4837 1561 4898 Pherme
1591 4845 1797 4899 autem

222 4968 431 5022 mons,
475 4933 585 5026 qui
615 4947 681 5006 in
723 4943 1123 5006 solitudinem
1169 4940 1362 5001 Scetis
1406 4940 1717 5017 vergebat,
1762 4956 1797 4999 a

219 5048 472 5110 Cellulis
502 5044 667 5106 haud
712 5043 973 5103 multum
1011 5039 1227 5102 abfuit.
1276 5041 1321 5100 E
1353 5040 1581 5118 quibus
1613 5041 1797 5101 etiam

220 5150 436 5211 denuo
478 5144 838 5215 coniicitur,
874 5142 1037 5203 istud
1078 5148 1287 5221 caput,
1331 5141 1499 5220 quod
1541 5144 1656 5203 sub
1696 5143 1793 5203 in-

218 5248 363 5309 dice
409 5264 422 5305 :
474 5246 558 5304 De
623 5243 839 5303 Marco
908 5241 973 5301 in
1018 5239 1340 5301 codicibus
1387 5240 1799 5321 plurimisque

292 5466 369 5537 (1)
397 5464 603 5519 Textus
619 5477 847 5533 graecus
861 5461 1056 5532 legitur
1074 5460 1213 5514 infra
1228 5462 1280 5514 in
1300 5461 1492 5515 barum
1510 5463 1801 5527 Quaestio-

218 5573 353 5613 num
385 5555 701 5625 Appendice
733 5554 917 5623 priore
964 5554 1087 5609 sub.
1130 5552 1217 5618 ΙΙΙ,
1252 5554 1301 5607 1.
1331 5552 1413 5608 Cf.
1445 5551 1585 5610 Hist.
1630 5552 1798 5609 Laus.

216 5651 305 5705 ed.
346 5647 555 5701 Meurs;
583 5662 706 5714 cap.
736 5646 826 5712 23,
858 5644 950 5698 24.

290 5740 370 5803 (2)
410 5737 437 5809 §
475 5738 539 5791 19
572 5754 625 5805 p.
665 5738 731 5790 78
766 5752 887 5804 sqq.

223 5878 226 5883 λ
290 5831 370 5894 (ὅ)
402 5828 486 5883 Cl.
523 5827 761 5882 Palladii
808 5826 1103 5880 Historiam
1138 5826 1450 5880 Lausiacam
1496 5823 1563 5876 ad
1601 5823 1795 5876 codicis

1911 1893 2077 1946 ctum
2106 1889 2510 1967 sepelierunt,
2542 1892 2820 1971 quinque
2842 1893 3085 1966 diebus,
3110 1903 3179 1954 ut
3198 1902 3476 1955 sanctum

1907 1987 2245 2048 Antonium
2268 1990 2694 2063 convenirem,
2720 1991 3091 2070 exspectavi.
3119 1993 3229 2063 Qui
3256 1992 3330 2052 ad
3360 1991 3480 2054 hoc

1908 2090 2351 2150 monasterium
2376 2090 2564 2151 modo
2592 2098 2734 2169 post
2755 2092 3199 2163 decem,modo
3226 2102 3365 2172 post
3385 2096 3474 2154 vi-

1910 2185 2085 2262 ginti,
2104 2186 2416 2248 interdum
2436 2194 2496 2248 et
2518 2195 2657 2267 post
2680 2191 3130 2267 quinquaginta
3153 2191 3285 2252 dies
3307 2209 3480 2253 acce-

1910 2285 2058 2347 dere
2078 2286 2419 2361 dicebatur,
2450 2298 2637 2367 prout
2656 2289 2818 2349 Deus
2842 2308 2981 2351 eum
2996 2298 3206 2368 ageret
3228 2292 3305 2353 ad
3326 2292 3478 2353 sub-

1910 2387 2284 2449 veniendum
2305 2390 2401 2463 iis,
2430 2390 2537 2469 qui
2568 2406 2643 2451 eo
2661 2390 3059 2452 advenerant.
3079 2393 3241 2453 Varii
3271 2400 3477 2455 autem

1909 2488 2127 2551 fratres
2171 2491 2252 2551 ob
2280 2491 2476 2552 varias
2520 2492 2919 2554 necessitates
2963 2510 3475 2568 conveneramus,

1910 2609 1987 2653 ex
2020 2592 2246 2670 quibus
2270 2599 2330 2653 et
2352 2592 2647 2667 Eulogius
2687 2592 3138 2654 Alexandrinus
3166 2593 3302 2668 fuit,
3336 2612 3476 2657 cum

1912 2708 2116 2770 eoque
2155 2693 2312 2754 alius
2357 2693 2653 2754 membris
2691 2710 2968 2755 mancus.
3008 2717 3036 2751 ιο
3067 2697 3222 2756 Tum
3270 2714 3476 2771 causa,

1912 2809 2023 2852 cur
2050 2784 2344 2870 Eulogius
2389 2793 2739 2854 mutilatum
2792 2794 3109 2856 hominem
3149 2796 3223 2856 ad
3257 2814 3477 2859 mona-

1912 2893 2167 2953 sterium
2205 2917 2231 2947 α
2268 2894 2471 2970 Magni
2506 2917 2532 2948 υ
2574 2894 2922 2968 adduxerit,
2969 2897 3249 2975 exposita
3277 2897 3476 2959 Palla-

1911 2990 2050 3053 dius
2082 2992 2165 3053 ita
2193 2994 2434 3071 pergit:
2470 3018 2497 3048 «
2521 2995 2757 3067 Evenit,
2782 3001 2851 3055 ut
2870 2994 3063 3056 altero
3097 2996 3197 3057 die
3217 3014 3478 3074 magnus

1912 3094 2238 3169 Antonius,
2277 3095 2627 3173 chlamyde,
2682 3097 2842 3158 sicut
2884 3099 3142 3159 Cronius
3189 3101 3476 3175 narravit,

1908 3194 2172 3273 pellicea
2215 3197 2477 3258 amictus
2507 3215 2646 3259 sero
2694 3200 2939 3278 vesperi
2968 3201 3227 3262 veniret.
3279 3206 3477 3283 Atque

1902 3296 2221 3373 ingressus
2256 3305 2349 3359 est
2385 3300 2831 3361 monasterium
2862 3318 3066 3362 suum.
3100 3304 3229 3364 Hac
3268 3312 3476 3366 autem

1902 3394 1967 3455 in
2005 3396 2267 3457 Macario
2298 3397 2605 3477 discipulo
2651 3416 2765 3460 suo
2808 3400 2885 3461 de
2927 3401 3023 3474 iis,
3058 3404 3165 3481 qui
3201 3404 3473 3467 advene-

1902 3503 2061 3569 rant,
2117 3497 2559 3575 interrogando
2626 3503 2917 3561 utebatur
2990 3506 3473 3581 consuetudine,

1901 3603 1971 3657 ut
2000 3597 2341 3661 monachos
2370 3609 2616 3661 vocaret
2664 3602 3288 3682 Hierosolymitanos,
3335 3625 3473 3669 sae-

1902 3697 2143 3759 culares
2160 3715 2309 3760 vero
2334 3701 2696 3779 Aegyptios.
2719 3704 2973 3779 Magnus
2997 3703 3184 3781 igitur
3209 3724 3222 3766 :
3251 3708 3471 3769 Macari

1901 3796 2113 3871 frater,
2144 3799 2371 3877 inquit,
2402 3807 2792 3862 veneruntne
2829 3801 2952 3863 huc
2984 3803 3175 3883 aliqui
3211 3806 3477 3871 fratres?

1900 3898 2249 3976 Respondit
2279 3915 2291 3957 :
2323 3899 2663 3959 Venerunt.
2697 3901 2808 3963 Ille
2838 3919 2850 3961 :
2887 3903 3125 3965 Suntne
3163 3908 3472 3987 Aegyptii,

1902 4016 1979 4059 an
2018 3997 2617 4076 Hierosolymitani?
2656 4003 2851 4079 Eique
2897 4003 3144 4079 signum
3191 4006 3470 4083 dederat,

1900 4106 1969 4160 ut
1996 4116 2125 4172 eos,
2158 4100 2385 4179 quibus
2417 4101 2625 4161 minus
2656 4102 2887 4179 negotii
2919 4112 3101 4179 esset,
3136 4109 3474 4186 Aegyptios

1903 4216 2040 4259 esse
2083 4200 2339 4260 diceret.
2374 4203 2572 4279 Atque
2616 4202 2694 4262 ad
2734 4204 3073 4282 Aegyptios
3110 4208 3279 4284 quod
3326 4226 3468 4287 spe-

1902 4302 2041 4368 ctat,
2084 4296 2387 4357 Macario:
2419 4297 2591 4369 Para,
2625 4297 2851 4375 inquit,
2886 4298 3147 4373 lentem,
3185 4310 3245 4360 et
3288 4302 3362 4363 da
3399 4303 3475 4365 iis

1901 4397 2254 4459 comedere.
2279 4397 2513 4457 Deinde
2544 4416 2684 4458 cum
2712 4398 2787 4459 iis
2810 4400 3154 4461 orationem
3185 4401 3469 4477 faciebat,

1832 4498 1875 4552 D
1906 4515 2142 4576 eosque
2192 4498 2558 4559 dimittebat.
2604 4501 2776 4560 Tunc
2818 4502 3119 4563 Macarius
3161 4502 3239 4564 de
3293 4506 3474 4566 nobis

1905 4599 1987 4659 ob
2018 4598 2365 4659 mutilatum
2410 4596 2585 4657 illum
2614 4599 2937 4677 respondit
2964 4618 2977 4659 :
3020 4602 3189 4661 Mixti
3222 4603 3470 4665 adsunt.

1903 4697 2009 4757 Sin
2057 4697 2303 4758 dicebat
2343 4714 2355 4757 :
2405 4696 2949 4775 Hierosolymitani
3002 4709 3167 4774 sunt,
3226 4712 3473 4765 sanctus

1899 4816 2013 4877 per
2040 4806 2230 4859 totam
2270 4806 2516 4858 noctem
2552 4798 2828 4873 sedebat,
2876 4798 2953 4861 ad
2999 4818 3257 4879 eosque,
3308 4820 3467 4881 quae

1902 4900 1979 4960 ad
2010 4900 2266 4961 salutem
2310 4900 2646 4977 pertinent,
2683 4898 3076 4977 loquebatur.
3109 4900 3218 4961 Illa
3265 4910 3470 4962 autem

1903 5017 2162 5080 veSpera
2187 5003 2443 5078 Magnus
2466 4999 2691 5060 sedens
2714 5016 2933 5060 omnes
2953 5001 3469 5081 arcessivit...(4)»

1982 5147 2097 5207 Hic
2123 5146 2306 5223 igitur
2333 5147 2635 5207 Macarius
2655 5146 2715 5205 S.
2746 5145 2996 5206 Antonii
3026 5146 3309 5207 minister
3332 5146 3468 5219 fuit,

1906 5254 2093 5327 atque
2114 5250 2179 5307 in
2206 5247 2514 5309 coenobio
2538 5246 2931 5327 Pispiritano,
2957 5246 3126 5324 quod
3157 5253 3249 5307 est
3272 5264 3471 5327 prope

1915 5466 2325 5519 Vindobonensis
2375 5466 2531 5533 ﬁdem
2565 5464 2787 5517 breviter
2815 5463 3134 5516 delineatam
3183 5463 3321 5516 infra
3369 5479 3474 5519 n0-

1906 5568 2049 5610 strae
2082 5554 2304 5609 editioni
2336 5552 2606 5607 Historiae
2640 5550 2941 5607 Lausiacae
2976 5553 3363 5622 praepositam.

1975 5647 2051 5717 (4-)
2082 5648 2288 5701 Textus
2320 5660 2549 5713 graecus
2586 5652 2671 5698 est
2704 5644 2844 5698 infra
2879 5644 2933 5697 in
2963 5644 3155 5699 harum
3180 5642 3473 5709 Quaestio-

1905 5752 2032 5790 num
2062 5736 2374 5805 Appcmlice
2406 5736 2588 5804 priore
2622 5735 2723 5787 sub
2762 5733 2847 5789 Ill.
2890 5735 2942 5787 ‘2.
