4266 6360
800 369 903 424 105

1608 368 1710 421 SS.
1747 364 2201 421 MACARlORUM
2240 362 2562 419 AEGYPTII
2603 366 2692 421 ET
2742 367 3212 423 ALEXANDRINI

3942 368 4047 424 108

790 496 959 542 mare
973 477 1271 554 Rubrum,
1303 478 1621 553 habitavit,
1653 479 1935 541 Macariis
1968 480 2274 559 Aegyptio
2306 487 2367 540 et
2392 498 2443 553 Α
2472 482 2625 542 toris
2675 482 2933 561 ﬁguram
2979 482 3310 545 simulavit.
3350 483 3523 545 Unus
3559 489 3765 546 autem
3795 481 3995 545 accito
4032 502 4045 543 :

790 580 1209 644 Alexandrino
1273 580 1339 641 in
1393 580 1620 642 eremis
1682 580 1913 659 Libyae
1969 580 2365 659 degentibus.

790 686 985 756 Quem
1016 682 1269 763 quidem
1299 683 1361 742 S.
1393 680 1643 743 Antonii
1677 682 2027 743 ministrum
2063 700 2192 744 non
2221 681 2373 742 fuis-

791 800 859 845 se
891 784 1221 845 Macarium
1260 783 1656 861 Aegyptium,
1699 784 1901 855 exiis,
1936 800 2098 861 quae
2142 782 2221 844 de
2250 783 2371 844 hoc

793 883 1101 945 Palladius
1144 882 1373 957 retulit,
1416 884 1563 945 satis
1602 882 1937 961 colligitur.
1987 886 2205 963 Neque
2241 886 2369 945 Ma-

793 985 1029 1047 carium
1082 984 1569 1046 Alexandrinum
1617 984 1813 1047 fuisse
1857 1002 1999 1046 eum
2046 985 2372 1065 probabile

794 1091 906 1158 est,
936 1085 1129 1165 quod,
1156 1086 1206 1146 si
1235 1086 1475 1159 fuisset,
1508 1090 1670 1160 103
1697 1086 2005 1147 Palladius
2034 1086 2101 1146 in
2128 1087 2331 1166 capite
2357 1104 2370 1147 :

798 1214 824 1247 α
862 1191 947 1252 De
976 1190 1239 1252 Macario
1268 1188 1689 1251 Alexandrino
1725 1214 1752 1245 »
1801 1191 2103 1269 inscripto
2133 1191 2198 1251 id
2237 1191 2374 1253 lau-

795 1288 944 1352 dare
983 1308 1111 1352 non
1146 1291 1476 1352 omisisset.
1511 1290 1630 1351 Sed
1662 1292 1721 1350 S.
1742 1291 1991 1350 Antonii
2023 1291 2377 1351 ministrum

797 1389 989 1452 alium
1018 1392 1275 1452 omnino
1301 1391 1468 1452 illius
1505 1394 1808 1471 temporis
1838 1392 2170 1453 Macarium
2218 1393 2376 1454 fuis-

796 1505 886 1562 se,
922 1506 997 1550 ex
1027 1490 1125 1563 iis,
1163 1507 1324 1568 quae
1356 1489 1515 1551 infra
1547 1490 1624 1551 de
1665 1508 1740 1551 eo
1776 1491 2177 1564 disseremus,
2211 1491 2379 1553 clare

798 1592 1056 1671 patebit.

2474 583 2697 644 Dilexit
2729 592 2813 659 te,
2845 584 3075 663 inquit,
3104 585 3381 647 Christus
3410 587 3492 648 ob
3524 587 3683 648 vitae
3715 592 3852 646 tuae
3882 586 4051 646 inte-

2474 684 2757 760 gritatem
2800 684 3279 766 institutumque
3329 696 3502 747 tuum
3557 694 3619 747 et
3664 686 3935 759 advenit,
3982 692 4053 747 ut

2474 788 2535 840 te
2564 780 2807 855 videat;
2841 782 3139 860 egredere
3175 801 3209 844 e
3240 782 3393 844 cella
3422 798 3714 861 eumque,
3749 782 3800 842 si
3829 778 4051 861 procul

2475 886 2741 940 stantem
2790 880 3042 954 videris,
3096 882 3522 960 procumbens
3566 879 3779 940 adora.
3836 880 4055 954 Egres-

2474 997 2581 1041 sus
2618 980 2805 1058 igitur
2843 998 2877 1041 e
2915 981 3070 1043 cella
3109 982 3471 1043 comitatum
3513 981 3662 1041 vidit
3703 985 3861 1055 109
3906 978 4056 1039 lam-

2478 1080 2668 1159 padas
2722 1078 3057 1142 ferentium
3098 1089 3159 1142 et
3214 1081 3415 1161 spatio
3466 1080 3598 1141 fere
3644 1079 3826 1140 stadii
3872 1078 4051 1138 Anti-

2478 1179 2803 1253 christum,
2840 1197 3029 1259 quem
3077 1180 3499 1261 procumbens
3530 1180 3827 1241 adoravit.
3870 1180 4058 1240 Miser

2477 1286 2687 1341 autem
2730 1287 3059 1359 tantopere
3104 1281 3398 1343 subactus
3440 1288 3499 1341 et
3538 1279 3840 1359 deceptae
3880 1296 4060 1339 men-

2478 1379 2557 1439 tis
2594 1378 2731 1447 fuit,
2776 1384 2843 1438 ut
2883 1378 2983 1439 die
3012 1381 3431 1457 subsequente
3476 1379 3715 1439 veniret
3753 1380 3817 1439 in
3856 1377 4059 1440 eccle-

2480 1480 2632 1541 siam
2660 1487 2721 1541 et
2752 1498 2961 1543 coram
2983 1482 3274 1543 omnibus
3295 1481 3532 1543 diceret
3560 1500 3571 1541 :
3600 1480 3749 1541 Mihi
3777 1498 4059 1542 commu-

2480 1581 2669 1641 nione
2707 1598 2868 1660 opus
2899 1600 3024 1643 non
3064 1587 3194 1654 est;
3227 1580 3531 1641 Christum
3564 1581 3733 1641 enim
3774 1582 3900 1641 vidi
3946 1580 4061 1643 ho-

2481 1680 2605 1742 die.
2660 1683 2831 1742 Tunc
2893 1689 3099 1761 patres
3156 1681 3683 1761 comprehensum
3741 1698 3887 1742 eum
3945 1698 4062 1761 per

804 1848 814 1859 ,
877 1748 1160 1864 Demﬁlue
1228 1751 1529 1864 Μδίξδφυδ
1590 1751 1936 1864 ,Ρῗξδδδ-Υίῗξ
1988 1756 2383 1864 ,ωξξῖξξπδων
2413 1855 2451 1864 ᾳ
2482 1787 2729 1860 tempus
2750 1782 3002 1861 aliquod
3027 1782 3193 1843 ferro
3217 1783 3569 1843 vinxerunt.
3602 1784 3709 1843 Cui
3741 1782 4061 1844 continuis

799 1848 864 1961 inn
897 1848 1133 1959 capite,
1190 1847 1359 1925 quod
1410 1848 2012 1961 ins‘cribitur‘:“llfpl
2060 1848 2376 1961 Οὑάλεγξοςο
2413 1855 2455 1914 Β
2484 1847 2713 1942 deiide
2754 1847 3045 1960 pre‘cibus
3090 1898 3206 1961 pro

2418 1855 2455 1914 Β
2484 1847 2713 1942 deinde
2754 1847 3045 1960 precibus
3090 1898 3206 1961 pro
3246 1900 3322 1943 eo
3370 1882 3546 1943 factis
3596 1888 3655 1943 et
3691 1880 4062 1943 multimoda

800 1948 990 2009 Cuius
1030 1954 1271 2027 partem
1326 1964 1361 2007 e
1408 1946 1731 2008 codicibus
1784 1946 2380 2009 Vindobonensibus

800 2046 1192 2125 desumptam
1232 2063 1304 2107 ac
1335 2044 1525 2107 latine
1565 2046 1870 2108 redditam
1912 2045 2263 2109 adscribere
2300 2046 2377 2107 li-

803 2153 939 2208 ceat
965 2165 977 2207 :
1015 2172 1039 2201 (ι
1074 2146 1300 2207 Valens
1322 2146 1600 2225 quidam,
1626 2164 1855 2225 genere
1880 2146 2284 2218 Palaestinus,
2314 2145 2382 2207 in

803 2248 1201 2311 solitudinem
1234 2246 1553 2327 profectus
1597 2249 1855 2327 longum
1902 2255 2147 2328 tempus
2176 2247 2384 2309 nobis-

804 2367 947 2410 cum
978 2348 1294 2410 habitavit.
1324 2349 1440 2422 Qui
1465 2366 1659 2428 quum
1711 2348 1979 2409 maxima
2006 2346 2254 2408 vivendi
2291 2363 2386 2407 se-

804 2452 1057 2512 veritate
1108 2467 1417 2511 summam
1456 2450 1787 2511 asceticam
1838 2449 2025 2510 vitam
2064 2447 2382 2526 suscepis-

805 2560 921 2625 set,
950 2568 1104 2614 vana
1134 2552 1212 2613 de
1254 2568 1322 2613 se
1355 2550 1657 2630 Opinione
1698 2567 1770 2611 ac
1820 2549 2113 2628 superbia
2148 2565 2184 2609 a
2232 2547 2384 2609 dae-

805 2672 996 2717 mone
1023 2654 1242 2715 irrisus
1272 2659 1335 2715 et
1361 2652 1469 2714 tali
1500 2651 1853 2732 perniciosa
1890 2650 2082 2712 animi
2130 2649 2386 2711 calami-

808 2763 929 2818 tate
973 2756 1147 2818 brevi
1179 2762 1465 2834 tempore
1506 2754 1809 2833 deceptus
1853 2758 1970 2826 est,
2012 2758 2082 2812 ut
2130 2750 2389 2829 angelos

809 2872 953 2916 cum
990 2854 1130 2933 ipso
1158 2852 1537 2925 conversari,
1588 2859 1649 2912 et
1676 2852 1742 2911 in
1787 2850 2008 2929 quovis
2041 2848 2389 2909 ministerio

811 2956 930 3036 ipsi
968 2955 1269 3017 inservire
1309 2954 1583 3015 iactaret.
1636 2954 1693 3013 Is
1741 2950 2063 3030 quondam
2113 2955 2391 3029 sportam

811 3073 1148 3129 consuens,
1199 3060 1270 3115 ut
1318 3054 1453 3114 eius
1501 3052 1655 3113 socii
1708 3056 2057 3123 narrarunt,
2120 3050 2385 3129 vesperi,

814 3174 1008 3236 quum
1066 3155 1296 3217 multae
1343 3154 1637 3215 tenebrae
1696 3158 1937 3224 essent,
1990 3169 2202 3224 acum,
2264 3169 2389 3231 qua

813 3258 1180 3331 consuebat,
1218 3255 1442 3317 amisit.
1476 3256 1605 3327 Qua
1641 3272 1771 3314 non
1803 3254 2076 3324 inventa,
2118 3254 2389 3314 daemon

816 3360 873 3419 ei
902 3357 1256 3437 lampadem
1301 3355 1470 3429 fecit,
1508 3372 1631 3433 qua
1678 3371 1860 3416 acum
1909 3354 2162 3433 reperit,
2201 3355 2285 3415 ita
2321 3360 2391 3416 ut

816 3459 1004 3519 miser
1034 3459 1148 3518 iste
1187 3457 1382 3532 magis
1422 3456 1607 3516 etiam
1646 3470 1806 3514 vano
1854 3461 2099 3515 tumore
2135 3454 2389 3516 inﬂare-

817 3567 937 3620 tur.
968 3559 1075 3621 Dei
1101 3564 1307 3619 autem
1342 3555 1730 3635 providentia
1754 3554 2117 3615 fraternitati
2147 3554 2394 3615 calami-

816 3668 910 3721 tas
941 3660 1075 3721 eius
1122 3658 1302 3719 citius
1334 3656 1660 3717 manifesta
1707 3654 1865 3715 facta
1894 3661 2007 3714 est.
2040 3654 2196 3715 Nam
2224 3654 2390 3715 acci-

817 3759 928 3833 dit,
962 3764 1030 3819 ut
1059 3757 1341 3837 hospites
1363 3756 1616 3835 quidam
1637 3753 1929 3815 fratribus
1950 3753 2186 3815 fructus
2214 3754 2395 3815 aesti-

818 3877 926 3920 vos
973 3859 1289 3920 afferrent.
1342 3859 1615 3930 Quorum
1665 3854 2059 3934 manipulum
2100 3854 2393 3915 dominus

817 3956 1117 4019 Macarius
1155 3955 1481 4037 presbyter
1510 3952 1850 4030 unicuique
1878 3952 1944 4011 in
1971 3951 2259 4013 cellulam
2283 3953 2395 4013 mi-

820 4056 918 4128 sit,
956 4054 1313 4133 pariterque
1351 4051 1579 4112 misero
1616 4048 1881 4111 Valenti.
1914 4048 2028 4110 Hic
2075 4066 2243 4121 eum,
2284 4052 2394 4129 qui

819 4151 1128 4224 attulerat,
1162 4150 1503 4211 verberavit
1548 4156 1609 4209 et
1644 4147 2025 4209 contumelia
2065 4147 2342 4210 afficiens
2375 4168 2389 4209 :

819 4250 948 4322 Dic,
984 4249 1210 4327 inquit,
1261 4246 1526 4308 Macario
1558 4264 1569 4305 :
1602 4245 1682 4307 Te
1734 4245 2009 4306 deterior
2046 4262 2176 4307 non
2230 4265 2391 4321 sum,

820 4350 991 4429 quod
1036 4357 1104 4409 tu
1160 4348 1313 4409 mihi
1362 4362 1624 4407 munera
1679 4346 1907 4406 mittas.
1960 4347 2161 4417 Quum
2208 4346 2396 4423 igitur

819 4457 1071 4511 sanctus
1102 4446 1403 4508 Macarius
1435 4462 1578 4507 eum
1614 4444 1947 4524 deceptum
1985 4461 2121 4506 esse
2153 4462 2391 4523 cogno-

2486 1980 2892 2060 despectione
2946 1982 3195 2061 vitaque
3260 1984 3601 2043 austeriore
3646 2000 3866 2043 vanam
3916 1982 4061 2061 Opi-

2484 2081 2737 2141 nionem
2774 2082 3165 2164 ademerunt,
3196 2082 3280 2143 ita
3322 2089 3393 2143 ut
3420 2089 3761 2143 sanaretur.
3798 2083 4060 2143 Contra-

2484 2179 2591 2240 riis
2633 2179 2800 2240 enim
2855 2180 3163 2241 contraria
3202 2181 3584 2243 conveniunt
3632 2180 4061 2242 medicamene

2486 2288 2545 2340 ta
2578 2279 2684 2363 (ι).
2728 2304 2752 2334 η

2566 2402 2865 2461 Macarius
2920 2401 3023 2461 ille
3081 2402 3412 2481 presbyter
3474 2399 3799 2462 Valentem
3860 2400 4064 2461 corri-

2489 2498 2670 2579 piens
2703 2506 2765 2559 et
2792 2500 3159 2571 admonens,
3194 2500 3345 2577 quin
3378 2501 3676 2561 Macarius
3707 2499 4069 2561 Alexandri-

2488 2621 2629 2677 nus,
2686 2604 3015 2681 presbyter
3068 2601 3462 2671 Cellularum,
3521 2601 3730 2675 fuerit,
3790 2601 4070 2663 dubitari

2491 2705 2588 2764 vix
2658 2710 2889 2783 potest.
2950 2705 3104 2764 Nam
3166 2703 3488 2763 Valentem
3559 2703 3625 2763 in
3690 2702 4065 2773 solitudine,

2489 2805 2555 2865 in
2612 2821 2736 2882 qua
2799 2803 3111 2864 Palladius
3176 2802 3356 2876 vixit,
3410 2801 3473 2861 h.
3544 2819 3599 2863 e.
3649 2803 3716 2863 in
3780 2801 4067 2874 Cellulis,

2490 2907 2683 2983 longo
2760 2912 3043 2985 tempore
3117 2904 3423 2965 habitasse
3492 2903 3777 2981 legimus.
3840 2905 4070 2983 Sequi-

2496 3016 2593 3069 tur
2637 3008 2908 3071 narratio
2956 3008 3033 3069 de
3080 3010 3356 3081 Herone,
3396 3008 3505 3086 qui
3548 3031 3574 3062 α
3624 3006 3874 3067 beatum
3912 3008 4069 3066 Eva-

2495 3108 2698 3185 grium
2764 3133 2792 3163 ιι
2863 3108 3173 3169 consimili
3237 3108 3615 3169 contumelia
3675 3107 3885 3169 affecit
3960 3106 4066 3186 (Ξ).

2418 3198 2459 3254 C
2493 3208 2611 3268 Ubi
2657 3209 2959 3269 Hervetus
2990 3210 3054 3269 in
3098 3208 3378 3285 margine
3424 3207 3773 3287 adscripsit,
3827 3208 4070 3285 Evagrii

2492 3306 2634 3369 loco
2664 3308 2729 3368 in
2760 3307 2897 3369 aliis
2935 3308 3258 3370 codicibus
3304 3330 3331 3363 α
3365 3308 3696 3368 Macarium
3736 3309 4072 3387 presbyte-

2494 3425 2632 3467 rum
2665 3431 2691 3463 »
2726 3408 2849 3485 legi
2888 3408 2994 3485 (3).
3030 3410 3195 3480 Quae
3238 3406 3591 3485 corruptela
3626 3406 3845 3486 procul
3876 3406 4073 3467 dubio

2494 3507 2641 3567 inde
2695 3514 2835 3567 nata
2887 3514 2997 3579 est,
3048 3506 3215 3585 quod
3265 3507 3467 3585 capite
3526 3507 3939 3567 antecedente
3997 3509 4075 3569 de

2494 3606 2758 3667 Macario
2780 3606 3173 3685 presbytero,
3192 3606 3257 3664 in
3282 3623 3469 3683 quem
3491 3604 3715 3665 Valens
3735 3606 4078 3684 superbiiso

2493 3715 2609 3779 set,
2651 3713 2966 3767 narratum
3015 3712 3163 3767 erat.
3221 3706 3577 3766 Editionum
3619 3724 3876 3785 quoque
3933 3724 4072 3767 ver-

2494 3810 2872 3886 sionumque
2903 3807 3057 3868 locis
3085 3807 3204 3867 illis
3241 3808 3533 3867 nomina:
3570 3809 3873 3869 Macarius
3916 3818 4073 3870 πολι-

2492 3917 2662 3981 τικὸς,
2703 3908 3005 3968 Macarius
3055 3908 3114 3967 S.
3149 3910 3402 3970 Antonii
3448 3909 3813 3988 discipulus,
3862 3911 4073 3973 Maca-

2494 4009 2622 4068 rius
2671 4007 3021 4087 presbyter,
3072 4008 3291 4070 eadem
3337 4010 3775 4088 reperiuntur;
3815 4012 4073 4091 antiqua

2493 4106 2945 4174 autem,versio
2977 4106 3267 4169 historias
3294 4109 3371 4170 de
3403 4108 3595 4171 Paulo
3628 4116 3687 4172 et
3709 4110 3788 4172 de
3813 4112 4074 4173 Valente

2495 4206 2725 4265 omisit.

2571 4340 2699 4398 Iam
2723 4356 2871 4415 ergo
2887 4338 2964 4399 ad
2990 4340 3175 4400 tinem
3199 4358 3404 4401 rerum
3428 4344 3503 4404 de
3524 4344 3791 4405 Macario
3812 4343 4077 4406 Alexan-

2497 4436 2678 4498 drino
2722 4456 2757 4498 e
2795 4438 2954 4499 libro
2994 4440 3248 4501 Palladii
3293 4445 3872 4519 cognoscendarum
3926 4464 4075 4524 per-

820 4551 1030 4621 visset,
1065 4547 1214 4609 abiit
1240 4546 1315 4608 ad
1347 4562 1491 4606 eum
1529 4544 2009 4618 cohortandum,
2040 4552 2138 4606 et:
2167 4546 2396 4608 Valens
2428 4541 2473 4596 D
2499 4539 3439 4619 venimus.Transeamusigitur
3454 4545 3530 4605 ad
3552 4546 3761 4605 Ruﬁni
3781 4546 4075 4607 testimo-

821 4650 1031 4722 frater,
1065 4648 1292 4726 inquit,
1325 4647 1545 4707 illusus
1574 4664 1680 4720 es;
1716 4646 1931 4707 desine
1962 4652 2023 4707 et
2054 4648 2392 4726 deprecare

822 4747 1052 4811 Deum!
1094 4747 1207 4819 Qui
1244 4745 1736 4807 admonitionem
1784 4746 1918 4807 eius
1958 4763 2084 4807 non
2134 4747 2386 4819 audivit,

821 4850 930 4912 sed
969 4847 1341 4908 inobediens
1373 4845 1703 4907 oblocutus
1733 4851 1845 4905 est.
1883 4846 2176 4907 Diabolus
2206 4847 2390 4925 igitur

824 4964 1018 5028 quum
1082 4951 1473 5025 compertum
1533 4942 1810 5017 haberet,
1874 4946 2207 5005 maximam
2272 4947 2390 5007 sibi

824 5047 1007 5109 fidem
1054 5063 1197 5107 eum
1252 5044 1565 5115 habuisse,
1627 5044 1886 5120 ﬁguram
1940 5044 2390 5106 Salvatoris‘in-

822 5146 979 5218 duit,
1020 5152 1081 5205 et
1117 5149 1306 5205 noctu
1336 5143 1412 5203 ad
1452 5160 1596 5204 eum
1651 5144 1715 5203 in
1766 5143 2197 5222 phantasmate
2246 5164 2387 5207 cum

821 5246 991 5307 mille
1031 5243 1440 5305 daemonibus
1471 5242 1789 5321 lampadas
1822 5242 2166 5306 ferentibus
2196 5248 2388 5322 venit,

822 5354 1149 5423 rotamque
1173 5346 1415 5420 igneam
1451 5344 1819 5414 ostendit,in
1844 5360 1965 5421 qua
1982 5344 2395 5409 mediaSalva—

895 5561 1197 5631 (1)1‘extus
1216 5576 1444 5629 graecus
1462 5560 1657 5629 legitur
1676 5560 1814 5613 infra
1836 5561 1887 5612 in
1906 5560 2098 5613 harum
2114 5560 2397 5625 Quaestio-

826 5672 951 5709 num
990 5654 1301 5723 Appendice
1356 5655 1535 5721 priore
1568 5654 1669 5706 sub
1716 5650 1802 5706 lll.
1833 5653 1885 5706 5.
1914 5651 2001 5705 Cf.
2050 5651 2190 5707 llist.
2226 5651 2390 5706 Laus.

826 5749 907 5802 ml.
943 5747 1139 5801 Meurs.
1171 5762 1289 5815 cap.
1321 5746 1407 5797 5:2.

888 5840 965 5909 (9.)
990 5839 1192 5895 Tcxtus
1211 5834 1788 5909 graccusexstzitinfra
1814 5836 2077 5889 iubarum
2102 5835 2390 5901 Quaestio-

2503 4638 2604 4699 nia
2632 4638 2709 4700 de
2738 4640 3015 4701 Macariis
3044 4644 3348 4722 Aegyptio
3380 4652 3440 4705 et
3470 4645 3913 4707 Alexandrino.

3095 4803 3335 4864 CAPUT
3378 4806 3475 4864 IV.

2496 4962 2769 5005 RUFINUS
2823 4964 2902 5005 DE
2966 4964 3217 5007 SANCTIS
3282 4967 3567 5010 MACARIIS
3635 4968 3943 5013 AEGYPTIO
4003 4968 4078 5013 ET

3056 5044 3518 5089 ALEXANDRINO.

2581 5158 2607 5229 §
2652 5154 2745 5215 26.
2780 5158 2847 5215 In
2884 5157 3041 5219 libro
3074 5162 3351 5223 secundo
3381 5164 3505 5223 VV.
3537 5165 3652 5225 PP.
3684 5164 4076 5227 collectionis

2498 5256 2963 5317 Rosweidianae
3022 5259 3099 5319 de
3168 5262 3443 5324 Macariis
3499 5263 3652 5327 haec
3715 5266 4011 5344 leguntur
4060 5287 4071 5326 :

2503 5378 2530 5409 «
2565 5356 2905 5417 Narrabant
2934 5365 3141 5421 autem
3171 5360 3353 5424 nobis
3387 5367 3544 5437 110
3576 5366 3828 5446 quidam
3858 5384 3936 5429 ex
3967 5387 4078 5447 pa-

2504 5566 2629 5600 num
2666 5551 2976 5618 Appendice
3009 5553 3190 5620 priore
3224 5553 3325 5606 sub
3360 5553 3442 5614 Ill,
3479 5553 3544 5618 «ις
3580 5550 3716 5607 Hist.
3762 5550 3928 5607 Laus.
3982 5554 4073 5609 ed.

2501 5645 2699 5699 Meurs.
2736 5661 2855 5713 cap.
2896 5647 2982 5700 51.

2569 5737 2644 5807 (ὃ)
2691 5737 2802 5791 VV.
2837 5738 2940 5791 PP.
2977 5738 3156 5792 Rosw.
3197 5756 3247 5809 p.
3284 5741 3405 5801 τω,
3447 5740 3491 5791 1.
