4266 6360
280 391 382 446 £05

1790 382 2016 439 VITAE.

3420 389 3523 447 106

279 514 497 584 tribus,
562 512 667 588 qui
728 510 811 568 ibi
862 510 947 583 [in
993 503 1261 581 Cellulis]
1308 511 1504 579 erant,
1560 504 1731 584 quod
1783 506 1848 565 in
1878 509 1921 563 A
1952 510 2051 563 tur
2083 501 2186 581 (2).
2225 527 2251 557 »
2277 506 2777 583 Sequunturtres
2806 508 3191 568 narrationes
3216 507 3293 568 de
3313 507 3515 586 puclla

277 614 434 674 locis
455 612 573 673 illis
601 612 726 672 duo
746 608 988 671 Macarii
1006 608 1179 688 quasi
1202 607 1328 668 duo
1343 605 1502 669 coeli
1522 606 1850 667 luminaria

276 712 686 783 refulsissent,
740 727 817 771 ex
872 708 1099 788 quibus
1148 724 1314 768 unus
1364 707 1704 785 Aegyptius
1747 723 1851 784 ge-

277 829 427 873 nere
482 818 542 873 et
590 809 933 889 discipulus
980 807 1145 869 beati
1193 806 1447 868 Antonii
1494 806 1632 880 fuit,
1688 806 1847 867 alius

275 912 749 973 Alexandrinus.
806 910 1041 983 Quibus
1083 914 1153 970 ut
1202 906 1501 969 vocabula
1548 908 1842 982 nominis,

272 1012 355 1073 ita
378 1013 630 1073 virtutes
662 1012 852 1073 animi
876 1018 935 1073 et
963 1009 1328 1072 coelestium
1358 1009 1690 1087 gratiarum
1720 1027 1845 1071 ma-

274 1116 632 1192 gniﬁcentia
662 1115 1103 1177 concordabat.
1140 1115 1413 1191 Uterque
1444 1112 1612 1172 enim
1648 1114 1845 1173 Maca-

272 1218 426 1289 rius,
475 1222 737 1294 uterque
769 1214 1178 1276 abstinentiae
1222 1213 1530 1274 exercitiis
1570 1219 1629 1273 et
1659 1213 1845 1275 virtu-

268 1318 438 1377 tibus
466 1319 654 1377 animi
686 1316 1027 1395 aequaliter
1058 1314 1337 1393 pollens;
1378 1312 1499 1373 hoc
1529 1312 1663 1374 solo
1683 1313 1841 1375 alius

270 1416 698 1493 praecellens,
743 1415 912 1493 quod
972 1415 1147 1492 quasi
1206 1413 1652 1475 haereditatem
1698 1430 1837 1490 gra-

269 1518 491 1575 tiarum
553 1523 615 1577 et
669 1516 961 1575 virtutum
1019 1513 1183 1575 beati
1243 1512 1494 1573 Antonii
1551 1513 1837 1593 posside-

265 1615 511 1695 hat(1).
552 1640 579 1670 ιο

344 1719 434 1778 En
466 1718 795 1780 Macarium
837 1715 1203 1793 Aegyptium
1248 1714 1308 1773 S.
1344 1714 1593 1774 Antonii
1632 1715 1837 1791 magni

1949 602 2013 662 in
2050 620 2272 681 equam
2302 612 2556 678 mutata,
2590 606 2666 667 de
2701 606 2909 686 puella
2934 608 3200 681 minore,
3234 608 3410 670 cuius
3440 626 3515 669 ex

1948 718 2213 780 corpore
2256 705 2557 765 vermium
2592 707 2921 767 innumera
2962 706 3292 769 multitudo
3336 706 3509 769 ebul-

1944 800 2156 874 liebat,
2208 810 2268 863 et
2310 804 2387 865 de
2432 813 2679 867 mortuo
2729 805 2984 868 homine
3029 808 3104 867 ad
3142 808 3513 869 Hieracitam

1945 900 2327 965 haeretioum
2397 906 2806 969 refellendum
2877 909 3292 969 resuscitato:
3354 924 3515 987 quae

1942 1002 2058 1063 tria
2085 1004 2331 1065 Macarii
2355 1006 2643 1084 Aegyptii
2673 1006 2968 1067 miracula
2996 1007 3119 1067 iam
3143 1023 3217 1067 ex
3241 1004 3515 1067 Palladio

1944 1105 2350 1179 cognovimus
2383 1107 2490 1186 (3).
2542 1107 2777 1167 Finitur
2820 1106 3073 1167 demum
3118 1107 3389 1168 narratio
3434 1104 3515 1165 li.

1942 1201 2038 1263 bri
2087 1205 2345 1265 secundi
2376 1206 2453 1267 de
2481 1207 2747 1268 Macario
2788 1206 3093 1285 Aegyptio
3123 1204 3220 1267 his
3261 1206 3467 1267 verbis
3496 1223 3509 1265 :

1946 1327 1973 1359 α
2006 1304 2192 1365 Multa
2224 1308 2406 1367 etiam
2452 1313 2513 1367 et
2551 1307 2669 1368 alia
2699 1308 3057 1369 ferebantur
3090 1308 3167 1368 de
3214 1323 3313 1380 eo,
3352 1323 3511 1385 quae

1942 1405 2127 1465 nimis
2156 1406 2393 1484 prolixa
2426 1414 2568 1469 sunt
2599 1408 2673 1469 ad
2706 1408 3127 1481 scribendum,
3164 1406 3273 1467 sed
3308 1424 3383 1466 ex
3413 1404 3509 1466 his

1939 1505 2154 1582 paucis
2178 1506 2359 1566 etiam
2384 1514 2586 1568 cetera
2609 1507 2741 1567 eius
2764 1523 2954 1585 Opera
2978 1512 3321 1566 noscuntur
3345 1502 3450 1581 (4).
3478 1526 3504 1555 ιι

2018 1605 2215 1665 Nemo
2238 1605 2519 1683 profecto
2544 1606 2871 1679 dubitabit,
2892 1607 3041 1684 quin
3072 1604 3173 1666 hic
3207 1602 3505 1665 Macarius

1937 1705 2276 1783 Aegyptius
2332 1706 2496 1767 idem
2559 1706 2657 1779 sit,
2716 1706 2793 1767 de
2858 1722 2985 1783 quo
3049 1722 3233 1783 supra
3299 1702 3508 1765 retulit

265 1817 643 1896 discipulum
670 1818 1089 1894 virtutumque
1110 1816 1242 1875 eius
1265 1815 1441 1892 quasi
1465 1813 1827 1877 haeredem!
1864 1848 1906 1905 Β
1937 1802 1950 1861 Ῑ

1820 1815 1827 1877 ε
1864 1848 1906 1905 Β
1937 1802 2262 1864 Palladius.
2296 1806 2494 1876 Quare
2531 1805 2666 1865 iure
2696 1804 2979 1877 offendit,
3007 1803 3176 1883 quod
3206 1803 3505 1863 Macarius

263 1918 461 1986 Quam
512 1932 640 1976 rem
690 1920 1023 1991 antequam
1071 1912 1499 1992 expediamus,
1566 1912 1827 1992 reliqua,

262 2033 427 2093 quae
480 2014 558 2075 de
604 2016 869 2077 Macario
902 2015 1205 2092 Aegyptio
1248 2014 1313 2075 in
1360 2014 1517 2074 libro
1552 2015 1829 2076 secundo

262 2115 749 2192 subiunguntur,
781 2114 1104 2175 audiamus
1136 2130 1148 2172 :

346 2215 567 2275 «Hinc
626 2213 898 2291 denique
944 2212 1171 2285 ferunt,
1241 2212 1574 2291 aliquando
1636 2231 1829 2292 quum

260 2314 667 2376 homicidium
698 2314 763 2373 in
806 2312 959 2373 locis
989 2312 1206 2373 vicinis
1240 2311 1455 2373 fuisset
1491 2313 1826 2375 admissum

262 2426 323 2476 et
350 2414 674 2478 innocenti
702 2414 946 2475 cuidam
975 2413 1421 2490 impingeretur
1450 2414 1685 2475 crimen
1716 2414 1827 2476 ad-

257 2517 455 2588 missi,
503 2513 857 2591 confugisse
893 2512 970 2573 ad
1006 2512 1141 2572 eius
1174 2512 1458 2573 cellulam
1503 2531 1679 2587 eum,
1722 2516 1829 2593 qui

259 2617 636 2679 calumniam
669 2614 1035 2694 patiebatur.
1069 2611 1349 2674 Adfuisse
1374 2614 1555 2674 etiam
1586 2631 1693 2676 eos
1721 2616 1830 2695 qui

260 2720 702 2798 perurgebant,
750 2716 1085 2791 allegantes
1129 2721 1189 2774 et
1232 2713 1532 2787 dicentes,
1578 2716 1824 2793 pericli-

260 2822 378 2881 tari
410 2839 475 2881 se
504 2822 697 2898 ipsos,
732 2818 849 2879 nisi
878 2816 1405 2895 comprehensum
1436 2816 1677 2893 legibus
1710 2824 1829 2878 tra-

259 2921 485 2981 derent
536 2919 935 2981 homicidam.
989 2920 1046 2978 Is
1074 2934 1241 2989 vero,
1296 2917 1398 2978 cui
1433 2918 1671 2979 crimen
1716 2917 1829 2977 im-

259 3018 654 3097 pingebatur,
688 3034 827 3077 cum
858 3016 1257 3077 sacramentis
1287 3014 1649 3089 afﬁrmabat,
1682 3033 1831 3078 con-

1932 1904 2271 1981 Aegyptius
2300 1903 2457 1964 libro
2487 1905 2763 1965 secundo
2794 1906 2854 1964 S.
2884 1902 3133 1965 Antonii
3165 1899 3505 1980 discipulus

1934 2005 2394 2083 gratiarumque
2435 2004 2568 2066 eius
2611 2022 2680 2066 ac
2726 2005 3019 2067 virtutum
3062 2003 3240 2082 quasi
3282 2001 3505 2062 haeres

1930 2112 2207 2177 vocatur,
2268 2106 2445 2167 cuius
2510 2106 2822 2182 dignitatis
2899 2104 3203 2166 Palladius
3271 2101 3503 2164 nullam

1932 2203 2118 2284 plane
2154 2206 2537 2267 mentionem
2576 2205 2742 2267 fecit.
2778 2205 3020 2265 Etenim
3059 2202 3321 2281 legimus
3358 2200 3501 2281 qui-

1933 2299 2074 2361 dem
2096 2300 2161 2361 in
2189 2303 2535 2363 Meursiana
2555 2304 2860 2364 Historiae
2882 2302 3211 2364 Lausiacae
3230 2300 3502 2361 editione

1932 2396 2009 2459 de
2053 2399 2316 2461 Macario
2364 2400 2660 2478 quodam,
2694 2417 2883 2479 quem
2912 2400 3214 2461 virtutum
3249 2416 3502 2460 suarum

1931 2496 2263 2559 haeredem
2293 2499 2429 2561 fore
2467 2502 2529 2560 S.
2568 2501 2874 2563 Antonius
2914 2500 3052 2580 ipse
3090 2498 3499 2579 praedixerit;

1930 2597 2040 2657 sed
2066 2598 2275 2660 locum
2299 2602 2581 2679 spurium
2616 2619 2751 2663 esse
2783 2602 3161 2675 censuimus,
3194 2600 3499 2661 narratio-

1931 2714 2205 2777 nemque
2228 2702 2489 2763 Macario
2512 2702 2926 2764 Alexandrino
2954 2703 3030 2763 ab
3057 2701 3501 2782 interpolatore

1930 2797 2221 2859 tributam
2252 2801 2621 2880 Pispiritano
2652 2804 2868 2879 magis,
2890 2820 3077 2881 quam
3100 2802 3328 2865 nostris
3350 2818 3503 2865 con-

1931 2896 2141 2957 venire
2171 2900 2449 2961 Macariis
2485 2900 2591 2978 (5).
2627 2902 2711 2962 De
2740 2902 3005 2963 Macario
3041 2910 3249 2962 autem
3296 2904 3499 2979 Aegy-

1929 2997 2061 3075 ptio
2090 2998 2244 3059 nihil
2278 3000 2535 3062 omnino
2570 3001 2873 3063 eiusmodi
2905 3007 3312 3062 memoratum
3342 3000 3498 3063 huc-

258 3120 458 3179 scium
499 3134 566 3179 se
609 3134 743 3179 non
785 3134 921 3177 esse
968 3116 1289 3193 sanguinis
1330 3115 1515 3175 illius.
1566 3116 1639 3174 Et
1679 3132 1822 3176 cum
1870 3191 1882 3193 _
1932 3116 2133 3178 usque
2162 3100 2537 3166 invenimus-

258 3220 368 3279 diu
396 3220 474 3279 ab
506 3225 769 3295 utraque
803 3222 977 3295 parte
1011 3191 1326 3275 certamen
1355 3214 1707 3287 haberetur,
1738 3215 1831 3275 in-
1856 3191 1897 3248 c
2008 3223 2165 3283 Rem
2193 3240 2227 3283 a
2257 3225 2507 3285 Socrate
2539 3224 2817 3303 expediri
2843 3223 3008 3285 haud
3037 3230 3273 3286 temere
3305 3221 3503 3285 credi-

256 3318 617 3395 terrogabat
651 3323 902 3378 sanctus
926 3313 1248 3386 Macarius,
1278 3314 1385 3374 ubi
1416 3313 1692 3393 sepultus
1726 3331 1827 3375 es-

259 3428 355 3481 set
402 3421 512 3497 qui
542 3419 861 3479 dicebatur
900 3416 1164 3477 occisus.
1198 3417 1475 3494 Cumque
1506 3416 1826 3493 designas-

258 3527 398 3579 sent
429 3519 661 3591 locum,
704 3535 847 3580 cum
877 3517 1189 3586 omnibus,
1233 3515 1339 3592 qui
1374 3515 1449 3575 ad
1491 3532 1830 3593 perurgen-

258 3622 409 3679 dum
466 3618 785 3680 hominem
841 3626 1171 3691 venerant,
1223 3616 1426 3695 pergit
1482 3616 1559 3677 ad
1615 3619 1825 3696 sepul-

258 3720 505 3789 chrum,
544 3727 729 3797 atque
758 3719 844 3779 ibi
866 3719 1001 3778 ﬁxis
1032 3718 1315 3795 genibus,
1349 3717 1634 3777 invocato
1665 3718 1829 3777 Chri-

258 3824 337 3881 sti
389 3821 666 3891 nomine,
713 3820 796 3879 ait
832 3819 905 3879 ad
960 3834 1090 3890 eos,
1132 3818 1239 3896 qui
1275 3818 1598 3877 astabant:
1652 3820 1826 3881 Nunc

259 3922 561 3982 Dominus
606 3919 916 3990 ostendet,
967 3918 1017 3979 si
1062 3934 1205 3977 vere
1244 3934 1386 3977 reus
1425 3924 1515 3976 est
1552 3916 1674 3989 hic,
1720 3919 1823 3995 qui

258 4026 635 4100 perurgetur
676 4036 711 4079 a
744 4018 943 4078 vobis.
992 4018 1064 4076 Et
1110 4016 1341 4076 elevata
1388 4032 1539 4075 voce
1584 4032 1659 4075 ex
1706 4034 1825 4077 no-

256 4120 430 4182 mine
486 4119 709 4179 clamat
756 4116 1141 4177 defunctum.
1183 4117 1456 4191 Cumque
1500 4114 1557 4173 ei
1604 4115 1681 4175 de
1724 4132 1824 4176 se-

258 4221 527 4300 pulchro
573 4224 829 4280 vocatus
874 4215 1320 4295 respondisset,
1374 4214 1457 4274 ait
1503 4214 1578 4274 ad
1628 4231 1820 4274 eum:

256 4326 377 4383 I'er
408 4321 595 4381 fidem
624 4318 842 4379 Christi
884 4324 945 4377 te
990 4318 1288 4383 obtestor,
1322 4321 1388 4373 ut
1415 4314 1603 4385 dicas,
1649 4314 1699 4373 si
1747 4316 1823 4374 ab

255 4422 379 4483 hoc
410 4421 684 4492 homine,
736 4417 842 4497 qui
891 4414 1263 4477 calumniam
1295 4412 1546 4493 patitur,
1581 4413 1824 4474 occisus

1930 3320 2115 3395 deris,
2162 3324 2269 3400 qui
2321 3341 2515 3400 quum
2568 3323 2831 3401 reliqua,
2873 3339 3035 3401 quae
3089 3321 3166 3383 de
3224 3320 3501 3381 Macariis

1928 3422 2140 3495 refert,
2177 3439 2255 3482 ex
2291 3422 2464 3483 libris
2501 3423 2741 3500 Evagrii
2784 3428 3101 3483 mutuatus
3135 3420 3234 3494 sit,
3270 3418 3425 3481 haec
3465 3436 3501 3481 e

1928 3521 2087 3583 libro
2140 3524 2416 3585 secundo
2466 3524 2876 3601 assumpsisse
2920 3522 3203 3583 videtur:
3242 3544 3270 3576 α
3302 3522 3499 3582 Porro

1929 3623 2092 3684 inter
2116 3623 2480 3693 monachos,
2499 3624 2605 3702 qui
2626 3640 2701 3685 eo
2730 3628 3015 3701 tempore
3040 3621 3346 3693 vixerunt,
3372 3619 3501 3681 duo

1927 3720 2103 3781 fuere
2146 3722 2514 3783 sanctissimi
2553 3721 2776 3782 eodem
2822 3719 3075 3780 nomine
3114 3717 3495 3796 nuncupati;

1928 3806 2193 3897 uterque
2248 3820 2413 3880 enim
2477 3820 2776 3881 Macarius
2833 3818 3175 3878 dicebatur.
3224 3818 3499 3889 Quorum

1929 3916 2083 3977 alter
2132 3934 2209 3977 ex
2269 3918 2593 3996 superiore
2650 3921 2956 3995 Aegypto,
3000 3914 3155 3977 alter
3208 3931 3286 3975 ex
3342 3915 3487 3976 urbe

1928 4016 2296 4077 Alexandria
2324 4023 2452 4078 erat
2482 4016 2804 4078 oriundus.
2828 4017 3112 4075 Ceterum
3133 4013 3319 4075 ambo
3346 4030 3493 4093 prae

1927 4117 2150 4177 ceteris
2178 4116 2445 4177 illustres
2466 4116 2719 4175 fuerunt
2745 4121 2877 4175 tum
2908 4120 3167 4192 propter
3186 4112 3497 4173 abstinen-

1925 4216 2097 4287 tiam,
2130 4222 2260 4276 tum
2302 4216 2383 4277 ob
2426 4232 2632 4277 mores
2670 4220 2730 4274 et
2771 4213 3330 4285 conversationem,
3360 4218 3492 4272 tum

1928 4314 2009 4374 ob
2050 4314 2366 4387 miracula,
2394 4332 2555 4393 quae
2594 4332 2709 4393 per
2747 4329 2966 4374 eorum
3007 4328 3229 4373 manus
3263 4326 3489 4391 perpe-

1926 4413 2263 4475 trabantur.
2328 4414 2666 4492 Aegyptius
2720 4412 2976 4491 quidem
3047 4410 3349 4472 Macarius
3403 4415 3499 4471 tot

255 4521 362 4584 cs?
380 4525 553 4583 Tunc
582 4520 686 4581 ille
722 4522 798 4580 de
828 4514 1160 4595 sepulchro
1190 4514 1353 4575 clara
1385 4529 1539 4573 voce
1568 4529 1827 4591 respon-
1856 4528 1899 4583 Ι)
1929 4515 2163 4575 sanavit
2218 4531 2459 4591 aegros,
2501 4520 2592 4575 tot
2652 4513 2941 4575 obsessos
2999 4530 3033 4572 a
3085 4508 3499 4573 daemonibus

254 4626 345 4683 dit
372 4622 636 4683 dicens:
687 4636 815 4680 non
855 4635 921 4677 se
965 4633 1100 4677 esse
1148 4616 1224 4675 ab
1280 4630 1354 4673 eo
1405 4614 1820 4673 interfectum.

253 4726 327 4783 Et
376 4740 519 4783 cum
572 4718 985 4797 obstupefacti
1042 4733 1259 4777 omnes
1316 4714 1691 4775 decidissent
1747 4714 1823 4775 ad

253 4833 483 4883 terram
513 4839 583 4883 ac
625 4821 887 4899 pedibus
923 4819 1055 4879 eius
1086 4815 1579 4885 advolverentur,
1606 4832 1823 4890 rogare

252 4930 623 5001 coeperunt,
668 4928 736 4981 ut
766 4920 1174 4994 interrogaret
1203 4932 1367 4987 eum,
1414 4932 1449 4975 a
1495 4931 1621 4993 quo
1662 4921 1824 4975 esset

252 5026 523 5086 occisus.
554 5025 724 5083 Tunc
755 5021 861 5080 ille
894 5038 907 5077 :
940 5021 1097 5090 Hoc,
1129 5017 1352 5095 inquit,
1385 5031 1513 5075 non
1548 5015 1814 5074 interro-

253 5128 416 5206 gabo
437 5150 454 5194 ;
487 5125 711 5186 sufﬁcit
740 5124 909 5185 enim
936 5121 1109 5192 mihi,
1145 5127 1212 5181 ut
1240 5120 1546 5179 innocens
1586 5116 1816 5177 libere-

251 5239 384 5302 tur;
414 5245 541 5289 non
564 5233 655 5286 est
673 5234 874 5286 autem
896 5240 1128 5295 meum,
1166 5222 1318 5291 ιιι
1348 5224 1415 5279 ut
1436 5235 1576 5279 reus
1598 5218 1820 5295 proda-

322 5412 401 5481 (1)
434 5409 543 5461 VV.
579 5408 679 5461 PP.
760 5406 940 5459 Rusw.
993 5405 1089 5458 lib.
1134 5402 1172 5456 ll
1222 5419 1342 5469 cap.
1386 5401 1456 5455 28
1500 5416 1552 5470 p.
1598 5400 1721 5464 479,
1760 5402 1813 5453 2.

249 5502 435 5556 Ruﬁni
486 5500 622 5567 Opp.
676 5498 765 5553 ed.
816 5494 1050 5550 Vallarsi
1096 5512 1147 5563 p.
1196 5495 1319 5555 193.
1377 5493 1553 5561 Migne
1610 5492 1813 5545 Patrol.

250 5598 317 5649 τ.
353 5593 472 5647 xxu
511 5610 560 5660 p.
598 5591 700 5643 με)
734 5606 816 5656 sq.

324 5688 403 5753 (2)
438 5684 541 5738 VV.
584 5684 681 5736 I’P.
715 5682 891 5735 Rosw.
919 5680 953 5731 1.
978 5679 1051 5739 l.;
1082 5676 1261 5728 Ruﬁni
1290 5676 1425 5743 (ipp.
1461 5675 1547 5727 ed.
1588 5673 1705 5727 Vull
1727 5676 1814 5726 irsi

253 5786 283 5835 ιΔ
320 5784 380 5836 ι..
426 5778 599 5845 Mignc
630 5778 661 5828 ι.
696 5777 729 5827 ι.
765 5792 815 5843 p.
841 5774 963 5825 450.

330 5871 408 5939 (3)
437 5869 519 5925 Cf.
551 5884 710 5938 supra
740 5868 911 5935 Caput
948 5881 979 5915 υ
1120 5862 1197 5913 1:1.
1241 5861 1314 5913 l3.
1363 5859 1437 5911 li.
1480 5859 1559 5911 17.

1927 4614 2229 4687 liberavit,
2257 4617 2411 4688 112
2433 4622 2519 4686 ut,
2542 4631 2704 4693 quae
2730 4631 2844 4693 per
2868 4613 3124 4691 gratiam
3151 4611 3261 4674 Dei
3280 4612 3494 4689 gessit,

1927 4725 2280 4795 separatum
2303 4733 2460 4795 Opus
2483 4716 2839 4777 desiderent
2864 4714 2969 4794 (6).
2994 4738 3021 4769 υ
3049 4714 3217 4785 Quae
3238 4712 3493 4792 quidem

1927 4818 2193 4877 Socratis
2232 4817 2414 4877 verba
2451 4817 2532 4876 ita
2572 4833 2713 4877 cum
2760 4815 2919 4876 libro
2968 4813 3245 4876 secundo
3275 4812 3492 4874 conci-

1928 4922 2105 4987 nunt,
2137 4922 2206 4975 ut
2234 4916 2532 4993 suspicari
2561 4914 2763 4987 liceat,
2788 4912 2966 4985 illud,
2985 4912 3154 4991 quod
3186 4917 3493 4985 narratur,

1924 5018 2254 5077 Macarium
2299 5016 2672 5094 Aegyptium
2720 5017 2780 5075 S.
2822 5014 3073 5075 Antonii
3116 5012 3491 5092 discipulum

1922 5118 2341 5195 virtutumque
2389 5116 2522 5176 eius
2575 5115 2753 5194 quasi
2806 5112 3142 5176 haeredem
3172 5114 3386 5187 fuisse,
3425 5114 3491 5174 in

1925 5219 2200 5297 genuino
2241 5234 2465 5295 graeco
2494 5216 2634 5278 libri
2673 5214 2933 5277 secundi
2968 5220 3163 5288 textu,
3196 5231 3323 5293 quo
3371 5214 3489 5275 So-

1990 5404 2065 5471 (4)
2097 5401 2209 5455 νγ.
2253 5400 2355 5455 PP.
2386 5400 2565 5456 Rosw.
2602 5401 2637 5452 l.
2672 5401 2705 5454 I.
2750 5416 2802 5468 p.
2835 5398 2962 5462 £80,
2999 5398 3072 5462 ‘1;
3107 5396 3341 5449 Vallarsi
3374 5395 3411 5449 l.
3448 5395 3480 5446 l.

1920 5510 1971 5563 p.
2010 5492 2129 5556 196,
2168 5492 2345 5561 Migne
2372 5493 2403 5544 l.
2441 5494 2475 5544 Ι.
2512 5508 2560 5560 ρ.
2592 5490 2716 5543 452.

1991 5588 2066 5653 (5)
2103 5585 2183 5639 Cf.
2212 5600 2374 5653 supra
2406 5582 2581 5652 Caput
2613 5581 2678 5635 111
2708 5599 2757 5649 p.
2798 5581 2896 5634 t02
2922 5597 3041 5649 sqq.

1991 5676 2063 5741 (ὃ)
2100 5674 2257 5729 Socr.
2294 5674 2432 5727 liist.
2488 5672 2630 5726 Eccl.
2676 5672 2769 5725 lib.
2816 5668 2881 5723 ιν
2930 5684 3051 5737 cap.
3075 5666 3145 5721 Τό
3181 5664 3268 5719 ed.
3300 5663 3485 5718 Val-‘5.

1923 5786 1972 5834 ιι.
2016 5767 2139 5819 234.
