4266 6360
792 393 893 451 I07

1592 394 1691 449 SS.
1736 394 2193 451 MACARIORUM
2232 394 2547 449 AEGYPTII
2599 397 2686 451 ET
2726 396 3189 452 ALEXANDRINI

781 512 979 569 crates
1036 508 1345 575 utebatur.
1393 524 1518 569 non
1575 508 1929 582 inventum,
1972 509 2080 571 sed
2140 509 2351 570 Ruﬁni
2384 516 2423 567 A
2452 512 2551 583 sit,
2584 518 2646 572 et
2692 520 2833 589 aget
2884 508 3353 591 poenitentiam,
3391 514 3457 569 ut
3502 508 3767 571 salvetur
3808 506 4018 569 anima

781 604 1134 685 interpretis
1157 604 1414 667 fortasse
1439 614 1858 668 commentum
1881 625 2036 679 esse,
2055 614 2159 670 aut
2180 614 2348 688 post-

777 706 1033 767 modum
1063 722 1097 766 a
1129 722 1316 766 manu
1351 704 1808 783 interpolatrice
1836 723 1973 768 esse
2010 709 2339 769 adiectum.

862 806 1148 865 Ruﬁnum
1184 804 1434 884 quidem
1464 805 1626 865 inter
1655 809 1812 867 duos
1846 809 2343 886 Macarios,quos

778 903 845 964 in
873 904 1345 965 Continuatione
1383 904 1687 967 Historiae
1714 906 2175 969 Ecclesiasticae
2213 910 2336 968 Eu-

780 1002 937 1063 sebii
964 1009 1141 1064 vocat
1168 1003 1272 1081 (1),
1295 1004 1622 1065 Macarium
1656 1004 2137 1068 Alexandrinum
2169 1016 2339 1068 retu-

784 1101 925 1165 lisse
958 1120 1036 1164 ex
1067 1109 1363 1165 contextu
1400 1111 1689 1183 apparet;
1722 1123 1915 1184 quum
1955 1123 2101 1167 vero
2141 1106 2337 1167 Isido-

781 1217 941 1271 rum,
989 1200 1398 1274 Heraclidem,
1444 1203 1741 1263 Pambum
1789 1203 1955 1264 idem
2003 1204 2342 1284 discipulos

779 1301 832 1359 8.
904 1300 1144 1362 Antonii
1211 1301 1504 1380 appellet,
1553 1300 1671 1363 hoc
1731 1303 2099 1363 vocabulum
2154 1320 2343 1365 sensu

781 1398 995 1460 latiore
1016 1400 1446 1479 accipiendum
1465 1417 1603 1461 esse.
1624 1401 1885 1462 videtur.
1904 1404 2119 1479 Neque
2136 1403 2342 1463 minus

780 1501 843 1561 in
873 1500 1171 1579 Apologia
1203 1502 1550 1577 [Invectiva]
1584 1503 1637 1561 II
1668 1502 1747 1581 (2)
1779 1503 2041 1563 Ruﬁnus
2074 1526 2101 1557 α
2136 1505 2336 1563 Maca-

780 1597 939 1658 rium
984 1600 1235 1660 Antonii
1275 1599 1651 1679 discipulum
1687 1624 1712 1655 ››
1746 1608 1807 1660 et
1843 1624 1869 1655 ‹‹
1902 1598 2164 1661 alterum
2209 1603 2337 1661 Ma-

779 1698 1013 1758 carium
1061 1722 1089 1754 n
1137 1706 1600 1771 commemorat,
1658 1699 1767 1759 ubi
1845 1708 2053 1761 tamen
2131 1708 2338 1761 utrum

778 1798 1183 1859 Macariorum
1203 1798 1295 1859 vel
1326 1816 1475 1859 num
1498 1800 1753 1859 omnino
1783 1817 1976 1860 unum
2008 1816 2084 1859 ex
2111 1801 2339 1861 nostris

778 1895 1021 1970 dixerit,
1085 1913 1213 1959 non
1278 1897 1659 1977 intelligitur.
1722 1900 1920 1970 Quare
1986 1898 2337 1959 Macarium

775 1994 1146 2074 Aegyptium
1190 2014 1225 2059 a
1271 1998 1498 2059 Ruﬁno
1555 2000 1617 2058 8.
1664 1998 1915 2059 Antonii
1964 1998 2337 2079 discipulum

777 2096 1031 2175 preprie
1064 2098 1294 2171 vocari,
1325 2105 1496 2160 certo
1526 2114 1655 2160 non
1685 2104 1946 2160 constat.

854 2199 1051 2275 Atque
1078 2196 1403 2257 Macarium
1435 2197 1803 2276 Aegyptium
1832 2198 1893 2257 S.
1942 2197 2192 2259 Antonii
2238 2196 2335 2259 di-

772 2292 1085 2371 scipulum
1107 2292 1295 2354 fuisse
1310 2294 1789 2373 praeterlibrum
1812 2293 2043 2355 secund
2055 2310 2153 2354 um
2168 2292 2337 2353 solus

763 2392 1101 2453 Makrizius
1132 2392 1337 2457 habet.
1364 2393 1686 2454 Makrizius
1715 2409 1857 2455 eum
1896 2410 1931 2453 a
1968 2394 2029 2453 S.
2068 2392 2336 2454 Antonio

775 2495 943 2550 veste
997 2487 1446 2552 monachorum
1490 2489 1776 2551 indutum
1814 2495 1875 2550 et
1920 2490 1985 2551 in
2031 2490 2337 2551 Wadi—al-

774 2590 1010 2651 Natrun
1037 2590 1079 2650 i.
1109 2606 1165 2651 e.
1191 2591 1257 2651 in
1292 2590 1511 2652 vallem
1548 2589 1775 2651 Nitriae
1817 2589 2082 2665 [deserta
2119 2590 2333 2665 Scetis]

775 2689 1032 2750 missum
1072 2704 1233 2763 esse,
1258 2706 1335 2751 ex
1372 2690 1703 2752 traditione
1742 2688 2005 2750 fortasse
2046 2690 2336 2751 coenobii

774 2788 1101 2851 Macariani
1131 2788 1338 2850 retulit
1370 2788 1475 2869 (3).
1509 2789 1615 2849 Cui
1651 2796 1859 2849 tamen
1896 2793 2111 2866 aperte
2154 2787 2334 2849 oblo-

773 2895 1049 2968 quuntur
1062 2888 1356 2951 historiae
1370 2889 1513 2951 libri
1526 2890 1857 2968 quintiVV.
1882 2891 1998 2949 PP.
2014 2891 2216 2949 Rosw.
2250 2889 2331 2968 (4)

774 2996 835 3050 et
867 2987 1472 3069 ApOphthegmatum
1501 2988 1786 3051 Cotelerii
1817 2988 1923 3068 (5),
1951 2987 2179 3067 quibus
2206 2991 2333 3048 Ma-

774 3089 1006 3152 carium
1054 3093 1404 3169 Aegyptum
1454 3096 1675 3169 sponte
1716 3090 1781 3150 in
1820 3090 2046 3150 Scetim
2084 3089 2331 3161 abiisse,

776 3205 979 3266 neque
1024 3188 1143 3249 nisi
1184 3190 1528 3268 posteriore
1574 3195 1855 3268 tempore
1897 3190 1956 3249 S.
2001 3188 2332 3249 Antonium
2363 3188 2403 3244 C

776 3287 1053 3349 invisisse
1088 3288 1366 3351 traditur.

854 3408 1243 3487 Quapropter
1271 3425 1305 3468 e
1332 3407 1535 3469 verbis
1563 3407 1705 3469 libri
1733 3408 1990 3469 secundi
2013 3406 2163 3467 nihil
2185 3408 2336 3468 certi

775 3505 984 3581 colligi
1019 3523 1205 3584 posse
1225 3506 1489 3578 videtur,
1522 3506 1641 3567 nisi
1681 3506 1849 3584 quod
1895 3514 1954 3566 et
1995 3524 2071 3565 ex
2117 3507 2337 3567 ceteris

777 3603 1050 3665 fontibus
1079 3605 1397 3680 efﬁciatur,
1425 3607 1753 3666 Macarium
1783 3605 2093 3665 interdum
2126 3623 2200 3666 ex
2229 3623 2337 3667 ore

775 3704 835 3761 8.
876 3703 1148 3774 Antonii,
1179 3722 1366 3783 quem
1404 3704 1648 3776 viserat,
1678 3704 1955 3764 instituta
1992 3703 2150 3764 vitae
2185 3706 2337 3776 113

776 3802 1175 3864 monachicae
1194 3805 1547 3883 percepisse
1562 3821 1829 3882 eumque
1850 3802 2031 3864 laude
2048 3802 2337 3862 virtutum

776 3918 975 3979 paene
1006 3904 1464 3981 aequiparasse.

850 4023 959 4083 His
1000 4026 1297 4103 expositis
1339 4024 1540 4086 solum
1586 4030 1772 4085 restat
1808 4024 1978 4103 quod
2024 4039 2333 4093 moneam,

777 4124 1217 4195 narrationem,
1247 4143 1433 4203 quam
1480 4126 1796 4187 attulimus
1846 4125 1923 4185 de
1970 4131 2217 4184 mortuo
2261 4122 2338 4183 ad

775 4224 1167 4302 purgandum
1232 4223 1573 4298 hominem,
1632 4226 1740 4303 qui
1808 4222 2128 4284 homicidii
2182 4221 2338 4283 falso

774 4325 1201 4395 accusabatur,
1252 4341 1286 4384 a
1339 4325 1603 4384 Macario
1659 4322 2023 4385 resuscitato
2078 4321 2209 4383 fere
2262 4324 2338 4382 ad

776 4423 1031 4483 verbum
1066 4424 1131 4483 in
1171 4422 1329 4484 libro
1361 4424 1540 4483 tertio
1568 4424 1713 4501 legi,
1742 4422 1851 4483 ubi
1886 4429 2094 4483 tamen
2122 4421 2188 4481 in
2218 4422 2340 4482 ﬁne

2452 612 2586 673 eius
2628 610 2733 689 (6).
2772 635 2800 667 ι

2530 756 2557 827 §
2601 750 2695 812 27.
2741 754 2937 823 Quum
3002 750 3080 811 de
3143 748 3409 839 Macario
3478 744 3895 808 Alexandrino
3948 744 4018 807 in

2449 852 2920 913 Continuatione
2950 850 3250 911 Historiae
3272 846 3739 910 Ecclesiasticae
3762 844 4018 905 Eusebii

2449 954 2712 1014 Ruﬁnus
2744 954 2880 1031 ipse
2919 950 3299 1030 exposuerit,
3331 965 3468 1010 eam
3511 947 3783 1027 primum
3818 962 4015 1006 excu-

2446 1052 2691 1113 tiamus.
2717 1052 2833 1112 Ubi
2862 1050 2939 1111 de
2968 1050 3139 1111 Lucii
3169 1048 3535 1109 Arianorum
3562 1044 3847 1125 episcopi
3874 1060 4020 1124 per-

2446 1150 2869 1212 secutionibus
2906 1149 2971 1209 in
3016 1148 3303 1209 eremitas
3338 1147 3523 1208 verba
3562 1144 3799 1206 faciens
3836 1149 4015 1222 post-

2447 1266 2632 1329 quam
2691 1248 2984 1327 scripsit:
3038 1270 3065 1302 α
3112 1248 3232 1308 Per
3284 1247 3453 1308 idem
3507 1252 3756 1325 tempus
3807 1253 4020 1324 patres

2446 1346 2895 1408 monachorum
2922 1346 3080 1407 vitae
3107 1352 3169 1407 et
3195 1344 3576 1423 antiquitatis
3620 1342 3843 1403 merito
3883 1343 4015 1402 Ma-

2446 1446 2648 1507 carius
2691 1452 2752 1506 et
2804 1444 3080 1505 Isidorus
3132 1443 3415 1521 aliusque
3469 1441 3769 1502 Macarius
3822 1446 4016 1518 atque

2444 1544 2801 1606 Heraclides
2851 1549 2907 1605 et
2956 1544 3223 1603 Pambus
3268 1541 3519 1602 Antonii
3564 1538 3857 1619 discipuli
3898 1555 4020 1618 per

2444 1648 2795 1722 Aegyptum
2824 1649 2885 1703 et
2914 1642 3183 1703 maxime
3208 1642 3274 1702 in
3302 1641 3531 1700 Nitriae
3562 1637 3792 1700 deserti
3827 1636 4019 1716 parti-

2443 1740 2559 1801 bus
2585 1740 2971 1801 habebantur
2995 1788 3009 1801 .
3038 1787 3051 1801 .
3082 1787 3095 1801 .
3123 1738 3231 1819 (7),
3261 1764 3288 1795 ιι
3314 1738 3473 1801 hanc
3510 1744 3727 1818 postea
3756 1736 4019 1798 subiun-

2374 1861 2411 1914 Β
2442 1841 2528 1917 git
2555 1840 2872 1901 historiam
2899 1856 2911 1898 :
2941 1862 2968 1895 α
3006 1843 3161 1899 Ante
3196 1836 3649 1917 aliquantulum
3675 1850 3823 1896 vero
3852 1840 4016 1894 tem-

2440 1939 2612 2017 poris
2657 1955 2879 2000 caecus
2933 1938 3187 2016 quidam
3242 1937 3499 2015 rogabat
3548 1934 3772 1997 deduci
3817 1951 3885 1995 se
3932 1933 4015 1995 ad

2439 2038 2727 2101 cellulam
2760 2038 3027 2112 Macarii,
3052 2056 3214 2118 quae
3243 2045 3373 2099 erat
3396 2038 3461 2098 in
3493 2038 3762 2109 deserto,
3786 2035 4015 2096 itinere

2436 2139 2622 2200 trium
2654 2139 2917 2201 dierum.
2952 2140 3085 2211 Quo
3114 2144 3517 2219 posteaquam
3557 2152 3781 2198 caecus
3809 2133 4015 2196 multo

2438 2236 2824 2299 ductantium
2874 2238 3087 2299 labore
3139 2236 3440 2316 pervenit,
3490 2234 3821 2295 Macarium
3877 2250 4013 2294 non

2437 2336 2671 2416 reperit
2717 2336 2906 2398 domi.
2953 2336 3359 2397 Contristatus
3418 2332 3586 2394 valde
3655 2331 4015 2392 nullatenus

2436 2438 2719 2513 mitigare
2762 2434 3137 2496 moestitiam
3179 2440 3445 2513 poterat,
3477 2432 3754 2493 sanitatis
3786 2431 4015 2493 solatio

2438 2555 2679 2601 carens.
2709 2539 2865 2598 Tum
2893 2552 3042 2597 vero
3071 2534 3315 2597 fervore
3346 2532 3491 2594 ﬁdei
3521 2531 3966 2593 concalescens
3994 2548 4011 2590 :

2436 2639 2773 2718 Deprecor,
2801 2634 3007 2713 inquit
3044 2634 3122 2695 ad
3156 2650 3265 2694 eos
3302 2632 3410 2711 qui
3450 2632 3855 2703 deduxerant,
3889 2647 4010 2709 ap-

2438 2738 2663 2819 plicate
2684 2754 2785 2799 me
2806 2736 2879 2797 ad
2905 2735 3074 2795 illam
3097 2740 3337 2813 partem
3362 2732 3635 2811 parietis,
3649 2731 3758 2791 ubi
3776 2731 4015 2792 cubare

2436 2836 2647 2896 senior
2685 2833 2860 2895 solet.
2894 2834 2967 2892 Et
3003 2848 3146 2893 cum
3184 2830 3403 2890 fuisset
3437 2828 3747 2898 admotus,
3781 2845 4011 2907 parum

2442 2935 2552 2996 luti
2584 2935 2759 3006 aridi,
2781 2933 2948 2993 unde
2980 2930 3182 3009 paries
3211 2928 3439 2990 oblitus
3468 2927 3808 2999 videbatur,
3839 2944 4016 2987 assu-

2437 3052 2613 3095 mens
2650 3033 2888 3112 palmae
2922 3047 3069 3092 suae
3105 3026 3526 3107 superposuit.
3560 3028 3758 3103 Rogat
3796 3025 4010 3098 etiam,

2436 3142 2504 3195 ut
2547 3150 2770 3212 aquam
2814 3133 2892 3193 de
2942 3136 3157 3210 puteo,
3190 3145 3268 3188 ex
3313 3143 3440 3205 quo
3479 3126 3693 3187 bibere
3740 3125 4009 3199 solebat,

2438 3235 2775 3296 haurirent.
2833 3234 2965 3304 Quo
3020 3232 3285 3291 humore
3329 3227 3649 3289 resolvens
3695 3225 4012 3304 glebulam

2436 3334 2785 3412 eodemque
2820 3333 2963 3393 ,Iuto
3004 3330 3221 3392 oculos
3263 3346 3410 3389 suos
3453 3344 3916 3405 superungens,
3951 3336 4013 3387 et

2437 3434 2645 3496 lavans
2689 3434 2765 3493 de
2808 3449 2969 3511 aqua
3018 3443 3177 3509 quae
3225 3429 3441 3491 hausta
3484 3427 3705 3499 fuerat,
3746 3435 4011 3505 repente

2437 3533 2673 3611 recepit
2703 3533 2920 3605 visum,
2941 3531 3024 3592 ita
3044 3538 3112 3591 ut
3134 3530 3304 3591 nullo
3324 3529 3610 3606 indigens
3629 3526 4011 3589 adminiculo

2439 3630 2668 3690 rediret
2713 3629 2790 3690 ad
2835 3646 2963 3689 sua.
3018 3627 3137 3689 Sed
3190 3644 3267 3687 ne
3321 3625 3665 3687 secundum
3722 3623 4013 3703 leprosos

2438 3728 2578 3788 illos
2620 3732 2847 3803 ageret,
2883 3741 3043 3804 quos
3079 3742 3115 3786 a
3151 3742 3217 3785 se
3260 3731 3505 3785 curatos
3546 3722 3610 3782 in
3659 3722 4011 3799 Evangeliis

2437 3829 2711 3905 ingratos
2738 3826 3036 3887 Dominus
3064 3831 3259 3897 notat,
3292 3840 3433 3884 cum
3471 3822 3645 3883 omni
3675 3822 3867 3883 domo
3897 3839 4009 3884 sua

2438 3944 2755 4004 regressus
2782 3933 2842 3986 et
2869 3926 2996 3985 Deo
3027 3924 3183 3995 114
3206 3924 3427 4001 gratias
3452 3921 3729 3983 referens
3758 3939 3918 3995 rem,
3942 3930 4011 3983 ut

2440 4033 2609 4104 gesta
2661 4026 2883 4099 fuerat,
2921 4024 3214 4086 indicavit
3262 4022 3365 4102 (8).
3404 4046 3431 4076 ι
3477 4023 3634 4081 Tum
3682 4020 4008 4083 historiam

2439 4127 2687 4187 tradens
2717 4126 2970 4186 leaenae
2998 4124 3257 4202 eiusque
3287 4139 3614 4183 caecorum
3634 4120 4007 4195 catulorum,

2441 4245 2601 4306 quos
2643 4226 2941 4287 Macarius
2970 4226 3221 4296 sanavit,
3252 4224 3516 4283 Ruﬁnus
3556 4222 3650 4283 his
3690 4222 4010 4283 concludit

2440 4328 2643 4388 verbis
2682 4345 2694 4386 :
2746 4351 2771 4381 «
2819 4328 3045 4386 Verum
3096 4327 3146 4384 si
3200 4324 3586 4400 singulorum
3635 4321 4006 4381 mirabilium

2443 4432 2611 4503 gesta
2645 4423 2942 4502 prosequi
2980 4422 3259 4492 velimus,
3288 4419 3676 4480 excludimur
3700 4436 3734 4479 a
3764 4434 4007 4498 propo—

774 4529 919 4601 post
956 4523 1181 4584 verba:
1217 4548 1244 4578 α
1280 4541 1404 4583 non
1448 4529 1539 4583 est
1578 4531 1784 4584 autem
1826 4540 2055 4594 meum,
2088 4528 2157 4583 ut
2193 4539 2336 4582 reus
2371 4531 2408 4583 D
2439 4527 2550 4587 sita
2584 4526 2899 4597 brevitate,
2932 4526 3197 4584 maxime
3228 4541 3370 4585 cum
3406 4522 3557 4586 haec
3590 4524 4008 4583 narrationem

777 4624 1105 4701 prodatur,
1148 4647 1176 4680 ι
1214 4623 1365 4685 haec
1396 4624 1706 4685 adduntur
1748 4642 1761 4683 :
1799 4649 1825 4679 α
1858 4624 2115 4685 forsitan
2167 4624 2331 4684 enim

777 4730 1232 4803 compungetur
1252 4724 1453 4784 adhuc
1486 4741 1600 4802 pro
1628 4723 1861 4785 scelere
1888 4724 2055 4802 quod
2086 4722 2340 4785 commi-

851 4931 926 5000 (l)
969 4931 1150 4985 Rnﬁni
1204 4930 1341 4985 Hist.
1394 4931 1540 4985 Eccl.
1592 4934 1686 4986 lib.
1733 4934 1774 4986 ll
1818 4949 1937 5003 cap.
1980 4933 2012 4984 4
2051 4934 2137 4989 ed.
2176 4932 2336 4986 Rasil.

780 5024 917 5077 1544
946 5040 995 5091 p.
1020 5024 1146 5082 242,
1176 5024 1353 5076 Ruﬁni
1380 5023 1515 5092 Opp.
1549 5026 1637 5079 ed.
1664 5024 1894 5080 Vallarsi
1928 5042 1982 5095 p.
2006 5026 2133 5090 271,
2165 5026 2342 5080 Μίριιθ

776 5114 981 5169 Patrol.
1021 5114 1085 5166 T.
1118 5113 1236 5167 XXI
1268 5130 1319 5183 p.
1352 5116 1477 5169 6H.

847 5220 922 5285 (‘2)
957 5218 1133 5271 Ruﬁni
1163 5219 1421 5287 Apologia
1446 5218 1764 5291 [lnvcctiva]
1791 5220 1842 5273 in
1874 5219 1930 5272 S.
1958 5219 2340 5290 Hieronymum

781 5306 872 5359 lib.
928 5306 965 5357 ll
1012 5322 1129 5375 cap.
1180 5307 1267 5365 l2.
1308 5308 1444 5377 Opp.
1497 5309 1583 5363 ed.
1618 5308 1847 5363 Vallarsi
1894 5326 1944 5378 p.
1988 5310 2112 5373 567,
2165 5309 2341 5380 Migne

781 5395 982 5449 Patrol.
1013 5395 1078 5453 T.
1104 5396 1215 5450 XXI
1249 5414 1300 5467 p.
1326 5397 1451 5461 594,
1480 5398 1535 5453 S.
1561 5399 1779 5455 Hieron.
1833 5400 1966 5468 Opp.
2016 5402 2103 5458 ed.
2136 5400 2334 5455 Bened.

781 5486 842 5541 T.
870 5485 937 5541 IV
968 5486 1025 5539 P.
1058 5487 1097 5539 ll
1130 5504 1182 5553 p.
1212 5489 1333 5542 424.

850 5588 924 5655 (3)
955 5586 1176 5640 Makrizi
1210 5588 1535 5644 Geschichte
1566 5593 1661 5645 der
1695 5593 1932 5662 Ceprcn,
1961 5596 2045 5648 ed.
2079 5595 2126 5647 l.
2168 5611 2219 5663 p.
2245 5594 2334 5647 40.

849 5691 926 5761 (4)
951 5691 1065 5745 Lib.
1098 5691 1140 5745 v
1171 5694 1333 5748 libcll.
1368 5696 1415 5752 7.
1454 5695 1504 5747 9.

972 5798 1237 5866 Apophth.
1284 5800 1349 5853 dc
1399 5798 1637 5853 Macario
1687 5801 1949 5870 Aegyptio
1988 5817 2106 5869 cap.
2152 5802 2192 5856 Ι.
2244 5800 2329 5855 ιν.

2442 4625 2680 4704 preprii
2709 4625 2937 4686 habere
2960 4625 3168 4703 operis
3196 4630 3551 4684 mereantur
3570 4621 3675 4704 (9).
3708 4646 3733 4676 ››
3754 4622 4008 4682 Morbus

2444 4724 2549 4785 ille
2595 4724 2919 4785 oculorum
2969 4729 3027 4785 et
3074 4724 3333 4784 caecitas
3388 4723 3575 4785 hodie
3632 4739 3889 4801 quoque
3939 4721 4007 4782 in

2444 4931 2635 4985 XXVI.
2667 4932 2899 4987 Coteler.
2936 4931 3080 4985 Eccl.
3105 4932 3297 4987 Graec.
3329 4931 3471 4984 Mon.
3507 4931 3570 4984 Τ.
3599 4932 3614 4984 1
3650 4948 3703 5000 p.
3730 4930 3855 4985 526.
3879 4931 4005 4987 530.

2443 5025 2577 5086 540;
2618 5025 2827 5077 infrain
2848 5024 3042 5077 harum
3069 5022 3462 5088 Quaestionum
3494 5022 3807 5092 Appendice
3834 5023 4008 5077 altera

2444 5114 2547 5168 sub
2586 5112 2667 5166 Ill.

2517 5219 2594 5288 (6)
2628 5216 2743 5273 vv.
2773 5218 2877 5272 pp.
2908 5217 3089 5271 Rosvv.
3123 5219 3197 5272 lib
3234 5217 3299 5271 In
3337 5234 3456 5288 cap.
3488 5218 3548 5272 ιιι
3585 5234 3636 5287 p.
3669 5219 3792 5281 507,
3822 5217 3882 5271 2.

2513 5326 2588 5394 (7)
2616 5323 2699 5378 Cf.
2726 5342 2889 5395 supra
2926 5327 3117 5395 Caput.
3147 5326 3166 5378 ι
3198 5326 3224 5397 ς
3251 5326 3282 5379 6
3310 5343 3362 5395 p.
3400 5329 3482 5380 l6.

2512 5432 2587 5502 (8)
2619 5431 2800 5484 Ruﬁni
2843 5430 2982 5485 Hist.
3016 5431 3223 5484 Eccles.
3273 5433 3363 5485 lib.
3400 5432 3438 5483 ll
3477 5448 3594 5499 cap.
3634 5432 3666 5484 4
3703 5432 3789 5487 ed.
3833 5432 4002 5489 Basil.

2440 5522 2475 5574 Ι.
2525 5540 2576 5591 p.
2625 5522 2730 5576 242
2775 5538 2881 5591 sq.,
2943 5520 3119 5575 Ruﬁni
3169 5522 3304 5592 Opp.
3344 5523 3431 5576 ed.
3482 5523 3709 5577 Vallarsi
3768 5540 3817 5591 p.
3867 5524 3997 5586 271,

2440 5611 2615 5680 Migne
2646 5612 2681 5663 l.
2713 5613 2748 5664 ι.
2785 5628 2837 5680 p.
2866 5612 2987 5664 5:2.

2515 5717 2588 5783 (9)
2634 5714 2769 5769 lbid.
2820 5716 2907 5770 ed.
2954 5716 3115 5769 Basil.
3165 5717 3199 5769 I.
3248 5732 3299 5785 p.
3349 5716 3475 5783 9.45,
3520 5711 3748 5771 Vallarsi
3779 5730 3833 5785 p.
3870 5713 4001 5781 273.

2442 5805 2615 5873 Migne
2648 5807 2680 5859 Ι.
2714 5808 2745 5860 l.
