4266 6360
247 408 351 470 109

1758 404 1983 460 νιΤΑΕ.

245 530 528 603 Aegypto
568 540 629 587 et
668 529 733 588 in
774 530 964 609 Libya
1002 528 1377 591 creberrima
1414 534 1559 591 sunt
1591 525 1699 609 (1).
1732 526 1818 590 De
1851 534 1894 589 Α
1920 531 2100 592 Scete
2145 532 2323 594 sitam
2372 534 2565 598 fuisse
2592 535 2703 616 (6),
2737 534 3009 600 oﬂendit
3053 543 3285 615 tamen,
3322 544 3490 621 quod

243 626 509 687 Macario
541 634 748 690 autem
779 629 1195 692 Alexandrino
1224 630 1520 693 Ruﬁnum
1548 630 1637 693 ibi
1668 649 1813 693 nar-

243 741 401 798 rare,
436 725 670 789 indicat
715 728 875 793 liber
922 731 1258 806 secundus,
1297 732 1376 794 ad
1416 748 1606 813 quem
1647 749 1816 795 nunc

247 842 532 889 venimus
541 874 555 888 .

325 948 353 1019 ς
399 944 496 1007 28.
541 948 822 1027 Scriptor
864 949 1004 1012 libri
1031 952 1293 1015 secundi
1320 954 1443 1016 VV.
1467 956 1584 1017 PP.
1618 956 1814 1019 colle-

247 1045 479 1108 ctionis
508 1049 992 1126 Rosweidianae,
1026 1059 1359 1133 postquam
1410 1054 1488 1118 de
1545 1058 1815 1121 Macario

246 1147 556 1226 Aegyptio
604 1148 833 1225 retulit,
873 1150 951 1213 de
993 1150 1412 1217 Alexandrino
1458 1163 1818 1220 narraturus

247 1247 331 1308 ita
386 1248 608 1327 incipit
649 1268 663 1309 :
707 1272 736 1305 α
782 1250 952 1314 Alius
1005 1268 1154 1315 vero
1209 1262 1459 1318 sanctus
1517 1258 1816 1322 Macarius

247 1348 606 1424 magniﬁcas
644 1350 826 1411 etiam
870 1352 1006 1431 ipse
1042 1354 1299 1417 virtutes
1340 1361 1813 1435 consummavit,

245 1446 324 1508 de
353 1448 582 1525 quibus
623 1455 683 1511 et
725 1451 829 1513 alii
870 1454 1173 1517 nonnulla
1213 1456 1617 1536 scripserunt,
1654 1479 1814 1540 quae

244 1545 531 1609 sufﬁcere
573 1551 816 1628 possint
858 1553 935 1614 ad
980 1554 1271 1617 virtutum
1322 1557 1455 1619 eius
1500 1562 1811 1637 magnitu-

243 1642 457 1705 dinem
486 1650 925 1725 contuendam,
950 1657 1010 1713 et
1033 1652 1177 1715 ideo
1204 1671 1321 1717 nos
1342 1672 1415 1718 ea
1437 1660 1812 1738 compendio

242 1746 657 1819 praeterimus
696 1748 803 1829 (2).
841 1772 866 1805 ι
915 1752 1006 1814 Ad
1064 1770 1369 1833 quosnam
1425 1756 1504 1818 de
1563 1759 1809 1821 Macarii

1919 630 2042 693 iam
2087 632 2451 715 simpliciter
2492 638 2559 700 in
2605 640 2782 702 Scete
2811 638 3127 703 habitasse
3154 640 3399 717 dicitur,
3429 642 3491 706 id

1920 734 2092 812 quod
2163 736 2387 799 eodem
2452 739 2728 805 Palladio
2785 747 3045 805 auctore
3108 743 3364 822 pr0prie
3420 761 3493 809 ac

1918 832 2126 896 stricte
2169 834 2247 897 de
2293 835 2429 899 solo
2488 839 2752 902 Macario
2796 840 3110 919 Aegyptio
3149 841 3332 905 valet.
3368 844 3488 907 Sed

1918 950 2113 1011 quum
2158 936 2427 1016 scriptor
2475 939 2616 1001 libri
2666 943 2933 1005 secundi
2976 941 3054 1003 de
3108 940 3489 1007 habitatione

1918 1034 2165 1095 Macarii
2213 1038 2503 1117 Aegyptii
2545 1039 2699 1101 nihil
2749 1041 3001 1109 referat.
3044 1039 3210 1104 haud
3253 1048 3491 1107 temere

1918 1134 2128 1214 colligi
2156 1138 2418 1214 videtur,
2448 1140 2815 1220 scriptorem
2843 1148 2953 1205 aut
2982 1141 3338 1205 confudisse
3373 1143 3490 1208 hac

1915 1235 1982 1295 in
2009 1252 2077 1297 re
2114 1238 2442 1302 Macarium
2470 1242 2843 1322 Aegyptium
2866 1260 3013 1306 cum
3043 1242 3485 1319 Alexandrino,

1916 1342 2021 1396 aut
2062 1336 2141 1398 de
2182 1336 2561 1404 habitatione
2614 1343 2861 1405 Macarii
2911 1344 3312 1406 Alexandrini
3359 1363 3487 1407 non

1915 1445 2201 1500 accurate
2241 1441 2530 1504 edoctum
2566 1443 2781 1505 fuisse.
2822 1444 3101 1507 Palladio
3142 1446 3331 1519 enim,
3376 1449 3485 1527 qui

1916 1542 2040 1598 tres
2093 1555 2294 1601 annos
2343 1559 2469 1603 una
2522 1560 2663 1604 cum
2730 1545 2997 1609 Macario
3062 1544 3483 1609 Alexandrino

1912 1636 2085 1709 vixit,
2124 1639 2190 1699 in
2241 1656 2313 1702 ea
2360 1658 2427 1703 re
2474 1642 2776 1706 maiorem
2821 1644 3009 1706 ﬁdem
3062 1644 3480 1711 adhibendam

1915 1754 2052 1800 esse
2082 1739 2265 1819 plane
2296 1748 2485 1821 patet.

240 1840 643 1908 Alexandrini
722 1850 1052 1914 virtutibus
1132 1855 1470 1935 scriptores
1550 1866 1810 1938 spectet,
1846 1863 1890 1918 Β
1994 1840 2337 1921 Descriptio
2358 1850 2566 1905 autem
2588 1844 2701 1906 ista
2728 1845 2923 1907 Scetis
2943 1844 3480 1918 solitudinis,cum

242 1961 531 2021 quaeres.
565 1950 713 2012 Sine
756 1952 949 2015 dubio
992 1955 1069 2016 ad
1116 1957 1456 2021 Palladium
1499 1964 1811 2043 respicere

241 2048 484 2126 nequit,
500 2050 738 2131 quippe
758 2053 865 2131 qui
888 2055 1221 2119 Historiam
1241 2062 1594 2125 Lausiacam
1616 2068 1812 2130 multo

240 2151 384 2223 post
415 2147 752 2226 scripserit.
792 2152 991 2223 Quare
1018 2153 1135 2215 soli
1164 2155 1599 2238 relinquuntur
1634 2166 1809 2227 Ruﬁ-

240 2262 361 2305 nus
391 2245 457 2306 in
493 2248 991 2328 Continuatione,
1026 2272 1208 2335 quam
1243 2260 1582 2340 attulimus,
1612 2273 1675 2329 et
1706 2269 1809 2330 Ti-

237 2346 534 2410 motheus
578 2351 914 2433 episcopus
960 2355 1033 2436 (‘l'
1068 2357 1213 2440 385)
1250 2359 1356 2442 (3),
1399 2382 1588 2444 quem
1635 2387 1811 2432 com-

242 2444 517 2520 plurium
558 2453 1013 2518 monachorum
1060 2460 1213 2523 vitas
1259 2462 1453 2528 literis
1485 2470 1812 2535 mandasse

236 2546 627 2612 Sozomenus
655 2555 840 2615 tradit
871 2555 975 2637 (4).
1010 2559 1151 2621 Istis
1186 2568 1392 2625 autem
1427 2568 1631 2631 verbis
1670 2570 1813 2635 libri

236 2649 500 2710 secundi
527 2653 796 2732 scriptor
829 2656 1108 2739 quinque
1144 2664 1464 2745 subiungit
1496 2669 1807 2749 historias,

234 2764 506 2851 quarum
541 2758 662 2851 tres
696 2753 821 2815 iam
856 2759 1023 2836 apud
1060 2762 1399 2829 Palladium
1434 2768 1807 2851 invenimus,

235 2845 319 2907 de
359 2848 492 2911 viso
534 2850 771 2916 scilicet
810 2870 1221 2924 monumento
1268 2883 1612 2947 magorum,
1651 2845 1810 2954 quae

236 2948 468 3026 primo,
488 2952 566 3013 de
600 2973 738 3029 uva,
762 2975 920 3037 quae
952 2966 1253 3039 secundo,
1275 2975 1334 3028 et
1364 2971 1441 3031 de
1471 2989 1811 3052 congressu

238 3065 384 3108 cum
413 3049 659 3113 duobus
680 3055 964 3132 tribunis,
980 3079 1139 3139 quae
1160 3064 1378 3128 ultimo
1400 3068 1541 3132 loco
1562 3049 1804 3151 legitur.

234 3148 361 3209 Sed
395 3150 563 3267 inter
593 3154 857 3232 primam
886 3159 1054 3221 illam
1090 3163 1472 3247 alteramque
1501 3148 1803 3237 narratio-
1833 3210 1876 3267 ε

234 3265 385 3309 nem
444 3250 588 3327 loci,
634 3272 821 3333 quem
880 3260 1178 3327 Macarius
1222 3266 1606 3349 inhabitavit,
1648 3275 1808 3342 hanc

235 3347 726 3429 descriptionem
754 3358 1136 3438 interponit:

321 3471 352 3504 α
384 3451 584 3513 Locus
612 3463 843 3528 autem,
897 3460 962 3521 in
992 3480 1118 3541 quo
1149 3464 1461 3530 habitabat
1492 3472 1626 3551 ipse
1674 3494 1811 3538 san-

234 3554 377 3609 ctus
398 3552 719 3627 Macarius,
737 3556 1037 3621 Scithium
1075 3566 1443 3643 appellatur.
1476 3573 1577 3633 Est
1604 3583 1807 3638 autem

233 3647 303 3707 in
332 3664 544 3712 eremo
573 3655 913 3719 vastissima
943 3662 1204 3739 positus,
1232 3666 1355 3728 diei
1380 3675 1439 3730 et
1468 3675 1668 3735 noctis
1694 3677 1812 3739 iter

235 3747 481 3811 habens
529 3753 605 3813 de
656 3756 886 3819 Nitriae
932 3768 1345 3841 monasteriis,
1385 3776 1445 3831 et
1490 3771 1611 3837 hoc
1656 3777 1809 3848 115

236 3848 413 3910 nulla
451 3854 689 3927 semita,
732 3874 939 3937 neque
982 3866 1244 3927 terrenis
1282 3868 1592 3947 aliquibus
1630 3878 1808 3937 colli-

234 3945 404 4023 gitur
453 3948 549 4010 vel
603 3962 978 4018 monstratur
1024 3961 1292 4038 indiciis,
1336 3945 1445 4028 sed
1494 3972 1811 4037 stellarum

233 4046 436 4124 signis
475 4055 536 4110 et
575 4055 860 4116 cursibus
902 4062 1202 4137 pergitur.
1235 4067 1407 4144 Aqua
1452 4087 1590 4132 raro
1633 4074 1806 4136 inve-

237 4148 431 4221 nitur,
466 4155 527 4210 et
565 4151 764 4215 sicubi
794 4156 1040 4219 inventa
1070 4160 1276 4237 fuerit,
1307 4166 1518 4230 odoris
1558 4175 1809 4250 quidem

236 4246 539 4308 dirissimi
576 4257 689 4325 est,
714 4259 775 4314 et
803 4258 979 4333 quasi
1020 4259 1387 4339 bituminea,
1421 4270 1529 4329 sed
1572 4246 1811 4351 saporis

234 4346 504 4407 innoxii.
542 4352 696 4411 Sunt
727 4370 875 4431 ergo
905 4356 986 4416 ibi
1025 4361 1138 4421 viri
1171 4362 1345 4426 valde
1374 4346 1663 4446 perfecti}
1693 4392 1810 4437 nec

237 4448 409 4507 enim
441 4450 671 4527 patitur
698 4458 820 4514 tam
860 4458 1151 4521 terribilis
1180 4461 1355 4525 locus
1394 4467 1512 4528 nisi
1546 4473 1808 4549 perfecti

235 4551 548 4627 prOpositi
570 4550 944 4619 habitatores
968 4577 1371 4644 summaeque
1390 4576 1802 4651 constantiae;

235 4648 554 4712 charitatis
601 4659 808 4715 tamen
857 4658 1021 4720 inter
1067 4679 1134 4723 se
1183 4670 1244 4725 et
1293 4684 1437 4744 erga
1479 4688 1721 4750 omnes,
1756 4648 1808 4738 si

236 4751 350 4829 qui
370 4750 531 4812 forte
549 4753 626 4814 ad
645 4771 753 4816 eos
774 4771 1190 4838 accesserunt,
1206 4784 1515 4832 summum
1536 4776 1808 4839 studium

235 4858 467 4929 gerunt
496 4851 601 4933 (5).
640 4876 669 4908 »

238 5000 243 5001 ,
316 4952 446 5011 Etsi
492 4969 526 5012 e
575 4953 848 5016 Palladio
894 4956 1245 5035 didicimus,
1284 4980 1318 5024 e
1365 4965 1561 5029 tribus
1607 4973 1801 5049 cellis,

234 5064 397 5128 quas
434 5050 732 5113 Macarius
769 5052 1219 5121 Alexandrinus
1246 5059 1482 5141 habuit,
1515 5085 1701 5133 unam
1740 5074 1804 5136 in

306 5216 386 5285 (1)
427 5215 671 5271 Minutoli
710 5219 746 5273 l.
786 5219 821 5273 l.
850 5236 904 5290 p.
931 5222 993 5276 51
1035 5238 1118 5294 sq.
1149 5223 1518 5285 Tiscliendorf
1540 5234 1576 5287 l.
1607 5235 1643 5292 l.

306 5310 387 5378 (2)
437 5308 548 5363 VV.
600 5310 702 5363 PP.
756 5313 940 5369 Rosw.
979 5315 1071 5371 lib.
1116 5317 1157 5373 ΙΙ
1205 5334 1325 5389 cap.
1377 5324 1445 5378 29
1474 5339 1526 5394 p.
1574 5327 1699 5391 480,
1738 5330 1802 5392 ἓξ

235 5403 471 5455 Vallarsi
502 5403 537 5454 Ι.
570 5404 605 5455 1.
641 5419 696 5472 p.
729 5404 865 5468 196,
909 5406 1089 5477 Migne
1120 5407 1326 5466 Patrol.
1359 5413 1395 5466 ι.
1426 5415 1462 5468 I.
1506 5431 1560 5485 p.
1591 5419 1693 5473 452
1716 5438 1799 5490 sq.

305 5495 383 5563 (ὅ)
418 5493 709 5547 'l‘illeinont
735 5495 1020 5554 Mémoires
1050 5499 1112 5554 T.
1154 5500 1219 5554 Vl
1252 5502 1312 5557 P.
1358 5504 1399 5558 ll
1427 5522 1479 5575 p.
1512 5509 1633 5563 649.

309 5586 384 5652 (4)
414 5585 631 5639 Sozom.
675 5586 811 5642 Hist.
881 5588 1027 5645 Eccl.
1085 5591 1180 5646 lib.
1242 5594 1304 5648 Vl
1343 5612 1460 5666 cap.
1517 5599 1587 5654 ‘29
1633 5602 1718 5655 ed.
1763 5604 1797 5654 1.

234 5692 287 5747 p.
319 5675 444 5730 680.
551 5681 560 5687 '

312 5768 389 5838 (εἰ)
420 5768 529 5821 VV.
562 5768 664 5827 PP.
693 5770 871 5828 Rosw.
907 5774 943 5827 l.
982 5776 1017 5828 l.
1062 5792 1114 5845 p.
1148 5777 1270 5842 481,
1312 5780 1376 5843 l;
1415 5779 1646 5837 Vallarsi
1680 5783 1714 5836 Ι.
1763 5786 1795 5838 l.

238 5880 288 5933 p.
325 5864 445 5930 197,
494 5864 667 5933 Migne
700 5866 736 5919 l.
769 5866 807 5920 l.
838 5882 887 5937 p.
917 5868 1021 5922 455

1914 1940 2159 2018 quantis
2187 1940 2648 2005 difﬁcultatibus
2677 1944 2999 2006 monachis
3035 1992 3050 2018 ,
3083 1946 3191 2023 qui
3222 1963 3361 2007 eam
3391 1946 3483 2006 in-

1911 2037 2291 2114 habitabant,
2325 2041 2749 2104 dimicandum
2778 2043 2984 2117 fuerit,
3008 2045 3153 2105 satis
3185 2045 3475 2105 ostendit.

1912 2140 2078 2211 Quae
2158 2140 2414 2220 quidem
2496 2144 2715 2206 eadem
2788 2144 3122 2223 descriptio
3190 2145 3256 2206 in
3317 2145 3479 2208 libro

1912 2249 2086 2305 sexto
2126 2243 2209 2323 (7)
2251 2244 2497 2323 legitur.
2543 2250 2746 2328 Atque
2789 2248 3131 2327 asperrima
3180 2249 3365 2311 etiam
3412 2249 3477 2310 in

1914 2344 2157 2407 Cellulis
2184 2346 2307 2408 vita
2335 2347 2678 2410 obtinuisse
2706 2349 2970 2423 videtur,
3003 2349 3298 2429 quoniam
3328 2369 3477 2431 per-

1912 2442 2203 2508 fectiores
2243 2448 2474 2510 Nitriae
2512 2449 2743 2511 montis
2779 2448 3071 2511 monachi
3101 2466 3176 2511 eo
3208 2467 3275 2511 se
3313 2451 3474 2513 reci-

1913 2546 2187 2626 piebant,
2220 2550 2576 2629 singulique
2612 2552 2785 2613 cellis
2822 2552 2904 2614 ita
2941 2553 3105 2614 inter
3140 2568 3209 2613 se
3237 2553 3474 2614 distan-

1912 2647 2099 2723 tibus,
2127 2656 2196 2711 ut
2241 2650 2393 2712 alter
2436 2652 2699 2712 alterum
2742 2669 2861 2714 nec
2902 2652 3111 2714 videre
3159 2670 3278 2715 nec
3322 2669 3477 2716 voce

1911 2750 2159 2827 assequi
2196 2756 2430 2828 posset,
2453 2750 2786 2811 utebantur
2812 2749 2920 2830 (8).
2954 2751 3325 2813 Monasteria
3360 2753 3474 2814 de-

1911 2847 2103 2926 nique
2143 2850 2373 2911 Nitriae
2410 2851 2660 2922 montis,
2686 2850 2753 2911 in
2779 2850 3007 2930 quibus
3034 2850 3167 2912 fere
3196 2851 3476 2931 quinque

1911 2946 2101 3009 millia
2132 2949 2404 3010 virorum
2444 2968 2585 3011 cum
2629 2957 2771 3012 octo
2808 2949 2931 3012 loci
2974 2949 3355 3030 presbyteris
3381 2951 3476 3012 vi-

1910 3047 2157 3121 vebant,
2185 3067 2371 3128 quam
2400 3051 2717 3128 praeclare
2744 3051 3021 3113 instituta
3049 3051 3303 3127 fuerint,
3334 3052 3477 3115 Pal-

1909 3145 2109 3208 ladius
2144 3152 2435 3229 exposuit
2464 3148 2571 3233 (9).

1992 3270 2151 3340 116
2180 3273 2410 3347 Restat,
2437 3279 2507 3334 ut
2543 3273 2697 3335 duas
2723 3273 2859 3337 illas
2883 3274 3296 3352 narrationes,
3324 3294 3480 3357 quas

1910 3370 2093 3431 nobis
2122 3371 2199 3432 de
2230 3374 2495 3436 Macario
2533 3374 2948 3438 Alexandrino
2978 3374 3139 3441 liber
3165 3377 3481 3440 secundus

1910 3488 2101 3534 novas
2156 3473 2431 3549 exhibet,
2481 3477 2835 3540 afferamus.
2881 3480 3051 3541 Haec
3102 3478 3292 3557 igitur
3330 3488 3481 3560 post

1911 3574 2252 3651 historiam,
2269 3595 2427 3655 quae
2445 3578 2521 3639 de
2544 3597 2661 3641 uva
2679 3580 2825 3657 agit,
2841 3581 3070 3660 scripta
3090 3582 3438 3662 reperimus
3461 3601 3475 3644 :

1992 3700 2019 3732 «
2052 3678 2140 3737 Ad
2181 3678 2366 3741 ﬁdem
2407 3697 2677 3759 namque
2714 3682 3149 3744 confirmatum
3186 3683 3370 3744 nobis
3400 3683 3478 3744 de

1913 3768 2109 3839 eo'est
2134 3778 2210 3839 ab
2241 3778 2357 3851 his,
2390 3781 2499 3859 qui
2532 3798 2607 3842 ex
2637 3798 2745 3843 ore
2774 3783 2909 3844 eius
2937 3783 3282 3856 audierant,
3308 3782 3478 3861 quod

1912 3878 2182 3954 quodam
2232 3885 2520 3958 tempore
2568 3882 2768 3942 noctis
2814 3881 3083 3943 daemon
3124 3881 3204 3944 ad
3250 3883 3477 3944 ostium

1912 3975 2173 4038 cellulae
2213 3978 2345 4040 eius
2387 3978 2722 4057 pulsaverit
2760 3981 2977 4043 dicens
3011 3999 3025 4041 :
3061 3983 3277 4058 Surge,
3318 3983 3478 4046 abba

1909 4077 2156 4151 Macari,
2192 4086 2251 4138 et
2282 4095 2497 4139 eamus
2527 4078 2603 4140 ad
2634 4079 2981 4155 collectam,
3011 4082 3121 4143 ubi
3147 4082 3370 4143 fratres
3396 4081 3475 4144 ad

1911 4176 2145 4253 vigilias
2175 4184 2651 4256 congregantur.
2684 4180 2804 4239 Sed
2832 4179 2959 4254 ille,
2990 4181 3101 4260 qui
3134 4182 3327 4259 gratia
3364 4182 3472 4245 Dei

1910 4276 2186 4355 repletus
2229 4277 2357 4339 falli
2399 4295 2527 4340 non
2574 4285 2836 4357 poterat,
2874 4280 3200 4355 intellexit,
3245 4281 3471 4345 diaboli

1913 4392 2048 4437 esse
2093 4377 2417 4450 fallaciam,
2451 4383 2508 4438 et
2553 4377 2637 4439 ait
2671 4396 2683 4437 :
2716 4379 2761 4438 Ο
2795 4378 3065 4439 mendax
3106 4386 3167 4440 et
3206 4379 3474 4441 veritatis

1909 4474 2189 4536 inimice!
2225 4476 2376 4553 quid
2407 4475 2573 4536 enim
2600 4476 2712 4536 tibi
2743 4477 3063 4551 consortii,
3091 4477 3242 4556 quid
3268 4478 3471 4541 socie-

1913 4574 2050 4635 tatis
2076 4580 2167 4635 est
2192 4590 2335 4635 cum
2360 4572 2617 4635 collecta
2643 4580 2703 4635 et
2727 4576 3210 4653 congregatione
3237 4584 3474 4642 sancto-

1910 4672 2086 4737 rum?
2115 4678 2188 4733 At
2214 4672 2318 4733 ille
2346 4691 2358 4732 :
2392 4676 2563 4734 Latet
2597 4690 2744 4750 ergo
2779 4681 2862 4742 te.
2894 4674 3118 4754 inquit,
3149 4693 3188 4739 o
3225 4679 3476 4754 Macari,

1910 4774 2079 4855 quod
2107 4775 2245 4836 sine
2273 4773 2455 4834 nobis
2479 4772 2648 4834 nulla
2673 4774 2931 4836 collecta
2957 4776 3157 4853 agitur
3178 4776 3480 4858 nullaque

1908 4875 2308 4954 congregatio
2352 4872 2841 4936 monachorum?
2886 4876 3045 4936 Veni
3089 4875 3364 4957 denique
3410 4888 3472 4940 et

1906 4976 2142 5038 videbis
2172 4990 2364 5053 opera
2394 4979 2623 5035 nostra.
2653 4976 2824 5036 Tunc
2860 4974 2965 5037 ille
2997 4993 3011 5035 :
3046 4977 3334 5055 Imperet,
3367 4979 3469 5041 in-

1908 5080 2065 5158 quit,
2114 5078 2226 5139 tibi
2285 5076 2607 5148 Dominus,
2659 5074 2926 5140 daemon
2990 5076 3336 5140 immunde.
3395 5082 3475 5143 Et,

1975 5244 2050 5313 (6)
2088 5241 2261 5312 Supra
2291 5241 2424 5309 Cap.
2458 5241 2521 5294 ΙΙΙ
2557 5260 2606 5309 ι».
2641 5240 2729 5295 69.
2762 5240 2834 5296 cf.
2867 5258 2918 5311 p.
2950 5242 3039 5297 89.

1973 5336 2047 5401 (τ)
2079 5332 2191 5390 vv.
2223 5332 2323 5386 rp.
2355 5334 2537 5388 Rosw.
2570 5332 2663 5386 nu.
2700 5330 2769 5385 Vl
2801 5333 3145 5397 libell.3,15
3172 5351 3223 5406 p.
3248 5335 3371 5402 656,
3407 5339 3442 5391 2

1971 5425 2043 5495 (8)
2079 5424 2192 5477 νγ.
2236 5423 2340 5477 PP.
2389 5422 2571 5477 Bosw.
2615 5424 2709 5477 lib.
2750 5424 2792 5478 ll
2831 5438 2951 5493 cap.
2999 5426 3071 5479 ‘22
3120 5442 3174 5496 p.
3222 5429 3345 5484 478.
3387 5430 3461 5484 ες.

1902 5516 2040 5569 Hist.
2088 5515 2252 5569 Laus.
2299 5513 2385 5568 ed.
2428 5514 2628 5568 Meurs.
2668 5530 2786 5584 cap.
2829 5514 2894 5569 70
2930 5515 3067 5585 Opp.
3117 5517 3387 5575 Mem-3.1.
3422 5520 3459 5573 ι.

1906 5606 2233 5764 “(il-ishist.
2267 5698 2441 5755 Laus.
2465 5698 2553 5753 ed.
2592 5697 2791 5754 Meurs.
2841 5711 2963 5768 cap.
2995 5697 3028 5753 8
3070 5697 3209 5771 Opp.
3259 5698 3440 5759 Meum

1906 5792 1943 5846 l.
1977 5793 2007 5844 Ι.
2043 5807 2095 5861 p.
2131 5791 2233 5844 560
2259 5808 2339 5860 sq.
