4266 6360
768 390 861 445 Hi

1573 393 1675 449 SS.
1718 395 2177 451 MACARIORUM
2209 394 2530 452 AEGYPTII
2567 397 2651 452 ΕΤ
2698 398 3165 454 ALEXANDRlNl

764 529 1099 575 conversus
1141 513 1219 576 ad
1267 514 1613 576 orationem
1662 518 1840 596 petiit
1872 536 1906 579 a
1945 518 2234 591 Domino,
2265 524 2331 578 ut
2358 524 2403 579 Δ
2432 536 2556 598 que
2585 521 2967 598 conceperit,
2993 537 3071 580 ex
3100 518 3390 579 illusione
3422 518 3799 579 daemonum
3830 516 3999 589 ﬁant;

762 612 879 673 sibi
938 614 1315 688 ostenderet,
1361 614 1412 675 si
1472 614 1593 677 hoe
1655 634 1865 678 verum
1928 626 2113 692 esset,
2156 619 2327 697 quod

763 711 1057 788 gloriatus
1083 720 1176 774 est
1204 714 1491 776 daemon.
1518 716 1679 777 Abiit
1702 734 1849 795 ergo
1871 718 1948 779 ad
1978 718 2327 792 collectam,

760 812 869 874 ubi
898 830 933 874 a
959 813 1248 876 fratribus
1277 814 1517 893 vigiliae
1553 816 1964 887 celebrantur,
2000 825 2060 879 et
2104 818 2329 879 iterum

761 910 825 971 in
861 912 1142 973 oratione
1177 913 1506 974 Dominum
1537 912 1927 993 deprecatur,
1958 922 2027 976 ut
2064 916 2177 976 sibi
2218 932 2325 976 ve-

764 1012 1005 1073 ritatem
1056 1013 1225 1075 verbi
1272 1014 1454 1075 huius
1502 1014 1809 1076 ostendat.
1857 1016 1929 1075 Et
1977 1032 2147 1085 ecce,
2179 1014 2331 1076 vidit

765 1129 877 1191 per
908 1120 1099 1175 totam
1132 1113 1454 1176 ecclesiam
1488 1115 1663 1194 quasi
1706 1116 1995 1196 parvulos
2022 1118 2328 1197 quosdam

762 1213 1061 1291 puerulos
1094 1213 1431 1293 AethiOpes
1464 1222 1656 1277 tetros
1687 1217 2034 1281 discurrere
2073 1218 2196 1280 huc
2234 1226 2329 1281 at-

764 1330 888 1393 que
920 1314 1090 1387 illuc,
1118 1322 1179 1375 et
1206 1314 1370 1376 velut
1397 1315 1710 1379 volitando
1739 1319 1988 1380 deferri.
2022 1320 2209 1380 Moris
2240 1328 2334 1381 est

763 1420 969 1474 autem
1010 1414 1166 1475 inibi
1220 1414 1583 1477 sedentibus
1632 1419 1870 1479 cunctis
1914 1418 1993 1480 ab
2037 1437 2164 1481 uno
2208 1419 2333 1481 dici

767 1512 1093 1590 psalmum,
1120 1516 1341 1577 ceteris
1371 1516 1467 1577 vel
1508 1515 1900 1579 audientibus
1928 1520 2022 1579 vel
2064 1537 2328 1598 respon-

765 1612 1076 1674 dentibus.
1137 1614 1565 1675 Discurrentes
1634 1630 1783 1691 ergo
1840 1614 1929 1675 illi
1994 1615 2333 1695 Aethiopes

768 1710 1009 1787 pueruli
1057 1712 1316 1790 singulis
1366 1714 1718 1791 quibusque
1766 1715 2123 1776 sedentibus
2171 1715 2329 1777 allu-

764 1809 1014 1884 debant,
1040 1820 1099 1872 et
1126 1814 1176 1873 si
1204 1816 1303 1875 cui
1335 1816 1579 1877 duobus
1611 1815 1886 1892 digitulis
1918 1816 2134 1877 oculos
2164 1834 2334 1878 com-

767 1912 1153 1986 pressissent,
1193 1916 1395 1976 statim
1428 1916 1826 1988 dormitabat;
1870 1918 1919 1977 si
1948 1919 2047 1978 cui
2076 1936 2222 1979 vero
2262 1918 2326 1980 in

763 2023 833 2065 ns
871 2008 1320 2071 immersissent
1360 2011 1643 2091 digitum,
1677 2014 1936 2075 oscitare
1967 2032 2109 2077 eum
2138 2015 2329 2078 facie-

762 2109 929 2169 bant.
962 2110 1078 2171 Ubi
1114 2129 1261 2173 vero
1297 2120 1435 2191 post
1462 2114 1769 2193 psalmum
1809 2116 1884 2177 ad
1928 2118 2231 2179 orandum
2263 2136 2331 2181 se

766 2211 1170 2274 proiecissent
1194 2213 1433 2287 fratres,
1459 2220 1903 2295 percurrebant
1926 2219 2332 2283 nihilominus

763 2309 1063 2387 singulos,
1093 2319 1152 2373 et
1190 2321 1332 2374 ante
1376 2314 1563 2376 alium
1606 2316 1911 2379 iacentem
1951 2319 2015 2379 in
2049 2322 2331 2383 oratione

763 2410 939 2487 quasi
971 2412 1303 2475 mulierum
1330 2416 1541 2494 specie
1567 2415 1945 2492 ferebantur,
1971 2428 2111 2481 ante
2142 2421 2331 2483 alium

764 2510 940 2586 quasi
969 2510 1365 2575 aediﬁcantes
1396 2522 1581 2593 atque
1613 2524 1931 2595 portantes
1967 2519 2224 2596 aliquid,
2259 2539 2331 2583 ac

762 2611 1000 2673 diversa
1025 2630 1311 2692 quaeque
1334 2622 1585 2691 agentes
1607 2619 2011 2696 apparebant.
2034 2621 2107 2680 Et
2133 2637 2329 2698 quae-

762 2728 1013 2791 cunque
1062 2714 1401 2776 daemones
1425 2716 1611 2794 quasi
1637 2716 1911 2780 ludendo
1936 2718 2329 2795 formassent,

764 2815 915 2878 haec
949 2825 1196 2880 orantes
1222 2819 1311 2879 illi
1337 2820 1401 2881 in
1430 2821 1635 2883 cordis
1666 2823 1763 2883 sui
1796 2824 2172 2901 cogitatione
2199 2840 2334 2885 ver-

762 2915 1009 2990 sabant;
1037 2934 1071 2977 a
1104 2918 1423 2980 nonnullis
1448 2922 1683 2994 tamen,
1705 2922 1812 2983 ubi
1839 2922 2075 3002 aliquid
2106 2924 2329 2985 horum

761 3030 944 3090 agere
1006 3016 1383 3095 coepissent,
1433 3018 1612 3096 quasi
1660 3019 1715 3079 vi
1777 3021 2043 3098 quadam
2099 3022 2331 3101 repulsi

764 3115 1132 3193 praecipites
1163 3116 1611 3177 deiiciebantur
1638 3118 1827 3192 ita,ut
1858 3138 1973 3182 nec
2007 3128 2166 3182 stare
2197 3123 2334 3201 qui-

2427 628 2507 679 ab
2555 618 2653 680 his
2700 627 2931 693 autem,
2964 620 3074 699 qui
3114 618 3286 680 omni
3333 618 3617 680 custodia
3662 634 3772 678 cor
3818 634 4001 677 suum

2428 726 2693 791 servant,
2715 719 2855 780 tetri
2880 719 3270 800 repelluntur
3292 718 3651 797 AethiOpes.
3675 718 3804 779 Deo
3833 718 4003 777 enim

2430 818 2762 880 coniuncta
2788 836 2966 880 mens
2997 826 3057 880 et
3085 820 3150 879 in
3188 811 3326 897 ipso
3355 826 3639 897 tempore
3666 818 4002 897 praecipue

2430 918 2729 979 orationis
2763 919 3024 994 intenta,
3056 918 3209 981 nihil
3253 918 3548 991 alienum,
3577 917 3732 979 nihil
3775 934 4001 998 super-

2428 1015 2625 1077 ﬂuum
2658 1017 2878 1096 recipit
2907 1014 3015 1097 (1).
3053 1015 3551 1089 »Animadverte,
3577 1014 3838 1076 eandem
3869 1032 4003 1076 rem

2430 1117 2507 1179 ad
2546 1118 2803 1179 verbum
2832 1118 2899 1178 in
2926 1116 3391 1179 Rosweidianae
3416 1115 3805 1179 collectionis
3841 1115 4005 1176 libro

2428 1218 2613 1279 tertio
2642 1216 2855 1279 haberi
2874 1216 2980 1295 (2).
3011 1218 3101 1280 Ad
3132 1217 3479 1291 collectam,
3505 1234 3725 1295 graece
3762 1226 4004 1291 σύνειξιν,

2432 1336 2556 1397 qua
2586 1318 2791 1380 omnis
2819 1327 3164 1381 conventus
3191 1319 3271 1380 ad
3298 1319 3562 1398 quodvis
3599 1336 3842 1381 sacrum
3884 1319 4005 1379 mi-

2432 1419 2758 1480 nisterium
2786 1419 3153 1497 intelligitur
3178 1418 3285 1497 (3),
3309 1418 3680 1481 Cellularum
3710 1418 4006 1481 monachi

2432 1518 2570 1579 solo
2621 1519 2721 1579 die
2772 1520 3011 1580 sabbati
3058 1526 3119 1580 et
3166 1518 3481 1580 dominica
3525 1519 4005 1591 conveniebant,

2434 1618 2656 1677 ceteris
2678 1634 2827 1678 vero
2854 1618 3074 1678 diebus
3104 1617 3326 1695 singuli
3357 1618 3423 1678 in
3451 1617 3625 1680 cellis
3654 1618 3782 1679 suis
3811 1636 4011 1679 rema-

2435 1715 2666 1776 nebant
2689 1713 2796 1796 (4).
2835 1717 2956 1777 Sed
2999 1716 3189 1778 altera
3227 1719 3293 1778 in
3335 1718 3496 1779 libro
3534 1718 3815 1781 secundo
3851 1718 4010 1782 haec

2434 1815 2702 1877 narratio
2733 1817 3017 1894 sequitur
3046 1834 3060 1876 :

2514 1938 2543 1970 α
2588 1915 2769 1977 Aliud
2806 1932 3063 1995 quoque
3099 1915 3296 1977 multo
3336 1916 3677 1978 terribilius
3714 1915 4008 1991 addebat,

2434 2014 2606 2091 quod
2646 2014 2898 2076 vidisset
2932 2031 3009 2075 eo
3046 2020 3355 2095 tempore,
3385 2032 3511 2095 quo
3556 2014 3780 2099 fratres
3824 2032 4009 2077 acce-

2433 2113 2665 2175 debant
2703 2114 2782 2176 ad
2833 2122 3216 2177 sacramenta
3252 2132 3265 2173 :
3305 2114 3416 2176 ubi
3461 2116 3888 2195 porrexissent
3930 2114 4012 2177 ad

2433 2214 2901 2294 suscipiendum
2929 2214 3187 2295 palmas,
3217 2216 3285 2276 in
3325 2215 3773 2278 nonnullorum
3804 2217 4009 2278 mani-

2431 2314 2549 2377 bus
2585 2317 3059 2395 praevenientes
3094 2316 3432 2396 Aethiopes
3462 2317 3766 2379 carbones
3803 2318 4010 2397 depo-

2434 2432 2606 2489 nere,
2650 2433 2881 2497 corpus
2936 2423 3169 2491 autem,
3220 2417 3393 2497 quod
3454 2417 3611 2479 tradi
3670 2418 4014 2480 sacerdotis

2432 2517 2719 2577 manibus
2771 2515 3115 2589 videbatur,
3157 2517 3362 2579 redire
3427 2516 3501 2577 ad
3571 2516 3763 2579 altare
3813 2535 3826 2577 :
3871 2517 4016 2580 aliis

2430 2630 2602 2686 vero,
2634 2630 2794 2693 quos
2821 2614 3153 2676 meliorum
3184 2614 3400 2675 merita
3438 2614 3753 2689 iuvabant,
3785 2622 4011 2677 exten-

2432 2714 2725 2777 dentibus
2756 2733 2976 2778 manus
3003 2715 3083 2777 ad
3111 2715 3301 2777 altare
3329 2715 3515 2793 longe
3542 2715 3835 2777 recedere
3868 2716 4013 2777 dae-

2431 2833 2653 2878 mones
2701 2824 2764 2879 et
2806 2835 2948 2878 cum
2993 2817 3233 2895 ingenti
3276 2818 3436 2885 118
3475 2824 3645 2879 metu
3694 2817 4008 2894 refugere.

2431 2917 2731 2992 Angelum
2773 2917 2943 2977 enim
2981 2918 3223 2979 Domini
3260 2919 3545 2979 assistere
3583 2917 3877 2979 cernebat
3913 2915 4010 2977 al-

2431 3015 2568 3087 tari,
2601 3015 2710 3094 qui
2751 3034 2894 3077 cum
2936 3017 3275 3078 sacerdotis
3311 3034 3500 3078 manu
3539 3035 3713 3078 suam
3750 3034 4012 3095 quoque

2433 3131 2688 3175 manum
2732 3114 2797 3174 in
2842 3123 3373 3177 sacramentorum
3415 3116 3853 3176 distributione
3900 3133 4012 3176 su-

762 3212 905 3272 dem
939 3230 1194 3293 prorsus
1224 3222 1327 3276 aut
1358 3217 1620 3278 transire
1660 3220 1826 3280 iuxta
1858 3237 1967 3281 eos
2002 3221 2327 3282 auderent.
2360 3212 2400 3267 C
2433 3222 2838 3292 perponeret.
2878 3216 2967 3275 EX
3008 3213 3129 3276 hoc
3169 3216 3291 3276 iam
3333 3216 3672 3295 permansit
3709 3214 3765 3275 ei
3804 3232 3839 3276 ει
3879 3214 4012 3275 Deo

766 3312 911 3374 Aliis
940 3331 1086 3376 vero
1120 3317 1275 3385 117
1308 3318 1492 3379 etiam
1523 3319 1785 3380 inﬁrmis
1821 3320 2113 3382 fratribus
2147 3340 2335 3401 supra

762 3415 1036 3477 cervices
1064 3422 1125 3477 et
1154 3417 1337 3479 dorsa
1377 3418 1694 3490 ludebant,
1728 3420 1873 3498 quia
1906 3438 2031 3481 non
2062 3429 2235 3482 erant
2268 3423 2334 3483 in

763 3515 1044 3574 oratione
1065 3531 1171 3575 sua
1192 3515 1437 3575 intenti.
1459 3518 1624 3577 Haec
1648 3535 1787 3578 cum
1810 3518 2059 3578 vidisset
2088 3526 2335 3580 sanctus

762 3614 1084 3687 Macarius,
1115 3615 1418 3692 ingemuit
1449 3617 1734 3693 graviter,
1766 3625 1826 3678 et
1859 3618 2162 3697 lacrymas
2191 3638 2336 3699 pro-

763 3714 1034 3775 fundens
1070 3713 1146 3775 ad
1190 3714 1559 3776 Dominum:
1588 3718 2012 3795 Respice,'ait,
2044 3720 2331 3795 Domine,

765 3825 825 3877 et
856 3834 932 3877 ne
963 3816 1165 3889 sileas,
1190 3833 1397 3895 neque
1430 3818 1726 3895 mitigeris
1758 3820 2335 3897 Deus.Exsurge,ut

764 3917 1197 3995 dispergantur
1231 3917 1465 3979 inimici
1503 3918 1615 3990 tui,
1647 3925 1706 3979 et
1734 3925 1802 3978 ut
1839 3918 2081 3997 fugiant
2112 3938 2147 3982 a
2176 3920 2333 3983 facie

764 4025 899 4089 tua;
926 4016 1223 4095 quoniam
1257 4016 1461 4078 anima
1489 4025 1701 4079 nostra
1726 4018 2004 4097 repletur
2031 4020 2337 4083 illusioni-

764 4116 898 4179 bus.
934 4116 1079 4176 Post
1118 4114 1466 4176 orationem
1494 4121 1701 4177 tamen
1739 4118 2187 4180 examinandae
2223 4138 2333 4181 ve-

766 4216 963 4275 ritatis
1008 4214 1199 4291 gratia
1245 4232 1529 4277 seorsum
1570 4218 1840 4279 evocatis
1881 4218 2143 4295 singulis
2190 4221 2330 4299 qui-

763 4316 1005 4394 busque
1030 4313 1345 4387 fratribus,
1367 4321 1507 4376 ante
1538 4333 1806 4395 quorum
1848 4317 2070 4378 faciem
2102 4318 2336 4380 viderat

764 4415 1102 4477 daemones
1128 4414 1373 4476 diverso
1413 4415 1628 4477 habitu
1660 4424 1721 4478 et
1752 4417 1930 4479 variis
1963 4419 2335 4496 imaginibus

763 4514 1070 4588 ludentes,
1109 4516 1371 4593 requirit
1415 4517 1493 4577 ab
1546 4517 1655 4589 eis,
1695 4517 1747 4578 si
1793 4518 1860 4579 in
1906 4519 2189 4581 oratione
2236 4520 2332 4581 vel

762 4616 1132 4678 aediﬁcandi
1188 4616 1597 4692 cogitationes
1656 4616 2006 4691 habuerint,
2058 4619 2155 4679 vel
2213 4619 2331 4680 iter

762 4715 1011 4792 agendi,
1041 4715 1139 4777 vel
1168 4715 1287 4777 alia
1314 4715 1578 4788 diversa,
1608 4733 1769 4795 quae
1801 4718 2141 4796 unicuique
2170 4718 2329 4780 ima-

763 4816 966 4891 ginata
995 4833 1109 4893 per
1133 4816 1473 4877 daemones
1492 4816 1746 4889 viderat,
1773 4824 1833 4878 et
1859 4818 2087 4895 singuli
2112 4835 2329 4880 eorum

761 4916 843 4975 ita
884 4916 1340 4977 conﬁtebantur
1376 4917 1441 4977 in
1480 4916 1670 4977 corde
1713 4934 1827 4977 suo
1870 4916 2083 4990 fuisse,
2116 4923 2185 4978 ut
2223 4916 2328 4977 ille

762 5015 1078 5092 arguebat.
1100 5018 1173 5077 Et
1201 5023 1348 5077 tunc
1372 5015 1757 5077 intellectum
1786 5024 1900 5091 est,
1920 5017 2089 5095 quod
2111 5034 2329 5078 omnes

760 5131 953 5175 vanae
1012 5120 1072 5175 et
1132 5115 1485 5193 superﬂuae
1544 5116 1973 5193 cogitationes,
2018 5133 2172 5193 quas
2231 5115 2329 5175 vel

764 5212 1143 5291 psalmorum
1170 5213 1265 5274 vel
1296 5215 1648 5275 orationum
1679 5222 1959 5286 tempore
1990 5216 2328 5293 unusquis-

835 5389 909 5455 (ι)
938 5385 1049 5439 νγ.
1095 5385 1197 5440 ΡΡ.
1230 5385 1412 5441 Rosw.
1446 5387 1540 5443 lib.
1576 5387 1616 5441 ll
1651 5405 1773 5457 cap.
1806 5390 1875 5443 29
1912 5406 1963 5457 p.
1997 5388 2122 5452 481,
2154 5388 2188 5441 2
2213 5404 2321 5456 sq.;

764 5476 993 5532 Vallarsi
1025 5478 1066 5533 ι.
1094 5478 1131 5531 1.
1160 5493 1213 5547 p.
1249 5479 1349 5531 198
1374 5521 1390 5545 ,
1415 5479 1592 5548 Migne
1623 5482 1658 5534 Ι.
1694 5482 1729 5533 l.
1762 5497 1814 5548 p.
1847 5480 1974 5533 455.

834 5568 1068 5637 (2)1bid.
1103 5570 1199 5623 lib.
1230 5568 1296 5622 lll
1322 5585 1441 5636 cap.
1471 5572 1540 5624 43
1572 5588 1623 5639 p.
1658 5571 1781 5633 507,
1809 5573 1863 5624 2.

837 5661 914 5726 (3)
942 5661 1196 5715 Binterim
1236 5660 1455 5715 Denkw.
1501 5661 1559 5714 Τ.
1598 5662 1663 5715 IV
1696 5663 1753 5715 P.
1786 5663 1802 5715 l
1834 5680 1881 5730 p.
1915 5664 2038 5717 557.

843 5750 917 5815 (ὁ)
946 5749 1057 5806 νν.
1089 5751 1189 5804 PP.
1219 5750 1401 5805 Rosw.
1436 5753 1527 5806 lib.
1560 5752 1601 5804 ΙΙ
1626 5770 1745 5822 cap.
1778 5755 1848 5807 22
1874 5773 1925 5824 p.
1957 5756 2078 5823 473,
2110 5759 2129 5811 1
2158 5777 2169 5823 ;
2207 5757 2330 5811 Val-

765 5844 895 5900 larsi
920 5845 956 5898 ι.
999 5845 1036 5897 l.
1071 5860 1124 5913 p.
1170 5844 1297 5909 I87,
1331 5843 1504 5912 Migne
1540 5847 1574 5898 l.
1607 5846 1640 5898 Ι.
1676 5862 1727 5915 p.
1756 5847 1859 5901 4M
1890 5865 1973 5917 sq.

2435 3312 2627 3387 gratia
2652 3312 2790 3387 ista,
2814 3320 2879 3373 ut
2902 3314 2968 3373 in
2995 3312 3218 3391 vigiliis
3246 3313 3503 3375 fratrum
3533 3312 3916 3393 psalmorum
3951 3318 4014 3372 et

2434 3413 2733 3474 orationis
2761 3419 3069 3493 tempore,
3088 3414 3139 3475 si
3165 3415 3306 3493 quis
3331 3414 3500 3476 aliud
3521 3412 3757 3491 aliquid
3786 3429 4016 3474 secun-

2435 3511 2585 3572 dum
2641 3512 2998 3573 illusionem
3054 3512 3431 3575 daemonum
3478 3514 3544 3573 in
3592 3512 3783 3574 corde
3831 3513 4012 3590 cogi-

2434 3616 2644 3682 tasset,
2684 3618 3073 3688 agnosceret,
3115 3619 3176 3672 et
3216 3611 3644 3673 accedentium
3692 3610 3771 3671 ad
3815 3609 4013 3672 altare

2433 3710 2531 3771 vel
2585 3711 2983 3789 indignitates
3042 3730 3185 3773 eum
3238 3713 3329 3773 vel
3392 3713 3607 3773 merita
3662 3729 3792 3772 non
3849 3710 4011 3772 late-

2434 3819 2574 3872 rent
2618 3812 2724 3891 (5).
2790 3837 2819 3869 »
2870 3812 3081 3874 Simile
3142 3814 3293 3891 quid
3348 3831 3535 3892 supra
3598 3814 3675 3875 de
3738 3813 4011 3874 Macario

2432 3911 2851 3973 Alexandrino
2901 3913 3299 3992 percepimus
3332 3913 3437 3993 (6).
3485 3913 3753 3974 Abbates
3797 3920 4010 3975 autem

2434 4012 2883 4073 monachorum
2918 4029 3169 4073 suorum
3198 4030 3297 4073 res
3325 4012 3599 4075 occultas
3624 4029 4011 4090 cognoscere

2434 4110 2598 4173 haud
2628 4129 2768 4173 raro
2799 4112 3234 4174 credebantur.

2513 4212 2925 4289 Congressum
2948 4212 3222 4289 denique
3243 4211 3648 4274 Macariorum
3671 4229 3813 4273 cum
3841 4211 4007 4272 duo-

2434 4310 2549 4371 bus
2560 4311 2823 4371 tribunis
2834 4329 3027 4389 quum
3048 4311 3314 4389 scriptor
3338 4310 3748 4372 librisecun’di
3767 4328 4013 4372 narrasp

2436 4410 2847 4488 set,caputde
2874 4410 3149 4471 Macariis
3189 4411 3323 4471 ﬁnit
3342 4410 3656 4473 hisverbis
3692 4430 3704 4469 :
3739 4435 3766 4467 α
3801 4413 3924 4474 Sed
3945 4420 4008 4475 et

2369 4510 2648 4594 Dmulta,
2685 4519 2753 4570 ut
2806 4510 3093 4581 diximus,
3136 4510 3253 4571 alia
3310 4510 3387 4571 de
3449 4512 3746 4590 Operibus
3806 4512 4010 4576 sancti

2434 4610 2680 4670 Macarii
2749 4609 3147 4670 Alexandrini
3206 4610 3511 4671 mirabilia
3570 4610 3879 4684 feruntur,
3928 4630 4007 4673 ex

2434 4710 2660 4788 quibus
2708 4709 3006 4770 nonnulla
3053 4710 3117 4769 in
3170 4711 3251 4770 XI
3319 4712 3480 4773 libro
3534 4711 4008 4775 Ecclesiasticae

2433 4810 2737 4871 Historiae
2775 4810 3025 4881 inserta,
3058 4810 3165 4889 qui
3206 4811 3500 4889 requiret,
3518 4811 3791 4871 inveniet
3822 4811 3931 4890 ('7).
3975 4837 4003 4868 ι

2433 4912 2520 4969 Ex
2567 4910 2793 4988 quibus
2832 4909 2917 4981 id,
2946 4910 3116 4987 quod
3162 4910 3431 4971 diximus
3462 4910 3569 4989 (8),
3597 4913 4005 4991 perspicuum

2436 5018 2547 5080 est,
2573 5011 2635 5069 in
2666 5009 3138 5071 Coutinuatione
3169 5010 3245 5071 de
3290 5013 3552 5073 Macario
3582 5012 4005 5075 Alexandrino

2436 5110 2729 5170 Ruﬁnum
2787 5110 3092 5171 retulisse.
3152 5114 3276 5172 Iam
3338 5113 3635 5192 expositis
3690 5114 3788 5187 iis,
3838 5133 4004 5194 quae

2438 5211 2697 5271 Ruﬁnus
2758 5208 2942 5270 habet
3000 5211 3079 5271 de
3137 5212 3414 5273 Macariis
3449 5247 3523 5257 -—
3563 5230 3706 5274 nam
3752 5214 3817 5275 in
3867 5216 4005 5277 eius

2497 5389 2575 5459 (5)
2598 5387 2711 5441 VV.
2745 5386 2847 5441 PP.
2880 5386 3062 5442 Rosw.
3106 5386 3199 5440 lib.
3238 5386 3281 5439 ll
3303 5403 3424 5457 cap.
3458 5388 3527 5443 29
3554 5406 3603 5457 p.
3630 5390 3752 5452 452,
3782 5392 3805 5443 1
3837 5408 3851 5455 ;
3878 5390 4003 5446 Val-

2421 5479 2550 5532 larsi
2584 5480 2619 5531 l.
2657 5479 2694 5531 l.
2728 5493 2779 5547 p.
2810 5477 2910 5531 199
2933 5519 2947 5541 ,
2978 5478 3154 5546 Migne
3182 5478 3216 5531 I.
3248 5478 3282 5530 Ι.
3323 5494 3374 5547 p.
3406 5479 3531 5531 455.

2508 5569 2582 5633 (6)
2618 5569 2703 5622 Cf.
2740 5584 2905 5637 supra
2937 5568 3115 5637 Caput
3148 5568 3217 5623 Ill
3246 5585 3297 5638 p.
3335 5570 3419 5623 74.
3455 5571 3575 5624 101.

2508 5662 2583 5732 (7)
2616 5661 2729 5718 νγ.
2754 5660 2857 5716 PP.
2891 5660 3072 5714 Rosw.
3107 5662 3200 5714 lib.
3232 5660 3271 5713 ll
3302 5678 3420 5731 cap.
3442 5662 3511 5717 29
3538 5678 3591 5731 p.
3625 5662 3751 5727 482,
3779 5661 3843 5729 2;
3878 5660 4001 5721 Val-

2434 5755 2563 5809 larsi
2600 5755 2631 5806 I.
2666 5755 2701 5807 l.
2731 5769 2781 5821 p.
2814 5754 2946 5814 200.
2980 5751 3159 5821 Migne
3196 5754 3230 5805 Ι.
3266 5753 3302 5805 l.

2510 5847 2583 5917 (8)
2614 5846 2787 5918 SUpra
2816 5844 2934 5917 μ’]
2965 5846 3018 5899 in
3061 5845 3180 5909 line,
3212 5860 3265 5915 p.
3296 5844 3414 5899 IN.
