4266 6360
786 396 889 449 115

1591 398 1691 455 SS.
1734 397 2193 455 MACARIORUM
2228 392 2543 451 AEGYPTII
2601 392 2688 447 ET
2757 389 3224 448 ALEXANDRINI

788 522 962 568 mero
997 506 1325 568 occasione
1365 522 1443 566 ex
1481 509 1632 587 ipsis
1670 509 1894 571 divinis
1935 509 2256 589 scripturis
2287 509 2353 568 in
2383 510 2428 566 A
2457 506 2728 585 positum
2758 502 3121 582 virginitatis
3138 508 3245 562 aut
3266 499 3575 562 viduitatis
3604 496 3947 560 servandae
3974 506 4037 560 et

787 628 971 688 prava
1002 611 1264 687 cogitata
1310 613 1665 677 desinentes
1735 612 2052 673 Interdum
2094 627 2349 692 quoque
2448 606 2525 667 ad
2573 605 3023 684 simpliciorem
3068 604 3253 665 vitam
3298 601 3594 675 traduxit,
3647 607 4038 680 quapropter

786 717 1002 771 contra
1055 727 1293 772 morem
1342 712 1604 773 oscitare
1655 712 1805 782 121
1871 717 2123 788 cogunt,
2163 714 2350 787 atque

787 808 1211 883 gravissimum
1234 826 1521 869 somnum
1550 810 1887 871 immittunt
1908 826 2290 887 magnopere
2316 824 2351 869 a

786 911 1088 965 consueto
1142 907 1475 981 diversum,
1507 908 1722 985 idque,
1757 913 1827 968 ut
1864 909 1929 968 in
1978 907 2351 987 quibusdam

786 1004 1075 1066 fratribus
1102 1006 1556 1087 deprehensum
1582 1015 1697 1082 est,
1721 1017 1938 1070 natura
1958 1009 2355 1071 ineﬂ‘abiliter

788 1106 1114 1165 renitente.
1154 1107 1331 1180 Quod
1375 1126 1490 1185 ego
1533 1126 1677 1170 cum
1731 1109 2096 1188 frequenter
2134 1108 2351 1170 obser-

788 1222 1049 1276 vassem,
1092 1207 1229 1284 ipse
1273 1208 1575 1285 comperi.
1627 1210 1969 1287 Capessunt
2023 1206 2355 1287 palpebras

789 1320 930 1362 cum
952 1310 1083 1365 toto
1114 1307 1338 1384 capite,
1367 1307 1559 1385 idque
1584 1308 1840 1386 prOprio
1876 1323 2142 1386 corpore
2162 1305 2353 1383 frige-

788 1401 1049 1476 factant;
1082 1402 1419 1465 admodum
1451 1406 1616 1467 enim
1654 1406 1877 1483 frigida
1919 1412 2064 1467 sunt
2104 1404 2357 1466 daemo-

789 1520 937 1561 num
968 1520 1253 1581 corpora,
1285 1510 1346 1565 et
1373 1504 1661 1581 crystallo
1695 1506 1939 1577 similia,
1976 1504 2141 1566 unde
2174 1512 2235 1565 et
2262 1522 2359 1566 ca-

789 1608 900 1678 put
932 1603 1234 1663 sentimus
1269 1603 1433 1664 velut
1472 1604 1793 1665 cucurbita
1839 1603 2226 1665 medicorum
2261 1611 2354 1665 at-

792 1707 1051 1762 tractum
1080 1721 1219 1764 cum
1248 1704 1533 1764 stridore.
1569 1706 1703 1765 Hoc
1742 1713 1948 1765 autem
1977 1704 2232 1778 faciunt,
2265 1712 2354 1779 ut,

787 1801 839 1860 si
875 1801 1126 1862 insitum
1168 1802 1377 1864 calvae
1422 1803 1691 1866 calorem
1728 1805 1803 1865 ad
1850 1822 1917 1866 se
1955 1806 2128 1885 ipsos
2158 1813 2357 1868 traxe-
2387 1848 2429 1906 Β

790 1900 931 1973 rint,
992 1901 1328 1981 palpebrae
1375 1902 1639 1972 humore
1698 1904 1945 1965 demum
2004 1912 2065 1966 et
2123 1905 2355 1984 frigore

788 2000 1096 2063 relaxatae
1119 2004 1548 2065 circumﬂuant
1568 2004 1819 2083 pupillis
1838 2005 2185 2067 oculorum.
2204 2008 2359 2080 Qua-

789 2118 855 2161 re
878 2102 1207 2181 palpebras
1232 2121 1420 2183 saepe
1443 2106 1494 2165 si
1516 2105 1914 2177 contrectavi,
1937 2106 2145 2168 inveni
2164 2107 2359 2169 instar

789 2199 1062 2277 crystalli
1103 2207 1479 2280 compactas,
1512 2208 1832 2281 totamque
1862 2202 2084 2265 faciem
2127 2206 2359 2267 mortui

788 2300 1052 2362 similem
1096 2310 1156 2363 et
1192 2302 1531 2364 horridam.
1572 2306 1857 2365 Attamen
1896 2322 2147 2368 somnus
2184 2313 2359 2368 natu-

789 2402 934 2463 ralis
982 2419 1245 2482 corpora
1309 2402 1611 2479 calefacit,
1669 2422 2091 2486 sanorumque
2155 2408 2359 2470 vultus

790 2502 1022 2564 nitidos
1043 2503 1266 2577 reddit,
1300 2504 1469 2582 quod
1512 2504 1646 2584 ipsa
1689 2524 1942 2586 quoque
1973 2510 2359 2588 experientia

787 2600 1107 2661 discimus.
1146 2602 1267 2663 Sed
1305 2602 1398 2662 illi
1449 2609 1662 2664 contra
1703 2609 1981 2665 naturam
2014 2623 2091 2665 ex
2128 2624 2237 2667 ore
2267 2608 2360 2667 ni-

792 2700 985 2760 mium
1040 2700 1310 2762 distento
1374 2701 1803 2763 oscitationem
1854 2703 2150 2779 efﬁciunt,
2204 2713 2359 2770 atte-

792 2807 1055 2861 nuantes
1093 2818 1182 2874 se,
1223 2806 1284 2862 et
1311 2801 1607 2862 interiora
1638 2803 1762 2864 oris
1794 2812 2195 2883 occupantes.
2227 2808 2358 2885 Ego

791 2901 1044 2977 quidem
1088 2901 1368 2962 nondum
1409 2902 1529 2963 hoc
1566 2903 1863 2976 intellexi,
1896 2905 2009 2965 etsi
2054 2924 2360 2988 persaepe

792 3018 1011 3077 passus
1040 3001 1193 3075 sim;
1234 3010 1295 3063 at
1341 3010 1623 3063 sanctum
1668 3004 1999 3065 Macarium
2035 3007 2239 3069 audivi
2280 3009 2359 3070 de

792 3101 913 3162 hoc
937 3102 1087 3162 mihi
1119 3102 1499 3181 loquentem,
1536 3104 1644 3183 qui
1693 3104 1767 3165 ad
1811 3124 1939 3165 rem
1973 3107 2357 3185 probandam

787 3204 990 3264 attulit
1028 3206 1421 3266 oscitantium
1472 3184 2014 3279 consuetudinem,
2064 3225 2134 3268 os
2176 3208 2357 3286 signo
2385 3184 2427 3240 C

789 3305 995 3365 crucis
1022 3306 1343 3366 muniendi
1371 3324 1447 3367 ex
1485 3306 1810 3367 traditione
1857 3308 2109 3386 antiqua
2141 3309 2363 3371 imme-

794 3406 1037 3465 moriali
1060 3406 1163 3485 (ll.
1214 3408 1497 3467 Ceterum
1540 3407 1748 3467 omnia
1779 3408 1881 3467 illa
1906 3409 2361 3489 patimur,quia

797 3505 1046 3566 lectioni
1071 3522 1200 3565 non
1228 3506 1603 3565 attendimus
1624 3505 1967 3582 vigilanter,
1993 3524 2199 3586 neque
2224 3527 2363 3569 san-

791 3614 887 3666 cta
920 3606 1025 3666 Dei
1066 3606 1181 3665 vivi
1217 3605 1463 3683 eloquia
1498 3623 1613 3665 nos
1650 3606 1858 3682 legere
1905 3608 2085 3668 nobis
2124 3611 2361 3670 conscii

792 3724 1008 3767 sumus
1056 3706 1161 3786 (2).
1196 3730 1223 3761 ››
1255 3708 1419 3767 Haec
1472 3706 1723 3784 quidem
1754 3708 1992 3784 Evagrii
2018 3710 2254 3770 notatio
2283 3711 2361 3770 ad

794 3814 1157 3868 vetustatem
1214 3808 1705 3877 consuetudinis,
1759 3827 1878 3886 qua
1919 3811 2250 3871 oscitantes
2292 3829 2362 3873 os

794 3907 971 3981 signo
1017 3907 1219 3967 crucis
1262 3908 1503 3967 munire
1561 3907 1783 3979 solent,
1829 3910 2362 3987 comprobandam

794 4007 1145 4082 gravissima
1168 4014 1280 4067 est.
1305 4008 1453 4066 Uter
1483 4023 1628 4067 vero
1661 4008 2063 4068 Macariorum
2088 4008 2191 4070 illa
2215 4011 2363 4072 Eva-

794 4106 927 4183 grio
960 4108 1337 4183 exposuerit,
1380 4112 1548 4167 certo
1586 4107 1687 4165 vix
1729 4108 2097 4181 deﬁnietur;
2155 4128 2357 4188 quan-

794 4222 979 4283 quam
1003 4223 1143 4266 cum
1174 4206 1464 4283 Evagrius
1494 4206 1587 4266 bis
1618 4208 1947 4267 Macarium
1987 4210 2361 4287 Aegyptium

793 4306 1079 4366 laudibus
1119 4306 1427 4379 extulerit,
1472 4306 1634 4366 haud
1676 4308 2022 4383 incongrue
2064 4310 2359 4384 creditur,

794 4407 892 4469 hic
917 4423 1196 4486 quoque,
1221 4408 1327 4467 ubi
1359 4407 1723 4487 simpliciter
1750 4408 1996 4468 Macarii
2017 4411 2253 4471 mentio
2272 4412 2357 4485 fit,

2451 704 2628 789 multi
2662 722 2805 765 eum
2850 704 3282 781 obiurgabant
3317 701 3426 778 (4).
3474 703 3544 762 In
3587 699 3851 780 epistola
3872 717 4036 781 qua-

2451 804 2595 865 dam
2627 805 2791 867 circa
2825 822 3058 865 annum
3092 803 3206 863 395
3239 802 3469 881 scripta
3501 801 3580 862 de
3613 824 3641 857 α
3676 802 3940 881 Aegypti
3976 809 4038 863 et

2451 906 2962 985 Mosopotamiae,
2998 905 3202 976 Ponti,
3251 902 3679 986 Cappadociae
3721 912 3782 964 et
3822 907 4037 965 Arme-

2453 1007 2594 1068 niae
2616 1006 3003 1068 examinibus
3025 1004 3477 1067 monachorum
3507 1027 3532 1059 ι
3576 1004 3855 1083 loquitur
3902 1003 3990 1086 (5)
4016 1022 4033 1078 ;

2454 1108 2566 1169 sed
2598 1113 2659 1168 et
2691 1108 2755 1168 in
2786 1107 2957 1167 Italia
2987 1104 3332 1167 monachos
3358 1121 3486 1165 non
3508 1103 3808 1179 defuisse,
3834 1122 3913 1166 ex
3932 1104 4035 1181 iis,

2455 1225 2617 1286 quae
2661 1208 2740 1269 de
2786 1207 3078 1269 defuncta
3107 1206 3354 1268 Fabiola
3390 1223 3557 1267 anno
3605 1204 3718 1266 398
3760 1206 4033 1281 tradidit,

2455 1307 2751 1369 discimus
2820 1306 2925 1386 (6).
2983 1310 3110 1368 Iam
3184 1323 3261 1367 ex
3320 1306 3419 1366 his
3466 1306 3705 1385 paucis,
3762 1322 4035 1384 quanam

2458 1408 2790 1469 occasione
2843 1407 2983 1468 data
3032 1408 3093 1465 S.
3152 1407 3574 1484 Hieronymus
3626 1408 4039 1468 Macariorum

2457 1509 2842 1570 mentionem
2876 1507 3117 1580 fecerit,
3147 1505 3435 1583 colliges;
3467 1511 3575 1567 aut
3591 1506 3760 1567 enim
3806 1507 4037 1580 amico,

2459 1607 2569 1686 qui
2604 1606 2682 1668 ad
2712 1623 2993 1669 eremum
3022 1604 3432 1666 Macariorum
3474 1612 3844 1679 accesserat,
3890 1622 4041 1667 con-

2462 1706 2819 1783 gratulatur,
2852 1711 2957 1767 aut
2987 1694 3221 1765 amicos
3252 1703 3653 1764 Occidentem
3682 1722 3899 1766 versus
3930 1704 4042 1765 ha-

2460 1807 2727 1868 bitantes
2767 1806 2844 1866 ad
2893 1805 3180 1883 exempla
3226 1822 3447 1865 eorum
3501 1812 3772 1867 revocat.
3840 1808 4042 1867 Locos

2458 1911 2686 1985 quanta
2713 1903 3031 1983 potuimus
3050 1902 3364 1979 diligentia
3376 1902 3565 1964 hosce
3584 1903 4039 1980 congessimus.

2534 2004 2811 2066 Primum
2832 2002 2955 2065 huc
2997 2009 3236 2082 spectat
3263 2000 3527 2081 epistola
3560 2000 3595 2062 3
3630 2001 3708 2062 ad
3739 2002 4041 2062 Rufinum

2457 2104 2944 2185 Aquileiensem,
3008 2120 3197 2182 quem
3261 2104 3327 2163 in
3380 2106 3734 2181 Aegyptum
3792 2102 4041 2164 venisse

2456 2207 2519 2266 S.
2542 2207 2961 2284 Hieronymus
2990 2204 3294 2276 audierat,
3317 2209 3550 2265 aestate
3576 2202 3725 2263 anni
3754 2201 3869 2262 374
3893 2204 4043 2263 scri-

2458 2316 2583 2389 pta,
2624 2309 2689 2388 in
2742 2323 2911 2387 qua:
2948 2329 2975 2361 ι(
3016 2306 3243 2377 Prima,
3294 2328 3321 2361 ιο
3375 2304 3602 2383 inquit,
3650 2328 3679 2361 α
3726 2304 4042 2384 inOpinati

2460 2410 2669 2490 gaudii
2697 2410 2774 2471 ab
2808 2406 3150 2469 Heliodoro
3189 2404 3378 2467 fratre
3416 2404 3571 2466 mihi
3618 2414 3713 2467 est
3755 2407 4040 2469 nuntiata

2458 2511 2742 2574 felicitas.
2773 2512 2913 2571 Non
2943 2508 3275 2571 credebam
3305 2512 3568 2580 certum,
3599 2506 3773 2585 quod
3796 2513 4041 2569 certum

2461 2629 2596 2673 esse
2618 2612 2970 2690 cupiebam,
2994 2607 3359 2688 praesertim
3382 2625 3579 2686 quum
3611 2614 3672 2669 et
3690 2607 3795 2669 ille
3814 2608 3895 2670 ab
3915 2608 4042 2670 alio

2460 2728 2527 2773 se
2549 2710 2821 2783 audiisse
2847 2708 3107 2782 diceret,
3122 2713 3184 2770 et
3204 2707 3295 2769 rei
3315 2707 3555 2769 novitas
3577 2706 3763 2768 fidem
3793 2723 4041 2769 sermo-

2459 2810 2556 2870 nis
2593 2807 2883 2869 auferret.
2939 2809 3211 2867 Rursum
3257 2822 3560 2884 suspensa
3594 2810 3758 2879 vota,
3799 2813 4034 2868 nutan-

2459 2915 2714 2987 temque
2754 2912 3029 2968 mentem
3059 2905 3314 2984 quidam
3335 2903 3792 2966 Alexandrinus
3822 2923 4043 2968 mona-

2461 3008 2638 3081 chus,
2670 3007 2777 3087 qui
2803 3006 2880 3069 ad
2906 3006 3246 3085 Aegyptios
3272 3003 3690 3078 confessores,
3716 3011 3779 3066 et
3808 3004 4037 3068 volun-

2459 3116 2583 3169 tate
2606 3109 2727 3169 iam
2744 3114 3069 3185 martyres,
3086 3106 3191 3185 pio
3213 3104 3554 3184 plebisiam
3577 3104 3814 3165 dudum
3835 3104 4045 3167 fuerat

2464 3207 2860 3268 transmissus
2891 3205 3222 3284 obsequio,
3255 3202 3617 3265 manifestus
3658 3204 3736 3265 ad
3765 3205 4042 3267 creduli-

2463 3316 2652 3370 tatem
2689 3307 2893 3369 nuntii
2935 3312 3152 3367 auctor
3188 3305 3543 3384 impulerat.
3593 3308 3817 3367 Fateor
3868 3313 3933 3368 et
3976 3306 4045 3367 in

2464 3406 2585 3468 hoc
2628 3422 2831 3466 meam
2882 3404 3121 3465 labasse
3169 3403 3563 3465 sententiam.
3598 3405 3755 3465 Nam
3805 3423 3951 3467 cum
3983 3412 4046 3468 et

2464 3510 2728 3587 patriam
2747 3515 2912 3568 tuam
2942 3506 3257 3583 ignoraret
3281 3512 3342 3565 et
3370 3506 3711 3580 nomen,in
3732 3523 3808 3567 eo
3828 3512 4043 3567 tamen

2466 3608 2606 3688 plus
2635 3607 2957 3668 videbatur
2988 3605 3232 3679 all‘erre,
3257 3605 3427 3684 quod
3453 3606 3674 3666 eadem
3696 3608 4042 3681 asserebat,

2465 3726 2627 3788 quae
2678 3709 2799 3769 iam
2838 3707 2995 3768 alius
3032 3706 3431 3767 indicaverat.
3464 3706 3741 3767 Tandem
3781 3706 4045 3786 plenum

2464 3809 2735 3870 veritatis
2757 3808 3003 3883 pondus
3030 3808 3265 3885 erupit:
3293 3807 3591 3868 Rufinum
3617 3808 3785 3868 enim
3810 3808 4047 3869 Nitriae

2466 3925 2605 3969 esse
2636 3915 2697 3968 et
2734 3908 2810 3967 ad
2850 3908 3100 3966 beatum
3151 3905 3504 3984 perrexisse
3545 3905 3880 3966 Macarium
3911 3920 4051 3967 cre-

2465 4010 2575 4069 bra
2613 4007 3095 4069 commeantium
3153 4004 3484 4064 multitudo
3543 4003 3878 4065 referebat.
3930 4006 4049 4068 Hic

2464 4126 2614 4170 vero
2668 4115 2794 4170 tota
2844 4106 3228 4168 credulitatis
3279 4104 3455 4165 frena
3512 4103 3732 4177 laxavi,
3778 4111 3843 4165 et
3895 4111 4050 4167 tunc

2464 4226 2607 4269 vere
2635 4214 2959 4284 aegrotum
3000 4223 3136 4266 esse
3164 4221 3265 4265 me
3297 4203 3493 4265 dolui.
3513 4206 3587 4263 Et
3616 4204 3735 4265 nisi
3757 4221 3859 4265 me
3888 4211 4050 4266 atte-

2466 4309 2639 4371 nuati
2683 4308 2967 4386 corporis
2993 4306 3155 4366 vires
3193 4304 3465 4383 quadam
3512 4305 3821 4384 compede
3857 4324 4048 4384 prae-

2465 4408 2806 4489 pedissent,
2864 4423 2982 4465 nec
3032 4404 3275 4464 mediae
3323 4402 3531 4464 fervor
3572 4409 3726 4479 123
3764 4407 4044 4479 aestatis,

790 4508 1064 4569 eundem
1093 4507 1374 4583 intelligi.
1398 4508 1514 4567 Sed
1539 4507 1863 4569 audiamus
1884 4527 2051 4571 nunc
2072 4527 2166 4585 ea,
2193 4529 2361 4591 quae
2392 4528 2434 4582 ο
2465 4529 2583 4575 nec
2620 4509 3050 4587 navigantibus
3089 4524 3339 4585 semper
3373 4507 3680 4567 incertum
3719 4524 3894 4569 mare
3939 4510 4048 4589 pia

792 4609 973 4670 nobis
1003 4609 1257 4687 praebet
1286 4610 1347 4669 S.
1382 4609 1821 4687 Hieronymus.

871 4711 897 4782 ς
934 4708 1029 4767 30.
1073 4710 1131 4768 Is
1176 4708 1476 4769 Macarios
1520 4709 1751 4787 passim
1794 4710 1858 4770 in
1898 4710 2201 4789 epistolis,
2249 4716 2363 4777 sed

792 4807 995 4868 obiter
1062 4814 1301 4867 tantum
1370 4816 1839 4870 commemorat.
1899 4813 1971 4871 In
2018 4814 2364 4878 Palaestina

791 4907 948 4969 vitae
977 4905 1381 4968 monachicae
1398 4906 1531 4986 ipse
1553 4924 1619 4967 se
1644 4907 1921 4982 dederat,
1954 4928 2140 4988 quam
2160 4930 2361 4991 quan—

792 5016 851 5067 ta
901 5007 1233 5068 dulcedine
1280 5006 1602 5084 amplexus
1641 5008 1737 5080 sit,
1781 5010 1913 5069 eius
1955 5010 2271 5089 epistolae.
2301 5014 2359 5073 2.

792 5109 847 5167 3.
908 5106 996 5167 14.
1040 5106 1135 5166 22.
1181 5106 1278 5177 24,
1321 5125 1479 5185 quae
1520 5124 1738 5169 omnes
1775 5117 1918 5170 ante
1972 5127 2203 5173 annum
2250 5113 2365 5175 384

790 5207 1053 5286 scriptae
1069 5208 1225 5278 122
1237 5215 1379 5268 sunt
1395 5206 1498 5287 (3),
1520 5210 1876 5281 ostendunt,
1912 5228 2027 5271 nec
2042 5229 2167 5273 non
2182 5212 2336 5275 aliae
2348 5264 2361 5288 ,

790 5318 943 5380 quas
954 5309 1171 5381 postea
1184 5303 1596 5382 scripsit,com
1604 5307 1890 5385 probant.
1910 5310 2145 5371 Romae
2169 5329 2363 5389 quum

793 5407 1157 5475 moraretur,
1180 5403 1537 5481 complures
1559 5404 1801 5465 nobiles
1825 5406 2088 5469 feminas
2108 5408 2185 5469 ad
2210 5428 2356 5489 pro-

860 5573 935 5637 (l)
962 5570 1167 5627 Graece
1197 5592 1208 5625 :
1238 5573 1376 5624 κατὰ
1405 5575 1636 5643 ἀρχαίαν
1660 5575 1958 5645 παράδοσιν
1993 5578 2248 5648 ἆρῤητον.

861 5666 937 5735 (2)
981 5667 1112 5736 Cap.
1150 5666 1333 5731 LXVI,
1371 5667 1605 5722 Coleler.
1645 5668 1789 5722 Eccl.
1842 5668 2032 5725 Graec.
2085 5671 2230 5726 Mon.
2290 5671 2354 5727 Τ.

790 5758 856 5813 lll
894 5777 944 5826 p.
979 5760 1046 5813 88
1078 5777 1186 5829 sq.,
1236 5759 1484 5814 Galland.
1520 5761 1653 5815 Bibl.
1687 5761 1785 5819 PP.
1826 5767 1857 5817 Ι.
1894 5765 1928 5816 l.
1971 5766 2175 5832 p.561.

863 5852 936 5919 (3‘
962 5851 1046 5907 ω’.
1075 5851 1778 5921 S.llieron.(lpp.cd.Mignc
1804 5853 1863 5907 T.
1898 5855 1911 5907 l
1934 5855 2106 5910 Praef.
2139 5873 2187 5921 p.
2212 5855 2250 5908 L
2270 5873 2347 5931 sq.

2456 4611 2858 4673 festinatione
2891 4607 3198 4686 gradienti
3224 4605 3518 4667 valuisset
3549 4605 3878 4669 obsistere.
3898 4610 4047 4671 Cre-

2462 4714 2572 4774 das
2608 4711 2784 4782 mihi,
2821 4709 3033 4781 frater,
3072 4725 3199 4768 non
3244 4707 3332 4768 sic
3371 4713 3739 4785 tempestate
3776 4706 4047 4770 iactatus

2464 4821 2712 4893 portum
2736 4818 2920 4873 nauta
2942 4813 3317 4888 prospectat,
3352 4823 3482 4868 non
3516 4808 3605 4868 sic
3639 4805 3910 4870 sitientia
3930 4811 4051 4871 im-

2464 4914 2609 4975 bres
2641 4928 2782 4973 arva
2813 4909 3194 4979 desiderant,
3236 4923 3354 4968 nec
3396 4907 3485 4967 sic
3528 4924 3719 4969 curvo
3757 4908 4049 4971 assidens

2466 5014 2657 5075 littori
2690 5011 2870 5072 anxia
2904 5010 3097 5071 filium
3128 5016 3325 5071 mater
3368 5016 3688 5087 exspectat
3737 5007 3845 5087 (7).
3883 5033 3911 5066 n
3954 5012 4049 5073 Ibi

2469 5115 2835 5177 alterutrum
2884 5128 2961 5171 ex
3014 5110 3243 5172 nostris
3287 5108 3587 5182 Macariis,
3646 5115 3705 5170 et
3759 5108 4049 5172 fortassis

2468 5215 2722 5295 quidem
2760 5210 3267 5285 Alexandrinum,
3318 5210 3427 5289 qui
3462 5226 3663 5289 prope
3698 5209 4044 5273 Nitriamin

2467 5331 2678 5377 eremo
2701 5311 3071 5373 Cellularum
3098 5309 3268 5382 vixit,
3295 5308 3560 5387 intelligi
3591 5308 3656 5369 in
3678 5316 3901 5388 aperto
3924 5318 4041 5372 est.

2468 5417 2763 5478 Rufinum
2798 5430 2943 5474 vero
2966 5412 3131 5474 circa
3169 5411 3429 5472 Nitriam
3464 5428 3605 5472 cum
3643 5410 3891 5472 duobus
3911 5413 4044 5473 Ma-

2540 5580 2616 5650 (4)
2643 5577 2728 5633 cr.
2756 5576 2853 5645 Ep.
2887 5574 2974 5628 66.
3007 5573 3093 5626 75.
3120 5571 3206 5625 45.
3237 5571 3323 5625 59.
3365 5570 3453 5624 54.

2538 5672 2615 5739 (5)
2648 5669 2746 5739 Ep.
2778 5668 2868 5730 58,
2900 5665 2958 5719 S.
2986 5664 3212 5717 Hieron.
3241 5659 3380 5731 Opp.
3412 5661 3499 5714 ed.
3532 5662 3568 5714 ι.
3595 5660 3657 5714 Τ.
3684 5660 3700 5713 l
3732 5676 3785 5729 p.
3820 5660 3949 5716 581.

2536 5762 2609 5831 (6)
2645 5761 2739 5831 Ερ.
2775 5761 2863 5826 7‘5,
2891 5758 2949 5814 S.
2976 5755 3353 5825 llieron.0pp.
3378 5751 3465 5807 ed.
3496 5755 3530 5805 l.
3558 5752 3620 5806 Τ.
3654 5750 3747 5821 lp.
3773 5752 3901 5809 694.

2538 5854 2615 5921 (7)
2646 5854 2703 5911 S.
2744 5851 2965 5907 llieron.
3000 5850 3136 5921 Opp.
3170 5847 3259 5904 cd.
3302 5847 3339 5902 ι.
3373 5845 3438 5899 Τ.
3464 5844 3481 5898 l
3507 5861 3559 5916 p.
3585 5845 3689 5900 ’552
3722 5861 3807 5916 sq.
