4266 6360
240 397 348 454 117

1742 394 1969 455 νιτΑΕ.

237 512 424 576 cariis
458 528 863 590 congressum
904 528 1038 572 esse
1070 510 1521 590 persecutionis
1549 528 1585 573 a
1615 510 1805 573 Lucio
1834 513 1877 569 Α
1907 510 3473 591 HistoriciThucyoidem,Sallustium,Herodotum,

238 614 440 676 factae
481 619 790 691 tempore,
828 627 955 690 quo
1016 610 1276 690 epistola
1332 612 1393 671 S.
1442 607 1808 687 Hieronymi

237 714 470 792 scripta
504 721 619 784 est,
658 711 781 772 iam
819 728 853 772 e
897 710 1105 771 Ruﬁni
1148 711 1622 773 Continuatione
1662 710 1805 771 His-

239 814 438 875 toriae
482 812 947 875 Ecclesiasticae
975 811 1221 873 Eusebii
1257 812 1656 890 percepimus
1699 808 1803 888 (1).

320 914 514 975 Porro
557 911 867 974 laudanda
904 917 997 972 est
1032 909 1295 990 epistola
1344 908 1441 982 22,
1478 910 1557 971 de
1594 918 1804 971 custo-

238 1012 468 1075 dienda
522 1012 870 1090 virginitate
914 1010 993 1072 ad
1035 1008 1433 1071 Eustachium
1478 1008 1804 1086 virginem,

240 1113 467 1175 Paulae
516 1112 937 1176 nobilissimae
964 1108 1127 1190 apud
1153 1110 1469 1170 Romanos
1489 1114 1807 1169 matronae

244 1212 456 1286 tiliam,
474 1230 641 1275 anno
664 1212 777 1273 384
796 1212 1044 1293 scripta.
1068 1211 1218 1273 Eam
1240 1208 1408 1271 enim
1436 1207 1806 1280 admonens,

239 1311 634 1373 utavaritiam
652 1310 823 1384 vitet,
838 1311 900 1374 S.
920 1311 1340 1388 Hieronymus
1353 1306 1523 1369 addit
1560 1322 1574 1367 ε
1600 1329 1633 1361 α
1650 1305 1809 1379 Quid

239 1416 385 1471 ante
412 1426 544 1471 non
571 1410 783 1490 plures
808 1426 1007 1471 annos
1030 1410 1261 1471 Nitriae
1292 1416 1533 1486 gestum
1572 1406 1671 1479 sit,
1704 1423 1809 1466 re-

238 1508 537 1571 feremus.
593 1508 851 1581 Quidam
898 1525 977 1570 ex
1014 1506 1301 1571 fratribus
1342 1505 1589 1585 parcior
1612 1503 1809 1582 magis

239 1626 432 1688 quam
483 1608 744 1682 avarior,
779 1614 843 1670 et
888 1607 1174 1670 nesciens
1217 1606 1465 1685 triginta
1502 1604 1809 1683 argenteis

241 1708 577 1771 Dominum
630 1706 969 1779 venditum,
1027 1711 1280 1768 centum
1342 1700 1599 1775 solidos,
1649 1716 1810 1780 quos

240 1806 372 1869 lino
414 1805 689 1869 texendo
720 1804 1112 1885 acquisierat,
1142 1803 1419 1865 moriens
1453 1800 1805 1881 dereliquit.

240 1908 471 1969 Initum
515 1911 607 1968 est
652 1906 815 1967 inter
842 1903 1182 1966 monachos
1218 1901 1547 1965 consilium
1567 1935 1640 1946 —
1664 1916 1808 1963 nam

238 2006 307 2067 in
344 2004 571 2067 eodem
614 2004 755 2065 loco
806 2002 1054 2065 circiter
1082 2000 1360 2080 quinque
1392 1997 1582 2060 millia
1600 1996 1811 2059 divisis

239 2104 484 2168 cellulis
528 2103 888 2166 habitabant
916 2135 990 2147 -—
1019 2100 1170 2181 quid
1218 2099 1384 2162 facto
1424 2114 1585 2178 Opus
1624 2101 1805 2158 esset.

239 2203 356 2265 Alii
393 2202 777 2283 pauperibus
821 2198 1281 2263 distribuendos
1316 2214 1455 2260 esse
1498 2196 1807 2268 dicebant,

237 2304 346 2367 alii
368 2303 616 2367 dandos
646 2302 968 2377 ecclesiae,
1006 2300 1293 2364 nonnulli
1323 2299 1682 2380 parentibus
1708 2316 1810 2361 re-

240 2404 602 2467 mittendos.
623 2403 924 2466 Macarius
951 2418 1096 2464 vero
1116 2408 1179 2464 et
1211 2401 1443 2463 Pambo
1466 2406 1525 2461 et
1544 2400 1813 2462 Isidorus

240 2511 305 2567 et
329 2504 545 2575 ceteri,
574 2519 735 2583 quos
763 2508 970 2583 patres
989 2508 1233 2574 vocant,
1264 2506 1479 2563 sancto
1507 2499 1572 2560 in
1604 2499 1693 2561 eis
1716 2499 1809 2561 lo-

241 2611 479 2685 quente
516 2602 747 2684 Spiritu
783 2603 1211 2674 decreverunt,
1244 2599 1646 2663 infodiendos
1677 2615 1814 2661 esse

242 2721 390 2766 cum
408 2702 666 2765 domino
690 2718 803 2764 suo
835 2701 1142 2764 dicentes:
1174 2698 1445 2761 Pecunia
1480 2705 1586 2759 tua
1606 2704 1814 2759 tecum

242 2804 325 2865 sit
368 2804 435 2864 in
478 2801 916 2883 perditionem.
957 2801 1084 2862 Nec
1129 2799 1248 2860 hoc
1290 2796 1624 2860 crudeliter
1649 2798 1817 2876 quis-

243 2920 437 2983 quam
466 2909 641 2983 putet
675 2900 905 2962 factum
928 2906 1163 2961 :tantus
1191 2905 1451 2961 cunctos
1482 2914 1595 2977 per
1622 2904 1815 2959 totam

243 3008 596 3082 Aegyptum
642 3008 841 3063 terror
891 2999 1136 3072 invasit,
1195 3004 1264 3059 ut
1306 3014 1501 3059 unum
1548 2996 1815 3059 solidum

244 3104 555 3166 dimisisse
574 3103 651 3163 sit
679 3101 955 3163 criminis
988 3099 1092 3179 (2).
1117 3122 1144 3155 ιο
1174 3098 1507 3160 Macarium
1556 3098 1816 3159 Alexan-

245 3202 499 3263 drinum
533 3198 903 3261 Cellularum
944 3199 1376 3277 presbyterum
1418 3196 1518 3258 hic
1552 3196 1813 3276 intelligi
1840 3179 1882 3236 (ἶ

244 3308 529 3383 apparet.
554 3302 705 3361 Nam
728 3300 793 3360 in
827 3305 1041 3359 monte
1068 3298 1299 3359 Nitriae
1318 3298 1551 3359 Pambo
1579 3297 1818 3359 habita-

246 3402 335 3463 vit
394 3400 495 3478 (3).
538 3398 809 3460 Isidorus
861 3397 1080 3459 cellam
1140 3395 1355 3457 habuit
1393 3396 1501 3474 (4).
1531 3396 1816 3475 Quinque

248 3516 397 3560 vero
422 3497 614 3559 millia
634 3496 1083 3557 monachorum
1110 3501 1387 3556 montem
1418 3494 1593 3556 illum
1623 3496 1819 3557 Cellu-

247 3599 466 3676 lasque
491 3596 828 3658 incoluisse
852 3596 1082 3675 pariter
1127 3595 1436 3657 Palladius
1478 3596 1811 3676 retulit(5).

252 3698 413 3770 125
438 3697 722 3757 Ceterum
744 3695 909 3757 idem
932 3695 1011 3755 de
1040 3694 1270 3755 Nitriae
1301 3694 1610 3756 monacho
1630 3713 1814 3758 avaro

246 3794 313 3854 in
344 3795 469 3854 νγ.
491 3796 607 3855 PP.
628 3796 839 3855 Rosw.
864 3792 1025 3855 libro
1046 3793 1231 3855 tertio
1260 3794 1521 3855 traditur
1550 3792 1657 3871 (6).

327 3894 524 3955 Etiam
558 3894 623 3955 in
646 3892 911 3974 epistola
942 3892 1039 3965 58,
1073 3892 1236 3954 circa
1265 3909 1500 3953 annum
1529 3891 1641 3952 395
1670 3909 1817 3954 con-

245 3994 499 4073 scripta,
546 3994 843 4056 Macarios
891 3995 954 4055 S.
1004 3993 1423 4071 Hieronymus
1462 3999 1660 4055 vocat.
1698 3995 1816 4056 Ubi

247 4095 404 4173 legis
428 4112 441 4154 :
468 4117 495 4150 α
525 4095 632 4155 Sin
658 4100 864 4156 autem
885 4094 1063 4173 cupis
1080 4110 1215 4155 esse
1236 4094 1404 4173 quod
1428 4094 1671 4166 diceris,
1687 4112 1817 4157 mo-

246 4196 509 4270 nachus,
530 4195 595 4256 id
641 4201 735 4256 est
783 4194 975 4268 solus,
1010 4193 1162 4272 quid
1206 4191 1358 4255 facis
1410 4194 1474 4253 in
1532 4194 1812 4269 urbibus,

245 4312 409 4374 quae
442 4294 659 4373 utique
701 4311 831 4355 non
854 4299 996 4355 sunt
1016 4292 1292 4353 solorum
1314 4292 1682 4365 habitacula,
1706 4296 1815 4355 sed

246 4394 587 4455 multorum
612 4390 643 4453 τ
666 4394 866 4454 Habet
894 4392 1393 4471 unumquodque
1422 4394 1812 4471 propositum

1908 610 2169 673 Livium.
2201 612 2488 673 Oratores
2509 611 2779 691 Lysiam,
2801 612 3091 687 Graccos,
3118 611 3481 676 Demosthe-

1908 732 2073 787 nem,
2104 713 2397 776 Tullium.
2431 716 2503 775 Et
2533 720 2601 775 ut
2628 714 2704 775 ad
2736 721 2946 776 nostra
2973 712 3313 788 veniamus,
3337 714 3477 793 epi-

1909 814 2086 894 sc0pi
2141 820 2202 875 et
2261 814 2608 894 presbyteri
2656 812 2927 875 habeant
2984 814 3051 874 in
3119 812 3477 892 exemplum

1908 911 2238 991 Apostolos
2268 919 2331 973 et
2357 910 2735 991 apostolicos
2763 911 2950 984 viros,
2984 927 3248 990 quorum
3281 908 3484 972 hono-

1908 1026 2039 1071 rem
2068 1009 2458 1089 possidentes
2494 1009 2723 1072 habere
2766 1010 3039 1071 nitantur
3067 1016 3129 1071 et
3161 1008 3480 1071 meritum.

1907 1109 2035 1169 Nos
2060 1113 2265 1169 autem
2295 1108 2633 1170 habeamus
2664 1108 2969 1188 propositi
3007 1108 3205 1171 nostri
3235 1107 3479 1187 princi-

1911 1225 2024 1287 pes
2049 1207 2273 1271 Paulos
2306 1214 2369 1271 et
2407 1208 2730 1282 Antonios,
2775 1207 3072 1281 Iulianos,
3103 1207 3480 1282 Hilariones,

1906 1308 2207 1371 Macarios
2239 1310 2320 1386 (7)
2339 1334 2390 1370 ,υ
2415 1312 2609 1384 Quem
2639 1308 2947 1371 Iulianum
2978 1308 3162 1382 dicat,
3195 1310 3481 1387 ambigo;

1907 1425 1986 1471 an
2018 1408 2176 1470 forte
2214 1409 2620 1484 Edessenum,
2659 1409 2737 1471 de
2777 1427 2904 1489 quo
2938 1411 3323 1471 Sozomenus
3351 1414 3483 1469 tra-

1907 1509 1998 1571 dit
2051 1506 2177 1591 (8)?
2230 1510 2563 1572 Macarium
2603 1528 2753 1573 vero
2794 1510 3279 1572 Alexandrinum
3302 1508 3486 1571 intel-

1907 1608 2014 1687 ligi
2044 1645 2118 1654 —
2149 1626 2480 1671 numerum
2510 1609 2815 1689 pluralem
2844 1626 2960 1689 pro
2982 1608 3278 1687 singulari
3315 1606 3483 1687 posi-

1907 1715 2038 1771 tum
2076 1726 2213 1771 esse
2242 1716 2469 1789 sponte
2506 1709 2895 1790 liquet—ex
2952 1709 3117 1783 loco,
3175 1709 3284 1788 qui
3335 1725 3481 1771 cum

1841 1847 1883 1907 Β
1910 1815 2123 1871 nostro
2154 1808 2572 1872 conferendus
2609 1816 2722 1883 est,
2764 1815 3066 1890 sequente
3112 1807 3479 1871 conieceris.

1986 1909 2230 1970 Etenim
2262 1909 2485 1971 eodem
2510 1926 2763 1989 prorsus
2783 1909 3044 1971 modoS.
3063 1909 3484 1987 Hieronymus

1908 2009 2239 2070 Macarium
2252 2009 2315 2069 in
2334 2008 2593 2089 epistola
2612 2007 2912 2083 108,anno
2929 2007 3041 2069 404
3054 2008 3478 2087 scripta,citat.

1908 2109 2002 2171 Ibi
2030 2126 2224 2188 quum
2248 2110 2431 2172 vitam
2454 2109 2679 2173 Paulae
2709 2115 3078 2179 enarrasset,
3102 2109 3365 2190 eiusque
3384 2108 3483 2170 iti-

1913 2223 2063 2268 nera
2082 2206 2186 2287 pia
2202 2214 2488 2270 accurate
2510 2208 2963 2289 descripsisset,
2986 2208 3241 2271 Nitriam
3257 2207 3481 2288 appel-

1912 2307 1995 2371 lat
2022 2332 2050 2364 α
2084 2309 2385 2389 oppidum
2418 2311 2683 2384 Domini,
2716 2311 2782 2372 in
2822 2327 2949 2391 quo
2988 2311 3324 2390 purissimo
3356 2312 3481 2373 vir-

1911 2414 2110 2470 tutum
2135 2410 2297 2473 nitro
2328 2410 2544 2473 sordes
2573 2410 2853 2473 lavantur
2871 2411 3153 2491 quotidie
3174 2410 3481 2490 plurimo-

1913 2525 2074 2571 rum.
2131 2510 2309 2584 Quod
2358 2528 2501 2573 cum
2534 2510 2764 2588 [Paula]
2812 2512 3085 2586 vidisset,
3115 2519 3486 2575 occurrente

1914 2608 2032 2671 sibi
2055 2615 2267 2673 sancto
2291 2616 2352 2673 et
2379 2609 2716 2674 venerabili
2747 2612 3048 2693 episcOpo
3075 2612 3316 2678 Isidoro
3337 2630 3487 2676 con-

1911 2705 2153 2769 fessore
2196 2715 2257 2771 et
2300 2709 2499 2771 turbis
2535 2710 3094 2774 innumerabilibus
3132 2712 3482 2776 monacho-

1918 2823 2075 2879 rum,
2106 2824 2181 2868 ex
2208 2808 2432 2887 quibus
2452 2810 2679 2871 multos
2704 2811 3100 2873 sacerdotalis
3121 2822 3182 2875 et
3204 2813 3485 2876 leviticus

1915 2905 2285 2969 sublimabat
2321 2909 2570 2987 gradus,
2594 2910 2936 2972 laetabatur
2963 2913 3217 2991 quidem
3246 2914 3323 2976 ad
3344 2914 3481 2992 glo-

1916 3005 2069 3067 riam
2110 3007 2379 3081 Domini,
2417 3009 2526 3070 sed
2579 3026 2645 3071 se
2684 3010 3004 3088 indignam
3038 3020 3210 3075 tanto
3240 3013 3484 3077 honore

1915 3104 2244 3168 fatebatur.
2286 3108 2444 3181 Quid
2484 3126 2640 3187 ergo
2676 3128 2919 3172 narrem
2949 3112 3268 3187 Macarios,
3299 3116 3483 3176 Arse-

1915 3208 2075 3282 nios,
2100 3210 2469 3289 Serapionas
2492 3218 2552 3272 et
2578 3212 2817 3292 reliqua
2845 3212 3278 3276 columnarum
3309 3214 3479 3277 Chri-

1915 3307 1991 3368 sti
2012 3306 2308 3369 nomina?
2330 3310 2513 3371 Cuius
2544 3328 2670 3372 non
2704 3312 2949 3373 intravit
2980 3320 3133 3391 125
3156 3312 3486 3376 cellulam?

1915 3409 2187 3481 Quorum
2219 3409 2483 3488 pedibus
2511 3427 2637 3472 non
2665 3412 2951 3475 advoluta
3014 3421 3107 3475 est
3154 3412 3276 3493 (9)?
3300 3439 3328 3471 ι
3370 3415 3485 3478 Hic

1916 3510 2169 3589 quidem
2201 3513 2528 3573 Macarium
2552 3512 3054 3587 Alexandrinum,
3094 3513 3325 3576 clarum
3356 3515 3488 3577 Cel-

1915 3610 2179 3672 lularum
2215 3612 2644 3690 presbyterum
2679 3619 2739 3674 et
2768 3613 2831 3673 in
2862 3614 3089 3675 Nitriae
3114 3620 3323 3676 monte
3352 3614 3482 3677 cel-

1914 3708 2038 3771 lam
2072 3708 2402 3771 habentem
2437 3710 2636 3783 innui,
2659 3710 2991 3774 verisimile
3027 3718 3139 3773 est.
3170 3712 3347 3773 Unde
3375 3730 3485 3773 su-

1916 3827 2051 3889 pra,
2086 3827 2279 3887 quum
2305 3811 2527 3871 eodem
2580 3810 2768 3872 modo
2820 3811 3170 3884 inducatur,
3212 3812 3484 3874 eundem

1916 3910 2101 3991 plane
2136 3910 2469 3971 Macarium
2505 3910 2987 3972 Alexandrinum
3026 3910 3289 3989 intelligi
3317 3910 3483 3974 haud

1918 4016 2149 4070 temere
2180 4009 2435 4070 dixeris.

1990 4108 2356 4169 Prodendus
2385 4109 2657 4188 denique
2688 4117 2779 4171 est
2807 4109 3060 4173 ultimus
3091 4111 3151 4171 S.
3171 4110 3482 4189 Hierony-

1915 4208 1999 4268 mi
2052 4208 2228 4269 locus
2283 4208 2360 4268 de
2406 4210 2719 4283 Macariis;
2782 4226 2925 4271 nam
2990 4211 3288 4272 Macarius
3342 4210 3481 4285 iste,

1916 4323 2104 4385 quem
2139 4308 2201 4367 in
2227 4308 2545 4387 epitaphio
2576 4309 2895 4371 Marcellae
2928 4310 3145 4371 viduae
3170 4311 3231 4369 S.
3256 4310 3481 4371 Hiero-

1918 4424 2139 4485 nymus
2159 4413 2334 4469 vocat
2368 4406 2511 4486 (10),
2535 4416 2595 4470 et
2633 4410 2894 4469 Ruﬁnus
2918 4410 2981 4469 in
3006 4408 3389 4488 praefatione
3416 4409 3481 4470 in

245 4494 566 4573 principes
602 4510 769 4555 suos.
810 4492 1076 4555 Romani
1121 4492 1311 4552 duces
1354 4492 1671 4553 imitentur
1700 4495 1809 4554 Ca-
1847 4513 1886 4565 D
1915 4506 2398 4581 Origenislibros
2419 4512 2749 4582 Περὶὰρχῶν
2774 4507 3050 4587 (11),ηθο
3079 4508 3283 4568 nonin
3308 4512 3477 4587 APO.

246 4592 477 4667 millos,
498 4593 830 4667 Fabricios,
850 4591 1143 4672 Regulos,
1168 4591 1513 4671 Scipiones.
1538 4593 1814 4656 Philoso-

246 4691 359 4771 phi
420 4697 775 4771 proponant
818 4690 936 4751 sibi
980 4689 1415 4768 Pythagoram,
1471 4691 1807 4767 Socratem,

244 4789 591 4857 Platonem,
607 4786 1017 4849 Aristotelem.
1034 4788 1261 4848 Poetae
1281 4786 1671 4848 aemulentur
1686 4790 1811 4851 Ho-

244 4905 513 4963 merum,
549 4886 895 4964 Virgilium,
950 4884 1375 4957 Menandrum,
1424 4884 1804 4951 Terentium.

314 5031 395 5100 (I)
424 5028 501 5085 Cf,
542 5044 708 5098 supra
737 5028 764 5099 ς
792 5026 825 5081 6
853 5043 904 5096 p.
935 5025 1019 5081 16.
1051 5025 1125 5080 cf.
1157 5024 1299 5079 infra
1331 5024 1481 5096 5142.

315 5122 395 5191 (9.)
427 5120 484 5174 S.
529 5119 753 5173 Hieron.
779 5118 917 5187 Opp.
944 5118 1031 5171 ed.
1062 5118 1097 5170 1.
1127 5116 1189 5169 Τ.
1221 5115 1242 5169 1
1274 5132 1328 5185 p.
1350 5116 1453 5169 M8
1482 5130 1567 5183 sq.

310 5213 392 5281 (3)
421 5211 560 5265 Hist.
590 5208 754 5265 Laus.
800 5209 890 5265 ed.
933 5206 1134 5262 Meurs.
1174 5221 1295 5276 cap.
1341 5206 1407 5261 I2
1438 5206 1573 5275 Opp.
1603 5208 1806 5263 Meurs.

237 5306 276 5360 l.
304 5306 345 5358 ι.
378 5318 433 5373 ρ.
464 5302 588 5355 37s.

310 5396 387 5474 (4.)
417 5394 551 5449 Ibid.
583 5408 705 5462 cap.
733 5392 757 5445 I
787 5408 840 5462 p.
871 5391 990 5446 348.

311 5486 391 5555 (5)
421 5484 556 5538 Ibid.
579 5499 699 5553 cap.
728 5484 761 5538 8
786 5500 836 5553 p.
864 5484 988 5537 5m.

312 5578 391 5647 (6)
416 5575 527 5630 νγ.
557 5574 660 5629 ΡΡ.
690 5577 871 5630 Rosw.
899 5576 989 5629 lib.
1017 5573 1083 5627 III
1116 5590 1235 5642 cap.
1264 5574 1370 5627 2I9
1403 5588 1455 5642 p.
1490 5573 1614 5640 555,
1648 5574 1696 5629 1.

309 5671 389 5738 (7)
424 5668 482 5721 S.
517 5667 737 5721 Hieron.
767 5666 903 5735 Opp.
929 5668 1015 5720 ed.
1043 5667 1078 5719 1.
1103 5667 1166 5719 Τ.
1194 5664 1211 5717 1
1244 5681 1295 5734 p.
1321 5665 1444 5719 585.

311 5761 391 5829 (8)
427 5757 644 5813 Sozom.
684 5756 823 5812 Hist.-
858 5757 1001 5811 Eccl.
1047 5758 1141 5812 lib.
1179 5756 1245 5811 III
1285 5772 1405 5825 cap.
1448 5756 1519 5810 M
1561 5756 1646 5810 ed.
1679 5756 1713 5809 I.
1748 5771 1798 5824 p.

238 5854 367 5913 520.
423 5853 757 5907 Edessenum
808 5849 915 5905 dici
954 5842 1653 5905 cxistiuiat'Tillcmoutius
1700 5844 1807 5900 Mc-

1920 4605 2098 4683 Iogiis
2135 4606 2495 4681 [Invectivis]
2545 4605 2751 4667 laudat
2797 4606 2941 4684 (12),
2978 4607 3321 4685 Origenista
3348 4609 3479 4668 Ru-

1919 4706 2153 4786 ﬁnique
2186 4705 2525 4784 discipulus
2554 4704 2686 4766 fuit.
2732 4707 2902 4767 Unus
2932 4707 3119 4785 igitur
3161 4706 3333 4769 locus
3377 4723 3479 4768 re-

1913 4813 2053 4879 stat,
2096 4824 2282 4886 quem
2310 4806 2684 4867 dillicultatis
2714 4808 3052 4886 quidquam
3098 4807 3329 4869 habere
3358 4807 3481 4869 iam

1913 4923 2101 4986 supra
2134 4906 2489 4968 monuimus
2525 4904 2672 4985 (13),
2706 4906 2928 4985 hisque
2960 4907 3310 4986 concipitur
3339 4923 3479 4968 ver-

1922 5046 2122 5099 moires
2150 5042 2213 5097 Τ.
2252 5041 2338 5095 VII
2367 5042 2423 5095 P.
2468 5042 2530 5096 111
2554 5060 2605 5113 ρ.
2634 5044 2770 5097 1017
2792 5060 2912 5113 sqq.
2941 5044 3121 5097 Alium
3148 5044 3375 5101 innuero
3401 5046 3479 5101 vi-

1914 5138 2111 5190 dentur
2139 5134 2282 5188 docti
2316 5134 2553 5189 editores
2576 5134 2711 5204 Opp.
2742 5134 2798 5188 S.
2830 5135 3049 5190 llieron.
3079 5137 3144 5190 ad
3182 5135 3239 5189 h.
3267 5137 3302 5191 l.

1983 5228 2056 5295 (9)
2094 5224 2151 5278 S.
2183 5224 2398 5279 Hieron.
2429 5225 2567 5294 Opp.
2601 5229 2687 5279 ed.
2715 5226 2752 5277 1.
2779 5222 2840 5277 'I'.
2875 5224 2889 5275 l
2928 5240 2979 5294 p.
3004 5225 3129 5279 890.

1980 5316 2089 5385 (l0)
2133 5317 2190 5370 S.
2226 5315 2446 5370 Hieron.
2475 5316 2720 5385 Opp.ed.
2742 5315 2940 5370 Bened.
2971 5314 3034 5369 Τ.
3062 5312 3126 5365 IV
3151 5312 3263 5366 PJI
3296 5314 3479 5384 p.782.

1975 5410 2082 5477 (11)
2112 5409 2203 5475 Ep.
2231 5408 2321 5471 80,
2341 5410 2398 5462 S.
2418 5408 2789 5477 Hieron.0pp.
2816 5409 2904 5462 ed.
2930 5408 3103 5476 Migne
3126 5406 3189 5463 Τ.
3219 5406 3237 5460 1
3270 5424 3321 5475 p.
3356 5408 3478 5465 733.

1977 5500 2089 5567 (I2)
2120 5500 2303 5554 Ruﬁni
2336 5502 2491 5570 Apol.
2526 5498 2844 5572 [lnvcctiva]
2881 5501 2932 5552 in
2980 5498 3036 5552 S.
3092 5498 3477 5569 Hieronymum

1903 5592 1996 5645 lib.
2041 5590 2200 5657 lcap.
2238 5592 2325 5653 11,
2363 5590 2500 5660 Opp.
2545 5591 2631 5645 ed.
2664 5588 2895 5643 Vallarsi
2930 5604 2982 5659 ρ.
3028 5589 3163 5649 516,
3207 5587 3384 5657 Migne
3419 5604 3476 5660 p.

1908 5683 2048 5745 548;
2092 5681 2148 5735 S.
2192 5682 2410 5737 Ilicron.
2446 5680 2581 5751 Opp.
2628 5681 2716 5737 ed.
2760 5680 2959 5743 Beued,
2996 5680 3031 5734 Ι.
3062 5680 3097 5735 1.
3143 5694 3196 5748 p.
3240 5678 3364 5734 360.

1982 5774 2094 5843 (15)
2122 5773 2204 5831 Cf.
2236 5790 2285 5845 p.
2322 5774 2409 5829 55.
