4266 6360
823 407 927 458 H9

1656 404 1755 459 SS.
1799 404 2258 459 MACARlORUM
2301 406 2616 460 AECYPTH
2654 407 2737 460 ET
2769 407 3228 461 ALEXANDRINI

3954 400 4053 458 120

807 515 903 575 bis
934 531 950 574 :
987 536 1018 570 ι
1047 517 1292 575 Amatas
1325 529 1470 574 vero
1495 520 1556 572 et
1596 514 1894 572 Macarius
1925 513 2212 591 discipuli
2243 517 2370 573 An-
2405 523 2446 574 A
2476 515 2734 576 fortasse
2767 523 2871 575 aut
2902 515 3023 576 alio
3053 516 3271 593 quovis
3302 515 3548 574 Antonii
3571 511 3878 592 discipulo
3899 529 4049 572 con-

813 614 991 688 tonii,
1017 631 1051 676 e
1074 615 1297 693 quibus
1323 613 1607 691 superior
1624 612 1896 687 magistri
1927 629 2159 690 corpus
2189 629 2374 690 sepe--

813 714 965 789 livit,
994 716 1178 776 etiam
1217 731 1381 775 nunc
1414 713 1736 782 allirmant,
1769 712 2025 772 Paulum
2065 714 2377 790 quendam

811 815 1170 876 Thebaeum
1204 813 1551 892 principem
1584 813 1758 872 istius
1802 813 1890 871 rei
1937 813 2116 887 [vitae
2157 829 2376 872 mona-

813 913 1278 988 chicaelfuisse,
1310 928 1438 972 non
1470 911 1771 978 nominis;
1805 928 1991 988 quam
2014 911 2380 989 Opinionem

814 1031 928 1074 nos
956 1030 1210 1092 quoque
1243 1011 1579 1091 probamus
1619 1009 1724 1088 (1).
1753 1033 1781 1064 ι)
1803 1009 2068 1069 Eosdem
2100 1009 2377 1087 discipu-

815 1113 908 1173 los
965 1113 1149 1174 ambo
1206 1110 1564 1190 sepelivisse
1618 1110 1953 1170 Antonium
1998 1108 2264 1185 legimus
2317 1110 2382 1169 in

816 1215 1081 1274 Historia
1102 1213 1393 1273 Lausiaca
1433 1211 1537 1290 (2),
1581 1211 1771 1270 multo
1792 1210 2128 1288 postvitam
2152 1211 2212 1269 S.
2233 1212 2387 1270 Pau-

815 1313 882 1383 li,
907 1317 971 1374 in
997 1333 1119 1392 qua
1139 1315 1324 1374 verba
1345 1313 1449 1372 illa
1480 1312 1806 1382 habentur,
1848 1312 2011 1372 edita
2059 1311 2164 1389 (3).
2188 1314 2387 1383 Quan-

820 1433 1008 1492 quam
1042 1416 1107 1474 in
1142 1415 1379 1474 duabus
1413 1413 1686 1474 eiusdem
1725 1415 1784 1470 S.
1816 1412 1988 1472 Pauli
2017 1413 2252 1487 graecis
2294 1412 2384 1471 vi-

818 1517 917 1586 tis,
943 1533 1095 1593 quas
1125 1515 1201 1575 ab
1233 1513 1715 1590 Hieronymiana
1749 1511 2057 1590 profectas
2086 1527 2221 1571 esse
2251 1526 2391 1589 pro-

820 1614 1126 1679 babimus,
1161 1617 1413 1673 Amatae
1445 1618 1503 1672 et
1532 1612 1777 1672 Macarii
1807 1611 2132 1670 nominum
2156 1610 2389 1670 mentio

827 1731 953 1774 non
977 1714 1061 1774 fit.
1084 1716 1370 1775 Erasmus
1391 1713 1641 1790 quidem
1671 1713 1931 1781 monuit,
1965 1711 2124 1771 vitae
2155 1713 2215 1771 S.
2241 1713 2393 1773 Pau-

823 1815 866 1874 li
897 1816 1271 1894 exemplaria
1292 1816 1375 1876 ita
1399 1816 1562 1876 inter
1581 1832 1646 1875 se
1677 1813 2135 1893 discrepare,ut
2165 1815 2225 1872 S.
2251 1815 2394 1874 Hie-

822 1935 1121 1994 ronymus
1151 1919 1286 1996 ipse
1314 1917 1480 1977 idem
1510 1923 1943 1994 argumentum
1978 1916 2226 1993 saepius
2255 1914 2388 1976 aliis

823 2018 1026 2078 verbis
1055 2023 1344 2077 tractasse
1366 2023 1468 2076 aut
1498 2015 1652 2075 alius
1687 2015 1804 2075 hoc
1834 2014 2056 2076 fecisse
2086 2016 2386 2076 videatur.

825 2123 958 2190 Quo
1009 2117 1172 2179 facto
1211 2117 1665 2177 Centuriatores
1708 2117 2270 2194 Magdeburgenses
2315 2134 2390 2178 eo

826 2218 1186 2280 temeritatis
1259 2218 1572 2298 progressi
1632 2224 1795 2288 sunt,
1854 2225 1922 2278 ut
1982 2219 2165 2278 vitam
2225 2218 2391 2278 illam

828 2327 1251 2380 commentum
1275 2318 1606 2380 exercendi
1636 2319 1872 2394 ingenii
1904 2335 2258 2391 causa,non
2292 2337 2390 2379 se-

830 2424 922 2483 rio
944 2439 976 2482 a
1007 2423 1066 2481 S.
1090 2422 1474 2499 Hieronymo
1505 2420 1929 2498 conscriptum
1984 2421 2250 2481 dixerint
2288 2420 2390 2499 (4).

835 2523 994 2591 126
1036 2519 1156 2579 Sed
1200 2521 1566 2581 Rosweidus
1625 2521 1788 2582 bene
1825 2521 2272 2594 animadvertit,
2329 2538 2396 2582 se

832 2619 1087 2694 quidem
1117 2628 1347 2682 tantam
1378 2621 1733 2681 varietatem
1767 2638 1892 2682 non
1929 2622 2238 2684 invenisse
2287 2622 2394 2701 (5),

833 2713 1000 2773 idem
1031 2717 1199 2793 quod
1243 2723 1304 2776 et
1353 2717 1690 2779 Bollandus
1727 2725 1914 2796 atque
1963 2720 2399 2782 Henschenius

836 2830 913 2871 ex
956 2821 1197 2892 septem
1240 2822 1458 2876 octove
1497 2816 1756 2877 aliorum
1799 2818 2084 2878 codicum
2122 2827 2400 2880 veterum

839 2912 960 2973 fide
1014 2924 1411 2976 asseruerunt
1454 2917 1559 2994 (6),
1603 2925 1661 2977 et
1700 2919 1818 2996 ipsi
1869 2919 2229 2980 examinatis
2258 2920 2400 2998 qui-

838 3015 1096 3076 busdam
1172 3017 1492 3078 codicibus
1554 3020 2052 3096 comprobamus.
2133 3021 2403 3081 Graecae

839 3132 987 3176 vero
1024 3115 1184 3176 duae
1213 3118 1274 3175 S.
1311 3117 1478 3176 Pauli
1511 3118 1666 3177 vitae
1700 3118 1886 3178 modo
1918 3136 2057 3179 cum
2090 3119 2400 3196 Hierony-

2481 616 2748 687 cinnata,
2780 615 2888 692 qui
2908 614 3049 673 ideo
3071 615 3410 692 scripserit,
3448 617 3721 672 Amatam
3758 620 3818 672 et
3846 613 4050 671 Maca-

2481 714 2637 773 rium
2694 715 3040 771 etiamnunc
3098 715 3357 772 Paulum
3406 713 3677 791 primum
3728 711 4052 771 eremitam

2483 815 2864 887 praedicare.
2911 815 3030 874 Sed
3073 794 3424 886 vereor,'ne
3451 814 3566 873 viri
3598 812 3763 873 docti
3804 827 4053 871 errave-

2483 914 2627 973 rint.
2668 916 2819 974 Nam
2841 913 2943 974 illa
2973 914 3157 974 verba
3180 913 3240 972 in
3267 931 3489 990 graeco
3522 911 3748 989 legeris
3775 915 4023 989 Oportet

2482 1027 2557 1088 ὡς
2584 1028 2744 1089 αὑτός
2781 1044 2867 1096 μοι
2899 1026 3217 1095 διηγήσατο,
3251 1031 3365 1092 pro
3397 1013 3624 1092 quibus
3653 1014 3713 1072 S.
3739 1012 4055 1086 Hierony-

2485 1132 2624 1174 mus
2643 1115 2825 1176 habet
2857 1133 2871 1174 :
2903 1138 2930 1169 α
2958 1121 3026 1174 ut
3055 1116 3188 1192 ipse
3219 1129 3496 1174 asserere
3535 1111 3796 1172 solebat.
3840 1134 3866 1163 ιι
3910 1107 4060 1179 Quis

2485 1213 2672 1289 igitur
2702 1230 2825 1273 non
2847 1213 3078 1285 credat,
3102 1213 3168 1272 in
3197 1211 3412 1272 codice
3443 1227 3686 1286 graeco,
3716 1208 4061 1268 editoribus

2487 1311 3236 1392 testibus,mendis,quae
3283 1330 3362 1372 ne
3395 1312 3512 1390 ipsi
3557 1312 3810 1389 quidem
3849 1310 4062 1369 omnia

2491 1422 2927 1491 expunxerunt
3009 1415 3073 1472 in
3144 1414 3428 1472 versione
3484 1429 3593 1470 sua
3649 1410 3755 1487 (8),
3811 1417 4060 1470 scaten-

2490 1519 2550 1571 te
2591 1512 2698 1589 (9),
2722 1530 2837 1591 pro
2872 1539 2958 1590 μοι
3005 1513 3338 1589 legendum
3371 1530 3506 1573 esse
3542 1512 3666 1591 μέν1
3703 1514 3832 1583 Quo
3854 1511 4064 1591 posito

2491 1612 2642 1672 nihil
2667 1612 2946 1690 profecto
2982 1620 3287 1690 superest,
3323 1630 3434 1674 cur
3455 1630 3590 1672 eam
3618 1611 4061 1688 Hieronymia-

2495 1727 2572 1770 na
2646 1711 3063 1788 antiquiorem
3122 1711 3373 1771 dixeris.
3446 1710 3714 1770 Alteram
3776 1726 4065 1787 graecam

2430 1849 2469 1903 Β
2498 1812 2559 1870 S.
2605 1811 2776 1871 Pauli
2798 1813 3006 1882 vitam,
3038 1813 3320 1872 Bavarica
3354 1811 3458 1872 illa
3500 1817 3559 1872 et
3584 1813 3718 1888 ipsa
3747 1811 4063 1887 Hierony-

2495 1908 2698 1969 miana
2733 1908 3228 1987 locupletiorem,
3270 1909 3379 1969 sed
3429 1909 3506 1970 ab
3551 1909 4066 1986 Hieronymiana,

2495 2016 2563 2068 ut
2609 2009 2786 2069 facile
2835 2009 3059 2081 elucet,
3114 2009 3477 2087 profectam,
3536 2008 3602 2069 in
3658 2009 3875 2071 codice
3925 2011 4071 2071 Cae-

2498 2127 2673 2171 sareo
2705 2111 3172 2171 Vindobonensi
3205 2111 3321 2188 ipsi
3349 2109 3650 2171 adivimus
3675 2111 3818 2187 (10),
3843 2111 3907 2172 in
3939 2129 4070 2190 quo

2502 2209 2675 2271 locus
2703 2210 2806 2270 ille
2829 2213 2905 2271 de
2929 2213 2988 2272 S.
3011 2212 3259 2272 Antonii
3286 2213 3442 2284 127
3465 2211 3786 2290 discipulis
3816 2211 3914 2274 his
3934 2231 4071 2274 ver-

2501 2309 2595 2368 bis
2617 2327 2681 2377 se
2712 2310 2930 2370 offert:
2987 2321 3271 2373 Ἀντωνίου
3317 2321 3426 2390 γὰρ
3464 2319 3543 2372 ἔτι
3588 2321 3682 2372 καὶ
3725 2320 3968 2391 σήμερον
4022 2321 4073 2373 οἱ

2503 2422 2753 2491 φοιτηταὶ
2787 2423 3083 2492 περιόντες,
3103 2424 3189 2491 ὑφ’
3211 2415 3285 2476 ὧν
3315 2424 3521 2484 ἐκεῖνος
3545 2422 3640 2474 καὶ
3661 2423 3830 2491 τάφου
3858 2421 4073 2491 ἔτυχεν,

2503 2526 2655 2578 αὐτοὶ
2711 2525 3047 2595 βεϐαιοῦσιν,
3094 2527 3302 2581 Παῦλόν
3348 2546 3466 2580 τινα
3523 2527 3778 2602 Θηὸειὶὀηιι⁹
3812 2546 3865 2580 κ.
3926 2545 3978 2580 τ.
4023 2525 4072 2578 λ.

2505 2617 2702 2687 Quare
2725 2618 2856 2679 iure
2879 2619 3146 2691 dubites,
3165 2637 3241 2680 an
3263 2619 3520 2680 omnino
3539 2619 3794 2680 nomina
3823 2621 4077 2679 Amatae

2507 2725 2567 2776 et
2604 2719 2870 2790 Macarii,
2899 2719 3345 2798 discipulorum
3388 2721 3448 2778 S.
3483 2719 3756 2792 Antonii,
3787 2717 4079 2796 primitus

2507 2816 2568 2877 in
2591 2824 2759 2877 textu
2794 2821 2850 2878 S.
2879 2820 3240 2898 Hieronymi
3273 2820 3638 2881 exstiterint.

2586 2917 3160 2996 Quomodocunque
3192 2935 3336 2978 vero
3366 2917 3428 2978 id
3458 2935 3524 2977 se
3558 2917 3766 2988 habet,
3798 2919 4079 2976 Amatam

2510 3022 2571 3074 et
2620 3016 2949 3076 Macarium
3001 3017 3276 3094 insignes
3325 3018 3386 3076 S.
3439 3015 3688 3077 Antonii
3735 3012 4081 3093 discipulos

2511 3116 2722 3187 fuisse,
2759 3134 2884 3176 non
2929 3118 3129 3178 solum
3162 3135 3237 3178 ex
3284 3117 3579 3189 Palladio,
3629 3116 3738 3177 sed
3777 3116 3965 3176 etiam
4007 3131 4079 3175 ex

843 3216 1046 3276 miana
1098 3218 1458 3288 concinunt,
1518 3217 1706 3278 modo
1766 3219 1843 3278 ab
1894 3235 1964 3279 ea
2026 3219 2402 3298 discrepant,
2433 3208 2474 3264 Ο
2508 3217 2567 3275 S.
2604 3216 2969 3293 Hieronymi
3009 3217 3314 3277 Chronico
3353 3223 3615 3286 constat,
3648 3216 3714 3275 in
3755 3231 3882 3291 quo
3914 3213 3994 3273 ad
4024 3231 4078 3273 a.

843 3315 1140 3392 ipsaeque
1169 3315 1330 3376 inter
1361 3335 1426 3377 se
1461 3334 1713 3396 perraro
1735 3319 2132 3379 conveniunt.
2157 3322 2243 3379 Ex
2273 3322 2409 3398 qui-

845 3415 960 3473 bus
992 3414 1181 3474 altera
1209 3415 1509 3475 Bollando
1541 3422 1602 3476 et
1629 3416 2050 3490 Henschenio,
2085 3419 2190 3494 qui
2213 3436 2349 3478 eam
2373 3437 2407 3480 e

847 3513 1064 3574 codice
1111 3516 1400 3576 Bavarico
1441 3534 1665 3592 graeco
1724 3534 2024 3595 perquam
2084 3519 2305 3578 vitioso
2344 3520 2404 3578 in

848 3612 1104 3670 latinum
1138 3628 1490 3672 sermonem
1528 3628 1887 3672 conversam
1935 3611 2281 3684 ediderunt,
2329 3611 2408 3671 ob

850 3711 1033 3771 verba
1055 3728 1214 3788 quae
1250 3712 1563 3773 continet:
1605 3736 1630 3766 ‹‹
1661 3718 1728 3771 ut
1758 3712 2021 3790 ipsemet
2060 3711 2406 3791 (Antonius)

853 3810 1001 3870 mihi
1057 3811 1324 3872 narravit
1370 3811 1518 3890 (7),»
1583 3812 2067 3888 Hieronymiana
2091 3811 2262 3871 Pauli
2291 3812 2411 3871 vita

851 3909 1164 3988 antiquior
1193 3910 1320 3971 visa
1350 3916 1462 3983 est,
1489 3915 1549 3970 et
1574 3910 1651 3970 ab
1672 3910 1807 3988 ipso
1831 3914 2041 3971 Amata
2069 3910 2410 3972 Macariove

929 4199 1002 4267 (1)
1038 4197 1095 4252 S.
1125 4197 1343 4253 Hieron.
1371 4196 1506 4267 Opp.
1533 4198 1619 4251 ed.
1650 4197 1848 4252 Bened.
1878 4195 1942 4250 T.
1969 4195 2032 4249 IV
2056 4195 2116 4251 P.
2153 4194 2196 4249 ll
2230 4212 2282 4263 p.
2328 4197 2415 4249 6:).

927 4293 1007 4359 (‘2)
1032 4291 1116 4343 Cf.
1154 4305 1315 4358 supra
1341 4307 1391 4358 p.
1422 4291 1538 4344 107.

930 4385 1005 4451 (5)
1040 4383 1096 4435 S.
1129 4381 1441 4450 Hieronymi
1481 4382 1644 4432 vitam
1677 4379 1733 4433 S.
1769 4377 1922 4430 Pauli
1958 4379 2115 4446 primi
2161 4377 2420 4431 eremitae

855 4475 1092 4528 editores
1123 4472 1454 4526 Benedictini
1482 4473 1627 4523 circa
1657 4487 1705 4524 a.
1741 4470 1844 4523 365
1868 4470 2125 4536 scriptam
2159 4484 2279 4521 esse
2308 4469 2421 4520 exi-

859 4569 1100 4620 stimant.
1134 4565 1220 4618 Cl.
1257 4563 1315 4616 S.
1354 4563 1575 4617 Hieron.
1606 4562 1742 4630 Opp.
1781 4561 1866 4615 ed.
1902 4560 2099 4613 Bened.
2142 4560 2178 4613 l.
2223 4560 2258 4612 Ι.

931 4658 1006 4725 (4)
1041 4656 1194 4708 Cent.
1225 4653 1312 4716 tv,
1342 4654 1427 4706 to.

932 4747 1009 4816 (5)
1049 4745 1108 4798 In
1152 4747 1317 4798 vitam
1359 4742 1415 4796 S.
1461 4742 1639 4795 Pauli.
1688 4751 1801 4794 not.
1852 4739 2042 4805 {,VV.
2094 4738 2199 4791 PP.
2237 4737 2420 4792 Rosw.

865 4859 895 4908 ι)
961 4840 1044 4891 21.

934 4932 1006 4998 (6)
1035 4929 1147 4982 AA.
1178 4927 1277 4982 ss.
1313 4926 1446 4981 Boll.
1481 4927 1594 4980 lan.
1629 4925 1691 4977 T.
1722 4925 1735 4976 ι
1781 4941 1831 4992 p.
1858 4923 1980 4975 nee.

933 5023 1010 5090 (7)
1036 5021 1170 5074 lbid.
1199 5019 1400 5088 p.605.

932 5116 1006 5182 (8)
1045 5114 1370 5168 Lambecius
1414 5112 1741 5165 Commentt.
1788 5109 1874 5162 ed.
1923 5108 2089 5159 altera
2122 5105 2185 5157 Τ.
2216 5103 2328 5157 Vlll
2373 5120 2425 5174 p.

869 5209 990 5260 ⁸121.

940 5298 1012 5365 (9)
1042 5296 1151 5348 AA.
1197 5293 1296 5348 ss.
1340 5293 1476 5346 Boll.
1521 5294 1555 5345 l.
1595 5294 1629 5345 l.
1665 5309 1716 5360 p.
1753 5292 1877 5350 eos,
1913 5291 1962 5342 1.

942 5389 1051 5455 (10)
1086 5387 1267 5439 Exstat
1287 5386 1500 5438 enimin
1523 5383 1641 5438 cod.
1672 5401 1770 5436 ms.
1791 5397 1968 5453 graec.
1989 5378 2434 5434 Bibl.Caes.Vin-

871 5482 998 5532 dub.
1030 5478 1122 5531 Nr.
1154 5477 1220 5530 58
1243 5477 1369 5529 olim
1399 5476 1461 5527 51
1494 5493 1543 5543 ρ.
1569 5475 1694 5536 257,
1720 5475 1752 5525 9.
1777 5506 1839 5514 ——
1859 5472 1980 5523 ΞΗ.
2016 5471 2220 5524 Prodiit
2243 5484 2434 5538 graece

873 5585 925 5624 et
951 5570 1120 5623 latine
1155 5570 1256 5621 sub
1284 5569 1442 5619 titulo
1473 5585 1484 5619 :
1521 5569 1652 5618 Acta
1685 5568 1888 5617 sincera
1928 5562 1984 5615 S.
2015 5561 2176 5614 Pauli
2211 5560 2435 5612 Thebaei

879 5668 1216 5732 cognomento
1248 5661 1404 5726 primi
1442 5660 1690 5710 eremitae
1740 5654 2134 5721 graeco-latina
2176 5668 2294 5702 eum
2345 5666 2429 5702 va-

879 5753 1138 5805 riantibus
1189 5750 1495 5804 lectionibus
1537 5758 1584 5800 et
1645 5748 1779 5799 notis
1830 5746 2114 5797 variorum.
2167 5742 2432 5794 Accedunt

879 5845 1179 5900 dissertatio
1230 5843 1620 5894 oracliminaris
1670 5840 1730 5890 de
1775 5838 1944 5887 dubiis
1992 5836 2112 5887 haec
2146 5836 2275 5886 Acta
2328 5836 2427 5885 cir-

2507 3316 2640 3374 ΧΙΧ
2673 3316 3010 3376 Constantii
3039 3315 3360 3377 iuniorisi.
3387 3331 3505 3376 e.a.
3541 3313 3650 3375 359
3675 3314 3826 3390 legis
3853 3330 3864 3372 :
3893 3337 3922 3367 α
3948 3313 4082 3373 Sar-

2509 3419 2706 3485 mata,
2743 3417 2985 3474 Amatas
3031 3420 3092 3474 et
3153 3414 3454 3474 Macarius
3499 3411 3787 3490 discipuli
3829 3412 4080 3471 Antonii

2509 3510 2785 3587 insignes
2814 3510 3126 3572 habentur
3152 3511 3300 3590 (11).
3344 3536 3370 3566 υ

2589 3613 2801 3689 Itaque
2833 3613 3169 3689 quaeritur,
3195 3630 3343 3673 num
3365 3611 3663 3673 Macarius
3687 3610 3950 3688 insignis
3982 3608 4083 3668 hic

2518 3713 2578 3769 S.
2610 3713 2856 3771 Antonii
2886 3713 3227 3790 discipulus
3256 3730 3416 3771 unus
3453 3731 3527 3771 ex
3558 3711 3783 3772 nostris
3807 3709 4086 3770 Macariis

2517 3810 2736 3872 fuerit?
2768 3812 2886 3872 Sed
2919 3831 3061 3873 eum
3091 3831 3124 3872 a
3149 3813 3375 3872 nostris
3411 3814 3688 3874 Macariis
3726 3812 3924 3890 probe
3954 3810 4084 3870 dis-

2519 3911 2901 3970 cernendum
2947 3926 3113 3984 esse,
3163 3911 3285 3970 iam
3348 3926 3535 3987 supra
3581 3908 3782 3970 obiter
3829 3908 4083 3968 monui-

2523 4197 2904 4249 cumstantibus
2949 4207 2996 4249 et
3028 4197 3265 4264 Epistula
3304 4196 3366 4251 Β.
3414 4197 3478 4251 Ρ.
3519 4197 3736 4251 Claudii
3764 4196 3978 4251 Sicardi
4024 4195 4081 4252 S.

2527 4287 2575 4340 1.
2613 4289 2883 4342 Missionis
2929 4292 3215 4359 Aegyptiae
3262 4291 3545 4353 superioris
3593 4289 3656 4339 de
3695 4305 3788 4341 suo
3826 4306 3917 4355 per
3946 4290 4083 4352 infe-

2527 4381 2718 4432 riorem
2756 4381 3066 4434 Thebaidem
3111 4381 3348 4446 conferto
3389 4381 3572 4431 itinere
3615 4379 3973 4445 hodiernoque
4005 4396 4087 4431 re-

2527 4489 2643 4523 rum
2713 4482 2853 4524 statu
2917 4473 3403 4539 antiquissimorum
3477 4473 3919 4523 monasteriorum
3981 4471 4087 4524 SS.

2449 4576 2498 4632 ι)
2531 4563 2691 4615 Pauli
2723 4575 2770 4614 et
2809 4563 3413 4627 Antonii,consimilibus
3455 4564 3592 4616 notis
3628 4574 3803 4626 aucta,
3836 4581 3940 4630 qua
3973 4580 4091 4630 per-

2532 4656 2699 4705 multa
2738 4653 2791 4704 in
2840 4655 3115 4705 antedictis
3156 4655 3302 4705 Actis
3333 4655 3580 4706 hactenus
3617 4654 3839 4706 obscura
3864 4665 3913 4706 et
3952 4656 4094 4707 alias

2528 4746 2795 4812 incognita
2844 4746 3217 4805 illustrantur;
3277 4745 3451 4796 studio
3508 4754 3556 4797 et
3617 4761 3771 4812 opera
3830 4744 4094 4797 Matthiae

2531 4837 2840 4888 Fuhrmann
2873 4838 2990 4888 ord.
3027 4836 3194 4888 eiusd.
3229 4834 3284 4887 S.
3322 4833 3478 4886 Pauli
3512 4836 3668 4901 primi
3696 4835 3940 4888 eremitae
3971 4851 4093 4901 pro-

2527 4931 2728 4980 vinciae
2787 4927 3032 4978 Austriae
3100 4927 3409 4978 sacerdotis.
3464 4925 3762 4977 Neostadii.
3841 4927 4096 4978 Austriae

2534 5019 2690 5071 1760.
2744 5018 3015 5070 Kollarius
3049 5016 3328 5083 (Lambec.
3376 5016 3704 5069 Commentt.
3739 5015 3775 5067 l.
3822 5016 3858 5067 l.
3902 5030 3956 5083 p.
3995 5016 4100 5069 719

2532 5112 2669 5178 not.)
2706 5119 2875 5172 notat,
2907 5109 3199 5163 editionem
3248 5109 3386 5160 hanc
3425 5108 3724 5175 puerilibus
3766 5117 3980 5161 scatere
4010 5125 4097 5162 er-

2533 5201 2772 5261 roribus,
2801 5209 2965 5267 atque
2989 5199 3341 5267 interpretem
3381 5199 3712 5251 coniecturis
3742 5199 3920 5266 potius
3957 5200 4096 5258 suis,

2534 5307 2696 5359 quam
2719 5290 2925 5343 codicis
2961 5290 3118 5341 inniti
3152 5289 3254 5342 ﬁde
3285 5288 3546 5342 voluisse.
3595 5287 3706 5340 Hoc
3752 5289 3971 5355 quidem
4002 5306 4096 5343 ve-

2537 5394 2680 5438 rum.
2713 5377 2808 5430 sed
2835 5387 3017 5430 tamen
3055 5378 3146 5428 illa
3189 5376 3396 5430 codicis
3423 5380 3601 5444 potius
3629 5377 3778 5440 vitia,
3813 5393 3975 5444 quam
4013 5393 4099 5431 er—

2539 5485 2688 5521 rores
2721 5467 2946 5522 editoris
2978 5477 3124 5530 sunt,
3171 5470 3243 5521 ita
3277 5477 3332 5521 ut
3380 5485 3540 5520 manu
3591 5468 3921 5535 peritissim:
3961 5485 4101 5538 opus

2538 5559 2624 5619 sit,
2657 5572 2794 5624 quae
2823 5565 3024 5609 textum
3058 5562 3328 5610 restituat.
3359 5555 3412 5609 ιιι
3442 5558 3657 5624 quidem
3684 5565 3943 5610 accurato
3980 5559 4102 5612 eius

2536 5651 2783 5702 examine
2813 5650 2914 5717 ipsi
2947 5649 3105 5701 nobis
3135 5649 3504 5716 persuasimus

2609 5743 2718 5809 (11)
2756 5741 2810 5795 S.
2836 5740 3050 5794 Hieron.
3081 5741 3215 5810 Opp.
3249 5741 3335 5796 cil.
3360 5741 3533 5810 Migne
3565 5740 3624 5793 T.
3656 5740 3768 5793 \‘lll
3796 5757 3847 5808 p.
3882 5741 4010 5795 687.
