4266 6360
236 381 331 436 121

1775 378 2001 435 νιτΑε.

3368 390 3473 450 129

236 512 385 555 mus
421 492 528 573 (1).
550 495 791 556 Etenim
809 498 1138 557 Macanum
1160 496 1529 575 Aegyptium
1549 496 1613 558 in
1634 494 1811 558 Scéte
1842 504 1882 558 Α
1912 496 2069 556 bens
2098 494 2321 573 iugiter
2366 496 2639 560 deﬁxum
2685 516 2834 563 suae
2879 498 3107 564 mentis
3147 499 3469 575 intuitum,

229 593 485 667 obiisse,
523 595 1003 658 Alexandrinum
1062 606 1337 659 extrema
1366 596 1551 658 etiam
1620 614 1804 659 sene-

234 699 406 755 ctute
438 694 807 756 Cellularum
830 698 1265 775 presbyterum
1299 694 1511 769 fuisse,
1543 712 1578 756 e
1605 694 1805 757 Palla-

236 793 346 853 dio
381 793 741 869 didicimus;
773 796 1105 857 Macarium
1138 813 1288 857 vero
1316 798 1378 856 S.
1412 797 1661 857 Antonii
1714 797 1808 857 di-

228 894 317 955 sci
324 894 546 973 pulum
564 894 765 956 eidem
783 896 1154 957 successisse
1167 896 1230 956 in
1245 895 1809 975 coenobioPispiri-

223 994 619 1073 tano,ibique
639 996 823 1055 vitam
848 994 1308 1068 ﬁnivisse,infra
1332 994 1676 1056 videbimus
1696 993 1800 1074 (2).

308 1093 495 1154 Hisce
521 1094 923 1155 continentur
942 1112 1035 1167 ea,
1056 1112 1215 1173 quae
1241 1112 1317 1156 ex
1339 1098 1399 1156 S.
1418 1097 1803 1174 Hieronymo

230 1190 443 1267 colligi
475 1200 758 1271 possunt.
785 1194 861 1254 Ut
890 1195 1184 1272 Evagrius
1237 1195 1568 1256 Macarium
1610 1199 1806 1273 Aegy-

229 1290 455 1368 ptium,
486 1292 569 1352 ita
598 1293 658 1351 S.
680 1293 1589 1372 HieronymusAlexandrinum
1610 1295 1805 1357 laudi-

231 1388 349 1450 bus
394 1378 633 1452 extulit.
686 1394 903 1472 Neque
946 1394 1010 1454 id
1056 1400 1292 1455 temere
1334 1393 1501 1457 fecit.
1536 1396 1689 1456 Nam
1736 1397 1802 1458 in

224 1493 577 1570 Aegyptum
606 1491 1028 1566 adventantes,
1051 1494 1128 1554 ad
1160 1511 1319 1573 quos
1341 1494 1433 1557 vel
1465 1495 1544 1556 de
1574 1496 1801 1574 quibus

224 1591 288 1649 S.
322 1592 742 1670 Hieronymus
777 1594 1106 1666 scribebat,
1140 1594 1369 1655 Nitriae
1408 1601 1513 1655 aut
1554 1594 1618 1655 in
1661 1595 1797 1657 Cel-

224 1691 369 1752 lulis
414 1692 746 1753 Macarium
791 1693 1221 1771 presbyterum
1268 1694 1427 1762 128
1456 1692 1635 1755 facile
1682 1692 1796 1754 ad-

221 1789 419 1862 ibant,
454 1790 518 1849 in
547 1790 751 1851 abdita
781 1808 926 1851 vero
956 1791 1149 1852 Scetis
1180 1790 1424 1853 deserta
1452 1807 1577 1851 non
1616 1790 1796 1851 facile
1830 1835 1868 1889 Β

225 1890 654 1969 penetrabant.
704 1890 879 1951 Unde
934 1890 1266 1951 Macarium
1312 1889 1790 1951 Alexandrinum

220 1992 283 2050 in
317 1991 649 2052 Occidente
677 1989 1075 2051 illustriorem
1106 1990 1297 2052 fuisse
1328 1995 1574 2070 Oportet
1603 1990 1711 2069 (3).

301 2092 352 2165 §.
387 2090 482 2151 31.
514 2090 633 2151 Sed
663 2090 1110 2151 transeundum
1155 2096 1245 2151 est
1287 2090 1364 2152 ad
1403 2090 1784 2164 Cassianum,

218 2190 328 2267 qui
362 2192 643 2270 quinque
686 2190 841 2252 locis
886 2190 963 2251 de
1005 2191 1237 2252 nostris
1266 2190 1544 2252 Macariis
1582 2191 1784 2253 tradit.

218 2291 307 2350 Ex
340 2291 415 2352 iis
442 2309 660 2366 unum,
694 2309 820 2371 quo
858 2291 935 2355 de
966 2300 1210 2355 mortuo
1243 2312 1277 2355 a
1307 2295 1595 2369 Macario,
1626 2318 1653 2350 α
1680 2296 1788 2372 qui

216 2387 665 2453 habitationem
702 2392 1112 2472 Scythioticae
1158 2394 1507 2456 solitudinis
1548 2395 1788 2475 primus

214 2491 484 2567 invenit,
517 2516 543 2547 ››
575 2492 649 2553 ad
698 2492 1081 2556 haereticum
1127 2494 1537 2557 refellendum
1574 2514 1786 2558 resus-

216 2590 404 2653 citato
426 2599 730 2665 narratur,
762 2593 883 2654 iam
913 2612 1099 2673 supra
1142 2594 1525 2657 excussimus
1558 2595 1664 2675 (4).
1702 2599 1785 2657 Ac

213 2698 394 2753 sexto
426 2693 697 2772 quodam
721 2692 861 2755 loco
892 2694 969 2755 de
998 2693 1284 2768 Macario,
1317 2694 1424 2774 qui
1451 2718 1478 2750 α
1508 2694 1788 2756 xenodo—

214 2790 362 2852 chio
392 2791 559 2870 apud
588 2790 1020 2852 Alexandriam
1050 2792 1336 2871 praefuit,
1376 2815 1402 2847 n
1434 2808 1639 2853 sermo
1667 2798 1782 2865 est,

213 2908 247 2951 a
276 2890 506 2951 nostris
526 2891 803 2953 Macariis
829 2897 997 2952 certe
1025 2889 1464 2968 distinguendo
1498 2889 1604 2971 (5).
1656 2891 1782 2951 Re-

216 2999 385 3052 stant
413 2992 604 3067 igitur
631 2998 900 3070 quatuor
922 2990 1106 3055 nobis
1132 2990 1253 3052 loci
1282 2989 1696 3052 examinandi.

290 3092 367 3151 Et
388 3092 589 3171 primo
613 3091 868 3172 quidem
894 3091 1217 3153 Cassianus
1257 3091 1324 3152 in
1370 3090 1556 3165 libro,
1595 3107 1783 3169 quem

1908 610 2037 672 quo
2066 596 2350 673 quotidie
2378 598 2766 677 singulisque
2794 601 3126 662 momentis
3155 616 3475 663 accersen-

1906 694 2055 756 dum
2103 712 2241 757 esse
2286 713 2353 758 se
2404 698 2601 759 credit
2634 695 2739 778 (6).
2780 722 2808 755 in
2852 700 3002 761 Uter
3038 700 3471 776 Macariorum,

1904 794 1997 855 vel
2032 797 2217 857 etiam
2250 814 2399 858 num
2426 797 2722 859 alteruter
2750 816 2831 860 ex
2860 800 3090 861 nostris
3129 819 3201 863 ea
3235 801 3473 865 docue-

1905 896 2004 970 rit,
2052 897 2374 959 Cassianus
2420 916 2550 961 non
2603 899 2833 961 docuit.
2874 901 3177 980 Equidem
3225 904 3474 966 Macarii

1902 998 2191 1077 Aegyptii
2220 1000 2591 1063 sententiam
2618 1000 2773 1070 129
2801 1018 2936 1063 esse
2965 1020 3042 1063 ex
3067 1002 3473 1066 similitudine

1902 1113 2045 1157 cum
2090 1096 2395 1173 doctrina,
2444 1116 2631 1178 quam
2676 1100 2727 1159 is
2754 1101 3011 1177 Evagrio
3051 1102 3222 1164 dedit
3253 1104 3363 1185 (7),
3410 1112 3473 1165 et

1901 1211 2045 1255 cum
2076 1192 2347 1258 homiliis
2378 1197 2512 1259 eius
2540 1198 2754 1260 timide
2793 1201 3193 1263 coniecerim.

1981 1291 2214 1353 Deinde
2259 1295 2547 1355 Cassiano
2589 1294 2655 1355 in
2688 1294 3050 1356 Collationis
3072 1298 3323 1375 quintae
3360 1316 3467 1362 ca-

1900 1388 2051 1467 pite,
2085 1392 2253 1470 quod
2283 1392 2642 1454 inscribitur
2669 1415 2695 1447 α
2718 1395 2789 1453 In
2820 1411 2946 1473 quo
2978 1396 3142 1457 utilis
3168 1398 3246 1458 sit
3270 1416 3465 1459 ceno-

1901 1486 2110 1562 doxia,
2153 1512 2181 1545 »
2219 1491 2519 1569 Serapion
2552 1509 2743 1553 senex
2769 1494 3048 1572 exponit,
3082 1496 3311 1557 multos
3338 1515 3471 1559 sae-

1900 1604 2245 1667 penumero
2263 1590 2549 1652 homines
2570 1593 2772 1654 adhuc
2790 1594 3067 1655 carnales
3084 1596 3468 1657 cenodoxiae

1898 1687 2043 1747 vitio
2074 1687 2151 1747 ab
2174 1688 2311 1748 aliis
2338 1688 2621 1767 turpibus
2647 1689 3045 1769 indignisque
3074 1690 3236 1750 vitiis
3266 1696 3471 1752 custo-

1899 1786 2037 1847 diri.
2070 1787 2421 1849 Nonnullos
2458 1789 2717 1867 quidem
2753 1790 3074 1852 confessos
3104 1808 3264 1864 esse,
3297 1808 3363 1852 se
3401 1790 3467 1850 in

1899 1888 2111 1967 Syriae
2146 1890 2468 1951 coenobiis
2498 1890 2707 1969 quinis
2751 1890 2972 1952 diebus
3021 1890 3230 1951 cibum
3291 1909 3465 1952 sum-

1897 1987 2095 2065 psisse
2128 1988 2442 2067 talemque
2465 1990 2900 2051 abstinentiam
2929 1990 3063 2052 sine
3081 1991 3466 2055 laboretole-

1897 2102 2089 2160 rasse,
2120 2086 2185 2147 in
2215 2105 2427 2149 eremo
2458 2096 2665 2149 autem
2692 2095 2859 2150 tanta
2891 2106 2957 2150 se
3000 2090 3164 2152 fame
3200 2092 3347 2154 inde
3387 2095 3467 2155 ab

1896 2184 2048 2249 hora
2075 2188 2256 2249 tertia
2279 2190 2509 2262 vexari,
2533 2195 2600 2249 ut
2620 2190 2697 2251 ad
2719 2207 2946 2251 nonam
2977 2209 3178 2271 usque
3203 2193 3303 2255 vix
3323 2212 3469 2274 pos-

1895 2286 2017 2347 sint
2042 2287 2273 2349 ieiunia
2302 2289 2663 2367 quotidiana
2702 2288 2976 2351 differre.
3009 2292 3155 2352 Post
3182 2291 3336 2355 haec
3362 2295 3467 2356 ad-

1895 2386 1983 2446 dit
2014 2404 2027 2445 :
2062 2410 2090 2442 ‹‹
2129 2389 2330 2467 Super
2370 2406 2493 2467 qua
2543 2406 2609 2451 re.
2654 2388 2917 2468 pulchre
2948 2390 3139 2453 abbas
3164 2393 3464 2455 Macarius

1894 2488 2139 2550 cuidam
2171 2490 2626 2569 percunctanti,
2659 2508 2772 2552 cur
2798 2490 2962 2553 fame
2993 2492 3070 2552 ab
3100 2491 3256 2554 hora
3282 2496 3463 2557 tertia

1892 2591 1956 2652 in
1986 2608 2197 2653 eremo
2225 2591 2597 2671 pulsaretur,
2632 2592 2739 2671 qui
2774 2592 2839 2652 in
2877 2593 3186 2655 coenobio
3218 2593 3463 2657 hebdo-

1894 2689 2178 2750 madibus
2206 2690 2463 2767 integris
2491 2690 2898 2753 refectionem
2944 2706 3132 2772 saepe
3176 2704 3462 2756 contem-

1891 2806 2048 2851 nens
2092 2808 2218 2852 non
2251 2792 2544 2852 sensisset
2589 2792 2880 2865 esuriem,
2915 2794 3281 2873 respondit:
3311 2795 3464 2869 Quia

1891 2887 2097 2948 nullus
2118 2888 2219 2949 hic
2241 2895 2333 2949 est
2358 2889 2577 2950 ieiunii
2604 2890 2693 2950 tui
2722 2891 2915 2963 testis,
2947 2890 3056 2970 qui
3083 2898 3145 2953 te
3174 2893 3303 2955 suis
3333 2893 3464 2956 lau-

1890 2985 2071 3047 dibus
2101 2988 2330 3049 nutriat
2359 2996 2547 3068 atque
2577 2996 2901 3063 sustentet,
2933 2991 3022 3053 ibi
3050 2999 3257 3054 autem
3288 3000 3351 3054 te
3372 2994 3464 3055 di-

1890 3088 2050 3164 gitus
2081 3087 2405 3150 hominum
2453 3095 2513 3152 et
2559 3091 2944 3153 cenodoxiae
2992 3092 3249 3156 refectio
3291 3096 3460 3174 sagi-

212 3212 241 3243 α
278 3187 361 3250 de
389 3188 613 3269 Spiritu
670 3188 1129 3268 gastrimargiae
1165 3212 1193 3243 ››
1224 3187 1571 3267 inscripsit,
1626 3187 1782 3250 haec
1811 3186 1851 3242 C
1886 3187 2071 3249 nabat
2094 3187 2200 3268 (8).
2231 3212 2258 3243 »
2287 3189 2542 3250 Cuinam
2567 3190 2833 3251 Macario
2860 3207 2931 3251 ea
2962 3192 3288 3254 tribuenda
3311 3194 3459 3270 sint,

208 3288 400 3349 verba
429 3289 575 3350 facit
608 3307 620 3349 :
657 3312 687 3344 cr
712 3288 926 3350 Adhuc
954 3304 1151 3349 unum
1185 3288 1349 3349 beati
1368 3288 1613 3349 Macarii
1642 3305 1786 3368 pro-

206 3390 410 3453 fertur
431 3391 613 3451 nobis
642 3390 905 3450 salutare
936 3387 1319 3461 mandatum,
1348 3404 1472 3466 quo
1504 3387 1783 3449 libellum

208 3489 587 3550 ieiuniorum
627 3496 687 3549 et
730 3487 1151 3548 continentiae
1200 3487 1353 3547 tanti
1390 3487 1506 3547 viri
1542 3486 1787 3548 claudat

208 3588 653 3649 sententia.Ita
702 3586 907 3665 inquit
962 3587 1192 3648 debere
1220 3584 1598 3647 monachum
1628 3586 1785 3648 ieiu-

210 3693 334 3753 niis
374 3708 629 3771 Operam
678 3691 846 3764 dare,
896 3698 965 3753 ut
1007 3696 1257 3751 centum
1302 3689 1482 3749 annis
1523 3688 1589 3749 in
1641 3706 1781 3750 cor-

208 3809 369 3871 pore
402 3797 954 3863 commoraturum,
984 3790 1067 3850 ita
1098 3794 1303 3850 motus
1324 3788 1514 3849 animi
1548 3788 1781 3849 refrac-

212 3909 367 3953 nare
399 3898 462 3954 et
488 3892 854 3953 iniuriarum
882 3888 1191 3963 oblivisci,
1222 3888 1621 3966 tristitiasque
1679 3906 1783 3949 re-

209 4012 463 4075 spuere,
478 3994 727 4056 dolores
748 4008 1003 4071 quoque
1020 4008 1091 4052 ac
1112 3990 1482 4051 detrimenta
1507 3995 1757 4049 contem
1776 4028 1783 4033 -

210 4113 386 4165 nere,
424 4102 723 4173 tanquam
776 4090 1057 4171 quotidie
1104 4090 1496 4151 moriturum.
1548 4089 1619 4147 Iu
1673 4087 1782 4149 illo

209 4210 485 4272 namque
520 4192 688 4253 utilis
732 4197 825 4252 est
866 4189 1273 4269 prudensque
1312 4186 1629 4258 discretio,
1673 4203 1781 4247 ae-

206 4291 380 4371 quali
410 4289 786 4352 monachum
829 4288 1213 4349 districtione
1258 4286 1493 4347 faciens
1533 4302 1783 4364 semper

203 4390 527 4463 incedere,
558 4407 674 4452 nec
704 4388 1069 4469 permittens
1096 4387 1212 4448 sub
1243 4385 1571 4447 occasione
1600 4383 1779 4447 debi-

1886 3303 2013 3347 non
2044 3294 2135 3348 est
2163 3288 2525 3350 indicatum.
2558 3288 2817 3368 Utrique
2848 3297 3206 3353 nostrorum
3235 3310 3460 3373 reapse

1884 3387 2117 3465 optime
2148 3390 2551 3450 conveniunt.
2594 3390 2723 3451 Nec
2770 3389 3069 3451 dubitavit
3110 3390 3457 3454 Tillemon-

1881 3487 2024 3560 tius,
2072 3503 2145 3547 ea
2192 3489 2455 3550 Macario
2500 3490 2804 3568 Aegyptio
2852 3489 3230 3566 adiudicare,
3280 3492 3459 3555 cuius

1881 3588 2087 3644 tamen
2122 3584 2211 3645 rei
2244 3585 2548 3647 rationem
2580 3604 2707 3647 non
2729 3586 2965 3649 addidit
2996 3586 3101 3667 (9).

1961 3684 2117 3744 Tum
2147 3684 2502 3748 Collationis
2544 3689 2845 3767 septimae
2874 3690 3100 3769 capite,
3141 3690 3311 3771 quod
3353 3691 3456 3755 in-

1884 3782 2172 3843 scribitur
2222 3807 2249 3839 ‹‹
2304 3785 2389 3845 De
2436 3787 2777 3848 tentatione
2826 3788 3067 3851 abbatis
3112 3790 3378 3869 Moysis,
3426 3815 3455 3848 ι

1883 3882 2151 3942 Serenus
2180 3884 2369 3945 abbas
2400 3885 2484 3945 ita
2527 3885 2805 3965 loquitur
2836 3905 2850 3947 :
2880 3912 2908 3944 α
2944 3890 3267 3953 Secundus
3306 3909 3456 3956 vero

1885 3998 2071 4058 quem
2098 3982 2366 4045 diximus
2386 3985 2451 4045 in
2471 3984 2586 4047 hac
2611 4003 2824 4050 eremo
2847 3998 3298 4053 commoratum
3329 3993 3457 4069 [ab-

1884 4076 1992 4138 bas
2025 4081 2315 4157 Moyses],
2367 4101 2509 4145 cum
2552 4085 2688 4164 ipse
2723 4104 2977 4167 quoque
3026 4089 3358 4167 singularis
3394 4098 3457 4154 et

1881 4177 2386 4258 incomparabilis
2426 4184 2518 4245 vir
2552 4192 2735 4257 esset,
2782 4186 2863 4248 ob
2896 4187 3453 4267 reprehensionem

1886 4277 2069 4337 unius
2100 4281 2428 4354 sermonis,
2464 4299 2651 4361 quem
2681 4291 2897 4345 contra
2926 4285 3211 4348 abbatem
3246 4290 3451 4351 Maca-

1882 4376 2041 4437 rium
2070 4378 2391 4458 disputans
2419 4380 2606 4460 paulo
2634 4381 2849 4443 durius
2878 4383 3155 4461 protulit,
3181 4385 3449 4464 quadam

204 4489 365 4551 litati
421 4492 706 4570 corporis
758 4488 836 4550 de
898 4487 1108 4549 arduis
1165 4486 1244 4547 ad
1309 4483 1780 4565 perniciossima
1811 4526 1853 4581 υ
1882 4476 2118 4537 δείὶίοθῖ
2158 4478 2457 4556 Opinione
2479 4487 3021 4558 Ρΐδθνθῐιῖυενῖδω
3051 4482 3187 4544 diro
3225 4483 3445 4545 confe-

206 4597 545 4671 praerupta
574 4588 845 4662 devolvi;
876 4588 941 4649 in
975 4586 1096 4649 hoc
1126 4601 1275 4649 vero
1307 4584 1779 4661 magnanimitas
1812 4578 1839 4581 θ
1880 4578 2020 4639 stim
2045 4586 2137 4640 est
2157 4580 2416 4640 traditus
2438 4580 2833 4655 daemoni,ut
2862 4581 3164 4644 humanas
3189 4585 3454 4662 egestio-

207 4690 518 4763 salutaris,
550 4705 712 4768 quae
733 4688 951 4759 valeat,
985 4703 1114 4747 non
1140 4684 1345 4750 solum
1375 4700 1537 4763 quae
1569 4682 1782 4744 viden-

210 4797 311 4851 tur
339 4806 641 4869 prospera
678 4787 894 4850 mundi
926 4784 1271 4866 praesentis
1296 4783 1643 4862 despicere,
1670 4800 1779 4844 ve-

205 4904 348 4947 rum
378 4886 562 4947 etiam
590 4884 861 4947 adversis
884 4884 1285 4961 tristibusque
1308 4898 1437 4943 non
1468 4879 1689 4957 frangi,
1722 4885 1784 4941 et

203 5004 279 5047 ea
310 4985 479 5048 velut
508 5003 693 5066 parva
724 4985 1019 5064 nullaque
1049 4992 1473 5057 contemnere,
1504 4981 1631 5043 illic
1660 4980 1775 5043 ha-

278 5197 358 5263 (1)
382 5193 467 5248 Cf.
492 5209 546 5263 p.
584 5192 680 5246 107
714 5208 796 5253 sq.

274 5286 356 5355 (2)
383 5284 466 5337 Cf.
493 5283 632 5336 infra
658 5281 831 5349 Caput
854 5276 919 5331 IX
946 5278 972 5349 δ
995 5278 1083 5331 45.

280 5374 462 5443 (3)011
484 5373 821 5443 propositum
849 5369 1066 5423 Macarii
1088 5366 1318 5421 Romam
1341 5362 1579 5420 abeundi
1608 5376 1775 5431 supra

205 5487 261 5542 p.
285 5470 374 5524 75.
412 5467 477 5522 99
508 5482 592 5535 sq.

276 5560 462 5628 (4)(31.
494 5559 522 5630 δ
557 5559 621 5611 14
648 5574 700 5627 p.
724 5558 791 5610 Π
817 5572 961 5625 sqq.,
1009 5552 1258 5607 Cassian.
1284 5551 1419 5604 Coll.
1453 5548 1544 5602 XV
1576 5565 1696 5619 cap.
1724 5551 1776 5615 3,

204 5650 452 5705 Cassiani
498 5646 635 5717 Opp.
687 5647 776 5701 ed.
828 5644 962 5698 Gaz.
994 5659 1046 5713 ρ.
1068 5642 1192 5704 468,
1240 5639 1413 5709 Mignc
1465 5639 1665 5694 Patrol.
1713 5641 1776 5693 T.

204 5740 368 5798 XLIX
403 5756 452 5809 p.
493 5738 617 5794 995.

276 5835 354 5905 (ὃ)
387 5833 525 5889 Coll.
585 5828 697 5885 XIV
739 5844 858 5899 cap.
891 5826 945 5892 ι,
975 5825 1220 5879 Cassiani
1252 5822 1388 5894 Opp.
1420 5823 1501 5878 ed.
1549 5821 1679 5877 Gaz.
1726 5840 1777 5891 p,

1876 4696 1989 4740 nes
2003 4678 2096 4741 ori
2108 4697 2245 4751 suo,
2262 4681 2337 4741 ab
2355 4698 2430 4743 eo
2444 4680 2791 4762 suppletus,
2805 4682 3137 4760 ingereret.
3154 4685 3329 4757 Quod
3344 4685 3452 4747 ﬂa-

1878 4781 2105 4859 gellum
2129 4781 2515 4860 purgationis
2535 4783 2726 4859 gratia
2748 4800 2814 4845 se
2826 4783 3443 4860 Dominusintulisse,

1878 4899 1957 4942 ne
1978 4880 2211 4943 scilicet
2231 4881 2295 4940 in
2316 4897 2393 4942 eo
2414 4882 2507 4942 vel
2532 4883 2953 4943 momentanei
2974 4882 3183 4945 delicti
3205 4884 3447 4947 macula

1882 4980 2202 5054 resideret,
2233 4979 2556 5043 velocitate
2586 4982 2922 5044 curationis
2947 4982 3081 5045 eius
3111 4990 3300 5063 atque
3329 5001 3448 5045 au-

1876 5184 1998 5247 450,
2026 5186 2197 5257 Migne
2253 5202 2305 5256 p.
2333 5187 2471 5254 958;
2513 5186 2649 5242 llist.
2676 5186 2841 5242 Laus.
2890 5188 2976 5244 ed.
3004 5188 3202 5247 Meurs.
3244 5207 3364 5261 cap.
3411 5195 3442 5248 7

1876 5278 2012 5347 Opp.
2048 5278 2247 5332 Meurs.
2290 5280 2324 5331 l.
2366 5277 2406 5331 1.
2436 5294 2487 5347 p.
2508 5278 2605 5332 757
2632 5277 2703 5331 cf.
2740 5294 2900 5348 supra
2924 5278 2949 5348 §
2971 5280 3040 5334 25
3065 5297 3114 5349 p.
3154 5281 3275 5336 105.

1948 5367 2021 5436 (6)
2048 5367 2118 5421 De
2141 5368 2526 5422 coenobiorum
2550 5369 2812 5424 institutis
2835 5369 2976 5423 lib.V
2997 5371 3085 5440 (de
3106 5371 3443 5444 spingastr.)

1874 5474 1992 5528 cap.
2018 5460 2077 5512 Η
2102 5458 2345 5513 Cassiani
2377 5458 2511 5529 Opp.
2538 5458 2622 5514 ed.
2646 5458 2777 5515 Gaz.
2800 5476 2850 5531 p.
2875 5460 2995 5526 104,
3038 5460 3212 5533 Migne
3237 5478 3290 5533 p.
3313 5464 3441 5520 265.

1948 5550 2021 5620 (7)
2049 5550 2131 5603 Cf.
2176 5566 2339 5619 supra
2372 5551 2506 5621 §29.

1948 5641 2022 5709 (8)
2045 5642 2179 5696 Coll.
2214 5642 2255 5695 V
2291 5658 2411 5713 cap.
2438 5644 2503 5696 Η
2528 5642 2771 5697 Cassiani
2793 5642 2928 5712 Opp.
2960 5644 3050 5699 ed.
3077 5644 3207 5700 Gaz.
3231 5660 3286 5717 p.
3312 5644 3440 5703 289.

1950 5733 2025 5802 (9)
2052 5733 2335 5791 Mémoires
2374 5734 2436 5789 T.
2469 5733 2583 5787 Vlll
2608 5733 2670 5787 P.
2695 5733 2759 5787 Ill
2785 5751 2835 5809 p.
2866 5734 2993 5791 985.
