  <div class='ocr_page' id='page_1' title='image "/cluster/home/n/w/nwhite01/storage/ocr_20150623/34/nnc1.0046978860/071.png"; bbox 0 0 4266 6360; ppageno 0'>
   <div class='ocr_carea' id='block_1_1' title="bbox 826 353 928 408">
    <p class='ocr_par' dir='ltr' id='par_1_1' title="bbox 826 353 928 408">
     <span class='ocr_line' id='line_1_1' title="bbox 826 353 928 408; baseline 0.01 -1"><span class='ocrx_word' id='word_1_1' title='bbox 826 353 928 408; x_wconf 72' lang='grc'><strong>125</strong></span> 
     </span>
    </p>
   </div>
   <div class='ocr_carea' id='block_1_2' title="bbox 1624 349 3217 408">
    <p class='ocr_par' dir='ltr' id='par_1_2' title="bbox 1624 349 3217 408">
     <span class='ocr_line' id='line_1_2' title="bbox 1624 349 3217 408; baseline -0.002 -3"><span class='ocrx_word' id='word_1_2' title='bbox 1624 351 1722 408; x_wconf 88' lang='lat' dir='ltr'>SS.</span> <span class='ocrx_word' id='word_1_3' title='bbox 1767 350 2215 406; x_wconf 73' lang='lat' dir='ltr'>MACARIORUM</span> <span class='ocrx_word' id='word_1_4' title='bbox 2270 349 2583 405; x_wconf 78' lang='lat' dir='ltr'>AEGYPTH</span> <span class='ocrx_word' id='word_1_5' title='bbox 2621 349 2706 404; x_wconf 86' lang='lat' dir='ltr'>ET</span> <span class='ocrx_word' id='word_1_6' title='bbox 2759 349 3217 404; x_wconf 51' lang='lat' dir='ltr'>ALEXARDRINI</span> 
     </span>
    </p>
   </div>
   <div class='ocr_carea' id='block_1_3' title="bbox 3939 345 4025 398">
    <p class='ocr_par' dir='ltr' id='par_1_3' title="bbox 3939 345 4025 398">
     <span class='ocr_line' id='line_1_3' title="bbox 3939 345 4025 398; baseline 0.035 -3"><span class='ocrx_word' id='word_1_7' title='bbox 3939 345 4025 398; x_wconf 65' lang='grc'>121</span> 
     </span>
    </p>
   </div>
   <div class='ocr_carea' id='block_1_4' title="bbox 811 457 4024 540">
    <p class='ocr_par' dir='ltr' id='par_1_4' title="bbox 811 457 4024 540">
     <span class='ocr_line' id='line_1_4' title="bbox 811 457 4024 540; baseline -0.002 -15"><span class='ocrx_word' id='word_1_8' title='bbox 811 471 986 525; x_wconf 90' lang='lat' dir='ltr'>ctore</span> <span class='ocrx_word' id='word_1_9' title='bbox 1015 462 1273 524; x_wconf 86' lang='lat' dir='ltr'>remedii</span> <span class='ocrx_word' id='word_1_10' title='bbox 1293 462 1754 523; x_wconf 82' lang='lat' dir='ltr'>demonstravit.</span> <span class='ocrx_word' id='word_1_11' title='bbox 1780 465 1930 523; x_wconf 89' lang='lat' dir='ltr'>Nam</span> <span class='ocrx_word' id='word_1_12' title='bbox 1953 464 2250 523; x_wconf 91' lang='lat' dir='ltr'>continuo</span> <span class='ocrx_word' id='word_1_13' title='bbox 2278 464 2384 524; x_wconf 90' lang='lat' dir='ltr'>ab-</span> <span class='ocrx_word' id='word_1_14' title='bbox 2410 469 2455 524; x_wconf 87' lang='lat' dir='ltr'><strong>A</strong></span> <span class='ocrx_word' id='word_1_15' title='bbox 2484 463 2798 540; x_wconf 91' lang='lat' dir='ltr'>ingressus</span> <span class='ocrx_word' id='word_1_16' title='bbox 2827 469 2940 536; x_wconf 91' lang='lat' dir='ltr'>est,</span> <span class='ocrx_word' id='word_1_17' title='bbox 2968 463 3069 525; x_wconf 91' lang='lat' dir='ltr'>die</span> <span class='ocrx_word' id='word_1_18' title='bbox 3099 462 3442 524; x_wconf 91' lang='lat' dir='ltr'>secundum</span> <span class='ocrx_word' id='word_1_19' title='bbox 3473 461 3558 532; x_wconf 88' lang='lat' dir='ltr'>id,</span> <span class='ocrx_word' id='word_1_20' title='bbox 3591 457 3760 538; x_wconf 90' lang='lat' dir='ltr'>quod</span> <span class='ocrx_word' id='word_1_21' title='bbox 3786 473 4024 536; x_wconf 89' lang='lat' dir='ltr'>compe-</span> 
     </span>
    </p>
   </div>
   <div class='ocr_carea' id='block_1_5' title="bbox 813 561 2381 631">
    <p class='ocr_par' dir='ltr' id='par_1_5' title="bbox 813 561 2381 631">
     <span class='ocr_line' id='line_1_5' title="bbox 813 561 2381 631; baseline -0.001 -8"><span class='ocrx_word' id='word_1_22' title='bbox 813 563 956 623; x_wconf 88' lang='lat' dir='ltr'>bate</span> <span class='ocrx_word' id='word_1_23' title='bbox 985 563 1249 623; x_wconf 90' lang='lat' dir='ltr'>Macario</span> <span class='ocrx_word' id='word_1_24' title='bbox 1271 562 1337 622; x_wconf 90' lang='lat' dir='ltr'>in</span> <span class='ocrx_word' id='word_1_25' title='bbox 1364 563 1642 623; x_wconf 90' lang='lat' dir='ltr'>oratione</span> <span class='ocrx_word' id='word_1_26' title='bbox 1673 562 1979 623; x_wconf 90' lang='lat' dir='ltr'>submisso</span> <span class='ocrx_word' id='word_1_27' title='bbox 2023 562 2179 631; x_wconf 86' lang='lat'><strong>130</strong></span> <span class='ocrx_word' id='word_1_28' title='bbox 2215 561 2381 622; x_wconf 89' lang='lat' dir='ltr'>dicto</span> 
     </span>
    </p>
   </div>
   <div class='ocr_carea' id='block_1_6' title="bbox 814 660 2380 739">
    <p class='ocr_par' dir='ltr' id='par_1_6' title="bbox 814 660 2380 739">
     <span class='ocr_line' id='line_1_6' title="bbox 814 660 2380 739; baseline -0.001 -17"><span class='ocrx_word' id='word_1_29' title='bbox 814 663 995 722; x_wconf 87' lang='lat' dir='ltr'>citius</span> <span class='ocrx_word' id='word_1_30' title='bbox 1026 679 1294 739; x_wconf 80' lang='lat' dir='ltr'>nequam</span> <span class='ocrx_word' id='word_1_31' title='bbox 1333 662 1585 739; x_wconf 80' lang='lat' dir='ltr'>spiritus</span> <span class='ocrx_word' id='word_1_32' title='bbox 1623 662 1699 721; x_wconf 91' lang='lat' dir='ltr'>ab</span> <span class='ocrx_word' id='word_1_33' title='bbox 1732 678 1807 721; x_wconf 92' lang='lat' dir='ltr'>eo</span> <span class='ocrx_word' id='word_1_34' title='bbox 1845 660 2091 737; x_wconf 89' lang='lat' dir='ltr'>fugatus</span> <span class='ocrx_word' id='word_1_35' title='bbox 2129 661 2380 721; x_wconf 90' lang='lat' dir='ltr'>absces-</span> 
     </span>
    </p>
   </div>
   <div class='ocr_carea' id='block_1_7' title="bbox 815 755 2380 837">
    <p class='ocr_par' dir='ltr' id='par_1_7' title="bbox 815 755 2380 837">
     <span class='ocr_line' id='line_1_7' title="bbox 815 755 2380 837; baseline -0.003 -18"><span class='ocrx_word' id='word_1_36' title='bbox 815 760 894 819; x_wconf 91' lang='lat' dir='ltr'>sit</span> <span class='ocrx_word' id='word_1_37' title='bbox 926 760 1030 837; x_wconf 87' lang='grc'>(1).</span> <span class='ocrx_word' id='word_1_38' title='bbox 1070 783 1096 814; x_wconf 85' lang='grc'><strong>››</strong></span> <span class='ocrx_word' id='word_1_39' title='bbox 1129 759 1287 830; x_wconf 85' lang='lat' dir='ltr'>Quin</span> <span class='ocrx_word' id='word_1_40' title='bbox 1344 758 1644 819; x_wconf 81' lang='lat' dir='ltr'>Macarius</span> <span class='ocrx_word' id='word_1_41' title='bbox 1697 758 2033 836; x_wconf 84' lang='lat' dir='ltr'>Aegyptius</span> <span class='ocrx_word' id='word_1_42' title='bbox 2072 755 2380 833; x_wconf 87' lang='lat' dir='ltr'>intelliga-</span> 
     </span>
    </p>
   </div>
   <div class='ocr_carea' id='block_1_8' title="bbox 813 856 2380 934">
    <p class='ocr_par' dir='ltr' id='par_1_8' title="bbox 813 856 2380 934">
     <span class='ocr_line' id='line_1_8' title="bbox 813 856 2380 934; baseline 0 -18"><span class='ocrx_word' id='word_1_43' title='bbox 813 867 936 930; x_wconf 91' lang='lat' dir='ltr'>tur,</span> <span class='ocrx_word' id='word_1_44' title='bbox 963 858 1062 916; x_wconf 91' lang='lat' dir='ltr'>vix</span> <span class='ocrx_word' id='word_1_45' title='bbox 1096 857 1354 918; x_wconf 91' lang='lat' dir='ltr'>dubium</span> <span class='ocrx_word' id='word_1_46' title='bbox 1386 865 1506 929; x_wconf 89' lang='lat' dir='ltr'>est;</span> <span class='ocrx_word' id='word_1_47' title='bbox 1537 873 1682 917; x_wconf 90' lang='lat' dir='ltr'>nam</span> <span class='ocrx_word' id='word_1_48' title='bbox 1705 859 1946 934; x_wconf 81' lang='lat' dir='ltr'>Moyses</span> <span class='ocrx_word' id='word_1_49' title='bbox 1975 856 2166 916; x_wconf 80' lang='lat' dir='ltr'>abbas</span> <span class='ocrx_word' id='word_1_50' title='bbox 2196 872 2380 932; x_wconf 87' lang='lat' dir='ltr'>egre-</span> 
     </span>
    </p>
   </div>
   <div class='ocr_carea' id='block_1_9' title="bbox 816 955 2380 1036">
    <p class='ocr_par' dir='ltr' id='par_1_9' title="bbox 816 955 2380 1036">
     <span class='ocr_line' id='line_1_9' title="bbox 816 955 2380 1036; baseline -0.001 -19"><span class='ocrx_word' id='word_1_51' title='bbox 816 959 952 1036; x_wconf 83' lang='lat' dir='ltr'>gius</span> <span class='ocrx_word' id='word_1_52' title='bbox 993 958 1186 1018; x_wconf 90' lang='lat' dir='ltr'>Scetis</span> <span class='ocrx_word' id='word_1_53' title='bbox 1216 956 1560 1017; x_wconf 85' lang='lat' dir='ltr'>monachus</span> <span class='ocrx_word' id='word_1_54' title='bbox 1610 957 1725 1016; x_wconf 83' lang='lat' dir='ltr'>fuit</span> <span class='ocrx_word' id='word_1_55' title='bbox 1757 955 1858 1033; x_wconf 77' lang='lat'>(2).</span> <span class='ocrx_word' id='word_1_56' title='bbox 1913 956 2086 1027; x_wconf 89' lang='lat' dir='ltr'>Quod</span> <span class='ocrx_word' id='word_1_57' title='bbox 2118 966 2178 1016; x_wconf 91' lang='lat' dir='ltr'>et</span> <span class='ocrx_word' id='word_1_58' title='bbox 2213 959 2380 1034; x_wconf 89' lang='lat' dir='ltr'>Apo-</span> 
     </span>
    </p>
   </div>
   <div class='ocr_carea' id='block_1_10' title="bbox 817 1055 2381 1138">
    <p class='ocr_par' dir='ltr' id='par_1_10' title="bbox 817 1055 2381 1138">
     <span class='ocr_line' id='line_1_10' title="bbox 817 1055 2381 1138; baseline -0.003 -20"><span class='ocrx_word' id='word_1_59' title='bbox 817 1059 1216 1138; x_wconf 86' lang='lat' dir='ltr'>phthegmata</span> <span class='ocrx_word' id='word_1_60' title='bbox 1247 1076 1279 1118; x_wconf 89' lang='lat' dir='ltr'>a</span> <span class='ocrx_word' id='word_1_61' title='bbox 1323 1058 1628 1118; x_wconf 89' lang='lat' dir='ltr'>Cotelerio</span> <span class='ocrx_word' id='word_1_62' title='bbox 1662 1058 1823 1117; x_wconf 89' lang='lat' dir='ltr'>edita</span> <span class='ocrx_word' id='word_1_63' title='bbox 1851 1055 2281 1134; x_wconf 84' lang='lat' dir='ltr'>comprobant,</span> <span class='ocrx_word' id='word_1_64' title='bbox 2313 1055 2381 1115; x_wconf 91' lang='lat' dir='ltr'>in</span> 
     </span>
    </p>
   </div>
   <div class='ocr_carea' id='block_1_11' title="bbox 816 1155 2384 1236">
    <p class='ocr_par' dir='ltr' id='par_1_11' title="bbox 816 1155 2384 1236">
     <span class='ocr_line' id='line_1_11' title="bbox 816 1155 2384 1236; baseline -0.004 -17"><span class='ocrx_word' id='word_1_65' title='bbox 816 1160 1042 1236; x_wconf 88' lang='lat' dir='ltr'>quibus</span> <span class='ocrx_word' id='word_1_66' title='bbox 1070 1159 1222 1234; x_wconf 91' lang='lat' dir='ltr'>legis</span> <span class='ocrx_word' id='word_1_67' title='bbox 1256 1177 1267 1217; x_wconf 91' lang='lat'><strong>:</strong></span> <span class='ocrx_word' id='word_1_68' title='bbox 1303 1183 1329 1213; x_wconf 87' lang='lat'>«</span> <span class='ocrx_word' id='word_1_69' title='bbox 1372 1161 1618 1235; x_wconf 79' lang='lat' dir='ltr'>Moyses</span> <span class='ocrx_word' id='word_1_70' title='bbox 1655 1158 1843 1217; x_wconf 84' lang='lat' dir='ltr'>abbas</span> <span class='ocrx_word' id='word_1_71' title='bbox 1884 1155 2145 1216; x_wconf 90' lang='lat' dir='ltr'>Macario</span> <span class='ocrx_word' id='word_1_72' title='bbox 2177 1155 2384 1215; x_wconf 86' lang='lat' dir='ltr'>abbati</span> 
     </span>
    </p>
   </div>
   <div class='ocr_carea' id='block_1_12' title="bbox 814 1254 2380 1335">
    <p class='ocr_par' dir='ltr' id='par_1_12' title="bbox 814 1254 2380 1335">
     <span class='ocr_line' id='line_1_12' title="bbox 814 1254 2380 1335; baseline -0.002 -18"><span class='ocrx_word' id='word_1_73' title='bbox 814 1259 878 1318; x_wconf 90' lang='lat' dir='ltr'>in</span> <span class='ocrx_word' id='word_1_74' title='bbox 908 1259 1066 1318; x_wconf 90' lang='lat' dir='ltr'>Sceti</span> <span class='ocrx_word' id='word_1_75' title='bbox 1098 1258 1311 1329; x_wconf 83' lang='lat' dir='ltr'>:Volo,</span> <span class='ocrx_word' id='word_1_76' title='bbox 1344 1258 1568 1335; x_wconf 81' lang='lat' dir='ltr'>inquit,</span> <span class='ocrx_word' id='word_1_77' title='bbox 1599 1275 1736 1315; x_wconf 86' lang='lat' dir='ltr'>cum</span> <span class='ocrx_word' id='word_1_78' title='bbox 1776 1256 1985 1333; x_wconf 78' lang='lat' dir='ltr'>quiete</span> <span class='ocrx_word' id='word_1_79' title='bbox 2026 1272 2097 1314; x_wconf 91' lang='lat' dir='ltr'>ac</span> <span class='ocrx_word' id='word_1_80' title='bbox 2133 1254 2380 1314; x_wconf 88' lang='lat' dir='ltr'>silentio</span> 
     </span>
    </p>
   </div>
   <div class='ocr_carea' id='block_1_13' title="bbox 819 1353 2385 1424">
    <p class='ocr_par' dir='ltr' id='par_1_13' title="bbox 819 1353 2385 1424">
     <span class='ocr_line' id='line_1_13' title="bbox 819 1353 2385 1424; baseline 0 -11"><span class='ocrx_word' id='word_1_81' title='bbox 819 1358 1042 1424; x_wconf 87' lang='lat' dir='ltr'>vivere,</span> <span class='ocrx_word' id='word_1_82' title='bbox 1095 1373 1208 1416; x_wconf 87' lang='lat' dir='ltr'>nec</span> <span class='ocrx_word' id='word_1_83' title='bbox 1256 1357 1465 1415; x_wconf 80' lang='lat' dir='ltr'>sinunt</span> <span class='ocrx_word' id='word_1_84' title='bbox 1510 1373 1610 1415; x_wconf 92' lang='lat' dir='ltr'>me</span> <span class='ocrx_word' id='word_1_85' title='bbox 1657 1355 1895 1414; x_wconf 82' lang='lat' dir='ltr'>fratres.</span> <span class='ocrx_word' id='word_1_86' title='bbox 1947 1355 2052 1414; x_wconf 88' lang='lat' dir='ltr'>Cui</span> <span class='ocrx_word' id='word_1_87' title='bbox 2087 1353 2385 1413; x_wconf 88' lang='lat' dir='ltr'>Macarius</span> 
     </span>
    </p>
   </div>
   <div class='ocr_carea' id='block_1_14' title="bbox 815 1451 2386 1531">
    <p class='ocr_par' dir='ltr' id='par_1_14' title="bbox 815 1451 2386 1531">
     <span class='ocr_line' id='line_1_14' title="bbox 815 1451 2386 1531; baseline -0.003 -16"><span class='ocrx_word' id='word_1_88' title='bbox 815 1455 1006 1515; x_wconf 88' lang='lat' dir='ltr'>abbas</span> <span class='ocrx_word' id='word_1_89' title='bbox 1052 1455 1372 1531; x_wconf 82' lang='lat' dir='ltr'>respondit</span> <span class='ocrx_word' id='word_1_90' title='bbox 1417 1455 1655 1513; x_wconf 88' lang='lat' dir='ltr'>:Video</span> <span class='ocrx_word' id='word_1_91' title='bbox 1703 1463 1762 1511; x_wconf 90' lang='lat' dir='ltr'>te</span> <span class='ocrx_word' id='word_1_92' title='bbox 1812 1451 2040 1511; x_wconf 89' lang='lat' dir='ltr'>indolis</span> <span class='ocrx_word' id='word_1_93' title='bbox 2085 1451 2386 1512; x_wconf 89' lang='lat' dir='ltr'>mollioris</span> 
     </span>
    </p>
   </div>
   <div class='ocr_carea' id='block_1_15' title="bbox 818 1548 2385 1630">
    <p class='ocr_par' dir='ltr' id='par_1_15' title="bbox 818 1548 2385 1630">
     <span class='ocr_line' id='line_1_15' title="bbox 818 1548 2385 1630; baseline -0.003 -17"><span class='ocrx_word' id='word_1_94' title='bbox 818 1571 976 1625; x_wconf 87' lang='lat' dir='ltr'>esse,</span> <span class='ocrx_word' id='word_1_95' title='bbox 1026 1571 1141 1612; x_wconf 88' lang='lat' dir='ltr'>nec</span> <span class='ocrx_word' id='word_1_96' title='bbox 1175 1570 1356 1630; x_wconf 85' lang='lat' dir='ltr'>posse</span> <span class='ocrx_word' id='word_1_97' title='bbox 1387 1552 1636 1612; x_wconf 87' lang='lat' dir='ltr'>fratrem</span> <span class='ocrx_word' id='word_1_98' title='bbox 1671 1568 1705 1609; x_wconf 95' lang='lat' dir='ltr'>a</span> <span class='ocrx_word' id='word_1_99' title='bbox 1738 1557 1796 1609; x_wconf 90' lang='lat' dir='ltr'>te</span> <span class='ocrx_word' id='word_1_100' title='bbox 1838 1557 2145 1619; x_wconf 82' lang='lat' dir='ltr'>avertere;</span> <span class='ocrx_word' id='word_1_101' title='bbox 2177 1548 2286 1607; x_wconf 88' lang='lat' dir='ltr'>sed</span> <span class='ocrx_word' id='word_1_102' title='bbox 2333 1549 2385 1608; x_wconf 89' lang='lat' dir='ltr'>si</span> 
     </span>
    </p>
   </div>
   <div class='ocr_carea' id='block_1_16' title="bbox 818 1647 2379 1727">
    <p class='ocr_par' dir='ltr' id='par_1_16' title="bbox 818 1647 2379 1727">
     <span class='ocr_line' id='line_1_16' title="bbox 818 1647 2379 1727; baseline -0.003 -17"><span class='ocrx_word' id='word_1_103' title='bbox 818 1649 1130 1710; x_wconf 85' lang='lat' dir='ltr'>desideras</span> <span class='ocrx_word' id='word_1_104' title='bbox 1161 1651 1430 1727; x_wconf 85' lang='lat' dir='ltr'>quietam</span> <span class='ocrx_word' id='word_1_105' title='bbox 1465 1651 1672 1720; x_wconf 89' lang='lat' dir='ltr'>vitam,</span> <span class='ocrx_word' id='word_1_106' title='bbox 1708 1648 2102 1726; x_wconf 87' lang='lat' dir='ltr'>proficiscere</span> <span class='ocrx_word' id='word_1_107' title='bbox 2136 1647 2211 1706; x_wconf 90' lang='lat' dir='ltr'>ad</span> <span class='ocrx_word' id='word_1_108' title='bbox 2244 1663 2379 1706; x_wconf 91' lang='lat' dir='ltr'>ere-</span> 
     </span>
    </p>
   </div>
   <div class='ocr_carea' id='block_1_17' title="bbox 819 1746 2379 1826">
    <p class='ocr_par' dir='ltr' id='par_1_17' title="bbox 819 1746 2379 1826">
     <span class='ocr_line' id='line_1_17' title="bbox 819 1746 2379 1826; baseline -0.003 -18"><span class='ocrx_word' id='word_1_109' title='bbox 819 1767 1010 1820; x_wconf 91' lang='lat' dir='ltr'>mum,</span> <span class='ocrx_word' id='word_1_110' title='bbox 1045 1750 1228 1820; x_wconf 85' lang='lat' dir='ltr'>intro,</span> <span class='ocrx_word' id='word_1_111' title='bbox 1263 1750 1324 1808; x_wconf 89' lang='lat' dir='ltr'>in</span> <span class='ocrx_word' id='word_1_112' title='bbox 1356 1756 1525 1826; x_wconf 87' lang='lat' dir='ltr'>petra</span> <span class='ocrx_word' id='word_1_113' title='bbox 1571 1749 1778 1825; x_wconf 91' lang='lat' dir='ltr'>quiete</span> <span class='ocrx_word' id='word_1_114' title='bbox 1825 1747 2034 1823; x_wconf 91' lang='lat' dir='ltr'>deges.</span> <span class='ocrx_word' id='word_1_115' title='bbox 2071 1748 2234 1807; x_wconf 90' lang='lat' dir='ltr'>Fecit</span> <span class='ocrx_word' id='word_1_116' title='bbox 2263 1746 2379 1821; x_wconf 90' lang='lat' dir='ltr'>igi-</span> 
     </span>
    </p>
   </div>
   <div class='ocr_carea' id='block_1_18' title="bbox 817 1839 2379 1921">
    <p class='ocr_par' dir='ltr' id='par_1_18' title="bbox 817 1839 2379 1921">
     <span class='ocr_line' id='line_1_18' title="bbox 817 1839 2379 1921; baseline -0.003 -18"><span class='ocrx_word' id='word_1_117' title='bbox 817 1853 915 1903; x_wconf 88' lang='lat' dir='ltr'>tur</span> <span class='ocrx_word' id='word_1_118' title='bbox 950 1845 1062 1904; x_wconf 69' lang='lat' dir='ltr'>hoi,</span> <span class='ocrx_word' id='word_1_119' title='bbox 1112 1853 1166 1903; x_wconf 68' lang='lat' dir='ltr'>et</span> <span class='ocrx_word' id='word_1_120' title='bbox 1204 1844 1558 1921; x_wconf 83' lang='lat' dir='ltr'>conquievit</span> <span class='ocrx_word' id='word_1_121' title='bbox 1620 1842 1722 1920; x_wconf 83' lang='lat'>(3).</span> <span class='ocrx_word' id='word_1_122' title='bbox 1777 1866 1803 1897; x_wconf 88' lang='lat'><strong><em>»</em></strong></span> <span class='ocrx_word' id='word_1_123' title='bbox 1836 1843 2159 1901; x_wconf 88' lang='lat' dir='ltr'>Praeterea</span> <span class='ocrx_word' id='word_1_124' title='bbox 2191 1839 2379 1899; x_wconf 90' lang='lat' dir='ltr'>Tille-</span> 
     </span>
    </p>
   </div>
   <div class='ocr_carea' id='block_1_19' title="bbox 819 1939 2380 2020">
    <p class='ocr_par' dir='ltr' id='par_1_19' title="bbox 819 1939 2380 2020">
     <span class='ocr_line' id='line_1_19' title="bbox 819 1939 2380 2020; baseline -0.003 -17"><span class='ocrx_word' id='word_1_125' title='bbox 819 1945 1090 2003; x_wconf 83' lang='lat' dir='ltr'>montius</span> <span class='ocrx_word' id='word_1_126' title='bbox 1119 1944 1284 2002; x_wconf 87' lang='lat' dir='ltr'>illam</span> <span class='ocrx_word' id='word_1_127' title='bbox 1315 1942 1541 2020; x_wconf 82' lang='lat' dir='ltr'>Moysis</span> <span class='ocrx_word' id='word_1_128' title='bbox 1571 1940 1807 2002; x_wconf 90' lang='lat' dir='ltr'>abbatis</span> <span class='ocrx_word' id='word_1_129' title='bbox 1837 1939 2217 1999; x_wconf 87' lang='lat' dir='ltr'>sanationem</span> <span class='ocrx_word' id='word_1_130' title='bbox 2253 1940 2380 1998; x_wconf 89' lang='lat' dir='ltr'>Ma-</span> 
     </span>
    </p>
   </div>
   <div class='ocr_carea' id='block_1_20' title="bbox 819 2038 2379 2121">
    <p class='ocr_par' dir='ltr' id='par_1_20' title="bbox 819 2038 2379 2121">
     <span class='ocr_line' id='line_1_20' title="bbox 819 2038 2379 2121; baseline -0.003 -19"><span class='ocrx_word' id='word_1_131' title='bbox 819 2044 984 2103; x_wconf 74' lang='lat' dir='ltr'>cario</span> <span class='ocrx_word' id='word_1_132' title='bbox 1037 2043 1339 2121; x_wconf 77' lang='lat' dir='ltr'>Aegyptio</span> <span class='ocrx_word' id='word_1_133' title='bbox 1389 2042 1523 2101; x_wconf 90' lang='lat' dir='ltr'>sine</span> <span class='ocrx_word' id='word_1_134' title='bbox 1576 2040 1700 2101; x_wconf 93' lang='lat' dir='ltr'>ulla</span> <span class='ocrx_word' id='word_1_135' title='bbox 1751 2039 2156 2100; x_wconf 83' lang='lat' dir='ltr'>haesitatione</span> <span class='ocrx_word' id='word_1_136' title='bbox 2209 2038 2379 2100; x_wconf 88' lang='lat' dir='ltr'>attri-</span> 
     </span>
    </p>
   </div>
   <div class='ocr_carea' id='block_1_21' title="bbox 822 2141 1090 2220">
    <p class='ocr_par' dir='ltr' id='par_1_21' title="bbox 822 2141 1090 2220">
     <span class='ocr_line' id='line_1_21' title="bbox 822 2141 1090 2220; baseline -0.004 -19"><span class='ocrx_word' id='word_1_137' title='bbox 822 2144 954 2201; x_wconf 88' lang='lat' dir='ltr'>buit</span> <span class='ocrx_word' id='word_1_138' title='bbox 988 2141 1090 2220; x_wconf 83' lang='grc'>(4).</span> 
     </span>
    </p>
   </div>
   <div class='ocr_carea' id='block_1_22' title="bbox 898 2235 2383 2318">
    <p class='ocr_par' dir='ltr' id='par_1_22' title="bbox 898 2235 2383 2318">
     <span class='ocr_line' id='line_1_22' title="bbox 898 2235 2383 2318; baseline -0.003 -17"><span class='ocrx_word' id='word_1_139' title='bbox 898 2243 1157 2301; x_wconf 90' lang='lat' dir='ltr'>Ultimus</span> <span class='ocrx_word' id='word_1_140' title='bbox 1193 2240 1460 2318; x_wconf 88' lang='lat' dir='ltr'>denique</span> <span class='ocrx_word' id='word_1_141' title='bbox 1492 2239 1759 2299; x_wconf 89' lang='lat' dir='ltr'>Cassiani</span> <span class='ocrx_word' id='word_1_142' title='bbox 1791 2238 1962 2298; x_wconf 88' lang='lat' dir='ltr'>locus</span> <span class='ocrx_word' id='word_1_143' title='bbox 1994 2237 2069 2296; x_wconf 91' lang='lat' dir='ltr'>de</span> <span class='ocrx_word' id='word_1_144' title='bbox 2107 2235 2383 2297; x_wconf 90' lang='lat' dir='ltr'>Macariis</span> 
     </span>
    </p>
   </div>
   <div class='ocr_carea' id='block_1_23' title="bbox 819 2336 2380 2415">
    <p class='ocr_par' dir='ltr' id='par_1_23' title="bbox 819 2336 2380 2415">
     <span class='ocr_line' id='line_1_23' title="bbox 819 2336 2380 2415; baseline -0.004 -14"><span class='ocrx_word' id='word_1_145' title='bbox 819 2342 1043 2402; x_wconf 86' lang='lat' dir='ltr'>nostris</span> <span class='ocrx_word' id='word_1_146' title='bbox 1087 2342 1147 2400; x_wconf 91' lang='lat' dir='ltr'>in</span> <span class='ocrx_word' id='word_1_147' title='bbox 1182 2341 1517 2400; x_wconf 87' lang='lat' dir='ltr'>Collatione</span> <span class='ocrx_word' id='word_1_148' title='bbox 1546 2338 1836 2414; x_wconf 90' lang='lat' dir='ltr'>vigesima</span> <span class='ocrx_word' id='word_1_149' title='bbox 1883 2343 2099 2415; x_wconf 88' lang='lat' dir='ltr'>quarta</span> <span class='ocrx_word' id='word_1_150' title='bbox 2139 2336 2380 2395; x_wconf 87' lang='lat' dir='ltr'>inveni-</span> 
     </span>
    </p>
   </div>
   <div class='ocr_carea' id='block_1_24' title="bbox 816 2435 2382 2508">
    <p class='ocr_par' dir='ltr' id='par_1_24' title="bbox 816 2435 2382 2508">
     <span class='ocr_line' id='line_1_24' title="bbox 816 2435 2382 2508; baseline -0.004 -5"><span class='ocrx_word' id='word_1_151' title='bbox 816 2451 938 2508; x_wconf 86' lang='lat' dir='ltr'>tur,</span> <span class='ocrx_word' id='word_1_152' title='bbox 977 2442 1084 2501; x_wconf 91' lang='lat' dir='ltr'>ubi</span> <span class='ocrx_word' id='word_1_153' title='bbox 1133 2439 1376 2499; x_wconf 88' lang='lat' dir='ltr'>Macarii</span> <span class='ocrx_word' id='word_1_154' title='bbox 1424 2437 1629 2498; x_wconf 86' lang='lat' dir='ltr'>fabula</span> <span class='ocrx_word' id='word_1_155' title='bbox 1682 2439 1758 2497; x_wconf 91' lang='lat' dir='ltr'>ab</span> <span class='ocrx_word' id='word_1_156' title='bbox 1808 2436 2110 2497; x_wconf 86' lang='lat' dir='ltr'>Abraham</span> <span class='ocrx_word' id='word_1_157' title='bbox 2160 2435 2382 2496; x_wconf 89' lang='lat' dir='ltr'>abbate</span> 
     </span>
    </p>
   </div>
   <div class='ocr_carea' id='block_1_25' title="bbox 819 2533 2382 2614">
    <p class='ocr_par' dir='ltr' id='par_1_25' title="bbox 819 2533 2382 2614">
     <span class='ocr_line' id='line_1_25' title="bbox 819 2533 2382 2614; baseline -0.006 -13"><span class='ocrx_word' id='word_1_158' title='bbox 819 2548 1057 2602; x_wconf 86' lang='lat' dir='ltr'>narrata</span> <span class='ocrx_word' id='word_1_159' title='bbox 1088 2539 1243 2600; x_wconf 90' lang='lat' dir='ltr'>haec</span> <span class='ocrx_word' id='word_1_160' title='bbox 1285 2545 1376 2598; x_wconf 90' lang='lat' dir='ltr'>est</span> <span class='ocrx_word' id='word_1_161' title='bbox 1410 2557 1421 2596; x_wconf 91' lang='lat'><strong>:</strong></span> <span class='ocrx_word' id='word_1_162' title='bbox 1458 2559 1484 2592; x_wconf 85' lang='lat'>«</span> <span class='ocrx_word' id='word_1_163' title='bbox 1529 2539 1683 2597; x_wconf 89' lang='lat' dir='ltr'>Nam</span> <span class='ocrx_word' id='word_1_164' title='bbox 1712 2535 1879 2614; x_wconf 90' lang='lat' dir='ltr'>quod</span> <span class='ocrx_word' id='word_1_165' title='bbox 1928 2533 2081 2595; x_wconf 92' lang='lat' dir='ltr'>alios</span> <span class='ocrx_word' id='word_1_166' title='bbox 2126 2550 2382 2612; x_wconf 93' lang='lat' dir='ltr'>quoque</span> 
     </span>
    </p>
   </div>
   <div class='ocr_carea' id='block_1_26' title="bbox 817 2633 2382 2717">
    <p class='ocr_par' dir='ltr' id='par_1_26' title="bbox 817 2633 2382 2717">
     <span class='ocr_line' id='line_1_26' title="bbox 817 2633 2382 2717; baseline -0.006 -15"><span class='ocrx_word' id='word_1_167' title='bbox 817 2642 1046 2702; x_wconf 90' lang='lat' dir='ltr'>salvare</span> <span class='ocrx_word' id='word_1_168' title='bbox 1088 2656 1196 2698; x_wconf 90' lang='lat' dir='ltr'>vos</span> <span class='ocrx_word' id='word_1_169' title='bbox 1242 2653 1424 2717; x_wconf 89' lang='lat' dir='ltr'>posse</span> <span class='ocrx_word' id='word_1_170' title='bbox 1473 2635 1813 2705; x_wconf 84' lang='lat' dir='ltr'>confiditis,</span> <span class='ocrx_word' id='word_1_171' title='bbox 1863 2640 1923 2694; x_wconf 89' lang='lat' dir='ltr'>et</span> <span class='ocrx_word' id='word_1_172' title='bbox 1974 2650 2083 2712; x_wconf 90' lang='lat' dir='ltr'>spe</span> <span class='ocrx_word' id='word_1_173' title='bbox 2135 2633 2382 2693; x_wconf 89' lang='lat' dir='ltr'>maioris</span> 
     </span>
    </p>
   </div>
   <div class='ocr_carea' id='block_1_27' title="bbox 817 2731 2380 2812">
    <p class='ocr_par' dir='ltr' id='par_1_27' title="bbox 817 2731 2380 2812">
     <span class='ocr_line' id='line_1_27' title="bbox 817 2731 2380 2812; baseline -0.006 -13"><span class='ocrx_word' id='word_1_174' title='bbox 817 2740 973 2800; x_wconf 90' lang='lat' dir='ltr'>lucri</span> <span class='ocrx_word' id='word_1_175' title='bbox 999 2739 1073 2799; x_wconf 90' lang='lat' dir='ltr'>ad</span> <span class='ocrx_word' id='word_1_176' title='bbox 1111 2735 1494 2797; x_wconf 89' lang='lat' dir='ltr'>revisendam</span> <span class='ocrx_word' id='word_1_177' title='bbox 1533 2735 1788 2812; x_wconf 89' lang='lat' dir='ltr'>patriam</span> <span class='ocrx_word' id='word_1_178' title='bbox 1820 2732 2144 2802; x_wconf 85' lang='lat' dir='ltr'>festinatis,</span> <span class='ocrx_word' id='word_1_179' title='bbox 2177 2731 2380 2791; x_wconf 89' lang='lat' dir='ltr'>audite</span> 
     </span>
    </p>
   </div>
   <div class='ocr_carea' id='block_1_28' title="bbox 819 2830 2379 2914">
    <p class='ocr_par' dir='ltr' id='par_1_28' title="bbox 819 2830 2379 2914">
     <span class='ocr_line' id='line_1_28' title="bbox 819 2830 2379 2914; baseline -0.006 -15"><span class='ocrx_word' id='word_1_180' title='bbox 819 2840 1003 2899; x_wconf 91' lang='lat' dir='ltr'>etiam</span> <span class='ocrx_word' id='word_1_181' title='bbox 1041 2853 1229 2914; x_wconf 88' lang='lat' dir='ltr'>super</span> <span class='ocrx_word' id='word_1_182' title='bbox 1257 2834 1375 2893; x_wconf 93' lang='lat' dir='ltr'>hoc</span> <span class='ocrx_word' id='word_1_183' title='bbox 1408 2833 1720 2910; x_wconf 89' lang='lat' dir='ltr'>quandam</span> <span class='ocrx_word' id='word_1_184' title='bbox 1750 2831 1986 2892; x_wconf 90' lang='lat' dir='ltr'>abbatis</span> <span class='ocrx_word' id='word_1_185' title='bbox 2017 2830 2258 2890; x_wconf 88' lang='lat' dir='ltr'>Macarii</span> <span class='ocrx_word' id='word_1_186' title='bbox 2288 2830 2379 2890; x_wconf 84' lang='lat' dir='ltr'>fa-</span> 
     </span>
    </p>
   </div>
   <div class='ocr_carea' id='block_1_29' title="bbox 818 2929 2381 3008">
    <p class='ocr_par' dir='ltr' id='par_1_29' title="bbox 818 2929 2381 3008">
     <span class='ocr_line' id='line_1_29' title="bbox 818 2929 2381 3008; baseline -0.006 -10"><span class='ocrx_word' id='word_1_187' title='bbox 818 2937 1024 2999; x_wconf 91' lang='lat' dir='ltr'>bulam</span> <span class='ocrx_word' id='word_1_188' title='bbox 1076 2933 1519 2995; x_wconf 87' lang='lat' dir='ltr'>iucundissime</span> <span class='ocrx_word' id='word_1_189' title='bbox 1563 2938 1748 3008; x_wconf 90' lang='lat' dir='ltr'>atque</span> <span class='ocrx_word' id='word_1_190' title='bbox 1794 2930 2108 3008; x_wconf 88' lang='lat' dir='ltr'>aptissime</span> <span class='ocrx_word' id='word_1_191' title='bbox 2157 2929 2381 3003; x_wconf 81' lang='lat' dir='ltr'>figura-</span> 
     </span>
    </p>
   </div>
   <div class='ocr_carea' id='block_1_30' title="bbox 817 3026 2383 3111">
    <p class='ocr_par' dir='ltr' id='par_1_30' title="bbox 817 3026 2383 3111">
     <span class='ocr_line' id='line_1_30' title="bbox 817 3026 2383 3111; baseline -0.005 -17"><span class='ocrx_word' id='word_1_192' title='bbox 817 3044 965 3106; x_wconf 90' lang='lat' dir='ltr'>tam,</span> <span class='ocrx_word' id='word_1_193' title='bbox 997 3049 1180 3111; x_wconf 91' lang='lat' dir='ltr'>quam</span> <span class='ocrx_word' id='word_1_194' title='bbox 1215 3037 1273 3091; x_wconf 91' lang='lat' dir='ltr'>et</span> <span class='ocrx_word' id='word_1_195' title='bbox 1303 3029 1408 3089; x_wconf 91' lang='lat' dir='ltr'>ille</span> <span class='ocrx_word' id='word_1_196' title='bbox 1452 3027 1698 3089; x_wconf 89' lang='lat' dir='ltr'>cuidam</span> <span class='ocrx_word' id='word_1_197' title='bbox 1730 3027 2032 3087; x_wconf 90' lang='lat' dir='ltr'>similibus</span> <span class='ocrx_word' id='word_1_198' title='bbox 2060 3026 2383 3088; x_wconf 90' lang='lat' dir='ltr'>desideriis</span> 
     </span>
    </p>
   </div>
   <div class='ocr_carea' id='block_1_31' title="bbox 2481 557 4028 642">
    <p class='ocr_par' dir='ltr' id='par_1_31' title="bbox 2481 557 4028 642">
     <span class='ocr_line' id='line_1_31' title="bbox 2481 557 4028 642; baseline -0.004 -20"><span class='ocrx_word' id='word_1_199' title='bbox 2481 569 2665 634; x_wconf 82' lang='lat' dir='ltr'>rei-at,</span> <span class='ocrx_word' id='word_1_200' title='bbox 2687 563 2763 624; x_wconf 90' lang='lat' dir='ltr'>ab</span> <span class='ocrx_word' id='word_1_201' title='bbox 2790 580 3175 642; x_wconf 88' lang='lat' dir='ltr'>unoquoque</span> <span class='ocrx_word' id='word_1_202' title='bbox 3205 560 3556 622; x_wconf 88' lang='lat' dir='ltr'>mercedem</span> <span class='ocrx_word' id='word_1_203' title='bbox 3589 559 3685 620; x_wconf 89' lang='lat' dir='ltr'>sui</span> <span class='ocrx_word' id='word_1_204' title='bbox 3714 557 3920 636; x_wconf 85' lang='lat' dir='ltr'>operis</span> <span class='ocrx_word' id='word_1_205' title='bbox 3947 573 4028 617; x_wconf 90' lang='lat' dir='ltr'>re-</span> 
     </span>
    </p>
   </div>
   <div class='ocr_carea' id='block_1_32' title="bbox 2481 655 4031 743">
    <p class='ocr_par' dir='ltr' id='par_1_32' title="bbox 2481 655 4031 743">
     <span class='ocr_line' id='line_1_32' title="bbox 2481 655 4031 743; baseline -0.005 -20"><span class='ocrx_word' id='word_1_206' title='bbox 2481 662 2769 741; x_wconf 88' lang='lat' dir='ltr'>cepisset,</span> <span class='ocrx_word' id='word_1_207' title='bbox 2802 665 2878 725; x_wconf 91' lang='lat' dir='ltr'>ad</span> <span class='ocrx_word' id='word_1_208' title='bbox 2900 681 3220 743; x_wconf 90' lang='lat' dir='ltr'>vesperam</span> <span class='ocrx_word' id='word_1_209' title='bbox 3251 679 3318 722; x_wconf 91' lang='lat' dir='ltr'>se</span> <span class='ocrx_word' id='word_1_210' title='bbox 3347 662 3560 722; x_wconf 87' lang='lat' dir='ltr'>videns</span> <span class='ocrx_word' id='word_1_211' title='bbox 3581 658 3874 737; x_wconf 85' lang='lat' dir='ltr'>grandem</span> <span class='ocrx_word' id='word_1_212' title='bbox 3905 655 4031 717; x_wconf 92' lang='lat' dir='ltr'>soli-</span> 
     </span>
    </p>
   </div>
   <div class='ocr_carea' id='block_1_33' title="bbox 2482 755 4030 840">
    <p class='ocr_par' dir='ltr' id='par_1_33' title="bbox 2482 755 4030 840">
     <span class='ocr_line' id='line_1_33' title="bbox 2482 755 4030 840; baseline -0.005 -18"><span class='ocrx_word' id='word_1_213' title='bbox 2482 761 2703 823; x_wconf 92' lang='lat' dir='ltr'>dorum</span> <span class='ocrx_word' id='word_1_214' title='bbox 2737 781 3064 824; x_wconf 89' lang='lat' dir='ltr'>numerum</span> <span class='ocrx_word' id='word_1_215' title='bbox 3096 761 3566 840; x_wconf 87' lang='lat' dir='ltr'>conquisivisse,</span> <span class='ocrx_word' id='word_1_216' title='bbox 3600 759 3675 820; x_wconf 91' lang='lat' dir='ltr'>ad</span> <span class='ocrx_word' id='word_1_217' title='bbox 3721 755 4030 817; x_wconf 89' lang='lat' dir='ltr'>macellum</span> 
     </span>
    </p>
   </div>
   <div class='ocr_carea' id='block_1_34' title="bbox 2481 860 3999 935">
    <p class='ocr_par' dir='ltr' id='par_1_34' title="bbox 2481 860 3999 935">
     <span class='ocr_line' id='line_1_34' title="bbox 2481 860 3999 935; baseline -0.003 -15"><span class='ocrx_word' id='word_1_218' title='bbox 2481 860 2676 922; x_wconf 91' lang='lat' dir='ltr'>laetus</span> <span class='ocrx_word' id='word_1_219' title='bbox 2704 862 2992 935; x_wconf 89' lang='lat' dir='ltr'>intendit,</span> <span class='ocrx_word' id='word_1_220' title='bbox 3025 879 3196 924; x_wconf 87' lang='lat' dir='ltr'>escas</span> <span class='ocrx_word' id='word_1_221' title='bbox 3231 860 3551 922; x_wconf 87' lang='lat' dir='ltr'>refectioni</span> <span class='ocrx_word' id='word_1_222' title='bbox 3579 875 3724 918; x_wconf 92' lang='lat' dir='ltr'>suae</span> <span class='ocrx_word' id='word_1_223' title='bbox 3757 874 3999 917; x_wconf 89' lang='lat' dir='ltr'>necessa</span> 
     </span>
    </p>
   </div>
   <div class='ocr_carea' id='block_1_35' title="bbox 2481 956 4032 1038">
    <p class='ocr_par' dir='ltr' id='par_1_35' title="bbox 2481 956 4032 1038">
     <span class='ocr_line' id='line_1_35' title="bbox 2481 956 4032 1038; baseline -0.003 -21"><span class='ocrx_word' id='word_1_224' title='bbox 2481 959 2604 1019; x_wconf 92' lang='lat' dir='ltr'>rias</span> <span class='ocrx_word' id='word_1_225' title='bbox 2633 967 3054 1038; x_wconf 91' lang='lat' dir='ltr'>coempturus.</span> <span class='ocrx_word' id='word_1_226' title='bbox 3092 962 3251 1031; x_wconf 90' lang='lat' dir='ltr'>Quas</span> <span class='ocrx_word' id='word_1_227' title='bbox 3282 976 3423 1020; x_wconf 92' lang='lat' dir='ltr'>cum</span> <span class='ocrx_word' id='word_1_228' title='bbox 3470 956 3779 1035; x_wconf 87' lang='lat' dir='ltr'>coepisset</span> <span class='ocrx_word' id='word_1_229' title='bbox 3823 970 4032 1030; x_wconf 86' lang='lat' dir='ltr'>magno</span> 
     </span>
    </p>
   </div>
   <div class='ocr_carea' id='block_1_36' title="bbox 2480 1055 4035 1138">
    <p class='ocr_par' dir='ltr' id='par_1_36' title="bbox 2480 1055 4035 1138">
     <span class='ocr_line' id='line_1_36' title="bbox 2480 1055 4035 1138; baseline -0.005 -20"><span class='ocrx_word' id='word_1_230' title='bbox 2480 1058 2820 1119; x_wconf 84' lang='lat' dir='ltr'>solidorum</span> <span class='ocrx_word' id='word_1_231' title='bbox 2849 1061 3049 1138; x_wconf 89' lang='lat' dir='ltr'>pretio</span> <span class='ocrx_word' id='word_1_232' title='bbox 3071 1075 3455 1137; x_wconf 90' lang='lat' dir='ltr'>comparare,</span> <span class='ocrx_word' id='word_1_233' title='bbox 3490 1055 3780 1135; x_wconf 78' lang='lat' dir='ltr'>expensis</span> <span class='ocrx_word' id='word_1_234' title='bbox 3813 1055 3870 1114; x_wconf 92' lang='lat' dir='ltr'>in</span> <span class='ocrx_word' id='word_1_235' title='bbox 3908 1071 4035 1132; x_wconf 88' lang='lat' dir='ltr'>per-</span> 
     </span>
    </p>
   </div>
   <div class='ocr_carea' id='block_1_37' title="bbox 2483 1154 4032 1236">
    <p class='ocr_par' dir='ltr' id='par_1_37' title="bbox 2483 1154 4032 1236">
     <span class='ocr_line' id='line_1_37' title="bbox 2483 1154 4032 1236; baseline -0.005 -18"><span class='ocrx_word' id='word_1_236' title='bbox 2483 1160 2707 1236; x_wconf 84' lang='lat' dir='ltr'>exiguo</span> <span class='ocrx_word' id='word_1_237' title='bbox 2737 1161 2902 1220; x_wconf 89' lang='lat' dir='ltr'>victu</span> <span class='ocrx_word' id='word_1_238' title='bbox 2942 1160 3247 1220; x_wconf 88' lang='lat' dir='ltr'>universis</span> <span class='ocrx_word' id='word_1_239' title='bbox 3295 1175 3454 1236; x_wconf 89' lang='lat' dir='ltr'>quos</span> <span class='ocrx_word' id='word_1_240' title='bbox 3499 1156 3867 1235; x_wconf 89' lang='lat' dir='ltr'>acquisierat</span> <span class='ocrx_word' id='word_1_241' title='bbox 3897 1154 4032 1214; x_wconf 91' lang='lat' dir='ltr'>soli-</span> 
     </span>
    </p>
   </div>
   <div class='ocr_carea' id='block_1_38' title="bbox 2482 1253 4009 1336">
    <p class='ocr_par' dir='ltr' id='par_1_38' title="bbox 2482 1253 4009 1336">
     <span class='ocr_line' id='line_1_38' title="bbox 2482 1253 4009 1336; baseline -0.002 -22"><span class='ocrx_word' id='word_1_242' title='bbox 2482 1254 2599 1328; x_wconf 90' lang='lat' dir='ltr'>dis,</span> <span class='ocrx_word' id='word_1_243' title='bbox 2634 1273 2711 1316; x_wconf 90' lang='lat' dir='ltr'>ne</span> <span class='ocrx_word' id='word_1_244' title='bbox 2749 1259 2934 1318; x_wconf 92' lang='lat' dir='ltr'>unius</span> <span class='ocrx_word' id='word_1_245' title='bbox 2973 1257 3225 1336; x_wconf 91' lang='lat' dir='ltr'>quidem</span> <span class='ocrx_word' id='word_1_246' title='bbox 3262 1256 3498 1317; x_wconf 89' lang='lat' dir='ltr'>denarii</span> <span class='ocrx_word' id='word_1_247' title='bbox 3534 1255 3736 1314; x_wconf 85' lang='lat' dir='ltr'>intulit</span> <span class='ocrx_word' id='word_1_248' title='bbox 3783 1253 4009 1313; x_wconf 91' lang='lat' dir='ltr'>lucrum</span> 
     </span>
    </p>
   </div>
   <div class='ocr_carea' id='block_1_39' title="bbox 2483 1353 4032 1431">
    <p class='ocr_par' dir='ltr' id='par_1_39' title="bbox 2483 1353 4032 1431">
     <span class='ocr_line' id='line_1_39' title="bbox 2483 1353 4032 1431; baseline -0.002 -20"><span class='ocrx_word' id='word_1_249' title='bbox 2483 1354 2757 1431; x_wconf 91' lang='lat' dir='ltr'>Cumque</span> <span class='ocrx_word' id='word_1_250' title='bbox 2773 1356 2855 1415; x_wconf 90' lang='lat' dir='ltr'>ita</span> <span class='ocrx_word' id='word_1_251' title='bbox 2872 1354 3128 1431; x_wconf 82' lang='lat' dir='ltr'>singulis</span> <span class='ocrx_word' id='word_1_252' title='bbox 3146 1353 3364 1414; x_wconf 91' lang='lat' dir='ltr'>diebus</span> <span class='ocrx_word' id='word_1_253' title='bbox 3382 1354 3848 1430; x_wconf 80' lang='lat' dir='ltr'>acquisitionem</span> <span class='ocrx_word' id='word_1_254' title='bbox 3874 1369 4032 1411; x_wconf 88' lang='lat' dir='ltr'>suam</span> 
     </span>
    </p>
   </div>
   <div class='ocr_carea' id='block_1_40' title="bbox 2481 1451 4033 1526">
    <p class='ocr_par' dir='ltr' id='par_1_40' title="bbox 2481 1451 4033 1526">
     <span class='ocr_line' id='line_1_40' title="bbox 2481 1451 4033 1526; baseline -0.001 -16"><span class='ocrx_word' id='word_1_255' title='bbox 2481 1452 2730 1511; x_wconf 90' lang='lat' dir='ltr'>vidisset</span> <span class='ocrx_word' id='word_1_256' title='bbox 2757 1453 3006 1526; x_wconf 92' lang='lat' dir='ltr'>insumi,</span> <span class='ocrx_word' id='word_1_257' title='bbox 3035 1460 3102 1512; x_wconf 90' lang='lat' dir='ltr'>ut</span> <span class='ocrx_word' id='word_1_258' title='bbox 3129 1470 3254 1512; x_wconf 89' lang='lat' dir='ltr'>non</span> <span class='ocrx_word' id='word_1_259' title='bbox 3298 1451 3499 1512; x_wconf 89' lang='lat' dir='ltr'>solum</span> <span class='ocrx_word' id='word_1_260' title='bbox 3533 1451 3681 1509; x_wconf 88' lang='lat' dir='ltr'>nihil</span> <span class='ocrx_word' id='word_1_261' title='bbox 3716 1451 4033 1525; x_wconf 74' lang='lat' dir='ltr'>redigeret,</span> 
     </span>
    </p>
   </div>
   <div class='ocr_carea' id='block_1_41' title="bbox 2484 1550 4034 1630">
    <p class='ocr_par' dir='ltr' id='par_1_41' title="bbox 2484 1550 4034 1630">
     <span class='ocr_line' id='line_1_41' title="bbox 2484 1550 4034 1630; baseline 0 -20"><span class='ocrx_word' id='word_1_262' title='bbox 2484 1550 2591 1610; x_wconf 91' lang='lat' dir='ltr'>sed</span> <span class='ocrx_word' id='word_1_263' title='bbox 2623 1551 2720 1610; x_wconf 80' lang='lat' dir='ltr'>vix</span> <span class='ocrx_word' id='word_1_264' title='bbox 2747 1552 2944 1629; x_wconf 91' lang='lat' dir='ltr'>ipsam</span> <span class='ocrx_word' id='word_1_265' title='bbox 2989 1552 3384 1630; x_wconf 87' lang='lat' dir='ltr'>quotidianae</span> <span class='ocrx_word' id='word_1_266' title='bbox 3413 1552 3788 1612; x_wconf 88' lang='lat' dir='ltr'>substantiae</span> <span class='ocrx_word' id='word_1_267' title='bbox 3823 1568 4034 1611; x_wconf 86' lang='lat' dir='ltr'>neces-</span> 
     </span>
    </p>
   </div>
   <div class='ocr_carea' id='block_1_42' title="bbox 2485 1651 4029 1730">
    <p class='ocr_par' dir='ltr' id='par_1_42' title="bbox 2485 1651 4029 1730">
     <span class='ocr_line' id='line_1_42' title="bbox 2485 1651 4029 1730; baseline 0.001 -20"><span class='ocrx_word' id='word_1_268' title='bbox 2485 1651 2719 1710; x_wconf 90' lang='lat' dir='ltr'>sitatem</span> <span class='ocrx_word' id='word_1_269' title='bbox 2753 1658 2962 1728; x_wconf 88' lang='lat' dir='ltr'>posset</span> <span class='ocrx_word' id='word_1_270' title='bbox 3000 1653 3272 1730; x_wconf 81' lang='lat' dir='ltr'>explere,</span> <span class='ocrx_word' id='word_1_271' title='bbox 3308 1652 3472 1730; x_wconf 88' lang='lat' dir='ltr'>apud</span> <span class='ocrx_word' id='word_1_272' title='bbox 3513 1653 3912 1730; x_wconf 86' lang='lat' dir='ltr'>semetipsum</span> <span class='ocrx_word' id='word_1_273' title='bbox 3942 1669 4029 1712; x_wconf 93' lang='lat' dir='ltr'>re-</span> 
     </span>
    </p>
   </div>
   <div class='ocr_carea' id='block_1_43' title="bbox 2486 1747 4032 1826">
    <p class='ocr_par' dir='ltr' id='par_1_43' title="bbox 2486 1747 4032 1826">
     <span class='ocr_line' id='line_1_43' title="bbox 2486 1747 4032 1826; baseline 0.001 -21"><span class='ocrx_word' id='word_1_274' title='bbox 2486 1747 2761 1824; x_wconf 89' lang='lat' dir='ltr'>cogitans</span> <span class='ocrx_word' id='word_1_275' title='bbox 2783 1766 2793 1806; x_wconf 95' lang='lat'>:</span> <span class='ocrx_word' id='word_1_276' title='bbox 2815 1751 3128 1821; x_wconf 76' lang='lat' dir='ltr'>Revertar,</span> <span class='ocrx_word' id='word_1_277' title='bbox 3153 1750 3374 1826; x_wconf 86' lang='lat' dir='ltr'>inquit,</span> <span class='ocrx_word' id='word_1_278' title='bbox 3398 1750 3472 1808; x_wconf 92' lang='lat' dir='ltr'>ad</span> <span class='ocrx_word' id='word_1_279' title='bbox 3495 1749 3794 1810; x_wconf 74' lang='lat' dir='ltr'>civitatem</span> <span class='ocrx_word' id='word_1_280' title='bbox 3820 1766 4032 1816; x_wconf 82' lang='lat' dir='ltr'>meam,</span> 
     </span>
    </p>
   </div>
   <div class='ocr_carea' id='block_1_44' title="bbox 2483 1845 4030 1926">
    <p class='ocr_par' dir='ltr' id='par_1_44' title="bbox 2483 1845 4030 1926">
     <span class='ocr_line' id='line_1_44' title="bbox 2483 1845 4030 1926; baseline 0.001 -22"><span class='ocrx_word' id='word_1_281' title='bbox 2483 1845 2780 1924; x_wconf 90' lang='lat' dir='ltr'>illumque</span> <span class='ocrx_word' id='word_1_282' title='bbox 2810 1855 3083 1926; x_wconf 88' lang='lat' dir='ltr'>repetam</span> <span class='ocrx_word' id='word_1_283' title='bbox 3115 1849 3544 1909; x_wconf 90' lang='lat' dir='ltr'>tenuissimum</span> <span class='ocrx_word' id='word_1_284' title='bbox 3586 1856 3932 1923; x_wconf 86' lang='lat' dir='ltr'>quaestum,</span> <span class='ocrx_word' id='word_1_285' title='bbox 3968 1869 4030 1908; x_wconf 71' lang='lat' dir='ltr'>ei</span> 
     </span>
    </p>
   </div>
   <div class='ocr_carea' id='block_1_45' title="bbox 2485 1945 4034 2026">
    <p class='ocr_par' dir='ltr' id='par_1_45' title="bbox 2485 1945 4034 2026">
     <span class='ocr_line' id='line_1_45' title="bbox 2485 1945 4034 2026; baseline 0.002 -23"><span class='ocrx_word' id='word_1_286' title='bbox 2485 1962 2612 2022; x_wconf 92' lang='lat' dir='ltr'>quo</span> <span class='ocrx_word' id='word_1_287' title='bbox 2657 1945 2809 2005; x_wconf 90' lang='lat' dir='ltr'>mihi</span> <span class='ocrx_word' id='word_1_288' title='bbox 2855 1947 3096 2026; x_wconf 88' lang='lat' dir='ltr'>expleta</span> <span class='ocrx_word' id='word_1_289' title='bbox 3143 1948 3312 2008; x_wconf 89' lang='lat' dir='ltr'>omni</span> <span class='ocrx_word' id='word_1_290' title='bbox 3354 1950 3635 2026; x_wconf 88' lang='lat' dir='ltr'>corporis</span> <span class='ocrx_word' id='word_1_291' title='bbox 3673 1966 3842 2019; x_wconf 88' lang='lat' dir='ltr'>cura,</span> <span class='ocrx_word' id='word_1_292' title='bbox 3876 1948 4034 2026; x_wconf 89' lang='lat' dir='ltr'>quod</span> 
     </span>
    </p>
   </div>
   <div class='ocr_carea' id='block_1_46' title="bbox 2483 2042 4044 2126">
    <p class='ocr_par' dir='ltr' id='par_1_46' title="bbox 2483 2042 4044 2126">
     <span class='ocr_line' id='line_1_46' title="bbox 2483 2042 4044 2126; baseline 0.004 -25"><span class='ocrx_word' id='word_1_293' title='bbox 2483 2042 2557 2101; x_wconf 89' lang='lat' dir='ltr'>ad</span> <span class='ocrx_word' id='word_1_294' title='bbox 2582 2047 3090 2106; x_wconf 89' lang='lat' dir='ltr'>sustentationem</span> <span class='ocrx_word' id='word_1_295' title='bbox 3114 2048 3446 2106; x_wconf 89' lang='lat' dir='ltr'>senectutis</span> <span class='ocrx_word' id='word_1_296' title='bbox 3470 2056 3870 2119; x_wconf 84' lang='lat' dir='ltr'>accresceret,</span> <span class='ocrx_word' id='word_1_297' title='bbox 3896 2066 4044 2126; x_wconf 92' lang='lat' dir='ltr'>quo-</span> 
     </span>
    </p>
   </div>
   <div class='ocr_carea' id='block_1_47' title="bbox 2482 2143 4045 2226">
    <p class='ocr_par' dir='ltr' id='par_1_47' title="bbox 2482 2143 4045 2226">
     <span class='ocr_line' id='line_1_47' title="bbox 2482 2143 4045 2226; baseline 0.004 -25"><span class='ocrx_word' id='word_1_298' title='bbox 2482 2143 2709 2203; x_wconf 90' lang='lat' dir='ltr'>tidiana</span> <span class='ocrx_word' id='word_1_299' title='bbox 2754 2145 3155 2206; x_wconf 82' lang='lat' dir='ltr'>exuberantia</span> <span class='ocrx_word' id='word_1_300' title='bbox 3206 2146 3585 2207; x_wconf 85' lang='lat' dir='ltr'>conferebat.</span> <span class='ocrx_word' id='word_1_301' title='bbox 3628 2149 3801 2219; x_wconf 91' lang='lat' dir='ltr'>Quod</span> <span class='ocrx_word' id='word_1_302' title='bbox 3836 2167 4045 2226; x_wconf 76' lang='lat' dir='ltr'>quam-</span> 
     </span>
    </p>
   </div>
   <div class='ocr_carea' id='block_1_48' title="bbox 2481 2243 4044 2321">
    <p class='ocr_par' dir='ltr' id='par_1_48' title="bbox 2481 2243 4044 2321">
     <span class='ocr_line' id='line_1_48' title="bbox 2481 2243 4044 2321; baseline 0.005 -21"><span class='ocrx_word' id='word_1_303' title='bbox 2481 2243 2573 2302; x_wconf 90' lang='lat' dir='ltr'>vis</span> <span class='ocrx_word' id='word_1_304' title='bbox 2602 2262 2855 2321; x_wconf 86' lang='lat' dir='ltr'>parvum</span> <span class='ocrx_word' id='word_1_305' title='bbox 2882 2244 3190 2305; x_wconf 89' lang='lat' dir='ltr'>videretur</span> <span class='ocrx_word' id='word_1_306' title='bbox 3209 2253 3266 2306; x_wconf 90' lang='lat' dir='ltr'>et</span> <span class='ocrx_word' id='word_1_307' title='bbox 3284 2255 3493 2320; x_wconf 88' lang='lat' dir='ltr'>tenue,</span> <span class='ocrx_word' id='word_1_308' title='bbox 3515 2265 3638 2308; x_wconf 88' lang='lat' dir='ltr'>non</span> <span class='ocrx_word' id='word_1_309' title='bbox 3669 2249 4044 2310; x_wconf 89' lang='lat' dir='ltr'>mediocrem</span> 
     </span>
    </p>
   </div>
   <div class='ocr_carea' id='block_1_49' title="bbox 2482 2346 4048 2425">
    <p class='ocr_par' dir='ltr' id='par_1_49' title="bbox 2482 2346 4048 2425">
     <span class='ocr_line' id='line_1_49' title="bbox 2482 2346 4048 2425; baseline 0.004 -23"><span class='ocrx_word' id='word_1_310' title='bbox 2482 2348 2689 2403; x_wconf 87' lang='lat' dir='ltr'>tamen</span> <span class='ocrx_word' id='word_1_311' title='bbox 2711 2362 3015 2405; x_wconf 90' lang='lat' dir='ltr'>summam</span> <span class='ocrx_word' id='word_1_312' title='bbox 3037 2346 3160 2422; x_wconf 87' lang='lat' dir='ltr'>iugi</span> <span class='ocrx_word' id='word_1_313' title='bbox 3186 2347 3461 2424; x_wconf 89' lang='lat' dir='ltr'>pariebat</span> <span class='ocrx_word' id='word_1_314' title='bbox 3481 2357 3835 2425; x_wconf 83' lang='lat' dir='ltr'>augmento.</span> <span class='ocrx_word' id='word_1_315' title='bbox 3857 2351 4048 2420; x_wconf 85' lang='lat' dir='ltr'>Quae-</span> 
     </span>
    </p>
   </div>
   <div class='ocr_carea' id='block_1_50' title="bbox 2483 2443 4045 2522">
    <p class='ocr_par' dir='ltr' id='par_1_50' title="bbox 2483 2443 4045 2522">
     <span class='ocr_line' id='line_1_50' title="bbox 2483 2443 4045 2522; baseline 0.004 -20"><span class='ocrx_word' id='word_1_316' title='bbox 2483 2443 2752 2504; x_wconf 91' lang='lat' dir='ltr'>stuosior</span> <span class='ocrx_word' id='word_1_317' title='bbox 2800 2444 3036 2522; x_wconf 89' lang='lat' dir='ltr'>quippe</span> <span class='ocrx_word' id='word_1_318' title='bbox 3092 2444 3243 2504; x_wconf 89' lang='lat' dir='ltr'>mihi</span> <span class='ocrx_word' id='word_1_319' title='bbox 3292 2445 3407 2505; x_wconf 89' lang='lat' dir='ltr'>fuit</span> <span class='ocrx_word' id='word_1_320' title='bbox 3462 2447 3567 2508; x_wconf 91' lang='lat' dir='ltr'>ille</span> <span class='ocrx_word' id='word_1_321' title='bbox 3615 2466 4045 2521; x_wconf 88' lang='lat' dir='ltr'>nummorum,</span> 
     </span>
    </p>
   </div>
   <div class='ocr_carea' id='block_1_51' title="bbox 2484 2543 4049 2625">
    <p class='ocr_par' dir='ltr' id='par_1_51' title="bbox 2484 2543 4049 2625">
     <span class='ocr_line' id='line_1_51' title="bbox 2484 2543 4049 2625; baseline 0.004 -26"><span class='ocrx_word' id='word_1_322' title='bbox 2484 2559 2667 2618; x_wconf 90' lang='lat' dir='ltr'>quam</span> <span class='ocrx_word' id='word_1_323' title='bbox 2690 2543 2805 2602; x_wconf 90' lang='lat' dir='ltr'>iste</span> <span class='ocrx_word' id='word_1_324' title='bbox 2837 2543 3176 2605; x_wconf 90' lang='lat' dir='ltr'>solidorum</span> <span class='ocrx_word' id='word_1_325' title='bbox 3207 2543 3601 2620; x_wconf 82' lang='lat' dir='ltr'>imaginarius</span> <span class='ocrx_word' id='word_1_326' title='bbox 3630 2554 3947 2625; x_wconf 88' lang='lat' dir='ltr'>quaestus,</span> <span class='ocrx_word' id='word_1_327' title='bbox 3973 2566 4049 2608; x_wconf 82' lang='lat' dir='ltr'>ex</span> 
     </span>
    </p>
   </div>
   <div class='ocr_carea' id='block_1_52' title="bbox 2483 2642 4048 2724">
    <p class='ocr_par' dir='ltr' id='par_1_52' title="bbox 2483 2642 4048 2724">
     <span class='ocr_line' id='line_1_52' title="bbox 2483 2642 4048 2724; baseline 0.005 -23"><span class='ocrx_word' id='word_1_328' title='bbox 2483 2658 2607 2719; x_wconf 93' lang='lat' dir='ltr'>quo</span> <span class='ocrx_word' id='word_1_329' title='bbox 2647 2659 2772 2703; x_wconf 89' lang='lat' dir='ltr'>non</span> <span class='ocrx_word' id='word_1_330' title='bbox 2810 2643 3009 2703; x_wconf 93' lang='lat' dir='ltr'>solum</span> <span class='ocrx_word' id='word_1_331' title='bbox 3057 2642 3208 2703; x_wconf 88' lang='lat' dir='ltr'>nihil</span> <span class='ocrx_word' id='word_1_332' title='bbox 3260 2644 3577 2718; x_wconf 76' lang='lat' dir='ltr'>exuberat,</span> <span class='ocrx_word' id='word_1_333' title='bbox 3612 2647 3780 2724; x_wconf 90' lang='lat' dir='ltr'>quod</span> <span class='ocrx_word' id='word_1_334' title='bbox 3821 2666 4048 2709; x_wconf 84' lang='lat' dir='ltr'>recon-</span> 
     </span>
    </p>
   </div>
   <div class='ocr_carea' id='block_1_53' title="bbox 2483 2743 4048 2826">
    <p class='ocr_par' dir='ltr' id='par_1_53' title="bbox 2483 2743 4048 2826">
     <span class='ocr_line' id='line_1_53' title="bbox 2483 2743 4048 2826; baseline 0.004 -24"><span class='ocrx_word' id='word_1_335' title='bbox 2483 2743 2646 2814; x_wconf 91' lang='lat' dir='ltr'>dam,</span> <span class='ocrx_word' id='word_1_336' title='bbox 2679 2743 2786 2802; x_wconf 87' lang='lat' dir='ltr'>sed</span> <span class='ocrx_word' id='word_1_337' title='bbox 2815 2743 2996 2804; x_wconf 89' lang='lat' dir='ltr'>etiam</span> <span class='ocrx_word' id='word_1_338' title='bbox 3028 2745 3127 2805; x_wconf 83' lang='lat' dir='ltr'>vix</span> <span class='ocrx_word' id='word_1_339' title='bbox 3168 2747 3302 2825; x_wconf 88' lang='lat' dir='ltr'>ipsa</span> <span class='ocrx_word' id='word_1_340' title='bbox 3331 2749 3677 2826; x_wconf 90' lang='lat' dir='ltr'>quotidiani</span> <span class='ocrx_word' id='word_1_341' title='bbox 3705 2749 3903 2808; x_wconf 88' lang='lat' dir='ltr'>victus</span> <span class='ocrx_word' id='word_1_342' title='bbox 3931 2767 4048 2809; x_wconf 89' lang='lat' dir='ltr'>ne-</span> 
     </span>
    </p>
   </div>
   <div class='ocr_carea' id='block_1_54' title="bbox 2484 2844 4052 2911">
    <p class='ocr_par' dir='ltr' id='par_1_54' title="bbox 2484 2844 4052 2911">
     <span class='ocr_line' id='line_1_54' title="bbox 2484 2844 4052 2911; baseline 0.003 -8"><span class='ocrx_word' id='word_1_343' title='bbox 2484 2844 2736 2903; x_wconf 92' lang='lat' dir='ltr'>cessitas</span> <span class='ocrx_word' id='word_1_344' title='bbox 2781 2844 3139 2905; x_wconf 91' lang='lat' dir='ltr'>sustinetur.</span> <span class='ocrx_word' id='word_1_345' title='bbox 3190 2849 3259 2907; x_wconf 91' lang='lat' dir='ltr'>Et</span> <span class='ocrx_word' id='word_1_346' title='bbox 3308 2849 3542 2911; x_wconf 91' lang='lat' dir='ltr'>idcirco</span> <span class='ocrx_word' id='word_1_347' title='bbox 3594 2850 3822 2911; x_wconf 90' lang='lat' dir='ltr'>rectius</span> <span class='ocrx_word' id='word_1_348' title='bbox 3870 2849 4052 2910; x_wconf 87' lang='lat' dir='ltr'>nobis</span> 
     </span>
    </p>
   </div>
   <div class='ocr_carea' id='block_1_55' title="bbox 2485 2941 4055 3013">
    <p class='ocr_par' dir='ltr' id='par_1_55' title="bbox 2485 2941 4055 3013">
     <span class='ocr_line' id='line_1_55' title="bbox 2485 2941 4055 3013; baseline 0.004 -12"><span class='ocrx_word' id='word_1_349' title='bbox 2485 2949 2598 3013; x_wconf 89' lang='lat' dir='ltr'>est,</span> <span class='ocrx_word' id='word_1_350' title='bbox 2636 2941 2802 3002; x_wconf 91' lang='lat' dir='ltr'>hunc</span> <span class='ocrx_word' id='word_1_351' title='bbox 2836 2942 3185 3005; x_wconf 91' lang='lat' dir='ltr'>solitudinis</span> <span class='ocrx_word' id='word_1_352' title='bbox 3215 2946 3398 3008; x_wconf 89' lang='lat' dir='ltr'>huius</span> <span class='ocrx_word' id='word_1_353' title='bbox 3446 2949 3879 3010; x_wconf 91' lang='lat' dir='ltr'>tenuissimum</span> <span class='ocrx_word' id='word_1_354' title='bbox 3927 2948 4055 3008; x_wconf 88' lang='lat' dir='ltr'>fru-</span> 
     </span>
    </p>
   </div>
   <div class='ocr_carea' id='block_1_56' title="bbox 2485 3041 4052 3126">
    <p class='ocr_par' dir='ltr' id='par_1_56' title="bbox 2485 3041 4052 3126">
     <span class='ocr_line' id='line_1_56' title="bbox 2485 3041 4052 3126; baseline 0.006 -27"><span class='ocrx_word' id='word_1_355' title='bbox 2485 3047 2649 3100; x_wconf 87' lang='lat' dir='ltr'>ctum</span> <span class='ocrx_word' id='word_1_356' title='bbox 2695 3041 3008 3120; x_wconf 91' lang='lat' dir='ltr'>indirupta</span> <span class='ocrx_word' id='word_1_357' title='bbox 3054 3046 3308 3121; x_wconf 89' lang='lat' dir='ltr'>iugitate</span> <span class='ocrx_word' id='word_1_358' title='bbox 3337 3050 3579 3121; x_wconf 90' lang='lat' dir='ltr'>sectari,</span> <span class='ocrx_word' id='word_1_359' title='bbox 3611 3066 3795 3126; x_wconf 92' lang='lat' dir='ltr'>quem</span> <span class='ocrx_word' id='word_1_360' title='bbox 3842 3048 4052 3108; x_wconf 91' lang='lat' dir='ltr'>nullae</span> 
     </span>
    </p>
   </div>
   <div class='ocr_carea' id='block_1_57' title="bbox 819 3127 4056 3216">
    <p class='ocr_par' dir='ltr' id='par_1_57' title="bbox 819 3127 4056 3216">
     <span class='ocr_line' id='line_1_57' title="bbox 819 3127 4056 3216; baseline 0.002 -17"><span class='ocrx_word' id='word_1_361' title='bbox 819 3131 1122 3194; x_wconf 71' lang='lat' dir='ltr'>aestuanti</span> <span class='ocrx_word' id='word_1_362' title='bbox 1151 3129 1522 3190; x_wconf 78' lang='lat' dir='ltr'>mediCinam</span> <span class='ocrx_word' id='word_1_363' title='bbox 1563 3127 2125 3207; x_wconf 71' lang='grc' dir='ltr'>ορροτῖυηὶδδὶῐηθθ</span> <span class='ocrx_word' id='word_1_364' title='bbox 2167 3143 2380 3190; x_wconf 73' lang='grc' dir='ltr'>Πᾶῐτᾶ·</span> <span class='ocrx_word' id='word_1_365' title='bbox 2410 3145 2452 3204; x_wconf 86' lang='lat' dir='ltr'>C</span> <span class='ocrx_word' id='word_1_366' title='bbox 2484 3140 2830 3201; x_wconf 89' lang='lat' dir='ltr'>saeculares</span> <span class='ocrx_word' id='word_1_367' title='bbox 2859 3160 3066 3216; x_wconf 90' lang='lat' dir='ltr'>curae,</span> <span class='ocrx_word' id='word_1_368' title='bbox 3101 3144 3308 3206; x_wconf 91' lang='lat' dir='ltr'>nullae</span> <span class='ocrx_word' id='word_1_369' title='bbox 3347 3147 3697 3209; x_wconf 87' lang='lat' dir='ltr'>mundanae</span> <span class='ocrx_word' id='word_1_370' title='bbox 3730 3147 4056 3209; x_wconf 90' lang='lat' dir='ltr'>distentio-</span> 
     </span>
    </p>
   </div>
   <div class='ocr_carea' id='block_1_58' title="bbox 818 3225 2381 3305">
    <p class='ocr_par' dir='ltr' id='par_1_58' title="bbox 818 3225 2381 3305">
     <span class='ocr_line' id='line_1_58' title="bbox 818 3225 2381 3305; baseline -0.003 -15"><span class='ocrx_word' id='word_1_371' title='bbox 818 3229 1004 3291; x_wconf 86' lang='lat' dir='ltr'>tionis</span> <span class='ocrx_word' id='word_1_372' title='bbox 1027 3228 1299 3305; x_wconf 89' lang='lat' dir='ltr'>ingessit.</span> <span class='ocrx_word' id='word_1_373' title='bbox 1325 3229 1487 3299; x_wconf 88' lang='lat' dir='ltr'>Erat,</span> <span class='ocrx_word' id='word_1_374' title='bbox 1511 3227 1734 3304; x_wconf 91' lang='lat' dir='ltr'>inquit,</span> <span class='ocrx_word' id='word_1_375' title='bbox 1757 3226 1820 3286; x_wconf 91' lang='lat' dir='ltr'>in</span> <span class='ocrx_word' id='word_1_376' title='bbox 1845 3226 2085 3287; x_wconf 76' lang='lat' dir='ltr'>civitate</span> <span class='ocrx_word' id='word_1_377' title='bbox 2114 3225 2381 3303; x_wconf 90' lang='lat' dir='ltr'>quadam</span> 
     </span>
    </p>
   </div>
   <div class='ocr_carea' id='block_1_59' title="bbox 818 3324 2384 3408">
    <p class='ocr_par' dir='ltr' id='par_1_59' title="bbox 818 3324 2384 3408">
     <span class='ocr_line' id='line_1_59' title="bbox 818 3324 2384 3408; baseline -0.004 -19"><span class='ocrx_word' id='word_1_378' title='bbox 818 3328 1228 3408; x_wconf 89' lang='lat' dir='ltr'>peritissimus</span> <span class='ocrx_word' id='word_1_379' title='bbox 1255 3336 1492 3398; x_wconf 88' lang='lat' dir='ltr'>tonsor,</span> <span class='ocrx_word' id='word_1_380' title='bbox 1518 3325 1626 3403; x_wconf 89' lang='lat' dir='ltr'>qui</span> <span class='ocrx_word' id='word_1_381' title='bbox 1647 3324 1915 3385; x_wconf 91' lang='lat' dir='ltr'>denariis</span> <span class='ocrx_word' id='word_1_382' title='bbox 1947 3324 2138 3384; x_wconf 89' lang='lat' dir='ltr'>ternis</span> <span class='ocrx_word' id='word_1_383' title='bbox 2161 3340 2384 3384; x_wconf 88' lang='lat' dir='ltr'>unum-</span> 
     </span>
    </p>
   </div>
   <div class='ocr_carea' id='block_1_60' title="bbox 818 3423 2381 3506">
    <p class='ocr_par' dir='ltr' id='par_1_60' title="bbox 818 3423 2381 3506">
     <span class='ocr_line' id='line_1_60' title="bbox 818 3423 2381 3506; baseline -0.004 -18"><span class='ocrx_word' id='word_1_384' title='bbox 818 3443 1132 3506; x_wconf 89' lang='lat' dir='ltr'>quemque</span> <span class='ocrx_word' id='word_1_385' title='bbox 1163 3423 1534 3496; x_wconf 90' lang='lat' dir='ltr'>detondens,</span> <span class='ocrx_word' id='word_1_386' title='bbox 1573 3430 1829 3484; x_wconf 91' lang='lat' dir='ltr'>tenuem</span> <span class='ocrx_word' id='word_1_387' title='bbox 1874 3423 2184 3501; x_wconf 90' lang='lat' dir='ltr'>vilemque</span> <span class='ocrx_word' id='word_1_388' title='bbox 2215 3439 2381 3482; x_wconf 90' lang='lat' dir='ltr'>mer-</span> 
     </span>
    </p>
   </div>
   <div class='ocr_carea' id='block_1_61' title="bbox 818 3521 2379 3603">
    <p class='ocr_par' dir='ltr' id='par_1_61' title="bbox 818 3521 2379 3603">
     <span class='ocr_line' id='line_1_61' title="bbox 818 3521 2379 3603; baseline -0.006 -15"><span class='ocrx_word' id='word_1_389' title='bbox 818 3527 1035 3588; x_wconf 86' lang='lat' dir='ltr'>cedem</span> <span class='ocrx_word' id='word_1_390' title='bbox 1084 3528 1178 3585; x_wconf 90' lang='lat' dir='ltr'>sui</span> <span class='ocrx_word' id='word_1_391' title='bbox 1227 3525 1434 3603; x_wconf 90' lang='lat' dir='ltr'>operis</span> <span class='ocrx_word' id='word_1_392' title='bbox 1469 3521 1873 3600; x_wconf 89' lang='lat' dir='ltr'>acquirendo,</span> <span class='ocrx_word' id='word_1_393' title='bbox 1906 3538 1982 3581; x_wconf 93' lang='lat' dir='ltr'>ex</span> <span class='ocrx_word' id='word_1_394' title='bbox 2012 3521 2127 3582; x_wconf 90' lang='lat' dir='ltr'>hac</span> <span class='ocrx_word' id='word_1_395' title='bbox 2163 3521 2379 3582; x_wconf 91' lang='lat' dir='ltr'>eadem</span> 
     </span>
    </p>
   </div>
   <div class='ocr_carea' id='block_1_62' title="bbox 818 3619 2381 3703">
    <p class='ocr_par' dir='ltr' id='par_1_62' title="bbox 818 3619 2381 3703">
     <span class='ocr_line' id='line_1_62' title="bbox 818 3619 2381 3703; baseline -0.004 -18"><span class='ocrx_word' id='word_1_396' title='bbox 818 3625 1159 3703; x_wconf 89' lang='lat' dir='ltr'>quantitate</span> <span class='ocrx_word' id='word_1_397' title='bbox 1181 3624 1528 3684; x_wconf 86' lang='lat' dir='ltr'>necessaria</span> <span class='ocrx_word' id='word_1_398' title='bbox 1553 3638 1666 3682; x_wconf 93' lang='lat' dir='ltr'>suo</span> <span class='ocrx_word' id='word_1_399' title='bbox 1690 3621 1874 3681; x_wconf 90' lang='lat' dir='ltr'>victui</span> <span class='ocrx_word' id='word_1_400' title='bbox 1896 3619 2175 3699; x_wconf 91' lang='lat' dir='ltr'>quotidie</span> <span class='ocrx_word' id='word_1_401' title='bbox 2206 3636 2381 3680; x_wconf 91' lang='lat' dir='ltr'>com-</span> 
     </span>
    </p>
   </div>
   <div class='ocr_carea' id='block_1_63' title="bbox 818 3719 2382 3802">
    <p class='ocr_par' dir='ltr' id='par_1_63' title="bbox 818 3719 2382 3802">
     <span class='ocr_line' id='line_1_63' title="bbox 818 3719 2382 3802; baseline -0.003 -19"><span class='ocrx_word' id='word_1_402' title='bbox 818 3724 1093 3802; x_wconf 89' lang='lat' dir='ltr'>parabat,</span> <span class='ocrx_word' id='word_1_403' title='bbox 1142 3731 1519 3800; x_wconf 90' lang='lat' dir='ltr'>centumque</span> <span class='ocrx_word' id='word_1_404' title='bbox 1566 3721 1856 3782; x_wconf 88' lang='lat' dir='ltr'>denarios</span> <span class='ocrx_word' id='word_1_405' title='bbox 1920 3719 2166 3799; x_wconf 91' lang='lat' dir='ltr'>expleta</span> <span class='ocrx_word' id='word_1_406' title='bbox 2210 3719 2382 3780; x_wconf 92' lang='lat' dir='ltr'>omni</span> 
     </span>
    </p>
   </div>
   <div class='ocr_carea' id='block_1_64' title="bbox 818 3816 2382 3900">
    <p class='ocr_par' dir='ltr' id='par_1_64' title="bbox 818 3816 2382 3900">
     <span class='ocr_line' id='line_1_64' title="bbox 818 3816 2382 3900; baseline -0.004 -17"><span class='ocrx_word' id='word_1_407' title='bbox 818 3821 1100 3900; x_wconf 87' lang='lat' dir='ltr'>corporis</span> <span class='ocrx_word' id='word_1_408' title='bbox 1147 3837 1294 3881; x_wconf 91' lang='lat' dir='ltr'>cura</span> <span class='ocrx_word' id='word_1_409' title='bbox 1342 3821 1659 3897; x_wconf 91' lang='lat' dir='ltr'>marsupio</span> <span class='ocrx_word' id='word_1_410' title='bbox 1703 3835 1816 3880; x_wconf 92' lang='lat' dir='ltr'>suo</span> <span class='ocrx_word' id='word_1_411' title='bbox 1863 3817 2082 3878; x_wconf 87' lang='lat' dir='ltr'>diebus</span> <span class='ocrx_word' id='word_1_412' title='bbox 2126 3816 2382 3893; x_wconf 88' lang='lat' dir='ltr'>singulis</span> 
     </span>
    </p>
   </div>
   <div class='ocr_carea' id='block_1_65' title="bbox 816 3915 2384 3980">
    <p class='ocr_par' dir='ltr' id='par_1_65' title="bbox 816 3915 2384 3980">
     <span class='ocr_line' id='line_1_65' title="bbox 816 3915 2384 3980; baseline -0.001 -2"><span class='ocrx_word' id='word_1_413' title='bbox 816 3919 1143 3980; x_wconf 87' lang='lat' dir='ltr'>inferebat.</span> <span class='ocrx_word' id='word_1_414' title='bbox 1177 3918 1295 3978; x_wconf 89' lang='lat' dir='ltr'>Sed</span> <span class='ocrx_word' id='word_1_415' title='bbox 1333 3935 1475 3978; x_wconf 90' lang='lat' dir='ltr'>cum</span> <span class='ocrx_word' id='word_1_416' title='bbox 1505 3917 1928 3978; x_wconf 89' lang='lat' dir='ltr'>indesinenter</span> <span class='ocrx_word' id='word_1_417' title='bbox 1957 3916 2122 3976; x_wconf 91' lang='lat' dir='ltr'>hunc</span> <span class='ocrx_word' id='word_1_418' title='bbox 2151 3915 2384 3976; x_wconf 84' lang='lat' dir='ltr'>conde-</span> 
     </span>
    </p>
   </div>
   <div class='ocr_carea' id='block_1_66' title="bbox 817 4015 2382 4098">
    <p class='ocr_par' dir='ltr' id='par_1_66' title="bbox 817 4015 2382 4098">
     <span class='ocr_line' id='line_1_66' title="bbox 817 4015 2382 4098; baseline -0.003 -20"><span class='ocrx_word' id='word_1_419' title='bbox 817 4027 910 4080; x_wconf 88' lang='lat' dir='ltr'>ret</span> <span class='ocrx_word' id='word_1_420' title='bbox 940 4025 1288 4098; x_wconf 89' lang='lat' dir='ltr'>quaestum,</span> <span class='ocrx_word' id='word_1_421' title='bbox 1322 4019 1554 4078; x_wconf 89' lang='lat' dir='ltr'>audivit</span> <span class='ocrx_word' id='word_1_422' title='bbox 1580 4018 1645 4078; x_wconf 94' lang='lat' dir='ltr'>in</span> <span class='ocrx_word' id='word_1_423' title='bbox 1675 4017 1938 4096; x_wconf 91' lang='lat' dir='ltr'>quadam</span> <span class='ocrx_word' id='word_1_424' title='bbox 1968 4015 2153 4092; x_wconf 87' lang='lat' dir='ltr'>longe</span> <span class='ocrx_word' id='word_1_425' title='bbox 2183 4016 2382 4094; x_wconf 90' lang='lat' dir='ltr'>posita</span> 
     </span>
    </p>
   </div>
   <div class='ocr_carea' id='block_1_67' title="bbox 820 4114 2380 4194">
    <p class='ocr_par' dir='ltr' id='par_1_67' title="bbox 820 4114 2380 4194">
     <span class='ocr_line' id='line_1_67' title="bbox 820 4114 2380 4194; baseline -0.003 -16"><span class='ocrx_word' id='word_1_426' title='bbox 820 4118 1060 4179; x_wconf 88' lang='lat' dir='ltr'>civitate</span> <span class='ocrx_word' id='word_1_427' title='bbox 1082 4117 1468 4194; x_wconf 87' lang='lat' dir='ltr'>singulorum</span> <span class='ocrx_word' id='word_1_428' title='bbox 1500 4117 1841 4178; x_wconf 88' lang='lat' dir='ltr'>solidorum</span> <span class='ocrx_word' id='word_1_429' title='bbox 1873 4115 2148 4192; x_wconf 88' lang='lat' dir='ltr'>singulos</span> <span class='ocrx_word' id='word_1_430' title='bbox 2176 4114 2380 4175; x_wconf 90' lang='lat' dir='ltr'>homi-</span> 
     </span>
    </p>
   </div>
   <div class='ocr_carea' id='block_1_68' title="bbox 821 4211 2382 4295">
    <p class='ocr_par' dir='ltr' id='par_1_68' title="bbox 821 4211 2382 4295">
     <span class='ocr_line' id='line_1_68' title="bbox 821 4211 2382 4295; baseline -0.004 -17"><span class='ocrx_word' id='word_1_431' title='bbox 821 4235 931 4278; x_wconf 91' lang='lat' dir='ltr'>nes</span> <span class='ocrx_word' id='word_1_432' title='bbox 988 4218 1226 4279; x_wconf 90' lang='lat' dir='ltr'>tonsori</span> <span class='ocrx_word' id='word_1_433' title='bbox 1281 4218 1582 4295; x_wconf 91' lang='lat' dir='ltr'>praebere</span> <span class='ocrx_word' id='word_1_434' title='bbox 1639 4214 2014 4276; x_wconf 90' lang='lat' dir='ltr'>mercedem.</span> <span class='ocrx_word' id='word_1_435' title='bbox 2084 4216 2215 4284; x_wconf 90' lang='lat' dir='ltr'>Quo</span> <span class='ocrx_word' id='word_1_436' title='bbox 2278 4211 2382 4272; x_wconf 92' lang='lat' dir='ltr'>ille</span> 
     </span>
    </p>
   </div>
   <div class='ocr_carea' id='block_1_69' title="bbox 820 4312 2379 4395">
    <p class='ocr_par' dir='ltr' id='par_1_69' title="bbox 820 4312 2379 4395">
     <span class='ocr_line' id='line_1_69' title="bbox 820 4312 2379 4395; baseline -0.005 -17"><span class='ocrx_word' id='word_1_437' title='bbox 820 4323 1139 4395; x_wconf 90' lang='lat' dir='ltr'>comperto</span> <span class='ocrx_word' id='word_1_438' title='bbox 1175 4335 1186 4375; x_wconf 92' lang='lat'><strong>:</strong></span> <span class='ocrx_word' id='word_1_439' title='bbox 1222 4316 1526 4388; x_wconf 90' lang='lat' dir='ltr'>Quamdiu</span> <span class='ocrx_word' id='word_1_440' title='bbox 1564 4332 1695 4388; x_wconf 90' lang='lat' dir='ltr'>ero,</span> <span class='ocrx_word' id='word_1_441' title='bbox 1729 4314 1953 4392; x_wconf 90' lang='lat' dir='ltr'>inquit,</span> <span class='ocrx_word' id='word_1_442' title='bbox 1984 4312 2098 4372; x_wconf 90' lang='lat' dir='ltr'>hac</span> <span class='ocrx_word' id='word_1_443' title='bbox 2135 4312 2379 4371; x_wconf 91' lang='lat' dir='ltr'>mendi-</span> 
     </span>
    </p>
   </div>
   <div class='ocr_carea' id='block_1_70' title="bbox 818 4410 2379 4488">
    <p class='ocr_par' dir='ltr' id='par_1_70' title="bbox 818 4410 2379 4488">
     <span class='ocr_line' id='line_1_70' title="bbox 818 4410 2379 4488; baseline -0.005 -12"><span class='ocrx_word' id='word_1_444' title='bbox 818 4414 1000 4476; x_wconf 89' lang='lat' dir='ltr'>citate</span> <span class='ocrx_word' id='word_1_445' title='bbox 1031 4421 1381 4487; x_wconf 89' lang='lat' dir='ltr'>eontentus,</span> <span class='ocrx_word' id='word_1_446' title='bbox 1414 4420 1482 4473; x_wconf 90' lang='lat' dir='ltr'>ut</span> <span class='ocrx_word' id='word_1_447' title='bbox 1515 4414 1700 4473; x_wconf 91' lang='lat' dir='ltr'>trium</span> <span class='ocrx_word' id='word_1_448' title='bbox 1729 4412 2125 4473; x_wconf 90' lang='lat' dir='ltr'>denariorum</span> <span class='ocrx_word' id='word_1_449' title='bbox 2156 4410 2379 4488; x_wconf 89' lang='lat' dir='ltr'>stipem</span> 
     </span>
    </p>
   </div>
   <div class='ocr_carea' id='block_1_71' title="bbox 818 4508 2374 4591">
    <p class='ocr_par' dir='ltr' id='par_1_71' title="bbox 818 4508 2374 4591">
     <span class='ocr_line' id='line_1_71' title="bbox 818 4508 2374 4591; baseline -0.003 -16"><span class='ocrx_word' id='word_1_450' title='bbox 818 4532 961 4575; x_wconf 93' lang='lat' dir='ltr'>cum</span> <span class='ocrx_word' id='word_1_451' title='bbox 1009 4513 1221 4574; x_wconf 91' lang='lat' dir='ltr'>labore</span> <span class='ocrx_word' id='word_1_452' title='bbox 1276 4513 1672 4591; x_wconf 90' lang='lat' dir='ltr'>conquiram,</span> <span class='ocrx_word' id='word_1_453' title='bbox 1723 4529 1913 4590; x_wconf 91' lang='lat' dir='ltr'>quum</span> <span class='ocrx_word' id='word_1_454' title='bbox 1978 4510 2210 4589; x_wconf 90' lang='lat' dir='ltr'>possim</span> <span class='ocrx_word' id='word_1_455' title='bbox 2265 4508 2374 4570; x_wconf 90' lang='lat' dir='ltr'>illo</span> 
     </span>
    </p>
   </div>
   <div class='ocr_carea' id='block_1_72' title="bbox 819 4608 2375 4692">
    <p class='ocr_par' dir='ltr' id='par_1_72' title="bbox 819 4608 2375 4692">
     <span class='ocr_line' id='line_1_72' title="bbox 819 4608 2375 4692; baseline -0.003 -19"><span class='ocrx_word' id='word_1_456' title='bbox 819 4630 1084 4692; x_wconf 87' lang='lat' dir='ltr'>pergens</span> <span class='ocrx_word' id='word_1_457' title='bbox 1131 4613 1366 4689; x_wconf 87' lang='lat' dir='ltr'>ingenti</span> <span class='ocrx_word' id='word_1_458' title='bbox 1429 4612 1770 4672; x_wconf 84' lang='lat' dir='ltr'>solidorum</span> <span class='ocrx_word' id='word_1_459' title='bbox 1828 4617 2088 4689; x_wconf 88' lang='lat' dir='ltr'>quaestu</span> <span class='ocrx_word' id='word_1_460' title='bbox 2137 4608 2375 4669; x_wconf 90' lang='lat' dir='ltr'>divitias</span> 
     </span>
    </p>
   </div>
   <div class='ocr_carea' id='block_1_73' title="bbox 818 4708 2377 4788">
    <p class='ocr_par' dir='ltr' id='par_1_73' title="bbox 818 4708 2377 4788">
     <span class='ocr_line' id='line_1_73' title="bbox 818 4708 2377 4788; baseline -0.003 -17"><span class='ocrx_word' id='word_1_461' title='bbox 818 4709 1232 4788; x_wconf 81' lang='lat' dir='ltr'>congregare?</span> <span class='ocrx_word' id='word_1_462' title='bbox 1284 4713 1498 4788; x_wconf 87' lang='lat' dir='ltr'>Itaque</span> <span class='ocrx_word' id='word_1_463' title='bbox 1545 4727 1796 4771; x_wconf 90' lang='lat' dir='ltr'>sumens</span> <span class='ocrx_word' id='word_1_464' title='bbox 1841 4710 1985 4771; x_wconf 90' lang='lat' dir='ltr'>artis</span> <span class='ocrx_word' id='word_1_465' title='bbox 2034 4708 2184 4777; x_wconf 84' lang='lat'><strong>131</strong></span> <span class='ocrx_word' id='word_1_466' title='bbox 2229 4723 2377 4768; x_wconf 86' lang='lat' dir='ltr'>suae</span> 
     </span>
    </p>
   </div>
   <div class='ocr_carea' id='block_1_74' title="bbox 818 4807 2375 4889">
    <p class='ocr_par' dir='ltr' id='par_1_74' title="bbox 818 4807 2375 4889">
     <span class='ocr_line' id='line_1_74' title="bbox 818 4807 2375 4889; baseline -0.001 -20"><span class='ocrx_word' id='word_1_467' title='bbox 818 4810 1101 4888; x_wconf 87' lang='lat' dir='ltr'>protinus</span> <span class='ocrx_word' id='word_1_468' title='bbox 1159 4809 1598 4882; x_wconf 89' lang='lat' dir='ltr'>instrumenta,</span> <span class='ocrx_word' id='word_1_469' title='bbox 1656 4809 1948 4889; x_wconf 81' lang='lat' dir='ltr'>expensis</span> <span class='ocrx_word' id='word_1_470' title='bbox 2006 4807 2071 4867; x_wconf 92' lang='lat' dir='ltr'>in</span> <span class='ocrx_word' id='word_1_471' title='bbox 2129 4813 2375 4884; x_wconf 92' lang='lat' dir='ltr'>sumptu</span> 
     </span>
    </p>
   </div>
   <div class='ocr_carea' id='block_1_75' title="bbox 818 4906 2376 4986">
    <p class='ocr_par' dir='ltr' id='par_1_75' title="bbox 818 4906 2376 4986">
     <span class='ocr_line' id='line_1_75' title="bbox 818 4906 2376 4986; baseline -0.002 -17"><span class='ocrx_word' id='word_1_472' title='bbox 818 4908 1136 4980; x_wconf 89' lang='lat' dir='ltr'>omnibus,</span> <span class='ocrx_word' id='word_1_473' title='bbox 1188 4925 1347 4985; x_wconf 91' lang='lat' dir='ltr'>quae</span> <span class='ocrx_word' id='word_1_474' title='bbox 1398 4907 1498 4968; x_wconf 92' lang='lat' dir='ltr'>hic</span> <span class='ocrx_word' id='word_1_475' title='bbox 1545 4909 1739 4969; x_wconf 89' lang='lat' dir='ltr'>multo</span> <span class='ocrx_word' id='word_1_476' title='bbox 1786 4913 2068 4986; x_wconf 89' lang='lat' dir='ltr'>tempore</span> <span class='ocrx_word' id='word_1_477' title='bbox 2118 4906 2376 4966; x_wconf 89' lang='lat' dir='ltr'>collecta</span> 
     </span>
    </p>
   </div>
   <div class='ocr_carea' id='block_1_76' title="bbox 817 5005 2375 5084">
    <p class='ocr_par' dir='ltr' id='par_1_76' title="bbox 817 5005 2375 5084">
     <span class='ocr_line' id='line_1_76' title="bbox 817 5005 2375 5084; baseline -0.002 -18"><span class='ocrx_word' id='word_1_478' title='bbox 817 5014 1104 5080; x_wconf 88' lang='lat' dir='ltr'>servarat,</span> <span class='ocrx_word' id='word_1_479' title='bbox 1152 5007 1227 5066; x_wconf 91' lang='lat' dir='ltr'>ad</span> <span class='ocrx_word' id='word_1_480' title='bbox 1281 5008 1497 5067; x_wconf 90' lang='lat' dir='ltr'>urbem</span> <span class='ocrx_word' id='word_1_481' title='bbox 1551 5007 1716 5066; x_wconf 90' lang='lat' dir='ltr'>illam</span> <span class='ocrx_word' id='word_1_482' title='bbox 1762 5005 2375 5084; x_wconf 84' lang='lat' dir='ltr'>quaestuosissimam</span> 
     </span>
    </p>
   </div>
   <div class='ocr_carea' id='block_1_77' title="bbox 816 5106 2372 5186">
    <p class='ocr_par' dir='ltr' id='par_1_77' title="bbox 816 5106 2372 5186">
     <span class='ocr_line' id='line_1_77' title="bbox 816 5106 2372 5186; baseline -0.002 -18"><span class='ocrx_word' id='word_1_483' title='bbox 816 5124 957 5168; x_wconf 91' lang='lat' dir='ltr'>cum</span> <span class='ocrx_word' id='word_1_484' title='bbox 976 5123 1219 5167; x_wconf 89' lang='lat' dir='ltr'>summo</span> <span class='ocrx_word' id='word_1_485' title='bbox 1248 5106 1459 5168; x_wconf 88' lang='lat' dir='ltr'>labore</span> <span class='ocrx_word' id='word_1_486' title='bbox 1492 5108 1791 5186; x_wconf 89' lang='lat' dir='ltr'>pervenit.</span> <span class='ocrx_word' id='word_1_487' title='bbox 1819 5107 1935 5167; x_wconf 93' lang='lat' dir='ltr'>Ubi</span> <span class='ocrx_word' id='word_1_488' title='bbox 1960 5123 2100 5167; x_wconf 91' lang='lat' dir='ltr'>cum</span> <span class='ocrx_word' id='word_1_489' title='bbox 2133 5121 2226 5177; x_wconf 90' lang='lat' dir='ltr'>ea,</span> <span class='ocrx_word' id='word_1_490' title='bbox 2251 5122 2372 5183; x_wconf 90' lang='lat' dir='ltr'>qua</span> 
     </span>
    </p>
   </div>
   <div class='ocr_carea' id='block_1_78' title="bbox 881 5342 2372 5414">
    <p class='ocr_par' dir='ltr' id='par_1_78' title="bbox 881 5342 2372 5414">
     <span class='ocr_line' id='line_1_78' title="bbox 881 5342 2372 5414; baseline 0.005 -19"><span class='ocrx_word' id='word_1_491' title='bbox 881 5343 958 5411; x_wconf 91' lang='grc'><strong>(1)</strong></span> <span class='ocrx_word' id='word_1_492' title='bbox 979 5343 1114 5397; x_wconf 86' lang='lat' dir='ltr'>Coll.</span> <span class='ocrx_word' id='word_1_493' title='bbox 1133 5343 1220 5396; x_wconf 74' lang='lat' dir='ltr'>VII</span> <span class='ocrx_word' id='word_1_494' title='bbox 1248 5359 1368 5413; x_wconf 85' lang='lat' dir='ltr'>cap.</span> <span class='ocrx_word' id='word_1_495' title='bbox 1391 5344 1457 5396; x_wconf 70' lang='lat'>27</span> <span class='ocrx_word' id='word_1_496' title='bbox 1477 5345 1721 5399; x_wconf 85' lang='lat' dir='ltr'>Cassiani</span> <span class='ocrx_word' id='word_1_497' title='bbox 1737 5346 1874 5414; x_wconf 85' lang='lat' dir='ltr'>Opp.</span> <span class='ocrx_word' id='word_1_498' title='bbox 1893 5345 1978 5400; x_wconf 89' lang='lat' dir='ltr'>ed.</span> <span class='ocrx_word' id='word_1_499' title='bbox 2010 5343 2138 5398; x_wconf 85' lang='lat' dir='ltr'>Gaz.</span> <span class='ocrx_word' id='word_1_500' title='bbox 2170 5358 2220 5412; x_wconf 89' lang='lat' dir='ltr'>p.</span> <span class='ocrx_word' id='word_1_501' title='bbox 2248 5342 2372 5402; x_wconf 77' lang='lat'>528.</span> 
     </span>
    </p>
   </div>
   <div class='ocr_carea' id='block_1_79' title="bbox 817 5431 1321 5501">
    <p class='ocr_par' dir='ltr' id='par_1_79' title="bbox 817 5431 1321 5501">
     <span class='ocr_line' id='line_1_79' title="bbox 817 5431 1321 5501; baseline -0.002 -16"><span class='ocrx_word' id='word_1_502' title='bbox 817 5431 990 5501; x_wconf 76' lang='lat' dir='ltr'>Migne</span> <span class='ocrx_word' id='word_1_503' title='bbox 1020 5446 1071 5498; x_wconf 92' lang='lat' dir='ltr'>p.</span> <span class='ocrx_word' id='word_1_504' title='bbox 1107 5432 1208 5484; x_wconf 88' lang='lat'><strong>706</strong></span> <span class='ocrx_word' id='word_1_505' title='bbox 1238 5448 1321 5500; x_wconf 88' lang='lat' dir='ltr'>sq.</span> 
     </span>
    </p>
   </div>
   <div class='ocr_carea' id='block_1_80' title="bbox 885 5521 1596 5590">
    <p class='ocr_par' dir='ltr' id='par_1_80' title="bbox 885 5521 1596 5590">
     <span class='ocr_line' id='line_1_80' title="bbox 885 5521 1596 5590; baseline 0 -14"><span class='ocrx_word' id='word_1_506' title='bbox 885 5524 962 5590; x_wconf 73' lang='lat'>(2)</span> <span class='ocrx_word' id='word_1_507' title='bbox 987 5523 1070 5576; x_wconf 86' lang='lat' dir='ltr'>CI.</span> <span class='ocrx_word' id='word_1_508' title='bbox 1104 5523 1350 5576; x_wconf 81' lang='lat' dir='ltr'>Cassian.</span> <span class='ocrx_word' id='word_1_509' title='bbox 1379 5523 1518 5577; x_wconf 86' lang='lat' dir='ltr'>Coll.</span> <span class='ocrx_word' id='word_1_510' title='bbox 1556 5521 1596 5576; x_wconf 95' lang='lat' dir='ltr'>I.</span> 
     </span>
    </p>
   </div>
   <div class='ocr_carea' id='block_1_81' title="bbox 885 5612 2367 5683">
    <p class='ocr_par' dir='ltr' id='par_1_81' title="bbox 885 5612 2367 5683">
     <span class='ocr_line' id='line_1_81' title="bbox 885 5612 2367 5683; baseline 0 -18"><span class='ocrx_word' id='word_1_511' title='bbox 885 5613 1212 5680; x_wconf 77' lang='lat' dir='ltr'>(5)Coteler.</span> <span class='ocrx_word' id='word_1_512' title='bbox 1265 5613 1408 5667; x_wconf 73' lang='lat' dir='ltr'>Eccl.</span> <span class='ocrx_word' id='word_1_513' title='bbox 1461 5612 1651 5668; x_wconf 81' lang='lat' dir='ltr'>Graer.</span> <span class='ocrx_word' id='word_1_514' title='bbox 1701 5614 1842 5667; x_wconf 80' lang='lat' dir='ltr'>Men.</span> <span class='ocrx_word' id='word_1_515' title='bbox 1889 5614 1952 5666; x_wconf 91' lang='lat' dir='ltr'>T.</span> <span class='ocrx_word' id='word_1_516' title='bbox 2003 5613 2020 5668; x_wconf 93' lang='lat' dir='ltr'>I</span> <span class='ocrx_word' id='word_1_517' title='bbox 2079 5631 2132 5683; x_wconf 92' lang='lat' dir='ltr'>p.</span> <span class='ocrx_word' id='word_1_518' title='bbox 2171 5614 2271 5668; x_wconf 81' lang='lat'>5&#39;58</span> <span class='ocrx_word' id='word_1_519' title='bbox 2317 5629 2367 5665; x_wconf 79' lang='grc' dir='ltr'><strong>ν.</strong></span> 
     </span>
    </p>
   </div>
   <div class='ocr_carea' id='block_1_82' title="bbox 816 5699 2356 5775">
    <p class='ocr_par' dir='ltr' id='par_1_82' title="bbox 816 5699 2356 5775">
     <span class='ocr_line' id='line_1_82' title="bbox 816 5699 2356 5775; baseline 0.003 -22"><span class='ocrx_word' id='word_1_520' title='bbox 816 5702 1079 5756; x_wconf 79' lang='lat' dir='ltr'>Macarius</span> <span class='ocrx_word' id='word_1_521' title='bbox 1134 5705 1412 5773; x_wconf 73' lang='lat' dir='ltr'>Aegyptius</span> <span class='ocrx_word' id='word_1_522' title='bbox 1454 5699 1676 5775; x_wconf 73' lang='lat' dir='ltr'>§XXII;</span> <span class='ocrx_word' id='word_1_523' title='bbox 1704 5705 1841 5760; x_wconf 77' lang='lat' dir='ltr'>infra</span> <span class='ocrx_word' id='word_1_524' title='bbox 1892 5706 1944 5760; x_wconf 87' lang='lat' dir='ltr'>in</span> <span class='ocrx_word' id='word_1_525' title='bbox 1982 5707 2166 5761; x_wconf 80' lang='lat' dir='ltr'>harum</span> <span class='ocrx_word' id='word_1_526' title='bbox 2193 5706 2356 5770; x_wconf 59' lang='lat' dir='ltr'>Quaer</span> 
     </span>
    </p>
   </div>
   <div class='ocr_carea' id='block_1_83' title="bbox 812 5797 1827 5855">
    <p class='ocr_par' dir='ltr' id='par_1_83' title="bbox 812 5797 1827 5855">
     <span class='ocr_line' id='line_1_83' title="bbox 812 5797 1827 5855; baseline -0.002 -4"><span class='ocrx_word' id='word_1_527' title='bbox 812 5797 1045 5851; x_wconf 65' lang='lat' dir='ltr'>alienum</span> <span class='ocrx_word' id='word_1_528' title='bbox 1071 5799 1375 5855; x_wconf 81' lang='lat' dir='ltr'>Aunendice</span> <span class='ocrx_word' id='word_1_529' title='bbox 1423 5801 1589 5852; x_wconf 87' lang='lat' dir='ltr'>altera</span> <span class='ocrx_word' id='word_1_530' title='bbox 1619 5803 1719 5852; x_wconf 85' lang='lat' dir='ltr'>sub</span> <span class='ocrx_word' id='word_1_531' title='bbox 1743 5798 1827 5851; x_wconf 89' lang='lat' dir='ltr'>Ill.</span> 
     </span>
    </p>
   </div>
   <div class='ocr_carea' id='block_1_84' title="bbox 2484 3239 4055 3310">
    <p class='ocr_par' dir='ltr' id='par_1_84' title="bbox 2484 3239 4055 3310">
     <span class='ocr_line' id='line_1_84' title="bbox 2484 3239 4055 3310; baseline 0.006 -14"><span class='ocrx_word' id='word_1_532' title='bbox 2484 3254 2615 3310; x_wconf 91' lang='lat' dir='ltr'>nes,</span> <span class='ocrx_word' id='word_1_533' title='bbox 2643 3239 2809 3300; x_wconf 92' lang='lat' dir='ltr'>nulla</span> <span class='ocrx_word' id='word_1_534' title='bbox 2825 3242 3207 3304; x_wconf 86' lang='lat' dir='ltr'>cenodoxiae</span> <span class='ocrx_word' id='word_1_535' title='bbox 3237 3261 3307 3305; x_wconf 91' lang='lat' dir='ltr'>ac</span> <span class='ocrx_word' id='word_1_536' title='bbox 3340 3246 3617 3307; x_wconf 86' lang='lat' dir='ltr'>vanitatis</span> <span class='ocrx_word' id='word_1_537' title='bbox 3645 3245 3892 3306; x_wconf 90' lang='lat' dir='ltr'>arrodat</span> <span class='ocrx_word' id='word_1_538' title='bbox 3921 3244 4055 3306; x_wconf 82' lang='lat' dir='ltr'>ela-</span> 
     </span>
    </p>
   </div>
   <div class='ocr_carea' id='block_1_85' title="bbox 2481 3337 4057 3408">
    <p class='ocr_par' dir='ltr' id='par_1_85' title="bbox 2481 3337 4057 3408">
     <span class='ocr_line' id='line_1_85' title="bbox 2481 3337 4057 3408; baseline 0.008 -13"><span class='ocrx_word' id='word_1_539' title='bbox 2481 3337 2590 3408; x_wconf 90' lang='lat' dir='ltr'>tio,</span> <span class='ocrx_word' id='word_1_540' title='bbox 2623 3339 2829 3400; x_wconf 87' lang='lat' dir='ltr'>nullae</span> <span class='ocrx_word' id='word_1_541' title='bbox 2873 3342 3322 3406; x_wconf 91' lang='lat' dir='ltr'>sollicitudines</span> <span class='ocrx_word' id='word_1_542' title='bbox 3362 3344 3622 3406; x_wconf 90' lang='lat' dir='ltr'>diurnae</span> <span class='ocrx_word' id='word_1_543' title='bbox 3665 3345 4057 3407; x_wconf 89' lang='lat' dir='ltr'>necessitatis</span> 
     </span>
    </p>
   </div>
   <div class='ocr_carea' id='block_1_86' title="bbox 2481 3434 4056 3518">
    <p class='ocr_par' dir='ltr' id='par_1_86' title="bbox 2481 3434 4056 3518">
     <span class='ocr_line' id='line_1_86' title="bbox 2481 3434 4056 3518; baseline 0.007 -25"><span class='ocrx_word' id='word_1_544' title='bbox 2481 3434 2853 3498; x_wconf 88' lang='lat' dir='ltr'>imminuant</span> <span class='ocrx_word' id='word_1_545' title='bbox 2909 3440 3012 3518; x_wconf 80' lang='lat'>(5).</span> <span class='ocrx_word' id='word_1_546' title='bbox 3052 3464 3079 3497; x_wconf 70' lang='grc' dir='ltr'><strong>ι</strong></span> <span class='ocrx_word' id='word_1_547' title='bbox 3121 3443 3267 3503; x_wconf 91' lang='lat' dir='ltr'>Uter</span> <span class='ocrx_word' id='word_1_548' title='bbox 3319 3444 3723 3505; x_wconf 87' lang='lat' dir='ltr'>Macariorum</span> <span class='ocrx_word' id='word_1_549' title='bbox 3761 3446 3855 3505; x_wconf 92' lang='lat' dir='ltr'>vel</span> <span class='ocrx_word' id='word_1_550' title='bbox 3898 3463 4056 3506; x_wconf 89' lang='lat' dir='ltr'>num</span> 
     </span>
    </p>
   </div>
   <div class='ocr_carea' id='block_1_87' title="bbox 2484 3536 4056 3620">
    <p class='ocr_par' dir='ltr' id='par_1_87' title="bbox 2484 3536 4056 3620">
     <span class='ocr_line' id='line_1_87' title="bbox 2484 3536 4056 3620; baseline 0.009 -27"><span class='ocrx_word' id='word_1_551' title='bbox 2484 3536 2740 3596; x_wconf 91' lang='lat' dir='ltr'>omnino</span> <span class='ocrx_word' id='word_1_552' title='bbox 2785 3555 2949 3599; x_wconf 91' lang='lat' dir='ltr'>unus</span> <span class='ocrx_word' id='word_1_553' title='bbox 2999 3557 3076 3600; x_wconf 87' lang='lat' dir='ltr'>ex</span> <span class='ocrx_word' id='word_1_554' title='bbox 3121 3541 3196 3601; x_wconf 91' lang='lat' dir='ltr'>iis</span> <span class='ocrx_word' id='word_1_555' title='bbox 3245 3541 3724 3620; x_wconf 89' lang='lat' dir='ltr'>pulcherrimam</span> <span class='ocrx_word' id='word_1_556' title='bbox 3774 3542 4056 3608; x_wconf 86' lang='lat' dir='ltr'>fabulam</span> 
     </span>
    </p>
   </div>
   <div class='ocr_carea' id='block_1_88' title="bbox 2483 3634 3278 3709">
    <p class='ocr_par' dir='ltr' id='par_1_88' title="bbox 2483 3634 3278 3709">
     <span class='ocr_line' id='line_1_88' title="bbox 2483 3634 3278 3709; baseline 0.008 -15"><span class='ocrx_word' id='word_1_557' title='bbox 2483 3634 2810 3709; x_wconf 88' lang='lat' dir='ltr'>invenerit,</span> <span class='ocrx_word' id='word_1_558' title='bbox 2844 3655 2973 3698; x_wconf 92' lang='lat' dir='ltr'>non</span> <span class='ocrx_word' id='word_1_559' title='bbox 3001 3640 3278 3700; x_wconf 90' lang='lat' dir='ltr'>traditur.</span> 
     </span>
    </p>
   </div>
   <div class='ocr_carea' id='block_1_89' title="bbox 2561 3762 4059 3848">
    <p class='ocr_par' dir='ltr' id='par_1_89' title="bbox 2561 3762 4059 3848">
     <span class='ocr_line' id='line_1_89' title="bbox 2561 3762 4059 3848; baseline 0.01 -28"><span class='ocrx_word' id='word_1_560' title='bbox 2561 3762 2689 3821; x_wconf 91' lang='lat' dir='ltr'>Iam</span> <span class='ocrx_word' id='word_1_561' title='bbox 2732 3763 3051 3825; x_wconf 87' lang='lat' dir='ltr'>recensitis</span> <span class='ocrx_word' id='word_1_562' title='bbox 3095 3767 3362 3828; x_wconf 87' lang='lat' dir='ltr'>Cassiani</span> <span class='ocrx_word' id='word_1_563' title='bbox 3392 3787 3644 3848; x_wconf 91' lang='lat' dir='ltr'>quoque</span> <span class='ocrx_word' id='word_1_564' title='bbox 3674 3773 4059 3835; x_wconf 88' lang='lat' dir='ltr'>testimoniis</span> 
     </span>
    </p>
   </div>
   <div class='ocr_carea' id='block_1_90' title="bbox 2484 3854 4054 3949">
    <p class='ocr_par' dir='ltr' id='par_1_90' title="bbox 2484 3854 4054 3949">
     <span class='ocr_line' id='line_1_90' title="bbox 2484 3854 4054 3949; baseline 0.011 -34"><span class='ocrx_word' id='word_1_565' title='bbox 2484 3854 2676 3918; x_wconf 91' lang='lat' dir='ltr'>libros</span> <span class='ocrx_word' id='word_1_566' title='bbox 2721 3861 2843 3918; x_wconf 89' lang='lat' dir='ltr'>VV.</span> <span class='ocrx_word' id='word_1_567' title='bbox 2897 3863 3013 3921; x_wconf 92' lang='lat' dir='ltr'>PP.</span> <span class='ocrx_word' id='word_1_568' title='bbox 3062 3880 3097 3923; x_wconf 90' lang='lat' dir='ltr'>a</span> <span class='ocrx_word' id='word_1_569' title='bbox 3143 3866 3466 3927; x_wconf 83' lang='lat' dir='ltr'>Rosweido</span> <span class='ocrx_word' id='word_1_570' title='bbox 3519 3869 3740 3942; x_wconf 91' lang='lat' dir='ltr'>editos,</span> <span class='ocrx_word' id='word_1_571' title='bbox 3775 3890 4054 3949; x_wconf 86' lang='lat' dir='ltr'>quorum</span> 
     </span>
    </p>
   </div>
   <div class='ocr_carea' id='block_1_91' title="bbox 2484 3955 4054 4047">
    <p class='ocr_par' dir='ltr' id='par_1_91' title="bbox 2484 3955 4054 4047">
     <span class='ocr_line' id='line_1_91' title="bbox 2484 3955 4054 4047; baseline 0.011 -34"><span class='ocrx_word' id='word_1_572' title='bbox 2484 3955 2818 4032; x_wconf 91' lang='lat' dir='ltr'>scriptores</span> <span class='ocrx_word' id='word_1_573' title='bbox 2846 3965 3033 4037; x_wconf 90' lang='lat' dir='ltr'>atque</span> <span class='ocrx_word' id='word_1_574' title='bbox 3061 3968 3325 4024; x_wconf 89' lang='lat' dir='ltr'>aetatem</span> <span class='ocrx_word' id='word_1_575' title='bbox 3371 3964 3730 4040; x_wconf 86' lang='lat' dir='ltr'>ignoramus</span> <span class='ocrx_word' id='word_1_576' title='bbox 3793 3968 3901 4047; x_wconf 84' lang='lat'>(6),</span> <span class='ocrx_word' id='word_1_577' title='bbox 3936 3988 4054 4030; x_wconf 85' lang='lat' dir='ltr'>ex-</span> 
     </span>
    </p>
   </div>
   <div class='ocr_carea' id='block_1_92' title="bbox 2484 4054 2810 4116">
    <p class='ocr_par' dir='ltr' id='par_1_92' title="bbox 2484 4054 2810 4116">
     <span class='ocr_line' id='line_1_92' title="bbox 2484 4054 2810 4116; baseline 0.012 -4"><span class='ocrx_word' id='word_1_578' title='bbox 2484 4054 2810 4116; x_wconf 91' lang='lat' dir='ltr'>cutiamus.</span> 
     </span>
    </p>
   </div>
   <div class='ocr_carea' id='block_1_93' title="bbox 2982 4199 3552 4269">
    <p class='ocr_par' dir='ltr' id='par_1_93' title="bbox 2982 4199 3552 4269">
     <span class='ocr_line' id='line_1_93' title="bbox 2982 4199 3552 4269; baseline -0.004 -3"><span class='ocrx_word' id='word_1_579' title='bbox 2982 4199 3137 4269; x_wconf 78' lang='lat' dir='ltr'>I32</span> <span class='ocrx_word' id='word_1_580' title='bbox 3175 4203 3414 4263; x_wconf 87' lang='lat' dir='ltr'>CAPUT</span> <span class='ocrx_word' id='word_1_581' title='bbox 3452 4205 3552 4264; x_wconf 85' lang='lat' dir='ltr'>VI.</span> 
     </span>
    </p>
   </div>
   <div class='ocr_carea' id='block_1_94' title="bbox 2483 4354 4057 4428">
    <p class='ocr_par' dir='ltr' id='par_1_94' title="bbox 2483 4354 4057 4428">
     <span class='ocr_line' id='line_1_94' title="bbox 2483 4354 4057 4428; baseline 0.013 -33"><span class='ocrx_word' id='word_1_582' title='bbox 2483 4354 2915 4401; x_wconf 84' lang='lat' dir='ltr'>COLLECTIONIS</span> <span class='ocrx_word' id='word_1_583' title='bbox 2977 4361 3450 4408; x_wconf 79' lang='lat' dir='ltr'>ROSWEIDIANAE</span> <span class='ocrx_word' id='word_1_584' title='bbox 3506 4367 3686 4411; x_wconf 83' lang='lat' dir='ltr'><strong>LIBER</strong></span> <span class='ocrx_word' id='word_1_585' title='bbox 3748 4371 4057 4428; x_wconf 82' lang='lat' dir='ltr'>TERTIUS,</span> 
     </span>
    </p>
   </div>
   <div class='ocr_carea' id='block_1_95' title="bbox 2563 4433 4062 4495">
    <p class='ocr_par' dir='ltr' id='par_1_95' title="bbox 2563 4433 4062 4495">
     <span class='ocr_line' id='line_1_95' title="bbox 2563 4433 4062 4495; baseline 0.013 -21"><span class='ocrx_word' id='word_1_586' title='bbox 2563 4433 2853 4491; x_wconf 80' lang='lat' dir='ltr'>QUINTUS,</span> <span class='ocrx_word' id='word_1_587' title='bbox 2882 4437 3137 4495; x_wconf 80' lang='lat' dir='ltr'>SEXTUS,</span> <span class='ocrx_word' id='word_1_588' title='bbox 3167 4441 3463 4488; x_wconf 78' lang='lat' dir='ltr'>SEPTIMUS</span> <span class='ocrx_word' id='word_1_589' title='bbox 3494 4446 3766 4490; x_wconf 77' lang='lat' dir='ltr'>VITARUM</span> <span class='ocrx_word' id='word_1_590' title='bbox 3794 4449 4062 4494; x_wconf 74' lang='lat' dir='ltr'>PATRUM</span> 
     </span>
    </p>
   </div>
   <div class='ocr_carea' id='block_1_96' title="bbox 2562 4511 4062 4571">
    <p class='ocr_par' dir='ltr' id='par_1_96' title="bbox 2562 4511 4062 4571">
     <span class='ocr_line' id='line_1_96' title="bbox 2562 4511 4062 4571; baseline 0.013 -20"><span class='ocrx_word' id='word_1_591' title='bbox 2562 4511 2638 4552; x_wconf 87' lang='lat' dir='ltr'>ET</span> <span class='ocrx_word' id='word_1_592' title='bbox 2706 4511 3083 4558; x_wconf 78' lang='lat' dir='ltr'>SENTENTIAE</span> <span class='ocrx_word' id='word_1_593' title='bbox 3151 4518 3401 4564; x_wconf 82' lang='lat' dir='ltr'>PATRUM</span> <span class='ocrx_word' id='word_1_594' title='bbox 3465 4525 3900 4569; x_wconf 76' lang='lat' dir='ltr'>AEGYPTIORUM</span> <span class='ocrx_word' id='word_1_595' title='bbox 3975 4531 4062 4571; x_wconf 84' lang='lat' dir='ltr'><strong>DE</strong></span> 
     </span>
    </p>
   </div>
   <div class='ocr_carea' id='block_1_97' title="bbox 2558 4587 4061 4650">
    <p class='ocr_par' dir='ltr' id='par_1_97' title="bbox 2558 4587 4061 4650">
     <span class='ocr_line' id='line_1_97' title="bbox 2558 4587 4061 4650; baseline 0.014 -21"><span class='ocrx_word' id='word_1_596' title='bbox 2558 4587 2808 4633; x_wconf 79' lang='lat' dir='ltr'>SANCTIS</span> <span class='ocrx_word' id='word_1_597' title='bbox 2835 4592 3118 4638; x_wconf 68' lang='lat' dir='ltr'>MACARIIS</span> <span class='ocrx_word' id='word_1_598' title='bbox 3144 4597 3446 4643; x_wconf 79' lang='lat' dir='ltr'>AEGYPTIO</span> <span class='ocrx_word' id='word_1_599' title='bbox 3472 4602 3547 4644; x_wconf 87' lang='lat' dir='ltr'><strong>ET</strong></span> <span class='ocrx_word' id='word_1_600' title='bbox 3577 4604 4061 4650; x_wconf 76' lang='lat' dir='ltr'>ALEXANDRINO.</span> 
     </span>
    </p>
   </div>
   <div class='ocr_carea' id='block_1_98' title="bbox 2559 4709 4061 4789">
    <p class='ocr_par' dir='ltr' id='par_1_98' title="bbox 2559 4709 4061 4789">
     <span class='ocr_line' id='line_1_98' title="bbox 2559 4709 4061 4789; baseline 0.015 -23"><span class='ocrx_word' id='word_1_601' title='bbox 2559 4710 2605 4781; x_wconf 84' lang='lat'>§.</span> <span class='ocrx_word' id='word_1_602' title='bbox 2644 4709 2738 4769; x_wconf 80' lang='grc'>32.</span> <span class='ocrx_word' id='word_1_603' title='bbox 2771 4711 2952 4774; x_wconf 91' lang='lat' dir='ltr'>Liber</span> <span class='ocrx_word' id='word_1_604' title='bbox 2969 4717 3184 4779; x_wconf 92' lang='lat' dir='ltr'>tertius</span> <span class='ocrx_word' id='word_1_605' title='bbox 3203 4721 3328 4780; x_wconf 85' lang='lat' dir='ltr'>VV.</span> <span class='ocrx_word' id='word_1_606' title='bbox 3343 4722 3458 4781; x_wconf 92' lang='lat' dir='ltr'>PP.</span> <span class='ocrx_word' id='word_1_607' title='bbox 3475 4723 3859 4786; x_wconf 90' lang='lat' dir='ltr'>collectionis</span> <span class='ocrx_word' id='word_1_608' title='bbox 3881 4729 4061 4789; x_wconf 86' lang='lat' dir='ltr'>Ros-</span> 
     </span>
    </p>
   </div>
   <div class='ocr_carea' id='block_1_99' title="bbox 2478 4806 4062 4888">
    <p class='ocr_par' dir='ltr' id='par_1_99' title="bbox 2478 4806 4062 4888">
     <span class='ocr_line' id='line_1_99' title="bbox 2478 4806 4062 4888; baseline 0.016 -25"><span class='ocrx_word' id='word_1_609' title='bbox 2478 4806 2811 4870; x_wconf 88' lang='lat' dir='ltr'>weidianae</span> <span class='ocrx_word' id='word_1_610' title='bbox 2839 4813 3110 4876; x_wconf 90' lang='lat' dir='ltr'>sedecim</span> <span class='ocrx_word' id='word_1_611' title='bbox 3152 4817 3436 4881; x_wconf 90' lang='lat' dir='ltr'>historias</span> <span class='ocrx_word' id='word_1_612' title='bbox 3479 4822 3554 4883; x_wconf 92' lang='lat' dir='ltr'>de</span> <span class='ocrx_word' id='word_1_613' title='bbox 3584 4825 3860 4886; x_wconf 85' lang='lat' dir='ltr'>Macariis</span> <span class='ocrx_word' id='word_1_614' title='bbox 3886 4845 4062 4888; x_wconf 86' lang='lat' dir='ltr'>con-</span> 
     </span>
    </p>
   </div>
   <div class='ocr_carea' id='block_1_100' title="bbox 2480 4907 4064 5003">
    <p class='ocr_par' dir='ltr' id='par_1_100' title="bbox 2480 4907 4064 5003">
     <span class='ocr_line' id='line_1_100' title="bbox 2480 4907 4064 5003; baseline 0.016 -39"><span class='ocrx_word' id='word_1_615' title='bbox 2480 4907 2657 4966; x_wconf 89' lang='lat' dir='ltr'>tinet.</span> <span class='ocrx_word' id='word_1_616' title='bbox 2690 4911 2953 4981; x_wconf 91' lang='lat' dir='ltr'>Quarum</span> <span class='ocrx_word' id='word_1_617' title='bbox 2980 4923 3263 4992; x_wconf 91' lang='lat' dir='ltr'>quatuor,</span> <span class='ocrx_word' id='word_1_618' title='bbox 3297 4921 3373 4980; x_wconf 92' lang='lat' dir='ltr'>de</span> <span class='ocrx_word' id='word_1_619' title='bbox 3401 4921 3675 4997; x_wconf 91' lang='lat' dir='ltr'>homine,</span> <span class='ocrx_word' id='word_1_620' title='bbox 3708 4927 3811 5003; x_wconf 91' lang='lat' dir='ltr'>qui</span> <span class='ocrx_word' id='word_1_621' title='bbox 3837 4930 4064 4990; x_wconf 86' lang='lat' dir='ltr'>caedis</span> 
     </span>
    </p>
   </div>
   <div class='ocr_carea' id='block_1_101' title="bbox 2483 5009 4062 5104">
    <p class='ocr_par' dir='ltr' id='par_1_101' title="bbox 2483 5009 4062 5104">
     <span class='ocr_line' id='line_1_101' title="bbox 2483 5009 4062 5104; baseline 0.019 -39"><span class='ocrx_word' id='word_1_622' title='bbox 2483 5024 2647 5080; x_wconf 92' lang='lat' dir='ltr'>reus,</span> <span class='ocrx_word' id='word_1_623' title='bbox 2682 5009 2837 5073; x_wconf 91' lang='lat' dir='ltr'>facta</span> <span class='ocrx_word' id='word_1_624' title='bbox 2867 5033 2896 5074; x_wconf 93' lang='lat' dir='ltr'>a</span> <span class='ocrx_word' id='word_1_625' title='bbox 2931 5019 3193 5082; x_wconf 87' lang='lat' dir='ltr'>Macario</span> <span class='ocrx_word' id='word_1_626' title='bbox 3240 5027 3542 5104; x_wconf 82' lang='lat' dir='ltr'>Aegyptio</span> <span class='ocrx_word' id='word_1_627' title='bbox 3589 5029 3695 5087; x_wconf 90' lang='lat' dir='ltr'>viri</span> <span class='ocrx_word' id='word_1_628' title='bbox 3745 5031 3937 5092; x_wconf 90' lang='lat' dir='ltr'>occisi</span> <span class='ocrx_word' id='word_1_629' title='bbox 3976 5034 4062 5094; x_wconf 87' lang='lat' dir='ltr'>ad</span> 
     </span>
    </p>
   </div>
   <div class='ocr_carea' id='block_1_102' title="bbox 2477 5107 4063 5208">
    <p class='ocr_par' dir='ltr' id='par_1_102' title="bbox 2477 5107 4063 5208">
     <span class='ocr_line' id='line_1_102' title="bbox 2477 5107 4063 5208; baseline 0.019 -42"><span class='ocrx_word' id='word_1_630' title='bbox 2477 5107 2660 5170; x_wconf 78' lang='lat' dir='ltr'>vitam</span> <span class='ocrx_word' id='word_1_631' title='bbox 2720 5117 3135 5192; x_wconf 90' lang='lat' dir='ltr'>revocatione,</span> <span class='ocrx_word' id='word_1_632' title='bbox 3177 5121 3470 5186; x_wconf 88' lang='lat' dir='ltr'>liberatus</span> <span class='ocrx_word' id='word_1_633' title='bbox 3514 5135 3606 5188; x_wconf 91' lang='lat' dir='ltr'>est</span> <span class='ocrx_word' id='word_1_634' title='bbox 3653 5129 3760 5208; x_wconf 90' lang='lat'>(7),</span> <span class='ocrx_word' id='word_1_635' title='bbox 3802 5130 3880 5192; x_wconf 90' lang='lat' dir='ltr'>de</span> <span class='ocrx_word' id='word_1_636' title='bbox 3930 5152 4063 5195; x_wconf 82' lang='lat' dir='ltr'>uva</span> 
     </span>
    </p>
   </div>
   <div class='ocr_carea' id='block_1_103' title="bbox 2537 5345 3615 5429">
    <p class='ocr_par' dir='ltr' id='par_1_103' title="bbox 2537 5345 3615 5429">
     <span class='ocr_line' id='line_1_103' title="bbox 2537 5345 3615 5429; baseline 0.023 -34"><span class='ocrx_word' id='word_1_637' title='bbox 2537 5345 2613 5413; x_wconf 73' lang='grc'>(4)</span> <span class='ocrx_word' id='word_1_638' title='bbox 2653 5345 2935 5405; x_wconf 85' lang='lat' dir='ltr'>Mémoires</span> <span class='ocrx_word' id='word_1_639' title='bbox 2963 5353 3024 5410; x_wconf 90' lang='lat' dir='ltr'>T.</span> <span class='ocrx_word' id='word_1_640' title='bbox 3060 5354 3168 5409; x_wconf 87' lang='lat' dir='ltr'>VIII</span> <span class='ocrx_word' id='word_1_641' title='bbox 3197 5357 3256 5411; x_wconf 89' lang='lat' dir='ltr'>P.</span> <span class='ocrx_word' id='word_1_642' title='bbox 3293 5358 3355 5412; x_wconf 89' lang='lat' dir='ltr'>III</span> <span class='ocrx_word' id='word_1_643' title='bbox 3381 5376 3432 5429; x_wconf 90' lang='lat' dir='ltr'>p.</span> <span class='ocrx_word' id='word_1_644' title='bbox 3462 5363 3615 5420; x_wconf 87' lang='grc'>1007.</span> 
     </span>
    </p>
   </div>
   <div class='ocr_carea' id='block_1_104' title="bbox 2542 5436 4053 5524">
    <p class='ocr_par' dir='ltr' id='par_1_104' title="bbox 2542 5436 4053 5524">
     <span class='ocr_line' id='line_1_104' title="bbox 2542 5436 4053 5524; baseline 0.017 -36"><span class='ocrx_word' id='word_1_645' title='bbox 2542 5436 2616 5502; x_wconf 83' lang='grc'>(5)</span> <span class='ocrx_word' id='word_1_646' title='bbox 2643 5437 2779 5493; x_wconf 88' lang='lat' dir='ltr'>Coll.</span> <span class='ocrx_word' id='word_1_647' title='bbox 2833 5441 2994 5496; x_wconf 75' lang='lat' dir='ltr'>XXIV</span> <span class='ocrx_word' id='word_1_648' title='bbox 3037 5460 3155 5514; x_wconf 88' lang='lat' dir='ltr'>cap.</span> <span class='ocrx_word' id='word_1_649' title='bbox 3209 5449 3274 5502; x_wconf 81' lang='lat' dir='ltr'>I3</span> <span class='ocrx_word' id='word_1_650' title='bbox 3317 5450 3563 5506; x_wconf 88' lang='lat' dir='ltr'>Cassiani</span> <span class='ocrx_word' id='word_1_651' title='bbox 3595 5454 3730 5524; x_wconf 90' lang='lat' dir='ltr'>Opp.</span> <span class='ocrx_word' id='word_1_652' title='bbox 3782 5457 3874 5511; x_wconf 86' lang='lat' dir='ltr'>ed.</span> <span class='ocrx_word' id='word_1_653' title='bbox 3902 5457 4053 5514; x_wconf 82' lang='lat' dir='ltr'>Gaz.</span> 
     </span>
    </p>
   </div>
   <div class='ocr_carea' id='block_1_105' title="bbox 2471 5528 3238 5607">
    <p class='ocr_par' dir='ltr' id='par_1_105' title="bbox 2471 5528 3238 5607">
     <span class='ocr_line' id='line_1_105' title="bbox 2471 5528 3238 5607; baseline 0.018 -29"><span class='ocrx_word' id='word_1_654' title='bbox 2471 5539 2523 5593; x_wconf 85' lang='lat' dir='ltr'>p.</span> <span class='ocrx_word' id='word_1_655' title='bbox 2548 5528 2670 5590; x_wconf 86' lang='grc'>618,</span> <span class='ocrx_word' id='word_1_656' title='bbox 2704 5531 2877 5601; x_wconf 80' lang='lat' dir='ltr'>Migne</span> <span class='ocrx_word' id='word_1_657' title='bbox 2907 5551 2958 5604; x_wconf 91' lang='lat' dir='ltr'>p.</span> <span class='ocrx_word' id='word_1_658' title='bbox 2991 5537 3116 5589; x_wconf 84' lang='grc'><strong>1501</strong></span> <span class='ocrx_word' id='word_1_659' title='bbox 3155 5555 3238 5607; x_wconf 87' lang='lat' dir='ltr'>sq.</span> 
     </span>
    </p>
   </div>
   <div class='ocr_carea' id='block_1_106' title="bbox 2533 5618 3254 5694">
    <p class='ocr_par' dir='ltr' id='par_1_106' title="bbox 2533 5618 3254 5694">
     <span class='ocr_line' id='line_1_106' title="bbox 2533 5618 3254 5694; baseline 0.018 -26"><span class='ocrx_word' id='word_1_660' title='bbox 2533 5618 2608 5682; x_wconf 84' lang='lat'>(6)</span> <span class='ocrx_word' id='word_1_661' title='bbox 2644 5618 2726 5672; x_wconf 83' lang='lat' dir='ltr'>CI.</span> <span class='ocrx_word' id='word_1_662' title='bbox 2753 5637 2915 5690; x_wconf 86' lang='lat' dir='ltr'>supra</span> <span class='ocrx_word' id='word_1_663' title='bbox 2941 5623 2968 5693; x_wconf 81' lang='lat'><strong>§</strong></span> <span class='ocrx_word' id='word_1_664' title='bbox 2996 5625 3061 5677; x_wconf 75' lang='grc'><strong>10</strong></span> <span class='ocrx_word' id='word_1_665' title='bbox 3087 5642 3138 5694; x_wconf 92' lang='lat' dir='ltr'>p.</span> <span class='ocrx_word' id='word_1_666' title='bbox 3167 5629 3254 5681; x_wconf 69' lang='grc'>⁸54.</span> 
     </span>
    </p>
   </div>
   <div class='ocr_carea' id='block_1_107' title="bbox 2546 5708 3876 5788">
    <p class='ocr_par' dir='ltr' id='par_1_107' title="bbox 2546 5708 3876 5788">
     <span class='ocr_line' id='line_1_107' title="bbox 2546 5708 3876 5788; baseline 0.014 -28"><span class='ocrx_word' id='word_1_667' title='bbox 2546 5708 2623 5770; x_wconf 78' lang='grc' dir='ltr'>(7ὶ</span> <span class='ocrx_word' id='word_1_668' title='bbox 2654 5709 2762 5764; x_wconf 86' lang='lat' dir='ltr'>VV.</span> <span class='ocrx_word' id='word_1_669' title='bbox 2788 5711 2870 5766; x_wconf 83' lang='lat' dir='ltr'>PP</span> <span class='ocrx_word' id='word_1_670' title='bbox 2928 5713 3106 5770; x_wconf 81' lang='lat' dir='ltr'>Rosw.</span> <span class='ocrx_word' id='word_1_671' title='bbox 3141 5718 3232 5771; x_wconf 87' lang='lat' dir='ltr'>lib.</span> <span class='ocrx_word' id='word_1_672' title='bbox 3266 5719 3330 5774; x_wconf 90' lang='lat' dir='ltr'>III</span> <span class='ocrx_word' id='word_1_673' title='bbox 3358 5735 3484 5788; x_wconf 62' lang='lat' dir='ltr'>cap.</span> <span class='ocrx_word' id='word_1_674' title='bbox 3506 5723 3560 5779; x_wconf 71' lang='lat' dir='ltr'>JI</span> <span class='ocrx_word' id='word_1_675' title='bbox 3595 5737 3646 5788; x_wconf 76' lang='grc' dir='ltr'>β.</span> <span class='ocrx_word' id='word_1_676' title='bbox 3673 5720 3798 5784; x_wconf 82' lang='grc'>507,</span> <span class='ocrx_word' id='word_1_677' title='bbox 3824 5724 3876 5778; x_wconf 74' lang='grc' dir='ltr'>ί.</span> 
     </span>
    </p>
   </div>
  </div>
