4266 6360
192 327 295 385 19.5

1698 336 1925 392 VITAF.

3331 346 3432 402 I26

189 450 457 512 Macario
497 451 913 515 Alexandrino
944 455 1129 517 missa
1180 456 1287 536 (1),
1322 457 1399 519 de
1450 456 1757 518 daemone
1787 462 1832 515 Α
1866 454 2045 529 dicis,
2080 456 2227 536 quia
2258 471 2476 517 omnes
2506 455 2658 517 mihi
2686 454 2980 517 contrarii
3007 454 3152 517 facti
3182 464 3346 532 sunt,
3378 472 3438 520 et

189 552 457 614 eundem
480 555 813 615 Macarium
838 556 913 616 ad
937 557 1262 619 collectam
1310 558 1606 620 invitante
1649 559 1756 639 (2),

188 648 263 709 de
311 652 619 713 sententia
668 652 964 732 denique,
1007 672 1222 716 verum
1267 658 1643 719 monachum
1693 661 1760 721 in

186 752 505 826 arguendo
545 752 668 813 alio
714 770 1034 833 nunquam
1079 757 1155 818 ad
1200 758 1578 821 iracundiam
1621 779 1759 822 mo-

187 850 337 922 veri,
369 852 480 913 sed
515 870 767 933 semper
792 872 931 917 sese
979 857 1228 919 vincere
1279 858 1387 939 (3),
1420 878 1607 941 supra
1650 880 1759 924 co-

188 953 519 1029 gnovimus
558 954 669 1034 (4).
710 957 1050 1020 Duodecim
1105 968 1351 1024 ceterae
1395 961 1515 1024 hae
1572 975 1757 1025 sunt:

266 1075 295 1108 ε
330 1053 534 1115 Abbas
561 1056 863 1117 Macarius
892 1059 1395 1139 quotiescunque
1445 1079 1588 1123 cum
1634 1063 1759 1125 fra-

186 1152 385 1214 tribus
415 1153 577 1215 facta
624 1154 924 1219 charitate
968 1159 1303 1235 reﬁciebat,
1348 1162 1468 1224 hoc
1498 1164 1562 1225 in
1610 1184 1759 1245 pro-

189 1252 326 1330 prio
358 1253 549 1314 corde
600 1261 915 1329 statuerat,
960 1266 1029 1318 ut
1070 1269 1338 1338 quantos
1383 1264 1508 1323 vini
1538 1266 1762 1328 calices

188 1352 432 1414 oblatos
458 1353 789 1429 hausisset,
818 1359 1003 1419 tantis
1037 1359 1255 1423 diebus
1300 1380 1416 1425 nec
1462 1372 1523 1425 et
1564 1366 1758 1445 ipsam

187 1469 414 1532 aquam
445 1460 716 1530 gustaret
753 1459 1035 1520 omnino.
1064 1461 1212 1521 Cum
1261 1479 1410 1541 ergo
1441 1465 1499 1525 ei
1541 1466 1760 1530 fratres

188 1552 401 1614 tinum
449 1557 864 1633 porrigerent,
897 1577 1037 1620 cum
1088 1562 1314 1637 gaudio
1361 1568 1664 1642 sumebat,
1694 1578 1764 1631 ut

190 1662 408 1732 postea
433 1673 498 1717 se
522 1657 622 1717 siti
651 1667 1015 1720 maceraret.
1041 1662 1213 1734 Quod
1247 1673 1388 1726 cum
1418 1667 1763 1749 discipulus

1862 554 2071 615 nullus
2116 555 2273 617 meis
2330 557 2606 618 consiliis
2652 558 3014 635 acquiescit.
3063 558 3136 618 Et
3184 558 3330 621 dicit
3377 560 3437 619 ei

1864 671 2058 715 senex
2098 672 2111 715 :
2146 656 2307 732 Ergo
2348 656 2586 717 nullum
2634 656 2827 718 habes
2868 654 3176 719 amicum?
3211 662 3284 717 At
3331 657 3438 719 ille

1864 752 2187 831 respondit
2238 770 2251 812 :
2303 754 2508 814 Unum
2556 753 2758 816 habeo
2802 755 3093 829 amicum,
3149 756 3245 817 vel
3300 756 3435 835 ipse

1862 853 2174 913 consentit
2201 852 2378 928 mihi,
2415 861 2476 915 et
2510 857 2754 932 (moties
2782 872 2882 916 me
2910 855 3153 929 viderit,
3184 855 3307 918 huc
3339 865 3433 918 at—

1862 969 1985 1029 que
2005 950 2151 1013 illuc
2176 953 2297 1014 cito
2321 956 2719 1015 convertitur.
2744 957 3021 1035 Cumque
3044 972 3273 1017 nomen
3298 958 3438 1018 eius

1861 1052 1939 1113 ab
1959 1069 2035 1114 eo
2053 1054 2496 1133 requisivisset,
2513 1056 2617 1124 ait,
2634 1055 2779 1134 quia
2794 1055 3267 1136 TheOpemptus
3288 1057 3439 1119 dici—

1861 1161 1982 1214 tur.
2006 1154 2372 1217 Discedente
2407 1156 2514 1216 illo
2540 1173 2684 1217 mox
2713 1158 2978 1217 surrexit
3014 1158 3205 1220 abbas
3230 1161 3433 1221 Maca—

1863 1254 1992 1312 rius
2015 1254 2412 1316 etdescendit
2433 1255 2509 1315 ad
2540 1254 2901 1316 inferiorem
2934 1271 3234 1317 eremum.
3259 1258 3432 1329 Quod

1863 1368 2006 1412 cum
2025 1354 2365 1415 audiissent
2386 1354 2625 1427 fratres,
2652 1357 2885 1433 egressi
2913 1364 3055 1417 sunt
3082 1356 3167 1416 illi
3193 1356 3435 1418 obviam

1869 1457 1928 1511 et
1957 1454 2393 1530 unusquisque
2423 1470 2704 1531 sperans,
2729 1455 2898 1532 quod
2934 1455 3099 1532 apud
3122 1472 3186 1515 se
3216 1472 3429 1515 mane-

1863 1556 1978 1622 ret,
2016 1553 2403 1630 praeparavit
2458 1570 2545 1612 se.
2595 1558 2666 1612 At
2710 1554 2814 1614 ille
2851 1555 3178 1631 requirens
3216 1555 3431 1616 cellan:

1863 1650 2360 1730 Theopemptiad
2379 1669 2518 1713 eum
2546 1653 2860 1731 profectus
2873 1662 2983 1714 est.
3002 1656 3278 1733 Cumque
3293 1673 3433 1716 cum

190 1757 324 1817 eius
352 1757 694 1829 didicisset,
729 1760 1034 1838 patefacto
1065 1765 1231 1825 senis
1270 1768 1555 1842 consilio,
1591 1788 1670 1831 ne
1705 1771 1762 1832 ei
1798 1796 1838 1851 Β
1866 1752 2089 1828 ἓδυάίο
2117 1751 2291 1813 illum
2323 1755 2720 1831 suscepisset,
2754 1764 2811 1814 Οἳ
2842 1763 3050 1815 essent
3077 1756 3323 1833 Utrique
3360 1757 3440 1815 Si‘

188 1856 401 1918 vinum
445 1859 864 1936 porrigerent,
908 1863 1291 1939 coniurabat,
1326 1874 1631 1932 tormenta
1672 1872 1764 1932 illi

191 1957 401 2035 potius
433 1974 569 2019 esse
600 1976 786 2038 quam
836 1962 1061 2040 pocula
1125 1966 1529 2031 manifestans
1588 1971 1694 2053 (5).
1732 1996 1760 2029 ››

190 2056 362 2118 Idem
397 2057 462 2118 in
493 2058 651 2121 libro
683 2060 901 2137 quinto
935 2060 1014 2141 (6)
1044 2061 1291 2140 legitur,
1346 2073 1408 2128 et
1446 2085 1668 2146 graece
1698 2072 1763 2133 in

194 2155 753 2235 ApOphthegmatis
791 2176 824 2218 a
859 2160 1163 2223 Cotelerio
1195 2163 1397 2239 editis,
1430 2185 1465 2228 a
1496 2186 1763 2248 quorum

190 2257 603 2336 compilatore
642 2258 719 2318 ad
769 2260 1100 2321 Macarium
1152 2266 1522 2345 Aegyptium
1568 2270 1763 2332 refer-

192 2362 291 2415 tur
354 2355 461 2437 (7).
528 2356 647 2416 Pro
682 2378 711 2412 α
746 2357 1243 2440 quotiescunque
1291 2382 1437 2426 cum
1474 2367 1767 2433 fratribus

190 2454 353 2517 facta
402 2455 700 2518 charitate
750 2459 1089 2533 reﬁciebat,
1128 2484 1155 2516 ιο
1198 2464 1262 2524 in
1302 2481 1527 2541 graeco
1583 2477 1676 2531 est
1719 2482 1768 2533 et

190 2562 488 2632 εὐκαίρησε
534 2565 669 2633 μετὰ
717 2566 990 2636 ἀδελφῶν,
1118 2562 1181 2623 in
1211 2563 1371 2626 libro
1404 2568 1624 2645 quinto
1655 2593 1681 2625 α
1717 2572 1769 2633 Si

191 2655 438 2717 vacavit
465 2656 628 2717 inter
668 2655 911 2733 fratres,
948 2683 977 2717 »
1017 2678 1209 2740 quare
1238 2664 1343 2726 illa
1373 2666 1505 2729 noli
1537 2688 1767 2751 perpe-

194 2772 329 2817 ram
376 2756 744 2836 intelligere.
780 2762 1019 2823 Fratres
1053 2764 1247 2826 Scetis
1281 2766 1435 2837 133
1483 2770 1626 2833 vino
1666 2790 1767 2834 re-

190 2857 397 2919 fectos
454 2875 591 2920 esse
638 2876 673 2919 a
718 2862 1253 2927 verisimilitudine
1312 2867 1636 2944 abhorret,
1686 2872 1770 2935 ita

194 2962 262 3017 ut
316 2956 383 3016 in
428 2956 777 3031 itineribus,
832 2975 993 3037 quae
1038 2962 1334 3023 Macarius
1366 2963 1443 3024 ad
1494 2964 1769 3027 invisen-

192 3055 312 3117 dos
358 3055 578 3116 fratres
647 3057 960 3119 interdum
1025 3059 1288 3123 faciebat
1336 3061 1443 3143 (8),
1493 3064 1557 3125 id
1603 3067 1769 3129 acci-

189 3154 362 3216 disse
411 3155 783 3217 existimem.

275 3278 305 3309 α
340 3255 545 3317 Abbas
568 3257 870 3318 Macarius
908 3257 1055 3319 dum
1084 3260 1149 3320 in
1180 3259 1286 3323 illa
1316 3262 1673 3338 solitudine,
1702 3265 1769 3326 in

193 3372 320 3433 qua
351 3355 521 3417 solus
547 3364 697 3430 erat,
730 3366 1032 3433 maneret,
1064 3360 1325 3423 inferior
1350 3370 1554 3424 autem
1585 3364 1769 3443 plena

193 3462 364 3517 esset
391 3457 601 3517 multis
632 3456 943 3531 fratribus,
989 3476 1128 3520 sero
1162 3478 1276 3539 per
1309 3462 1467 3522 viam
1500 3463 1768 3525 circum-

193 3556 521 3634 spiciebat,
577 3564 637 3617 et
682 3558 833 3618 vidit
883 3558 1253 3620 daemonem
1304 3562 1655 3625 venientem
1704 3565 1769 3625 in

195 3656 395 3733 ﬁgura
426 3656 721 3729 hominis,
754 3658 1043 3718 vestitum
1090 3660 1313 3721 tunica
1345 3659 1508 3724 linea
1554 3663 1767 3743 perfo-

194 3764 351 3827 rata,
398 3762 460 3815 et
504 3773 617 3835 per
664 3756 906 3834 singula
953 3757 1257 3819 foramina
1302 3761 1549 3823 vascula
1586 3780 1770 3842 parva

192 3854 667 3933 dependebant.
715 3857 787 3915 Et
816 3856 969 3916 dixit
1004 3855 1093 3916 illi
1126 3874 1319 3918 senex
1355 3876 1367 3911 :
1408 3861 1539 3931 Quo
1576 3862 1767 3929 vadis.

191 3950 509 4031 maligne?
526 3956 598 4014 Et
626 3956 949 4034 respondit
972 3955 1057 4015 ei:
1080 3956 1253 4018 Vado
1278 3974 1669 4021 commovere
1687 3958 1765 4041 (9)

191 4054 417 4113 fratres
446 4053 585 4125 hos,
612 4054 721 4133 qui
755 4061 899 4115 sunt
925 4054 1203 4117 inferius.
1228 4057 1335 4116 Cui
1356 4074 1549 4118 senex
1577 4058 1767 4121 dixit:

194 4155 271 4211 Et
301 4160 566 4232 propter
599 4152 749 4231 quid
772 4160 867 4213 tot
894 4153 1139 4214 vascula
1162 4153 1287 4214 fers
1308 4153 1551 4216 tecum?
1579 4160 1651 4216 At
1670 4156 1773 4218 ille

193 4253 357 4313 dixit
402 4271 415 4312 :
453 4253 715 4313 Gustum
756 4252 891 4314 fero
945 4252 1265 4326 fratribus,
1317 4260 1377 4314 et
1417 4254 1561 4316 ideo
1607 4262 1774 4318 tanta

192 4354 359 4426 fero,
385 4360 473 4427 ut,
498 4354 547 4414 si
575 4370 769 4414 unum
797 4352 1202 4431 displicuerit,
1233 4350 1555 4415 ostendam
1582 4354 1770 4429 aliud,

196 4461 261 4513 et
290 4454 344 4513 si
383 4452 536 4513 illud
565 4469 692 4513 non
723 4452 945 4531 placet,
978 4452 1289 4530 porrigam
1320 4452 1517 4527 aliud;
1554 4461 1614 4515 et
1644 4455 1773 4516 ﬁeri

1864 1853 1993 1915 mul
2017 1854 2156 1927 soli,
2174 1855 2326 1915 dixit
2348 1856 2401 1915 ei
2421 1874 2606 1916 senex
2633 1875 2643 1915 ε
2670 1857 3204 1926 Quemadmodum
3232 1863 3325 1917 est
3348 1863 3436 1918 te-

1863 1970 2027 2027 cum,
2064 1952 2190 2015 ﬁli?
2219 1958 2291 2015 At
2333 1954 2438 2017 ille
2476 1956 2801 2034 respondit
2838 1976 2849 2015 :
2884 1956 3276 2017 Orationibus
3316 1957 3438 2016 tuis

1862 2054 2025 2115 bene
2062 2073 2220 2116 sum.
2260 2058 2333 2115 Et
2370 2057 2453 2116 ait
2499 2074 2689 2116 senex
2729 2074 2741 2116 :
2789 2059 2923 2117 Non
2965 2064 3023 2117 te
3072 2056 3439 2135 impugnant

1863 2154 2328 2233 cogitationes?
2405 2160 2478 2217 At
2541 2156 2644 2217 ille
2737 2157 3122 2235 reSpondit:
3194 2158 3437 2216 Interea

1860 2255 2024 2315 bene
2093 2272 2251 2317 sum.
2318 2258 2738 2318 Erubescebat
2806 2258 2971 2317 enim
3051 2256 3283 2317 dicere.
3366 2256 3439 2314 Et

1865 2354 2020 2414 dixit
2077 2356 2133 2417 ei
2210 2374 2401 2418 senex
2453 2359 2661 2419 :Ecce
2736 2366 2887 2435 quot
2957 2374 3157 2419 annos
3207 2374 3343 2418 sum
3372 2357 3438 2419 in

1866 2455 2223 2531 solitudine,
2256 2465 2317 2518 et
2347 2459 2424 2519 ab
2456 2458 2746 2519 omnibus
2776 2457 3075 2531 honoror,
3113 2465 3174 2519 et
3217 2458 3281 2518 in
3324 2457 3437 2519 hac

1866 2563 2088 2629 aetate,
2116 2575 2254 2619 cum
2279 2559 2393 2618 sim
2416 2576 2629 2632 senex,
2653 2558 2983 2619 molestant
3017 2557 3175 2629 134
3202 2574 3303 2619 me
3327 2574 3437 2620 co-

1868 2659 2197 2734 gitationes
2250 2677 2448 2721 meae.
2501 2660 2848 2739 Respondit
2902 2658 3372 2738 'l‘heOpemptus
3423 2677 3439 2718 :

1869 2758 2063 2820 Crede
2114 2758 2287 2831 mihi,
2327 2760 2506 2833 abba,
2540 2760 2687 2838 quia
2728 2759 3011 2820 similiter
3055 2766 3115 2819 et
3143 2759 3296 2819 mihi
3344 2758 3438 2821 fa-

1870 2857 2063 2919 ciunt.
2096 2860 2267 2921 Tunc
2297 2876 2487 2920 senex
2519 2859 2793 2936 singulas
2824 2860 3232 2937 cogitationes
3265 2862 3442 2938 quasi

1871 2976 1939 3020 se
1968 2961 2408 3038 impugnantes
2448 2959 2739 3036 ﬁngebat,
2764 2977 3092 3038 usquequo
3116 2967 3315 3021 totum
3352 2961 3443 3023 illi

1870 3058 2341 3138 Theopemptus
2367 3060 2789 3120 conﬁteretur.
2818 3062 2960 3121 Post
2985 3061 3138 3121 haec
3160 3061 3312 3121 dixit
3340 3062 3403 3132 ei
3425 3081 3432 3090 ·

1796 3154 1842 3214 C
1872 3159 2407 3230 Quemadmodum
2428 3158 2708 3220 ieiunas?
2727 3163 2799 3220 At
2820 3160 2924 3221 ille
2952 3160 3100 3222 dicit
3122 3161 3179 3221 ei
3200 3179 3212 3220 :
3230 3162 3443 3241 Usque

1868 3257 1947 3317 ad
1978 3274 2227 3318 nonam.
2264 3258 2370 3317 Cui
2402 3274 2595 3318 senex
2624 3258 2709 3318 ait
2740 3259 2985 3336 :Usque
3014 3259 3090 3320 ad
3118 3276 3441 3338 vesperam

1866 3355 2102 3431 ieiuna,
2140 3363 2201 3417 et
2230 3356 2307 3417 de
2338 3357 2669 3435 Evangelio
2709 3357 2804 3418 vel
2836 3359 2913 3419 de
2952 3358 3086 3419 aliis
3110 3358 3446 3439 Scripturis

1870 3458 2005 3519 sine
2041 3459 2384 3519 cessatione
2430 3476 2679 3537 semper
2725 3458 2958 3538 aliquid
3002 3460 3333 3534 meditare;
3383 3467 3446 3524 et

1870 3557 2118 3635 quoties
2146 3557 2255 3617 tibi
2281 3557 2486 3636 aliqua
2526 3558 2849 3620 immunda
2896 3558 3187 3635 cogitatio
3219 3577 3435 3639 super-

1869 3655 2129 3730 venerit,
2165 3674 2484 3735 nunquam
2522 3656 2815 3718 deorsum
2844 3658 3129 3737 aspicias,
3164 3660 3274 3720 sed
3302 3677 3440 3721 sur-

1871 3772 2033 3828 sum,
2067 3765 2128 3817 et
2154 3773 2300 3817 mox
2320 3757 2619 3818 Dominus
2647 3758 2758 3817 tibi
2783 3758 3025 3819 adiutor
3051 3766 3164 3819 est.
3195 3760 3269 3819 Et
3296 3777 3444 3821 mox

1870 3853 1953 3913 ita
1988 3852 2271 3914 discessit
2296 3856 2488 3916 abbas
2516 3856 2815 3917 Macarius
2842 3855 2906 3917 in
2938 3859 3256 3936 propriam
3297 3858 3445 3919 soli-

1870 3951 2175 4012 tudinem.
2199 3955 2555 4032 Iterumque
2578 3955 2738 4015 viam
2765 3956 3275 4036 circumspiciens
3295 3958 3447 4020 vidit

1872 4051 2244 4112 daemonem
2278 4052 2663 4124 redeuntem,
2699 4060 2760 4114 et
2800 4055 3057 4132 requirit
3090 4072 3231 4116 eum
3268 4074 3280 4116 :
3310 4058 3445 4129 Quo

1872 4150 2082 4214 vadis?
2111 4157 2183 4212 At
2227 4153 2330 4214 ille
2378 4155 2700 4233 respondit
2737 4173 2747 4213 :
2783 4155 2981 4216 Simili
3027 4157 3218 4219 modo
3266 4176 3444 4221 com-

1874 4270 2125 4315 movere
2143 4251 2507 4334 (10)fratres.
2524 4256 2671 4314 Cum
2690 4260 2891 4315 autem
2907 4263 3338 4332 reverteretur,
3352 4276 3450 4321 re-

1876 4354 2124 4433 quisivit
2152 4372 2317 4428 eum,
2350 4340 2879 4433 quemadmodum
2915 4360 3170 4433 agerent
3201 4357 3435 4420 fratres.

1877 4460 1949 4515 At
1977 4456 2082 4516 ille
2126 4456 2278 4516 dixit
2307 4474 2319 4516 :
2348 4455 2532 4528 Male,
2582 4457 2875 4535 quoniam
2911 4472 3129 4519 omnes
3175 4468 3447 4535 agrestes

196 4571 329 4616 non
362 4559 593 4632 potest,
617 4553 736 4613 nisi
758 4570 955 4613 unum
977 4568 1054 4611 ex
1072 4552 1225 4630 ipsis
1254 4551 1504 4632 aliquod
1536 4554 1777 4633 placeat
1808 4551 1841 4558 '
1879 4555 2085 4619 effecti
2115 4562 2279 4627 sunt,
2318 4562 2400 4628 et,
2436 4556 2604 4633 quod
2654 4555 2730 4615 de
2777 4555 3068 4617 omnibus
3113 4559 3293 4636 peius
3330 4567 3444 4633 est,

194 4656 295 4717 iis.
326 4657 401 4716 Et
430 4654 585 4715 haec
616 4654 831 4722 dicens
864 4652 1164 4714 discessit.
1196 4653 1540 4714 Permansit
1570 4664 1776 4716 autem

196 4773 395 4817 senex
428 4756 653 4815 iterum
685 4755 840 4814 viam
883 4754 1415 4832 circumspiciens,
1446 4770 1776 4832 usquequo

197 4857 457 4928 rediret,
505 4862 588 4929 et,
638 4872 781 4916 cum
832 4853 1083 4926 rediret,
1136 4854 1285 4916 dicit
1331 4854 1435 4915 ei:
1481 4854 1773 4915 Salverisl

195 4958 360 5020 Dicit
405 4964 467 5019 et
511 4956 617 5016 ille
667 4973 679 5015 :
730 4953 1055 5027 Quomodo
1101 4954 1269 5016 istud
1316 4953 1469 5014 mihi
1519 4955 1769 5017 verbum

268 5183 343 5253 (Ι)
377 5180 489 5234 νγ.
519 5179 619 5234 ΡΡ.
651 5178 867 5233 Rosow.
905 5178 996 5231 lih.
1030 5176 1096 5230 Ill
1125 5192 1243 5247 cap.
1274 5176 1344 5230 42
1364 5191 1421 5246 p.
1458 5174 1584 5240 507,
1618 5176 1673 5228 2.

263 5276 342 5342 (2)
372 5272 505 5327 Ibid.
536 5286 652 5340 cap.
680 5270 748 5323 43
787 5286 839 5340 ῃ.
868 5270 993 5330 507.
1030 5270 1085 5322 2.

276 5367 355 5437 (ὅ)
387 5365 523 5420 Ibid.
547 5380 665 5433 cap.
697 5364 763 5418 87
799 5378 849 5433 p.
898 5363 1023 5424 515.
1052 5364 1107 5417 2.

273 5459 352 5529 (4)
381 5456 464 5512 er.
493 5456 539 5527 ς.
569 5456 637 5509 26
664 5455 867 5525 p.110.
919 5454 1035 5507 na.
1072 5451 1191 5523 θεά
1217 5467 1269 5521 ρ.
1315 5452 1417 5505 ωδ
1451 5467 1535 5521 sq.
1569 5451 1596 5521 ς
1628 5450 1697 5504 es
1721 5465 1774 5521 p.

204 5553 306 5605 116
337 5567 422 5619 sq.
465 5548 511 5620 ᾗ.
554 5549 619 5602 17
651 5564 703 5617 p.
733 5547 801 5601 65
829 5562 912 5615 sq.

271 5645 347 5714 (5)
378 5642 508 5712 Cap.
537 5641 659 5694 5‘51.
689 5640 725 5694 l.
758 5655 811 5708 p.
836 5638 959 5702 θοι),
996 5638 1042 5689 ι.

268 5733 345 5803 (6)
376 5729 487 5783 νγ.
518 5728 621 5783 ΡΡ.
647 5728 830 5781 Rosw.
858 5728 950 5780 lib.
978 5724 1018 5777 V
1044 5726 1205 5779 libell.
1237 5723 1291 5787 4,
1318 5724 1388 5778 26
1418 5740 1468 5794 p.
1499 5723 1624 5788 569,
1646 5723 1700 5777 2.

276 5825 355 5894 (7)
380 5822 617 5878 Coleler.
648 5819 795 5874 Eccl.
833 5817 1015 5873 Graec.
1083 5815 1215 5870 \lou.
1274 5814 1324 5868 Γ.
1366 5815 1383 5868 Ι
1415 5832 1464 5886 p.
1502 5815 1601 5869 555
1632 5832 1675 5869 s.
1722 5832 1767 5866 ν.

1875 4673 2017 4717 eum
2078 4673 2263 4734 quem
2320 4655 2509 4716 habui
2576 4656 2847 4717 amicum
2932 4662 2992 4715 et
3051 4658 3446 4720 obedientem

1876 4755 2050 4828 mihi,
2081 4756 2215 4833 ipse
2248 4754 2460 4815 nescio
2508 4754 2830 4833 quomodo
2874 4773 3209 4817 conversus
3239 4766 3353 4830 est,
3386 4768 3448 4820 et

1878 4856 2169 4916 omnibus
2197 4844 2464 4933 amplius
2508 4855 2790 4934 asperior
2835 4854 2988 4915 mihi
3026 4855 3192 4917 visus
3224 4864 3337 4917 est.
3376 4860 3449 4918 Et

1877 4954 2120 5028 iuravit,
2164 4972 2291 5015 non
2338 4954 2425 5013 ibi
2474 4955 2792 5029 accedere,
2836 4954 2954 5015 nisi
3000 4962 3142 5035 post
3184 4956 3446 5021 multum

1887 5169 2159 5225 Macarius
2194 5171 2479 5241 Aegyptius
2519 5170 2546 5241 ᾗ
2593 5168 2669 5236 X;
2698 5169 2839 5223 infra
2862 5170 2913 5223 iu
2936 5170 3128 5224 harum
3161 5172 3447 5237 Quaestio-

1886 5279 2016 5317 num
2042 5262 2347 5331 Appendice
2376 5262 2544 5316 altera
2573 5261 2675 5316 sub
2705 5260 2791 5314 lll.

1955 5355 2029 5424 (8)
2061 5354 2147 5407 Sic
2174 5353 2471 5408 monachos
2497 5352 2696 5406 Nitriae
2733 5350 3000 5409 Macarius
3036 5352 3333 5423 Aegyptius
3360 5355 3447 5408 in-

1881 5446 2060 5500 visere
2086 5445 2315 5498 solebat.
2335 5435 2417 5496 Cf.
2452 5441 2642 5512 intra§
2693 5443 2779 5497 54.

1955 5536 2031 5603 (9)
2062 5534 2170 5599 Sic,
2225 5534 2368 5588 facili
2396 5536 2547 5603 lapsu
2575 5549 2671 5602 pro
2708 5549 3052 5597 commonere,
3084 5541 3139 5587 ut
3165 5533 3316 5588 estin
3346 5533 3447 5590 lib.

1882 5625 1972 5681 Vll
2000 5640 2119 5695 cap.
2164 5628 2215 5689 1,
2258 5627 2310 5680 8.
2333 5625 2466 5679 Cod.
2496 5625 2658 5678 Corb.
2709 5640 3032 5677 commonere
3064 5632 3118 5679 et
3146 5624 3445 5680 admonere.

1883 5718 1966 5772 CI'.
1994 5718 2226 5772 C0teler.
2261 5716 2404 5770 Eccl.
2437 5714 2628 5770 Graec.
2658 5714 2799 5771 Men.
2828 5714 2888 5767 Τ.
2922 5714 2937 5768 l
2977 5732 3027 5786 p.
3072 5715 3175 5771 815
3206 5715 3274 5770 ad
3306 5714 3361 5771 ll.
3410 5716 3446 5770 Ι.

1953 5810 2065 5881 (l0)
2092 5810 2181 5864 Sic
2208 5824 2303 5879 pro
2326 5824 2669 5862 conmanere.
