4266 6360
850 342 945 396 127

1673 338 1768 394 SS.
1812 337 2273 396 MACARIORUM
2308 335 2437 391 AEG
2454 334 2629 390 YPTII
2661 335 2749 390 ET
2788 334 3254 390 ALEXANDRINI
3964 335 4044 392 128

843 463 1111 536 tempus,
1134 461 1195 518 et
1225 454 1376 517 haec
1404 453 1618 516 dicens
1648 455 1929 518 discessit
1977 456 2086 537 (1).
2118 480 2145 511 ιο
2183 456 2414 518 Eadem
2447 463 2486 518 Α
2518 453 2697 515 editis
2721 454 2866 534 (14).
2887 455 3101 516 Fusius
3130 464 3335 516 tamen
3361 453 3574 514 eadem
3611 471 3708 515 res
3739 452 3856 515 hoc
3881 453 4045 516 altero

842 557 907 618 in
957 558 1117 620 libro
1180 559 1399 636 quinto
1479 555 1593 635 (2),
1645 563 1705 615 et
1771 558 2037 636 septimo
2103 557 2215 636 (3),
2265 558 2415 618 etin

843 657 1398 736 ApOphthegmatis
1463 675 1496 718 a
1551 658 1855 719 Cotelerio
1926 657 2105 718 editis
2155 657 2414 717 tradun-

840 765 943 816 tur
988 755 1091 834 (4),
1158 755 1276 817 hoc
1329 756 1581 834 quidem
1663 756 2046 828 discrimine,
2093 762 2160 815 ut
2206 771 2417 815 mona-

844 856 998 917 chus
1026 855 1126 917 ille
1149 857 1210 916 in
1237 857 1454 935 quinto
1488 857 1889 927 Theoctistus,
1914 857 1976 915 in
1996 855 2284 934 septimo,
2309 855 2417 934 qui

843 959 1118 1010 ceterum
1163 970 1305 1013 cum
1357 952 1514 1013 libro
1561 953 1745 1013 tertio
1795 953 1870 1013 ad
1906 953 2162 1012 verbum
2195 971 2419 1014 conve-

841 1051 976 1111 nire
1027 1051 1185 1111 solet
1227 1053 1335 1126 (5),
1381 1053 1744 1130 Theopistus
1778 1059 2066 1126 vocetur;
2100 1053 2228 1115 sola
2259 1058 2420 1133 Apo-

841 1152 1244 1227 phthegmata
1295 1168 1436 1211 cum
1485 1152 1644 1212 libro
1706 1153 1887 1212 tertio
1948 1153 2418 1230 Theopemptum

839 1249 1183 1327 appellant.
1208 1251 1402 1309 Porro
1430 1252 1490 1309 in
1517 1253 1884 1311 narrationis
1905 1251 2043 1311 libri
2066 1253 2264 1329 quinti
2297 1253 2417 1312 ﬁne

840 1350 995 1428 legis
1032 1371 1042 1410 :
1075 1375 1100 1406 ‹‹
1135 1353 1337 1411 Senex
1372 1370 1518 1412 vero
1552 1362 1798 1413 sanctus
1828 1354 2073 1413 intravit
2103 1354 2166 1412 in
2199 1353 2416 1413 cellam

841 1465 1013 1508 suam
1063 1448 1329 1508 adorans
1387 1459 1445 1509 et
1502 1452 1724 1526 gratias
1775 1468 1966 1527 agens
2023 1452 2147 1510 Deo
2206 1450 2415 1511 Salva-

840 1548 983 1618 tori,
1017 1573 1042 1601 »
1077 1548 1141 1606 in
1173 1548 1729 1626 Apophthegmatis
1765 1567 1775 1608 :
1810 1574 1835 1604 «
1861 1552 2030 1610 Tunc
2055 1557 2302 1610 sanctus
2329 1550 2420 1609 in-

843 1649 1016 1705 travit
1046 1646 1107 1705 in
1131 1646 1349 1707 cellam
1378 1665 1573 1706 suam.
1610 1671 1636 1702 »
1662 1649 1809 1708 Uter
1839 1666 1981 1708 vero
2013 1649 2418 1708 Macariorum

2518 555 3126 634 ApOphthegmatum
3173 555 3311 616 loco
3361 555 3748 633 explicatur:
3790 578 3817 608 α
3857 557 4044 616 Narra-

2518 654 2687 728 bant,
2747 656 2812 716 in
2873 656 3150 716 absentia
3197 657 3443 716 Macarii
3497 656 3738 716 abbatis
3777 655 4050 718 latronem

2517 756 2865 832 ingressum
2921 772 3056 816 esse
3129 753 3413 815 cellulam
3484 755 3638 816 eius.
3697 756 3838 833 Ipse
3892 757 4054 833 igitur

2519 872 2711 933 quum
2741 855 2816 915 ad
2856 854 3140 915 cellulam
3176 855 3478 927 rediisset,
3511 856 3747 917 invenit
3778 855 4052 916 latronem

2519 950 2821 1012 camelum
2861 950 3245 1028 supellectile
3283 968 3391 1010 sua
3451 959 3837 1013 onerantem.
3879 955 4054 1024 Quare

2516 1047 2820 1109 introiens
2848 1048 2912 1108 in
2942 1049 3226 1110 cellulam
3259 1057 3318 1110 et
3347 1051 3645 1111 Macarius
3681 1052 3757 1112 de
3791 1053 3937 1112 vasis
3961 1070 4053 1112 ac-

2520 1148 2810 1226 cipiebat,
2862 1154 2922 1208 et
2966 1165 3090 1208 una
3120 1166 3260 1209 cum
3303 1166 3377 1209 eo
3418 1150 3716 1210 onerabat
3753 1153 4032 1213 camelum

2519 1249 2766 1310 Sarcina
2811 1251 3000 1326 igitur
3043 1250 3333 1327 imposita
3365 1250 3463 1310 fur
3509 1253 3717 1329 coepit
3759 1255 4059 1314 verberare

2520 1349 2847 1421 camelum,
2873 1357 2938 1408 ut
2968 1357 3264 1424 surgeret.
3296 1351 3509 1427 Neque
3539 1357 3746 1410 tamen
3770 1354 4059 1428 surgebat.

2520 1449 2693 1518 Quod
2733 1448 2840 1506 ubi
2877 1449 3024 1507 vidit
3063 1447 3251 1507 abbas
3297 1450 3618 1521 Macarius,
3657 1450 3936 1511 cellulam
3982 1454 4065 1511 in-

2521 1564 2766 1624 gressus
2801 1553 2957 1622 136
2985 1564 3237 1625 parvum
3282 1547 3591 1607 sarculum
3626 1549 3878 1621 invenit,
3909 1552 4063 1629 quod

2520 1646 2812 1706 emissum
2845 1647 3140 1723 imposuit
3170 1645 3407 1705 camelo
3439 1647 3925 1720 dicens:Frater,
3957 1649 4065 1711 hoc

840 1744 1240 1822 intelligatur,
1270 1747 1476 1806 dicere
1509 1746 1772 1807 haesito.
1803 1747 2413 1825 Apophthegmatum
2449 1795 2488 1848 Β
2521 1747 2764 1823 quaerit
2812 1745 3107 1806 camelus.
3135 1749 3216 1806 Ac
3255 1744 3414 1823 pede
3445 1745 3700 1823 pulsans
3729 1764 3860 1806 eam
3889 1765 4067 1808 senex

841 1844 1095 1920 quidem
1135 1845 1504 1923 compilator
1537 1847 1866 1906 Maearium
1899 1847 2266 1923 Aegyptium
2298 1862 2407 1921 ag-

841 1945 1031 2005 novit.
1080 1947 1204 2006 Nec
1237 1964 1492 2024 prorsus
1541 1946 1881 2019 immerito;
1921 1947 2075 2015 135
2108 1964 2246 2006 nam
2280 1948 2408 2007 Ma-

841 2045 1042 2104 carius
1085 2046 1424 2124 Aegyptius
1457 2046 1669 2124 procul
1704 2045 2088 2124 aliquantum
2119 2063 2153 2106 a
2190 2063 2408 2106 mona-

839 2143 1003 2216 chis,
1073 2147 1299 2222 quibus
1367 2154 1680 2219 praeerat,
1747 2146 2057 2205 habitasse
2113 2145 2409 2223 perhibe-

838 2251 939 2304 tur
1005 2243 1106 2323 (6).
1161 2252 1231 2305 At
1302 2264 1512 2306 nonne
1567 2245 1643 2305 de
1693 2247 1956 2307 Macario
1993 2247 2410 2307 Alexandrino

841 2343 1208 2405 Cellularum
1230 2346 1593 2424 presbytero
1613 2346 1775 2405 idem
1799 2343 2218 2405 valebit?lnde
2241 2363 2408 2418 vero,

843 2444 1011 2520 quod
1045 2445 1372 2505 Macarium
1411 2445 1583 2506 illum
1620 2447 1684 2505 in
1724 2463 2063 2524 paueremo
2105 2445 2412 2506 habitasse

842 2541 994 2620 legis
1073 2546 1179 2622 (7),
1246 2533 1574 2606 Macarium
1629 2547 1999 2624 Aegyptium
2045 2545 2236 2606 fuisse
2286 2564 2413 2607 non

841 2651 1028 2715 natet,
1067 2653 1394 2723 prOpterea
1427 2646 1595 2723 quod
1629 2646 1811 2706 etiam
1839 2645 2104 2706 Cellulae
2134 2646 2197 2705 in
2229 2662 2415 2724 pane-

841 2759 1016 2802 remo
1067 2745 1217 2804 sitae
1268 2752 1462 2804 erant.
1513 2750 1710 2821 Atque
1764 2746 2094 2804 Macarium
2146 2744 2413 2804 Alexan-

844 2843 1092 2903 drinum
1122 2844 1426 2904 daemone
1447 2844 1830 2905 familiariter
1849 2862 2029 2904 usum
2061 2862 2196 2905 esse
2227 2863 2415 2923 supra

842 2945 1249 3019 cognovimus
1307 2943 1408 3022 (8).
1453 2945 1572 3003 Sed
1647 2944 1966 3022 quomodo
2011 2945 2278 3005 daemon
2307 2944 2417 3006 ho-

841 3039 1044 3100 mines
1074 3046 1291 3113 tentet,
1326 3040 1701 3116 singularem
1745 3041 1810 3100 in
1856 3041 2113 3102 modum
2143 3044 2202 3102 S.
2235 3043 2417 3104 Atha-

841 3140 1052 3199 nasius
1087 3140 1152 3200 in
1185 3141 1304 3200 vita
1341 3142 1400 3199 S.
1434 3141 1679 3201 Antonii
1721 3140 2046 3219 descripsit
2085 3142 2164 3222 (9)

923 3259 949 3289 «
980 3237 1180 3296 Abbas
1215 3238 1514 3297 Macarius
1546 3256 1688 3298 cum
1731 3245 1894 3298 esset
1923 3239 1988 3298 in
2031 3244 2311 3318 Aegypto
2361 3249 2422 3302 et

845 3351 1129 3411 egressus
1158 3335 1373 3398 fuisset
1407 3337 1481 3397 de
1516 3337 1670 3398 cella
1700 3355 1832 3409 sua,
1870 3355 2151 3399 reversus
2185 3341 2421 3401 invenit

843 3435 1158 3512 quendam
1179 3434 1488 3496 furantem
1510 3437 1594 3508 id,
1620 3437 1787 3514 quod
1817 3437 1880 3496 in
1907 3437 2061 3497 cella
2083 3456 2191 3498 sua
2225 3439 2416 3500 habe-

844 3533 966 3593 bat.
1005 3535 1177 3592 Stetit
1200 3551 1348 3612 ergo
1383 3543 1443 3596 et
1463 3537 1597 3614 ipse
1621 3544 1914 3614 tanquam
1942 3539 2328 3614 peregrinus,
2357 3546 2417 3598 et

846 3633 1165 3693 carricavit
1201 3633 1558 3714 (10)animal
1589 3653 1729 3696 cum
1763 3635 1870 3694 illo
1910 3652 2049 3695 cum
2090 3636 2280 3696 multa
2316 3654 2415 3696 re-

846 3733 1018 3810 quie,
1050 3741 1110 3793 et
1143 3734 1434 3812 perduxit
1462 3751 1604 3794 eum
1644 3734 1858 3794 dicens
1896 3752 1907 3793 :
1945 3734 2106 3793 Nihil
2147 3736 2210 3794 in
2250 3735 2418 3797 hunc

847 3831 1147 3890 mundum
1178 3831 1532 3904 intulimus;
1564 3833 1864 3892 Dominus
1894 3833 2086 3905 dedit,
2118 3834 2418 3894 Dominus

846 3929 1132 4004 abstulit;
1167 3932 1327 3992 sicut
1367 3939 1429 3992 et
1473 3933 1610 4010 ipse
1652 3932 1866 4004 voluit,
1898 3934 1980 3992 ita
2014 3933 2244 3995 factum
2279 3941 2412 4006 est;

847 4029 1210 4090 benedictus
1223 4030 1520 4090 Dominus
1548 4030 1609 4088 in
1633 4030 1921 4089 omnibus
1939 4030 1988 4103 (1
2006 4031 2081 4106 1).
2097 4056 2120 4083 υ
2140 4032 2307 4091 Idem
2327 4049 2422 4092 re-

846 4129 1013 4207 peris
1042 4129 1106 4188 in
1128 4127 1284 4188 libro
1308 4129 1525 4206 quinto
1556 4128 1697 4204 (12),
1733 4130 1838 4189 ubi
1869 4132 2058 4190 abbas
2088 4129 2191 4190 ille
2235 4155 2260 4184 «
2289 4134 2417 4191 Ma-

847 4228 1049 4288 carius
1078 4229 1141 4287 in
1190 4232 1467 4306 Aegypto
1511 4229 1801 4305 positus»
1846 4235 2118 4298 vocatur,
2146 4229 2209 4288 in
2254 4228 2412 4291 libro

845 4327 1112 4404 septimo
1139 4323 1282 4404 (13),
1308 4332 1367 4384 et
1386 4325 1451 4384 in
1481 4324 2037 4402 Apophthegmatis
2058 4343 2092 4384 a
2109 4324 2412 4386 Cotelerio

2517 1846 2598 1905 ait
2632 1864 2641 1904 :
2676 1843 3368 1921 Surge.Confestimque
3405 1845 3692 1918 surrexit,
3735 1852 3794 1906 et
3830 1864 4070 1924 parum-

2517 1943 2887 2021 peritineris
2927 1943 3195 2003 confecit
3231 1950 3487 2021 prOpter
3532 1945 3667 2004 eius
3705 1962 4068 2006 sermonem.

2517 2042 2636 2102 Sed
2679 2043 2902 2102 iterum
2942 2042 3192 2115 resedit,
3227 2059 3434 2121 neque
3477 2045 3845 2117 exsurrexit,
3880 2046 4071 2106 donec

2519 2145 2958 2223 deposuissent
3013 2151 3299 2204 cunctam
3369 2143 3840 2222 supellectilem.
3912 2148 4074 2208 Tunc

2518 2246 2768 2306 demum
2799 2246 2944 2306 abiit
2972 2243 3119 2322 (15).
3153 2267 3177 2299 ››
3211 2244 3540 2304 Macarium
3567 2247 3957 2324 Aegyptium,
3982 2249 4077 2308 cui

2519 2345 3136 2425 Apophthegmatum
3180 2342 3548 2421 compilator
3603 2363 3733 2404 rem
3787 2348 4076 2418 attribuit,

2518 2445 2873 2522 signiﬁcari,
2922 2444 3062 2504 libri
3096 2443 3296 2522 quinti
3338 2443 3522 2503 verba
3565 2460 3575 2501 :
3612 2467 3639 2498 ς(
3689 2446 3986 2507 Macarius
4018 2447 4078 2506 in

2518 2549 2799 2622 Aegypto
2838 2544 3135 2622 positus,»
3173 2549 3233 2602 et
3263 2542 3501 2614 eadem,
3527 2561 3685 2621 quae
3716 2548 3880 2626 apud
3903 2549 4076 2608 Cote~

2520 2643 2739 2705 lerium
2772 2650 2936 2713 sunt,
2960 2643 3258 2704 vocabula
3298 2661 3515 2722 graeca
3543 2662 3554 2703 :
3580 2649 3863 2716 Μακάριος
3905 2650 3960 2699 ἐν
4001 2650 4086 2699 Ai-

2520 2748 2709 2818 γύπτῳ
2731 2751 2803 2801 ὢν
2827 2746 2971 2805 satis
2996 2747 3426 2824 comprobant.
3452 2745 3561 2805 Illa
3591 2743 3722 2804 Iobi
3756 2741 3939 2801 Verba
3969 2743 4088 2800 Ma-

2523 2840 2726 2899 carius
2768 2843 3104 2924 Aegyptius
3154 2843 3334 2902 etiam
3381 2843 3444 2901 in
3483 2839 3756 2901 homiliis
3802 2837 4088 2897 laudibus

2524 2939 3154 3018 effert(16).Latrones
3183 2958 3330 3002 vero
3355 2941 3462 3002 illo
3488 2951 3771 3018 tempore
3807 2936 3872 2996 in
3897 2940 4093 3013 Aegy-

2521 3040 2611 3116 pti
2647 3040 2907 3101 desertis
2933 3043 3290 3102 creberrimi
3325 3050 3522 3102 erant.
3564 3042 3645 3099 De
3678 3038 3939 3107 latrone,
3989 3036 4095 3113 qui

2445 3145 2486 3201 C
2519 3140 2816 3216 virginem
2856 3143 2980 3202 Deo
3030 3150 3327 3202 sacratam
3369 3159 3402 3202 e
3450 3140 3740 3200 manibus
3779 3137 4097 3197 sociorum

2523 3244 2804 3315 stuprare
2839 3255 2972 3299 eam
3007 3240 3391 3316 cupientium
3431 3237 3682 3315 eripuit,
3717 3235 3871 3310 legis
3914 3232 3986 3292 in
4023 3231 4099 3290 li—

2524 3337 2638 3397 bro
2684 3338 2963 3398 secundo
3001 3339 3146 3416 (17).
3173 3339 3398 3399 Cellam
3439 3341 3497 3397 S.
3535 3336 3870 3398 Hilarionis
3904 3334 4101 3394 Iatro-

2526 3453 2634 3495 nes
2693 3455 2804 3514 per
2852 3445 3043 3499 totam
3099 3447 3346 3499 noctem
3411 3438 3831 3515 quaesierunt,
3890 3451 4106 3512 neque

2522 3535 2800 3595 invenire
2831 3544 3168 3614 potuerunt
3216 3537 3362 3616 (18).
3405 3538 3465 3595 S.
3501 3535 3787 3596 Ammoni
3824 3534 4109 3594 latrones

2524 3635 2882 3713 frequenter
2914 3654 3137 3714 panem
3169 3636 3575 3707 abstulerunt,
3618 3652 3810 3712 quare
3843 3644 4107 3694 sanctus

2525 3734 2682 3793 duos
2714 3735 2905 3794 eremi
2941 3735 3243 3795 dracones
3279 3735 3566 3811 ingentes
3593 3734 3666 3794 ad
3705 3733 3937 3793 ostium
3974 3731 4108 3793 cel-

2525 3833 2620 3894 lae
2675 3834 3022 3907 collocavit,
3070 3852 3339 3913 quorum
3401 3841 3659 3912 aspectu
3722 3833 4107 3902 semineces,

2525 3951 2718 4010 quum
2763 3935 3392 4012 appropinquassent,
3444 3934 3716 3994 latrones
3767 3933 3830 3992 in
3875 3931 4112 3992 cellam

2525 4029 3112 4100 introducti,mensa
3133 4033 3441 4110 apposita,
3467 4031 3532 4091 in
3565 4031 3889 4091 meliorem
3913 4031 4113 4089 vitam

2526 4131 2810 4190 conversi
2845 4138 2986 4189 sunt
3022 4129 3163 4209 (19).
3197 4131 3366 4191 Bello
3390 4132 3552 4190 inter
3572 4129 4117 4191 duorumincolas

2523 4245 2827 4306 pagorum
2856 4238 3071 4290 coorto
3095 4229 3501 4289 alterlatrone
3532 4228 3798 4306 quodam
3834 4228 4009 4288 duce
4036 4228 4116 4289 ad

2519 4329 2752 4390 bellum
2805 4330 3147 4406 gerendum
3196 4330 3462 4389 maxime
3518 4329 3748 4389 idoneo
3810 4328 4116 4389 conﬁde-

917 4558 994 4628 (ι)
1055 4555 1163 4609 vv.
1224 4556 1329 4609 pp.
1384 4556 1563 4610 Rosw.
1611 4558 1703 4611 lib.
1771 4556 1837 4610 ιιι
1898 4571 2012 4624 cap.
2062 4556 2123 4609 61
2184 4571 2238 4625 ρ.
2285 4556 2489 4620 510,1)
2591 4556 3253 4626 (12)]bid.lib.Vlibell.
3289 4558 3427 4622 16,6
3487 4558 3776 4626 p.651.1.

852 4652 876 4704 1
915 4665 998 4717 sq.

919 4739 1159 4810 (2)1bid.
1192 4740 1285 4792 lib.
1328 4737 1369 4790 v
1401 4738 1569 4791 libell.
1601 4739 1687 4801 18,
1723 4737 1752 4790 9
1797 4754 1846 4805 p.
1893 4737 2016 4798 637,
2066 4737 2086 4789 ι
2141 4753 2224 4806 sq.

915 4832 993 4901 (δ)
1031 4830 1162 4883 Ibid.
1201 4830 1292 4883 lib.
1328 4827 1419 4881 vn
1449 4844 1566 4896 cap.
1595 4828 1644 4892 1,
1670 4829 1702 4880 8
1733 4844 1783 4895 p.
1813 4828 1937 4892 665,
1965 4829 1998 4880 2
2025 4843 2106 4896 sq.

915 4922 990 4991 (1)
1022 4921 1253 4974 Coteler.
1282 4919 1432 4973 Eccl.
1460 4918 1652 4972 Graec.
1689 4917 1831 4970 Mon.
1871 4917 1935 4970 Τ.
1972 4917 1988 4969 1
2020 4934 2069 4982 p.
2105 4917 2208 4970 553.8
2239 4932 2322 4983 sq.
2366 4929 2410 4967 s.

845 5027 895 5063 ν.
931 5008 1195 5061 Macarius
1228 5009 1511 5076 Aegyptius
1542 5005 1569 5077 ᾗ
1610 5006 1710 5071 Ill;
1757 5006 1898 5059 infra
1934 5007 1986 5058 in
2019 5007 2209 5059 harum
2235 5005 2416 5068 Quae-

845 5102 1082 5156 stionum
1113 5099 1424 5168 Appendice
1455 5099 1621 5150 altera
1656 5098 1759 5150 sub
1785 5096 1873 5150 lll.

914 5189 990 5257 (5')
1013 5187 1096 5240 Cf.
1124 5202 1285 5256 supra
1316 5185 1341 5256 §
1374 5187 1435 5239 10
1472 5203 1522 5255 p.
1557 5188 1646 5240 35.

915 5279 991 5349 (ti)
1027 5278 1108 5333 Cf.
1143 5295 1305 5346 supra
1336 5279 1390 5349 §§
1431 5280 1516 5342 1:2,
1561 5280 1641 5343 13,
1671 5295 1722 5349 p.
1750 5278 1839 5338 38,
1868 5278 1952 5330 41.

913 5372 990 5441 (7)
1027 5368 1294 5438 Apophth.
1327 5369 1361 5423 I.
1391 5368 1430 5421 I.

915 5464 990 5532 (8)
1028 5461 1111 5516 Cf.
1147 5479 1311 5530 supra
1342 5461 1367 5532 §
1394 5462 1483 5522 28,
1516 5475 1568 5528 p.
1604 5459 1703 5513 116
1737 5475 1818 5526 sq.

911 5555 990 5627 (9)
1025 5554 1158 5622 Opp.
1198 5553 1485 5606 Athanasii
1526 5553 1613 5606 ed.
1645 5553 1680 5605 I.
1705 5551 1768 5604 T.
1807 5549 1823 5602 I
1869 5550 1928 5602 P.
1965 5548 2005 5601 II
2047 5566 2098 5618 p.
2139 5549 2266 5602 651.

910 5645 1022 5715 (10)
1066 5644 1144 5697 Ad
1177 5644 1316 5697 hanc
1370 5658 1551 5698 vocem
1585 5645 1751 5713 gloss.
1797 5652 1925 5696 vett.
1975 5643 2202 5704 carrico,
2237 5655 2410 5693 onero.

841 5737 1022 5791 Rosw.
1053 5737 1088 5790 l.
1121 5737 1155 5788 I.
1187 5753 1238 5805 p.
1268 5735 1437 5794 535,1
1476 5744 1587 5788 not.
1617 5736 1700 5787 1'5.

911 5829 1022 5898 (11)
1055 5825 1165 5883 γν.
1201 5826 1303 5882 ΡΡ.
1329 5827 1510 5882 Rosw.
1539 5828 1630 5882 lib.
1660 5827 1727 5882 Ill
1759 5843 1877 5897 cap.
1912 5827 1979 5882 75
2008 5841 2058 5896 p.
2097 5823 2216 5888 512,
2255 5823 2302 5876 1.

2588 4651 2698 4718 (1'5)
2727 4651 2864 4703 Ibid.
2896 4651 2990 4702 lib.
3028 4648 3109 4700 vn
3135 4665 3256 4716 cap.
3291 4650 3470 4714 3,1p.
3517 4647 3638 4710 666,
3674 4648 3725 4702 2.

2587 4739 2695 4809 (14)
2727 4738 2961 4792 Coteler.
2993 4739 3136 4790 Eccl.
3163 4738 3354 4791 Graec.
3391 4737 3534 4788 Mon.
3563 4736 3625 4788 Τ.
3676 4735 3692 4787 l
3736 4751 3786 4804 p.
3814 4735 3924 4791 536
3957 4753 4013 4792 ε.
4064 4753 4116 4790 v.

2516 4831 2783 4884 Macarius
2809 4830 3140 4900 Aegyptius§
3190 4830 3382 4894 (VIII;
3418 4830 3560 4882 infra
3605 4831 3658 4882 in
3696 4830 3887 4882 harum
3923 4830 4122 4896 Quae-

2515 4923 2751 4978 stionum
2790 4921 3098 4989 Appendice
3119 4922 3286 4974 altera
3311 4920 3412 4973 sub
3441 4920 3528 4974 Ill.

2587 5012 2697 5083 (l5)
2743 5011 2876 5066 Ibid.
2906 5029 2956 5081 p.
2984 5012 3089 5065 548
3121 5028 3167 5066 s.
3205 5028 3256 5066 ν.
3288 5012 3560 5064 Macarius
3593 5009 3875 5078 Aegyptius
3926 5006 3958 5077 §
4007 5006 4123 5060 XL.

2587 5105 2699 5171 (16)
2731 5104 2815 5157 Cf.
2860 5103 3002 5157 infra
3033 5105 3210 5157 locum
3241 5103 3396 5156 Hom.
3429 5102 3472 5155 Υ
3519 5118 3547 5156 a
3594 5103 3751 5155 nobis
3799 5117 3960 5154 nunc
4011 5105 4125 5170 pri-

2518 5211 2665 5248 mum
2698 5195 2925 5247 editum.

2588 5286 2698 5353 (ιτ)
2727 5283 2840 5340 vv.
2874 5284 2977 5337 PP.
3006 5284 3187 5339 Rosw.
3215 5284 3308 5338 lib.
3333 5281 3374 5335 ιι
3410 5298 3527 5351 cap.
3561 5281 3626 5334 16
3651 5297 3700 5350 p.
3723 5279 3847 5341 ιιι,
3883 5279 3915 5332 ι
3956 5297 3976 5347 ;
4010 5279 4129 5332 Ru-

2521 5377 2610 5429 Iini
2633 5375 2770 5445 Opp.
2802 5376 2888 5429 ed.
2919 5375 3152 5429 Vallarsi
3186 5392 3238 5444 p.
3268 5375 3392 5437 176,
3439 5375 3620 5442 Migne
3651 5390 3704 5442 p.
3739 5372 3864 5426 456.

2588 5467 2697 5535 (18)
2726 5466 2844 5520 Vita
2876 5465 2932 5520 S.
2965 5466 3232 5521 Hilarion.
3275 5482 3396 5536 cap.
3429 5466 3482 5530 7,
3531 5465 3642 5519 νγ.
3678 5463 3783 5518 ΡΡ.
3821 5461 4038 5518 Rosw.
4072 5479 4128 5530 p.

2520 5557 2690 5619 77,1.

2593 5646 2701 5713 (19)
2734 5644 2838 5698 ιτν.
2876 5645 2974 5700 PP.
3013 5647 3193 5701 Rosw.
3233 5646 3326 5701 lib.
3367 5645 3409 5698 II
3451 5661 3573 5715 cap.
3621 5644 3652 5698 8
3681 5659 3732 5713 p.
3764 5644 3892 5704 465,
3934 5642 4003 5696 Ξ.
4043 5656 4130 5710 sq.

2522 5737 2720 5794 Ruﬁni.
2745 5737 2880 5808 Opp.
2916 5739 3001 5794 ed.
3033 5740 3262 5794 Vullarsi
3295 5755 3347 5809 p.
3382 5737 3480 5793 158
3505 5778 3518 5803 ,
3555 5736 3733 5807 Migne
3753 5752 3808 5807 p.
3838 5736 3944 5790 ιο.
