4266 6360
191 372 294 431 £29

1669 368 1898 423 VITAE.

3314 358 3421 418 £50

189 486 291 545 bat
325 483 430 560 (1).
472 487 768 546 Facmora
809 485 1141 553 latronum,
1179 482 1648 559 eorundemque
1670 481 1745 542 ad
1778 490 1823 543 A
1852 482 2045 542 Scetis
2074 481 2292 542 abbate
2322 478 2582 540 relatum
2616 480 2799 549 esset,
2836 476 3207 555 Aegyptium
3234 475 3420 536 lutet--

190 584 510 645 meliorem
551 586 733 645 vitam
780 584 1011 643 reditus
1048 583 1110 642 in
1139 584 1261 642 VV.
1294 584 1409 641 PP.
1444 598 1753 659 saepenu-

190 700 363 744 mero
397 691 732 744 occurrunt
766 684 869 764 (2).
910 682 1224 743 Beduinos
1266 698 1519 760 quoque
1564 681 1761 740 incer-

190 784 266 843 tis
292 802 543 862 semper
562 784 814 843 sedibus
839 800 949 861 per
969 782 1335 844 solitudines
1364 783 1485 843 huc
1516 782 1661 843 illuc
1682 781 1761 842 ad

194 885 616 962 praedandum
658 892 909 961 vagatos
952 902 1113 957 esse,
1148 902 1222 945 ex
1261 882 1639 962 perpulchra
1697 883 1761 942 S.

190 986 411 1046 Malchi
444 986 562 1046 vita
601 1002 636 1046 a
672 986 732 1045 S.
778 986 1161 1064 Hieronymo
1195 984 1546 1063 conscripta
1570 983 1762 1045 disci-

191 1104 329 1146 mus
358 1084 461 1154 (3).

271 1210 299 1238 ‹‹
337 1185 613 1257 Quodam
652 1193 937 1263 tempore
1002 1191 1221 1245 orante
1260 1185 1444 1245 beato
1494 1184 1764 1245 Macario

190 1286 435 1358 abbate,
475 1302 594 1345 vox
633 1287 707 1345 ad
748 1304 888 1346 eum
941 1286 1264 1363 personuit
1304 1285 1520 1346 dicens
1565 1303 1576 1343 :
1636 1286 1762 1345 Ma-

192 1384 341 1453 cari,
380 1384 645 1445 necdum
669 1384 744 1444 ad
769 1401 1120 1444 mensuram
1151 1385 1412 1445 duarum
1435 1384 1767 1444 mulierum

196 1485 351 1553 137
384 1486 741 1565 pervenisti,
782 1503 941 1563 quae
978 1487 1040 1546 in
1074 1488 1357 1565 proxima
1392 1486 1624 1565 pariter
1664 1485 1769 1546 ha-

192 1586 389 1645 bitant
435 1586 698 1646 civitate.
751 1588 884 1657 Quo
928 1586 1141 1646 audito
1184 1604 1375 1647 senex
1424 1604 1767 1663 exsurgens

191 1689 443 1760 arrepto
479 1683 699 1743 baculo
728 1683 793 1742 in
832 1684 1215 1760 dcsignatam
1239 1685 1522 1763 pervenit
1550 1685 1764 1745 civita-

192 1791 340 1842 tem.
377 1785 655 1861 Cumque
701 1785 928 1844 ostium
973 1786 1289 1863 quaesitae
1327 1783 1551 1847 domus
1578 1790 1765 1863 atque

192 1884 479 1944 inventae
533 1884 828 1963 pulsaret,
881 1904 1127 1963 egressa
1178 1904 1304 1948 una
1344 1904 1421 1947 ex
1464 1886 1586 1947 illis
1622 1904 1766 1948 cum

190 2001 418 2061 magna
455 1984 833 2046 exultatione
861 2004 1005 2047 eum
1042 1988 1337 2065 suscepit.
1378 1989 1537 2059 Quas
1571 1994 1769 2048 utras-

192 2101 318 2162 que
359 2100 551 2144 senex
590 2094 960 2148 convocatas
989 2087 1073 2147 ita
1102 2094 1195 2147 est
1230 2087 1536 2148 allocutus
1572 2106 1583 2147 :
1624 2090 1770 2149 Pro-

193 2188 334 2259 pter
356 2199 463 2243 vos
484 2189 718 2244 tantum
741 2183 1021 2245 laborem
1053 2184 1307 2247 veniens
1329 2202 1405 2247 ex
1426 2185 1768 2248 solitudine

196 2280 539 2359 longinqua
585 2281 889 2354 sustineo,
930 2288 998 2343 ut
1030 2300 1221 2362 opera
1272 2292 1474 2347 vestra
1528 2302 1767 2364 cogno-

193 2398 626 2458 scerem,quae
645 2380 795 2441 mihi
822 2398 933 2442 vos
953 2381 1260 2443 condicite
1279 2401 1350 2444 ac
1372 2391 1633 2445 narrate.
1663 2386 1771 2445 Cui

195 2481 339 2542 illae
385 2481 474 2542 sic
515 2481 849 2542 dixerunt:
884 2482 1077 2543 Crede
1135 2483 1340 2557 nobis,
1385 2486 1771 2546 sanctissime

195 2592 397 2662 pater,
436 2584 581 2660 quia
613 2600 728 2644 nec
761 2584 1073 2662 praesenti
1117 2593 1300 2646 nocte
1337 2602 1374 2645 a
1409 2586 1768 2647 maritorum

195 2683 446 2745 lectulis
466 2684 697 2744 fuimus
730 2692 1071 2763 separatae.
1102 2684 1315 2757 Qualia
1341 2702 1490 2762 ergo
1521 2703 1709 2765 Opera
1736 2705 1771 2748 a

199 2785 386 2844 nobis
418 2783 737 2862 exquiris?
766 2785 884 2845 Sed
921 2803 1114 2846 senex
1158 2786 1224 2845 in
1261 2785 1550 2864 precibus
1572 2788 1771 2865 persi-

196 2887 419 2957 stebat,
452 2894 519 2945 ut
564 2886 620 2945 ei
668 2886 825 2946 vitae
869 2904 1016 2946 suae
1050 2886 1333 2947 ordinem
1366 2886 1770 2948 declararent.

195 2989 309 3047 Cui
340 2993 489 3048 tunc
522 2987 665 3047 illae
696 2986 1058 3064 compulsae
1086 2986 1375 3047 dixerunt
1413 3005 1425 3046 :
1452 2989 1576 3048 Nos
1606 2988 1775 3049 nulla

194 3087 364 3145 inter
402 3103 518 3145 nos
550 3102 764 3145 sumus
794 3084 1238 3162 parentelitatis
1296 3085 1585 3146 affinitate
1629 3104 1777 3147 con-

1860 581 1965 657 ligi
2010 581 2306 658 sequitur.
2357 581 2641 639 Ceterum
2695 576 2939 649 similia,
2971 575 3197 654 quibus
3240 574 3425 636 liceat

1861 682 2295 759 comprobare,
2326 679 2509 740 vitam
2538 677 2917 739 saecularem
2948 692 3092 736 cum
3124 674 3235 735 Dei
3256 691 3427 736 amo-

1862 797 1929 840 re
1961 786 2159 841 actam
2188 778 2384 855 magis
2414 792 2864 856 nonnunquam
2894 774 3045 846 Deo,
3078 789 3263 852 quam
3284 788 3424 833 mo-

1864 880 2184 941 nachicam
2216 876 2487 959 placere,
2516 896 2550 939 e
2577 880 2703 938 VV.
2732 878 2847 937 PP.
2884 892 3071 955 supra
3114 875 3430 955 congessi-

1863 997 2003 1041 mus
2028 979 2131 1058 (6).
2168 984 2213 1040 A
2240 979 2468 1058 quibus
2494 978 2949 1039 narrationibus
2980 976 3165 1036 etiam
3193 991 3431 1052 germa-

1864 1080 2073 1141 nicum
2100 1080 2258 1149 138
2282 1080 2527 1156 insigne
2556 1094 2803 1157 poema,
2830 1076 2997 1153 quod
3041 1093 3243 1154 nuper
3276 1090 3428 1153 pro-

1866 1178 1998 1251 diit,
2024 1179 2231 1240 medio
2255 1196 2405 1240 aevo
2436 1178 2817 1239 elaboratum
2842 1182 2902 1236 et
2930 1192 2941 1233 :
2968 1176 3091 1256 Der
3111 1181 3250 1251 gutc
3283 1174 3432 1235 Ger-

1866 1276 2026 1338 hard
2058 1278 2423 1356 inscriptum
2454 1276 2559 1355 (7),
2591 1276 2765 1336 initia
2793 1292 2903 1335 sua
2944 1274 3189 1353 cepisse
3223 1272 3426 1332 credi-

1866 1378 2085 1439 derim.
2118 1382 2317 1456 Atque
2374 1378 2607 1437 similes
2665 1374 2953 1435 historias
3017 1390 3220 1451 nuper
3274 1389 3429 1432 con-

1868 1479 2053 1555 gessit
2097 1479 2299 1539 clarus
2345 1478 2724 1539 Simrockius
2754 1484 2964 1538 noster
2996 1477 3059 1536 in
3100 1476 3259 1537 libro
3292 1492 3428 1545 suo,

1868 1579 1975 1655 qui
2022 1579 2377 1639 inscribitur
2413 1597 2425 1637 :
2468 1581 2591 1638 Der
2642 1590 2785 1657 gute
2826 1578 3109 1641 Gerhard
3154 1580 3285 1639 und
3334 1578 3433 1638 dic

1869 1680 2225 1739 dankbaren
2264 1681 2501 1740 Todten
2524 1680 2630 1757 (8).
3372 1754 3375 1757 _

1950 1803 1977 1836 ‹‹
2020 1781 2244 1841 Βθᾶῐυε
2292 1781 2589 1841 Macarius
2623 1779 2701 1840 de
2740 1779 3077 1857 semetipso
3127 1778 3435 1839 referebat

1869 1880 2085 1942 dicens
2112 1899 2123 1941 :
2154 1882 2310 1942 Dum
2349 1898 2552 1942 essem
2576 1881 2838 1953 iuvenis,
2862 1886 2922 1940 et
2952 1887 3158 1940 tamen
3186 1880 3249 1940 in
3281 1879 3437 1941 cella

1870 1985 2228 2057 residerem,
2252 1984 2515 2044 invitum
2554 2000 2653 2043 me
2682 1990 2968 2043 tenentes
3011 1983 3305 2045 clericum
3340 2000 3437 2045 or-

1870 2084 2235 2145 dinaverunt
2253 2084 2320 2144 in
2339 2085 2497 2146 vico.
2512 2085 2660 2144 Cum
2674 2090 2877 2145 autem
2894 2084 3114 2145 nolens
3132 2084 3258 2145 illic
3272 2101 3431 2157 esse,

1868 2182 1934 2243 in
1955 2183 2159 2245 vicum
2188 2182 2451 2245 alterum
2485 2184 2865 2261 effugissem,
2902 2191 2963 2245 et
2993 2184 3245 2263 quidam
3282 2183 3436 2246 mihi

1872 2284 2203 2346 saecularis
2243 2284 2571 2362 religiosus
2624 2302 2815 2365 Opere
2846 2302 2987 2347 meo
3029 2285 3281 2347 vendito
3327 2285 3440 2347 mi-

1873 2386 2179 2460 nistraret,
2229 2385 2509 2462 contigit,
2560 2386 2871 2464 quandam
2954 2387 3255 2463 virginem
3326 2403 3441 2464 per

1873 2491 2153 2563 stuprum
2191 2486 2422 2546 ventris
2467 2503 2626 2546 onus
2661 2486 2967 2565 accipere.
3001 2488 3167 2559 Quae
3209 2486 3358 2547 dum
3404 2504 3440 2548 a

1873 2585 2260 2663 parentibus,
2294 2602 2328 2645 a
2367 2602 2494 2662 quo
2524 2584 2740 2646 fuisset
2768 2603 3149 2664 compressa,
3182 2588 3443 2665 requiri-

1874 2692 1995 2759 tur,
2025 2686 2177 2746 dixit
2213 2685 2314 2746 illa
2347 2704 2358 2745 :
2396 2687 2782 2747 Anachoreta
2818 2686 2922 2747 ille
2966 2694 3168 2748 vester
3210 2686 3330 2748 hoc
3376 2688 3441 2747 in

1875 2802 1977 2847 me
2004 2784 2245 2848 facinus
2268 2788 2670 2865 perpetravit.
2699 2788 2943 2864 Egressi
2973 2806 3119 2849 vero
3154 2796 3445 2867 parentes

1876 2886 2121 2965 puellae
2154 2887 2763 2965 comprehendentes
2818 2905 2919 2947 me
2981 2890 3444 2967 suspenderunt

1874 3004 2018 3047 meo
2041 2986 2203 3047 collo
2226 3005 2366 3047 vasa
2402 2987 2633 3059 ﬁctilia,
2661 2995 2722 3047 et
2753 3004 2867 3066 per
2893 2989 3167 3065 singulas
3196 2991 3446 3051 semitas

1878 3086 2426 3147 circumducebant
2469 3103 2569 3146 me
2602 3087 2791 3148 caede
2835 3095 3192 3162 mactantes,
3258 3098 3447 3169 atque

195 3185 483 3256 iunctae;
523 3183 782 3259 contigit
823 3190 1055 3255 autem,
1088 3191 1157 3243 ut
1205 3184 1451 3245 duobus
1487 3184 1779 3246 fratribus
1806 3188 1848 3243 C
1881 3184 2139 3261 insuper
2181 3183 2276 3243 his
2321 3183 2580 3244 vocibus
2624 3182 2993 3244 insultantes
3029 3202 3041 3243 :
3085 3186 3197 3245 Hic
3223 3203 3444 3248 mona—

198 3286 627 3361 iungeremur,
669 3291 730 3344 et
778 3301 920 3343 cum
957 3282 1053 3344 his
1086 3283 1447 3361 quindecim
1496 3286 1673 3345 annis
1710 3286 1776 3345 in
1880 3282 2035 3343 chus
2057 3284 2214 3344 ﬁliae
2244 3290 2493 3344 nostrae
2513 3284 2635 3343 vim
2662 3284 2889 3344 intulit.
2914 3288 3190 3365 Cumque
3216 3305 3317 3349 me
3337 3307 3444 3348 us-

198 3384 395 3445 domo
433 3401 556 3443 una
602 3382 834 3461 pariter
860 3392 1302 3461 permanentes
1352 3401 1559 3463 neque
1596 3390 1776 3463 turpe
1880 3400 2003 3461 que
2025 3384 2102 3444 ad
2125 3402 2347 3445 necem
2368 3384 2636 3445 fustibus
2658 3402 2858 3463 paene
2876 3386 3449 3468 mulctassent,qui-

198 3485 466 3543 verbum
503 3483 692 3544 altera
737 3484 889 3542 dixit
934 3482 1007 3542 ad
1050 3483 1325 3556 alteram,
1362 3501 1568 3560 neque
1606 3484 1777 3545 litem
1880 3484 2021 3543 dam
2052 3501 2127 3543 ex
2187 3484 2538 3545 senioribus
2585 3485 2737 3544 dixit
2782 3485 2857 3544 ad
2889 3503 2997 3547 eos
3049 3503 3062 3546 :
3108 3488 3449 3567 Usquequo

196 3583 544 3662 aliquando
577 3583 1024 3654 commisimus,
1056 3582 1162 3641 sed
1192 3583 1255 3642 in
1291 3600 1443 3661 pace
1479 3583 1779 3645 hactenus
1880 3585 2046 3646 hunc
2082 3586 2478 3664 peregrinum
2503 3585 2881 3647 monachum
2913 3587 3101 3649 caede
3135 3586 3452 3652 mactatis?

197 3685 493 3755 viximus,
518 3691 578 3743 et
617 3683 747 3762 pari
783 3700 1096 3743 consensu
1130 3683 1781 3762 tractavimus,quate-
1882 3685 2095 3746 Sed-et
2138 3686 2527 3746 ministrante
2578 3687 2732 3747 mihi
2780 3696 3083 3765 sequente
3126 3697 3187 3749 et
3221 3690 3450 3751 rubore

202 3802 324 3844 nus
347 3784 579 3862 pariter
620 3782 849 3842 relictis
893 3781 1128 3841 maritis
1171 3780 1238 3840 in
1295 3783 1779 3859 congregatione
1880 3785 2157 3863 perfuso,
2226 3786 2481 3845 iniurias
2531 3786 2885 3863 irrogabant
2931 3787 3256 3849 dicentes:
3291 3791 3452 3851 Ecce

200 3884 639 3961 religiosarum
654 3882 959 3959 virginum
974 3879 1607 3960 preﬁcisceremur,et
1630 3883 1781 3942 mul-
1882 3884 2032 3961 quid
2064 3883 2212 3943 fecit
2240 3882 2364 3955 hic,
2394 3901 2506 3961 pro
2528 3900 2653 3961 quo
2684 3890 2752 3943 tu
2780 3884 3204 3944 testimonium
3243 3883 3453 3962 perhi-

199 3986 282 4045 tis
325 3985 615 4063 precibus
665 3983 786 4043 hoc
831 4001 867 4043 a
907 3981 1278 4058 coniugibus
1316 3998 1444 4042 non
1476 3982 1782 4042 valuimus
1881 3981 2111 4043 bebas‘?
2135 3985 2428 4043 Parentes
2449 3982 3451 4061 autempuellaedixerunt:Nulla

201 4086 517 4144 obtinere.
551 4086 683 4156 Quo
720 4100 847 4143 non
878 4082 1127 4161 adepto,
1157 4081 1320 4141 inter
1349 4098 1464 4142 nos
1498 4086 1558 4141 et
1590 4082 1779 4141 Deum
1883 4080 2049 4140 hunc
2098 4081 2336 4140 ratione
2384 4081 2772 4152 dimittimus,
2822 4081 2940 4140 nisi
2985 4097 3099 4159 pro
3139 4081 3450 4144 alimentis

207 4183 538 4260 posuimus
574 4188 1036 4253 testamentum,
1065 4188 1134 4240 ut
1172 4198 1371 4257 usque
1410 4180 1484 4240 ad
1519 4187 1783 4240 mortem
1884 4180 2127 4259 puellae
2156 4179 2540 4259 praestandis
2566 4179 2791 4257 aliquis
2822 4197 2937 4258 pro
2957 4180 3097 4257 ipso
3126 4179 3451 4241 satisdator

206 4289 489 4342 nostram
542 4280 857 4341 saeculare
898 4280 1157 4340 verbum
1206 4298 1335 4339 non
1385 4279 1786 4357 loqueremur
1884 4282 2231 4342 accesserit.
2266 4281 2438 4351 Quod
2476 4281 2623 4340 dum
2660 4281 3030 4341 ministranti
3056 4281 3234 4353 mihi,
3270 4289 3335 4341 ut
3356 4280 3451 4341 fa-

206 4378 498 4439 omnino.
526 4380 691 4449 Quae
720 4394 860 4439 cum
896 4376 1192 4437 audiisset
1220 4378 1436 4437 beatus
1459 4378 1781 4448 Macarius,
1886 4387 2077 4453 ceret,
2117 4380 2484 4453 innuissem,
2508 4378 2873 4457 interposita
2906 4396 3007 4439 me
3036 4396 3147 4440 sua
3176 4380 3297 4441 fide
3320 4398 3451 4440 sus-

206 4481 369 4540 dixit
404 4498 415 4538 :
447 4482 515 4539 In
543 4480 797 4540 veritate
832 4496 961 4540 non
1000 4486 1094 4540 est
1129 4479 1326 4555 virgo,
1368 4494 1573 4556 neque
1604 4478 1785 4538 mari-
1819 4554 1839 4557 Α
1888 4480 2075 4557 cepit.
2107 4480 2321 4556 Itaque
2362 4495 2679 4554 regressus
2723 4477 2801 4539 ad
2832 4477 3142 4552 cellulam,
3166 4486 3454 4557 quantas-

208 4585 356 4650 tata,
405 4596 611 4656 neque
652 4577 1017 4647 monachus,
1047 4595 1253 4656 neque
1284 4577 1637 4649 saecularis,
1673 4576 1782 4636 sed
1817 4554 1859 4610 θ
1886 4596 2136 4656 cunque
2197 4578 2407 4637 inveni
2464 4578 2791 4656 sportelias
2844 4578 2901 4643 ei
2954 4579 3450 4648 contribuebam,

207 4680 377 4738 Deus
432 4686 671 4739 tantum
721 4678 1117 4757 propositum
1164 4677 1427 4756 quaerit,
1488 4686 1549 4737 et
1598 4677 1780 4755 spiri-
1887 4680 2115 4757 quibus
2147 4680 2409 4739 venditis
2431 4680 2657 4740 victum
2686 4679 2839 4740 mihi
2872 4680 3253 4758 coniugique
3276 4696 3453 4741 meae

204 4787 344 4838 tum
380 4778 539 4839 vitae
582 4777 875 4838 omnibus
920 4777 1223 4838 ministrat
1261 4775 1365 4854 (4).
1402 4798 1430 4830 ››
1459 4775 1686 4835 Eadem
1720 4775 1783 4834 in
1884 4777 2280 4838 ministraret.
2321 4778 2612 4838 Dicebam
2640 4780 2865 4839 autem
2915 4796 2927 4837 :
2965 4780 3146 4851 Ecce,
3204 4778 3452 4854 Macari,

206 4882 375 4939 libro
424 4885 596 4939 sexto
635 4878 903 4938 narratio
960 4882 1072 4949 est,
1124 4876 1231 4937 ubi
1288 4876 1507 4955 incipit
1541 4876 1779 4936 verbis:
1885 4876 2175 4937 invenisti
2208 4877 2319 4937 tibi
2359 4894 2659 4949 uxorem;
2702 4894 2959 4939 necesse
2995 4885 3087 4937 est
3134 4894 3283 4955 ergo
3314 4895 3451 4938 am-

211 5004 239 5033 α
289 4980 525 5038 Orante
596 4976 932 5054 aliquando
1011 4974 1233 5035 eodem
1303 4974 1523 5035 abbate
1588 4976 1785 5033 Maca-
1890 4975 2054 5054 plius
2092 4976 2359 5055 operari,
2390 4983 2458 5036 ut
2498 4994 2635 5037 eam
2660 4976 2861 5037 valeas
2888 4976 3186 5036 enutrire.
3230 4977 3303 5035 Et
3327 4983 3452 5037 tam

209 5079 384 5139 rio...
411 5076 516 5156 (5).
542 5100 569 5133 ν
598 5078 727 5148 Qua
761 5093 837 5136 ex
867 5092 957 5149 re,
981 5092 1177 5153 quum
1196 5080 1377 5135 antea
1408 5073 1485 5134 de
1518 5073 1783 5135 Macario
1892 5072 2113 5135 diebus
2134 5091 2318 5153 quam
2340 5075 2626 5136 noctibus
2648 5075 2973 5154 operabar,
2994 5081 3063 5137 ut
3093 5075 3151 5135 ei
3171 5076 3451 5153 quotidie

287 5287 374 5353 (1)
404 5284 513 5337 νγ.
546 5284 645 5337 PP.
680 5284 865 5339 Rosw.
896 5284 991 5337 lih.
1026 5281 1137 5335 Vlll
1162 5297 1283 5349 cap.
1321 5282 1389 5335 52
1425 5298 1477 5351 p.
1514 5282 1636 5344 749.
1672 5283 1722 5334 4.

286 5380 368 5445 (’2)
398 5377 482 5431 Cf.
510 5392 673 5445 supra
708 5376 790 5446 δι
829 5392 883 5444 p.
913 5374 997 5427 10.

285 5468 368 5535 (ΣΞ)
405 5464 515 5519 νγ.
540 5464 641 5517 PP.
678 5464 858 5519 Rosw.
893 5466 984 5518 lib.
1014 5466 1029 5518 Ι
1060 5482 1109 5535 p.
1142 5464 1211 5517 93
1232 5479 1314 5531 sq.

286 5558 368 5627 (4)
404 5556 541 5609 Ibid.
582 5558 675 5609 lib.
710 5555 773 5609 lll
809 5572 926 5625 cap.
960 5556 1027 5609 97
1059 5572 1109 5625 p.
1141 5555 1273 5617 515,
1308 5555 1357 5605 1.

286 5648 369 5714 (5)
398 5649 532 5701 Ibid.
566 5646 746 5700 lib.“
784 5648 949 5700 libell.
982 5650 1034 5713 ὃ,
1064 5648 1129 5699 17
1168 5662 1219 5714 p.
1244 5645 1367 5710 657,
1407 5650 1455 5698 1.

288 5739 368 5793 (6)
400 5736 483 5791 Cf.
521 5753 682 5807 supra
711 5735 794 5804 δῖ)
819 5754 868 5791 0.
908 5740 940 5791 6
966 5746 1078 5791 not.
1108 5738 1140 5789 5

291 5828 372 5896 (7)
406 5826 511 5883 Der
535 5835 659 5899 gute
703 5826 964 5881 Gerhurd.
1008 5822 1138 5880 Eine
1177 5826 1483 5897 Erzahlung
1531 5840 1634 5881 von
1677 5824 1788 5879 Ru.

616 5921 890 5981 PATBOL.
947 5921 1063 5981 Gn.
1112 5916 1405 5980 XXXIV.
3099 5924 3135 5984 ὅ

1885 5281 2003 5334 dolt'
2027 5296 2129 5334 von
2154 5279 2281 5335 Ems
2308 5280 2745 5352 herausgegeben
2775 5294 2879 5335 von
2904 5280 3068 5335 Μαι-ὴ
3094 5278 3451 5350 Haupt.Leip-

1888 5374 1972 5442 zig
1998 5372 2148 5426 1840.

1962 5462 2038 5531 (8)
2071 5460 2173 5515 Der
2200 5470 2326 5531 gute
2357 5461 2601 5517 Gerhard
2633 5461 2741 5514 und
2770 5462 2857 5515 die
2877 5462 3190 5516 dankbaren
3216 5461 3448 5516 Todten.

1900 5554 1997 5607 Ein
2024 5554 2235 5625 Beitrag
2264 5572 2361 5609 zm-
2395 5556 2695 5611 deutsclien
2729 5555 3055 5627 Mythologie
3098 5557 3209 5611 und
3241 5556 3450 5627 Sagen-

1897 5646 2075 5701 kunde
2114 5662 2216 5701 von
2269 5647 2331 5700 Κ.
2377 5648 2638 5703 Simrock.
2700 5647 2852 5703 Bonn
2895 5648 2980 5703 hei
3040 5649 3205 5703 Adolt'
3240 5648 3446 5703 Marcus

1895 5738 2051 5793 1856.
