4266 6360
849 317 943 371 131
1650 322 1745 376 SS.
1793 320 2252 376 MACABIOR-UM
2296 323 2615 377 AECYPTII
2654 324 2738 378 ET
2779 324 3240 378 ALEXANDRINI
3958 334 4041 389 in

847 416 1073 476 victum
1106 416 1537 477 ministrarum.
1573 419 1690 479 Sed
1711 419 1964 497 quando
1986 421 2416 486 miseraetem-
2446 432 2486 484 A
2518 424 2715 501 ipsam
2748 423 2963 482 beatus
2995 423 3292 483 Macarius
3326 424 3748 501 requisivisset
3785 444 3796 485 :
3824 426 4044 488 Humili-

848 533 964 593 pus
997 515 1275 593 pariendi
1317 517 1585 589 advenit,
1617 517 1837 579 diebus
1871 518 2153 597 plurimis
2191 537 2407 599 parere
2511 528 2603 581 tas
2644 528 2769 593 tua,
2816 520 2989 591 dixit,
3038 519 3168 580 sola
3208 537 3307 579 me
3353 520 3560 581 vincit.
3608 523 3776 584 Haec
3832 524 4041 586 dicente

845 613 1113 673 cruciata
1136 630 1259 673 non
1290 614 1510 692 potuit.
1542 617 1707 686 Quae
1730 616 1880 693 quid
1902 616 2151 677 fecisset
2190 620 2401 697 requi—
2508 620 2783 691 inimico,
2818 628 2879 680 et
2927 619 3301 680 extendente
3352 620 3534 680 beato
3564 623 3828 683 Macario
3860 640 4044 686 manus

840 712 957 774 sita
986 713 1307 791 respondit
1340 731 1352 773 ε
1391 716 1539 786 Quia
1583 715 1995 776 anachoretae
2032 716 2119 776 illi
2160 735 2407 778 causam
2508 734 2650 777 suas
2689 717 2765 777 ad
2805 718 3175 792 orationem,
3206 717 3461 796 spiritus
3505 720 3866 782 immundus
3908 722 4045 785 inter

845 830 974 874 non
1008 812 1261 875 habenti
1289 816 1525 875 crimen
1554 815 1846 893 imposui.
1873 817 2025 876 Nam
2046 834 2147 877 me
2168 818 2408 878 iuvenis
2506 835 2686 879 auras
2750 818 2997 879 evanuit
3036 816 3143 897 (8).
3205 818 3435 879 Eadem
3478 818 3664 897 plane
3698 820 3776 881 ad
3818 822 4043 883 verbum

841 913 1081 974 vicinus
1109 921 1322 974 noster
1340 913 1445 974 ille
1478 915 1870 993 compressit.
1897 917 2071 987 Quod
2104 934 2245 977 cum
2275 918 2402 991 ille,
2506 916 2797 993 leguntur
2834 917 2896 975 in
2930 916 3087 977 libro
3119 916 3385 995 septimo
3412 916 3525 997 (9);
3576 919 3640 978 in
3674 918 3829 979 libro
3866 929 4045 981 autem

840 1015 949 1093 qui
991 1014 1145 1074 mihi
1174 1014 1578 1085 ministrabat,
1611 1014 1930 1087 audiisset,
1960 1016 2185 1092 gaudio
2208 1017 2408 1095 reple—
2507 1015 2726 1092 quinto
2765 1012 2883 1093 (10)
2920 1021 2980 1074 et
3022 1015 3086 1074 in
3117 1013 3730 1093 ApOphthegmatisa
3766 1016 4044 1078 Cotelerio

838 1122 935 1175 tus
993 1121 1151 1191 139
1204 1115 1475 1185 advenit,
1534 1113 1849 1175 infelicem
1892 1115 2060 1175 illam
2106 1116 2401 1195 puellam,
2507 1115 2687 1175 editis
2729 1114 2845 1192 (ll)
2880 1114 2999 1175 hoc
3043 1114 3298 1193 quidem
3343 1116 3700 1177 discrimine
3741 1116 4042 1187 habentur,

839 1214 1204 1291 priusquam
1254 1214 1582 1287 fateretur,
1654 1215 1827 1294 quod
1884 1215 1995 1275 tibi
2034 1215 2404 1277 calumniam
2503 1225 2572 1276 ut
2622 1216 2760 1277 ﬁnis
2808 1216 2934 1287 ille,
2990 1223 3206 1277 orante
3262 1218 3527 1277 Macario
3578 1216 3891 1277 diabolum
3928 1235 4048 1279 eva-

836 1312 1057 1374 frustra
1089 1315 1429 1387 contexuit,
1466 1331 1684 1392 parere
1723 1314 2076 1375 nullatenus
2123 1317 2402 1394 potuisse
2505 1317 2737 1389 nuisse,
2776 1315 3183 1377 desideretur.
3206 1316 3841 1377 Animadvertendum
3864 1324 3967 1389 est,
3988 1319 4045 1377 in

837 1413 1874 1485 vociferans,sedetomnesvicinos
1907 1417 2141 1487 venire,
2175 1424 2234 1477 et
2259 1418 2402 1477 inte
2503 1413 3055 1499 Apophthegmatis
3120 1431 3247 1473 rem
3300 1414 3394 1475 bis
3448 1414 3745 1488 inveniri;
3794 1432 3927 1476 nam
3970 1416 4046 1475 ibi

834 1511 1149 1571 commissi
1184 1512 1426 1571 veniam
1458 1510 1795 1590 postulare.
1828 1514 1994 1582 Quae
2026 1528 2141 1587 ego
2173 1530 2403 1589 cogno-
2504 1522 2725 1589 postea
2744 1513 3142 1591 iterumlegis
3166 1531 3178 1572 :
3203 1537 3229 1567 «ι
3253 1512 3652 1573 Aliasiterum
3675 1513 3930 1581 daemon
3945 1515 4046 1574 ad-

833 1626 1127 1682 scens,ne
1155 1628 1250 1669 me
1278 1616 1338 1669 et
1363 1610 1483 1687 ipsi
1513 1608 1797 1669 homines
1836 1608 2256 1682 molestarent,
2304 1610 2398 1671 fe-
2502 1628 2716 1670 versus
2744 1611 3076 1671 Macarium
3106 1610 3390 1670 abbatem
3419 1609 3755 1669 insurrexit
3776 1626 3911 1669 cum
3938 1608 4050 1685 gla-

832 1708 1027 1768 stinus
1072 1708 1415 1781 abscedens
1456 1708 1519 1767 in
1564 1708 1730 1768 hunc
1768 1708 1971 1768 locum
2010 1710 2289 1787 perveni,
2342 1717 2401 1770 et
2504 1709 2693 1781 diolo,
2741 1709 2875 1769 eius
2918 1708 3144 1787 pedem
3193 1716 3645 1787 amputaturus.
3702 1707 3873 1780 Quod
3918 1726 4049 1769 cum

833 1810 983 1869 haec
1007 1816 1097 1869 est
1121 1827 1302 1870 causa
1325 1808 1446 1869 mei
1488 1809 1553 1868 in
1584 1810 1715 1869 istis
1746 1808 1899 1869 locis
1923 1809 2223 1871 adventus
2244 1810 2387 1889 (1).»
2426 1800 2466 1853 Β
2495 1815 2757 1887 propter
2794 1808 3205 1872 humilitatem
3248 1808 3381 1868 eius
3428 1825 3557 1869 non
3596 1808 3913 1888 potuisset,
3950 1808 4004 1866 ei
4036 1827 4046 1864 :

832 1910 997 1969 Idem
1031 1910 1289 1970 traditur
1318 1909 1383 1969 in
1422 1910 1543 1967 VV.
1582 1911 1694 1968 PP.
1746 1909 1904 1969 libro
1933 1911 2153 1987 quinto
2188 1910 2293 1989 (2),
2332 1920 2392 1971 et
2492 1911 2909 1988 Quaecunque
2942 1910 3205 1983 habetis,
3239 1909 3464 1986 inquit,
3499 1909 3803 1969 habemus
3833 1914 3891 1969 et
3911 1924 4050 1979 nos;

829 2010 891 2067 in
941 2008 1497 2087 Apophthegmatis
1541 2026 1577 2068 a
1608 2008 1913 2069 Cotelerio
1956 2010 2136 2071 editis
2175 2011 2281 2089 (3),
2330 2018 2389 2071 et
2492 2009 2622 2070 sola
2665 2009 3009 2070 humilitate
3049 2027 3083 2070 a
3121 2009 3302 2069 nobis
3337 2008 3598 2068 differtis
3644 2014 3706 2067 et
3758 2007 4056 2086 praevale-

828 2108 1158 2185 utrobique
1175 2107 1371 2181 locus,
1393 2109 1458 2168 in
1480 2125 1667 2186 quem
1690 2109 1987 2169 Macarius
2008 2109 2187 2187 fugit,
2212 2112 2390 2171 Scete
2490 2110 2568 2170 tis
2600 2107 2744 2188 (12).
2788 2134 2815 2165 ››
2852 2112 3002 2170 Cum
3031 2108 3609 2187 ApOphthegmatis,
3640 2108 3748 2168 ubi
3796 2125 3893 2168 res
3912 2126 3963 2174 s.
3991 2126 4051 2166 v.

825 2208 1204 2286 appellatur;
1277 2224 1354 2268 ex
1420 2225 1547 2285 quo
1615 2209 1945 2269 Macarium
2026 2210 2391 2287 Aegyptium
2491 2206 3160 2284 MacariusAegyptius
3190 2206 3481 2277 occurrit,
3506 2205 3841 2266 convenire
3887 2205 4054 2265 vide-

825 2304 1013 2365 fuisse
1057 2322 1201 2365 eum
1226 2304 1683 2383 apparet.Eum
1713 2321 1857 2364 vero
1876 2321 2043 2364 anno
2071 2305 2391 2379 trigesimo
2490 2312 2590 2366 tur
2638 2304 2779 2365 libri
2834 2306 3036 2383 quinti
3093 2305 3380 2383 scriptor,
3447 2305 3556 2383 qui
3601 2304 3935 2365 narrationi
3982 2305 4057 2364 de

825 2403 1038 2462 aetatis
1074 2419 1219 2461 suae
1255 2402 1321 2461 in
1361 2402 1588 2461 Scetim
1623 2400 1849 2461 abiisse
1880 2419 1914 2462 e
1940 2401 2212 2481 Palladio
2235 2420 2391 2464 con-
2493 2407 2757 2466 Macario
2792 2404 3097 2483 Aegyptio
3130 2402 3297 2463 illam
3329 2402 3681 2463 subiunxit:

822 2510 940 2562 stat
986 2502 1091 2581 (4).
1134 2507 1215 2563 Ac
1242 2503 1437 2563 sancti
1472 2502 1724 2589 quidem
1774 2519 1902 2562 non
1943 2503 2126 2580 pauci
2160 2503 2237 2563 de
2267 2505 2389 2564 cri-
2574 2530 2599 2559 «
2627 2505 2901 2577 Quodam
2936 2514 3220 2583 tempore
3241 2502 3430 2563 abbas
3451 2504 3773 2575 Macarius,
3806 2503 3953 2565 dum
3981 2506 4059 2565 ad

824 2602 991 2663 mine
1024 2602 1209 2663 scorti
1237 2601 1391 2663 falso
1420 2602 1689 2662 accusati
1709 2618 1843 2661 esse
1883 2602 2197 2675 dicuntur,
2230 2621 2393 2681 quo—
2493 2613 2770 2668 montem
2806 2606 3036 2667 Nitriae
3063 2604 3449 2677 ascenderet,
3483 2603 3792 2683 discipulo
3826 2621 3964 2678 suo,
3995 2612 4063 2664 ut

826 2718 960 2761 rum
990 2701 1347 2761 innocentia
1382 2706 1597 2777 postea
1634 2698 1877 2759 detecta
1906 2706 2019 2759 est.
2046 2701 2093 2758 E
2124 2717 2391 2778 quorum
2496 2724 2714 2784 parum
2755 2706 3180 2785 praecederet,
3219 2705 3567 2783 imperavit.
3606 2705 3887 2777 Quicum
3920 2712 4063 2767 ante

825 2817 1087 2860 numero
1115 2800 1365 2859 fuerunt
1396 2798 1647 2870 Marina,
1676 2798 1975 2873 Eugenia,
2021 2798 2394 2877 Apollinaris
2494 2806 2669 2866 illum
2692 2804 3266 2884 pergeret,obvium
3296 2804 3513 2865 habuit
3534 2803 3847 2882 quendam
3869 2821 4067 2867 sacer-

823 2901 1113 2977 virgines,
1154 2916 1314 2977 quae
1356 2898 1571 2957 habitu
1617 2898 1777 2957 virili
1810 2899 2142 2977 adsumpto
2183 2908 2394 2960 sancte
2496 2905 2706 2965 dotem
2741 2905 3074 2978 idolorum,
3100 2922 3284 2965 cursu
3317 2905 3565 2964 concito
3594 2904 3974 2978 venientem,
4008 2917 4068 2966 et

824 3002 1105 3061 vixerunt
1132 3001 1237 3080 (5),
1254 3007 1315 3061 et
1336 2999 1685 3059 Eustathius
1717 2998 1911 3058 lector
1933 3000 2264 3059 Caesareae
2286 3018 2391 3059 ur-
2495 3006 2731 3082 lignum
2761 3005 2993 3081 grande
3014 3011 3389 3083 portantem.
3417 3005 3524 3064 Cui
3560 3004 3912 3065 exclamans
3938 3006 4023 3066 ait
4051 3027 4063 3067 ;

821 3104 918 3163 bis
947 3104 1010 3163 in
1044 3101 1389 3163 Palaestina
1426 3100 1598 3169 sitae,
1638 3099 1739 3159 cui
1769 3099 1933 3159 idem
1963 3098 2172 3177 plane,
2223 3099 2391 3177 quod
2420 3130 2461 3186 ρ
2497 3106 2629 3175 Quo
2666 3102 2883 3173 curris,
2913 3100 3219 3162 daemon?
3248 3106 3321 3162 At
3353 3101 3459 3161 ille
3491 3101 3682 3163 iratus
3713 3103 3900 3163 tantis
3921 3120 4068 3164 eum

820 3203 1105 3275 Macario,
1182 3200 1480 3261 accidisse
1549 3198 1970 3276 comperimus
2039 3199 2142 3275 (6).
2192 3199 2386 3259 Etiam
2491 3202 2689 3282 plagis
2708 3200 2936 3272 aﬂ‘ecit,
2959 3207 3023 3261 ut
3046 3201 3395 3261 exanimem
3420 3192 4066 3280 paene’relinqueret;

818 3297 1993 3379 hodieinElephantineinsula,stupro
2027 3299 2385 3371 commisso,
2489 3308 2551 3362 et
2580 3300 2797 3362 relicto
2825 3317 2902 3363 eo
2954 3300 3243 3361 sacerdos
3292 3301 3521 3360 iterum
3560 3301 3868 3361 currebat.
3913 3304 4071 3362 Pro-

819 3400 1158 3481 prepinqui
1188 3399 1440 3476 virginis
1476 3397 1687 3476 lapsae
1725 3404 1785 3457 et
1826 3397 2027 3475 ipsam
2069 3404 2129 3456 et
2156 3414 2322 3468 eum,
2355 3415 2389 3457 a
2489 3416 2864 3477 gressusque
2894 3416 3112 3476 parum
3142 3398 3410 3458 obviavit
3436 3400 3619 3459 beato
3639 3400 3930 3473 Macario,
3958 3402 4074 3480 qui

818 3521 945 3582 quo
968 3508 1260 3581 corrupta
1280 3507 1395 3570 est,
1423 3498 1710 3561 occidere
1731 3498 1933 3557 solent
1970 3499 2073 3577 {7).
2488 3499 2572 3557 ait
2606 3496 2683 3558 ad
2715 3513 2859 3556 eum
2894 3514 2906 3555 :
2949 3494 3234 3568 Salveris,
3282 3495 3616 3567 laborator,
3656 3496 3949 3559 salverisl
3999 3505 4074 3560 At

901 3632 927 3660 α
965 3606 1166 3666 Abbas
1208 3603 1508 3663 Macarius
1540 3600 1687 3661 dum
1730 3599 2005 3660 diluculo
2042 3599 2387 3678 palmarum
2486 3596 2592 3656 ille
2646 3596 2982 3657 admiratus
3034 3593 3362 3672 respondit
3396 3611 3409 3653 :
3448 3594 3604 3666 Quid
3652 3595 3717 3655 in
3762 3612 3866 3657 me
3912 3597 4073 3659 boni

820 3704 966 3765 foiia
993 3712 1250 3783 portans
1270 3702 1347 3764 ad
1365 3701 1586 3763 cellam
1612 3716 1787 3759 suam
1817 3706 2251 3772 reverteretur,
2287 3717 2390 3760 oc-
2487 3696 2893 3776 conspexisti,
2929 3702 2999 3756 ut
3036 3712 3137 3755 me
3168 3693 3513 3756 salutares?
3549 3696 3660 3756 Cui
3699 3713 3896 3757 senex
3942 3700 4069 3759 ait:

817 3803 1006 3865 currit
1039 3802 1095 3862 ei
1116 3800 1400 3862 diabolus
1424 3815 1567 3860 cum
1594 3796 1751 3858 falce
1773 3803 2125 3876 praeacuta,
2148 3797 2389 3858 volens-
2487 3798 2637 3868 Quia
2665 3795 2785 3856 vidi
2814 3801 2876 3855 te
2906 3794 3315 3866 laborantem,
3356 3800 3416 3853 et
3446 3792 3642 3854 curris
3673 3794 4070 3871 ignoranter.

817 3919 941 3981 que
982 3918 1126 3961 eum
1182 3903 1507 3979 percutere
1550 3913 1681 3957 non
1717 3895 1979 3958 valebat.
2040 3895 2154 3966 Qui
2188 3896 2388 3957 excla-
2485 3897 2593 3955 Cui
2613 3893 2903 3956 sacerdos
2923 3892 3207 3953 dixitzEt
3226 3908 3347 3969 ego
3370 3891 3743 3953 salutatione
3760 3899 3869 3954 tua
3892 3911 4078 3955 com-

814 4018 993 4063 mans
1042 4000 1195 4061 dixit
1226 4016 1238 4057 :
1272 4000 1555 4073 Magnam
1596 4014 1632 4056 a
1671 4002 1732 4056 te
1768 3996 1891 4055 vim
1931 3995 2156 4074 patior,
2187 4012 2225 4055 o
2266 3998 2388 4057 Ma-
2484 4002 2753 4075 punctus
2783 4010 3077 4070 magnum
3101 4010 3347 4054 servum
3374 3993 3485 4052 Dei
3506 3999 3566 4051 te
3588 3992 3888 4067 cognovi;
3918 4010 4076 4053 nam

816 4102 963 4175 cari,
1015 4100 1146 4179 qui,
1186 4116 1327 4159 cum
1368 4105 1429 4158 te
1472 4096 1661 4176 cupio
1707 4112 1960 4167 nocere,
2008 4112 2137 4155 non
2180 4094 2381 4168 valeo,
2482 4092 2637 4153 alter
2678 4092 2828 4163 141,
2863 4091 3077 4151 nescio
3131 4090 3272 4167 quis
3306 4089 3677 4151 miserabilis
3709 4096 4078 4152 monachus

816 4201 988 4273 dum,
1020 4214 1432 4278 quaecunque
1459 4205 1527 4258 tu
1557 4197 1732 4270 facis,
1765 4212 1883 4273 ego
1908 4200 2104 4273 magis
2133 4212 2210 4256 ex
2234 4213 2382 4275 Ope-
2484 4208 2821 4251 occurrens
2859 4190 3012 4251 mihi
3045 4190 3302 4251 iniurias
3341 4188 3512 4263 fecit,
3535 4189 3645 4249 sed
3675 4196 3735 4250 et
3766 4207 3887 4268 ego
3922 4191 4077 4269 pla-

820 4318 885 4362 re
914 4300 1097 4362 facio.
1128 4302 1219 4359 Tu
1240 4315 1389 4376 ergo
1418 4299 1659 4359 ieiunas
1688 4296 2027 4368 interdum,
2060 4312 2178 4372 ego
2209 4297 2381 4359 nullo
2482 4308 2589 4368 gas
2619 4290 2709 4350 illi
2758 4306 2873 4368 pro
2912 4289 3117 4350 verbis
3152 4288 3446 4368 imposui.
3477 4290 3651 4351 Tunc
3690 4288 4076 4369 apprehen-

816 4414 1091 4479 unquam
1115 4399 1256 4460 cibo
1284 4398 1549 4460 reficior.
1572 4400 1663 4457 Tu
1681 4414 1869 4475 saepe
1890 4396 2125 4472 vigilas,
2151 4414 2251 4459 me
2280 4415 2382 4458 ve-
2412 4441 2456 4498 υ
2482 4390 2639 4450 dens
2691 4388 2883 4467 pedes
2921 4387 3079 4498 beati
3130 4387 3375 4498 Macarii
3423 4386 3726 4498 clamabat
3770 4388 4007 4451 dicens
4060 4409 4073 4450 :

816 4515 886 4560 ro
910 4515 1101 4577 sopor
1120 4513 1441 4575 nunquam
1477 4497 1633 4568 ιω
1652 4495 1983 4575 Oppressit.
2015 4495 2135 4556 Sed
2169 4497 2234 4557 in
2255 4514 2379 4558 una
2412 4486 2451 4498 “’
2486 4488 2615 4549 Nisi
2669 4504 2770 4548 me
2823 4486 3198 4548 monachum
3259 4486 3507 4561 feceris,
3557 4505 3687 4549 non
3730 4489 4072 4553 desistam.

816 4614 883 4659 re
914 4615 1014 4658 me
1041 4597 1259 4669 vincis,
1290 4596 1427 4674 ipse
1470 4595 1792 4675 proﬁteor.
1825 4596 1973 4654 Cum
2025 4594 2103 4655 ab
2135 4611 2211 4655 eo
2247 4612 2377 4655 rem
2485 4590 2944 4663 Pergentesque
2967 4588 3197 4663 pariter
3225 4592 3529 4647 venerunt
3573 4588 3649 4648 ad
3684 4588 3928 4664 locum,
3953 4593 4077 4653 ubi

886 4778 961 4845 (1)
986 4776 1220 4830 VV.PP.
1264 4777 1447 4832 Rosw.
1477 4776 1568 4830 lib.
1589 4774 1655 4827 Ill
1689 4790 1811 4843 cap.
1844 4774 1913 4830 99
1943 4792 1995 4845 p.
2041 4776 2165 4839 515,
2212 4776 2248 4830 2
2293 4792 2375 4844 sq.
2546 4768 2622 4835 (7)
2647 4766 2889 4820 Minutoli
2916 4763 3075 4818 Reise
3115 4781 3237 4817 zum
3275 4763 3492 4834 Tempel
3540 4765 3637 4819 des
3674 4764 3895 4836 Jupiter
3940 4769 4078 4822 Am-

882 4869 961 4939 (2)
992 4868 1125 4922 Ibid.
1161 4868 1257 4932 lib,
1293 4866 1335 4920 ν
1368 4866 1531 4921 Iibell.
1572 4866 1735 4929 l5,2l
1768 4880 1821 4934 p.
1862 4866 1987 4931 6‘25,
2016 4866 2051 4918 2
2089 4882 2172 4937 sq.
2476 4876 2600 4913 mon
2624 4877 2675 4929 p.
2714 4858 2838 4911 9.92.

885 4962 959 5029 (3)
992 4960 1224 5015 Coteler.
1252 4958 1396 5012 Eccl.
1422 4957 1614 5012 Graec.
1640 4957 1785 5011 Mon.
1813 4955 1877 5012 Τ.
1909 4956 1926 5009 1
1950 4972 2001 5026 ρ.
2026 4956 2129 5011 521
2154 4973 2236 5027 sq.
2260 4973 2305 5013 ε.
2323 4975 2377 5012 v.
2547 4962 2570 5021 (η

2323 4975 2377 5012 v.
2547 4954 2625 5021 (8)
2656 4952 2770 5007 νγ.
2804 4952 2905 5005 PP.
2945 4952 3129 5005 Rosw.
3157 4952 3248 5005 lib.
3283 4951 3350 5004 Ill
3378 4967 3497 5020 cap.
3534 4952 3634 5005 124
3674 4968 3726 5021 p.
3756 4953 3884 5019 518,
3930 4956 3996 5008 2.

815 5051 1086 5105 Macarius
1104 5049 1437 5120 Aegyptiusﬁ
1462 5048 1504 5112 I;
1535 5049 1675 5103 infra
1698 5049 1752 5102 in
1776 5050 1967 5103 harum
1985 5048 2377 5114 Quaestionum
2544 5047 2618 5116 (9)
2644 5044 2776 5098 Ibid.
2801 5044 2895 5098 lib.
2926 5042 3153 5112 Vllcap.
3184 5043 3266 5105 t3,
3297 5043 3329 5097 6
3362 5059 3413 5111 p.
3440 5043 3563 5106 670,
3582 5044 3635 5095 2.

812 5144 1123 5211 Appendice
1154 5141 1322 5194 altera
1350 5140 1450 5193 sub
1469 5138 1554 5191 IlI.
2545 5132 2654 5201 (10)
2687 5131 2820 5185 Ibid.
2856 5131 2949 5185 lib.
2978 5130 3019 5183 V
3044 5131 3209 5184 libell.
3239 5130 3325 5191 15,
3349 5130 3420 5184 26
3444 5146 3495 5197 p.
3534 5129 3664 5193 624,
3709 5131 3756 5183 1.

883 5234 963 5303 (ι)
990 5233 1075 5287 Cf.
1098 5248 1263 5301 supra
1293 5232 1319 5302 §
1348 5232 1412 5284 Η.
1440 5247 1492 5301 p.
1514 5232 1599 5285 38.
2546 5231 2565 5296 (

2546 5226 2658 5296 (11)
2696 5224 2929 5279 Coteler.
2972 5222 3117 5275 Eccl.
3162 5221 3352 5275 Graec.
3395 5220 3540 5275 Mon.
3583 5220 3643 5274 Τ.
3691 5222 3709 5275 I
3748 5238 3801 5292 p-
3846 5225 3970 5279 534
4026 5245 4077 5281 s.

886 5325 964 5395 (5)
991 5324 1109 5378 Vita
1133 5324 1190 5377 S.
1216 5324 1452 5377 Marianae
1480 5321 1591 5376 νγ.
1621 5320 1722 5373 PP.
1746 5322 1926 5375 Rosvv.
1957 5322 2049 5375 lib.
2103 5322 2119 5374 l
2166 5337 2218 5391 p.
2273 5321 2378 5376 393
2474 5334 2527 5371 ν.
2569 5316 2841 5370 Macarius
2871 5314 3154 5382 Aegyptius
3185 5311 3210 5382 §
3241 5310 3345 5376 XI;
3387 5311 3526 5364 infra
3565 5314 3617 5366 in
3654 5313 3848 5368 harum
3872 5315 4085 5383 Quae-

816 5432 939 5486 sqq.
968 5413 1087 5467 Vita
1118 5415 1175 5468 S.
1214 5413 1486 5483 Eugeniae
1526 5413 1655 5465 ibid.
1693 5429 1745 5481 p.
1778 5412 1883 5466 340
1915 5428 2034 5481 sqq.
2071 5410 2145 5465 De
2179 5414 2376 5481 Appol-
2474 5408 2713 5464 stionum
2753 5405 3065 5475 Appendice
3103 5403 3270 5456 altera
3311 5403 3414 5457 sub
3451 5401 3537 5455 lll.

816 5508 974 5561 linari
1004 5506 1211 5575 virgine
1242 5504 1315 5559 cf.
1346 5504 1482 5557 intra
1518 5502 1689 5572 Caput
1718 5502 1963 5575 VII§H.
2545 5501 2655 5565 (12)
2697 5501 2829 5555 Ibid.
2868 5515 2921 5569 p.
2960 5499 3062 5555 515
3114 5515 3197 5567 sq.
3250 5516 3295 5552 s.
3350 5516 3402 5550 v.
3448 5498 3720 5551 Macarius
3760 5500 4084 5570 Aegyptius

888 5595 963 5665 (6)
993 5595 1131 5650 Hist.
1171 5594 1331 5649 Laus.
1369 5598 1453 5649 ed.
1483 5592 1683 5647 Meurs.
1714 5608 1834 5661 cap.
1867 5592 1969 5645 IN
2004 5591 2140 5662 Opp.
2170 5590 2369 5645 Meurs.
2478 5594 2505 5663 §
2543 5592 2769 5656 XXXV;
2811 5590 2951 5645 infra
2990 5591 3042 5645 in
3084 5591 3274 5645 harum
3309 5590 4056 5659 QuaestionumAppcndicc

815 5689 908 5743 l.|.
932 5704 983 5756 p.
1012 5685 1212 5740 627.111
1247 5686 1403 5740 codd.
1443 5682 1749 5739 Vindobon.
1785 5683 1935 5737 locus
1970 5681 2037 5736 de
2092 5682 2373 5736 Eustathio
2480 5683 2648 5736 altera
2680 5681 2783 5737 sub
2820 5680 2906 5734 Ill.

816 5782 987 5837 deest.
