4266 6360
191 383 297 438 133

1717 387 1946 442 νιΤΑΕ.

3332 400 3435 454 156

187 516 405 561 caesus
426 496 615 559 frater
640 497 900 559 iacebat.
933 498 1128 570 Quem
1160 498 1409 577 utrique
1440 499 1757 569 tollentes,
1793 507 1835 559 A
1866 505 2481 585 quantulamcunque
2514 508 2814 585 patimur;
2849 508 2937 570 illi
2978 527 3147 585 vero,
3181 513 3288 591 qui
3324 531 3441 575 co-

186 602 485 680 quoniam
509 599 681 677 gradi
718 617 845 660 non
878 606 1143 678 poterat,
1165 600 1448 661 manibus
1471 601 1534 661 in
1567 601 1766 662 eccle-

187 702 339 763 siam
372 700 788 780 pertulerunt.
812 701 960 761 Cum
985 706 1191 761 autem
1220 700 1440 762 fratres
1468 702 1766 763 vidissent

188 803 574 864 sacerdotem
608 802 782 862 illum
810 802 1059 863 beatum
1090 803 1424 863 Macarium
1454 804 1761 864 comitan-

185 913 336 975 tem,
361 902 687 982 stupefacti
751 920 895 964 cum
932 902 1344 963 admiratione
1388 902 1765 965 monachum

186 1006 363 1066 illum
396 1005 749 1082 perficiunt,
784 1012 845 1064 et
865 1003 1043 1064 multi
1068 1011 1327 1082 pr0pter
1345 1003 1521 1065 illum
1553 1022 1629 1065 ex
1650 1022 1763 1083 pa-

187 1106 365 1183 ganis
385 1105 531 1166 facti
561 1112 705 1165 sunt
740 1104 1088 1165 Christiani.
1121 1104 1368 1165 Dicebat
1400 1122 1550 1183 ergo
1576 1107 1767 1167 abbas

196 1207 505 1267 Macarius
526 1224 537 1265 :
558 1207 707 1279 Quia
729 1222 935 1267 sermo
956 1206 1266 1284 superbus
1288 1213 1350 1265 et
1367 1204 1565 1267 malus
1581 1208 1767 1267 etiam

189 1310 395 1370 bonos
423 1311 589 1369 viros
626 1309 934 1370 convertit
974 1309 1052 1370 ad
1092 1309 1349 1383 malum,
1382 1326 1589 1370 sermo
1620 1326 1768 1371 vero

190 1408 447 1469 humilis
485 1416 547 1469 et
587 1409 792 1469 bonus
829 1409 1014 1469 etiam
1054 1408 1255 1469 malos
1284 1415 1479 1470 mutat
1523 1409 1588 1469 in
1629 1426 1765 1470 me—

190 1510 312 1570 lius
341 1508 449 1586 (1).
488 1532 516 1565 »
561 1509 792 1569 Eadem
832 1508 996 1569 inter
1036 1507 1573 1587 ApOphthegmata
1600 1508 1769 1586 apud

190 1610 565 1673 Cotelerium
588 1610 902 1686 leguntur,
932 1608 1034 1669 ubi
1058 1608 1141 1668 ita
1170 1608 1482 1685 incipiunt
1519 1625 1531 1666 :
1558 1627 1575 1658 ι
1606 1610 1768 1668 Nar-

192 1730 258 1773 ra
271 1718 412 1771 runt
434 1710 765 1771 Macarium
787 1707 1155 1786 Aegyptium
1184 1708 1469 1768 abbatem
1481 1707 1766 1786 aliquan-

190 1810 273 1871 do
293 1829 327 1871 e
348 1812 525 1871 Scete
553 1808 906 1870 ascendisse
928 1808 991 1867 in
1015 1812 1291 1867 montem
1316 1807 1718 1886 Nitriae..(2);
1739 1830 1766 1861 ιι)

191 1916 399 1969 cetera
435 1925 579 1969 vero
616 1913 902 1968 accurate
936 1922 1080 1966 cum
1125 1904 1249 1965 illis
1283 1906 1686 1966 conveniunt.

272 2032 303 2065 α
338 2010 542 2070 Abbas
578 2008 878 2069 Macarius
909 2006 1058 2067 dum
1086 2005 1435 2067 ambularet
1462 2006 1527 2067 in
1561 2006 1772 2069 deser-

188 2118 280 2182 to,
321 2118 508 2188 caput
528 2108 847 2169 cuiusdam
871 2105 1143 2167 hominis
1173 2104 1414 2166 aridum
1442 2106 1679 2167 invenit
1706 2108 1771 2168 in

189 2218 234 2271 1(
254 2228 374 2271 rra.
410 2209 584 2283 Quod
628 2216 958 2288 postquam
1008 2205 1233 2267 baculo
1285 2223 1399 2267 suo
1439 2207 1768 2281 convertit,

190 2327 411 2371 vocem
446 2310 643 2370 visum
676 2314 767 2369 est
802 2306 1107 2367 emittere.
1142 2305 1319 2377 Quod
1350 2323 1566 2379 senex,
1608 2306 1774 2385 quis-

194 2428 340 2470 nam
372 2416 557 2482 esset,
590 2409 951 2484 interrogat.
996 2410 1070 2466 At
1114 2404 1219 2466 ille
1256 2405 1616 2485 respondit:
1644 2407 1773 2483 Ego

193 2509 451 2588 quidem
484 2509 779 2588 princeps
812 2524 982 2569 eram
1012 2506 1405 2568 sacerdotum
1436 2506 1768 2581 idolorum,

192 2608 300 2686 qui
338 2608 404 2668 in
443 2608 563 2668 hoc
605 2606 745 2668 loco
786 2606 1165 2667 habitabant.
1206 2608 1297 2666 Tu
1327 2615 1537 2667 autem
1564 2624 1634 2668 es
1660 2607 1771 2667 ab-

190 2707 305 2768 bas
326 2708 627 2768 Macarius
657 2708 887 2787 Spiritu
912 2706 1121 2769 divino
1150 2707 1447 2787 repletus.
1477 2710 1778 2781 Quacum-

192 2825 322 2885 que
352 2808 521 2867 enim
562 2808 718 2868 hora
762 2808 1050 2868 misertus
1080 2824 1301 2868 eorum
1329 2808 1545 2881 fueris,
1572 2809 1678 2886 qui
1712 2808 1777 2868 in

192 2924 404 2983 poena
428 2914 595 2979 sunt,
634 2915 696 2966 et
723 2924 836 2984 pro
862 2906 937 2966 iis
959 2907 1253 2978 oraveris,
1284 2906 1777 2967 consolationem

189 3008 468 3085 aliquam
492 3007 790 3068 sentiunt.
826 3008 934 3067 Cui
957 3025 1150 3069 senex
1178 3024 1190 3066 :
1215 3009 1288 3067 Et
1308 3024 1471 3085 quae
1506 3014 1600 3068 est
1620 3012 1776 3069 con!-

191 3106 420 3167 solatio
452 3114 653 3167 vestra
675 3107 769 3167 vel
804 3105 1052 3186 poena?
1084 3109 1417 3186 responde.
1455 3112 1527 3168 At
1552 3107 1658 3169 ille
1683 3108 1775 3168 al-

1871 607 2109 682 gnitum
2146 616 2546 685 negaverunt,
2586 612 2970 687 gravioribus
3018 620 3078 673 et
3116 614 3441 675 ineffabili-

1871 707 1986 767 bus
2015 709 2237 787 poenis
2265 709 2482 769 subtus
2514 727 2629 771 nos
2655 712 3031 773 cruciantur.
3074 714 3306 785 Quibus
3326 732 3439 775 au-

1872 806 2014 866 ditis
2051 807 2269 868 beatus
2297 810 2597 871 Macarius
2636 812 2835 890 capite
2877 812 3060 873 altius
3092 820 3295 874 terrae
3328 815 3441 875 de-

1871 905 2041 967 fosso
2090 907 2371 970 discessit
2409 909 2515 987 (3).
2558 934 2585 965 »
2630 911 2800 971 Idem
2846 913 2907 972 in
2951 912 3111 973 libro
3149 920 3324 975 sexto
3360 914 3440 993 (4)

1873 1004 1950 1065 de
1969 1007 2188 1067 abbate
2218 1009 2483 1069 Macario
2504 1010 2722 1070 maiori
2754 1011 2795 1070 i.
2818 1027 2874 1070 e.
2908 1014 3236 1090 Aegyptio,
3256 1022 3446 1092 atque

1871 1104 1934 1164 in
1978 1106 2538 1183 Apophthegmatis
2574 1125 2607 1168 a
2642 1109 2946 1170 Cotelerio
2976 1112 3155 1171 editis
3189 1112 3267 1191 (5)
3294 1130 3345 1173 s.
3377 1131 3442 1173 v.
3534 1104 3539 1113 ’

1872 1205 2193 1264 Macarius
2244 1208 2585 1285 Aegyptius
2616 1208 2896 1270 traditur.
2936 1214 3061 1273 Nec
3102 1231 3228 1273 non
3277 1214 3443 1276 idem

1874 1303 2257 1383 colloquium
2298 1308 2562 1367 Ioannes
2598 1307 3033 1383 Damascenus,
3064 1310 3219 1373 falso
3252 1319 3319 1372 ut
3352 1315 3441 1372 vi-

1875 1402 2077 1475 detur,
2127 1404 2193 1463 in
2238 1405 2504 1466 llistoria
2546 1408 2836 1469 Lausiaca
2878 1409 3099 1485 legisse
3138 1429 3204 1471 se
3250 1415 3439 1473 tradi—

1885 1500 1975 1561 dit
2034 1499 2152 1578 (6),
2196 1503 2260 1561 in
2302 1520 2425 1581 qua
2494 1503 2683 1565 hodie
2720 1522 2846 1565 non
2893 1508 3159 1586 amplius
3194 1509 3440 1587 legitur.

1874 1605 2076 1679 Atque
2120 1602 2382 1681 insuper
2424 1621 2459 1663 a
2507 1604 2806 1666 Michaele
2838 1606 3027 1685 Glyca
3062 1610 3168 1685 (7),
3213 1609 3278 1668 in
3327 1612 3448 1669 Me-

1876 1702 2048 1763 naeis
2103 1704 2481 1765 Graecorum
2538 1704 2659 1782 (8),
2715 1723 2749 1765 a
2806 1707 3160 1785 Nicephoro
3213 1708 3443 1769 Blemi—

1877 1800 1952 1862 da
2004 1799 2121 1880 (9),
2181 1809 2242 1862 et
2296 1803 2359 1863 in
2413 1805 2663 1865 Ioannis
2717 1806 3102 1883 Hagioelitae
3158 1810 3447 1869 encomio

1871 1900 2118 1961 Macarii
2131 1903 2417 1981 Aegyptii
2434 1903 2554 1985 (10)
2572 1914 2970 1969 memoratur.
2988 1910 3449 1989 Theologorum

1871 1998 2383 2063 scholasticorum
2425 2005 2677 2081 ingenia
2718 2007 2798 2067 ob
2835 2008 3245 2082 difficultates,
3288 2030 3448 2089 quae

1873 2100 1930 2161 ei
1958 2100 2193 2173 insunt,
2232 2102 2614 2179 dogmaticas
2655 2106 2918 2167 multum
2958 2111 3257 2170 exercuit.
3289 2116 3450 2182 Quas

1873 2201 2129 2279 quidem
2168 2204 2229 2262 S.
2264 2202 2555 2277 Thomas,
2589 2207 2869 2268 refutatis
2889 2218 3239 2269 ceterorum
3272 2210 3450 2272 scho-

1874 2301 2230 2364 lasticorum
2266 2303 2385 2365 loci
2429 2306 2968 2385 explicationibus,
2996 2311 3230 2388 optime
3253 2329 3447 2390 expe-

1874 2402 2008 2463 dire
2062 2404 2295 2465 studuit
2354 2403 2499 2485 (11).
2557 2408 2677 2468 Sed
2724 2425 2849 2469 rem
2892 2409 3240 2472 fabulosam
3289 2429 3448 2485 esse,

1876 2500 2016 2579 quis
2042 2518 2168 2562 non
2193 2503 2544 2565 existimat?
2570 2506 2977 2583 Origenistam
3005 2508 3163 2569 forte
3186 2527 3448 2589 compo-

1876 2603 2071 2663 suisse
2102 2620 2238 2663 eam
2265 2605 2573 2683 suspicor,
2606 2608 2749 2685 quia
2776 2609 3156 2685 Origenistae
3188 2611 3263 2671 de
3287 2612 3455 2672 dani-

1878 2712 2164 2765 natorum
2207 2712 2368 2765 statu
2412 2714 2553 2785 post
2590 2716 2853 2769 mortem
2889 2711 3047 2771 male
3074 2713 3452 2775 sentiebant.

1877 2808 2162 2865 Ceterum
2192 2807 2257 2865 in
2295 2824 2409 2867 ms.
2443 2808 2791 2885 Aquicinct.
2816 2816 2971 2871 teste
2997 2813 3333 2875 Rosweido
3364 2814 3456 2874 hi-

1878 2904 2065 2963 storia
2101 2903 2423 2979 legebatur
2465 2905 2548 2964 ita
2579 2906 2783 2967 verbis
2821 2918 3151 2988 concepta,
3193 2918 3260 2971 ut
3300 2912 3454 2972 diﬂi-

1879 3004 2140 3064 cultates
2168 3005 2419 3083 penitus
2449 3015 2765 3067 cessarent
2798 3007 2941 3086 (12).

1962 3104 2117 3175 143
2163 3128 2191 3161 «
2242 3106 2501 3178 Quidam
2555 3106 2745 3167 frater
2796 3108 3048 3169 beatum
3113 3113 3455 3174 Macarium

194 3211 320 3268 tius
365 3209 783 3283 ingemiscens
825 3228 838 3268 :
886 3210 1217 3280 Quantum,
1262 3208 1487 3286 inquit,
1533 3208 1777 3270 coelum
1806 3200 1848 3258 C
1882 3204 2253 3282 postulabat,
2278 3212 2346 3265 ut
2377 3206 2434 3265 ei
2464 3222 2817 3266 sermonem
2844 3207 3099 3278 diceret,
3120 3227 3234 3287 per
3266 3228 3453 3287 quem

190 3310 382 3369 distat
414 3326 449 3369 a
489 3318 673 3379 terra,
721 3314 960 3368 tantum
1001 3308 1163 3384 ignis
1201 3314 1294 3368 est
1334 3307 1514 3380 altus,
1554 3308 1621 3368 in
1651 3326 1777 3387 quo

191 3410 409 3470 medio
442 3427 658 3468 sumus
684 3425 719 3469 a
750 3408 1013 3486 pedibus
1038 3424 1240 3485 usque
1272 3407 1349 3467 ad
1382 3414 1569 3487 caput
1596 3409 1772 3469 undi-

193 3528 325 3588 que
363 3508 622 3587 perfusi,
644 3525 761 3569 nec
783 3508 1074 3586 cuiquam
1096 3508 1239 3569 licet
1267 3508 1487 3569 faciem
1521 3508 1774 3569 alterius

193 3610 452 3681 intueri,
494 3608 603 3669 sed
657 3608 847 3669 facies
901 3613 1115 3668 nostro
1168 3608 1355 3668 dorso
1404 3608 1774 3670 coniunctae

194 3717 365 3771 sunt.
390 3710 540 3769 Cum
564 3726 713 3785 ergo
745 3725 885 3769 oras
911 3724 1027 3785 pro
1060 3707 1264 3780 nobis,
1289 3724 1366 3767 ex
1395 3714 1571 3785 parte
1598 3709 1774 3769 vide-

195 3826 342 3868 mus
362 3807 824 3879 alterutrum,et
850 3804 971 3866 hoc
1005 3804 1186 3865 nobis
1207 3822 1321 3882 pro
1350 3804 1779 3867 consolatione

196 3914 467 3969 constat.
495 3908 605 3968 His
627 3905 855 3967 auditis
873 3904 1157 3966 lacrimas
1186 3903 1346 3965 fudit
1369 3905 1585 3967 dicens
1618 3925 1631 3966 :
1655 3908 1781 3968 Vae

196 4010 327 4071 diei
358 4008 475 4082 illi,
507 4010 573 4069 in
604 4024 731 4087 quo
754 4006 946 4067 homo
978 4005 1267 4067 mandata
1297 4007 1406 4067 Dei
1435 4014 1780 4085 transgres-

198 4122 309 4164 sus
330 4102 452 4163 estl
499 4107 653 4177 152
685 4103 757 4163 F-t
784 4102 1008 4162 iterum
1043 4102 1122 4161 ab
1154 4119 1253 4173 eo,
1297 4103 1347 4163 si
1386 4113 1549 4165 esset
1591 4105 1781 4167 altera

202 4220 413 4282 poena
470 4202 689 4274 maior,
738 4201 1015 4279 inquirit.
1075 4202 1182 4261 Cui
1232 4202 1337 4263 ille
1393 4204 1717 4283 respondit
1761 4222 1774 4263 :

200 4307 363 4364 Sunt
400 4302 584 4363 nobis
625 4301 729 4361 alii
770 4300 967 4361 multo
1006 4299 1288 4362 inferius.
1345 4304 1623 4382 Cumque
1669 4306 1778 4383 qui

200 4409 415 4464 essent
471 4401 559 4461 illi
611 4401 1041 4477 interrogaret,
1090 4401 1285 4462 dixit:
1326 4403 1452 4463 Nos
1496 4404 1772 4482 quidem,

1886 3312 2098 3383 posset
2134 3305 2374 3365 salvari.
2415 3307 2522 3365 Cui
2555 3323 2747 3366 senex
2785 3308 2866 3366 ait
2902 3326 2913 3365 :
2945 3309 3201 3385 Oportet
3240 3309 3452 3386 fugere

1879 3404 2189 3478 homines,
2223 3412 2285 3466 et
2325 3406 2545 3467 sedere
2586 3407 2649 3466 in
2691 3407 2868 3480 cella,
2915 3415 2975 3467 et
3022 3425 3135 3487 pro
3181 3413 3456 3487 peccatis

1878 3504 2103 3579 iugiter
2142 3504 2486 3577 lamentari,
2514 3513 2573 3565 et
2609 3507 2777 3583 quod
2827 3524 3017 3584 super
3064 3523 3285 3568 omnes
3329 3509 3455 3569 vir-

1882 3611 2045 3663 tutes
2083 3610 2195 3676 est,
2228 3612 2349 3665 tam
2394 3604 2669 3681 linguam
2715 3623 3007 3667 coercere
3063 3627 3252 3687 quam
3301 3628 3454 3671 ven-

1884 3713 2041 3767 trem
2085 3702 2231 3784 (13).
2280 3725 2309 3760 »
2357 3708 2634 3767 Eandem
2687 3710 2933 3770 Macarii
2988 3710 3335 3773 doctrinam
3390 3714 3455 3773 in

1878 3804 2439 3883 Apophthegmatis
2466 3823 2499 3865 a
2530 3805 2835 3867 Cotelerio
2862 3808 3044 3869 editis
3072 3809 3167 3869 bis
3189 3810 3453 3871 invenis.

1877 3906 1949 3963 Et
2016 3904 2209 3965 semel
2282 3905 2538 3983 quidem
2604 3905 2700 3965 his
2766 3905 2970 3966 verbis
3038 3909 3454 3988 concipitur:

1881 4027 1907 4058 α
1946 4004 2153 4065 Esaias
2183 4005 2399 4077 abbas,
2447 4006 2838 4082 interrogans
2885 4009 3219 4068 Macarium
3262 4011 3455 4070 abba-

1876 4112 2005 4164 tem
2050 4123 2062 4163 :
2114 4106 2337 4166 Profer
2392 4106 2569 4179 mihi,
2621 4108 2849 4185 inquit,
2899 4110 3293 4169 sententiam.
3353 4112 3460 4171 Cui

1883 4222 2075 4266 senex
2102 4206 2427 4284 respondit
2449 4226 2461 4265 :
2486 4207 2788 4267 Homines
2810 4208 2979 4284 fuge.
3000 4209 3209 4269 Esaias
3230 4208 3419 4269 abbas
3446 4228 3457 4269 :

1883 4306 2311 4384 Quid,inquit,
2339 4314 2433 4367 est
2474 4307 2690 4384 fugere
2742 4306 3074 4369 homines?
3112 4310 3461 4387 Respondit

1884 4424 2114 4467 senex:
2154 4407 2383 4468 Sedere
2421 4408 2485 4468 in
2526 4408 2680 4468 cella
2711 4415 2813 4468 tua
2844 4416 2903 4469 et
2935 4409 3165 4469 deﬂere
3204 4418 3458 4488 peccata

200 4504 314 4581 qui
363 4503 559 4562 Deum
615 4517 744 4561 non
797 4500 1227 4577 cognovimus,
1282 4500 1771 4564 misericordiam
1805 4506 1851 4565 ο
1876 4511 1981 4567 tua
2012 4506 2158 4585 (14).
2189 4530 2217 4562 »
2251 4506 2419 4567 Alter
2447 4523 2594 4568 vero
2622 4506 3239 4586 Apophthegmatum
3286 4507 3461 4569 locus

274 4687 354 4755 (l)
397 4685 509 4740 νγ.
551 4685 652 4738 ΡΡ.
696 4685 878 4741 Rosw.
922 4687 1016 4742 lib.
1062 4687 1123 4740 III
1157 4704 1278 4757 cap.
1321 4690 1421 4741 I27
1462 4706 1515 4759 p.
1556 4690 1680 4752 518,
1722 4689 1774 4742 2.

276 4780 354 4847 (2)
396 4778 630 4833 Coteler.
673 4778 819 4833 Eccl.
860 4776 1053 4833 Graec.
1097 4780 1240 4834 Mon.
1284 4780 1347 4834 T.
1392 4782 1409 4834 ι
1456 4798 1506 4849 p.
1577 4782 1679 4836 547
1731 4797 1777 4835 s.

204 4896 256 4928 ν.
301 4872 577 4927 Macarius
602 4872 886 4941 Aegyptius
922 4871 948 4942 ς
987 4870 1238 4937 XXXIX;
1280 4871 1422 4925 infra
1477 4874 1533 4926 in
1588 4874 1780 4926 harum

205 4966 600 5031 Quaestionum
635 4964 945 5031 Appendice
984 4964 1151 5017 altera
1192 4964 1292 5017 sub
1318 4962 1404 5017 III.

279 5059 357 5125 (δ)
413 5052 525 5108 vv.
575 5052 678 5105 pp.
725 5052 911 5107 Itusw.
964 5053 1059 5107 lib.
1116 5051 1181 5105 ιιι
1226 5068 1345 5121 cap.
1400 5051 1503 5105 ιη
1553 5067 1607 5121 ρ.
1657 5053 1781 5114 526.

206 5151 228 5201 1
270 5165 358 5215 sq.

280 5240 358 5308 (ιι)
398 5237 532 5291 Ibid.
574 5238 667 5292 lib.
709 5236 777 5289 vr
815 5234 983 5290 Iibell.
1020 5233 1074 5297 δ,
1118 5232 1183 5285 ιθ
1224 5249 1275 5301 ρ.
1317 5231 1614 5300 656,2sq.

281 5330 362 5399 (5)
401 5328 633 5381 Coteler.
660 5325 808 5379 Eccl.
846 5324 1038 5379 Graec.
1074 5322 1212 5375 Mon.
1251 5321 1313 5375 Τ.
1358 5320 1376 5374 I
1418 5338 1470 5391 p.
1506 5322 1610 5376 546
1645 5337 1689 5377 ε.
1731 5338 1783 5374 v.

207 5422 489 5478 Macarius
535 5420 816 5489 Aegyptius
861 5417 888 5487 §
941 5414 1241 5480 XXXVIII;
1291 5413 1432 5467 infra
1486 5413 1541 5467 in
1592 5414 1785 5467 harum

205 5516 603 5582 Quaestionum
633 5509 946 5581 Appendice
986 5509 1156 5561 altera
1197 5508 1301 5561 sub
1340 5504 1428 5558 III.

281 5610 361 5679 (6)
398 5606 582 5660 Oratio
616 5604 682 5658 de
721 5605 788 5657 iis
828 5601 918 5670 qui
959 5601 1013 5653 in
1048 5598 1151 5652 fide
1184 5597 1541 5652 dormierunt.
1578 5592 1655 5652 Io.
1690 5593 1791 5647 Da-

207 5718 385 5761 masc.
427 5700 565 5769 Opp.
593 5696 671 5751 ‘T.
715 5697 731 5749 l
773 5710 824 5762 p.
862 5692 984 5746 585.

281 5798 361 5864 (τ)
407 5794 504 5861 Ep.
561 5792 649 5844 26.
693 5789 777 5843 Cf.
826 5783 1065 5839 Fabricii
1115 5782 1373 5838 Biblioth.
1419 5778 1611 5837 Graec.
1647 5792 1691 5833 ε.
1739 5793 1789 5831 v.

209 5888 499 5944 PallaJius
539 5884 623 5939 ed.
665 5884 703 5937 l.
745 5882 859 5935 Vol.
905 5877 947 5931 X
990 5894 1048 5943 p.
1075 5876 1197 5931 106.

1949 4668 2025 4737 (8)
2069 4666 2431 4738 Synaxarium
2458 4668 2792 4723 Graecorum
2829 4668 2899 4723 26
2924 4667 3036 4723 Ian.

1953 4762 2027 4832 (9)
2054 4760 2316 4825 Diatriba,
2348 4762 2561 4830 qualem
2596 4776 2717 4815 esse
2748 4760 2934 4813 deceat
2964 4760 3345 4829 imperatorem
3373 4758 3457 4813 Cf.

1883 4852 2117 4909 Fabrici‘
2168 4854 2421 4909 Biblioth.
2448 4852 2642 4906 Graec.
2684 4852 2721 4905 l.
2764 4853 2796 4903 Ι.

1956 4948 2066 5014 (10)
2101 4944 2335 5001 Consule
2358 4945 2595 4998 Leonem
2626 4944 2880 4996 Allatium
2909 4943 2975 4997 de
2996 4944 3152 4997 libris
3175 4943 3463 4998 ecclesias-

1885 5038 2009 5092 ticis
2048 5037 2379 5092 Graecorum
2419 5038 2553 5091 diss.
2582 5035 2621 5088 Il
2652 5037 2719 5089 ed
2766 5034 2920 5090 Paris
2991 5034 3125 5089 I645
3162 5050 3214 5103 p.
3260 5033 3362 5087 H7
3390 5064 3461 5073 —

1887 5130 2009 5182 I25.

1958 5219 2070 5285 (11)
2112 5217 2165 5272 In
2206 5217 2295 5271 IV.
2342 5218 2492 5272 Sent.
2527 5218 2657 5271 Dist.
2697 5216 2834 5270 XLV
2865 5233 2918 5287 q.
2959 5217 3002 5270 II
3041 5226 3143 5270 art.
3186 5216 3226 5268 Il
3262 5217 3328 5270 ad
3368 5215 3455 5271 IV.

1888 5311 1970 5367 Cf.
1997 5310 2107 5365 νγ.
2146 5310 2245 5363 PP.
2281 5312 2463 5365 Rosw.
2504 5311 2598 5365 lib.
2629 5308 2698 5362 VI
2728 5320 2841 5363 not.
2886 5310 2951 5361 I2
2969 5326 3019 5377 p.
3044 5308 3168 5369 622,
3194 5309 3247 5362 2.

1950 5403 2061 5471 (I2)
2094 5400 2208 5454 νγ.
2249 5400 2355 5456 PP.
2389 5400 2575 5457 Bosw.
2632 5402 2723 5455 lib.
2763 5400 2827 5453 III
2871 5409 2983 5454 not.
3025 5400 3095 5453 20
3138 5418 3188 5469 p.
3246 5398 3370 5461 535,
3404 5400 3455 5453 1.

1965 5493 2075 5561 (ιδ)
2116 5492 2251 5546 Ibid.
2278 5493 2373 5546 lib.
2409 5491 2475 5545 ιιι
2502 5506 2622 5559 cap.
2656 5491 2755 5545 189
2781 5508 2833 5560 ρ.
2866 5490 2988 5555 528,
3017 5492 3067 5542 ι.

1964 5584 2074 5654 (II)
2110 5584 2341 5639 Coteler.
2390 5583 2534 5637 Eccl.
2578 5583 2767 5637 Graec.
2806 5583 2946 5637 Mon.
2980 5580 3044 5635 Τ.
3075 5582 3170 5651 lp.
3198 5581 3299 5635 5A0
3327 5596 3373 5635 ο.
3402 5595 3456 5633 v.

1894 5674 2165 5728 Macarius
2184 5674 2466 5743 Aegyptius
2496 5671 2522 5741 §
2549 5670 2771 5737 XXVII;
2799 5671 2935 5725 infra
2961 5672 3015 5726 iu
3047 5671 3237 5725 harum
3255 5669 3468 5735 Quaes-

1896 5766 2103 5822 tionum
2135 5766 2443 5836 Appendicc
2476 5767 2645 5819 altera
2670 5765 2772 5819 sub
2800 5761 2883 5817 Ill.
