  <div class='ocr_page' id='page_1' title='image "/cluster/home/n/w/nwhite01/storage/ocr_20150623/34/nnc1.0046978860/077.png"; bbox 0 0 4266 6360; ppageno 0'>
   <div class='ocr_carea' id='block_1_1' title="bbox 812 375 917 427">
    <p class='ocr_par' dir='ltr' id='par_1_1' title="bbox 812 375 917 427">
     <span class='ocr_line' id='line_1_1' title="bbox 812 375 917 427; baseline 0 -1"><span class='ocrx_word' id='word_1_1' title='bbox 812 375 917 427; x_wconf 73' lang='lat' dir='ltr'>I35</span> 
     </span>
    </p>
   </div>
   <div class='ocr_carea' id='block_1_2' title="bbox 1621 357 3204 422">
    <p class='ocr_par' dir='ltr' id='par_1_2' title="bbox 1621 357 3204 422">
     <span class='ocr_line' id='line_1_2' title="bbox 1621 357 3204 422; baseline -0.007 -3"><span class='ocrx_word' id='word_1_2' title='bbox 1621 366 1720 422; x_wconf 84' lang='lat' dir='ltr'>SS.</span> <span class='ocrx_word' id='word_1_3' title='bbox 1746 363 2204 418; x_wconf 76' lang='lat' dir='ltr'>MACARIOBUM</span> <span class='ocrx_word' id='word_1_4' title='bbox 2246 361 2568 417; x_wconf 75' lang='lat' dir='ltr'>AEGYPTII</span> <span class='ocrx_word' id='word_1_5' title='bbox 2610 361 2694 414; x_wconf 82' lang='grc' dir='ltr'>ΕΤ</span> <span class='ocrx_word' id='word_1_6' title='bbox 2735 357 3204 415; x_wconf 69' lang='grc' dir='ltr'>ΑιΕΧΑΝΪΠΠΝΙ</span> 
     </span>
    </p>
   </div>
   <div class='ocr_carea' id='block_1_3' title="bbox 3948 346 4053 403">
    <p class='ocr_par' dir='ltr' id='par_1_3' title="bbox 3948 346 4053 403">
     <span class='ocr_line' id='line_1_3' title="bbox 3948 346 4053 403; baseline 0.01 -1"><span class='ocrx_word' id='word_1_7' title='bbox 3948 346 4053 403; x_wconf 75' lang='grc'>156</span> 
     </span>
    </p>
   </div>
   <div class='ocr_carea' id='block_1_4' title="bbox 805 472 4049 561">
    <p class='ocr_par' dir='ltr' id='par_1_4' title="bbox 805 472 4049 561">
     <span class='ocr_line' id='line_1_4' title="bbox 805 472 4049 561; baseline -0.006 -15"><span class='ocrx_word' id='word_1_8' title='bbox 805 486 868 546; x_wconf 91' lang='lat' dir='ltr'>in</span> <span class='ocrx_word' id='word_1_9' title='bbox 901 503 975 547; x_wconf 91' lang='lat' dir='ltr'>eo</span> <span class='ocrx_word' id='word_1_10' title='bbox 1005 484 1138 545; x_wconf 89' lang='lat' dir='ltr'>solo</span> <span class='ocrx_word' id='word_1_11' title='bbox 1165 486 1392 557; x_wconf 72' lang='lat' dir='ltr'>differt,</span> <span class='ocrx_word' id='word_1_12' title='bbox 1425 483 1592 561; x_wconf 91' lang='lat' dir='ltr'>quod</span> <span class='ocrx_word' id='word_1_13' title='bbox 1639 500 1753 561; x_wconf 87' lang='lat' dir='ltr'>pro</span> <span class='ocrx_word' id='word_1_14' title='bbox 1794 484 1969 543; x_wconf 82' lang='lat' dir='ltr'>Esaia</span> <span class='ocrx_word' id='word_1_15' title='bbox 2000 483 2219 543; x_wconf 82' lang='lat' dir='ltr'>abbate</span> <span class='ocrx_word' id='word_1_16' title='bbox 2264 481 2372 541; x_wconf 87' lang='lat' dir='ltr'>Aio</span> <span class='ocrx_word' id='word_1_17' title='bbox 2409 487 2447 540; x_wconf 82' lang='grc' dir='ltr'><strong>Α</strong></span> <span class='ocrx_word' id='word_1_18' title='bbox 2477 481 2674 540; x_wconf 90' lang='lat' dir='ltr'>tribus</span> <span class='ocrx_word' id='word_1_19' title='bbox 2695 477 3043 558; x_wconf 91' lang='lat' dir='ltr'>paximatiis</span> <span class='ocrx_word' id='word_1_20' title='bbox 3066 474 3145 555; x_wconf 76' lang='lat'>(4)</span> <span class='ocrx_word' id='word_1_21' title='bbox 3167 472 3836 551; x_wconf 88' lang='lat' dir='ltr'>apposuit,tacensque</span> <span class='ocrx_word' id='word_1_22' title='bbox 3856 472 4049 526; x_wconf 79' lang='lat' dir='ltr'>stetit.</span> 
     </span>
    </p>
   </div>
   <div class='ocr_carea' id='block_1_5' title="bbox 804 579 2379 660">
    <p class='ocr_par' dir='ltr' id='par_1_5' title="bbox 804 579 2379 660">
     <span class='ocr_line' id='line_1_5' title="bbox 804 579 2379 660; baseline -0.003 -17"><span class='ocrx_word' id='word_1_23' title='bbox 804 585 994 645; x_wconf 88' lang='lat' dir='ltr'>abbas</span> <span class='ocrx_word' id='word_1_24' title='bbox 1044 583 1267 660; x_wconf 75' lang='lat' dir='ltr'>legitur</span> <span class='ocrx_word' id='word_1_25' title='bbox 1299 581 1403 660; x_wconf 86' lang='lat'>(1).</span> <span class='ocrx_word' id='word_1_26' title='bbox 1448 582 1558 641; x_wconf 86' lang='lat' dir='ltr'>Aio</span> <span class='ocrx_word' id='word_1_27' title='bbox 1608 588 1813 641; x_wconf 89' lang='lat' dir='ltr'>autem</span> <span class='ocrx_word' id='word_1_28' title='bbox 1861 580 2053 641; x_wconf 84' lang='lat' dir='ltr'>abbas</span> <span class='ocrx_word' id='word_1_29' title='bbox 2102 580 2166 640; x_wconf 92' lang='lat' dir='ltr'>in</span> <span class='ocrx_word' id='word_1_30' title='bbox 2216 579 2379 639; x_wconf 90' lang='lat' dir='ltr'>The-</span> 
     </span>
    </p>
   </div>
   <div class='ocr_carea' id='block_1_6' title="bbox 804 678 2382 757">
    <p class='ocr_par' dir='ltr' id='par_1_6' title="bbox 804 678 2382 757">
     <span class='ocr_line' id='line_1_6' title="bbox 804 678 2382 757; baseline -0.003 -15"><span class='ocrx_word' id='word_1_31' title='bbox 804 681 986 743; x_wconf 87' lang='lat' dir='ltr'>baide</span> <span class='ocrx_word' id='word_1_32' title='bbox 1036 681 1333 741; x_wconf 77' lang='lat' dir='ltr'>habitavit</span> <span class='ocrx_word' id='word_1_33' title='bbox 1368 678 1475 757; x_wconf 75' lang='lat'>(2);</span> <span class='ocrx_word' id='word_1_34' title='bbox 1522 680 1730 740; x_wconf 82' lang='lat' dir='ltr'>Esaias</span> <span class='ocrx_word' id='word_1_35' title='bbox 1783 680 1975 739; x_wconf 88' lang='lat' dir='ltr'>abbas</span> <span class='ocrx_word' id='word_1_36' title='bbox 2040 680 2101 741; x_wconf 92' lang='lat' dir='ltr'>in</span> <span class='ocrx_word' id='word_1_37' title='bbox 2156 680 2382 757; x_wconf 87' lang='lat' dir='ltr'>quibus</span> 
     </span>
    </p>
   </div>
   <div class='ocr_carea' id='block_1_7' title="bbox 802 779 2379 861">
    <p class='ocr_par' dir='ltr' id='par_1_7' title="bbox 802 779 2379 861">
     <span class='ocr_line' id='line_1_7' title="bbox 802 779 2379 861; baseline -0.002 -20"><span class='ocrx_word' id='word_1_38' title='bbox 802 783 1069 861; x_wconf 79' lang='lat' dir='ltr'>Aegypti</span> <span class='ocrx_word' id='word_1_39' title='bbox 1120 781 1481 858; x_wconf 79' lang='lat' dir='ltr'>regionibus</span> <span class='ocrx_word' id='word_1_40' title='bbox 1526 780 1767 853; x_wconf 79' lang='lat' dir='ltr'>vixerit,</span> <span class='ocrx_word' id='word_1_41' title='bbox 1806 798 1935 841; x_wconf 91' lang='lat' dir='ltr'>non</span> <span class='ocrx_word' id='word_1_42' title='bbox 1988 780 2239 841; x_wconf 85' lang='lat' dir='ltr'>invenio</span> <span class='ocrx_word' id='word_1_43' title='bbox 2278 779 2379 857; x_wconf 89' lang='lat'>(3).</span> 
     </span>
    </p>
   </div>
   <div class='ocr_carea' id='block_1_8' title="bbox 804 881 2381 961">
    <p class='ocr_par' dir='ltr' id='par_1_8' title="bbox 804 881 2381 961">
     <span class='ocr_line' id='line_1_8' title="bbox 804 881 2381 961; baseline 0 -20"><span class='ocrx_word' id='word_1_44' title='bbox 804 881 961 942; x_wconf 91' lang='lat' dir='ltr'>Num</span> <span class='ocrx_word' id='word_1_45' title='bbox 975 881 1957 961; x_wconf 80' lang='lat' dir='ltr'>compilatorApophthcgmatum</span> <span class='ocrx_word' id='word_1_46' title='bbox 1975 882 2381 941; x_wconf 85' lang='lat' dir='ltr'>remMacario</span> 
     </span>
    </p>
   </div>
   <div class='ocr_carea' id='block_1_9' title="bbox 804 981 2378 1062">
    <p class='ocr_par' dir='ltr' id='par_1_9' title="bbox 804 981 2378 1062">
     <span class='ocr_line' id='line_1_9' title="bbox 804 981 2378 1062; baseline -0.002 -20"><span class='ocrx_word' id='word_1_47' title='bbox 804 984 1108 1062; x_wconf 76' lang='lat' dir='ltr'>Aegyptio</span> <span class='ocrx_word' id='word_1_48' title='bbox 1152 984 1313 1043; x_wconf 85' lang='lat' dir='ltr'>iuste</span> <span class='ocrx_word' id='word_1_49' title='bbox 1344 983 1652 1054; x_wconf 92' lang='lat' dir='ltr'>tribuerit,</span> <span class='ocrx_word' id='word_1_50' title='bbox 1700 982 1949 1043; x_wconf 84' lang='lat' dir='ltr'>aliunde</span> <span class='ocrx_word' id='word_1_51' title='bbox 1999 999 2125 1042; x_wconf 93' lang='lat' dir='ltr'>non</span> <span class='ocrx_word' id='word_1_52' title='bbox 2161 981 2378 1059; x_wconf 83' lang='lat' dir='ltr'>liquet.</span> 
     </span>
    </p>
   </div>
   <div class='ocr_carea' id='block_1_10' title="bbox 885 1082 2380 1161">
    <p class='ocr_par' dir='ltr' id='par_1_10' title="bbox 885 1082 2380 1161">
     <span class='ocr_line' id='line_1_10' title="bbox 885 1082 2380 1161; baseline 0.003 -24"><span class='ocrx_word' id='word_1_53' title='bbox 885 1106 909 1137; x_wconf 84' lang='lat'><strong>«</strong></span> <span class='ocrx_word' id='word_1_54' title='bbox 947 1084 1262 1143; x_wconf 80' lang='lat' dir='ltr'>Venerunt</span> <span class='ocrx_word' id='word_1_55' title='bbox 1296 1082 1632 1161; x_wconf 87' lang='lat' dir='ltr'>aliquando</span> <span class='ocrx_word' id='word_1_56' title='bbox 1673 1083 1797 1142; x_wconf 91' lang='lat' dir='ltr'>duo</span> <span class='ocrx_word' id='word_1_57' title='bbox 1836 1082 2090 1161; x_wconf 91' lang='lat' dir='ltr'>quidam</span> <span class='ocrx_word' id='word_1_58' title='bbox 2120 1082 2380 1141; x_wconf 85' lang='lat' dir='ltr'>iuvenes</span> 
     </span>
    </p>
   </div>
   <div class='ocr_carea' id='block_1_11' title="bbox 807 1184 2382 1263">
    <p class='ocr_par' dir='ltr' id='par_1_11' title="bbox 807 1184 2382 1263">
     <span class='ocr_line' id='line_1_11' title="bbox 807 1184 2382 1263; baseline -0.001 -20"><span class='ocrx_word' id='word_1_59' title='bbox 807 1184 880 1243; x_wconf 94' lang='lat' dir='ltr'>ad</span> <span class='ocrx_word' id='word_1_60' title='bbox 913 1185 1162 1245; x_wconf 89' lang='lat' dir='ltr'>beatum</span> <span class='ocrx_word' id='word_1_61' title='bbox 1186 1186 1541 1255; x_wconf 86' lang='lat' dir='ltr'>Macarium,</span> <span class='ocrx_word' id='word_1_62' title='bbox 1567 1203 1724 1245; x_wconf 90' lang='lat' dir='ltr'>unus</span> <span class='ocrx_word' id='word_1_63' title='bbox 1748 1184 2003 1262; x_wconf 85' lang='lat' dir='ltr'>quidem</span> <span class='ocrx_word' id='word_1_64' title='bbox 2024 1184 2101 1244; x_wconf 89' lang='lat' dir='ltr'>ad</span> <span class='ocrx_word' id='word_1_65' title='bbox 2124 1184 2382 1263; x_wconf 91' lang='lat' dir='ltr'>plenum</span> 
     </span>
    </p>
   </div>
   <div class='ocr_carea' id='block_1_12' title="bbox 807 1283 2379 1360">
    <p class='ocr_par' dir='ltr' id='par_1_12' title="bbox 807 1283 2379 1360">
     <span class='ocr_line' id='line_1_12' title="bbox 807 1283 2379 1360; baseline -0.001 -17"><span class='ocrx_word' id='word_1_66' title='bbox 807 1285 1049 1350; x_wconf 87' lang='lat' dir='ltr'>doctus.</span> <span class='ocrx_word' id='word_1_67' title='bbox 1081 1285 1237 1343; x_wconf 89' lang='lat' dir='ltr'>alter</span> <span class='ocrx_word' id='word_1_68' title='bbox 1274 1300 1421 1343; x_wconf 91' lang='lat' dir='ltr'>vero</span> <span class='ocrx_word' id='word_1_69' title='bbox 1454 1283 1657 1343; x_wconf 89' lang='lat' dir='ltr'>adhuc</span> <span class='ocrx_word' id='word_1_70' title='bbox 1688 1284 2019 1360; x_wconf 82' lang='lat' dir='ltr'>incipiens.</span> <span class='ocrx_word' id='word_1_71' title='bbox 2054 1284 2125 1342; x_wconf 92' lang='lat' dir='ltr'>Et</span> <span class='ocrx_word' id='word_1_72' title='bbox 2156 1299 2379 1360; x_wconf 90' lang='lat' dir='ltr'>provo-</span> 
     </span>
    </p>
   </div>
   <div class='ocr_carea' id='block_1_13' title="bbox 808 1382 2383 1461">
    <p class='ocr_par' dir='ltr' id='par_1_13' title="bbox 808 1382 2383 1461">
     <span class='ocr_line' id='line_1_13' title="bbox 808 1382 2383 1461; baseline 0 -21"><span class='ocrx_word' id='word_1_73' title='bbox 808 1383 917 1441; x_wconf 89' lang='lat' dir='ltr'>luti</span> <span class='ocrx_word' id='word_1_74' title='bbox 968 1384 1231 1461; x_wconf 81' lang='lat' dir='ltr'>pedibus</span> <span class='ocrx_word' id='word_1_75' title='bbox 1280 1383 1414 1441; x_wconf 88' lang='lat' dir='ltr'>eius</span> <span class='ocrx_word' id='word_1_76' title='bbox 1464 1382 1880 1461; x_wconf 83' lang='lat' dir='ltr'>postulabant,</span> <span class='ocrx_word' id='word_1_77' title='bbox 1909 1390 1978 1441; x_wconf 90' lang='lat' dir='ltr'>ut</span> <span class='ocrx_word' id='word_1_78' title='bbox 2022 1400 2233 1442; x_wconf 88' lang='lat' dir='ltr'>secum</span> <span class='ocrx_word' id='word_1_79' title='bbox 2274 1399 2383 1442; x_wconf 89' lang='lat' dir='ltr'>eos</span> 
     </span>
    </p>
   </div>
   <div class='ocr_carea' id='block_1_14' title="bbox 808 1482 2383 1561">
    <p class='ocr_par' dir='ltr' id='par_1_14' title="bbox 808 1482 2383 1561">
     <span class='ocr_line' id='line_1_14' title="bbox 808 1482 2383 1561; baseline 0.001 -21"><span class='ocrx_word' id='word_1_80' title='bbox 808 1483 1085 1543; x_wconf 82' lang='lat' dir='ltr'>habitare</span> <span class='ocrx_word' id='word_1_81' title='bbox 1122 1484 1529 1561; x_wconf 86' lang='lat' dir='ltr'>permitteret.</span> <span class='ocrx_word' id='word_1_82' title='bbox 1564 1486 1727 1554; x_wconf 87' lang='lat' dir='ltr'>Quos</span> <span class='ocrx_word' id='word_1_83' title='bbox 1757 1501 1898 1542; x_wconf 90' lang='lat' dir='ltr'>cum</span> <span class='ocrx_word' id='word_1_84' title='bbox 1932 1482 2182 1542; x_wconf 86' lang='lat' dir='ltr'>vidisset</span> <span class='ocrx_word' id='word_1_85' title='bbox 2210 1484 2383 1559; x_wconf 88' lang='lat' dir='ltr'>quasi</span> 
     </span>
    </p>
   </div>
   <div class='ocr_carea' id='block_1_15' title="bbox 808 1580 2383 1658">
    <p class='ocr_par' dir='ltr' id='par_1_15' title="bbox 808 1580 2383 1658">
     <span class='ocr_line' id='line_1_15' title="bbox 808 1580 2383 1658; baseline 0.001 -19"><span class='ocrx_word' id='word_1_86' title='bbox 808 1596 1072 1658; x_wconf 90' lang='lat' dir='ltr'>corpore</span> <span class='ocrx_word' id='word_1_87' title='bbox 1118 1580 1473 1646; x_wconf 87' lang='lat' dir='ltr'>deliciosos,</span> <span class='ocrx_word' id='word_1_88' title='bbox 1529 1581 1898 1640; x_wconf 72' lang='lat' dir='ltr'>existimavit</span> <span class='ocrx_word' id='word_1_89' title='bbox 1947 1598 2055 1640; x_wconf 92' lang='lat' dir='ltr'>eos</span> <span class='ocrx_word' id='word_1_90' title='bbox 2104 1597 2383 1640; x_wconf 90' lang='lat' dir='ltr'>eremum</span> 
     </span>
    </p>
   </div>
   <div class='ocr_carea' id='block_1_16' title="bbox 808 1678 2383 1757">
    <p class='ocr_par' dir='ltr' id='par_1_16' title="bbox 808 1678 2383 1757">
     <span class='ocr_line' id='line_1_16' title="bbox 808 1678 2383 1757; baseline 0.001 -20"><span class='ocrx_word' id='word_1_91' title='bbox 808 1680 968 1737; x_wconf 87' lang='lat' dir='ltr'>ferre</span> <span class='ocrx_word' id='word_1_92' title='bbox 1001 1696 1127 1738; x_wconf 92' lang='lat' dir='ltr'>non</span> <span class='ocrx_word' id='word_1_93' title='bbox 1160 1696 1368 1757; x_wconf 90' lang='lat' dir='ltr'>posse.</span> <span class='ocrx_word' id='word_1_94' title='bbox 1395 1680 1681 1757; x_wconf 81' lang='lat' dir='ltr'>Dixitque</span> <span class='ocrx_word' id='word_1_95' title='bbox 1710 1680 1786 1740; x_wconf 94' lang='lat' dir='ltr'>ad</span> <span class='ocrx_word' id='word_1_96' title='bbox 1820 1697 1928 1739; x_wconf 92' lang='lat' dir='ltr'>eos</span> <span class='ocrx_word' id='word_1_97' title='bbox 1959 1699 1969 1738; x_wconf 91' lang='lat'>:</span> <span class='ocrx_word' id='word_1_98' title='bbox 2002 1680 2136 1751; x_wconf 89' lang='lat' dir='ltr'>Hic,</span> <span class='ocrx_word' id='word_1_99' title='bbox 2161 1678 2383 1740; x_wconf 82' lang='lat' dir='ltr'>fratres</span> 
     </span>
    </p>
   </div>
   <div class='ocr_carea' id='block_1_17' title="bbox 810 1778 2458 1861">
    <p class='ocr_par' dir='ltr' id='par_1_17' title="bbox 810 1778 2458 1861">
     <span class='ocr_line' id='line_1_17' title="bbox 810 1778 2458 1861; baseline 0.001 -25"><span class='ocrx_word' id='word_1_100' title='bbox 810 1780 955 1850; x_wconf 89' lang='lat' dir='ltr'>mei,</span> <span class='ocrx_word' id='word_1_101' title='bbox 988 1796 1113 1838; x_wconf 94' lang='lat' dir='ltr'>non</span> <span class='ocrx_word' id='word_1_102' title='bbox 1156 1779 1416 1856; x_wconf 87' lang='lat' dir='ltr'>potestis</span> <span class='ocrx_word' id='word_1_103' title='bbox 1449 1796 1723 1838; x_wconf 89' lang='lat' dir='ltr'>manere.</span> <span class='ocrx_word' id='word_1_104' title='bbox 1757 1780 1829 1837; x_wconf 90' lang='lat' dir='ltr'>Et</span> <span class='ocrx_word' id='word_1_105' title='bbox 1857 1778 1944 1838; x_wconf 91' lang='lat' dir='ltr'>illi</span> <span class='ocrx_word' id='word_1_106' title='bbox 1975 1778 2263 1838; x_wconf 82' lang='lat' dir='ltr'>dixerunt</span> <span class='ocrx_word' id='word_1_107' title='bbox 2289 1797 2298 1836; x_wconf 92' lang='lat'>:</span> <span class='ocrx_word' id='word_1_108' title='bbox 2324 1779 2385 1837; x_wconf 88' lang='lat' dir='ltr'>Si</span> <span class='ocrx_word' id='word_1_109' title='bbox 2420 1811 2458 1861; x_wconf 72' lang='grc' dir='ltr'><strong>Β</strong></span> 
     </span>
    </p>
   </div>
   <div class='ocr_carea' id='block_1_18' title="bbox 808 1878 2388 1957">
    <p class='ocr_par' dir='ltr' id='par_1_18' title="bbox 808 1878 2388 1957">
     <span class='ocr_line' id='line_1_18' title="bbox 808 1878 2388 1957; baseline 0.001 -20"><span class='ocrx_word' id='word_1_110' title='bbox 808 1886 1014 1939; x_wconf 85' lang='lat' dir='ltr'>tecum</span> <span class='ocrx_word' id='word_1_111' title='bbox 1074 1896 1199 1938; x_wconf 94' lang='lat' dir='ltr'>non</span> <span class='ocrx_word' id='word_1_112' title='bbox 1256 1895 1592 1956; x_wconf 87' lang='lat' dir='ltr'>possumus</span> <span class='ocrx_word' id='word_1_113' title='bbox 1648 1878 1949 1951; x_wconf 87' lang='lat' dir='ltr'>habitare,</span> <span class='ocrx_word' id='word_1_114' title='bbox 1995 1886 2189 1957; x_wconf 88' lang='lat' dir='ltr'>pater,</span> <span class='ocrx_word' id='word_1_115' title='bbox 2237 1880 2388 1957; x_wconf 90' lang='lat' dir='ltr'>quid</span> 
     </span>
    </p>
   </div>
   <div class='ocr_carea' id='block_1_19' title="bbox 811 1978 2388 2058">
    <p class='ocr_par' dir='ltr' id='par_1_19' title="bbox 811 1978 2388 2058">
     <span class='ocr_line' id='line_1_19' title="bbox 811 1978 2388 2058; baseline 0.002 -22"><span class='ocrx_word' id='word_1_116' title='bbox 811 1998 959 2056; x_wconf 81' lang='lat' dir='ltr'>ergo</span> <span class='ocrx_word' id='word_1_117' title='bbox 990 1978 1329 2041; x_wconf 76' lang='lat' dir='ltr'>faciemus?</span> <span class='ocrx_word' id='word_1_118' title='bbox 1359 1982 1490 2051; x_wconf 88' lang='lat' dir='ltr'>Quo</span> <span class='ocrx_word' id='word_1_119' title='bbox 1522 1980 1625 2040; x_wconf 91' lang='lat' dir='ltr'>ille</span> <span class='ocrx_word' id='word_1_120' title='bbox 1652 1979 1863 2040; x_wconf 89' lang='lat' dir='ltr'>audito</span> <span class='ocrx_word' id='word_1_121' title='bbox 1896 1981 2104 2058; x_wconf 90' lang='lat' dir='ltr'>coepit</span> <span class='ocrx_word' id='word_1_122' title='bbox 2131 1981 2289 2040; x_wconf 92' lang='lat' dir='ltr'>intra</span> <span class='ocrx_word' id='word_1_123' title='bbox 2324 1999 2388 2039; x_wconf 93' lang='lat' dir='ltr'>se</span> 
     </span>
    </p>
   </div>
   <div class='ocr_carea' id='block_1_20' title="bbox 810 2081 2387 2159">
    <p class='ocr_par' dir='ltr' id='par_1_20' title="bbox 810 2081 2387 2159">
     <span class='ocr_line' id='line_1_20' title="bbox 810 2081 2387 2159; baseline 0.001 -20"><span class='ocrx_word' id='word_1_124' title='bbox 810 2084 890 2142; x_wconf 86' lang='lat' dir='ltr'>ita</span> <span class='ocrx_word' id='word_1_125' title='bbox 922 2087 1209 2159; x_wconf 89' lang='lat' dir='ltr'>reputare</span> <span class='ocrx_word' id='word_1_126' title='bbox 1237 2099 1247 2139; x_wconf 90' lang='lat'>:</span> <span class='ocrx_word' id='word_1_127' title='bbox 1276 2082 1337 2141; x_wconf 92' lang='lat' dir='ltr'>Si</span> <span class='ocrx_word' id='word_1_128' title='bbox 1368 2081 1510 2142; x_wconf 91' lang='lat' dir='ltr'>illos</span> <span class='ocrx_word' id='word_1_129' title='bbox 1550 2081 1695 2142; x_wconf 89' lang='lat' dir='ltr'>hinc</span> <span class='ocrx_word' id='word_1_130' title='bbox 1726 2083 1996 2155; x_wconf 90' lang='lat' dir='ltr'>eiecero,</span> <span class='ocrx_word' id='word_1_131' title='bbox 2029 2081 2387 2142; x_wconf 87' lang='lat' dir='ltr'>scandalum</span> 
     </span>
    </p>
   </div>
   <div class='ocr_carea' id='block_1_21' title="bbox 815 2182 2390 2261">
    <p class='ocr_par' dir='ltr' id='par_1_21' title="bbox 815 2182 2390 2261">
     <span class='ocr_line' id='line_1_21' title="bbox 815 2182 2390 2261; baseline -0.001 -19"><span class='ocrx_word' id='word_1_132' title='bbox 815 2184 1153 2261; x_wconf 89' lang='lat' dir='ltr'>patientur;</span> <span class='ocrx_word' id='word_1_133' title='bbox 1182 2200 1347 2243; x_wconf 92' lang='lat' dir='ltr'>nunc</span> <span class='ocrx_word' id='word_1_134' title='bbox 1370 2182 1573 2243; x_wconf 91' lang='lat' dir='ltr'>dicam</span> <span class='ocrx_word' id='word_1_135' title='bbox 1604 2182 1724 2242; x_wconf 88' lang='lat' dir='ltr'>illis</span> <span class='ocrx_word' id='word_1_136' title='bbox 1753 2200 1763 2241; x_wconf 94' lang='lat'>:</span> <span class='ocrx_word' id='word_1_137' title='bbox 1789 2182 2390 2255; x_wconf 83' lang='lat' dir='ltr'>Venite,construitc</span> 
     </span>
    </p>
   </div>
   <div class='ocr_carea' id='block_1_22' title="bbox 815 2279 2388 2359">
    <p class='ocr_par' dir='ltr' id='par_1_22' title="bbox 815 2279 2388 2359">
     <span class='ocr_line' id='line_1_22' title="bbox 815 2279 2388 2359; baseline 0 -20"><span class='ocrx_word' id='word_1_138' title='bbox 815 2282 988 2341; x_wconf 87' lang='lat' dir='ltr'>vobis</span> <span class='ocrx_word' id='word_1_139' title='bbox 1018 2280 1331 2351; x_wconf 90' lang='lat' dir='ltr'>cellulam,</span> <span class='ocrx_word' id='word_1_140' title='bbox 1357 2282 1408 2340; x_wconf 89' lang='lat' dir='ltr'>si</span> <span class='ocrx_word' id='word_1_141' title='bbox 1440 2280 1720 2359; x_wconf 89' lang='lat' dir='ltr'>potestis.</span> <span class='ocrx_word' id='word_1_142' title='bbox 1756 2282 2032 2358; x_wconf 91' lang='lat' dir='ltr'>Cumque</span> <span class='ocrx_word' id='word_1_143' title='bbox 2064 2279 2153 2340; x_wconf 91' lang='lat' dir='ltr'>illi</span> <span class='ocrx_word' id='word_1_144' title='bbox 2181 2279 2388 2341; x_wconf 79' lang='lat' dir='ltr'>locum</span> 
     </span>
    </p>
   </div>
   <div class='ocr_carea' id='block_1_23' title="bbox 816 2382 2392 2458">
    <p class='ocr_par' dir='ltr' id='par_1_23' title="bbox 816 2382 2392 2458">
     <span class='ocr_line' id='line_1_23' title="bbox 816 2382 2392 2458; baseline 0.001 -18"><span class='ocrx_word' id='word_1_145' title='bbox 816 2382 932 2441; x_wconf 85' lang='lat' dir='ltr'>sibi</span> <span class='ocrx_word' id='word_1_146' title='bbox 964 2383 1399 2443; x_wconf 87' lang='lat' dir='ltr'>tantummodo</span> <span class='ocrx_word' id='word_1_147' title='bbox 1441 2382 1854 2441; x_wconf 86' lang='lat' dir='ltr'>demonstrari</span> <span class='ocrx_word' id='word_1_148' title='bbox 1881 2388 2192 2458; x_wconf 78' lang='lat' dir='ltr'>rogarent,</span> <span class='ocrx_word' id='word_1_149' title='bbox 2218 2382 2392 2441; x_wconf 89' lang='lat' dir='ltr'>duxit</span> 
     </span>
    </p>
   </div>
   <div class='ocr_carea' id='block_1_24' title="bbox 816 2478 2389 2556">
    <p class='ocr_par' dir='ltr' id='par_1_24' title="bbox 816 2478 2389 2556">
     <span class='ocr_line' id='line_1_24' title="bbox 816 2478 2389 2556; baseline 0.001 -19"><span class='ocrx_word' id='word_1_150' title='bbox 816 2499 923 2541; x_wconf 79' lang='lat' dir='ltr'>eos</span> <span class='ocrx_word' id='word_1_151' title='bbox 970 2488 1028 2541; x_wconf 92' lang='lat' dir='ltr'>et</span> <span class='ocrx_word' id='word_1_152' title='bbox 1077 2480 1349 2541; x_wconf 85' lang='lat' dir='ltr'>ostendit</span> <span class='ocrx_word' id='word_1_153' title='bbox 1393 2478 1548 2549; x_wconf 66' lang='grc'>144</span> <span class='ocrx_word' id='word_1_154' title='bbox 1586 2479 1661 2537; x_wconf 88' lang='lat' dir='ltr'>iis</span> <span class='ocrx_word' id='word_1_155' title='bbox 1712 2485 1974 2556; x_wconf 89' lang='lat' dir='ltr'>petram,</span> <span class='ocrx_word' id='word_1_156' title='bbox 2018 2496 2140 2556; x_wconf 90' lang='lat' dir='ltr'>qua</span> <span class='ocrx_word' id='word_1_157' title='bbox 2197 2480 2389 2539; x_wconf 85' lang='lat' dir='ltr'>incisa</span> 
     </span>
    </p>
   </div>
   <div class='ocr_carea' id='block_1_25' title="bbox 816 2580 2391 2660">
    <p class='ocr_par' dir='ltr' id='par_1_25' title="bbox 816 2580 2391 2660">
     <span class='ocr_line' id='line_1_25' title="bbox 816 2580 2391 2660; baseline -0.001 -17"><span class='ocrx_word' id='word_1_158' title='bbox 816 2584 930 2643; x_wconf 81' lang='lat' dir='ltr'>sibi</span> <span class='ocrx_word' id='word_1_159' title='bbox 967 2582 1384 2643; x_wconf 88' lang='lat' dir='ltr'>habitaculum</span> <span class='ocrx_word' id='word_1_160' title='bbox 1409 2588 1875 2660; x_wconf 89' lang='lat' dir='ltr'>praepararent,</span> <span class='ocrx_word' id='word_1_161' title='bbox 1899 2587 1959 2641; x_wconf 92' lang='lat' dir='ltr'>et</span> <span class='ocrx_word' id='word_1_162' title='bbox 1987 2580 2171 2656; x_wconf 79' lang='lat' dir='ltr'>lignis</span> <span class='ocrx_word' id='word_1_163' title='bbox 2194 2581 2391 2641; x_wconf 90' lang='lat' dir='ltr'>allatis</span> 
     </span>
    </p>
   </div>
   <div class='ocr_carea' id='block_1_26' title="bbox 816 2678 2390 2760">
    <p class='ocr_par' dir='ltr' id='par_1_26' title="bbox 816 2678 2390 2760">
     <span class='ocr_line' id='line_1_26' title="bbox 816 2678 2390 2760; baseline 0 -20"><span class='ocrx_word' id='word_1_164' title='bbox 816 2682 892 2741; x_wconf 83' lang='lat' dir='ltr'>de</span> <span class='ocrx_word' id='word_1_165' title='bbox 944 2681 1168 2760; x_wconf 90' lang='lat' dir='ltr'>palude</span> <span class='ocrx_word' id='word_1_166' title='bbox 1232 2686 1659 2757; x_wconf 80' lang='lat' dir='ltr'>contegerent.</span> <span class='ocrx_word' id='word_1_167' title='bbox 1710 2678 2135 2740; x_wconf 81' lang='lat' dir='ltr'>Arbitrabatur</span> <span class='ocrx_word' id='word_1_168' title='bbox 2182 2688 2390 2740; x_wconf 85' lang='lat' dir='ltr'>autem</span> 
     </span>
    </p>
   </div>
   <div class='ocr_carea' id='block_1_27' title="bbox 817 2778 2389 2857">
    <p class='ocr_par' dir='ltr' id='par_1_27' title="bbox 817 2778 2389 2857">
     <span class='ocr_line' id='line_1_27' title="bbox 817 2778 2389 2857; baseline -0.001 -16"><span class='ocrx_word' id='word_1_169' title='bbox 817 2781 1113 2841; x_wconf 84' lang='lat' dir='ltr'>Macarius</span> <span class='ocrx_word' id='word_1_170' title='bbox 1157 2782 1485 2843; x_wconf 78' lang='lat' dir='ltr'>confestim</span> <span class='ocrx_word' id='word_1_171' title='bbox 1526 2780 1667 2839; x_wconf 86' lang='lat' dir='ltr'>illos</span> <span class='ocrx_word' id='word_1_172' title='bbox 1707 2796 1821 2857; x_wconf 90' lang='lat' dir='ltr'>pro</span> <span class='ocrx_word' id='word_1_173' title='bbox 1858 2780 2137 2839; x_wconf 91' lang='lat' dir='ltr'>iniuncto</span> <span class='ocrx_word' id='word_1_174' title='bbox 2178 2778 2389 2840; x_wconf 91' lang='lat' dir='ltr'>labore</span> 
     </span>
    </p>
   </div>
   <div class='ocr_carea' id='block_1_28' title="bbox 818 2880 2385 2955">
    <p class='ocr_par' dir='ltr' id='par_1_28' title="bbox 818 2880 2385 2955">
     <span class='ocr_line' id='line_1_28' title="bbox 818 2880 2385 2955; baseline -0.001 -14"><span class='ocrx_word' id='word_1_175' title='bbox 818 2881 1159 2942; x_wconf 81' lang='lat' dir='ltr'>discedere.</span> <span class='ocrx_word' id='word_1_176' title='bbox 1194 2881 1287 2941; x_wconf 91' lang='lat' dir='ltr'>Illi</span> <span class='ocrx_word' id='word_1_177' title='bbox 1324 2898 1469 2941; x_wconf 90' lang='lat' dir='ltr'>vero</span> <span class='ocrx_word' id='word_1_178' title='bbox 1510 2880 2049 2955; x_wconf 86' lang='lat' dir='ltr'>interrogaverunt</span> <span class='ocrx_word' id='word_1_179' title='bbox 2088 2897 2254 2951; x_wconf 82' lang='lat' dir='ltr'>eum,</span> <span class='ocrx_word' id='word_1_180' title='bbox 2291 2881 2385 2939; x_wconf 90' lang='lat' dir='ltr'>di-</span> 
     </span>
    </p>
   </div>
   <div class='ocr_carea' id='block_1_29' title="bbox 819 2977 2391 3057">
    <p class='ocr_par' dir='ltr' id='par_1_29' title="bbox 819 2977 2391 3057">
     <span class='ocr_line' id='line_1_29' title="bbox 819 2977 2391 3057; baseline -0.001 -19"><span class='ocrx_word' id='word_1_181' title='bbox 819 2985 1029 3039; x_wconf 88' lang='lat' dir='ltr'>centes</span> <span class='ocrx_word' id='word_1_182' title='bbox 1055 2998 1065 3036; x_wconf 87' lang='lat'><em>:</em></span> <span class='ocrx_word' id='word_1_183' title='bbox 1092 2978 1246 3051; x_wconf 90' lang='lat' dir='ltr'>Quid</span> <span class='ocrx_word' id='word_1_184' title='bbox 1270 2978 1479 3057; x_wconf 89' lang='lat' dir='ltr'>operis</span> <span class='ocrx_word' id='word_1_185' title='bbox 1500 2994 1791 3038; x_wconf 87' lang='lat' dir='ltr'>exercere</span> <span class='ocrx_word' id='word_1_186' title='bbox 1814 2978 1993 3037; x_wconf 91' lang='lat' dir='ltr'>iubes</span> <span class='ocrx_word' id='word_1_187' title='bbox 2014 2994 2151 3049; x_wconf 90' lang='lat' dir='ltr'>nos,</span> <span class='ocrx_word' id='word_1_188' title='bbox 2178 2977 2391 3057; x_wconf 77' lang='lat' dir='ltr'>pater?</span> 
     </span>
    </p>
   </div>
   <div class='ocr_carea' id='block_1_30' title="bbox 819 3077 2386 3139">
    <p class='ocr_par' dir='ltr' id='par_1_30' title="bbox 819 3077 2386 3139">
     <span class='ocr_line' id='line_1_30' title="bbox 819 3077 2386 3139; baseline 0.001 -2"><span class='ocrx_word' id='word_1_189' title='bbox 819 3080 990 3139; x_wconf 92' lang='lat' dir='ltr'>Tunc</span> <span class='ocrx_word' id='word_1_190' title='bbox 1011 3078 1117 3138; x_wconf 79' lang='lat' dir='ltr'>ille</span> <span class='ocrx_word' id='word_1_191' title='bbox 1139 3078 1395 3139; x_wconf 87' lang='lat' dir='ltr'>sublatis</span> <span class='ocrx_word' id='word_1_192' title='bbox 1415 3078 1579 3138; x_wconf 85' lang='lat' dir='ltr'>foliis</span> <span class='ocrx_word' id='word_1_193' title='bbox 1598 3077 1947 3139; x_wconf 90' lang='lat' dir='ltr'>funiculum</span> <span class='ocrx_word' id='word_1_194' title='bbox 1968 3078 2089 3138; x_wconf 87' lang='lat' dir='ltr'>illis</span> <span class='ocrx_word' id='word_1_195' title='bbox 2108 3080 2386 3139; x_wconf 85' lang='lat' dir='ltr'>intexere</span> 
     </span>
    </p>
   </div>
   <div class='ocr_carea' id='block_1_31' title="bbox 820 3177 2385 3256">
    <p class='ocr_par' dir='ltr' id='par_1_31' title="bbox 820 3177 2385 3256">
     <span class='ocr_line' id='line_1_31' title="bbox 820 3177 2385 3256; baseline 0 -17"><span class='ocrx_word' id='word_1_196' title='bbox 820 3178 1111 3249; x_wconf 90' lang='lat' dir='ltr'>ostendit,</span> <span class='ocrx_word' id='word_1_197' title='bbox 1141 3196 1328 3255; x_wconf 88' lang='lat' dir='ltr'>quem</span> <span class='ocrx_word' id='word_1_198' title='bbox 1360 3196 1474 3256; x_wconf 91' lang='lat' dir='ltr'>pro</span> <span class='ocrx_word' id='word_1_199' title='bbox 1505 3179 1671 3239; x_wconf 88' lang='lat' dir='ltr'>victu</span> <span class='ocrx_word' id='word_1_200' title='bbox 1700 3196 1809 3237; x_wconf 90' lang='lat' dir='ltr'>eos</span> <span class='ocrx_word' id='word_1_201' title='bbox 1840 3177 2182 3238; x_wconf 88' lang='lat' dir='ltr'>distrahere</span> <span class='ocrx_word' id='word_1_202' title='bbox 2210 3196 2385 3239; x_wconf 89' lang='lat' dir='ltr'>com-</span> 
     </span>
    </p>
   </div>
   <div class='ocr_carea' id='block_1_32' title="bbox 820 3277 2386 3348">
    <p class='ocr_par' dir='ltr' id='par_1_32' title="bbox 820 3277 2386 3348">
     <span class='ocr_line' id='line_1_32' title="bbox 820 3277 2386 3348; baseline -0.001 -9"><span class='ocrx_word' id='word_1_203' title='bbox 820 3278 1091 3348; x_wconf 89' lang='lat' dir='ltr'>monuit;</span> <span class='ocrx_word' id='word_1_204' title='bbox 1143 3284 1203 3336; x_wconf 91' lang='lat' dir='ltr'>et</span> <span class='ocrx_word' id='word_1_205' title='bbox 1248 3277 1331 3335; x_wconf 84' lang='lat' dir='ltr'>ita</span> <span class='ocrx_word' id='word_1_206' title='bbox 1380 3278 1457 3335; x_wconf 88' lang='lat' dir='ltr'>ab</span> <span class='ocrx_word' id='word_1_207' title='bbox 1508 3278 1582 3336; x_wconf 85' lang='lat' dir='ltr'>iis</span> <span class='ocrx_word' id='word_1_208' title='bbox 1636 3277 1938 3337; x_wconf 89' lang='lat' dir='ltr'>discessit.</span> <span class='ocrx_word' id='word_1_209' title='bbox 1990 3281 2063 3336; x_wconf 87' lang='lat' dir='ltr'>At</span> <span class='ocrx_word' id='word_1_210' title='bbox 2108 3277 2197 3336; x_wconf 91' lang='lat' dir='ltr'>illi</span> <span class='ocrx_word' id='word_1_211' title='bbox 2247 3296 2386 3337; x_wconf 91' lang='lat' dir='ltr'>cum</span> 
     </span>
    </p>
   </div>
   <div class='ocr_carea' id='block_1_33' title="bbox 821 3376 2387 3456">
    <p class='ocr_par' dir='ltr' id='par_1_33' title="bbox 821 3376 2387 3456">
     <span class='ocr_line' id='line_1_33' title="bbox 821 3376 2387 3456; baseline 0 -19"><span class='ocrx_word' id='word_1_212' title='bbox 821 3396 1059 3438; x_wconf 85' lang='lat' dir='ltr'>summa</span> <span class='ocrx_word' id='word_1_213' title='bbox 1092 3378 1408 3456; x_wconf 88' lang='lat' dir='ltr'>patientia,</span> <span class='ocrx_word' id='word_1_214' title='bbox 1435 3393 1869 3454; x_wconf 90' lang='lat' dir='ltr'>quaecumque</span> <span class='ocrx_word' id='word_1_215' title='bbox 1898 3377 1973 3436; x_wconf 91' lang='lat' dir='ltr'>iis</span> <span class='ocrx_word' id='word_1_216' title='bbox 2002 3376 2246 3437; x_wconf 86' lang='lat' dir='ltr'>fuerant</span> <span class='ocrx_word' id='word_1_217' title='bbox 2271 3379 2387 3437; x_wconf 89' lang='lat' dir='ltr'>im-</span> 
     </span>
    </p>
   </div>
   <div class='ocr_carea' id='block_1_34' title="bbox 826 3475 2393 3554">
    <p class='ocr_par' dir='ltr' id='par_1_34' title="bbox 826 3475 2393 3554">
     <span class='ocr_line' id='line_1_34' title="bbox 826 3475 2393 3554; baseline 0 -19"><span class='ocrx_word' id='word_1_218' title='bbox 826 3484 1055 3554; x_wconf 79' lang='lat' dir='ltr'>perata,</span> <span class='ocrx_word' id='word_1_219' title='bbox 1102 3475 1519 3554; x_wconf 84' lang='lat' dir='ltr'>perfecerunt.</span> <span class='ocrx_word' id='word_1_220' title='bbox 1569 3476 1797 3535; x_wconf 88' lang='lat' dir='ltr'>Videns</span> <span class='ocrx_word' id='word_1_221' title='bbox 1848 3493 1997 3551; x_wconf 84' lang='lat' dir='ltr'>ergo</span> <span class='ocrx_word' id='word_1_222' title='bbox 2046 3494 2153 3535; x_wconf 88' lang='lat' dir='ltr'>eos</span> <span class='ocrx_word' id='word_1_223' title='bbox 2201 3494 2393 3536; x_wconf 80' lang='lat' dir='ltr'>senex</span> 
     </span>
    </p>
   </div>
   <div class='ocr_carea' id='block_1_35' title="bbox 826 3575 2397 3654">
    <p class='ocr_par' dir='ltr' id='par_1_35' title="bbox 826 3575 2397 3654">
     <span class='ocr_line' id='line_1_35' title="bbox 826 3575 2397 3654; baseline 0.001 -19"><span class='ocrx_word' id='word_1_224' title='bbox 826 3580 885 3635; x_wconf 84' lang='lat' dir='ltr'>in</span> <span class='ocrx_word' id='word_1_225' title='bbox 942 3576 1239 3654; x_wconf 82' lang='lat' dir='ltr'>cperibus</span> <span class='ocrx_word' id='word_1_226' title='bbox 1296 3576 1477 3636; x_wconf 89' lang='lat' dir='ltr'>bonis</span> <span class='ocrx_word' id='word_1_227' title='bbox 1530 3575 1808 3653; x_wconf 87' lang='lat' dir='ltr'>quotidie</span> <span class='ocrx_word' id='word_1_228' title='bbox 1871 3592 2288 3647; x_wconf 79' lang='lat' dir='ltr'>succrescere,</span> <span class='ocrx_word' id='word_1_229' title='bbox 2336 3583 2397 3636; x_wconf 94' lang='lat' dir='ltr'>et</span> 
     </span>
    </p>
   </div>
   <div class='ocr_carea' id='block_1_36' title="bbox 824 3675 2395 3754">
    <p class='ocr_par' dir='ltr' id='par_1_36' title="bbox 824 3675 2395 3754">
     <span class='ocr_line' id='line_1_36' title="bbox 824 3675 2395 3754; baseline 0.001 -19"><span class='ocrx_word' id='word_1_230' title='bbox 824 3680 1186 3754; x_wconf 80' lang='lat' dir='ltr'>frequenter</span> <span class='ocrx_word' id='word_1_231' title='bbox 1216 3676 1279 3735; x_wconf 89' lang='lat' dir='ltr'>in</span> <span class='ocrx_word' id='word_1_232' title='bbox 1312 3676 1638 3736; x_wconf 88' lang='lat' dir='ltr'>ecclesiam</span> <span class='ocrx_word' id='word_1_233' title='bbox 1680 3694 1818 3736; x_wconf 90' lang='lat' dir='ltr'>cum</span> <span class='ocrx_word' id='word_1_234' title='bbox 1860 3675 2108 3736; x_wconf 88' lang='lat' dir='ltr'>silentio</span> <span class='ocrx_word' id='word_1_235' title='bbox 2148 3676 2211 3736; x_wconf 92' lang='lat' dir='ltr'>in</span> <span class='ocrx_word' id='word_1_236' title='bbox 2254 3694 2395 3737; x_wconf 89' lang='lat' dir='ltr'>ora-</span> 
     </span>
    </p>
   </div>
   <div class='ocr_carea' id='block_1_37' title="bbox 827 3775 2401 3853">
    <p class='ocr_par' dir='ltr' id='par_1_37' title="bbox 827 3775 2401 3853">
     <span class='ocr_line' id='line_1_37' title="bbox 827 3775 2401 3853; baseline 0.001 -18"><span class='ocrx_word' id='word_1_237' title='bbox 827 3777 1098 3836; x_wconf 89' lang='lat' dir='ltr'>tionibus</span> <span class='ocrx_word' id='word_1_238' title='bbox 1164 3775 1519 3853; x_wconf 87' lang='lat' dir='ltr'>persistere,</span> <span class='ocrx_word' id='word_1_239' title='bbox 1577 3776 1966 3837; x_wconf 82' lang='lat' dir='ltr'>desiderabat</span> <span class='ocrx_word' id='word_1_240' title='bbox 2031 3778 2189 3838; x_wconf 87' lang='lat' dir='ltr'>scire</span> <span class='ocrx_word' id='word_1_241' title='bbox 2258 3794 2401 3837; x_wconf 91' lang='lat' dir='ltr'>vera</span> 
     </span>
    </p>
   </div>
   <div class='ocr_carea' id='block_1_38' title="bbox 826 3875 2397 3953">
    <p class='ocr_par' dir='ltr' id='par_1_38' title="bbox 826 3875 2397 3953">
     <span class='ocr_line' id='line_1_38' title="bbox 826 3875 2397 3953; baseline 0.001 -19"><span class='ocrx_word' id='word_1_242' title='bbox 826 3893 1017 3953; x_wconf 85' lang='lat' dir='ltr'>opera</span> <span class='ocrx_word' id='word_1_243' title='bbox 1051 3892 1293 3935; x_wconf 84' lang='lat' dir='ltr'>eorum.</span> <span class='ocrx_word' id='word_1_244' title='bbox 1318 3875 1674 3953; x_wconf 90' lang='lat' dir='ltr'>Septimana</span> <span class='ocrx_word' id='word_1_245' title='bbox 1706 3891 1857 3951; x_wconf 90' lang='lat' dir='ltr'>ergo</span> <span class='ocrx_word' id='word_1_246' title='bbox 1884 3876 2123 3952; x_wconf 88' lang='lat' dir='ltr'>integra</span> <span class='ocrx_word' id='word_1_247' title='bbox 2153 3876 2397 3936; x_wconf 88' lang='lat' dir='ltr'>ieiuna-</span> 
     </span>
    </p>
   </div>
   <div class='ocr_carea' id='block_1_39' title="bbox 826 3973 2403 4053">
    <p class='ocr_par' dir='ltr' id='par_1_39' title="bbox 826 3973 2403 4053">
     <span class='ocr_line' id='line_1_39' title="bbox 826 3973 2403 4053; baseline 0.004 -24"><span class='ocrx_word' id='word_1_248' title='bbox 826 3974 931 4045; x_wconf 89' lang='lat' dir='ltr'>vit,</span> <span class='ocrx_word' id='word_1_249' title='bbox 968 3981 1027 4034; x_wconf 93' lang='lat' dir='ltr'>et</span> <span class='ocrx_word' id='word_1_250' title='bbox 1058 3973 1295 4049; x_wconf 89' lang='lat' dir='ltr'>rogavit</span> <span class='ocrx_word' id='word_1_251' title='bbox 1326 3973 1682 4043; x_wconf 89' lang='lat' dir='ltr'>Dominum,</span> <span class='ocrx_word' id='word_1_252' title='bbox 1708 3981 1775 4033; x_wconf 96' lang='lat' dir='ltr'>ut</span> <span class='ocrx_word' id='word_1_253' title='bbox 1805 3974 1921 4035; x_wconf 90' lang='lat' dir='ltr'>sibi</span> <span class='ocrx_word' id='word_1_254' title='bbox 1958 3992 2151 4053; x_wconf 90' lang='lat' dir='ltr'>opera</span> <span class='ocrx_word' id='word_1_255' title='bbox 2186 3993 2403 4036; x_wconf 90' lang='lat' dir='ltr'>eorum</span> 
     </span>
    </p>
   </div>
   <div class='ocr_carea' id='block_1_40' title="bbox 827 4073 2407 4154">
    <p class='ocr_par' dir='ltr' id='par_1_40' title="bbox 827 4073 2407 4154">
     <span class='ocr_line' id='line_1_40' title="bbox 827 4073 2407 4154; baseline 0.003 -21"><span class='ocrx_word' id='word_1_256' title='bbox 827 4074 1188 4151; x_wconf 88' lang='lat' dir='ltr'>dignaretur</span> <span class='ocrx_word' id='word_1_257' title='bbox 1221 4073 1575 4133; x_wconf 88' lang='lat' dir='ltr'>ostendere.</span> <span class='ocrx_word' id='word_1_258' title='bbox 1612 4074 1685 4132; x_wconf 86' lang='lat' dir='ltr'>Et</span> <span class='ocrx_word' id='word_1_259' title='bbox 1717 4081 1858 4152; x_wconf 88' lang='lat' dir='ltr'>post</span> <span class='ocrx_word' id='word_1_260' title='bbox 1896 4074 2048 4135; x_wconf 91' lang='lat' dir='ltr'>haec</span> <span class='ocrx_word' id='word_1_261' title='bbox 2088 4076 2407 4154; x_wconf 87' lang='lat' dir='ltr'>profectus</span> 
     </span>
    </p>
   </div>
   <div class='ocr_carea' id='block_1_41' title="bbox 829 4174 2409 4252">
    <p class='ocr_par' dir='ltr' id='par_1_41' title="bbox 829 4174 2409 4252">
     <span class='ocr_line' id='line_1_41' title="bbox 829 4174 2409 4252; baseline 0.003 -19"><span class='ocrx_word' id='word_1_262' title='bbox 829 4183 921 4233; x_wconf 90' lang='lat' dir='ltr'>est</span> <span class='ocrx_word' id='word_1_263' title='bbox 949 4174 1026 4234; x_wconf 87' lang='lat' dir='ltr'>ad</span> <span class='ocrx_word' id='word_1_264' title='bbox 1058 4174 1601 4252; x_wconf 91' lang='lat' dir='ltr'>eos,pulsavitque</span> <span class='ocrx_word' id='word_1_265' title='bbox 1648 4174 1876 4234; x_wconf 90' lang='lat' dir='ltr'>ostium</span> <span class='ocrx_word' id='word_1_266' title='bbox 1918 4174 2255 4252; x_wconf 90' lang='lat' dir='ltr'>speluncae</span> <span class='ocrx_word' id='word_1_267' title='bbox 2306 4195 2409 4237; x_wconf 93' lang='lat' dir='ltr'>eo-</span> 
     </span>
    </p>
   </div>
   <div class='ocr_carea' id='block_1_42' title="bbox 829 4271 2406 4350">
    <p class='ocr_par' dir='ltr' id='par_1_42' title="bbox 829 4271 2406 4350">
     <span class='ocr_line' id='line_1_42' title="bbox 829 4271 2406 4350; baseline 0.004 -20"><span class='ocrx_word' id='word_1_268' title='bbox 829 4290 987 4331; x_wconf 89' lang='lat' dir='ltr'>rum.</span> <span class='ocrx_word' id='word_1_269' title='bbox 1028 4275 1160 4343; x_wconf 82' lang='lat' dir='ltr'>Quo</span> <span class='ocrx_word' id='word_1_270' title='bbox 1200 4278 1418 4350; x_wconf 90' lang='lat' dir='ltr'>aperto</span> <span class='ocrx_word' id='word_1_271' title='bbox 1459 4278 1520 4331; x_wconf 91' lang='lat' dir='ltr'>et</span> <span class='ocrx_word' id='word_1_272' title='bbox 1565 4271 1695 4331; x_wconf 91' lang='lat' dir='ltr'>viso</span> <span class='ocrx_word' id='word_1_273' title='bbox 1736 4271 1991 4333; x_wconf 90' lang='lat' dir='ltr'>homine</span> <span class='ocrx_word' id='word_1_274' title='bbox 2031 4274 2139 4334; x_wconf 93' lang='lat' dir='ltr'>Dei</span> <span class='ocrx_word' id='word_1_275' title='bbox 2183 4276 2406 4335; x_wconf 87' lang='lat' dir='ltr'>adora-</span> 
     </span>
    </p>
   </div>
   <div class='ocr_carea' id='block_1_43' title="bbox 829 4372 2411 4451">
    <p class='ocr_par' dir='ltr' id='par_1_43' title="bbox 829 4372 2411 4451">
     <span class='ocr_line' id='line_1_43' title="bbox 829 4372 2411 4451; baseline 0.002 -21"><span class='ocrx_word' id='word_1_276' title='bbox 829 4381 1047 4431; x_wconf 81' lang='lat' dir='ltr'>vemnt</span> <span class='ocrx_word' id='word_1_277' title='bbox 1090 4372 1335 4449; x_wconf 88' lang='lat' dir='ltr'>utrique</span> <span class='ocrx_word' id='word_1_278' title='bbox 1365 4372 1431 4430; x_wconf 90' lang='lat' dir='ltr'>in</span> <span class='ocrx_word' id='word_1_279' title='bbox 1458 4378 1642 4431; x_wconf 91' lang='lat' dir='ltr'>terra.</span> <span class='ocrx_word' id='word_1_280' title='bbox 1676 4372 1747 4429; x_wconf 88' lang='lat' dir='ltr'>Et</span> <span class='ocrx_word' id='word_1_281' title='bbox 1785 4378 2116 4451; x_wconf 90' lang='lat' dir='ltr'>postquam</span> <span class='ocrx_word' id='word_1_282' title='bbox 2144 4372 2302 4435; x_wconf 86' lang='lat' dir='ltr'>facta</span> <span class='ocrx_word' id='word_1_283' title='bbox 2336 4392 2411 4433; x_wconf 87' lang='lat' dir='ltr'>ex</span> 
     </span>
    </p>
   </div>
   <div class='ocr_carea' id='block_1_44' title="bbox 2480 567 4054 658">
    <p class='ocr_par' dir='ltr' id='par_1_44' title="bbox 2480 567 4054 658">
     <span class='ocr_line' id='line_1_44' title="bbox 2480 567 4054 658; baseline -0.01 -17"><span class='ocrx_word' id='word_1_284' title='bbox 2480 582 2755 658; x_wconf 89' lang='lat' dir='ltr'>Cumque</span> <span class='ocrx_word' id='word_1_285' title='bbox 2820 577 3262 645; x_wconf 88' lang='lat' dir='ltr'>comedissent,</span> <span class='ocrx_word' id='word_1_286' title='bbox 3310 573 3600 633; x_wconf 88' lang='lat' dir='ltr'>dixerunt</span> <span class='ocrx_word' id='word_1_287' title='bbox 3661 568 3739 629; x_wconf 90' lang='lat' dir='ltr'>ad</span> <span class='ocrx_word' id='word_1_288' title='bbox 3798 567 4054 627; x_wconf 86' lang='lat' dir='ltr'>beatum</span> 
     </span>
    </p>
   </div>
   <div class='ocr_carea' id='block_1_45' title="bbox 2480 663 4056 751">
    <p class='ocr_par' dir='ltr' id='par_1_45' title="bbox 2480 663 4056 751">
     <span class='ocr_line' id='line_1_45' title="bbox 2480 663 4056 751; baseline -0.01 -12"><span class='ocrx_word' id='word_1_289' title='bbox 2480 677 2813 738; x_wconf 88' lang='lat' dir='ltr'>Macarium</span> <span class='ocrx_word' id='word_1_290' title='bbox 2854 696 2867 738; x_wconf 91' lang='lat'><strong>:</strong></span> <span class='ocrx_word' id='word_1_291' title='bbox 2914 674 3434 751; x_wconf 82' lang='lat' dir='ltr'>Discedis,patcr.</span> <span class='ocrx_word' id='word_1_292' title='bbox 3486 686 3565 729; x_wconf 88' lang='lat' dir='ltr'>an</span> <span class='ocrx_word' id='word_1_293' title='bbox 3614 664 3783 727; x_wconf 80' lang='lat' dir='ltr'>non?</span> <span class='ocrx_word' id='word_1_294' title='bbox 3832 666 3901 724; x_wconf 87' lang='lat' dir='ltr'>Et</span> <span class='ocrx_word' id='word_1_295' title='bbox 3948 663 4056 724; x_wconf 86' lang='lat' dir='ltr'>ille</span> 
     </span>
    </p>
   </div>
   <div class='ocr_carea' id='block_1_46' title="bbox 2481 762 4056 855">
    <p class='ocr_par' dir='ltr' id='par_1_46' title="bbox 2481 762 4056 855">
     <span class='ocr_line' id='line_1_46' title="bbox 2481 762 4056 855; baseline -0.012 -14"><span class='ocrx_word' id='word_1_296' title='bbox 2481 774 2606 840; x_wconf 92' lang='lat' dir='ltr'>illic</span> <span class='ocrx_word' id='word_1_297' title='bbox 2651 796 2717 839; x_wconf 90' lang='lat' dir='ltr'>se</span> <span class='ocrx_word' id='word_1_298' title='bbox 2764 777 3089 855; x_wconf 91' lang='lat' dir='ltr'>quiescere</span> <span class='ocrx_word' id='word_1_299' title='bbox 3139 773 3295 834; x_wconf 90' lang='lat' dir='ltr'>velle</span> <span class='ocrx_word' id='word_1_300' title='bbox 3348 769 3692 850; x_wconf 90' lang='lat' dir='ltr'>respondit.</span> <span class='ocrx_word' id='word_1_301' title='bbox 3736 768 3910 826; x_wconf 92' lang='lat' dir='ltr'>Tunc</span> <span class='ocrx_word' id='word_1_302' title='bbox 3966 762 4056 824; x_wconf 90' lang='lat' dir='ltr'>illi</span> 
     </span>
    </p>
   </div>
   <div class='ocr_carea' id='block_1_47' title="bbox 2481 864 4057 952">
    <p class='ocr_par' dir='ltr' id='par_1_47' title="bbox 2481 864 4057 952">
     <span class='ocr_line' id='line_1_47' title="bbox 2481 864 4057 952; baseline -0.013 -10"><span class='ocrx_word' id='word_1_303' title='bbox 2481 880 2799 941; x_wconf 88' lang='lat' dir='ltr'>mattulam</span> <span class='ocrx_word' id='word_1_304' title='bbox 2830 878 2892 938; x_wconf 91' lang='lat' dir='ltr'>in</span> <span class='ocrx_word' id='word_1_305' title='bbox 2924 894 3051 937; x_wconf 92' lang='lat' dir='ltr'>uno</span> <span class='ocrx_word' id='word_1_306' title='bbox 3082 874 3311 952; x_wconf 86' lang='lat' dir='ltr'>angulo</span> <span class='ocrx_word' id='word_1_307' title='bbox 3340 872 3418 934; x_wconf 88' lang='lat' dir='ltr'>ad</span> <span class='ocrx_word' id='word_1_308' title='bbox 3448 888 3608 949; x_wconf 92' lang='lat' dir='ltr'>opus</span> <span class='ocrx_word' id='word_1_309' title='bbox 3636 867 3834 947; x_wconf 89' lang='lat' dir='ltr'>ipsius</span> <span class='ocrx_word' id='word_1_310' title='bbox 3862 864 4057 927; x_wconf 86' lang='lat' dir='ltr'>collo-</span> 
     </span>
    </p>
   </div>
   <div class='ocr_carea' id='block_1_48' title="bbox 2482 969 4054 1059">
    <p class='ocr_par' dir='ltr' id='par_1_48' title="bbox 2482 969 4054 1059">
     <span class='ocr_line' id='line_1_48' title="bbox 2482 969 4054 1059; baseline -0.011 -17"><span class='ocrx_word' id='word_1_311' title='bbox 2482 988 2722 1051; x_wconf 90' lang='lat' dir='ltr'>carunt,</span> <span class='ocrx_word' id='word_1_312' title='bbox 2756 979 2873 1059; x_wconf 90' lang='lat' dir='ltr'>ipsi</span> <span class='ocrx_word' id='word_1_313' title='bbox 2900 994 3048 1038; x_wconf 89' lang='lat' dir='ltr'>vero</span> <span class='ocrx_word' id='word_1_314' title='bbox 3081 978 3146 1037; x_wconf 89' lang='lat' dir='ltr'>in</span> <span class='ocrx_word' id='word_1_315' title='bbox 3175 977 3369 1037; x_wconf 91' lang='lat' dir='ltr'>altero</span> <span class='ocrx_word' id='word_1_316' title='bbox 3398 972 3626 1050; x_wconf 90' lang='lat' dir='ltr'>angulo</span> <span class='ocrx_word' id='word_1_317' title='bbox 3655 969 4054 1049; x_wconf 82' lang='lat' dir='ltr'>quieverunt,</span> 
     </span>
    </p>
   </div>
   <div class='ocr_carea' id='block_1_49' title="bbox 2482 1070 4060 1159">
    <p class='ocr_par' dir='ltr' id='par_1_49' title="bbox 2482 1070 4060 1159">
     <span class='ocr_line' id='line_1_49' title="bbox 2482 1070 4060 1159; baseline -0.01 -18"><span class='ocrx_word' id='word_1_318' title='bbox 2482 1080 2658 1159; x_wconf 90' lang='lat' dir='ltr'>quasi</span> <span class='ocrx_word' id='word_1_319' title='bbox 2684 1082 2760 1140; x_wconf 91' lang='lat' dir='ltr'>ad</span> <span class='ocrx_word' id='word_1_320' title='bbox 2792 1077 3229 1141; x_wconf 90' lang='lat' dir='ltr'>dormiendum</span> <span class='ocrx_word' id='word_1_321' title='bbox 3259 1092 3325 1135; x_wconf 93' lang='lat' dir='ltr'>se</span> <span class='ocrx_word' id='word_1_322' title='bbox 3360 1073 3792 1153; x_wconf 90' lang='lat' dir='ltr'>proiecissent.</span> <span class='ocrx_word' id='word_1_323' title='bbox 3824 1070 4060 1127; x_wconf 87' lang='lat' dir='ltr'>Iterum</span> 
     </span>
    </p>
   </div>
   <div class='ocr_carea' id='block_1_50' title="bbox 2484 1170 4063 1258">
    <p class='ocr_par' dir='ltr' id='par_1_50' title="bbox 2484 1170 4063 1258">
     <span class='ocr_line' id='line_1_50' title="bbox 2484 1170 4063 1258; baseline -0.009 -16"><span class='ocrx_word' id='word_1_324' title='bbox 2484 1199 2633 1258; x_wconf 89' lang='lat' dir='ltr'>ergo</span> <span class='ocrx_word' id='word_1_325' title='bbox 2672 1180 2973 1241; x_wconf 86' lang='lat' dir='ltr'>Macarius</span> <span class='ocrx_word' id='word_1_326' title='bbox 3009 1178 3245 1255; x_wconf 91' lang='lat' dir='ltr'>rogavit</span> <span class='ocrx_word' id='word_1_327' title='bbox 3283 1175 3636 1244; x_wconf 92' lang='lat' dir='ltr'>Dominum,</span> <span class='ocrx_word' id='word_1_328' title='bbox 3668 1178 3737 1231; x_wconf 90' lang='lat' dir='ltr'>ut</span> <span class='ocrx_word' id='word_1_329' title='bbox 3772 1170 3829 1230; x_wconf 93' lang='lat' dir='ltr'>ei</span> <span class='ocrx_word' id='word_1_330' title='bbox 3865 1185 4063 1247; x_wconf 88' lang='lat' dir='ltr'>opera</span> 
     </span>
    </p>
   </div>
   <div class='ocr_carea' id='block_1_51' title="bbox 2482 1270 4062 1357">
    <p class='ocr_par' dir='ltr' id='par_1_51' title="bbox 2482 1270 4062 1357">
     <span class='ocr_line' id='line_1_51' title="bbox 2482 1270 4062 1357; baseline -0.008 -18"><span class='ocrx_word' id='word_1_331' title='bbox 2482 1282 2761 1357; x_wconf 81' lang='lat' dir='ltr'>ipsorum</span> <span class='ocrx_word' id='word_1_332' title='bbox 2807 1278 3169 1339; x_wconf 91' lang='lat' dir='ltr'>declararet.</span> <span class='ocrx_word' id='word_1_333' title='bbox 3210 1279 3283 1336; x_wconf 91' lang='lat' dir='ltr'>Et</span> <span class='ocrx_word' id='word_1_334' title='bbox 3330 1292 3499 1345; x_wconf 91' lang='lat' dir='ltr'>ecce,</span> <span class='ocrx_word' id='word_1_335' title='bbox 3542 1272 3707 1333; x_wconf 89' lang='lat' dir='ltr'>velut</span> <span class='ocrx_word' id='word_1_336' title='bbox 3756 1270 4062 1347; x_wconf 91' lang='lat' dir='ltr'>dissipato</span> 
     </span>
    </p>
   </div>
   <div class='ocr_carea' id='block_1_52' title="bbox 2483 1369 4066 1455">
    <p class='ocr_par' dir='ltr' id='par_1_52' title="bbox 2483 1369 4066 1455">
     <span class='ocr_line' id='line_1_52' title="bbox 2483 1369 4066 1455; baseline -0.008 -15"><span class='ocrx_word' id='word_1_337' title='bbox 2483 1388 2646 1455; x_wconf 83' lang='lat' dir='ltr'>tecto</span> <span class='ocrx_word' id='word_1_338' title='bbox 2675 1379 2776 1438; x_wconf 76' lang='lat' dir='ltr'>lux</span> <span class='ocrx_word' id='word_1_339' title='bbox 2802 1378 2963 1439; x_wconf 91' lang='lat' dir='ltr'>clara</span> <span class='ocrx_word' id='word_1_340' title='bbox 2986 1376 3270 1439; x_wconf 90' lang='lat' dir='ltr'>cellulam</span> <span class='ocrx_word' id='word_1_341' title='bbox 3304 1375 3470 1436; x_wconf 90' lang='lat' dir='ltr'>illam</span> <span class='ocrx_word' id='word_1_342' title='bbox 3495 1372 3670 1451; x_wconf 88' lang='lat' dir='ltr'>quasi</span> <span class='ocrx_word' id='word_1_343' title='bbox 3699 1370 3905 1429; x_wconf 90' lang='lat' dir='ltr'>media</span> <span class='ocrx_word' id='word_1_344' title='bbox 3928 1369 4066 1429; x_wconf 87' lang='lat' dir='ltr'>dies</span> 
     </span>
    </p>
   </div>
   <div class='ocr_carea' id='block_1_53' title="bbox 2485 1469 4063 1557">
    <p class='ocr_par' dir='ltr' id='par_1_53' title="bbox 2485 1469 4063 1557">
     <span class='ocr_line' id='line_1_53' title="bbox 2485 1469 4063 1557; baseline -0.007 -18"><span class='ocrx_word' id='word_1_345' title='bbox 2485 1480 2785 1557; x_wconf 85' lang='lat' dir='ltr'>implevit,</span> <span class='ocrx_word' id='word_1_346' title='bbox 2811 1496 2997 1556; x_wconf 90' lang='lat' dir='ltr'>quam</span> <span class='ocrx_word' id='word_1_347' title='bbox 3038 1484 3247 1537; x_wconf 88' lang='lat' dir='ltr'>tamen</span> <span class='ocrx_word' id='word_1_348' title='bbox 3278 1476 3367 1535; x_wconf 89' lang='lat' dir='ltr'>illi</span> <span class='ocrx_word' id='word_1_349' title='bbox 3398 1492 3524 1535; x_wconf 93' lang='lat' dir='ltr'>non</span> <span class='ocrx_word' id='word_1_350' title='bbox 3556 1477 3907 1533; x_wconf 88' lang='lat' dir='ltr'>senserunt.</span> <span class='ocrx_word' id='word_1_351' title='bbox 3940 1469 4063 1529; x_wconf 90' lang='lat' dir='ltr'>Sed</span> 
     </span>
    </p>
   </div>
   <div class='ocr_carea' id='block_1_54' title="bbox 2485 1574 4062 1657">
    <p class='ocr_par' dir='ltr' id='par_1_54' title="bbox 2485 1574 4062 1657">
     <span class='ocr_line' id='line_1_54' title="bbox 2485 1574 4062 1657; baseline -0.007 -17"><span class='ocrx_word' id='word_1_352' title='bbox 2485 1587 2815 1657; x_wconf 86' lang='lat' dir='ltr'>postquam</span> <span class='ocrx_word' id='word_1_353' title='bbox 2847 1580 3123 1640; x_wconf 89' lang='lat' dir='ltr'>arbitrati</span> <span class='ocrx_word' id='word_1_354' title='bbox 3159 1585 3301 1639; x_wconf 92' lang='lat' dir='ltr'>sunt</span> <span class='ocrx_word' id='word_1_355' title='bbox 3336 1593 3552 1636; x_wconf 92' lang='lat' dir='ltr'>senem</span> <span class='ocrx_word' id='word_1_356' title='bbox 3589 1574 3887 1643; x_wconf 89' lang='lat' dir='ltr'>dormire,</span> <span class='ocrx_word' id='word_1_357' title='bbox 3921 1589 4062 1631; x_wconf 91' lang='lat' dir='ltr'>sur-</span> 
     </span>
    </p>
   </div>
   <div class='ocr_carea' id='block_1_55' title="bbox 2485 1671 4067 1753">
    <p class='ocr_par' dir='ltr' id='par_1_55' title="bbox 2485 1671 4067 1753">
     <span class='ocr_line' id='line_1_55' title="bbox 2485 1671 4067 1753; baseline -0.006 -16"><span class='ocrx_word' id='word_1_358' title='bbox 2485 1685 2701 1753; x_wconf 84' lang='lat' dir='ltr'>gentes</span> <span class='ocrx_word' id='word_1_359' title='bbox 2719 1679 2779 1737; x_wconf 92' lang='lat' dir='ltr'>in</span> <span class='ocrx_word' id='word_1_360' title='bbox 2797 1679 3142 1739; x_wconf 89' lang='lat' dir='ltr'>orationem</span> <span class='ocrx_word' id='word_1_361' title='bbox 3162 1693 3297 1736; x_wconf 90' lang='lat' dir='ltr'>sese</span> <span class='ocrx_word' id='word_1_362' title='bbox 3311 1676 3639 1743; x_wconf 90' lang='lat' dir='ltr'>dederunt,</span> <span class='ocrx_word' id='word_1_363' title='bbox 3656 1671 4067 1733; x_wconf 72' lang='lat' dir='ltr'>extendentes</span> 
     </span>
    </p>
   </div>
   <div class='ocr_carea' id='block_1_56' title="bbox 2487 1769 4063 1853">
    <p class='ocr_par' dir='ltr' id='par_1_56' title="bbox 2487 1769 4063 1853">
     <span class='ocr_line' id='line_1_56' title="bbox 2487 1769 4063 1853; baseline -0.004 -18"><span class='ocrx_word' id='word_1_364' title='bbox 2487 1794 2707 1836; x_wconf 89' lang='lat' dir='ltr'>manus</span> <span class='ocrx_word' id='word_1_365' title='bbox 2737 1779 2813 1838; x_wconf 92' lang='lat' dir='ltr'>ad</span> <span class='ocrx_word' id='word_1_366' title='bbox 2846 1778 3113 1838; x_wconf 92' lang='lat' dir='ltr'>coelum.</span> <span class='ocrx_word' id='word_1_367' title='bbox 3147 1778 3311 1847; x_wconf 89' lang='lat' dir='ltr'>Quos</span> <span class='ocrx_word' id='word_1_368' title='bbox 3340 1774 3595 1853; x_wconf 90' lang='lat' dir='ltr'>quidem</span> <span class='ocrx_word' id='word_1_369' title='bbox 3623 1772 3751 1843; x_wconf 90' lang='lat' dir='ltr'>ille,</span> <span class='ocrx_word' id='word_1_370' title='bbox 3777 1770 3930 1849; x_wconf 88' lang='lat' dir='ltr'>quid</span> <span class='ocrx_word' id='word_1_371' title='bbox 3970 1769 4063 1829; x_wconf 86' lang='lat' dir='ltr'>fa—</span> 
     </span>
    </p>
   </div>
   <div class='ocr_carea' id='block_1_57' title="bbox 2494 1871 4069 1949">
    <p class='ocr_par' dir='ltr' id='par_1_57' title="bbox 2494 1871 4069 1949">
     <span class='ocr_line' id='line_1_57' title="bbox 2494 1871 4069 1949; baseline -0.005 -13"><span class='ocrx_word' id='word_1_372' title='bbox 2494 1885 2727 1949; x_wconf 89' lang='lat' dir='ltr'>cerent,</span> <span class='ocrx_word' id='word_1_373' title='bbox 2779 1880 3165 1949; x_wconf 90' lang='lat' dir='ltr'>intuebatur;</span> <span class='ocrx_word' id='word_1_374' title='bbox 3224 1876 3311 1936; x_wconf 89' lang='lat' dir='ltr'>illi</span> <span class='ocrx_word' id='word_1_375' title='bbox 3367 1882 3572 1935; x_wconf 91' lang='lat' dir='ltr'>autem</span> <span class='ocrx_word' id='word_1_376' title='bbox 3626 1872 3800 1933; x_wconf 89' lang='lat' dir='ltr'>illum</span> <span class='ocrx_word' id='word_1_377' title='bbox 3853 1871 4069 1930; x_wconf 90' lang='lat' dir='ltr'>videre</span> 
     </span>
    </p>
   </div>
   <div class='ocr_carea' id='block_1_58' title="bbox 2494 1972 4068 2056">
    <p class='ocr_par' dir='ltr' id='par_1_58' title="bbox 2494 1972 4068 2056">
     <span class='ocr_line' id='line_1_58' title="bbox 2494 1972 4068 2056; baseline -0.004 -19"><span class='ocrx_word' id='word_1_378' title='bbox 2494 1996 2622 2038; x_wconf 90' lang='lat' dir='ltr'>non</span> <span class='ocrx_word' id='word_1_379' title='bbox 2670 1986 2978 2056; x_wconf 89' lang='lat' dir='ltr'>poterant.</span> <span class='ocrx_word' id='word_1_380' title='bbox 3021 1978 3323 2037; x_wconf 89' lang='lat' dir='ltr'>lntentius</span> <span class='ocrx_word' id='word_1_381' title='bbox 3366 1983 3573 2036; x_wconf 91' lang='lat' dir='ltr'>autem</span> <span class='ocrx_word' id='word_1_382' title='bbox 3622 1991 3813 2035; x_wconf 90' lang='lat' dir='ltr'>senex</span> <span class='ocrx_word' id='word_1_383' title='bbox 3862 1972 4068 2051; x_wconf 89' lang='lat' dir='ltr'>respi-</span> 
     </span>
    </p>
   </div>
   <div class='ocr_carea' id='block_1_59' title="bbox 2493 2075 4073 2158">
    <p class='ocr_par' dir='ltr' id='par_1_59' title="bbox 2493 2075 4073 2158">
     <span class='ocr_line' id='line_1_59' title="bbox 2493 2075 4073 2158; baseline -0.003 -20"><span class='ocrx_word' id='word_1_384' title='bbox 2493 2080 2665 2139; x_wconf 89' lang='lat' dir='ltr'>ciens</span> <span class='ocrx_word' id='word_1_385' title='bbox 2687 2080 2834 2139; x_wconf 92' lang='lat' dir='ltr'>vidit</span> <span class='ocrx_word' id='word_1_386' title='bbox 2864 2088 3161 2158; x_wconf 90' lang='lat' dir='ltr'>tanquam</span> <span class='ocrx_word' id='word_1_387' title='bbox 3192 2096 3435 2139; x_wconf 86' lang='lat' dir='ltr'>muscas</span> <span class='ocrx_word' id='word_1_388' title='bbox 3456 2078 3797 2137; x_wconf 89' lang='lat' dir='ltr'>daemones</span> <span class='ocrx_word' id='word_1_389' title='bbox 3816 2075 4073 2135; x_wconf 85' lang='lat' dir='ltr'>venien-</span> 
     </span>
    </p>
   </div>
   <div class='ocr_carea' id='block_1_60' title="bbox 2495 2176 4073 2258">
    <p class='ocr_par' dir='ltr' id='par_1_60' title="bbox 2495 2176 4073 2258">
     <span class='ocr_line' id='line_1_60' title="bbox 2495 2176 4073 2258; baseline -0.001 -21"><span class='ocrx_word' id='word_1_390' title='bbox 2495 2184 2585 2238; x_wconf 92' lang='lat' dir='ltr'>tes</span> <span class='ocrx_word' id='word_1_391' title='bbox 2612 2180 2675 2239; x_wconf 92' lang='lat' dir='ltr'>in</span> <span class='ocrx_word' id='word_1_392' title='bbox 2703 2179 2867 2240; x_wconf 90' lang='lat' dir='ltr'>illius</span> <span class='ocrx_word' id='word_1_393' title='bbox 2897 2180 3156 2240; x_wconf 90' lang='lat' dir='ltr'>minoris</span> <span class='ocrx_word' id='word_1_394' title='bbox 3186 2197 3295 2240; x_wconf 92' lang='lat' dir='ltr'>ore</span> <span class='ocrx_word' id='word_1_395' title='bbox 3334 2186 3521 2258; x_wconf 91' lang='lat' dir='ltr'>atque</span> <span class='ocrx_word' id='word_1_396' title='bbox 3555 2178 3753 2240; x_wconf 91' lang='lat' dir='ltr'>oculis</span> <span class='ocrx_word' id='word_1_397' title='bbox 3792 2176 4073 2237; x_wconf 91' lang='lat' dir='ltr'>residere</span> 
     </span>
    </p>
   </div>
   <div class='ocr_carea' id='block_1_61' title="bbox 2493 2278 4074 2358">
    <p class='ocr_par' dir='ltr' id='par_1_61' title="bbox 2493 2278 4074 2358">
     <span class='ocr_line' id='line_1_61' title="bbox 2493 2278 4074 2358; baseline 0.001 -20"><span class='ocrx_word' id='word_1_398' title='bbox 2493 2279 2795 2353; x_wconf 90' lang='lat' dir='ltr'>volentes,</span> <span class='ocrx_word' id='word_1_399' title='bbox 2811 2279 2921 2339; x_wconf 92' lang='lat' dir='ltr'>sed</span> <span class='ocrx_word' id='word_1_400' title='bbox 2938 2279 3196 2357; x_wconf 86' lang='lat' dir='ltr'>angelus</span> <span class='ocrx_word' id='word_1_401' title='bbox 3216 2280 3461 2341; x_wconf 90' lang='lat' dir='ltr'>Domini</span> <span class='ocrx_word' id='word_1_402' title='bbox 3483 2278 3867 2358; x_wconf 90' lang='lat' dir='ltr'>rhomphaea</span> <span class='ocrx_word' id='word_1_403' title='bbox 3888 2278 4074 2355; x_wconf 87' lang='lat' dir='ltr'>ignea</span> 
     </span>
    </p>
   </div>
   <div class='ocr_carea' id='block_1_62' title="bbox 2492 2374 4075 2451">
    <p class='ocr_par' dir='ltr' id='par_1_62' title="bbox 2492 2374 4075 2451">
     <span class='ocr_line' id='line_1_62' title="bbox 2492 2374 4075 2451; baseline -0.001 -11"><span class='ocrx_word' id='word_1_404' title='bbox 2492 2389 2765 2442; x_wconf 91' lang='lat' dir='ltr'>armatus</span> <span class='ocrx_word' id='word_1_405' title='bbox 2800 2380 2954 2451; x_wconf 68' lang='grc'>145</span> <span class='ocrx_word' id='word_1_406' title='bbox 2984 2374 3290 2441; x_wconf 86' lang='lat' dir='ltr'>tamillum</span> <span class='ocrx_word' id='word_1_407' title='bbox 3306 2380 3729 2442; x_wconf 87' lang='lat' dir='ltr'>circumdabat</span> <span class='ocrx_word' id='word_1_408' title='bbox 3758 2386 3819 2439; x_wconf 94' lang='lat' dir='ltr'>et</span> <span class='ocrx_word' id='word_1_409' title='bbox 3847 2378 4075 2439; x_wconf 83' lang='lat' dir='ltr'>defen—</span> 
     </span>
    </p>
   </div>
   <div class='ocr_carea' id='block_1_63' title="bbox 2493 2478 4074 2561">
    <p class='ocr_par' dir='ltr' id='par_1_63' title="bbox 2493 2478 4074 2561">
     <span class='ocr_line' id='line_1_63' title="bbox 2493 2478 4074 2561; baseline -0.001 -20"><span class='ocrx_word' id='word_1_410' title='bbox 2493 2480 2699 2553; x_wconf 89' lang='lat' dir='ltr'>debat,</span> <span class='ocrx_word' id='word_1_411' title='bbox 2724 2500 2912 2561; x_wconf 90' lang='lat' dir='ltr'>quam</span> <span class='ocrx_word' id='word_1_412' title='bbox 2940 2482 3280 2543; x_wconf 84' lang='lat' dir='ltr'>daemones</span> <span class='ocrx_word' id='word_1_413' title='bbox 3302 2480 3647 2559; x_wconf 89' lang='lat' dir='ltr'>repellebat</span> <span class='ocrx_word' id='word_1_414' title='bbox 3666 2486 3726 2541; x_wconf 89' lang='lat' dir='ltr'>et</span> <span class='ocrx_word' id='word_1_415' title='bbox 3752 2478 4074 2549; x_wconf 90' lang='lat' dir='ltr'>eiiciebat;</span> 
     </span>
    </p>
   </div>
   <div class='ocr_carea' id='block_1_64' title="bbox 2492 2580 4077 2659">
    <p class='ocr_par' dir='ltr' id='par_1_64' title="bbox 2492 2580 4077 2659">
     <span class='ocr_line' id='line_1_64' title="bbox 2492 2580 4077 2659; baseline 0.001 -19"><span class='ocrx_word' id='word_1_416' title='bbox 2492 2580 2568 2640; x_wconf 92' lang='lat' dir='ltr'>ad</span> <span class='ocrx_word' id='word_1_417' title='bbox 2599 2581 2899 2642; x_wconf 90' lang='lat' dir='ltr'>maiorem</span> <span class='ocrx_word' id='word_1_418' title='bbox 2930 2599 3077 2642; x_wconf 92' lang='lat' dir='ltr'>vero</span> <span class='ocrx_word' id='word_1_419' title='bbox 3118 2581 3419 2643; x_wconf 90' lang='lat' dir='ltr'>accedere</span> <span class='ocrx_word' id='word_1_420' title='bbox 3451 2580 3625 2641; x_wconf 88' lang='lat' dir='ltr'>nullo</span> <span class='ocrx_word' id='word_1_421' title='bbox 3660 2580 3849 2642; x_wconf 93' lang='lat' dir='ltr'>modo</span> <span class='ocrx_word' id='word_1_422' title='bbox 3889 2598 4077 2659; x_wconf 88' lang='lat' dir='ltr'>prae—</span> 
     </span>
    </p>
   </div>
   <div class='ocr_carea' id='block_1_65' title="bbox 2494 2679 4081 2759">
    <p class='ocr_par' dir='ltr' id='par_1_65' title="bbox 2494 2679 4081 2759">
     <span class='ocr_line' id='line_1_65' title="bbox 2494 2679 4081 2759; baseline 0.001 -20"><span class='ocrx_word' id='word_1_423' title='bbox 2494 2680 2796 2741; x_wconf 90' lang='lat' dir='ltr'>valebant.</span> <span class='ocrx_word' id='word_1_424' title='bbox 2830 2682 3033 2759; x_wconf 91' lang='lat' dir='ltr'>Pr0pe</span> <span class='ocrx_word' id='word_1_425' title='bbox 3064 2697 3211 2740; x_wconf 89' lang='lat' dir='ltr'>vero</span> <span class='ocrx_word' id='word_1_426' title='bbox 3250 2680 3371 2740; x_wconf 90' lang='lat' dir='ltr'>iam</span> <span class='ocrx_word' id='word_1_427' title='bbox 3406 2679 3543 2741; x_wconf 88' lang='lat' dir='ltr'>luce</span> <span class='ocrx_word' id='word_1_428' title='bbox 3575 2679 3980 2758; x_wconf 91' lang='lat' dir='ltr'>proiecerunt</span> <span class='ocrx_word' id='word_1_429' title='bbox 4011 2697 4081 2740; x_wconf 89' lang='lat' dir='ltr'>se</span> 
     </span>
    </p>
   </div>
   <div class='ocr_carea' id='block_1_66' title="bbox 2494 2778 4083 2841">
    <p class='ocr_par' dir='ltr' id='par_1_66' title="bbox 2494 2778 4083 2841">
     <span class='ocr_line' id='line_1_66' title="bbox 2494 2778 4083 2841; baseline 0.001 -3"><span class='ocrx_word' id='word_1_430' title='bbox 2494 2780 2558 2839; x_wconf 91' lang='lat' dir='ltr'>in</span> <span class='ocrx_word' id='word_1_431' title='bbox 2612 2780 2836 2840; x_wconf 89' lang='lat' dir='ltr'>eodem</span> <span class='ocrx_word' id='word_1_432' title='bbox 2889 2787 3081 2839; x_wconf 90' lang='lat' dir='ltr'>stratu</span> <span class='ocrx_word' id='word_1_433' title='bbox 3130 2797 3268 2839; x_wconf 91' lang='lat' dir='ltr'>suo.</span> <span class='ocrx_word' id='word_1_434' title='bbox 3319 2781 3491 2841; x_wconf 91' lang='lat' dir='ltr'>Tunc</span> <span class='ocrx_word' id='word_1_435' title='bbox 3554 2780 3853 2840; x_wconf 86' lang='lat' dir='ltr'>Macarius</span> <span class='ocrx_word' id='word_1_436' title='bbox 3911 2778 4083 2841; x_wconf 83' lang='lat' dir='ltr'>velut</span> 
     </span>
    </p>
   </div>
   <div class='ocr_carea' id='block_1_67' title="bbox 2493 2878 4084 2955">
    <p class='ocr_par' dir='ltr' id='par_1_67' title="bbox 2493 2878 4084 2955">
     <span class='ocr_line' id='line_1_67' title="bbox 2493 2878 4084 2955; baseline 0.001 -18"><span class='ocrx_word' id='word_1_437' title='bbox 2493 2879 2787 2955; x_wconf 82' lang='lat' dir='ltr'>evigilans</span> <span class='ocrx_word' id='word_1_438' title='bbox 2854 2878 3151 2951; x_wconf 81' lang='lat' dir='ltr'>surrexit;</span> <span class='ocrx_word' id='word_1_439' title='bbox 3207 2878 3491 2939; x_wconf 89' lang='lat' dir='ltr'>similiter</span> <span class='ocrx_word' id='word_1_440' title='bbox 3551 2887 3961 2938; x_wconf 75' lang='lat' dir='ltr'>surrexerunt</span> <span class='ocrx_word' id='word_1_441' title='bbox 4022 2888 4084 2939; x_wconf 90' lang='lat' dir='ltr'>et</span> 
     </span>
    </p>
   </div>
   <div class='ocr_carea' id='block_1_68' title="bbox 2491 2978 4081 3057">
    <p class='ocr_par' dir='ltr' id='par_1_68' title="bbox 2491 2978 4081 3057">
     <span class='ocr_line' id='line_1_68' title="bbox 2491 2978 4081 3057; baseline 0.001 -20"><span class='ocrx_word' id='word_1_442' title='bbox 2491 2980 2609 3057; x_wconf 84' lang='lat' dir='ltr'>ipsi</span> <span class='ocrx_word' id='word_1_443' title='bbox 2641 2996 2817 3057; x_wconf 80' lang='lat' dir='ltr'>quaSI</span> <span class='ocrx_word' id='word_1_444' title='bbox 2852 2979 2929 3039; x_wconf 91' lang='lat' dir='ltr'>de</span> <span class='ocrx_word' id='word_1_445' title='bbox 2972 2978 3161 3055; x_wconf 89' lang='lat' dir='ltr'>longo</span> <span class='ocrx_word' id='word_1_446' title='bbox 3203 2996 3426 3038; x_wconf 91' lang='lat' dir='ltr'>somno</span> <span class='ocrx_word' id='word_1_447' title='bbox 3474 2978 3744 3038; x_wconf 77' lang='lat' dir='ltr'>excitati.</span> <span class='ocrx_word' id='word_1_448' title='bbox 3778 2979 3851 3038; x_wconf 87' lang='lat' dir='ltr'>Et</span> <span class='ocrx_word' id='word_1_449' title='bbox 3892 2995 4081 3039; x_wconf 87' lang='lat' dir='ltr'>acce-</span> 
     </span>
    </p>
   </div>
   <div class='ocr_carea' id='block_1_69' title="bbox 2492 3078 4083 3157">
    <p class='ocr_par' dir='ltr' id='par_1_69' title="bbox 2492 3078 4083 3157">
     <span class='ocr_line' id='line_1_69' title="bbox 2492 3078 4083 3157; baseline 0.002 -21"><span class='ocrx_word' id='word_1_450' title='bbox 2492 3078 2647 3138; x_wconf 85' lang='lat' dir='ltr'>dens</span> <span class='ocrx_word' id='word_1_451' title='bbox 2677 3079 2888 3138; x_wconf 88' lang='lat' dir='ltr'>scnior</span> <span class='ocrx_word' id='word_1_452' title='bbox 2915 3078 3103 3138; x_wconf 86' lang='lat' dir='ltr'>frater</span> <span class='ocrx_word' id='word_1_453' title='bbox 3131 3078 3207 3138; x_wconf 93' lang='lat' dir='ltr'>ad</span> <span class='ocrx_word' id='word_1_454' title='bbox 3236 3096 3451 3139; x_wconf 87' lang='lat' dir='ltr'>senem</span> <span class='ocrx_word' id='word_1_455' title='bbox 3481 3078 3635 3138; x_wconf 90' lang='lat' dir='ltr'>dixit</span> <span class='ocrx_word' id='word_1_456' title='bbox 3665 3095 3677 3137; x_wconf 91' lang='lat'><strong>:</strong></span> <span class='ocrx_word' id='word_1_457' title='bbox 3706 3078 3835 3151; x_wconf 85' lang='lat' dir='ltr'>Vis,</span> <span class='ocrx_word' id='word_1_458' title='bbox 3874 3088 4083 3157; x_wconf 84' lang='lat' dir='ltr'>pater,</span> 
     </span>
    </p>
   </div>
   <div class='ocr_carea' id='block_1_70' title="bbox 2491 3180 4087 3259">
    <p class='ocr_par' dir='ltr' id='par_1_70' title="bbox 2491 3180 4087 3259">
     <span class='ocr_line' id='line_1_70' title="bbox 2491 3180 4087 3259; baseline 0.001 -21"><span class='ocrx_word' id='word_1_459' title='bbox 2491 3180 2584 3239; x_wconf 90' lang='lat' dir='ltr'>vel</span> <span class='ocrx_word' id='word_1_460' title='bbox 2608 3180 2941 3241; x_wconf 91' lang='lat' dir='ltr'>duodecim</span> <span class='ocrx_word' id='word_1_461' title='bbox 2966 3181 3242 3259; x_wconf 91' lang='lat' dir='ltr'>psalmos</span> <span class='ocrx_word' id='word_1_462' title='bbox 3264 3198 3582 3241; x_wconf 91' lang='lat' dir='ltr'>canamus.</span> <span class='ocrx_word' id='word_1_463' title='bbox 3610 3182 3889 3259; x_wconf 89' lang='lat' dir='ltr'>Cumque</span> <span class='ocrx_word' id='word_1_464' title='bbox 3919 3182 4087 3259; x_wconf 86' lang='lat' dir='ltr'>psal-</span> 
     </span>
    </p>
   </div>
   <div class='ocr_carea' id='block_1_71' title="bbox 2493 3279 4089 3359">
    <p class='ocr_par' dir='ltr' id='par_1_71' title="bbox 2493 3279 4089 3359">
     <span class='ocr_line' id='line_1_71' title="bbox 2493 3279 4089 3359; baseline 0.001 -20"><span class='ocrx_word' id='word_1_465' title='bbox 2493 3279 2713 3353; x_wconf 86' lang='lat' dir='ltr'>lerent,</span> <span class='ocrx_word' id='word_1_466' title='bbox 2757 3280 2835 3341; x_wconf 89' lang='lat' dir='ltr'>de</span> <span class='ocrx_word' id='word_1_467' title='bbox 2884 3298 2993 3340; x_wconf 91' lang='lat' dir='ltr'>ore</span> <span class='ocrx_word' id='word_1_468' title='bbox 3046 3281 3309 3341; x_wconf 90' lang='lat' dir='ltr'>iunioris</span> <span class='ocrx_word' id='word_1_469' title='bbox 3358 3280 3563 3341; x_wconf 86' lang='lat' dir='ltr'>fratris</span> <span class='ocrx_word' id='word_1_470' title='bbox 3626 3300 3740 3359; x_wconf 85' lang='lat' dir='ltr'>per</span> <span class='ocrx_word' id='word_1_471' title='bbox 3798 3281 4089 3359; x_wconf 90' lang='lat' dir='ltr'>singulos</span> 
     </span>
    </p>
   </div>
   <div class='ocr_carea' id='block_1_72' title="bbox 2496 3382 4086 3459">
    <p class='ocr_par' dir='ltr' id='par_1_72' title="bbox 2496 3382 4086 3459">
     <span class='ocr_line' id='line_1_72' title="bbox 2496 3382 4086 3459; baseline 0.001 -18"><span class='ocrx_word' id='word_1_472' title='bbox 2496 3399 2708 3441; x_wconf 89' lang='lat' dir='ltr'>versus</span> <span class='ocrx_word' id='word_1_473' title='bbox 2726 3382 2827 3442; x_wconf 82' lang='lat' dir='ltr'>fax</span> <span class='ocrx_word' id='word_1_474' title='bbox 2850 3383 3009 3459; x_wconf 90' lang='lat' dir='ltr'>ignis</span> <span class='ocrx_word' id='word_1_475' title='bbox 3032 3400 3277 3459; x_wconf 89' lang='lat' dir='ltr'>egressa</span> <span class='ocrx_word' id='word_1_476' title='bbox 3299 3384 3676 3445; x_wconf 88' lang='lat' dir='ltr'>ascendebat</span> <span class='ocrx_word' id='word_1_477' title='bbox 3694 3384 3769 3444; x_wconf 92' lang='lat' dir='ltr'>ad</span> <span class='ocrx_word' id='word_1_478' title='bbox 3801 3385 4086 3446; x_wconf 91' lang='lat' dir='ltr'>coelum.</span> 
     </span>
    </p>
   </div>
   <div class='ocr_carea' id='block_1_73' title="bbox 2498 3485 4090 3564">
    <p class='ocr_par' dir='ltr' id='par_1_73' title="bbox 2498 3485 4090 3564">
     <span class='ocr_line' id='line_1_73' title="bbox 2498 3485 4090 3564; baseline 0.003 -22"><span class='ocrx_word' id='word_1_479' title='bbox 2498 3485 2650 3543; x_wconf 91' lang='lat' dir='ltr'>ltem</span> <span class='ocrx_word' id='word_1_480' title='bbox 2696 3492 2757 3543; x_wconf 92' lang='lat' dir='ltr'>et</span> <span class='ocrx_word' id='word_1_481' title='bbox 2810 3485 3009 3544; x_wconf 90' lang='lat' dir='ltr'>maior</span> <span class='ocrx_word' id='word_1_482' title='bbox 3064 3502 3207 3544; x_wconf 91' lang='lat' dir='ltr'>cum</span> <span class='ocrx_word' id='word_1_483' title='bbox 3265 3485 3647 3557; x_wconf 90' lang='lat' dir='ltr'>decantaret,</span> <span class='ocrx_word' id='word_1_484' title='bbox 3699 3488 3949 3564; x_wconf 92' lang='lat' dir='ltr'>quoties</span> <span class='ocrx_word' id='word_1_485' title='bbox 4012 3487 4090 3548; x_wconf 89' lang='lat' dir='ltr'>ad</span> 
     </span>
    </p>
   </div>
   <div class='ocr_carea' id='block_1_74' title="bbox 2501 3582 4092 3661">
    <p class='ocr_par' dir='ltr' id='par_1_74' title="bbox 2501 3582 4092 3661">
     <span class='ocr_line' id='line_1_74' title="bbox 2501 3582 4092 3661; baseline 0.004 -18"><span class='ocrx_word' id='word_1_486' title='bbox 2501 3582 2891 3661; x_wconf 88' lang='lat' dir='ltr'>psallendum</span> <span class='ocrx_word' id='word_1_487' title='bbox 2937 3583 3097 3644; x_wconf 91' lang='lat' dir='ltr'>labia</span> <span class='ocrx_word' id='word_1_488' title='bbox 3142 3584 3512 3657; x_wconf 90' lang='lat' dir='ltr'>deducebat,</span> <span class='ocrx_word' id='word_1_489' title='bbox 3554 3585 3723 3645; x_wconf 89' lang='lat' dir='ltr'>velut</span> <span class='ocrx_word' id='word_1_490' title='bbox 3766 3585 4092 3649; x_wconf 88' lang='lat' dir='ltr'>funiculus</span> 
     </span>
    </p>
   </div>
   <div class='ocr_carea' id='block_1_75' title="bbox 2502 3684 4089 3759">
    <p class='ocr_par' dir='ltr' id='par_1_75' title="bbox 2502 3684 4089 3759">
     <span class='ocr_line' id='line_1_75' title="bbox 2502 3684 4089 3759; baseline 0.005 -18"><span class='ocrx_word' id='word_1_491' title='bbox 2502 3684 2663 3759; x_wconf 89' lang='lat' dir='ltr'>ignis</span> <span class='ocrx_word' id='word_1_492' title='bbox 2693 3684 2770 3744; x_wconf 91' lang='lat' dir='ltr'>de</span> <span class='ocrx_word' id='word_1_493' title='bbox 2804 3700 2913 3744; x_wconf 90' lang='lat' dir='ltr'>ore</span> <span class='ocrx_word' id='word_1_494' title='bbox 2943 3685 3078 3745; x_wconf 94' lang='lat' dir='ltr'>eius</span> <span class='ocrx_word' id='word_1_495' title='bbox 3113 3684 3395 3745; x_wconf 91' lang='lat' dir='ltr'>similiter</span> <span class='ocrx_word' id='word_1_496' title='bbox 3421 3686 3796 3747; x_wconf 89' lang='lat' dir='ltr'>tendebatur</span> <span class='ocrx_word' id='word_1_497' title='bbox 3825 3687 3904 3747; x_wconf 90' lang='lat' dir='ltr'>ad</span> <span class='ocrx_word' id='word_1_498' title='bbox 3934 3706 4089 3749; x_wconf 92' lang='lat' dir='ltr'>coe-</span> 
     </span>
    </p>
   </div>
   <div class='ocr_carea' id='block_1_76' title="bbox 2504 3784 4089 3866">
    <p class='ocr_par' dir='ltr' id='par_1_76' title="bbox 2504 3784 4089 3866">
     <span class='ocr_line' id='line_1_76' title="bbox 2504 3784 4089 3866; baseline 0.004 -24"><span class='ocrx_word' id='word_1_499' title='bbox 2504 3784 2656 3844; x_wconf 92' lang='lat' dir='ltr'>lum.</span> <span class='ocrx_word' id='word_1_500' title='bbox 2676 3787 3009 3862; x_wconf 92' lang='lat' dir='ltr'>Postquam</span> <span class='ocrx_word' id='word_1_501' title='bbox 3028 3802 3173 3845; x_wconf 92' lang='lat' dir='ltr'>vero</span> <span class='ocrx_word' id='word_1_502' title='bbox 3193 3785 3601 3864; x_wconf 89' lang='lat' dir='ltr'>expleverunt</span> <span class='ocrx_word' id='word_1_503' title='bbox 3621 3789 3961 3849; x_wconf 90' lang='lat' dir='ltr'>matutinos</span> <span class='ocrx_word' id='word_1_504' title='bbox 3979 3788 4089 3866; x_wconf 88' lang='lat'>(5),</span> 
     </span>
    </p>
   </div>
   <div class='ocr_carea' id='block_1_77' title="bbox 2505 3884 4093 3966">
    <p class='ocr_par' dir='ltr' id='par_1_77' title="bbox 2505 3884 4093 3966">
     <span class='ocr_line' id='line_1_77' title="bbox 2505 3884 4093 3966; baseline 0.004 -23"><span class='ocrx_word' id='word_1_505' title='bbox 2505 3900 2791 3959; x_wconf 89' lang='lat' dir='ltr'>egressus</span> <span class='ocrx_word' id='word_1_506' title='bbox 2840 3884 3139 3945; x_wconf 87' lang='lat' dir='ltr'>Macarius</span> <span class='ocrx_word' id='word_1_507' title='bbox 3185 3886 3549 3947; x_wconf 90' lang='lat' dir='ltr'>obsecrabat</span> <span class='ocrx_word' id='word_1_508' title='bbox 3587 3903 3719 3959; x_wconf 92' lang='lat' dir='ltr'>eos,</span> <span class='ocrx_word' id='word_1_509' title='bbox 3754 3894 3819 3947; x_wconf 92' lang='lat' dir='ltr'>ut</span> <span class='ocrx_word' id='word_1_510' title='bbox 3861 3905 3981 3966; x_wconf 88' lang='lat' dir='ltr'>pro</span> <span class='ocrx_word' id='word_1_511' title='bbox 4024 3906 4093 3950; x_wconf 87' lang='lat' dir='ltr'>se</span> 
     </span>
    </p>
   </div>
   <div class='ocr_carea' id='block_1_78' title="bbox 2508 3983 4095 4059">
    <p class='ocr_par' dir='ltr' id='par_1_78' title="bbox 2508 3983 4095 4059">
     <span class='ocr_line' id='line_1_78' title="bbox 2508 3983 4095 4059; baseline 0.004 -17"><span class='ocrx_word' id='word_1_512' title='bbox 2508 4000 2685 4043; x_wconf 91' lang='lat' dir='ltr'>orare</span> <span class='ocrx_word' id='word_1_513' title='bbox 2723 3983 3157 4059; x_wconf 91' lang='lat' dir='ltr'>dignarentur;</span> <span class='ocrx_word' id='word_1_514' title='bbox 3194 3984 3285 4044; x_wconf 92' lang='lat' dir='ltr'>illi</span> <span class='ocrx_word' id='word_1_515' title='bbox 3322 4004 3469 4047; x_wconf 91' lang='lat' dir='ltr'>vero</span> <span class='ocrx_word' id='word_1_516' title='bbox 3518 3993 3792 4047; x_wconf 90' lang='lat' dir='ltr'>tacentes</span> <span class='ocrx_word' id='word_1_517' title='bbox 3830 3988 3907 4049; x_wconf 91' lang='lat' dir='ltr'>ad</span> <span class='ocrx_word' id='word_1_518' title='bbox 3953 3990 4095 4050; x_wconf 90' lang='lat' dir='ltr'>eius</span> 
     </span>
    </p>
   </div>
   <div class='ocr_carea' id='block_1_79' title="bbox 2510 4083 4095 4165">
    <p class='ocr_par' dir='ltr' id='par_1_79' title="bbox 2510 4083 4095 4165">
     <span class='ocr_line' id='line_1_79' title="bbox 2510 4083 4095 4165; baseline 0.004 -23"><span class='ocrx_word' id='word_1_519' title='bbox 2510 4083 2705 4161; x_wconf 92' lang='lat' dir='ltr'>pedes</span> <span class='ocrx_word' id='word_1_520' title='bbox 2731 4090 2874 4143; x_wconf 89' lang='lat' dir='ltr'>sunt</span> <span class='ocrx_word' id='word_1_521' title='bbox 2895 4085 3228 4163; x_wconf 82' lang='lat' dir='ltr'>provoluti,</span> <span class='ocrx_word' id='word_1_522' title='bbox 3250 4087 3492 4165; x_wconf 87' lang='lat' dir='ltr'>seipsos</span> <span class='ocrx_word' id='word_1_523' title='bbox 3513 4089 3899 4149; x_wconf 89' lang='lat' dir='ltr'>orationibus</span> <span class='ocrx_word' id='word_1_524' title='bbox 3921 4088 4095 4151; x_wconf 90' lang='lat' dir='ltr'>illius</span> 
     </span>
    </p>
   </div>
   <div class='ocr_carea' id='block_1_80' title="bbox 2512 4185 4092 4267">
    <p class='ocr_par' dir='ltr' id='par_1_80' title="bbox 2512 4185 4092 4267">
     <span class='ocr_line' id='line_1_80' title="bbox 2512 4185 4092 4267; baseline 0.006 -25"><span class='ocrx_word' id='word_1_525' title='bbox 2512 4185 3040 4246; x_wconf 90' lang='lat' dir='ltr'>commendantes.</span> <span class='ocrx_word' id='word_1_526' title='bbox 3072 4186 3143 4245; x_wconf 92' lang='lat' dir='ltr'>Et</span> <span class='ocrx_word' id='word_1_527' title='bbox 3197 4188 3487 4263; x_wconf 87' lang='lat' dir='ltr'>cognovit</span> <span class='ocrx_word' id='word_1_528' title='bbox 3542 4191 4092 4267; x_wconf 86' lang='lat' dir='ltr'>senex,quoniam</span> 
     </span>
    </p>
   </div>
   <div class='ocr_carea' id='block_1_81' title="bbox 2513 4281 4095 4365">
    <p class='ocr_par' dir='ltr' id='par_1_81' title="bbox 2513 4281 4095 4365">
     <span class='ocr_line' id='line_1_81' title="bbox 2513 4281 4095 4365; baseline 0.005 -25"><span class='ocrx_word' id='word_1_529' title='bbox 2513 4281 2711 4341; x_wconf 90' lang='lat' dir='ltr'>maior</span> <span class='ocrx_word' id='word_1_530' title='bbox 2748 4282 3002 4360; x_wconf 89' lang='lat' dir='ltr'>quidem</span> <span class='ocrx_word' id='word_1_531' title='bbox 3041 4290 3203 4343; x_wconf 91' lang='lat' dir='ltr'>esset</span> <span class='ocrx_word' id='word_1_532' title='bbox 3230 4284 3295 4343; x_wconf 93' lang='lat' dir='ltr'>in</span> <span class='ocrx_word' id='word_1_533' title='bbox 3331 4285 3553 4345; x_wconf 92' lang='lat' dir='ltr'>timore</span> <span class='ocrx_word' id='word_1_534' title='bbox 3593 4286 3701 4346; x_wconf 81' lang='lat' dir='ltr'>Dei</span> <span class='ocrx_word' id='word_1_535' title='bbox 3743 4286 4095 4365; x_wconf 86' lang='lat' dir='ltr'>perfectus,</span> 
     </span>
    </p>
   </div>
   <div class='ocr_carea' id='block_1_82' title="bbox 2516 4381 4093 4464">
    <p class='ocr_par' dir='ltr' id='par_1_82' title="bbox 2516 4381 4093 4464">
     <span class='ocr_line' id='line_1_82' title="bbox 2516 4381 4093 4464; baseline 0.006 -25"><span class='ocrx_word' id='word_1_536' title='bbox 2516 4381 2821 4441; x_wconf 90' lang='lat' dir='ltr'>minorem</span> <span class='ocrx_word' id='word_1_537' title='bbox 2853 4400 2999 4443; x_wconf 93' lang='lat' dir='ltr'>vero</span> <span class='ocrx_word' id='word_1_538' title='bbox 3028 4384 3231 4445; x_wconf 89' lang='lat' dir='ltr'>adhuc</span> <span class='ocrx_word' id='word_1_539' title='bbox 3254 4386 3594 4447; x_wconf 87' lang='lat' dir='ltr'>daemones</span> <span class='ocrx_word' id='word_1_540' title='bbox 3622 4386 4093 4464; x_wconf 88' lang='lat' dir='ltr'>impugnarent.</span> 
     </span>
    </p>
   </div>
   <div class='ocr_carea' id='block_1_83' title="bbox 830 4468 4098 4564">
    <p class='ocr_par' dir='ltr' id='par_1_83' title="bbox 830 4468 4098 4564">
     <span class='ocr_line' id='line_1_83' title="bbox 830 4468 4098 4564; baseline 0.002 -37"><span class='ocrx_word' id='word_1_541' title='bbox 830 4486 1004 4529; x_wconf 92' lang='lat' dir='ltr'>more</span> <span class='ocrx_word' id='word_1_542' title='bbox 1034 4470 1315 4529; x_wconf 81' lang='lat' dir='ltr'>oratione</span> <span class='ocrx_word' id='word_1_543' title='bbox 1358 4468 1799 4541; x_wconf 84' lang='lat' dir='ltr'>consederunt,</span> <span class='ocrx_word' id='word_1_544' title='bbox 1834 4469 1938 4529; x_wconf 91' lang='lat' dir='ltr'>ille</span> <span class='ocrx_word' id='word_1_545' title='bbox 1980 4470 2177 4530; x_wconf 91' lang='lat' dir='ltr'>maior</span> <span class='ocrx_word' id='word_1_546' title='bbox 2212 4472 2414 4531; x_wconf 91' lang='lat' dir='ltr'>innuit</span> <span class='ocrx_word' id='word_1_547' title='bbox 2444 4492 2491 4550; x_wconf 83' lang='grc' dir='ltr'>ι)</span> <span class='ocrx_word' id='word_1_548' title='bbox 2516 4481 2663 4540; x_wconf 77' lang='lat' dir='ltr'>Post</span> <span class='ocrx_word' id='word_1_549' title='bbox 2703 4497 2939 4558; x_wconf 72' lang='lat' dir='ltr'>paucos</span> <span class='ocrx_word' id='word_1_550' title='bbox 2979 4499 3125 4542; x_wconf 75' lang='lat' dir='ltr'>vero</span> <span class='ocrx_word' id='word_1_551' title='bbox 3166 4484 3299 4544; x_wconf 77' lang='lat' dir='ltr'>dies</span> <span class='ocrx_word' id='word_1_552' title='bbox 3342 4485 3540 4545; x_wconf 69' lang='lat' dir='ltr'>maior</span> <span class='ocrx_word' id='word_1_553' title='bbox 3580 4482 3767 4544; x_wconf 66' lang='lat' dir='ltr'>frater</span> <span class='ocrx_word' id='word_1_554' title='bbox 3798 4493 4098 4564; x_wconf 63' lang='lat' dir='ltr'>receptus</span> 
     </span>
    </p>
   </div>
   <div class='ocr_carea' id='block_1_84' title="bbox 831 4567 2414 4646">
    <p class='ocr_par' dir='ltr' id='par_1_84' title="bbox 831 4567 2414 4646">
     <span class='ocr_line' id='line_1_84' title="bbox 831 4567 2414 4646; baseline 0.003 -18"><span class='ocrx_word' id='word_1_555' title='bbox 831 4570 1081 4641; x_wconf 92' lang='lat' dir='ltr'>minori,</span> <span class='ocrx_word' id='word_1_556' title='bbox 1102 4576 1162 4628; x_wconf 90' lang='lat' dir='ltr'>et</span> <span class='ocrx_word' id='word_1_557' title='bbox 1192 4585 1477 4645; x_wconf 89' lang='lat' dir='ltr'>egressus</span> <span class='ocrx_word' id='word_1_558' title='bbox 1509 4574 1600 4627; x_wconf 86' lang='lat' dir='ltr'>est</span> <span class='ocrx_word' id='word_1_559' title='bbox 1623 4567 1811 4628; x_wconf 84' lang='lat' dir='ltr'>foras.</span> <span class='ocrx_word' id='word_1_560' title='bbox 1836 4570 1975 4646; x_wconf 91' lang='lat' dir='ltr'>Ipse</span> <span class='ocrx_word' id='word_1_561' title='bbox 2005 4577 2212 4629; x_wconf 91' lang='lat' dir='ltr'>autem</span> <span class='ocrx_word' id='word_1_562' title='bbox 2240 4572 2414 4631; x_wconf 91' lang='lat' dir='ltr'>sede-</span> 
     </span>
    </p>
   </div>
   <div class='ocr_carea' id='block_1_85' title="bbox 832 4664 2420 4745">
    <p class='ocr_par' dir='ltr' id='par_1_85' title="bbox 832 4664 2420 4745">
     <span class='ocr_line' id='line_1_85' title="bbox 832 4664 2420 4745; baseline 0.001 -19"><span class='ocrx_word' id='word_1_563' title='bbox 832 4668 933 4727; x_wconf 86' lang='lat' dir='ltr'>bat</span> <span class='ocrx_word' id='word_1_564' title='bbox 954 4674 1256 4745; x_wconf 86' lang='lat' dir='ltr'>torquens</span> <span class='ocrx_word' id='word_1_565' title='bbox 1278 4665 1647 4737; x_wconf 87' lang='lat' dir='ltr'>funiculum,</span> <span class='ocrx_word' id='word_1_566' title='bbox 1664 4664 1817 4725; x_wconf 89' lang='lat' dir='ltr'>nihil</span> <span class='ocrx_word' id='word_1_567' title='bbox 1843 4664 2109 4743; x_wconf 91' lang='lat' dir='ltr'>loquens</span> <span class='ocrx_word' id='word_1_568' title='bbox 2129 4668 2420 4728; x_wconf 60' lang='lat' dir='ltr'>omnino:</span> 
     </span>
    </p>
   </div>
   <div class='ocr_carea' id='block_1_86' title="bbox 830 4764 2409 4844">
    <p class='ocr_par' dir='ltr' id='par_1_86' title="bbox 830 4764 2409 4844">
     <span class='ocr_line' id='line_1_86' title="bbox 830 4764 2409 4844; baseline 0.003 -20"><span class='ocrx_word' id='word_1_569' title='bbox 830 4768 997 4825; x_wconf 84' lang='lat' dir='ltr'>Hora</span> <span class='ocrx_word' id='word_1_570' title='bbox 1028 4782 1175 4827; x_wconf 91' lang='lat' dir='ltr'>vero</span> <span class='ocrx_word' id='word_1_571' title='bbox 1214 4782 1381 4825; x_wconf 91' lang='lat' dir='ltr'>nona</span> <span class='ocrx_word' id='word_1_572' title='bbox 1420 4765 1687 4844; x_wconf 89' lang='lat' dir='ltr'>pulsavit</span> <span class='ocrx_word' id='word_1_573' title='bbox 1712 4764 1939 4826; x_wconf 90' lang='lat' dir='ltr'>ostium</span> <span class='ocrx_word' id='word_1_574' title='bbox 1961 4764 2151 4827; x_wconf 86' lang='lat' dir='ltr'>frater</span> <span class='ocrx_word' id='word_1_575' title='bbox 2179 4767 2409 4841; x_wconf 90' lang='lat' dir='ltr'>iunior,</span> 
     </span>
    </p>
   </div>
   <div class='ocr_carea' id='block_1_87' title="bbox 834 4865 2403 4944">
    <p class='ocr_par' dir='ltr' id='par_1_87' title="bbox 834 4865 2403 4944">
     <span class='ocr_line' id='line_1_87' title="bbox 834 4865 2403 4944; baseline 0.004 -21"><span class='ocrx_word' id='word_1_576' title='bbox 834 4873 895 4925; x_wconf 90' lang='lat' dir='ltr'>et</span> <span class='ocrx_word' id='word_1_577' title='bbox 936 4867 1252 4942; x_wconf 90' lang='lat' dir='ltr'>ingressus</span> <span class='ocrx_word' id='word_1_578' title='bbox 1292 4872 1383 4924; x_wconf 89' lang='lat' dir='ltr'>est</span> <span class='ocrx_word' id='word_1_579' title='bbox 1421 4882 1565 4925; x_wconf 89' lang='lat' dir='ltr'>cum</span> <span class='ocrx_word' id='word_1_580' title='bbox 1608 4865 1772 4937; x_wconf 89' lang='lat' dir='ltr'>cibo,</span> <span class='ocrx_word' id='word_1_581' title='bbox 1806 4882 1931 4944; x_wconf 91' lang='lat' dir='ltr'>quo</span> <span class='ocrx_word' id='word_1_582' title='bbox 1975 4866 2403 4931; x_wconf 84' lang='lat' dir='ltr'>reﬁcerentur.</span> 
     </span>
    </p>
   </div>
   <div class='ocr_carea' id='block_1_88' title="bbox 834 4963 2406 5043">
    <p class='ocr_par' dir='ltr' id='par_1_88' title="bbox 834 4963 2406 5043">
     <span class='ocr_line' id='line_1_88' title="bbox 834 4963 2406 5043; baseline 0.004 -21"><span class='ocrx_word' id='word_1_583' title='bbox 834 4963 1067 5023; x_wconf 88' lang='lat' dir='ltr'>Eodem</span> <span class='ocrx_word' id='word_1_584' title='bbox 1097 4969 1251 5023; x_wconf 89' lang='lat' dir='ltr'>nutu</span> <span class='ocrx_word' id='word_1_585' title='bbox 1282 4964 1485 5023; x_wconf 89' lang='lat' dir='ltr'>iussus</span> <span class='ocrx_word' id='word_1_586' title='bbox 1524 4964 1873 5024; x_wconf 92' lang='lat' dir='ltr'>mensulam</span> <span class='ocrx_word' id='word_1_587' title='bbox 1914 4966 2233 5043; x_wconf 90' lang='lat' dir='ltr'>parvulam</span> <span class='ocrx_word' id='word_1_588' title='bbox 2266 4988 2406 5029; x_wconf 90' lang='lat' dir='ltr'>cum</span> 
     </span>
    </p>
   </div>
   <div class='ocr_carea' id='block_1_89' title="bbox 912 5172 1597 5242">
    <p class='ocr_par' dir='ltr' id='par_1_89' title="bbox 912 5172 1597 5242">
     <span class='ocr_line' id='line_1_89' title="bbox 912 5172 1597 5242; baseline -0.001 -16"><span class='ocrx_word' id='word_1_589' title='bbox 912 5176 987 5242; x_wconf 82' lang='grc' dir='ltr'><strong>(ι)</strong></span> <span class='ocrx_word' id='word_1_590' title='bbox 1023 5173 1161 5227; x_wconf 87' lang='lat' dir='ltr'>Ibid.</span> <span class='ocrx_word' id='word_1_591' title='bbox 1201 5172 1597 5242; x_wconf 64' lang='grc' dir='ltr'>ι).549ςΧ1..Ι.</span> 
     </span>
    </p>
   </div>
   <div class='ocr_carea' id='block_1_90' title="bbox 914 5264 1818 5334">
    <p class='ocr_par' dir='ltr' id='par_1_90' title="bbox 914 5264 1818 5334">
     <span class='ocr_line' id='line_1_90' title="bbox 914 5264 1818 5334; baseline 0.002 -16"><span class='ocrx_word' id='word_1_592' title='bbox 914 5266 990 5334; x_wconf 80' lang='lat'>(2)</span> <span class='ocrx_word' id='word_1_593' title='bbox 1009 5264 1143 5319; x_wconf 91' lang='lat' dir='ltr'>Ibid.</span> <span class='ocrx_word' id='word_1_594' title='bbox 1182 5281 1235 5333; x_wconf 89' lang='lat' dir='ltr'>p.</span> <span class='ocrx_word' id='word_1_595' title='bbox 1273 5265 1377 5319; x_wconf 72' lang='lat'>400</span> <span class='ocrx_word' id='word_1_596' title='bbox 1405 5280 1487 5333; x_wconf 88' lang='lat' dir='ltr'>sq.</span> <span class='ocrx_word' id='word_1_597' title='bbox 1522 5282 1565 5319; x_wconf 94' lang='lat' dir='ltr'>s.</span> <span class='ocrx_word' id='word_1_598' title='bbox 1607 5282 1657 5316; x_wconf 70' lang='grc' dir='ltr'>ν.</span> <span class='ocrx_word' id='word_1_599' title='bbox 1702 5269 1818 5319; x_wconf 74' lang='lat' dir='ltr'>Ain.</span> 
     </span>
    </p>
   </div>
   <div class='ocr_carea' id='block_1_91' title="bbox 913 5353 2408 5425">
    <p class='ocr_par' dir='ltr' id='par_1_91' title="bbox 913 5353 2408 5425">
     <span class='ocr_line' id='line_1_91' title="bbox 913 5353 2408 5425; baseline 0 -18"><span class='ocrx_word' id='word_1_600' title='bbox 913 5354 990 5423; x_wconf 78' lang='grc' dir='ltr'>(ὅ)</span> <span class='ocrx_word' id='word_1_601' title='bbox 1023 5354 1095 5407; x_wconf 91' lang='lat' dir='ltr'>De</span> <span class='ocrx_word' id='word_1_602' title='bbox 1125 5353 1289 5408; x_wconf 87' lang='lat' dir='ltr'>Esaia</span> <span class='ocrx_word' id='word_1_603' title='bbox 1314 5356 1505 5408; x_wconf 86' lang='lat' dir='ltr'>abbate</span> <span class='ocrx_word' id='word_1_604' title='bbox 1528 5354 1601 5407; x_wconf 82' lang='lat' dir='ltr'>cf.</span> <span class='ocrx_word' id='word_1_605' title='bbox 1628 5354 1739 5407; x_wconf 83' lang='lat' dir='ltr'>VV.</span> <span class='ocrx_word' id='word_1_606' title='bbox 1769 5355 1870 5408; x_wconf 87' lang='lat' dir='ltr'>PP.</span> <span class='ocrx_word' id='word_1_607' title='bbox 1899 5354 2077 5409; x_wconf 84' lang='lat' dir='ltr'>Rosw.</span> <span class='ocrx_word' id='word_1_608' title='bbox 2104 5356 2196 5408; x_wconf 88' lang='lat' dir='ltr'>lib.</span> <span class='ocrx_word' id='word_1_609' title='bbox 2221 5356 2262 5407; x_wconf 90' lang='lat' dir='ltr'>ll</span> <span class='ocrx_word' id='word_1_610' title='bbox 2292 5372 2408 5425; x_wconf 83' lang='lat' dir='ltr'>cap.</span> 
     </span>
    </p>
   </div>
   <div class='ocr_carea' id='block_1_92' title="bbox 842 5445 2405 5515">
    <p class='ocr_par' dir='ltr' id='par_1_92' title="bbox 842 5445 2405 5515">
     <span class='ocr_line' id='line_1_92' title="bbox 842 5445 2405 5515; baseline -0.001 -16"><span class='ocrx_word' id='word_1_611' title='bbox 842 5445 909 5501; x_wconf 79' lang='grc'>10</span> <span class='ocrx_word' id='word_1_612' title='bbox 943 5462 997 5515; x_wconf 92' lang='lat' dir='ltr'>p.</span> <span class='ocrx_word' id='word_1_613' title='bbox 1032 5445 1155 5507; x_wconf 78' lang='grc'>469,</span> <span class='ocrx_word' id='word_1_614' title='bbox 1182 5450 1236 5499; x_wconf 80' lang='lat'>‘2.</span> <span class='ocrx_word' id='word_1_615' title='bbox 1285 5445 1423 5499; x_wconf 86' lang='lat' dir='ltr'>IIist.</span> <span class='ocrx_word' id='word_1_616' title='bbox 1470 5446 1632 5500; x_wconf 90' lang='lat' dir='ltr'>Laus.</span> <span class='ocrx_word' id='word_1_617' title='bbox 1684 5447 1748 5501; x_wconf 85' lang='lat' dir='ltr'>ed</span> <span class='ocrx_word' id='word_1_618' title='bbox 1796 5446 1997 5499; x_wconf 83' lang='lat' dir='ltr'>Meurs.</span> <span class='ocrx_word' id='word_1_619' title='bbox 2026 5461 2145 5514; x_wconf 87' lang='lat' dir='ltr'>cap.</span> <span class='ocrx_word' id='word_1_620' title='bbox 2174 5447 2237 5499; x_wconf 83' lang='lat'>57</span> <span class='ocrx_word' id='word_1_621' title='bbox 2271 5446 2405 5515; x_wconf 86' lang='lat' dir='ltr'>Opp.</span> 
     </span>
    </p>
   </div>
   <div class='ocr_carea' id='block_1_93' title="bbox 846 5538 2412 5609">
    <p class='ocr_par' dir='ltr' id='par_1_93' title="bbox 846 5538 2412 5609">
     <span class='ocr_line' id='line_1_93' title="bbox 846 5538 2412 5609; baseline 0.004 -18"><span class='ocrx_word' id='word_1_622' title='bbox 846 5540 1047 5593; x_wconf 80' lang='lat' dir='ltr'>Meurs.</span> <span class='ocrx_word' id='word_1_623' title='bbox 1066 5540 1102 5591; x_wconf 92' lang='lat' dir='ltr'>l.</span> <span class='ocrx_word' id='word_1_624' title='bbox 1131 5540 1167 5593; x_wconf 93' lang='lat' dir='ltr'>l.</span> <span class='ocrx_word' id='word_1_625' title='bbox 1195 5556 1247 5608; x_wconf 89' lang='lat' dir='ltr'>p.</span> <span class='ocrx_word' id='word_1_626' title='bbox 1266 5540 1387 5592; x_wconf 80' lang='lat' dir='ltr'>5I5.</span> <span class='ocrx_word' id='word_1_627' title='bbox 1424 5538 1688 5609; x_wconf 84' lang='lat' dir='ltr'>(Genuina</span> <span class='ocrx_word' id='word_1_628' title='bbox 1714 5555 1853 5601; x_wconf 77' lang='lat' dir='ltr'>esse,</span> <span class='ocrx_word' id='word_1_629' title='bbox 1876 5555 2015 5608; x_wconf 86' lang='lat' dir='ltr'>quae</span> <span class='ocrx_word' id='word_1_630' title='bbox 2036 5540 2105 5592; x_wconf 89' lang='lat' dir='ltr'>ibi</span> <span class='ocrx_word' id='word_1_631' title='bbox 2134 5541 2412 5609; x_wconf 81' lang='lat' dir='ltr'>leguntur.</span> 
     </span>
    </p>
   </div>
   <div class='ocr_carea' id='block_1_94' title="bbox 846 5631 2414 5700">
    <p class='ocr_par' dir='ltr' id='par_1_94' title="bbox 846 5631 2414 5700">
     <span class='ocr_line' id='line_1_94' title="bbox 846 5631 2414 5700; baseline 0.001 -15"><span class='ocrx_word' id='word_1_632' title='bbox 846 5634 1041 5687; x_wconf 84' lang='lat' dir='ltr'>docent</span> <span class='ocrx_word' id='word_1_633' title='bbox 1088 5632 1247 5686; x_wconf 88' lang='lat' dir='ltr'>codd.</span> <span class='ocrx_word' id='word_1_634' title='bbox 1286 5631 1591 5686; x_wconf 83' lang='lat' dir='ltr'>Vindobon.</span> <span class='ocrx_word' id='word_1_635' title='bbox 1631 5648 1766 5699; x_wconf 82' lang='lat' dir='ltr'>quos</span> <span class='ocrx_word' id='word_1_636' title='bbox 1810 5648 1861 5700; x_wconf 89' lang='lat' dir='ltr'>p.</span> <span class='ocrx_word' id='word_1_637' title='bbox 1898 5633 1964 5684; x_wconf 77' lang='grc' dir='ltr'>Η</span> <span class='ocrx_word' id='word_1_638' title='bbox 1997 5633 2414 5696; x_wconf 83' lang='lat' dir='ltr'>recensuimus.)</span> 
     </span>
    </p>
   </div>
   <div class='ocr_carea' id='block_1_95' title="bbox 851 5720 2413 5792">
    <p class='ocr_par' dir='ltr' id='par_1_95' title="bbox 851 5720 2413 5792">
     <span class='ocr_line' id='line_1_95' title="bbox 851 5720 2413 5792; baseline 0.002 -20"><span class='ocrx_word' id='word_1_639' title='bbox 851 5720 1065 5778; x_wconf 67' lang='lat' dir='ltr'>Sozam.</span> <span class='ocrx_word' id='word_1_640' title='bbox 1112 5723 1251 5775; x_wconf 90' lang='lat' dir='ltr'>Hist.</span> <span class='ocrx_word' id='word_1_641' title='bbox 1306 5723 1446 5775; x_wconf 66' lang='lat' dir='ltr'>liccl.</span> <span class='ocrx_word' id='word_1_642' title='bbox 1496 5724 1586 5775; x_wconf 88' lang='lat' dir='ltr'>lib.</span> <span class='ocrx_word' id='word_1_643' title='bbox 1631 5721 1692 5773; x_wconf 83' lang='grc' dir='ltr'>ιιι</span> <span class='ocrx_word' id='word_1_644' title='bbox 1736 5738 1853 5790; x_wconf 81' lang='lat' dir='ltr'>cap.</span> <span class='ocrx_word' id='word_1_645' title='bbox 1903 5722 1968 5774; x_wconf 72' lang='grc' dir='ltr'>Μ</span> <span class='ocrx_word' id='word_1_646' title='bbox 2006 5723 2090 5775; x_wconf 86' lang='lat' dir='ltr'>ed.</span> <span class='ocrx_word' id='word_1_647' title='bbox 2128 5724 2161 5775; x_wconf 92' lang='grc' dir='ltr'>Ι.</span> <span class='ocrx_word' id='word_1_648' title='bbox 2208 5740 2259 5792; x_wconf 89' lang='lat' dir='ltr'>p.</span> <span class='ocrx_word' id='word_1_649' title='bbox 2295 5724 2413 5775; x_wconf 79' lang='lat' dir='ltr'>5l8.</span> 
     </span>
    </p>
   </div>
   <div class='ocr_carea' id='block_1_96' title="bbox 846 5813 2394 5881">
    <p class='ocr_par' dir='ltr' id='par_1_96' title="bbox 846 5813 2394 5881">
     <span class='ocr_line' id='line_1_96' title="bbox 846 5813 2394 5881; baseline 0.001 -15"><span class='ocrx_word' id='word_1_650' title='bbox 846 5814 1082 5869; x_wconf 81' lang='lat' dir='ltr'>Coteler.</span> <span class='ocrx_word' id='word_1_651' title='bbox 1116 5814 1263 5867; x_wconf 84' lang='lat' dir='ltr'>Eccl.</span> <span class='ocrx_word' id='word_1_652' title='bbox 1294 5813 1485 5867; x_wconf 80' lang='lat' dir='ltr'>Graec.</span> <span class='ocrx_word' id='word_1_653' title='bbox 1520 5814 1660 5867; x_wconf 76' lang='lat' dir='ltr'>Mori.</span> <span class='ocrx_word' id='word_1_654' title='bbox 1694 5813 1753 5865; x_wconf 89' lang='lat' dir='ltr'>T.</span> <span class='ocrx_word' id='word_1_655' title='bbox 1784 5814 1798 5865; x_wconf 99' lang='lat' dir='ltr'>I</span> <span class='ocrx_word' id='word_1_656' title='bbox 1827 5831 1873 5881; x_wconf 87' lang='lat' dir='ltr'>p.</span> <span class='ocrx_word' id='word_1_657' title='bbox 1912 5814 2013 5866; x_wconf 70' lang='lat' dir='ltr'>M3</span> <span class='ocrx_word' id='word_1_658' title='bbox 2056 5829 2100 5867; x_wconf 91' lang='lat' dir='ltr'>s.</span> <span class='ocrx_word' id='word_1_659' title='bbox 2130 5832 2179 5867; x_wconf 85' lang='grc' dir='ltr'>ν.</span> <span class='ocrx_word' id='word_1_660' title='bbox 2215 5814 2394 5867; x_wconf 77' lang='lat' dir='ltr'>Esaia.</span> 
     </span>
    </p>
   </div>
   <div class='ocr_carea' id='block_1_97' title="bbox 2520 4578 4098 4658">
    <p class='ocr_par' dir='ltr' id='par_1_97' title="bbox 2520 4578 4098 4658">
     <span class='ocr_line' id='line_1_97' title="bbox 2520 4578 4098 4658; baseline 0.004 -19"><span class='ocrx_word' id='word_1_661' title='bbox 2520 4584 2614 4639; x_wconf 90' lang='lat' dir='ltr'>est</span> <span class='ocrx_word' id='word_1_662' title='bbox 2647 4578 2713 4640; x_wconf 93' lang='lat' dir='ltr'>in</span> <span class='ocrx_word' id='word_1_663' title='bbox 2754 4596 2940 4658; x_wconf 92' lang='lat' dir='ltr'>pace;</span> <span class='ocrx_word' id='word_1_664' title='bbox 2981 4581 3165 4641; x_wconf 90' lang='lat' dir='ltr'>tertio</span> <span class='ocrx_word' id='word_1_665' title='bbox 3205 4582 3304 4643; x_wconf 92' lang='lat' dir='ltr'>die</span> <span class='ocrx_word' id='word_1_666' title='bbox 3344 4584 3529 4644; x_wconf 91' lang='lat' dir='ltr'>etiam</span> <span class='ocrx_word' id='word_1_667' title='bbox 3576 4584 3783 4645; x_wconf 90' lang='lat' dir='ltr'>minor</span> <span class='ocrx_word' id='word_1_668' title='bbox 3818 4591 3913 4644; x_wconf 80' lang='lat' dir='ltr'>est</span> <span class='ocrx_word' id='word_1_669' title='bbox 3948 4602 4098 4646; x_wconf 87' lang='lat' dir='ltr'>eum</span> 
     </span>
    </p>
   </div>
   <div class='ocr_carea' id='block_1_98' title="bbox 2520 4679 4098 4762">
    <p class='ocr_par' dir='ltr' id='par_1_98' title="bbox 2520 4679 4098 4762">
     <span class='ocr_line' id='line_1_98' title="bbox 2520 4679 4098 4762; baseline 0.006 -25"><span class='ocrx_word' id='word_1_670' title='bbox 2520 4679 2850 4740; x_wconf 91' lang='lat' dir='ltr'>adsecutus</span> <span class='ocrx_word' id='word_1_671' title='bbox 2888 4679 2993 4758; x_wconf 87' lang='lat'>(6).</span> <span class='ocrx_word' id='word_1_672' title='bbox 3026 4704 3054 4736; x_wconf 69' lang='lat' dir='ltr'><strong>n</strong></span> <span class='ocrx_word' id='word_1_673' title='bbox 3091 4681 3262 4742; x_wconf 91' lang='lat' dir='ltr'>Idem</span> <span class='ocrx_word' id='word_1_674' title='bbox 3310 4682 3565 4744; x_wconf 91' lang='lat' dir='ltr'>uberius</span> <span class='ocrx_word' id='word_1_675' title='bbox 3607 4684 3742 4762; x_wconf 91' lang='lat' dir='ltr'>ipse</span> <span class='ocrx_word' id='word_1_676' title='bbox 3789 4686 4098 4746; x_wconf 88' lang='lat' dir='ltr'>Macarius</span> 
     </span>
    </p>
   </div>
   <div class='ocr_carea' id='block_1_99' title="bbox 2522 4780 4093 4865">
    <p class='ocr_par' dir='ltr' id='par_1_99' title="bbox 2522 4780 4093 4865">
     <span class='ocr_line' id='line_1_99' title="bbox 2522 4780 4093 4865; baseline 0.006 -28"><span class='ocrx_word' id='word_1_677' title='bbox 2522 4796 2803 4839; x_wconf 91' lang='lat' dir='ltr'>narrasse</span> <span class='ocrx_word' id='word_1_678' title='bbox 2832 4780 3090 4839; x_wconf 92' lang='lat' dir='ltr'>traditur</span> <span class='ocrx_word' id='word_1_679' title='bbox 3121 4782 3182 4840; x_wconf 89' lang='lat' dir='ltr'>in</span> <span class='ocrx_word' id='word_1_680' title='bbox 3214 4782 3372 4843; x_wconf 92' lang='lat' dir='ltr'>libro</span> <span class='ocrx_word' id='word_1_681' title='bbox 3404 4791 3579 4844; x_wconf 85' lang='lat' dir='ltr'>sexto</span> <span class='ocrx_word' id='word_1_682' title='bbox 3604 4784 3685 4865; x_wconf 91' lang='lat'>(7)</span> <span class='ocrx_word' id='word_1_683' title='bbox 3721 4792 3781 4845; x_wconf 94' lang='lat' dir='ltr'>et</span> <span class='ocrx_word' id='word_1_684' title='bbox 3815 4786 3881 4845; x_wconf 92' lang='lat' dir='ltr'>in</span> <span class='ocrx_word' id='word_1_685' title='bbox 3920 4789 4093 4865; x_wconf 85' lang='lat' dir='ltr'>Apo-</span> 
     </span>
    </p>
   </div>
   <div class='ocr_carea' id='block_1_100' title="bbox 2516 4874 4097 4961">
    <p class='ocr_par' dir='ltr' id='par_1_100' title="bbox 2516 4874 4097 4961">
     <span class='ocr_line' id='line_1_100' title="bbox 2516 4874 4097 4961; baseline 0.006 -27"><span class='ocrx_word' id='word_1_686' title='bbox 2516 4874 2935 4952; x_wconf 89' lang='lat' dir='ltr'>phthegmatis</span> <span class='ocrx_word' id='word_1_687' title='bbox 2956 4894 2989 4937; x_wconf 96' lang='lat' dir='ltr'>a</span> <span class='ocrx_word' id='word_1_688' title='bbox 3014 4878 3317 4941; x_wconf 91' lang='lat' dir='ltr'>Cotelerio</span> <span class='ocrx_word' id='word_1_689' title='bbox 3352 4881 3607 4959; x_wconf 89' lang='lat' dir='ltr'>prolatis</span> <span class='ocrx_word' id='word_1_690' title='bbox 3624 4880 3729 4961; x_wconf 91' lang='lat'>(8);</span> <span class='ocrx_word' id='word_1_691' title='bbox 3754 4882 4097 4961; x_wconf 88' lang='lat' dir='ltr'>utrobique</span> 
     </span>
    </p>
   </div>
   <div class='ocr_carea' id='block_1_101' title="bbox 2518 4974 4094 5054">
    <p class='ocr_par' dir='ltr' id='par_1_101' title="bbox 2518 4974 4094 5054">
     <span class='ocr_line' id='line_1_101' title="bbox 2518 4974 4094 5054; baseline 0.008 -22"><span class='ocrx_word' id='word_1_692' title='bbox 2518 4974 2684 5033; x_wconf 90' lang='lat' dir='ltr'>enim</span> <span class='ocrx_word' id='word_1_693' title='bbox 2716 4974 2810 5033; x_wconf 89' lang='lat' dir='ltr'>his</span> <span class='ocrx_word' id='word_1_694' title='bbox 2839 4976 3057 5054; x_wconf 92' lang='lat' dir='ltr'>incipit</span> <span class='ocrx_word' id='word_1_695' title='bbox 3086 4979 3327 5038; x_wconf 89' lang='lat' dir='ltr'>verbis:</span> <span class='ocrx_word' id='word_1_696' title='bbox 3364 5004 3390 5034; x_wconf 74' lang='grc' dir='ltr'>α</span> <span class='ocrx_word' id='word_1_697' title='bbox 3429 4980 3680 5043; x_wconf 90' lang='lat' dir='ltr'>Dicebat</span> <span class='ocrx_word' id='word_1_698' title='bbox 3708 4981 3899 5043; x_wconf 89' lang='lat' dir='ltr'>abbas</span> <span class='ocrx_word' id='word_1_699' title='bbox 3938 4982 4094 5043; x_wconf 84' lang='lat' dir='ltr'>Vin-</span> 
     </span>
    </p>
   </div>
   <div class='ocr_carea' id='block_1_102' title="bbox 2594 5183 3986 5261">
    <p class='ocr_par' dir='ltr' id='par_1_102' title="bbox 2594 5183 3986 5261">
     <span class='ocr_line' id='line_1_102' title="bbox 2594 5183 3986 5261; baseline 0.009 -28"><span class='ocrx_word' id='word_1_700' title='bbox 2594 5184 2669 5250; x_wconf 75' lang='grc'>(4)</span> <span class='ocrx_word' id='word_1_701' title='bbox 2712 5183 2765 5236; x_wconf 94' lang='lat' dir='ltr'>In</span> <span class='ocrx_word' id='word_1_702' title='bbox 2807 5201 2999 5253; x_wconf 80' lang='lat' dir='ltr'>graeco</span> <span class='ocrx_word' id='word_1_703' title='bbox 3028 5196 3172 5241; x_wconf 79' lang='lat' dir='ltr'>textu</span> <span class='ocrx_word' id='word_1_704' title='bbox 3197 5189 3442 5243; x_wconf 72' lang='lat' dir='ltr'>(lotclerii</span> <span class='ocrx_word' id='word_1_705' title='bbox 3468 5194 3616 5260; x_wconf 75' lang='grc' dir='ltr'>τρεῖς</span> <span class='ocrx_word' id='word_1_706' title='bbox 3642 5191 3986 5261; x_wconf 81' lang='grc' dir='ltr'>παξαμάδας.</span> 
     </span>
    </p>
   </div>
   <div class='ocr_carea' id='block_1_103' title="bbox 2595 5274 4098 5354">
    <p class='ocr_par' dir='ltr' id='par_1_103' title="bbox 2595 5274 4098 5354">
     <span class='ocr_line' id='line_1_103' title="bbox 2595 5274 4098 5354; baseline 0.005 -26"><span class='ocrx_word' id='word_1_707' title='bbox 2595 5276 2668 5342; x_wconf 87' lang='grc'>(5)</span> <span class='ocrx_word' id='word_1_708' title='bbox 2722 5274 2778 5327; x_wconf 91' lang='lat' dir='ltr'>In</span> <span class='ocrx_word' id='word_1_709' title='bbox 2834 5292 3028 5345; x_wconf 79' lang='lat' dir='ltr'>graeco</span> <span class='ocrx_word' id='word_1_710' title='bbox 3078 5287 3227 5331; x_wconf 81' lang='lat' dir='ltr'>textu</span> <span class='ocrx_word' id='word_1_711' title='bbox 3288 5296 3373 5346; x_wconf 90' lang='lat' dir='ltr'>ap.</span> <span class='ocrx_word' id='word_1_712' title='bbox 3438 5281 3765 5336; x_wconf 88' lang='lat' dir='ltr'>Cotelerium</span> <span class='ocrx_word' id='word_1_713' title='bbox 3820 5286 3951 5353; x_wconf 77' lang='grc' dir='ltr'>περὶ</span> <span class='ocrx_word' id='word_1_714' title='bbox 4000 5286 4098 5354; x_wconf 80' lang='grc' dir='ltr'>τὴν</span> 
     </span>
    </p>
   </div>
   <div class='ocr_carea' id='block_1_104' title="bbox 2522 5367 3554 5434">
    <p class='ocr_par' dir='ltr' id='par_1_104' title="bbox 2522 5367 3554 5434">
     <span class='ocr_line' id='line_1_104' title="bbox 2522 5367 3554 5434; baseline 0.008 -17"><span class='ocrx_word' id='word_1_715' title='bbox 2522 5367 2763 5434; x_wconf 79' lang='grc' dir='ltr'>πρωῖαν,</span> <span class='ocrx_word' id='word_1_716' title='bbox 2794 5370 2938 5421; x_wconf 89' lang='lat' dir='ltr'>circa</span> <span class='ocrx_word' id='word_1_717' title='bbox 2973 5372 3293 5423; x_wconf 88' lang='lat' dir='ltr'>matutinum</span> <span class='ocrx_word' id='word_1_718' title='bbox 3324 5382 3554 5429; x_wconf 82' lang='lat' dir='ltr'>tempus.</span> 
     </span>
    </p>
   </div>
   <div class='ocr_carea' id='block_1_105' title="bbox 2595 5456 4094 5536">
    <p class='ocr_par' dir='ltr' id='par_1_105' title="bbox 2595 5456 4094 5536">
     <span class='ocr_line' id='line_1_105' title="bbox 2595 5456 4094 5536; baseline 0.007 -28"><span class='ocrx_word' id='word_1_719' title='bbox 2595 5458 2669 5525; x_wconf 89' lang='lat'>(6)</span> <span class='ocrx_word' id='word_1_720' title='bbox 2702 5457 2813 5511; x_wconf 84' lang='lat' dir='ltr'>VV.</span> <span class='ocrx_word' id='word_1_721' title='bbox 2845 5456 2945 5512; x_wconf 87' lang='lat' dir='ltr'>PP.</span> <span class='ocrx_word' id='word_1_722' title='bbox 2979 5458 3159 5515; x_wconf 78' lang='lat' dir='ltr'>Rosw.</span> <span class='ocrx_word' id='word_1_723' title='bbox 3189 5463 3278 5513; x_wconf 89' lang='lat' dir='ltr'>lib.</span> <span class='ocrx_word' id='word_1_724' title='bbox 3318 5462 3380 5513; x_wconf 82' lang='lat' dir='ltr'>III</span> <span class='ocrx_word' id='word_1_725' title='bbox 3424 5478 3543 5531; x_wconf 90' lang='lat' dir='ltr'>cap.</span> <span class='ocrx_word' id='word_1_726' title='bbox 3574 5463 3676 5518; x_wconf 78' lang='grc'>195</span> <span class='ocrx_word' id='word_1_727' title='bbox 3717 5480 3769 5532; x_wconf 90' lang='lat' dir='ltr'>p.</span> <span class='ocrx_word' id='word_1_728' title='bbox 3794 5465 3920 5530; x_wconf 73' lang='lat'>528,</span> <span class='ocrx_word' id='word_1_729' title='bbox 3948 5466 3985 5518; x_wconf 73' lang='lat'><strong>‘2</strong></span> <span class='ocrx_word' id='word_1_730' title='bbox 4011 5483 4094 5536; x_wconf 80' lang='lat' dir='ltr'>sq.</span> 
     </span>
    </p>
   </div>
   <div class='ocr_carea' id='block_1_106' title="bbox 2596 5548 3804 5623">
    <p class='ocr_par' dir='ltr' id='par_1_106' title="bbox 2596 5548 3804 5623">
     <span class='ocr_line' id='line_1_106' title="bbox 2596 5548 3804 5623; baseline 0.007 -24"><span class='ocrx_word' id='word_1_731' title='bbox 2596 5550 2670 5617; x_wconf 80' lang='grc'>(7)</span> <span class='ocrx_word' id='word_1_732' title='bbox 2697 5548 2833 5602; x_wconf 87' lang='lat' dir='ltr'>Ibid.</span> <span class='ocrx_word' id='word_1_733' title='bbox 2872 5550 2965 5603; x_wconf 90' lang='lat' dir='ltr'>lib.</span> <span class='ocrx_word' id='word_1_734' title='bbox 2995 5549 3058 5602; x_wconf 81' lang='lat' dir='ltr'>VI</span> <span class='ocrx_word' id='word_1_735' title='bbox 3086 5552 3250 5605; x_wconf 88' lang='lat' dir='ltr'>Iibell.</span> <span class='ocrx_word' id='word_1_736' title='bbox 3285 5554 3335 5613; x_wconf 72' lang='grc' dir='ltr'>ὅ,</span> <span class='ocrx_word' id='word_1_737' title='bbox 3364 5554 3398 5605; x_wconf 72' lang='lat'><strong>2</strong></span> <span class='ocrx_word' id='word_1_738' title='bbox 3434 5570 3484 5618; x_wconf 89' lang='lat' dir='ltr'>p.</span> <span class='ocrx_word' id='word_1_739' title='bbox 3517 5554 3640 5617; x_wconf 80' lang='lat'>651,</span> <span class='ocrx_word' id='word_1_740' title='bbox 3676 5555 3711 5607; x_wconf 77' lang='grc'>9.</span> <span class='ocrx_word' id='word_1_741' title='bbox 3744 5571 3804 5623; x_wconf 83' lang='lat' dir='ltr'>sq</span> 
     </span>
    </p>
   </div>
   <div class='ocr_carea' id='block_1_107' title="bbox 2598 5638 4092 5718">
    <p class='ocr_par' dir='ltr' id='par_1_107' title="bbox 2598 5638 4092 5718">
     <span class='ocr_line' id='line_1_107' title="bbox 2598 5638 4092 5718; baseline 0.009 -28"><span class='ocrx_word' id='word_1_742' title='bbox 2598 5638 2673 5701; x_wconf 84' lang='lat'>(8)</span> <span class='ocrx_word' id='word_1_743' title='bbox 2714 5639 2947 5693; x_wconf 87' lang='lat' dir='ltr'>Coteler.</span> <span class='ocrx_word' id='word_1_744' title='bbox 2980 5639 3126 5694; x_wconf 88' lang='lat' dir='ltr'>Eccl.</span> <span class='ocrx_word' id='word_1_745' title='bbox 3156 5640 3349 5696; x_wconf 86' lang='lat' dir='ltr'>Graec.</span> <span class='ocrx_word' id='word_1_746' title='bbox 3373 5644 3516 5697; x_wconf 84' lang='lat' dir='ltr'>Mon.</span> <span class='ocrx_word' id='word_1_747' title='bbox 3544 5644 3649 5699; x_wconf 91' lang='lat' dir='ltr'>T.l</span> <span class='ocrx_word' id='word_1_748' title='bbox 3684 5661 3735 5713; x_wconf 90' lang='lat' dir='ltr'>p.</span> <span class='ocrx_word' id='word_1_749' title='bbox 3770 5646 3864 5699; x_wconf 73' lang='lat' dir='ltr'>5M</span> <span class='ocrx_word' id='word_1_750' title='bbox 3897 5663 4021 5718; x_wconf 89' lang='lat' dir='ltr'>sqq.</span> <span class='ocrx_word' id='word_1_751' title='bbox 4048 5667 4092 5703; x_wconf 90' lang='lat' dir='ltr'>s.</span> 
     </span>
    </p>
   </div>
   <div class='ocr_carea' id='block_1_108' title="bbox 2532 5728 4094 5803">
    <p class='ocr_par' dir='ltr' id='par_1_108' title="bbox 2532 5728 4094 5803">
     <span class='ocr_line' id='line_1_108' title="bbox 2532 5728 4094 5803; baseline 0.008 -23"><span class='ocrx_word' id='word_1_752' title='bbox 2532 5746 2575 5781; x_wconf 80' lang='grc' dir='ltr'>ν.</span> <span class='ocrx_word' id='word_1_753' title='bbox 2614 5728 2887 5783; x_wconf 76' lang='lat' dir='ltr'>Macarius</span> <span class='ocrx_word' id='word_1_754' title='bbox 2932 5732 3216 5800; x_wconf 79' lang='lat' dir='ltr'>Aegyptius</span> <span class='ocrx_word' id='word_1_755' title='bbox 3249 5733 3273 5803; x_wconf 85' lang='lat'>§</span> <span class='ocrx_word' id='word_1_756' title='bbox 3301 5733 3549 5796; x_wconf 73' lang='lat' dir='ltr'>XXXIII;</span> <span class='ocrx_word' id='word_1_757' title='bbox 3614 5737 3752 5789; x_wconf 74' lang='lat' dir='ltr'>intra</span> <span class='ocrx_word' id='word_1_758' title='bbox 3794 5740 3846 5790; x_wconf 92' lang='lat' dir='ltr'>in</span> <span class='ocrx_word' id='word_1_759' title='bbox 3900 5740 4094 5794; x_wconf 82' lang='lat' dir='ltr'>harum</span> 
     </span>
    </p>
   </div>
   <div class='ocr_carea' id='block_1_109' title="bbox 2522 5819 3688 5891">
    <p class='ocr_par' dir='ltr' id='par_1_109' title="bbox 2522 5819 3688 5891">
     <span class='ocr_line' id='line_1_109' title="bbox 2522 5819 3688 5891; baseline 0.006 -19"><span class='ocrx_word' id='word_1_760' title='bbox 2522 5819 2911 5885; x_wconf 83' lang='lat' dir='ltr'>Quaestionum</span> <span class='ocrx_word' id='word_1_761' title='bbox 2946 5824 3238 5891; x_wconf 81' lang='lat' dir='ltr'>appendice</span> <span class='ocrx_word' id='word_1_762' title='bbox 3273 5827 3436 5879; x_wconf 86' lang='lat' dir='ltr'>altera</span> <span class='ocrx_word' id='word_1_763' title='bbox 3470 5827 3571 5880; x_wconf 88' lang='lat' dir='ltr'>sub</span> <span class='ocrx_word' id='word_1_764' title='bbox 3603 5823 3688 5879; x_wconf 89' lang='lat' dir='ltr'>IIl.</span> 
     </span>
    </p>
   </div>
  </div>
