4266 6360
212 401 313 453 137

1725 402 1952 457 νιΤΑΕ.

3356 401 3455 457 138

201 494 450 559 demius
507 497 600 571 (in
657 496 1217 576 Apophthegmatis
1271 504 1579 579 Βιτίμιος),
1636 502 1782 580 quia
1815 510 1851 562 A
1887 506 2170 578 spectare
2201 499 2572 570 invenimus,
2599 497 2660 559 id
2693 498 2861 576 quod
2893 504 2953 556 et
2982 496 3041 555 in
3081 495 3300 555 ceteris
3332 493 3429 554 νγ

204 597 472 658 narravit
487 596 680 656 abbas
701 598 1026 658 Macarius:
1046 599 1313 660 Sedente
1331 618 1430 661 me
1447 600 1782 678 aliquando

202 696 266 754 in
299 695 494 756 Scithi
527 694 1101 774 [ApOphthegmata
1126 714 1139 755 :
1163 707 1243 767 εις
1274 700 1502 774 Σκῆτιν]
1525 697 1785 758 descen-

200 791 430 853 derunt
462 793 590 853 duo
622 793 1051 855 adolescentes
1081 795 1436 872 peregrini.
1459 841 1472 852 .
1499 841 1510 853 .
1539 842 1552 866 ,
1579 818 1606 849 »
1635 803 1694 856 et
1717 796 1780 855 in

200 893 576 954 narrationis
606 893 859 956 demum
892 895 1018 956 ﬁne
1055 894 1211 957 haec
1248 896 1562 957 adduntur
1595 914 1607 955 :
1647 920 1675 952 «
1711 899 1783 956 Et

200 1007 345 1050 cum
376 990 570 1069 aliqui
599 999 844 1069 patrum
865 993 1230 1055 advenirent
1253 994 1461 1056 abbati
1490 995 1778 1068 Macario,

201 1089 474 1152 ducebat
495 1109 604 1153 eos
632 1093 696 1152 in
725 1094 946 1155 cellam
977 1095 1260 1174 ipsorum
1284 1095 1500 1155 dicens
1525 1110 1538 1153 :
1563 1095 1782 1156 Venite

199 1189 417 1252 videre
463 1194 828 1272 martyrium
868 1195 1094 1255 horum
1137 1195 1453 1256 minorum
1499 1196 1780 1274 peregri-

202 1310 458 1354 norum.
488 1320 514 1349 ι)
547 1299 878 1359 Macarium
905 1299 1093 1376 igitur
1117 1300 1491 1378 Aegyptium
1522 1298 1783 1374 intelligi

203 1402 432 1473 sponte
471 1396 660 1458 lucet.

286 1519 315 1550 ‹‹
350 1497 501 1557 Cum
531 1499 784 1576 quidam
812 1499 1055 1572 fratres,
1079 1499 1613 1578 quemadmodum
1651 1515 1786 1560 ora-

203 1602 368 1668 rent,
390 1596 640 1659 beatum
661 1600 993 1660 Macarium
1015 1600 1506 1678 requisivissent,
1524 1615 1783 1677 respon-

203 1695 295 1755 dit
312 1696 437 1757 illis
457 1698 703 1759 dicens:
728 1702 865 1761 Non
889 1706 1031 1760 sunt
1051 1699 1401 1762 necessaria
1422 1698 1580 1770 1&6
1598 1699 1783 1760 nobis

202 1795 523 1872 superﬂua
555 1798 763 1870 verba,
787 1798 897 1858 sed
925 1799 1262 1859 extendere
1292 1804 1530 1859 tantum
1561 1815 1782 1859 manus

203 1913 276 1956 ac
324 1896 535 1958 dicere
588 1898 891 1959 debemus
936 1917 947 1958 :
988 1900 1174 1972 Deus,
1216 1897 1538 1977 quomodo
1584 1897 1676 1958 vis
1723 1903 1785 1957 et

203 1997 366 2058 sicut
396 1999 509 2059 tibi
540 1999 764 2078 placet,
797 2000 881 2062 ita
912 2001 1037 2062 fiat.
1075 2001 1136 2061 Si
1165 2006 1372 2061 autem
1406 1999 1665 2060 tentatio
1697 1998 1784 2059 ir-

204 2099 422 2172 ruerit,
453 2107 558 2160 aut
606 2101 1019 2179 impugnatio,
1044 2100 1376 2162 dicendum
1423 2107 1516 2161 est
1551 2118 1562 2160 :
1595 2079 1780 2168 Deils,

202 2199 504 2260 auxiliare
559 2200 764 2261 nobis.
814 2202 956 2280 Ipse
1005 2203 1170 2260 enim
1223 2199 1359 2271 scit,
1393 2215 1554 2277 quae
1605 2197 1785 2259 nobis

204 2301 544 2381 expediant
576 2300 681 2375 (1).
717 2323 745 2357 ν
783 2299 1016 2362 Eadem
1057 2299 1305 2360 Macarii
1339 2296 1687 2358 exhortatio
1718 2297 1782 2356 in

204 2403 368 2464 libro
420 2404 640 2481 quinto
665 2400 746 2480 (2)
779 2408 841 2462 et
883 2402 948 2461 in
996 2398 1554 2479 Apophthegmatis
1602 2400 1780 2458 Cote-

203 2501 345 2561 lerii
379 2500 460 2580 (3)
497 2501 742 2578 legitur.
784 2503 984 2578 Atque
1014 2516 1090 2560 ex
1125 2496 1450 2559 monachis
1486 2496 1591 2557 alii
1633 2513 1781 2574 per-

203 2599 438 2661 multas
490 2599 772 2678 quotidie
829 2597 1146 2659 orationes
1204 2595 1493 2656 recitasse
1538 2592 1644 2672 (4),
1682 2593 1784 2653 alii

206 2702 478 2763 eandem
533 2701 785 2760 brevem
840 2715 1091 2776 semper
1144 2695 1468 2775 repetiisse
1524 2694 1782 2755 tradun-

206 2806 314 2860 tur
356 2799 460 2877 (5).
514 2798 798 2858 Ceterum
850 2813 1038 2874 quam
1087 2793 1312 2855 eximie
1367 2792 1446 2854 de
1504 2793 1784 2853 oratione

206 2898 514 2959 Macarius
548 2896 889 2976 Aegyptius
921 2894 1207 2966 senserit,
1239 2911 1316 2954 ex
1343 2893 1478 2955 eius
1517 2892 1786 2954 homiliis

207 3000 378 3060 clare
408 3004 600 3077 patet.

297 3122 326 3153 ‹‹
363 3099 567 3158 Abbas
596 3097 896 3159 Macarius
920 3097 1068 3156 dum
1095 3094 1290 3156 semel
1314 3094 1392 3154 de
1423 3092 1616 3154 Scithi
1643 3109 1787 3170 por-

1889 602 2002 660 PP.
2049 600 2330 661 eiusdem
2376 599 2764 660 collectionis
2804 597 2974 656 libris
3019 594 3454 674 deprehende-

1885 718 2044 761 mus.
2102 698 2469 761 Rosweidus
2494 699 2647 768 147
2671 715 2814 758 cum
2858 715 2890 756 e
2935 713 3161 771 genere
3208 695 3455 754 dicendi

1886 805 1947 858 et
1989 799 2362 877 quibusdam
2411 797 2811 876 praefationis
2855 795 3077 867 verbis,
3110 812 3270 872 quae
3314 811 3456 854 cum

1885 898 2030 960 libri
2067 897 2328 960 secundi
2370 896 2755 976 praefatione
2786 896 3188 966 conveniunt,
3211 902 3343 954 tum
3383 911 3459 953 ex

1886 999 2342 1077 praefationum
2384 998 2518 1057 libri
2559 998 2817 1058 secundi
2858 1004 2919 1056 et
2961 995 3127 1055 tertii
3169 993 3461 1054 afﬁnitate

1884 1116 2027 1158 cum
2071 1100 2412 1176 prooemiis
2440 1099 2748 1159 Historiae
2770 1098 3120 1168 Lausiacae,
3165 1096 3459 1156 Ruﬁnum

1883 1198 2022 1259 libri
2062 1200 2227 1260 tertii
2257 1201 2626 1278 scriptorem
2660 1198 3107 1276 (interpretem)
3135 1214 3269 1256 esse
3303 1213 3456 1256 con-

1882 1298 2048 1359 iecit.
2080 1299 2229 1367 Quia
2265 1300 2432 1360 enim
2460 1299 2601 1358 libri
2634 1300 2799 1358 tertii
2842 1298 3144 1377 praefatio
3196 1298 3459 1374 epistola

1888 1398 2144 1459 Palladii
2177 1402 2249 1459 ad
2282 1402 2549 1460 Lausum
2579 1399 2885 1458 Historiae
2914 1399 3242 1458 Lausiacae
3277 1413 3456 1474 prac-

1885 1499 2073 1560 missa
2130 1506 2300 1560 certo
2349 1499 2657 1570 innititur,
2702 1497 3001 1576 praefatio
3061 1505 3264 1557 autem
3321 1497 3459 1556 libri

1885 1597 2166 1670 secundi,
2193 1598 2370 1658 cuius
2416 1598 2724 1674 interpres
2783 1599 3067 1668 Ruﬁnus,
3099 1596 3176 1656 ad
3227 1613 3455 1674 prooe—

1884 1696 2100 1769 mium,
2152 1697 2323 1775 quod
2382 1697 2444 1757 in
2502 1697 2707 1758 fronte
2770 1697 3074 1757 Historiae
3132 1696 3457 1756 Lausiacae

1885 1796 2267 1857 Meursianae
2326 1802 2387 1856 et
2443 1795 2903 1856 Rosweidianae
2951 1795 3241 1855 editionis
3303 1794 3456 1871 legi-

1888 1899 2009 1967 tur,
2053 1893 2217 1955 haud
2277 1894 2464 1955 dubie
2519 1895 2754 1967 alludit,
2798 1895 3067 1955 eundem
3136 1895 3458 1971 utriusque

1887 1990 2026 2053 libri
2045 1994 2412 2072 scriptorem
2431 1992 2858 2073 (interpretem
2880 2002 2983 2054 aut
3004 1993 3458 2072 praefationum

1886 2091 2280 2173 scriptorem)
2313 2094 2608 2154 Ruﬁnum
2639 2109 2798 2164 esse,
2825 2093 2971 2153 satis
2991 2093 3286 2153 audacter
3314 2093 3457 2170 qui-

1886 2191 2029 2252 dem
2059 2192 2328 2253 coniecit
2353 2193 2458 2272 (9).
2485 2193 2846 2270 Quanquam
2876 2191 2971 2251 vel
3006 2209 3106 2264 eo,
3134 2192 3304 2270 quod
3339 2193 3462 2250 Ru-
3520 2184 3524 2188 ’

1887 2290 2049 2350 ﬁnus
2096 2297 2379 2351 mortuus
2425 2296 2575 2361 erat,
2607 2295 2940 2366 antequam
2987 2287 3255 2348 Historia
3300 2289 3457 2346 Lau-

1885 2390 2045 2450 siaca
2074 2388 2354 2469 prodiret
2381 2388 2528 2468 (10),
2560 2406 2595 2449 a
2635 2387 2740 2448 tali
2779 2405 2990 2448 errore
3029 2387 3305 2447 revocari
3347 2386 3458 2446 de-

1885 2489 2091 2550 bebat.
2112 2490 2354 2550 Etenim
2378 2489 2767 2568 prooemium
2797 2488 2962 2550 istud
2995 2489 3379 2548 Meursianae
3402 2494 3462 2547 et

1885 2589 2349 2651 Rosweidianae
2388 2590 2679 2651 editionis
2714 2588 2832 2667 (11)
2872 2590 3179 2650 Historiae
3208 2589 3458 2649 Lausia-

1887 2706 2018 2763 cae,
2038 2708 2311 2770 quocum
2334 2690 2475 2751 libri
2505 2689 2761 2751 secundi
2792 2690 3092 2769 praefatio
3114 2690 3247 2750 sine
3271 2689 3462 2750 dubio

1887 2791 2201 2864 cohaeret,
2228 2791 2508 2870 Spurium
2526 2798 2618 2850 est
2639 2788 2755 2867 (12)
2790 2797 2850 2850 et
2875 2790 3143 2851 Historia
3170 2790 3462 2850 Lausiaca

1885 2889 2208 2961 vetustius,
2242 2889 2409 2950 unde
2446 2889 2508 2948 id
2547 2890 2609 2949 in
2646 2889 2805 2950 libro
2846 2890 3123 2950 secundo
3163 2896 3307 2949 ante
3349 2889 3460 2948 Hi-

1887 2989 2138 3049 storiam
2170 2989 2526 3050 Lausiacam
2563 2989 2793 3067 scripto
2821 2988 3103 3050 adhiberi
3130 2988 3310 3049 facile
3349 3006 3458 3046 ex-

1887 3086 2145 3164 plicabis
2160 3085 2305 3165 (13).
2325 3086 2490 3146 Libri
2510 3104 2656 3147 vero
2676 3088 2839 3148 tertii
2863 3088 3162 3166 praefatio
3177 3087 3463 3163 genuinis

210 3205 378 3258 taret
405 3196 927 3276 sportellas.quas
954 3192 1528 3269 texerat,grandem
1550 3190 1787 3252 habens
1814 3200 1855 3254 C
1889 3188 2195 3247 Historiae
2219 3187 2548 3248 Lausiacae
2568 3189 2854 3248 innititur
2882 3188 3058 3259 locis,
3076 3194 3461 3266 quapropter

210 3302 352 3361 viae
388 3299 662 3360 laborem
703 3296 935 3358 resedit
973 3303 1034 3356 et
1079 3294 1233 3356 dixit
1273 3311 1284 3354 :
1321 3294 1504 3364 Deus,
1532 3298 1600 3353 tu
1643 3291 1786 3363 scis,

211 3405 363 3484 quia
397 3402 666 3482 amplius
691 3419 822 3463 non
849 3401 1023 3461 valeo
1050 3398 1391 3469 ambulare,
1423 3404 1483 3458 et
1512 3413 1658 3457 mox
1687 3396 1786 3455 in—

211 3512 440 3565 ventus
490 3511 583 3563 est
635 3502 710 3563 ad
771 3501 1049 3573 fluvium,
1096 3499 1263 3560 unde
1321 3496 1525 3558 adhuc
1580 3495 1790 3556 multis

212 3609 430 3668 aberat
482 3602 817 3665 intervallis
854 3602 957 3682 (6).
997 3624 1024 3656 »
1076 3601 1247 3662 Idem
1294 3600 1359 3659 in
1407 3597 1566 3658 libro
1616 3603 1790 3657 sexto

215 3707 464 3768 verbis:
495 3728 524 3760 «
553 3704 853 3765 Dicebant
879 3703 958 3763 de
987 3703 1209 3763 abbate
1240 3699 1503 3760 Macario
1532 3696 1639 3757 illo
1668 3713 1793 3756 ma-

215 3809 358 3869 iore
381 3854 393 3866 .
421 3853 434 3866 .
459 3851 473 3864 .
493 3804 601 3885 (7),
625 3827 653 3859 »
675 3809 735 3863 et
762 3802 829 3863 in
857 3799 1412 3880 ApOphthegmatis
1432 3817 1467 3860 a
1487 3795 1790 3858 Cotelerio

218 3904 406 3964 editis
435 3903 521 3963 ita
545 3902 803 3980 incipit:
837 3925 863 3955 α
899 3900 1198 3961 Dicebant
1227 3899 1305 3958 de
1333 3897 1554 3958 abbate
1585 3897 1786 3956 Maca-

218 4006 318 4065 rio
347 4003 652 4082 Aegyptio
679 4050 690 4062 .
718 4049 730 4062 .
760 3999 898 4082 .(8),
928 4024 954 4056 »
990 3999 1182 4071 unde,
1219 4005 1358 4059 uter
1385 3999 1789 4058 Macariorum

221 4105 488 4176 dicatur,
512 4101 919 4181 perspicuum
949 4105 1062 4159 est.
1079 4097 1348 4168 Fluvius,
1363 4112 1551 4174 quem
1565 4095 1789 4167 innuit,

222 4205 402 4264 Nilus
431 4209 553 4274 est;
578 4201 655 4262 ad
676 4201 864 4261 urbes
894 4200 1059 4260 enim
1090 4199 1158 4258 in
1186 4196 1459 4257 ﬂuminis
1485 4196 1618 4274 ripa
1651 4195 1794 4255 sitas

221 4302 564 4362 adventare
613 4298 896 4359 solebant
940 4295 1252 4367 monachi,
1279 4293 1586 4373 sportulas
1642 4310 1794 4371 quas

223 4406 534 4472 texerant,
562 4396 892 4460 vendituri.

306 4503 379 4562 Et
406 4500 560 4560 haec
592 4498 846 4576 quidem
865 4497 1078 4556 insunt
1109 4494 1187 4554 de
1217 4491 1495 4553 Macariis
1510 4491 1621 4594 (νγ
1634 4537 1661 4594 ,Δ
1678 4491 1791 4549 ΡΡ.
1831 4543 1871 4594 Β

226 4601 390 4662 libro
442 4598 903 4660 Rosweidianae
949 4593 1336 4657 collectionis
1382 4591 1586 4652 tertio.
1631 4592 1797 4662 Quae

226 4700 564 4762 maximam
615 4704 853 4775 partem
902 4694 978 4754 ad
1041 4691 1371 4753 Macarium
1434 4688 1798 4767 Aegyptium

304 4886 380 4952 (I)
410 4881 523 4936 νγ.
563 4881 666 4935 PP.
695 4881 872 4934 Rosw.
903 4880 994 4932 lib.
1028 4877 1094 4930 111
1127 4893 1246 4945 cap.
1275 4876 1375 4929 207
1413 4893 1464 4946 p.
1499 4876 1624 4936 551,
1655 4876 1706 4926 1.

305 4978 382 5040 (9..)
419 4974 551 5027 lbid.
582 4974 674 5028 lib.
705 4971 747 5022 V
789 4971 952 5025 libell.
992 4970 1081 5033 19.,
1118 4969 1182 5023 10
1222 4985 1274 5038 p.
1310 4967 1434 5028 6M,
1469 4968 1518 5020 1.

305 5068 381 5133 (5)
417 5066 650 5119 Coteler.
678 5063 824 5116 Eccl.
864 5061 1054 5115 Graec.
1093 5061 1232 5113 Mon.
1270 5057 1333 5110 T.
1368 5057 1469 5127 lp.
1503 5055 1604 5109 556
1632 5071 1712 5123 sq.
1750 5070 1796 5108 s.

227 5179 285 5216 γ.
315 5157 589 5212 Macarius
623 5156 906 5225 Aegyptius
929 5152 954 5223 ᾗ
976 5150 1125 5217 XIX;
1156 5150 1298 5204 infra
1322 5151 1374 5203 in
1401 5149 1591 5202 harum
1625 5145 1800 5211 Quae-

229 5252 476 5306 stionum
510 5248 817 5316 Appemlice
846 5246 1015 5298 altera
1045 5244 1146 5297 sub
1175 5240 1261 5296 lll.

330 5343 384 5411 4)
424 5339 508 5394 Cf.
542 5353 704 5407 supra
727 5339 752 5406 ᾗ
779 5337 844 5390 23
874 5354 926 5406 p.
970 5337 1089 5390 106.
1127 5335 1265 5389 Ilist.
1295 5333 1454 5387 Laus.
1487 5331 1574 5385 ed.
1600 5328 1796 5383 Meurs.

231 5451 359 5502 cap.
403 5433 472 5486 55
509 5430 645 5499 Opp.
692 5431 890 5483 Meurs.
931 5430 966 5481 l.
998 5429 1010 5480 Ι
1040 5445 1092 5497 p.
1137 5428 1274 5491 M4;
1303 5441 1420 5493 cap.
1451 5425 1518 5478 59
1568 5440 1617 5491 p.
1659 5422 1798 5485 455;

230 5541 358 5595 cap.
385 5524 450 5576 47
478 5539 531 5592 p.
555 5522 691 5586 481;
719 5537 836 5590 cap.
876 5521 943 5575 55
966 5536 1018 5590 p.
1046 5520 1182 5584 493;
1210 5533 1329 5586 cap.
1362 5515 1430 5570 88
1454 5531 1507 5586 p.
1539 5514 1659 5568 555.

308 5618 384 5687 (5)
415 5617 526 5671 V'V.
562 5616 666 5669 PP.
697 5615 877 5668 Rosw.
927 5615 1020 5668 lib.
1054 5612 1097 5664 ll
1136 5627 1256 5681 cap.
1287 5610 1319 5663 9
1350 5625 1401 5679 p.
1443 5607 1565 5671 467,
1603 5607 1624 5660 1
1664 5605 1799 5675 Opp.

233 5711 441 5766 Mcurs.
485 5710 520 5762 Ι.
544 5689 585 5762 l.
616 5725 667 5776 p.
699 5707 803 5760 6M
835 5723 940 5774 sq.,
967 5704 1189 5773 passim.

310 5803 387 5867 (ﬁ)
421 5800 551 5853 Ibid.
583 5801 674 5853 lib.
709 5798 772 5852 lll
801 5814 920 5865 cap.
944 5798 1048 5850 ‘2l5
1071 5811 1118 5862 p.
1157 5794 1276 5853 559.,
1316 5793 1359 5845 1.

315 5889 392 5960 (7)
424 5889 556 5944 Ibid.
585 5891 678 5943 lib.
710 5888 767 5941 Vl
796 5889 953 5942 libell.
991 5885 1042 5952 ‘2,
1075 5887 1106 5939 6
1146 5902 1196 5954 p.
1230 5885 1351 5943 bii),
1377 5883 1426 5934 ‘2.

1894 3302 2029 3346 eam
2081 3292 2224 3363 post
2280 3285 2489 3345 Ruﬁni
2543 3291 2807 3346 mortem
2853 3287 3269 3364 conscriptam
3327 3302 3463 3344 esse

1894 3402 2019 3445 non
2051 3385 2256 3444 minus
2288 3385 2687 3464 perspicuum
2720 3392 2832 3445 est.
2867 3385 2933 3445 1d
2967 3385 3168 3446 solum
3195 3392 3459 3454 constat,

1892 3483 2036 3544 libri
2099 3484 2262 3544 tertii
2317 3484 2767 3562 praefationem
2814 3502 2848 3545 e
2900 3484 3039 3544 libri
3098 3484 3356 3544 secundi
3405 3490 3465 3542 et

1892 3584 2197 3645 Historiae
2246 3585 2574 3645 Lausiacae
2628 3584 3118 3662 praefationibus
3158 3584 3460 3663 compila-

1893 3690 2042 3755 tam,
2089 3683 2393 3761 illumque
2463 3683 2652 3759 igitur
2702 3683 2928 3743 librum
2990 3682 3158 3742 hisce
3217 3681 3463 3742 duobus

1894 3777 2090 3844 aetate
2124 3782 2538 3859 posteriorem
2570 3799 2727 3843 esse.

1975 3881 2140 3956 §33.
2185 3867 2369 3942 Libro
2436 3874 2656 3961 quinto
2720 3884 2842 3940 VV.
2898 3883 3013 3941 PP.
3073 3880 3464 3941 collectionis

1895 3980 2359 4043 Rosweidianae
2389 3981 2814 4060 septendecim
2846 3981 2922 4040 de
2957 3980 3231 4040 Macariis
3265 3978 3462 4038 histo-

1897 4083 2023 4142 riae
2066 4081 2486 4142 continentur.
2531 4082 2796 4152 Quarum
2855 4088 2996 4141 octo
3061 4080 3138 4140 de
3198 4079 3462 4140 Macario

1898 4182 2204 4260 Aegyptio
2253 4198 2396 4241 cum
2442 4179 2735 4240 fratribus
2771 4180 2981 4239 vinum
3030 4180 3307 4241 bibente.
3355 4180 3464 4239 sed

1900 4287 2116 4360 postea
2148 4295 2261 4356 pro
2292 4277 2511 4355 quovis
2537 4275 2726 4337 calice
2757 4276 2921 4336 diem
2961 4276 3270 4352 integrum
3304 4292 3462 4352 aqua

1899 4381 2247 4442 abstinente
2273 4377 2418 4457 (14),
2452 4377 2527 4437 de
2565 4376 2845 4437 eiusdem
2886 4376 3130 4437 Macarii
3168 4375 3356 4448 dicto,
3399 4376 3462 4434 in

1898 4481 2295 4560 increpandis
2346 4479 2480 4540 aliis
2523 4479 2598 4540 ad
2643 4477 3027 4538 iracundiam
3081 4483 3463 4536 commotum

1904 4599 1969 4641 se
2006 4581 2210 4658 ipsum
2244 4578 2506 4656 perdere
2531 4575 2687 4654 (15),
2726 4577 2802 4637 de
2837 4574 3115 4636 eiusdem
3156 4573 3458 4644 doctrina,

1905 4699 2020 4743 nos
2056 4687 2448 4759 acceptarum
2489 4675 2647 4746 148
2679 4676 2757 4736 ab
2805 4674 3164 4735 hominibus
3205 4672 3460 4732 iniuria-

1973 4863 2048 4931 (8)
2082 4860 2311 4916 Coteler.
2340 4859 2486 4912 Eccl.
2513 4859 2703 4912 Graec.
2745 4857 2887 4910 Mon.
2918 4858 2981 4910 Τ.
3027 4858 3126 4926 lp.
3175 4858 3278 4911 555
3324 4873 3364 4911 s.
3410 4875 3462 4911 v.

1902 4955 2171 5009 Macarius
2205 4953 2490 5022 Aegyptius
2526 4949 2691 5021 μιν
2725 4967 2739 5014 ;
2771 4948 2908 5002 infra
2964 4949 3013 5000 in
3057 4951 3248 5000 barum
3283 4948 3463 5014 Quac-

1900 5048 2137 5101 stionum
2173 5043 2480 5113 Appendice
2511 5043 2677 5094 altera
2709 5043 2808 5093 sub
2843 5038 2927 5090 lll.

1973 5140 2046 5206 (9)
2083 5138 2191 5190 VX.
2222 5135 2323 5190 PP.
2364 5135 2542 5189 Rosw.
2571 5132 2780 5199 Prolcg.
2814 5131 2854 5182 ν
2888 5148 2938 5199 p.
2978 5129 3145 5183 XXIX
3179 5148 3256 5198 sq.

1973 5227 2081 5298 (10)
2119 5226 2201 5280 Cf.
2237 5240 2400 5292 supra
2430 5223 2456 5293 §
2487 5223 2518 5275 6
2541 5239 2589 5291 p.
2621 5221 2709 5274 21.

1976 5319 2085 5388 (lt)
2114 5317 2224 5370 vv.
2260 5316 2358 5370 PP.
2384 5315 2565 5369 Rosw.
2589 5315 2679 5368 Iib.
2713 5312 2823 5365 vm
2855 5329 2904 5381 p.
2941 5313 3044 5366 τοι
3073 5329 3158 5381 sq.

1976 5410 2086 5477 (12)
2116 5409 2200 5461 tif.
2234 5422 2395 5475 supra
2427 5406 2507 5476 §5
2542 5421 2592 5473 p.
2629 5405 2693 5457 15
2717 5403 2743 5473 §
2765 5405 2795 5456 6
2827 5419 2875 5470 p.
2902 5402 2972 5455 9.8
3006 5419 3085 5469 sq.

1977 5499 2085 5568 (ιδ)
2112 5497 2349 5553 arma.
2380 5512 2432 5566 p.
2464 5496 2551 5548 24.
2585 5494 2654 5546 28
2680 5510 2760 5561 sq.

1977 5589 2088 5658 (14)
2138 5588 2251 5641 νγ.
2297 5587 2401 5640 PP.
2450 5586 2631 5640 Rosw.
2685 5586 2777 5638 lib.
2817 5583 2855 5634 ν
2889 5584 3055 5640 libell.
3092 5585 3142 5643 4,
3175 5583 3243 5636 ‘36
3277 5600 3326 5650 p.
3361 5583 3467 5635 51m

1897 5685 1932 5738 2
1965 5699 2047 5749 sq.

1976 5774 2087 5842 (15)
2116 5772 2249 5827 una.
2281 5772 2444 5826 libell.
2478 5772 2531 5834 4,
2566 5771 2633 5824 28
2661 5785 2710 5838 p.
2745 5768 2867 5835 570,
2902 5768 2944 5820 ι.
