4266 6360
825 383 928 443 139

1645 386 1745 440 SS.
1788 388 2246 447 MACARIORUM
2286 388 2607 445 AEGYPTII
2648 388 2732 444 ΕΤ
2774 386 3241 442 ALEXANDRINI

3965 386 4059 442 M0

821 514 959 557 rum
1022 499 1482 561 reminiscendo
1540 518 1662 560 Vlm
1722 508 2061 568 memoriae
2118 508 2389 582 laedere,
2421 517 2466 573 Α
2498 507 2671 586 poris
2699 505 2981 567 ariditate
3008 505 3309 565 Macarius
3337 500 3791 563 Alexandrinus
3811 500 3947 573 fuit,
3967 502 4062 565 cui

820 596 1126 657 malorum
1166 616 1311 658 vero
1355 618 1387 659 a
1428 600 1841 663 daemonibus
1875 604 2251 667 inflictorum
2290 626 2389 667 re-

818 696 1181 758 cordatione
1204 716 1328 759 non
1353 702 1598 762 laedere
1616 700 1720 780 (1),
1737 704 1813 764 de
1838 707 2027 767 modo
2051 708 2387 786 orandi(2),

819 793 899 855 de
940 795 1144 874 puella
1182 801 1427 875 gravida
1456 819 1489 861 a
1519 804 1782 864 Macario
1815 807 2120 884 Aegyptio
2152 826 2217 868 se
2246 826 2387 869 cor-

817 905 1062 975 ruptam
1097 916 1230 960 esse
1267 902 1607 963 mentiente
1633 903 1738 980 (3),
1771 905 1847 965 de
1891 906 2141 967 diabolo
2179 907 2385 968 humi-

815 994 982 1056 litate
1020 1015 1053 1058 a
1090 1001 1355 1061 Macario
1392 1004 1698 1082 Aegyptio
1728 1023 1793 1065 se
1826 1007 1990 1067 vinci
2022 1006 2253 1069 fatente
2281 1009 2385 1088 (4),

817 1093 893 1154 de
926 1096 1083 1170 fure,
1118 1116 1305 1176 quem
1335 1099 1500 1160 idem
1530 1104 1829 1163 Macarius
1862 1105 1924 1164 in
1948 1105 2101 1167 cella
2131 1125 2239 1168 sua
2274 1108 2385 1169 de-

815 1197 1149 1272 prehendit
1173 1199 1280 1277 (5),
1312 1200 1387 1259 de
1428 1201 1733 1262 daemone
1757 1204 2053 1283 denique,
2089 1208 2196 1285 qui
2239 1207 2385 1268 visi-

816 1300 957 1359 tatis
988 1301 1275 1363 fratribus
1298 1301 1498 1363 solum
1533 1304 1650 1365 sibi
1684 1304 2108 1367 Theoctistum
2137 1308 2387 1370 fratrem

812 1397 877 1456 in
934 1402 1311 1461 monasterio
1362 1402 1566 1462 favere
1620 1403 1818 1463 eidem
1876 1406 2139 1467 Macario
2188 1407 2387 1467 fassus

814 1498 891 1556 sit
924 1498 1030 1574 (6),
1057 1518 1243 1577 supra
1280 1503 1669 1562 excussimus
1695 1503 1799 1582 (7).
1826 1506 2141 1583 Superest,
2171 1514 2239 1566 ut
2279 1524 2384 1567 ce-

813 1604 975 1657 teras
1006 1616 1227 1659 novem
1260 1618 1335 1661 ex
1368 1603 1587 1663 ordine
1620 1622 2078 1666 recenseamus.

896 1720 922 1749 α
974 1699 1131 1758 Dixit
1178 1700 1367 1761 abbas
1422 1703 1721 1763 Macarius
1770 1705 1974 1765 abbati
2009 1706 2379 1769 Zachariae:

813 1795 918 1856 Dic
959 1798 1132 1871 mihi,
1160 1801 1328 1877 quod
1377 1810 1467 1861 est
1515 1820 1675 1880 Opus
1721 1804 2055 1865 monachi?
2090 1808 2248 1866 Dixit
2286 1808 2380 1868 ei:
2417 1850 2458 1903 Β

811 1894 904 1954 Me
936 1895 1298 1976 interrogas,
1336 1900 1547 1979 pater?
1578 1904 1648 1961 Et
1677 1902 1827 1962 dixit
1859 1904 1915 1963 ei
1954 1906 2143 1966 abbas
2180 1909 2379 1969 Maca-

809 1995 973 2057 rius:
1002 1999 1213 2061 Certus
1244 2020 1378 2061 sum
1406 2002 1482 2062 de
1511 2009 1595 2074 te,
1616 2002 1700 2063 ﬁli
1726 2005 2042 2078 Zacharia;
2069 2014 2161 2067 est
2190 2009 2379 2084 enim,

810 2095 919 2172 qui
954 2114 1053 2157 me
1086 2098 1308 2176 pulsat,
1341 2107 1409 2159 ut
1449 2100 1827 2177 interrogem
1868 2108 1948 2163 te.
1983 2105 2144 2165 Dixit
2179 2107 2236 2166 ei
2270 2110 2380 2167 Za-

808 2194 1049 2257 charias
1097 2216 1108 2257 :
1151 2201 1456 2270 Quantum
1499 2200 1575 2260 ad
1626 2219 1746 2274 me,
1792 2211 1987 2280 pater,
2028 2203 2149 2266 hoc
2202 2214 2377 2284 puto,

809 2298 1130 2374 quoniam,
1176 2300 1536 2378 quicunque
1585 2302 1992 2380 semetipsum
2043 2307 2379 2367 necessita-

811 2394 974 2455 tibus
1011 2398 1364 2471 subiecerit,
1391 2407 1576 2477 atque
1617 2402 1912 2476 coegerit,
1942 2402 2077 2481 ipse
2109 2412 2202 2466 est
2241 2423 2379 2465 mo-

810 2494 1045 2556 nachus
1070 2496 1174 2575 (8).
1206 2521 1231 2552 »
1254 2498 1424 2558 Idem
1444 2501 1680 2578 reperis
1699 2500 1761 2559 in
1782 2501 2332 2580 Apophthegmatis
2348 2522 2382 2565 a

808 2594 1114 2655 Gotelerio
1148 2597 1327 2657 editis
1346 2616 1395 2657 s.
1422 2616 1481 2657 v.
1503 2600 1870 2671 Zacharias,
1891 2617 2077 2678 quem
2110 2604 2172 2661 in
2202 2604 2381 2662 Scete

809 2692 1115 2755 resedisse
1159 2696 1244 2755 ibi
1289 2696 1605 2771 edoceris;
1640 2717 1761 2777 qua
1810 2718 1886 2761 ex
1935 2718 2001 2761 re
2048 2702 2381 2762 Macarium

808 2794 1179 2872 Aegyptium
1218 2803 1433 2857 nostro
1473 2797 1613 2859 loco
1656 2799 1919 2877 intelligi
1950 2800 2115 2861 haud
2154 2800 2381 2863 iniuste

806 2891 1084 2969 colliges.
1110 2894 1435 2957 Zachariae
1465 2904 1673 2957 autem
1703 2900 2029 2978 responsio
2058 2902 2123 2961 in
2156 2918 2380 2978 graeco

807 2997 977 3051 textu
1013 2991 1143 3053 fere
1186 2993 1339 3055 haec
1382 3003 1474 3056 est
1509 3014 1521 3055 :
1558 3021 1585 3051 α
1617 2999 1922 3070 Quantum
1964 3017 2080 3077 ego
2126 3002 2379 3079 quidem

805 3092 1115 3167 existimo,
1144 3102 1336 3173 pater,
1368 3096 1475 3173 qui
1508 3115 1573 3157 se
1602 3098 1809 3177 ipsum
1842 3100 2008 3177 cogit
2030 3100 2107 3161 ad
2148 3103 2373 3175 omnia,

806 3189 857 3247 is
891 3197 981 3249 est
1016 3191 1361 3251 monachus
1390 3192 1491 3271 (9).
1533 3217 1559 3247 ι)

885 3313 911 3342 οι
946 3291 1488 3368 Interrogaverunt
1518 3293 1770 3372 quidam
1810 3304 2051 3375 patrum
2092 3298 2377 3359 abbatem

804 3390 1137 3450 Macarium
1217 3393 1589 3470 Aegyptium
1656 3396 1934 3457 dicentes
1987 3416 1998 3456 :
2052 3401 2377 3470 Quomodo

803 3506 1035 3569 corpus
1066 3498 1262 3565 tuum,
1282 3501 1342 3553 et
1369 3494 1621 3573 quando
1648 3497 2003 3569 manducas,
2035 3507 2095 3558 et
2124 3501 2375 3577 quando

804 3591 1064 3663 ieiunas,
1104 3593 1338 3654 siccum
1380 3593 1509 3655 est?
1542 3598 1614 3656 Et
1644 3597 1795 3656 dixit
1828 3599 1901 3657 iis
1940 3616 2170 3659 senex:
2208 3601 2378 3661 Sicut

804 3690 1040 3767 lignum
1072 3692 1136 3751 in
1160 3711 1348 3754 manu
1380 3694 1672 3768 hominis,
1702 3715 1842 3756 cum
1873 3715 1999 3775 quo
2027 3698 2281 3759 frutices
2310 3697 2375 3759 in

803 3790 947 3866 igne
986 3799 1311 3853 versantur
1348 3801 1533 3872 atque
1578 3805 1993 3870 reversantur,
2018 3814 2266 3875 semper
2298 3797 2375 3858 ab

802 3889 948 3966 igne
1021 3893 1431 3965 consumitur,
1475 3894 1581 3966 ita,
1626 3896 1677 3956 si
1738 3895 1928 3956 homo
1987 3896 2375 3957 mundaverit

802 3998 1077 4050 mentem
1109 4008 1283 4052 suam
1319 3993 1384 4053 in
1424 3994 1645 4055 timore
1690 3995 1820 4069 Dei,
1852 3996 1991 4075 ipse
2032 3996 2221 4057 timor
2261 3997 2371 4057 Dei

802 4091 987 4151 etiam
1040 4108 1178 4153 ossa
1234 4094 1368 4154 eius
1415 4095 1573 4165 149
1614 4096 2095 4175 consumit(10).
2125 4120 2152 4153 ››
2197 4096 2370 4158 Idem

801 4191 1044 4250 Macarii
1091 4193 1377 4271 Aegyptii
1419 4193 1651 4254 dictum
1698 4195 1763 4253 in
1813 4196 2371 4274 ApOphthegmatis

802 4306 987 4369 saepe
1014 4289 1275 4352 laudatis
1295 4292 1520 4369 legitur
1544 4293 1687 4372 (11).
1714 4296 1840 4355 Nec
1872 4312 2001 4356 non
2018 4296 2204 4357 simili
2226 4314 2367 4357 cor-

2496 624 2576 668 ne
2620 606 2730 685 pili
2770 603 3024 683 quidem
3066 602 3260 663 menti
3304 602 3471 662 enati
3515 606 3692 660 erant
3728 600 3809 661 ob
3848 601 4063 663 nimios

2497 704 2959 767 exercitationis
2988 703 3234 764 labores
3255 704 3463 781 obque
3488 701 3741 761 nimiam
3761 701 3919 761 cutis
3944 700 4063 762 ari-

2493 809 2744 868 ditatem
2775 805 2924 885 (12).

2574 931 2598 961 α
2637 908 2936 967 Miserunt
2976 902 3314 984 aliquando
3358 918 3541 963 senes
3581 900 3659 961 de
3700 906 3911 960 monte
3960 900 4059 959 Ni-

2490 1007 2646 1067 triae
2669 1007 2745 1067 ad
2768 1006 3056 1067 abbatem
3081 992 3411 1065 Macarium
3433 1002 3497 1062 in
3522 1000 3737 1073 Scithi,
3758 1009 4060 1077 rogantes,

2489 1114 2557 1165 ut
2585 1106 2821 1166 veniret
2845 1106 2921 1166 ad
2952 1122 3084 1178 eos,
3105 1102 3385 1182 alioquin
3410 1102 3614 1171 sciret,
3636 1117 3887 1161 omnem
3915 1099 4065 1161 mul-

2491 1204 2842 1277 titudinem,
2860 1204 2909 1263 si
2938 1204 3075 1282 ipse
3094 1202 3171 1263 ad
3194 1220 3303 1263 eos
3324 1218 3453 1261 non
3475 1201 3737 1271 veniret,
3756 1198 3833 1259 ad
3864 1199 4063 1278 ipsum

2491 1321 2626 1365 esse
2666 1313 3016 1377 venturam,
3050 1303 3347 1382 quoniam
3386 1299 3825 1361 desiderabant
3860 1298 4063 1359 videre

2491 1420 2657 1476 eum,
2704 1412 3039 1481 antequam
3094 1401 3386 1477 migraret
3430 1398 3505 1459 ad
3554 1398 3907 1460 Dominum.
3952 1400 4063 1469 Qui

2489 1521 2629 1563 cum
2651 1504 2919 1563 venisset
2943 1503 3008 1561 in
3032 1508 3335 1573 montem,
3358 1506 3729 1575 congregata
3752 1507 3845 1559 est
3865 1501 4064 1559 omnis

2489 1603 2819 1666 multitudo
2857 1602 3113 1662 fratrum
3159 1601 3235 1661 ad
3277 1618 3444 1661 eum.
3492 1600 3817 1675 Rogabant
3858 1608 4061 1659 autem

2490 1719 2632 1761 eum
2670 1718 2875 1773 senes,
2904 1707 2973 1759 ut
3014 1699 3245 1759 faceret
3277 1699 3535 1757 verbum
3570 1697 3646 1756 ad
3688 1696 3924 1756 fratres.
3958 1695 4063 1755 Ille

2488 1807 2692 1861 autem
2712 1801 3037 1862 lacrimans
3052 1800 3169 1860 ait:
3196 1798 3539 1868 Ploremus,
3564 1796 3805 1869 fratres,
3834 1806 3894 1857 et
3926 1814 4063 1876 pro-

2488 1900 2715 1961 ducant
2736 1900 2900 1961 oculi
2931 1900 3129 1960 nostri
3161 1898 3467 1970 lacrimas,
3490 1903 3825 1975 antequam
3850 1915 4062 1958 eamus

2487 2000 2654 2073 hinc,
2674 2000 2780 2060 ubi
2805 2000 3091 2061 lacrimae
3114 2004 3360 2057 nostrae
3380 2014 3644 2075 corpora
3662 1998 4058 2059 comburant.

2485 2102 2555 2159 Et
2582 2100 2885 2160 ﬂeverunt
2915 2116 3136 2160 omnes
3167 2106 3227 2159 et
3258 2098 3620 2159 ceciderunt
3655 2100 3839 2177 proni
3867 2100 3933 2159 in
3964 2099 4059 2161 fa-

2484 2202 2639 2262 ciem
2670 2202 2974 2263 dicentes:
2998 2202 3198 2271 Pater,
3220 2216 3325 2260 ora
3349 2216 3463 2278 pro
3484 2200 3665 2261 nobis
3685 2200 3803 2277 (13)
3820 2249 3830 2259 .
3845 2224 3872 2256 ι
3890 2201 4061 2262 Idem

2485 2308 2679 2361 exstat
2694 2301 2757 2361 in
2772 2300 3325 2380 ApOphthegmatis
3344 2299 3694 2360 aCotelerio
3718 2300 3899 2362 editis
3916 2302 4058 2383 (14).

2484 2399 2683 2459 Verba
2714 2405 2922 2459 autem
2960 2397 3129 2457 senis
3164 2398 3503 2473 nonaginta
3532 2396 3665 2457 fere
3701 2415 3903 2460 annos
3935 2403 4062 2461 nati

2484 2509 2544 2561 et
2574 2502 2861 2562 ultimum
2901 2499 3155 2559 Nitriam
3192 2498 3494 2558 visitantis
3530 2498 3774 2559 animos
3804 2499 4062 2561 fratrum

2481 2602 2557 2663 ad
2620 2602 2903 2663 lacrimas
2966 2598 3401 2669 commovisse,
3454 2597 3594 2676 quis
3674 2615 3802 2658 non
3882 2600 4063 2661 facile

2482 2699 2731 2762 credet?
2758 2701 3061 2776 Indidem,
3087 2699 3302 2780 quanti
3333 2714 3477 2758 eum
3510 2696 3776 2758 fecerint
3813 2696 4060 2774 fratres,

2483 2803 2706 2864 elucet.

2562 2928 2589 2960 α
2627 2904 2827 2964 Abbas
2876 2901 3173 2964 Macarius
3216 2900 3414 2960 maior
3457 2900 3521 2958 in
3566 2898 3760 2959 Scithi
3808 2898 4062 2959 dicebat

2480 3001 2769 3063 fratribus
2791 3009 2933 3082 post
2954 3002 3173 3061 missas
3195 2999 3495 3061 ecclesiae
3517 3016 3527 3056 :
3557 2998 3793 3073 Fugite,
3815 2996 4061 3058 fratres.

2481 3101 2555 3159 Et
2584 3100 2730 3161 dicit
2760 3101 2813 3161 ei
2846 3117 3010 3159 unus
3046 3098 3303 3158 fratrum
3332 3114 3344 3154 :
3379 3098 3578 3167 Pater,
3607 3094 3716 3154 ubi
3754 3094 4063 3157 habemus

2408 3205 2449 3262 C
2480 3201 2695 3277 fugere
2731 3200 2999 3279 amplius
3028 3217 3063 3260 a
3095 3197 3430 3259 solitudine
3472 3192 3630 3256 ista?
3667 3197 3740 3255 Et
3785 3198 4064 3275 ponebat

2482 3300 2740 3377 digitum
2787 3317 2967 3360 suum
3004 3299 3070 3359 in
3110 3314 3219 3358 ore
3268 3313 3383 3357 suo
3428 3295 3645 3355 dicens
3678 3311 3691 3352 :
3726 3295 3897 3354 Istud
3940 3305 4059 3369 est,

2481 3399 2649 3477 quod
2678 3398 3041 3476 fugiendum
3064 3397 3237 3470 dico;
3262 3403 3323 3456 et
3350 3396 3437 3455 sic
3464 3394 3731 3453 intrabat
3751 3394 3814 3453 in
3836 3394 4063 3456 cellam

2480 3518 2651 3560 suam
2694 3507 2753 3559 et
2782 3498 3077 3560 claudens
3110 3499 3334 3557 ostium
3362 3494 3616 3555 sedebat
3642 3492 3815 3553 solus
3838 3493 3990 3572 (15).
4032 3520 4059 3549 ι.

2479 3602 2649 3661 Idem
2705 3600 2897 3661 habes
2948 3599 3015 3659 in
3063 3593 3617 3676 ApOphthegmatis
3665 3609 3701 3653 a
3749 3593 4063 3658 Cotelerio

2478 3698 2657 3757 editis
2674 3697 2819 3775 (16),
2836 3696 2956 3758 hoc
2982 3713 3111 3757 uno
3144 3691 3706 3769 discrimine,quod
3727 3709 3842 3769 pro
3866 3716 3891 3745 (ι
3916 3703 4063 3773 post

2476 3797 2692 3857 missas
2726 3796 3027 3857 ecclesiae
3061 3818 3088 3850 ι
3123 3795 3187 3854 in
3224 3810 3446 3871 graeco
3481 3792 3638 3862 150
3669 3802 4062 3872 «postquam

2476 3896 2707 3955 dimisit
2733 3894 3061 3957 ecclesiam
3086 3916 3113 3947 ι)
3141 3892 3385 3968 legitur.
3410 3893 3817 3956 Taciturnitas
3844 3904 4062 3955 autem

2478 3996 2832 4075 praecipuis
2897 3992 3349 4055 monachorum
3403 3995 3668 4073 Aegypti
3722 3995 4062 4056 virtutibus

2476 4094 2940 4157 adnumeranda
2974 4100 3065 4154 est
3091 4091 3238 4174 (1'7).

2559 4219 2584 4249 α
2609 4196 2809 4257 Abbas
2831 4193 3217 4266 Theodorus,
3232 4200 3652 4269 cognomento
3666 4193 3743 4253 de
3759 4192 4059 4267 Pherme,

2477 4294 2745 4356 habebat
2784 4300 2905 4354 tres
2944 4293 3194 4354 codices
3229 4293 3452 4353 bonos.
3488 4294 3561 4353 Et
3599 4312 3741 4355 cum
3777 4294 4062 4357 venisset

870 4470 948 4541 (ι)
981 4472 1090 4524 vv.
1126 4472 1227 4525 PP.
1253 4472 1431 4528 nosw.
1464 4476 1555 4529 lib.
1589 4475 1939 4539 Vlibell.10,
1974 4476 2043 4531 δι
2062 4493 2116 4548 p.
2148 4477 2272 4540 599,
2312 4478 2366 4532 2.
2409 4465 2457 4524 υ
2483 4490 2721 4535 stionum
2752 4478 3063 4549 Appendice
3080 4478 3245 4531 altera
3282 4478 3383 4533 sub
3412 4478 3495 4532 Ill.

866 4562 947 4633 (2)
976 4563 1109 4619 Ibid.
1140 4565 1306 4620 libell.
1342 4568 1519 4631 12,40
1546 4585 1598 4637 p.
1632 4569 1756 4631 du,
1783 4569 1833 4622 ι.

868 4658 947 4727 (3)
983 4656 1116 4713 Ibid.
1146 4660 1313 4715 libell.
1348 4662 1434 4726 is,
1467 4663 1537 4716 25
1566 4678 1618 4732 p.
1645 4662 1770 4727 625,
1792 4663 1826 4715 2
1855 4679 1939 4733 sq.

870 4750 947 4821 (4)
984 4750 1120 4803 Ibid.
1148 4752 1315 4805 libell.
1352 4754 1438 4815 15,
1471 4752 1540 4806 26
1564 4769 1616 4823 p.
1653 4753 1778 4815 69.4,
1817 4754 1868 4807 1.

868 4842 946 4913 (5)
977 4842 1111 4895 Ibid.
1148 4842 1315 4897 libell.
1349 4843 1433 4906 16.
1466 4844 1500 4897 ϐ
1533 4860 1585 4912 p.
1614 4844 1811 4907 631,1.

866 4930 945 4998 (6‘)
973 4928 1106 4984 Ibid.
1135 4932 1301 4985 libell.
1331 4933 1416 4994 18.
1442 4936 1474 4988 9
1508 4951 1561 5002 p.
1589 4933 1713 4996 037,
1747 4934 1770 4985 t
1808 4950 1889 5001 sq.

867 5020 948 5091 (7)
988 5022 1214 5093 cr.§32
1248 5023 1883 5094 p.152§17p.65§29
1917 5024 2275 5095 p.1l9§52
2317 5042 2365 5093 ρ.

798 5113 921 5193 HS.
954 5113 1056 5167 158
1086 5130 1170 5183 sq.
1206 5114 1308 5167 159
1334 5130 1417 5183 sq.
1459 5114 1559 5167 155
1588 5130 1672 5183 sq.
1711 5116 1812 5169 155
1845 5131 1927 5184 sq.

873 5204 947 5273 (8)
989 5205 1103 5259 vv.
1138 5206 1240 5258 PP.
1278 5205 1462 5260 Rosw.
1493 5206 1652 5259 lib.V
1680 5208 1843 5260 libell.
1882 5212 1934 5272 τ,
1970 5207 2001 5259 6
2056 5224 2109 5275 ρ.
2157 5206 2279 5271 562,
2316 5208 2365 5260 ι.

870 5294 945 5365 (9)
974 5295 1213 5350 Coteler.
1239 5296 1384 5350 Eccl.
1418 5296 1606 5351 Graec.
1648 5298 1789 5351 Mon.
1812 5295 1877 5350 T.
1913 5297 1930 5349 l
1965 5315 2017 5367 p.
2065 5299 2170 5351 445
2214 5315 2261 5353 s.
2315 5316 2364 5352 ν.

796 5383 1094 5440 Zacharias
1120 5386 1147 5457 §
1178 5388 1199 5439 l
1223 5404 1237 5451 ;
1277 5387 1419 5441 infra
1447 5388 1497 5439 in
1522 5387 1713 5441 harum
1739 5390 2127 5454 Quaestionum
2156 5390 2369 5459 Appen-

797 5479 919 5533 dice
947 5478 1115 5533 altera
1140 5479 1239 5533 sub
1259 5478 1347 5532 IV.

866 5570 980 5638 (10)
1020 5568 1133 5624 νγ.
1190 5569 1291 5623 PP.
1330 5570 1510 5627 Rasw.
1547 5572 1642 5626 lib.
1671 5570 1714 5624 γ
1756 5572 1921 5626 libell.
1970 5574 2023 5639 5,
2072 5572 2104 5625 8
2154 5589 2207 5642 p.
2240 5572 2364 5637 565,

796 5657 831 5712 2
857 5674 941 5727 sq.

865 5748 977 5819 (11)
1018 5748 1251 5804 Coteler.
1281 5752 1427 5805 Eccl.
1460 5750 1652 5806 Graec.
1675 5751 1819 5805 Man.
1855 5752 1918 5805 T.
1952 5751 2045 5821 lp.
2078 5752 2181 5806 554
2204 5769 2286 5822 sq.
2315 5770 2361 5809 s.

793 5857 849 5897 ν.
884 5838 1157 5898 Macarius
1180 5842 1463 5913 Aegyptius
1494 5844 1521 5916 §
1552 5843 1645 5900 ΧΗ
1720 5846 1859 5901 iulia
1895 5846 1946 5899 in
1976 5846 2163 5900 harum
2186 5844 2363 5911 Quac-

2549 4571 2657 4639 (η)
2698 4569 2782 4621 cr.
2819 4585 2984 4638 supra
3012 4571 3038 4640 §
3066 4570 3130 4624 19
3158 4585 3210 4639 p.
3246 4569 3331 4623 75.
3363 4568 3447 4621 79.

2545 4662 2656 4730 (is)
2698 4660 2809 4713 vv.
2837 4661 2938 4713 pr.
2974 4660 3155 4714 Rosw.
3184 4661 3278 4715 lib.
3304 4659 3345 4712 v
3377 4660 3543 4715 libell.
3576 4661 3687 4724 5,9
3713 4662 3926 4731 p.566,
3971 4667 4023 4719 ς.

2546 4754 2656 4822 (14)
2697 4752 2932 4806 Coteler.
2956 4751 3103 4806 Eccl.
3142 4751 3333 4805 Graec.
3370 4751 3514 4805 Mon.
3551 4750 3615 4805 Τ.
3647 4753 3666 4805 l
3695 4769 3748 4823 p.
3782 4754 3886 4808 515
3912 4772 3962 4810 s.
4001 4774 4055 4810 ν.

2474 4842 2751 4896 Macarius
2802 4844 3085 4911 Aegyptius
3139 4842 3165 4911 §
3228 4842 3479 4906 XXXIV;
3544 4842 3686 4896 infra
3732 4844 3786 4897 in
3852 4847 4055 4900 barum

2476 4934 2869 4998 Quaestionum
2896 4934 3205 4999 Appendice
3236 4935 3404 4986 altera
3440 4932 3540 4986 sub
3566 4932 3646 4987 lll.

2546 5026 2656 5094 (15)
2703 5023 2811 5077 νν.
2839 5023 2942 5079 PP.
2978 5023 3159 5079 Rosw.
3191 5026 3285 5080 lib.
3311 5025 3352 5078 γ
3384 5025 3547 5077 libell.
3578 5025 3632 5089 4,
3659 5026 3727 5077 2'7
3748 5026 3958 5094 p.570,
4003 5028 4051 5079 Ι.

2543 5118 2656 5187 (16)
2695 5118 2928 5171 Coteler.
2970 5116 3117 5172 Eccl.
3143 5117 3334 5172 Graec.
3367 5118 3510 5170 Mon.
3537 5116 3600 5170 T.
3643 5117 3661 5169 Ι
3701 5134 3754 5187 p.
3780 5119 3886 5172 556
3910 5136 3962 5173 s.
3995 5136 4050 5173 γ.

2474 5209 2748 5264 Macarius
2787 5212 3068 5279 Aegyptius
3105 5210 3131 5281 §
3170 5210 3326 5275 XVI;
3377 5211 3515 5263 infra
3550 5211 3603 5263 in
3637 5210 3829 5264 barum
3852 5210 4047 5277 Quae-

2471 5302 2709 5355 stionum
2740 5302 3052 5371 Appendice
3076 5302 3245 5355 altera
3270 5301 3372 5356 sub
3396 5301 3487 5354 Ill.

2543 5393 2655 5462 (l7)
2693 5392 2905 5463 Agatho
2928 5392 3115 5453 abbas,
3141 5398 3197 5442 ut
3220 5392 3607 5445 taciturnitatis
3623 5390 3883 5445 virtutem
3904 5407 4053 5445 nan-

2470 5485 2729 5548 ciscatur,
2757 5493 2869 5538 tres
2894 5498 3067 5537 annos
3098 5482 3327 5550 lapidem
3353 5483 3407 5535 in
3432 5498 3526 5536 ore
3555 5491 3799 5551 gestasse
3839 5484 4047 5539 fertur.

2470 5575 2583 5631 νγ.
2618 5576 2721 5629 ΡΡ.
2746 5575 2927 5631 Rosw.
2962 5576 3058 5629 lib.
3083 5574 3126 5626 V
3150 5575 3318 5628 libell.
3341 5576 3393 5639 5,
3422 5575 3451 5626 7
3477 5591 3529 5644 p.
3563 5576 3685 5639 568,
3714 5576 3764 5629 1.
3788 5576 4053 5629 Tacitur-

2468 5668 2655 5721 nitatis
2683 5669 2925 5736 exempla
2961 5666 3250 5719 laudantur
3292 5667 3345 5719 in
3379 5665 3563 5720 Indice
3594 5683 3769 5720 rerum
3791 5666 3848 5719 in
3892 5666 4048 5720 Vitas

2477 5758 2696 5813 Patrum
2728 5758 2867 5828 apud
2899 5756 3263 5813 Rosweidum.
