4266 6360
179 412 284 478 Mi

1736 410 1961 466 VITAE.

3342 406 3445 468 142

180 535 259 595 ad
303 533 592 595 abbatem
638 532 994 606 Macarium,
1024 533 1181 594 dixit
1224 534 1283 594 ei
1319 552 1330 592 :
1370 534 1583 595 Habeo
1628 539 1752 593 tres
1782 542 1827 594 Α
1857 532 1990 610 ipsa
2023 532 2225 611 plecta
2253 548 2368 611 per
2397 532 2731 594 fenestram
2755 532 3171 594 descendebat
3199 533 3262 592 in
3293 548 3440 610 spe—

180 633 459 706 codices,
486 638 547 693 et
576 632 838 711 proﬁcio
870 650 945 693 ex
979 632 1248 694 lectione
1280 650 1520 695 eorum.
1551 632 1670 694 Sed
1702 639 1762 693 et

180 734 407 795 fratres
432 740 650 811 petunt
682 750 791 795 eos
823 734 900 794 ad
931 734 1289 811 legendum,
1315 740 1376 796 et
1410 735 1531 813 ipsi
1564 734 1760 813 proﬁ-

182 834 379 895 ciunt.
426 834 532 894 Dic
582 850 731 910 ergo
775 832 953 905 mihi,
976 832 1129 913 quid
1173 833 1375 894 debeo
1412 829 1658 893 facere?
1692 833 1763 891 Et

184 934 579 1011 respondens
628 951 821 994 senex
865 933 1020 994 dixit
1060 951 1073 992 :
1117 933 1275 993 Boni
1319 938 1465 993 sunt
1507 931 1762 1011 quidem

183 1038 386 1102 actus,
403 1030 511 1091 sed
540 1030 764 1091 melius
787 1031 1078 1091 omnibus
1101 1028 1381 1102 est,nihil
1415 1028 1760 1107 possidere.

184 1129 363 1199 Quod
396 1145 537 1189 cum
568 1128 887 1200 audiisset,
916 1127 1088 1201 abiit,
1122 1134 1183 1187 et
1217 1126 1493 1186 vendidit
1521 1141 1763 1186 memo-

185 1235 355 1289 ratos
401 1228 673 1302 codices,
704 1235 763 1289 et
812 1228 983 1288 dedit
1028 1227 1452 1303 indigentibus
1501 1227 1765 1303 pretium

184 1329 471 1407 ipsorum
508 1329 614 1408 (1).
654 1354 682 1385 ιο
725 1330 955 1390 Eadem
1004 1329 1069 1391 in
1126 1327 1685 1408 ApOphtbegmatis
1732 1345 1767 1387 a

185 1430 497 1490 Cotelerio
544 1430 725 1489 editis
770 1430 855 1491 ita
904 1435 1234 1490 narrantur
1272 1448 1285 1488 :
1331 1454 1358 1483 «
1402 1428 1768 1489 Theodorus

184 1528 379 1589 abbas
410 1526 708 1589 Pbermae
738 1534 864 1589 tres
894 1527 1096 1589 bonos
1128 1527 1321 1588 libros
1345 1526 1672 1605 possidens
1692 1525 1769 1587 ad

184 1627 524 1689 Macarium
577 1628 866 1689 abbatem
917 1628 1109 1700 venit,
1150 1634 1213 1689 et
1259 1645 1273 1687 :
1316 1630 1489 1695 Tres.
1540 1627 1767 1706 inquit,

187 1728 344 1788 mihi
372 1735 517 1789 sunt
552 1728 693 1788 libri
732 1728 1058 1807 praeclari,
1094 1745 1171 1789 ex
1200 1744 1469 1807 quorum
1502 1727 1771 1789 lectione

185 1830 459 1890 fructum
496 1832 709 1909 capio;
743 1829 961 1891 fratres
999 1847 1255 1909 quoque
1284 1829 1360 1891 iis
1395 1835 1676 1903 utuntur,
1710 1836 1773 1891 et
1802 1870 1845 1927 Β

187 1930 424 2009 pariter
478 1931 837 2009 proﬁciunt.
890 1930 1092 1992 Effare
1144 1930 1335 2007 igitur
1389 1928 1564 1999 mihi,
1614 1929 1767 2008 quid

188 2029 456 2090 debeam
520 2029 756 2103 facere;
798 2048 950 2092 num
998 2030 1077 2091 ad
1125 2048 1328 2091 meam
1382 2030 1770 2109 fratrumque

186 2129 521 2189 utilitatem
561 2148 673 2191 eos
716 2132 1041 2203 retineam,
1072 2148 1150 2191 an
1194 2130 1459 2191 vendam
1496 2130 1770 2209 demque

188 2226 618 2307 pauperibus?
668 2230 874 2290 Senex
913 2229 1599 2309 responditzPulchrae
1637 2229 1773 2309 qui-

190 2328 335 2388 dem
384 2331 665 2391 actiones
707 2338 873 2405 sunt,
906 2331 1016 2392 sed
1064 2329 1286 2392 melior
1334 2331 1626 2392 omnibus
1680 2336 1773 2391 est

194 2438 553 2508 paupertas.
587 2433 720 2503 Quo
759 2432 970 2493 audito
1013 2431 1317 2505 discessit,
1342 2448 1577 2509 eosque
1617 2449 1769 2491 ven-

192 2530 373 2603 didit,
403 2536 462 2591 et
492 2533 825 2610 pecuniam
858 2533 1029 2594 dedit
1058 2532 1439 2612 pauperibus
1461 2532 1568 2609 (2).
1599 2555 1626 2587 »
1654 2534 1775 2592 Ma-

192 2632 431 2692 carium
454 2635 824 2713 Aegyptium
850 2652 987 2697 esse
1011 2635 1159 2697 inde
1185 2636 1453 2697 coniicio
1473 2635 1580 2715 (3),
1603 2637 1771 2715 quod

194 2733 465 2795 Pherme
496 2753 696 2813 prOpe
728 2737 956 2797 Scetim
984 2737 1098 2798 sita
1130 2742 1280 2808 erat,
1315 2742 1375 2796 et
1410 2736 1775 2798 Theodorus

193 2834 338 2911 ipse
382 2833 561 2895 initio
604 2833 670 2894 in
714 2837 891 2895 Scete
934 2835 1083 2895 vixit
1110 2834 1215 2915 (4).
1254 2837 1594 2914 Paupertas
1633 2854 1775 2897 vero

197 2934 565 3012 principalis
586 2936 1040 3013 Aegyptiorum
1064 2942 1312 3014 patrum
1328 2936 1520 2995 virtus
1536 2935 1652 2996 fuit
1668 2936 1773 3015 (5).

284 3059 312 3088 α
350 3036 531 3095 Venit
570 3036 761 3096 abbas
808 3036 1108 3097 Macarius
1144 3036 1343 3096 maior
1377 3035 1455 3096 ad
1490 3037 1777 3097 abbatem

196 3135 540 3195 Antonium
559 3135 623 3195 in
645 3141 945 3209 montem,
962 3140 1180 3196 etcum
1202 3136 1509 3214 pulsasset
1526 3138 1773 3209 ostium,

197 3236 391 3295 exivit
425 3236 503 3296 ad
546 3254 691 3296 eum
732 3242 792 3296 et
830 3237 983 3297 dixit
1020 3236 1078 3297 ei
1106 3254 1117 3296 :
1142 3238 1235 3296 Tu
1268 3238 1408 3316 quis
1439 3235 1542 3299 es?
1569 3239 1642 3297 Et
1670 3238 1773 3299 ille
1800 3222 1843 3279 (ἶ

199 3338 484 3414 aitzEgo
530 3354 666 3397 sum
711 3336 1034 3398 Macarius.
1078 3338 1153 3397 Et
1198 3336 1497 3398 claudens
1547 3339 1774 3399 ostium

199 3438 471 3511 intravit,
502 3443 563 3498 et
600 3437 829 3498 dimisit
861 3454 1005 3497 eum
1042 3437 1216 3498 foris.
1258 3440 1329 3497 Et
1358 3455 1497 3499 cum
1527 3439 1777 3500 vidisset

201 3548 426 3618 postea
456 3539 817 3618 patientiam
854 3538 1009 3609 eius,
1038 3538 1284 3617 aperuit
1322 3538 1399 3597 ei.
1431 3539 1505 3598 Et
1542 3538 1775 3615 adgau-

201 3641 363 3701 dens
399 3639 459 3701 ei
497 3639 780 3701 dicebat:
813 3638 1070 3700 Multum
1107 3645 1357 3717 tempus
1394 3644 1509 3712 est,
1536 3656 1613 3699 ex
1651 3656 1778 3717 quo

202 3749 267 3801 te
298 3740 510 3801 videre
538 3737 1269 3812 desiderabam,audiens
1293 3739 1370 3799 de
1395 3745 1479 3798 te.
1510 3740 1581 3798 Et
1611 3739 1782 3800 exhi-

204 3842 367 3905 bens
402 3842 462 3902 ei
491 3840 976 3920 hospitalitatem
1004 3839 1221 3901 refecit
1249 3858 1425 3913 eum;
1460 3848 1591 3901 erat
1615 3841 1781 3901 enim

203 3942 414 4003 fessus
445 3941 524 4002 de
562 3941 759 4001 multo
797 3940 1036 4002 labore.
1061 3941 1337 4019 Vespere
1372 3947 1580 4002 autem
1619 3940 1783 4002 facto

202 4040 439 4101 infudit
480 4039 599 4100 sibi
636 4040 826 4100 abbas
862 4038 1169 4099 Antonius
1208 4036 1485 4099 modicas
1524 4038 1781 4116 palmas,

208 4148 272 4201 et
315 4140 467 4200 dicit
509 4140 567 4200 ei
610 4139 799 4201 abbas
846 4138 1185 4199 Macarius:
1214 4139 1301 4197 Da
1343 4137 1519 4209 mihi,
1560 4144 1627 4197 ut
1667 4154 1785 4214 ego

205 4238 538 4300 infundam
582 4238 752 4317 quod
782 4256 1030 4317 cperer.
1054 4238 1163 4298 llle
1194 4245 1401 4299 autem
1431 4238 1621 4299 dixit:
1648 4240 1787 4299 Non

209 4339 417 4400 habeo
462 4339 624 4417 plus.
671 4341 745 4398 Et
792 4338 1028 4399 faciens
1074 4338 1440 4399 fasciculum
1485 4339 1786 4399 maiorem

208 4438 442 4499 infudit
462 4455 629 4498 eum.
650 4440 723 4498 Et
749 4437 1037 4499 sedentes
1056 4456 1091 4499 a
1111 4456 1251 4500 sero
1273 4444 1333 4498 et
1355 4437 1788 4517 colloquentes

1862 632 2067 692 lunca.
2116 633 2191 691 Et
2232 631 2561 707 egrediens
2606 649 2789 693 mane
2835 637 3085 692 sanctus
3135 632 3441 691 Antonius

1862 732 2011 792 vidit
2041 732 2479 794 collectionem
2514 732 2859 811 plectarum
2894 731 3133 793 abbatis
3173 732 3438 801 Macarii,

1864 840 1926 894 et
1957 832 2296 894 admiratus
2326 841 2440 908 est,
2468 840 2529 893 et
2560 831 2875 894 osculatus
2908 849 3132 891 manus
3169 831 3304 891 eius
3342 830 3439 890 «li-

1864 933 2045 995 cebat
2087 950 2100 992 :
2143 932 2331 994 Multa
2376 933 2567 994 virtus
2612 932 2690 993 de
2737 932 2866 992 istis
2917 930 3232 1007 egreditur
3260 926 3368 1007 (6).
3408 949 3433 977 »

1864 1032 2094 1093 Eadem
2133 1032 2198 1093 in
2242 1031 2803 1111 ApOphthegmatis
2841 1049 2877 1092 a
2912 1029 3219 1092 Cotelerio
3259 1028 3440 1090 editis

1864 1132 2192 1193 traduntur
2214 1134 2321 1208 (7).
2354 1132 2687 1192 Macarium
2720 1147 2869 1191 vero
2902 1130 3270 1209 Aegyptium
3298 1147 3439 1189 cum

1867 1233 1927 1291 S.
1978 1231 2247 1292 Antonio
2290 1231 2360 1310 (ΐ-
2400 1232 2554 1291 XVI.
2588 1231 2711 1292 Cal.
2752 1231 2930 1292 Febr.
2967 1229 3111 1308 356)
3156 1229 3235 1311 (8)
3285 1246 3442 1291 con-

1869 1348 2150 1409 gressum
2204 1348 2371 1405 esse,
2434 1330 2536 1392 hic
2601 1330 2826 1391 iterum
2879 1329 3302 1408 comperimus
3335 1326 3440 1405 (9).

1869 1434 2063 1504 Quam
2102 1430 2359 1511 quidem
2392 1431 2714 1491 historiam
2749 1449 2893 1492 cum
2934 1431 3034 1504 iis,
3059 1448 3219 1508 quae
3260 1448 3445 1509 supra

1869 1533 1950 1596 de
2016 1533 2283 1596 Macario
2353 1532 2554 1611 Pispir
2620 1531 2914 1593 coenobii
2980 1531 3202 1592 abbate
3257 1531 3447 1592 relata

1870 1640 2017 1696 sunt
2047 1633 2192 1715 (10),
2225 1633 2733 1695 confundendam
2763 1649 2891 1693 non
2919 1648 3056 1692 esse
3087 1631 3267 1693 facile
3297 1650 3443 1711 per-

1872 1735 2080 1816 spicis.

1954 1860 1982 1891 α
2018 1835 2349 1897 Descendit
2401 1832 2741 1912 aliquando
2797 1832 2935 1911 ipse
3016 1832 3318 1892 Macarius
3372 1833 3449 1891 de

1872 1937 2065 1999 Scithi
2094 1937 2171 1999 ad
2202 1936 2411 1999 locum
2442 1934 2552 2014 qui
2582 1934 2808 1995 dicitur
2834 1931 3242 2003 Terenuthin,
3268 1938 3328 1992 et
3358 1932 3452 1991 in-

1867 2038 2048 2099 travit
2083 2038 2356 2099 dormire
2385 2037 2451 2097 in
2479 2040 2915 2105 monumento,
2943 2034 3049 2095 ubi
3079 2040 3255 2093 erant
3287 2032 3449 2093 anti-

1870 2139 2084 2216 quitus
2126 2138 2371 2217 sepulta
2416 2153 2683 2215 corpora
2725 2151 3134 2214 paganorum.
3168 2136 3241 2192 Et
3270 2134 3453 2193 traxit

1868 2255 2064 2299 unum
2103 2254 2335 2316 corpus
2378 2237 2494 2297 sub
2534 2243 2723 2313 caput
2759 2251 2942 2293 suum
2983 2239 3277 2310 tanquam
3309 2232 3451 2311 plu-

1871 2336 2127 2398 matium
2155 2337 2234 2397 de
2265 2336 2496 2415 scirpo.
2529 2333 2681 2403 151
2712 2334 3061 2395 Daemones
3093 2338 3324 2406 autem,
3358 2333 3449 2392 vi-

1873 2436 2092 2498 dentes
2130 2436 2420 2498 ﬁduciam
2462 2436 2619 2507 eius,
2649 2434 2831 2495 invisi
2873 2440 3039 2504 sunt,
3075 2439 3136 2495 et
3175 2432 3455 2495 volentes

1870 2546 2107 2600 terrere
2136 2556 2304 2609 eum,
2332 2537 2637 2598 vocabant
2667 2536 2845 2614 quasi
2880 2534 3195 2613 quandam
3228 2534 3453 2595 mulie-

1876 2656 2008 2701 rem
2048 2639 2331 2700 dicentes
2367 2655 2379 2696 :
2414 2640 2635 2698 Nonna
2679 2635 2807 2707 illa,
2840 2636 2983 2695 veni
3023 2634 3349 2695 nobiscum
3378 2636 3455 2696 ad

1877 2740 2191 2800 balneum.
2215 2741 2288 2798 Et
2310 2738 2465 2799 alter
2486 2737 2754 2798 daemon
2776 2735 2975 2796 desub
2996 2736 3135 2813 ipso
3159 2742 3454 2813 tanquam

1879 2858 1952 2901 ex
1981 2841 2241 2901 mortuis
2267 2840 2387 2900 illis
2416 2838 2740 2917 respondit
2766 2837 3014 2899 dicens:
3044 2836 3451 2912 Peregrinuir.

1879 2938 2192 3016 quendam
2215 2936 2417 2997 habeo
2442 2953 2629 3014 super
2651 2952 2775 3009 me,
2792 2950 2921 2995 non
2943 2950 3203 3013 possum
3217 2934 3447 2993 venire.

1880 3040 2083 3099 Senex
2112 3043 2319 3098 autem
2349 3053 2479 3097 non
2510 3035 2777 3114 expavit,
2813 3035 2920 3095 sed
2953 3033 3280 3095 conﬁdens
3311 3040 3419 3093 tun

1882 3138 2067 3199 debat
2113 3154 2347 3216 corpus
2401 3135 2578 3207 illud,
2626 3136 2843 3196 dicens
2878 3154 2889 3193 :
2924 3135 3142 3211 Surge,
3186 3133 3366 3206 vade,
3408 3136 3457 3193 si

1877 3244 2077 3315 potes.
2107 3235 2283 3307 Quod
2316 3251 2458 3295 cum
2488 3233 2833 3293 audiissent
2858 3232 3462 3306 daemones,clama-

1876 3344 2098 3397 verunt
2138 3352 2291 3396 voce
2336 3351 2557 3411 magna
2600 3333 2880 3393 dicentes
2915 3351 2927 3391 :
2964 3332 3171 3392 Vicisti
3218 3351 3354 3393 nos.
3390 3334 3460 3393 Et

1876 3437 2171 3514 fugerunt
2204 3433 2449 3495 confusi
2480 3432 2624 3513 (11).
2646 3456 2672 3488 »
2711 3432 2940 3493 Eadem
2974 3449 3073 3493 res
3103 3432 3169 3493 in
3200 3432 3455 3511 ApOpb-

1878 3536 2207 3613 thogmatis
2251 3552 2440 3612 saepe
2485 3533 2745 3594 laudatis
2776 3532 3042 3593 habetur
3073 3530 3217 3613 (12).
3266 3535 3449 3592 Tere—

1881 3636 2105 3698 nuthin
2153 3653 2299 3697 vero
2356 3634 2463 3694 ubi
2511 3634 2696 3694 situm
2747 3632 2955 3706 fuerit,
3001 3634 3281 3695 invenire
3330 3652 3453 3694 non

1882 3739 2081 3819 potui.

1963 3864 1991 3894 ‹‹
2026 3836 2303 3899 Narravit
2334 3834 2524 3896 abbas
2554 3836 2793 3907 Petrus,
2826 3836 2937 3912 qui
2971 3833 3087 3894 fuit
3116 3833 3463 3911 discipulus

1884 3939 2121 4001 abbatis
2159 3939 2295 4009 Lot,
2328 3935 2580 3995 dicens:
2615 3935 2795 3994 Eram
2827 3933 3164 4012 aliquando
3209 3933 3275 3993 in
3305 3932 3461 3993 cella

1886 4039 2121 4101 abbatis
2151 4034 2514 4114 Agathonis,
2546 4041 2608 4095 et
2646 4035 2815 4094 venit
2852 4033 3043 4096 frater
3085 4034 3337 4112 quidam
3385 4034 3461 4093 ad

1887 4158 2054 4213 eum,
2102 4139 2365 4200 dicens:
2412 4135 2572 4196 Volo
2620 4134 2900 4195 habitare
2948 4152 3089 4196 cum
3138 4134 3460 4207 fratribus,

1887 4241 1998 4303 sed
2020 4239 2121 4301 die
2149 4237 2324 4311 mihi,
2358 4236 2680 4315 quomodo
2712 4234 2985 4296 habitem
3017 4253 3159 4298 cum
3187 4235 3285 4295 iis.
3308 4235 3465 4295 Dicit

1888 4338 1948 4399 ei
1982 4352 2176 4397 senex
2206 4351 2218 4393 :
2250 4333 2421 4393 Sicut
2462 4332 2530 4392 in
2567 4332 2767 4411 prima
2798 4332 2923 4405 die,
2954 4332 3207 4411 quando
3248 4332 3462 4409 ingre-

1889 4436 2055 4498 deris
2076 4433 2155 4495 ad
2175 4448 2308 4505 eos,
2333 4431 2419 4491 ita
2441 4430 2684 4492 custodi
2705 4431 3273 4509 peregrinationem
3294 4438 3461 4491 tuam

211 4538 293 4601 de
335 4539 597 4601 utilitate
641 4540 983 4600 animarum
1032 4539 1340 4601 faciebant
1390 4540 1684 4619 plectam,
1726 4547 1787 4601 et
1820 4560 1862 4613 ι)
1892 4534 2182 4598 omnibus
2210 4531 2431 4593 diebus
2462 4531 2623 4592 vitae
2649 4537 2814 4601 tuae,
2846 4549 2963 4592 nec
2991 4549 3271 4593 assumas
3304 4531 3462 4591 ﬁdu-

286 4792 363 4857 (I)
403 4789 517 4845 VV.
552 4791 653 4845 PP.
681 4792 844 4846 Rosw
869 4792 963 4845 lib.
988 4791 1027 4843 V
1052 4794 1220 4847 libell.
1243 4795 1295 4859 6,
1322 4793 1355 4845 6
1379 4809 1431 4862 p.
1462 4793 1567 4847 582
1593 4808 1675 4860 sq.

286 4886 364 4953 (Ξ)
404 4884 639 4938 Coteler.
686 4882 831 4937 Eccl.
872 4883 1067 4939 Graec.
1110 4883 1253 4938 Mon.
1288 4884 1350 4937 T.
1396 4884 1413 4937 l
1444 4900 1496 4953 p.
1524 4884 1619 4937 451
1656 4899 1699 4936 s.
1732 4900 1782 4935 v.

216 4978 523 5033 Theodorus
547 4976 877 5030 Pltermemis
903 4976 929 5047 ς
952 4976 1003 5043 l;
1036 4977 1177 5030 infra
1203 4979 1257 5032 in
1284 4978 1474 5031 harum
1502 4975 1789 5041 Quaestio-

212 5086 341 5126 nem
364 5069 676 5138 Appendice
692 5069 860 5123 altera
885 5070 986 5124 sub
1013 5068 1102 5122 IV.

286 5162 366 5231 (ὅ)
406 5161 545 5216 Hist.
578 5161 742 5216 Laus.
774 5162 861 5215 ed.
906 5161 1105 5216 Meurs.
1135 5176 1256 5231 cap.
1300 5160 1370 5216 24
1401 5160 1538 5233 Opp.
1582 5161 1783 5217 Meurs.

216 5259 254 5309 l.
291 5258 328 5310 Ι.
357 5271 409 5323 p.
436 5255 561 5314 M7:
591 5254 664 5307 cf.
688 5254 927 5308 Palladii
960 5253 1588 5309 HistoriamLausiacam
1617 5259 1686 5308 ad
1704 5273 1784 5309 co-

214 5348 353 5401 dicis
384 5345 799 5399 Vindobonensis
831 5346 987 5413 ﬁdem
1014 5345 1235 5399 breviter
1262 5345 1603 5408 delinealam,
1644 5346 1784 5399 infra

217 5442 349 5495 huic
368 5446 588 5494 nostrae
616 5439 845 5496 editioni
873 5438 1145 5493 Historiae
1181 5437 1479 5493 Lausiacae
1501 5440 1781 5508 praeposi-

216 5546 353 5586 tam.

290 5624 368 5685 (4)
408 5623 641 5677 Coteler.
694 5623 731 5675 1.
780 5623 814 5674 1.
864 5638 916 5690 p.
959 5621 1083 5675 457.
1137 5620 1241 5673 458
1295 5635 1340 5674 s.
1392 5635 1444 5671 v.
1490 5617 1789 5671 Theodorus

219 5706 560 5765 Phermensis
589 5710 616 5781 §
644 5709 809 5764 XXV.
843 5709 1033 5763 XXVI.
1062 5707 1277 5762 XXVII.

292 5804 372 5873 (ὃ)
412 5803 495 5855 Cf.
546 5802 816 5859 Rosweidi
852 5802 1088 5857 Indicem
1115 5818 1295 5857 rerum
1342 5802 1397 5855 in
1450 5798 1559 5853 VV.
1606 5798 1784 5853 Rosw.

221 5910 271 5951 ε.
307 5912 356 5947 v.
381 5893 702 5959 Paupertas.

1964 4786 2038 4855 (6)
2078 4785 2192 4841 VV.
2222 4784 2325 4838 PP.
2357 4784 2542 4841 Rosw.
2572 4785 2662 4839 lib.
2707 4784 2770 4838 V.
2811 4785 2976 4840 libell.
3008 4785 3060 4847 7,
3099 4784 3132 4838 9
3169 4800 3222 4853 p.
3258 4784 3448 4846 585,1.

1962 4878 2037 4946 (7)
2076 4877 2306 4931 Coteler.
2329 4874 2476 4930 Eccl.
2499 4875 2690 4929 Graec.
2718 4874 2860 4929 Mon.
2887 4874 2949 4929 T.
2978 4876 2997 4928 l
3023 4891 3071 4943 p.
3097 4874 3202 4929 550
3222 4890 3301 4943 sq.
3335 4892 3383 4930 s.
3407 4895 3424 4927 ν,

1896 4967 2167 5023 Macarius
2202 4970 2485 5039 Aegyptius
2514 4968 2541 5039 §
2572 4967 2675 5033 IV;
2706 4966 2846 5021 infra
2871 4968 2925 5021 in
2961 4968 3149 5021 barum
3175 4967 3431 5033 Quaestio

1893 5077 2023 5115 num
2047 5059 2361 5131 Appendice
2386 5061 2555 5114 altera
2585 5059 2687 5114 sub
2716 5058 2801 5111 ΙΙΙ.

1964 5154 2041 5223 (8)
2078 5152 2160 5207 cr.
2191 5152 2480 5208 Tillemont
2508 5151 2792 5205 Mémoires
2814 5150 2875 5203 T.
2906 5150 2989 5203 vn
3014 5149 3073 5203 Ρ.
3106 5150 3125 5203 l
3154 5168 3205 5221 p.
3237 5153 3341 5207 228

1962 5244 2036 5311 (9)
2076 5243 2157 5298 Cf.
2205 5242 2601 5313 Apophthegm.
2660 5242 2890 5295 Coteler.
2946 5242 2980 5293 l.
3021 5242 3052 5293 Ι.
3110 5257 3144 5305 p
3214 5244 3319 5296 539
3371 5261 3456 5313 sq.

1891 5338 1919 5409 §
1946 5335 2144 5403 xxvr;
2172 5335 2359 5406 infra§
2386 5336 2475 5391 33.

1962 5429 2073 5498 (10)
2114 5427 2199 5483 Cf.
2236 5442 2400 5495 supra
2439 5426 2466 5497 §
2499 5427 2569 5480 24
2598 5441 2653 5495 p.
2682 5426 2782 5479 l05
2812 5441 2895 5491 sq.

1962 5521 2071 5589 (li)
2112 5518 2225 5572 vv.
2249 5518 2352 5572 PP.
2386 5520 2569 5572 Rosw.
2594 5516 2688 5569 lib.
2714 5514 2947 5569 Vlibell.
2980 5516 3028 5576 7.
3069 5516 3133 5570 ίο
3158 5531 3207 5585 p.
3245 5516 3369 5580 585,
3404 5516 3436 5569 2

1965 5611 2077 5680 (ω
2116 5611 2353 5666 Coteler.
2389 5609 2537 5664 Eccl.
2562 5607 2755 5662 Graec.
2782 5606 2925 5661 Mon.
2956 5609 3020 5662 Τ.
3054 5607 3150 5675 lp.
3193 5605 3297 5662 535
3324 5624 3368 5662 s.
3410 5634 3426 5661 δ

1901 5703 2171 5757 Macarius
2218 5703 2496 5772 Aegyptius
2532 5702 2559 5772 §
2605 5698 2719 5754 XIII
2747 5718 2759 5765 ;
2792 5698 2934 5754 infra
2971 5700 3022 5753 in
3061 5700 3251 5754 barum
3281 5699 3430 5767 Quae

1899 5800 2141 5853 stionuin
2168 5796 2475 5865 Appendicc
2511 5796 2677 5847 altera
2712 5792 2809 5845 sul‘
2846 5790 2925 5845 Ill.
