4266 6360
807 426 910 486 143

1653 426 1753 482 SS.
1792 426 2254 484 MACARIOIIUM
2295 429 2615 485 AEGYPTII
2648 431 2731 483 ET
2767 426 3231 485 ALEXANDIIINI

3964 418 4064 479 144

806 543 989 604 ciam.
1025 542 1180 606 Dicit
1209 543 1266 605 ei
1295 544 1483 606 abbas
1518 546 1819 606 Macarius
1852 564 1863 605 :
1898 546 2053 620 Quid
2088 547 2250 607 enim
2286 548 2379 608 fa-
2419 560 2462 615 Α
2496 550 2624 609 ritis
2653 565 2905 628 pueros,
2939 547 3133 608 tollite
3181 544 3441 604 melotes
3472 548 3724 610 vestras,
3760 545 3821 599 et
3853 538 4062 600 disce—

810 642 1188 715 cit-ﬁducia?
1214 646 1368 706 Dicit
1398 646 1452 706 ei
1479 663 1669 706 senex
1704 664 1716 705 :
1752 648 1849 708 Sic
1881 654 1972 707 est
1994 648 2151 708 sicut
2179 657 2383 709 aestus

814 742 1095 821 grandis;
1120 745 1226 823 qui
1254 745 1505 823 quando
1536 747 1855 819 exarserit,
1886 764 2107 808 omnes
2140 748 2387 826 fugiunt

812 858 846 902 a
879 842 1036 903 facie
1066 845 1218 920 ejus,
1251 844 1393 922 quia
1425 851 1629 905 aestus
1682 847 1866 905 etiam
1910 847 2204 907 arborum
2250 847 2385 909 fru-

814 949 952 1004 ctus
972 946 1337 1023 corrumpit.
1363 944 1523 1005 Dixit
1543 945 1734 1006 abbas
1752 947 2049 1008 Macarius
2075 965 2087 1006 :
2113 948 2211 1009 Sic
2229 947 2388 1010 mala

816 1043 1042 1106 ﬁducia
1086 1042 1217 1105 est?
1252 1047 1599 1125 Respondit
1642 1047 1834 1109 abbas
1882 1048 2168 1125 Agathon
2203 1069 2216 1109 :
2250 1052 2388 1110 Non

820 1152 915 1206 est
950 1144 1133 1223 peior
1162 1144 1354 1205 altera
1382 1147 1588 1224 passio
1617 1164 1803 1225 quam
1837 1149 2092 1224 fiducia;
2124 1150 2389 1228 genitrix

821 1249 913 1303 est
942 1242 1107 1303 enim
1153 1244 1434 1303 omnium
1475 1245 1863 1323 passionum.
1896 1249 2195 1309 Convenit
2241 1266 2391 1326 ergo

821 1344 1103 1423 Operatio
1148 1345 1457 1406 monacho
1497 1363 1626 1407 non
1670 1364 1916 1409 sumere
1952 1349 2264 1423 ﬁduciam,
2301 1350 2392 1410 vel

822 1443 875 1503 si
918 1442 1088 1505 solus
1130 1445 1207 1505 sit
1242 1446 1307 1505 in
1350 1445 1507 1507 cella
1543 1448 1647 1525 (1).
1701 1470 1729 1503 υ
1762 1450 1895 1511 Hoc
1922 1450 2260 1526 Agathonis
2290 1467 2391 1511 re-

822 1560 1125 1622 sponsum
1157 1544 1327 1605 fratri
1358 1544 1569 1606 datum
1600 1548 1785 1607 etiam
1811 1548 1876 1609 in
1908 1548 2067 1609 libro
2096 1551 2279 1611 tertio
2311 1550 2392 1629 (2)

827 1650 889 1704 et
914 1645 979 1703 in
1008 1644 1168 1706 libro
1190 1647 1455 1724 septimo
1481 1646 1560 1723 (3)
1586 1647 1774 1724 legis;
1803 1648 1913 1709 sed
1939 1649 2185 1710 Macarii
2209 1653 2397 1713 verba

827 1742 890 1803 in
947 1742 1094 1804 solis
1156 1745 1712 1824 Apophthegmatis
1770 1766 1804 1808 a
1858 1749 2161 1811 Cotelerio
2218 1752 2399 1813 editis

829 1841 1139 1902 adduntur
1186 1842 1290 1919 (4).
1341 1847 1505 1916 Quae
1542 1863 1621 1906 an
1672 1847 1793 1906 sint
1837 1849 2126 1926 Aegyptii
2154 1851 2400 1911 Macarii

829 1941 1038 2014 verba,
1070 1960 1198 2003 non
1231 1943 1375 2003 satis
1409 1946 1809 2024 perspicuum
1835 1955 1947 2007 est.
1975 1949 2215 2008 Etenim
2247 1953 2399 2026 Aga-

829 2041 982 2102 thon
1004 2042 1193 2104 abbas
1210 2043 1363 2113 152
1378 2046 1438 2105 in
1457 2048 1635 2107 Scete
1654 2064 1779 2108 non
1795 2048 2035 2109 videtur
2048 2049 2269 2110 vixisse
2289 2050 2394 2129 (5);

831 2143 1048 2203 Petrus
1086 2150 1293 2204 autem
1340 2146 1530 2206 abbas
1558 2146 1622 2207 in
1667 2147 1911 2208 Cellulis
1944 2148 2258 2210 habitabat
2289 2150 2395 2230 (6),

833 2248 895 2301 et
921 2244 1033 2303 Lot
1060 2244 1418 2321 magistrum
1459 2245 1591 2305 eius
1620 2246 1683 2306 in
1720 2263 1905 2325 parva
1948 2247 2173 2326 palude
2215 2252 2398 2311 Arse-

834 2344 1020 2404 noitis
1050 2344 1321 2420 regionis
1350 2344 1592 2421 degisse
1624 2346 1962 2407 credideris
1999 2348 2104 2426 (7).

916 2467 943 2499 α
975 2445 1177 2505 Abbas
1228 2447 1527 2507 Macarius
1570 2447 1785 2508 volens
1832 2449 2141 2511 consolari
2183 2450 2403 2512 fratres

835 2542 1080 2605 dicebat
1112 2562 1124 2603 :
1159 2545 1339 2605 Venit
1374 2545 1496 2607 huc
1528 2548 1862 2626 aliquando
1894 2568 2036 2610 cum
2068 2559 2261 2611 matre
2290 2570 2404 2613 sua

837 2663 1015 2726 puer,
1049 2648 1227 2725 quia
1271 2648 1602 2710 daemonio
1649 2652 2004 2725 vexabatur,
2057 2660 2117 2713 et
2162 2654 2408 2715 dicebat

838 2748 1018 2807 matri
1066 2764 1258 2808 suae:
1312 2749 1537 2825 Surge,
1588 2767 1802 2810 eamus
1846 2750 2011 2813 hinc.
2057 2753 2167 2813 Illa
2198 2761 2406 2815 autem

842 2848 1087 2909 dicebat
1116 2867 1128 2907 :
1152 2850 1289 2910 Non
1311 2866 1566 2928 possum
1584 2852 1848 2929 pedibus
1866 2853 2206 2913 ambulare.
2231 2854 2303 2913 Et
2321 2854 2409 2914 di-

843 2947 1023 3008 cebat
1044 2948 1101 3008 ei
1123 2947 1282 3009 ﬁlius
1301 2966 1449 3009 suus
1470 2967 1482 3009 :
1502 2952 1630 3026 Ego
1647 2958 1706 3011 te
1735 2959 1939 3030 porto.
1974 2954 2047 3012 Et
2074 2954 2409 3015 admiratus

844 3065 983 3107 sum
1020 3048 1303 3108 astutiam
1342 3048 1743 3123 daemonum,
1766 3052 2087 3129 quomodo
2125 3070 2233 3113 eos
2262 3052 2408 3113 inde

846 3148 1063 3222 fugare
1090 3141 1333 3208 volebat
1368 3147 1473 3227 (8).
1500 3174 1526 3204 »
1559 3150 1729 3210 Idem
1756 3152 1821 3211 in
1852 3152 2411 3230 ApOphthegmatis

2489 650 2615 709 dite
2650 648 2795 727 (10).
2835 672 2861 703 υ
2897 647 3173 707 Eandem
3203 643 3449 705 Macarii
3478 640 3764 718 Aegyptii
3792 638 4066 717 pr0phe-

2490 749 2637 808 tiam
2667 748 2731 808 in
2763 744 3319 826 Apophthegmatis
3345 760 3380 803 a
3416 741 3723 803 Cotelcrio
3753 738 3937 800 editis
3963 737 4066 797 de-

2490 846 2830 926 prehendis
2862 845 3009 927 (11).
3040 848 3353 917 Quaenam
3383 842 3579 903 Scetis
3607 839 3947 901 devastatio
3976 839 4066 899 in-

2491 954 2742 1020 nuatur,
2774 964 2926 1007 num
2954 946 3069 1007 sub
3112 944 3303 1005 Lucio
3346 943 3715 1003 Arianorum
3762 938 4069 1018 episcopo

2491 1047 2897 1109 Alexandriae
2927 1046 3192 1108 Macario
3237 1044 3569 1122 superstite
3611 1041 3770 1102 facta
3805 1038 3955 1118 (12),
3990 1056 4069 1099 an

2492 1148 2595 1209 illa
2642 1147 3069 1219 barbarorum,
3118 1145 3226 1225 qui
3274 1146 3534 1222 Moysen
3587 1141 3874 1202 abbatem
3926 1155 4071 1199 cum

2495 1245 2680 1307 sociis
2708 1245 3095 1307 trucidarunt
3129 1242 3273 1320 (l3),
3310 1259 3389 1303 an
3420 1242 3597 1302 tertia
3622 1238 3935 1318 quaedam
3965 1254 4076 1297 no-

2496 1345 2592 1405 bis
2620 1345 2961 1423 incognita,
2990 1344 3261 1405 discerni
3302 1344 3401 1404 vix
3448 1341 3698 1421 poterit.
3728 1336 4075 1399 Tillemon-

2500 1447 2617 1507 lius
2652 1448 3039 1507 invasionem
3085 1445 3490 1505 barbarorum
3526 1443 3810 1514 istorum,
3848 1455 4013 1518 quos
4045 1455 4079 1498 c

2499 1546 2928 1607 crudelissima
2982 1545 3283 1606 Mazicum
3356 1549 3541 1621 gente
3598 1541 3790 1601 fuisse
3860 1538 4079 1599 nescio

2500 1648 2729 1724 quibus
2755 1647 2833 1707 de
2862 1646 3209 1707 rationibus
3248 1644 3578 1715 existimat,
3614 1640 3769 1710 153
3800 1638 4083 1719 praedici

2502 1746 2844 1806 autumavit
2881 1744 3028 1825 (14).
3073 1746 3158 1804 Ea
3200 1749 3432 1810 autem,
3466 1759 3629 1821 quae
3665 1742 3727 1801 S.
3780 1739 4081 1816 Augusti-

2503 1861 2619 1903 nus
2670 1844 2747 1905 de
2804 1842 3067 1921 Aegypti
3122 1842 3513 1903 monasteriis
3565 1839 3897 1901 devastatis
3953 1845 4082 1898 tra-

2506 1944 2661 2005 didit
2691 1944 2837 2022 (15),
2872 1944 2993 2005 huc
3028 1962 3155 2005 non
3190 1951 3475 2023 Spectare
3505 1942 3809 2003 videntur.

2584 2046 2842 2118 Quando
2871 2044 3030 2107 liber
3073 2048 3328 2125 quintus
3374 2042 3760 2121 compositus
3803 2040 3903 2111 sit,
3956 2057 4087 2100 non

2507 2146 2653 2205 satis
2702 2151 2966 2205 constat.
3016 2146 3327 2204 Laudatur
3360 2151 3569 2202 autem
3612 2157 3647 2200 a
3677 2139 3901 2200 Photio
3935 2138 4086 2215 (16),

2509 2251 2569 2305 et
2608 2244 2926 2321 Pelagium
2972 2244 3113 2306 libri
3157 2244 3563 2322 interpretem
3612 2238 3863 2301 saeculo
3909 2246 4090 2298 sexto

2508 2347 2754 2420 vixisse,
2788 2363 2916 2407 non
2944 2352 3179 2406 temere
3224 2344 3633 2405 coniecerunt
3679 2340 3825 2420 (17).
3859 2338 3983 2399 Sed
4013 2339 4092 2398 ad

2514 2453 2741 2513 librum
2770 2459 3014 2513 sextum
3043 2451 3398 2515 transimus.

2592 2556 2642 2627 §.
2675 2552 2771 2612 34.
2822 2553 3006 2613 Libro
3061 2559 3237 2612 sexto
3290 2548 3586 2610 undecim
3641 2547 3857 2607 insunt
3888 2544 4093 2605 histo-

2513 2654 2640 2713 riae
2670 2654 2746 2715 de
2775 2652 3074 2725 Macariis,
3106 2670 3370 2731 quarum
3418 2656 3656 2729 septem
3708 2648 3787 2709 de
3827 2647 4097 2707 Macario

2513 2754 2818 2832 Aegyptio
2869 2760 3199 2832 postquam
3248 2752 3539 2828 fatigatus
3586 2749 3802 2821 oravit,
3852 2747 4096 2808 elevato

2515 2861 2577 2915 et
2631 2861 2799 2913 trans
2865 2854 3100 2914 ﬂumen
3170 2851 3442 2912 demisso
3489 2848 3648 2927 (18),
3706 2847 3785 2908 de
3848 2845 4101 2907 duobus

2516 2952 3019 3013 adolescentibus
3088 2949 3438 3030 peregrinis
3515 2948 3806 3007 eumdem
3892 2946 4099 3004 Maca-

2519 3055 2677 3113 rium
2724 3052 3097 3113 adeuntibus
3146 3056 3207 3110 et
3251 3057 3421 3109 tanta
3455 3049 3679 3108 virtute
3728 3043 4098 3107 excellenti-

2518 3155 2635 3214 bus
2681 3152 2827 3233 (19),
2897 3152 2975 3212 de
3038 3150 3447 3211 Macariorum
3516 3165 3659 3209 cum
3698 3145 3948 3206 duobus
3994 3145 4102 3204 tri-

848 3263 881 3307 a
911 3246 1215 3309 Cotelcrio
1243 3248 1423 3309 editis
1454 3249 1715 3311 habetur
1744 3252 1847 3330 (9).
1898 3254 2025 3313 Utri
2062 3261 2269 3313 autem
2294 3256 2415 3313 Ma-
2441 3272 2483 3328 ο
2516 3254 2701 3313 bunis
2769 3268 3111 3327 congressu
3182 3249 3422 3309 adiecta
3498 3247 3604 3307 illa
3678 3245 4103 3323 descriptione

848 3345 1157 3405 cariorum
1200 3362 1299 3407 res
1326 3346 1655 3409 tribuenda
1684 3349 1779 3420 sit,
1814 3348 2090 3414 historia.
2124 3368 2283 3428 quae
2313 3368 2415 3413 se-

850 3442 1082 3519 quitur,
1114 3443 1369 3505 indicat.

932 3567 957 3597 α
990 3545 1242 3604 Dicebat
1287 3545 1510 3606 iterum
1558 3546 1636 3606 de
1685 3546 2067 3607 desolatione
2108 3548 2298 3609 Scithi
2340 3549 2417 3609 ad

856 3644 1069 3704 fratres
1108 3661 1120 3702 :
1153 3644 1409 3715 Quando
1446 3645 1717 3705 videritis
1766 3646 1984 3706 cellam
2032 3646 2415 3708 aedificatam

857 3743 1022 3802 iuxta
1067 3742 1381 3821 paludem,
1423 3746 1663 3818 scitote,
1698 3747 1841 3824 quia
1879 3764 2079 3825 prope
2109 3755 2203 3807 est
2232 3748 2417 3809 deso-

861 3845 1002 3904 tatio
1041 3844 1264 3917 Scithi;
1309 3847 1560 3923 quando
1600 3854 1807 3907 autem
1838 3848 2093 3908 arbores
2124 3849 2420 3921 videritis,

860 3945 979 4003 iam
1024 3953 1167 4006 ante
1222 3948 1471 4008 ianuam
1528 3956 1650 4019 est;
1705 3947 1957 4025 quando
1998 3955 2205 4008 autem
2250 3948 2423 4008 vide-

932 4166 1007 4235 (1)
1049 4162 1162 4219 νγ.
1199 4163 1303 4218 ΡΡ.
1338 4162 1519 4218 Rosw.
1564 4165 1654 4217 lib.
1688 4164 1731 4216 V
1763 4166 1928 4220 libell.
1963 4166 2049 4229 10,
2081 4166 2114 4220 8
2145 4164 2342 4235 p.596,
2373 4164 2426 4217 2.

935 4258 1015 4327 (2)
1054 4258 1192 4312 Ibid.
1234 4258 1324 4311 lib.
1353 4256 1418 4309 ιιι
1455 4274 1575 4326 cap.
1614 4258 1718 4313 198
1752 4274 1803 4327 ρ.
1832 4258 1955 4320 529,
1989 4258 2043 4312 2.

935 4349 1012 4418 (ὅ)
1055 4346 1189 4401 Ibid.
1222 4348 1317 4401 lib.
1356 4346 1443 4399 vu
1479 4363 1599 4416 cap.
1627 4347 1715 4407 t2.
1750 4349 1771 4400 1
1810 4364 1862 4417 p.
1896 4349 2020 4411 683,
2064 4348 2112 4402 1.

937 4438 1015 4509 (4)
1050 4438 1281 4493 Coteler.
1314 4438 1460 4492 Eccl.
1492 4437 1683 4491 Graec.
1718 4438 1861 4491 Mon.
1900 4438 1964 4491 T.
2005 4436 2021 4490 1
2050 4453 2102 4507 p.
2136 4437 2240 4491 572
2270 4453 2352 4507 sq.
2382 4453 2428 4491 s.

869 4546 919 4583 ν.
952 4529 1196 4598 Agathon
1239 4528 1266 4598 §
1303 4528 1322 4581 I
1356 4547 1369 4594 ;
1402 4528 1541 4581 infra
1592 4530 1645 4581 in
1675 4529 1867 4582 harum
1895 4527 2289 4594 Quaestionum
2326 4530 2433 4598 Ap—

871 4622 1099 4689 pendice
1127 4621 1296 4674 altera
1332 4620 1433 4675 sub
1458 4619 1545 4675 IV.

944 4711 1019 4780 (5)
1059 4709 1365 4780 Congressu
1391 4712 1443 4763 in
1472 4710 1631 4764 Scete
1662 4710 1848 4765 habito
1876 4712 2123 4782 Agatbon
2152 4712 2320 4766 abbas
2349 4728 2439 4765 ve-

877 4804 958 4856 nit
984 4803 1353 4871 fratribusque
1383 4818 1492 4856 non
1533 4813 1679 4857 recte
1706 4806 1974 4857 sancitum
2000 4819 2123 4857 esse
2158 4804 2291 4857 dixit
2325 4822 2337 4867 ;
2377 4819 2443 4856 cx

877 4909 987 4962 quo
1009 4909 1131 4947 eum
1164 4895 1219 4947 in
1251 4894 1410 4948 Scete
1462 4910 1568 4947 non
1607 4896 1881 4949 habitasse
1912 4904 2057 4949 recte
2082 4896 2326 4963 colliges.
2358 4894 2440 4949 Cf.

2525 3355 2721 3415 Scetis
2754 3351 2900 3430 (20),
2933 3352 3011 3412 de
3041 3350 3253 3412 cranio
3290 3348 3555 3409 Macario
3598 3346 3906 3425 Aegyptio
3946 3364 4102 3423 poe-

2525 3472 2636 3515 nas
2659 3453 3047 3514 infernorum
3086 3455 3413 3511 enarrante
3445 3446 3591 3525 (21),
3617 3448 3695 3507 de
3724 3445 4105 3506 revelatione

2526 3554 2731 3615 eidem
2764 3552 3029 3613 Macario
3060 3551 3242 3623 facta,
3277 3551 3480 3628 ipsum
3514 3548 3799 3606 virtutem
3840 3546 4104 3605 duarum

2525 3650 2856 3711 mulierum
2902 3649 3182 3710 nondum
3225 3646 3501 3722 attigisse
3534 3644 3677 3724 (22),
3713 3644 3789 3704 de
3822 3643 4103 3703 eiusdem

2527 3749 2773 3810 Macarii
2794 3750 2983 3809 verbo
3008 3747 3178 3827 quod
3200 3746 3354 3806 dixit
3375 3745 3633 3821 Evagrio
3660 3763 3675 3805 :
3696 3743 3927 3805 Umbra
3951 3760 4105 3803 con-

2529 3853 2737 3907 tentus
2766 3852 2899 3905 esto
2934 3845 3077 3925 (23),
3126 3844 3205 3904 de
3252 3844 3527 3903 eiusdem
3572 3840 4009 3913 aiﬁrmatione,
4043 3858 4107 3900 se

2530 3947 2747 4024 viginti
2774 3946 2953 4007 annis
2996 3963 3179 4023 aqua.
3212 3962 3375 4022 pane
3418 3953 3478 4004 et
3511 3960 3734 4005 somno
3763 3942 4107 4003 satietatem

2538 4164 2811 4218 Macarius
2844 4164 3129 4232 Aegyptius
3160 4164 3187 4233 §
3236 4162 3277 4214 V
3305 4182 3318 4226 ;
3358 4163 3497 4216 infra
3532 4165 3584 4217 in
3612 4164 3802 4218 harum
3821 4162 4112 4230 Quaestio-

2541 4274 2667 4312 num
2702 4260 3012 4326 Appendice
3041 4259 3209 4311 altera
3251 4258 3353 4309 sub
3383 4255 3467 4310 Ill.

2614 4348 2723 4415 (12)
2764 4346 2848 4400 Cf.
2882 4362 3045 4415 supra
3078 4346 3104 4415 §
3135 4348 3166 4399 6
3199 4363 3249 4415 p.
3286 4349 3350 4399 16
3404 4362 3524 4415 sqq.
3561 4347 3606 4416 §.
3642 4346 3712 4398 27
3742 4363 3793 4415 p.
3831 4348 3935 4400 115
3957 4358 4013 4400 et
4043 4349 4115 4399 in.

2544 4436 2622 4490 rm
2651 4439 2780 4506 Cap.
2818 4435 2930 4489 vm
2965 4436 3105 4507 δη.

2613 4530 2723 4597 (15)
2767 4528 2839 4581 De
2864 4530 2963 4581 hac
2985 4528 3150 4582 caede
3168 4526 3240 4581 cf.
3269 4527 3377 4581 VV.
3408 4528 3507 4582 PP.
3543 4528 3724 4582 Rosw.
3752 4530 3842 4583 lib.
3870 4528 3913 4582 V
3943 4530 4111 4584 libell.

2548 4618 2632 4681 18,
2670 4618 2757 4670 15.
2789 4618 2873 4673 Η.
2903 4616 3125 4670 Coteler.
3180 4617 3327 4670 Eccl.
3360 4617 3550 4671 Graec.
3592 4616 3735 4670 Man.
3780 4620 3843 4671 Τ.
3882 4617 3982 4687 1p.

2547 4725 2591 4762 s.
2621 4725 2671 4759 γ.
2708 4706 2854 4759 Mose
2901 4706 3135 4777 abbas
3173 4706 3240 4761 Χ.

2614 4800 2725 4867 (14)
2760 4797 3050 4851 'I‘illemont
3080 4798 3366 4853 Ménmires
3395 4800 3459 4853 T.
3490 4798 3597 4851 VIII
3622 4800 3683 4852 Ρ.
3712 4800 3776 4853 III
3804 4818 3851 4870 p.
3882 4802 4011 4863 992,
4042 4802 4114 4855 cf.

2546 4891 2607 4943 T.
2649 4891 2687 4943 Χ
2721 4890 2809 4947 ed.
2848 4890 3021 4943 Paris.
3061 4906 3112 4959 p.
3147 4892 3237 4945 75.
3273 4891 3393 4944 728.
3428 4891 3502 4945 De
3535 4892 3798 4947 Mazicum
3842 4904 4005 4963 gente
4041 4894 4111 4947 cf.

880 4985 1116 5039 Coteler.
1140 4985 1283 5039 Eccl.
1314 4985 1506 5040 Graec.
1538 4987 1677 5039 Μυη.
1700 4986 1761 5039 Τ.
1792 4986 1808 5039 I
1841 5004 1894 5056 p.
1920 4987 2022 5040 577
2046 5004 2091 5041 s.
2120 5004 2169 5039 v.
2204 4988 2447 5057 Agat/mn
2548 4982 2751 5033 Pallad.
2793 4980 2925 5034 Hist.
2955 4980 3119 5034 Laus.
3154 4997 3274 5049 cap.
3308 4982 3358 5035 8.
3393 4982 3637 5037 Cassiani.
3675 4984 3813 5037 Coll.
3846 4983 3910 5048 ll,
3938 4987 3989 5036 6.

884 5076 911 5147 §
938 5075 1076 5131 xw.

955 5170 1029 5239 (6)
1068 5168 1304 5223 Coteler.
1353 5167 1499 5220 Eccl.
1533 5166 1727 5221 Graec.
1767 5167 1909 5224 Mun.
1948 5170 2011 5221 T.
2045 5168 2139 5238 Ip.
2175 5169 2276 5222 646
2302 5185 2348 5221 s.
2398 5185 2445 5219 v.

892 5262 1080 5316 Petrus
1114 5260 1327 5313 Piom’ta
1358 5258 1385 5327 ς
1420 5259 1458 5313 I.

962 5352 1038 5421 (7)
1079 5350 1213 5404 Ibid.
1250 5366 1303 5419 ρ.
1336 5350 1433 5403 521
1470 5365 1515 5403 s.
1542 5366 1591 5401 ν.
1632 5350 1728 5402 Lat
1758 5347 1969 5418 abbas§
2002 5347 2038 5401 Ι.

964 5442 1040 5513 (8)
1081 5438 1193 5493 νγ.
1225 5440 1326 5495 ΡΡ.
1362 5442 1546 5496 IIosw.
1578 5442 1670 5495 lib.
1692 5441 1732 5493 ν
1767 5442 1931 5494 libell.
1960 5443 2044 5501 18,
2076 5442 2213 5509 10p.
2247 5440 2448 5503 638,1.

964 5534 1039 5605 (9)
1075 5532 1307 5589 Coteler.
1356 5533 1504 5586 Eccl.
1530 5531 1721 5587 Graec.
1776 5530 1919 5585 Mon.
1958 5530 2020 5584 T.
2056 5532 2157 5601 I'p.
2187 5533 2282 5585 551
2322 5552 2366 5586 δ.
2402 5550 2452 5585 ν.

897 5623 1167 5679 Macarius
1214 5625 1497 5693 Aegyptius
1531 5623 1557 5694 §
1594 5622 1658 5675 Vl
1684 5642 1696 5687 ;
1720 5623 1860 5677 infra
1900 5624 1951 5675 in
1980 5626 2166 5679 harum
2184 5624 2460 5690 Quaestio-

897 5731 1027 5774 num
1056 5714 1366 5784 Appendice
1392 5716 1563 5768 altera
1590 5714 1693 5767 sub
1731 5712 1816 5765 III.

970 5806 1083 5877 (10)
1109 5805 1221 5859 νγ.
1254 5805 1357 5860 ΡΡ.
1391 5805 1571 5860 Bosw.
1594 5804 1687 5858 lib.
1712 5803 1749 5855 V
1774 5805 2045 5867 libell.18,
2078 5804 2134 5857 11
2172 5820 2221 5872 p.
2256 5803 2378 5866 658,
2409 5805 2456 5857 1.

969 5898 1085 5969 (11)
1123 5898 1353 5953 Coteler.
1383 5897 1527 5953 Eccl.
1564 5897 1756 5952 Graec.
1796 5895 1938 5953 Man.
1975 5898 2006 5951 Ι.
2050 5898 2084 5951 I.
2115 5913 2166 5967 p.
2196 5897 2295 5951 531
2330 5913 2375 5952 s.
2408 5914 2460 5953 ν.

2618 5073 2727 5140 (15)
2764 5071 2860 5141 Ep.
2919 5071 3014 5125 111
3080 5073 3237 5138 (alias
3291 5072 3435 5141 122),
3471 5073 3525 5127 S.
3580 5076 3813 5144 August.
3848 5074 3989 5145 Opp.
4029 5077 4116 5131 ed.

2551 5167 2725 5236 Migne
2757 5165 2821 5218 T.
2854 5164 2897 5219 II
2928 5182 2981 5235 p.
3004 5165 3131 5219 422.

2624 5258 2735 5328 (16)
2777 5258 2914 5311 Bibl.
2948 5258 3068 5311 cod.
3102 5256 3380 5311 CXCVIII.

2627 5349 2737 5417 (17)
2776 5346 2888 5400 VV.
2918 5347 3027 5401 PP.
3056 5347 3240 5401 Rosw.
3273 5347 3484 5417 Proleg.
3516 5348 3606 5401 XV
3636 5366 3688 5419 p.
3725 5349 3886 5405 XLII.

2625 5438 2737 5509 (18)
2777 5437 2889 5492 vv.
2922 5439 3025 5491 ινιτ.
3060 5438 3237 5491 Rosw.
3266 5440 3359 5492 lib.
3384 5437 3452 5491 Vl
3478 5441 3645 5494 libell.
3676 5441 3729 5507 2,
3762 5444 3794 5497 6
3820 5460 3873 5515 ρ.
3906 5444 4035 5511 649.
4062 5443 4117 5499 2.

2627 5530 2737 5599 (l9)
2778 5529 2915 5583 Ibid.
2944 5530 3108 5582 libell.
3136 5530 3189 5589 5,
3220 5530 3255 5581 2
3283 5546 3332 5596 ιι.
3366 5528 3489 5587 651.
3521 5528 3576 5581 2.

2630 5620 2740 5687 (20)
2782 5618 2913 5671 Ibid.
2944 5618 3109 5671 libell.
3146 5619 3199 5679 5,
3234 5618 3299 5671 15
3333 5634 3383 5685 p.
3417 5616 3541 5681 656,
3574 5618 3627 5670 2.

2631 5711 2741 5779 (21)
2782 5710 2918 5763 Ibid.
2954 5711 3116 5764 libell.
3145 5710 3198 5771 3,
3233 5710 3297 5761 16
3333 5725 3385 5777 p.
3422 5711 3546 5771 656,
3579 5710 3613 5762 2
3650 5726 3731 5781 sq.

2630 5804 2739 5871 (22)
2778 5802 2913 5855 Ibid.
2951 5802 3114 5855 libell.
3144 5803 3197 5863 5,
3231 5802 3297 5853 17
3324 5816 3376 5869 p.
3403 5800 3527 5865 657,
3566 5803 3617 5855 1.

2633 5894 2746 5964 (23)
2789 5894 2924 5947 ibid.
2957 5893 3122 5948 libell.
3154 5894 3205 5959 ι,
3241 5894 3302 5948 n
3333 5908 3385 5963 p.
3413 5892 3537 5959 659,
3557 5891 3612 5947 2.
