4266 6360
196 363 306 425 με

196 498 401 561 usque
477 498 657 542 usum
729 498 859 543 non
919 499 1057 545 esse
1118 482 1226 564 (1),

197 602 340 646 mus
371 580 477 660 (2).
510 585 762 645 Ceterae
793 591 1062 664 quatuor
1090 584 1207 648 hae
1239 595 1383 649 sunt
1414 605 1427 647 :

278 708 307 740 α
364 684 648 746 Habebat
698 685 952 764 quidam
1009 686 1207 748 ﬁlium
1260 688 1669 769 paralyticum
1717 692 1783 752 in

194 791 507 867 Aegypto,
540 795 602 849 et
628 788 888 850 adduxit
917 807 1063 852 eum
1102 790 1179 852 ad
1205 791 1427 854 cellam
1457 792 1623 855 beati
1650 796 1780 855 Ma-

198 888 376 959 carii,
412 894 475 949 et
520 887 737 950 relicto
779 905 857 951 eo
906 888 985 951 ad
1014 888 1245 951 ostium
1290 891 1482 953 ﬂente
1524 893 1784 955 recessit

197 987 413 1066 longe.
464 990 833 1069 Respiciens
880 1006 1030 1067 ergo
1076 1006 1271 1052 senex
1316 991 1469 1054 vidit
1516 1010 1781 1073 puerum

197 1083 577 1163 plorantem,
612 1092 673 1147 et
720 1087 875 1148 dixit
919 1088 977 1149 ei
1012 1106 1025 1148 :
1057 1090 1205 1162 Quis
1231 1096 1293 1151 te
1326 1091 1583 1153 adduxit
1617 1091 1784 1155 huc?

197 1185 315 1256 Qui
348 1185 540 1246 dixit:
568 1186 751 1249 Pater
770 1204 948 1249 meus
969 1190 1236 1268 proiecit
1262 1208 1364 1253 me
1386 1190 1489 1254 hic
1517 1199 1579 1254 et
1605 1194 1777 1256 abiit.

196 1286 272 1345 Et
301 1285 456 1347 dicit
500 1286 560 1347 ei
594 1304 789 1349 senex
820 1305 833 1348 :
865 1290 1062 1367 Surge
1099 1290 1256 1363 154
1285 1298 1347 1353 et
1374 1293 1783 1372 apprehende

198 1402 370 1446 eum.
403 1388 519 1459 Qui
557 1390 762 1449 statim
804 1407 990 1452 sanus
1038 1390 1238 1454 factus
1285 1400 1400 1468 est,
1435 1401 1497 1455 et
1524 1412 1784 1474 surgens

196 1483 622 1561 apprehendit
650 1493 891 1566 patrem
922 1506 1128 1565 suum,
1176 1498 1237 1552 et
1278 1492 1368 1554 sic
1402 1493 1691 1556 abierunt
1716 1495 1784 1556 in

198 1584 462 1645 domum
493 1604 668 1648 suam
704 1588 808 1667 (3).
833 1613 861 1643 ιο
891 1589 1065 1651 Idem
1094 1591 1157 1651 in
1184 1591 1344 1654 libro
1376 1594 1560 1656 tertio
1592 1596 1781 1658 Besa-

198 1685 368 1747 rioni
409 1688 620 1750 abbati
665 1690 731 1751 in
778 1693 958 1754 Scete
1007 1691 1307 1755 habitanti
1336 1694 1455 1773 (4),
1502 1696 1570 1757 in
1611 1701 1781 1777 Apo-

1757 373 1985 428 VITAE.

1288 482 1411 546 iam
1460 486 1780 548 recensui-
1812 492 2008 548 Anex
2058 488 2268 561 illum,
2318 489 2425 567 qui
2474 496 2761 550 mortuus
2806 487 3035 563 fuerat,
3083 489 3299 553 dicens
3330 491 3464 552 illi:

3366 377 3468 435 ηε

1872 589 2002 649 -Ubi
2043 590 2125 669 (7)
2170 590 2437 669 posuisti
2484 590 2755 651 alienum
2804 589 3198 669 depositum?
3230 593 3343 665 Qui
3376 610 3472 654 re-

1884 691 2206 770 spondens
2226 691 2380 753 dixit
2402 692 2456 752 ei
2485 709 2498 751 :
2523 693 2592 752 In
2628 692 2817 753 domo
2856 709 2995 753 mea
3031 694 3465 755 absconditum

1884 794 1979 848 est
2004 789 2120 849 sub
2153 789 2317 869 pede
2356 788 2595 851 lectuli.
2624 792 2699 851 Et
2734 791 2820 852 ait
2846 790 2936 851 illi
2983 809 3177 853 senex
3212 809 3225 853 :
3256 793 3469 854 Dormi

1881 887 2108 949 iterum
2150 906 2353 968 usque
2394 890 2460 951 in
2497 890 2664 951 diem
2699 891 3195 954 resurrectionis.
3226 894 3464 955 Viden-

1881 996 1978 1051 tes
2020 996 2230 1051 autem
2271 989 2493 1053 fratres
2531 991 2896 1054 cecidemnt
2940 991 3017 1055 ad
3053 993 3250 1072 pedes
3293 995 3464 1070 eius;

1884 1090 2115 1169 quibus
2142 1092 2295 1153 dixit
2335 1109 2528 1154 senex
2566 1109 2579 1152 :
2611 1093 2750 1152 Non
2790 1099 3051 1172 pr0pter
3093 1110 3192 1154 me
3232 1092 3465 1155 factum

1884 1190 2158 1264 esthoc;
2198 1191 2354 1252 nihil
2402 1192 2569 1254 enim
2618 1210 2788 1266 sum;
2834 1192 2944 1254 sed
2992 1201 3250 1273 propter
3292 1193 3463 1255 illam

1883 1289 2133 1351 viduam
2184 1295 2245 1351 et
2292 1290 2611 1369 orphanos
2663 1290 2859 1369 ipsius
2898 1289 3253 1353 fecit~Deus
3302 1291 3464 1355 hanc

1884 1408 2040 1451 rem.
2082 1394 2216 1453 Hoc
2253 1391 2421 1453 enim
2456 1398 2549 1451 est
2593 1408 2912 1469 magnum,
2962 1391 3107 1470 quia
3146 1392 3279 1452 sine
3310 1408 3463 1470 pec-

1884 1497 2025 1553 cato
2051 1490 2181 1552 vult
2208 1492 2372 1552 Deus
2401 1508 2537 1551 esse
2566 1492 2861 1564 animam,
2894 1497 2955 1551 et
2990 1491 3043 1551 si
3076 1490 3227 1569 quid
3259 1491 3464 1570 petie-

1884 1590 1986 1663 rit,
2022 1590 2269 1669 accipit.
2314 1591 2585 1651 Veniens
2629 1597 2837 1652 autem
2889 1589 3194 1650 nuntiavit
3241 1591 3464 1651 viduae

1883 1688 1997 1763 illi,
2028 1690 2136 1750 ubi
2166 1697 2296 1751 erat
2324 1689 2479 1751 illud
2517 1690 3045 1752 commendatum.
3080 1695 3154 1751 At
3202 1691 3304 1752 illa
3353 1710 3462 1752 su-

198 1784 625 1864 phthegmatis
668 1807 820 1851 vero
866 1808 901 1852 a
934 1792 1241 1854 Cotelerio
1288 1794 1469 1857 editis
1516 1798 1782 1859 Macario
1813 1828 1858 1887 B
1886 1804 2065 1849 mens
2099 1788 2254 1859 155
2285 1788 2438 1850 illud
2468 1788 2737 1851 "addidit
2766 1790 3023 1850 domino
3057 1807 3172 1851 SUO
3211 1798 3270 1852 et
3302 1792 3461 1853 libe-

196 1890 510 1967 Aegyptio
539 1891 951 1971 tribuitur(5).
977 1894 1062 1955 De
1088 1896 1295 1975 puella
1319 1896 1602 1958 similiter
1618 1915 1654 1959 a
1673 1916 1780 1977 pa-

196 1991 487 2052 rentibus
514 1992 592 2053 ad
619 1992 870 2054 ianuam
908 1995 1157 2056 Macarii
1188 1996 1473 2076 Aegyptii
1502 1998 1778 2078 proiecta

196 2098 260 2153 et
286 2110 322 2155 a
352 2100 567 2155 sancto
598 2104 811 2156 sanata
843 2112 1030 2174 supra
1060 2096 1407 2158 audivimus
1436 2097 1541 2178 (6).

279 2214 309 2245 α
347 2191 601 2253 Dicebat
647 2192 842 2254 abbas
890 2193 1083 2256 Sisois
1130 2213 1143 2255 :
1191 2195 1449 2268 Quando
1497 2214 1666 2257 eram
1711 2198 1779 2259 in

196 2286 393 2355 Scithi
438 2311 582 2355 cum
613 2294 837 2355 abbate
880 2294 1173 2368 Macario,
1206 2296 1603 2359 ascendimus
1641 2315 1777 2359 me-

196 2402 331 2456 tere
381 2412 525 2455 cum
572 2412 671 2468 eo,
721 2403 961 2475 septem
1001 2397 1279 2459 nomina.
1343 2399 1416 2459 Et
1461 2416 1607 2461 ecce
1655 2417 1780 2463 una

197 2493 385 2555 vidua
429 2493 761 2571 colligebat
804 2495 1008 2573 spicas
1037 2494 1115 2556 de
1164 2501 1308 2575 post
1353 2513 1491 2569 nos,
1542 2504 1605 2558 et
1650 2516 1779 2560 non

198 2595 487 2656 cessabat
525 2594 799 2674 plorans.
841 2596 1095 2657 Vocavit
1140 2614 1289 2674 ergo
1336 2614 1529 2658 senex
1574 2598 1779 2659 domi-

200 2713 355 2756 num
385 2697 519 2773 agri
559 2696 725 2758 illius
765 2705 826 2758 et
854 2697 1006 2759 dixit
1032 2698 1092 2759 ei
1124 2716 1136 2757 :
1175 2698 1330 2771 Quid
1379 2709 1471 2759 est
1498 2699 1781 2762 aniculae

200 2797 374 2870 huic,
407 2793 583 2876 quod
609 2816 860 2878 semper
890 2796 1130 2879 plorat?
1158 2800 1271 2873 Qui
1306 2800 1460 2861 dixit
1490 2801 1547 2861 ei
1581 2819 1595 2861 :
1629 2802 1782 2874 Quia

202 2898 296 2958 vir
319 2899 454 2959 eius
484 2899 701 2960 habuit
732 2900 1087 2979 depositum
1123 2901 1471 2975 cuiusdam,
1501 2908 1563 2963 et
1598 2921 1776 2965 mor-

201 3004 350 3058 tuus
380 3006 473 3059 est
503 3016 633 3059 non
663 2998 953 3078 loquens,
985 3008 1046 3061 et
1070 3017 1194 3061 non
1224 3001 1399 3075 dixit,
1434 3002 1544 3063 ubi
1574 3005 1784 3083 posuit

203 3098 382 3171 illud,
416 3105 477 3160 et
519 3099 647 3160 vult
690 3100 983 3161 dominus
1030 3100 1300 3180 depositi
1330 3102 1615 3182 accipere
1644 3121 1781 3166 eam

1884 1888 2040 1949 ravit
2069 1888 2230 1950 ﬁlios
2256 1907 2426 1951 suos.
2456 1892 2530 1950 Et
2556 1890 2664 1970 qui
2691 1889 3021 1951 audierunt
3047 1889 3192 1964 hoc,
3224 1892 3462 1969 glorifi-

1885 1996 2179 2052 caverunt
2202 1992 2396 2053 Deum
2429 1990 2529 2069 (8).
2564 2014 2592 2047 »
2632 1990 2804 2052 Idem
2849 1992 2916 2052 in
2952 1992 3463 2071 Apopthegmatis

1884 2106 1919 2151 a
1972 2090 2276 2152 Cotelerio
2342 2092 2523 2153 editis
2591 2090 2854 2152 habetur
2915 2090 3023 2170 (9).
3098 2094 3463 2155 Rosweidus

1883 2189 2037 2251 illud
2071 2214 2100 2248 α
2134 2198 2373 2271 septem
2408 2191 2660 2253 nomina
2697 2214 2725 2247 ››
2764 2190 2915 2270 quid
2960 2191 3079 2252 sibi
3123 2191 3293 2266 velit,
3330 2211 3462 2255 non

1882 2291 2233 2369 intelligere
2268 2309 2335 2353 se
2362 2291 2591 2354 fatetur
2619 2288 2765 2369 (10).
2798 2289 2917 2351 Sed
2950 2307 2984 2351 e
3017 2308 3241 2369 graeco
3269 2292 3333 2353 id
3363 2293 3459 2354 fa-

1885 2392 2004 2455 cile
2034 2392 2398 2472 explicatur,
2427 2392 2535 2453 Ubi
2578 2391 2731 2470 legis
2765 2414 2793 2447 α
2828 2398 2966 2452 ἔπτὰ
3001 2400 3235 2471 ὀνόματα
3268 2417 3294 2448 η
3325 2393 3367 2454 ί.
3401 2388 3477 2455 Θ..

1887 2500 2129 2572 septem
2169 2492 2477 2553 homines.
2518 2493 2761 2553 Etenim
2794 2509 2915 2553 vox
2951 2498 3180 2572 ὀνόματα
3216 2509 3332 2572 pro
3367 2493 3463 2552 ἆν-

1888 2604 2087 2674 ορωποι
2108 2611 2296 2674 saepe
2325 2591 2791 2673 reperitur(ll),
2822 2590 2991 2652 unde
3022 2592 3163 2653 cod.
3196 2610 3311 2652 ms.
3346 2594 3463 2653 Bo-

1887 2696 2172 2758 decensis
2222 2694 2525 2755 Bollando
2572 2700 2726 2754 teste
2776 2698 2944 2753 recte
2992 2692 3251 2771 protulit
3290 2715 3317 2747 ‹‹
3359 2709 3460 2753 se-

1886 2804 2058 2877 ptem
2101 2796 2320 2858 fratres
2353 2793 2496 2874 (12).
2536 2817 2563 2848 ››
2599 2792 2738 2853 Noli
2767 2800 2977 2854 autem
3023 2792 3257 2863 mirari,
3290 2791 3461 2869 quod

1886 2899 2188 2960 Macarius
2228 2895 2570 2975 Aegyptius
2614 2894 2807 2956 abbas
2855 2894 3080 2954 exiisse
3129 2894 3357 2971 legitur
3384 2893 3463 2954 ad

1886 2999 2271 3061 metendum.
2303 3000 2437 3058 Mos
2470 2995 2635 3056 enim
2665 3010 2795 3055 non
2826 2993 3030 3055 solum
3058 2992 3315 3053 fratrum
3347 2994 3461 3054 Se-

1889 3096 2163 3176 rapionis
2209 3094 2595 3175 presbyteri,
2644 3092 2752 3171 qui
2807 3092 3026 3153 decem
3091 3091 3222 3153 fere
3270 3090 3463 3151 millia

203 3206 267 3259 ot
305 3199 468 3260 ﬁlios
499 3200 633 3261 eius
656 3201 722 3262 in
758 3202 1137 3263 servitutem.
1172 3204 1245 3262 Et
1274 3204 1358 3264 ait
1397 3222 1593 3265 senex
1632 3223 1646 3265 :
1675 3206 1787 3267 Dic
1810 3189 1853 3244 (ἶ
1886 3252 1888 3257 .

1779 3224 1787 3262 ι·
1810 3189 1853 3244 C
1886 3197 2337 3259 monachorum
2357 3195 2421 3255 in
2445 3194 2701 3271 regione
2723 3193 3042 3253 Arsenoite
3062 3190 3464 3269 regebat,sed

204 3298 317 3371 illi,
355 3306 423 3359 ut
467 3301 675 3361 veniat
722 3301 797 3362 ad
854 3319 1006 3375 nos,
1062 3304 1168 3365 ubi
1213 3304 1663 3383 requiescimus
1716 3306 1783 3367 in

203 3407 513 3462 caumate.
545 3403 619 3461 Et
646 3420 791 3463 cum
819 3405 1111 3477 venisset,
1148 3404 1293 3467 dicit
1323 3406 1378 3466 ei
1409 3423 1603 3467 senex
1635 3425 1648 3466 :
1682 3408 1786 3467 Ut-

204 3500 358 3578 quid
393 3518 644 3581 semper
687 3501 934 3582 ploras?
973 3506 1139 3576 Quae
1170 3505 1253 3566 ait
1282 3522 1295 3565 :
1324 3506 1431 3565 Vir
1462 3522 1641 3566 meus
1670 3506 1783 3566 de-

204 3603 460 3662 functus
489 3607 602 3677 est,
626 3605 944 3683 accipiens
967 3605 1471 3667 commendatum
1499 3605 1781 3678 alicuius,

204 3708 267 3760 et
300 3718 428 3763 non
457 3702 611 3763 dixit
636 3705 937 3779 moriens,
968 3707 1076 3766 ubi
1107 3707 1316 3785 posuit
1336 3704 1515 3767 illud.
1536 3707 1611 3766 Et
1634 3706 1789 3766 dixit

206 3802 263 3859 ei
297 3819 493 3862 senex
527 3821 539 3861 :
570 3804 751 3871 Veni,
782 3812 841 3865 et
871 3806 1132 3865 ostende
1167 3807 1350 3867 nobis
1386 3806 1785 3885 sepulchrum

207 3901 325 3961 viri
367 3903 479 3963 tui.
526 3904 599 3963 Et
655 3904 988 3983 assumptis
1037 3922 1247 3966 secum
1298 3906 1590 3968 fratribus
1637 3908 1789 3968 abiit

205 4019 354 4061 cum
375 4019 468 4063 ea.
493 4004 564 4063 Et
593 4021 736 4064 cum
766 4006 1083 4066 venissent
1113 4006 1190 4066 ad
1216 4006 1447 4079 locum,
1476 4007 1584 4067 ubi
1613 4008 1785 4087 posi-

207 4110 309 4162 tus
355 4109 509 4175 erat,
543 4104 698 4164 dixit
735 4106 812 4165 ad
857 4106 1028 4167 illam
1073 4124 1267 4167 senex
1300 4125 1312 4167 :
1344 4110 1593 4169 Recede
1638 4110 1785 4171 hinc

209 4200 271 4260 in
307 4201 565 4262 domum
593 4209 783 4263 tuam.
816 4205 890 4261 Et
923 4204 1242 4265 orantibus
1282 4203 1403 4264 illis
1430 4205 1668 4266 vocavit
1695 4222 1788 4265 se-

280 4398 357 4465 u)
381 4399 494 4452 vv.
516 4399 617 4452 PP.
652 4400 831 4455 Rosw.
865 4401 960 4456 lib.
986 4401 1053 4455 vr
1090 4403 1254 4457 libell.
1291 4403 1343 4465 4,
1378 4402 1442 4456 is
1466 4419 1517 4471 p.
1563 4403 1667 4457 659
1698 4419 1779 4472 sq.

280 4491 360 4561 i3)
399 4491 485 4546 Cf.
529 4508 691 4561 supra
744 4492 769 4563 §
808 4494 876 4545 52
921 4510 973 4562 p.
1019 4493 1153 4557 “6;
1208 4493 1310 4548 145
1357 4509 1516 4562 sqq.;
1556 4493 1583 4564 ᾗ
1619 4493 1689 4546 94
1728 4510 1780 4562 p.

1890 3300 2169 3361 omnium
2203 3312 2404 3377 paene
2447 3294 2712 3373 Aegypti
2752 3292 3203 3354 monachorum
3227 3290 3364 3365 fuit,
3397 3297 3466 3351 ut

1888 3400 2105 3461 messis
2126 3406 2409 3478 tempore
2430 3395 2505 3457 ad
2530 3395 2892 3455 metendum
2923 3411 2989 3455 se
3012 3392 3462 3463 conducerent,

1886 3497 2343 3575 mercedisque,
2392 3512 2588 3574 quum
2641 3501 2984 3571 octogenos
3036 3491 3281 3551 modios
3328 3489 3462 3550 fru-

1888 3598 2084 3660 menti
2113 3596 2254 3676 plus
2278 3596 2483 3656 minus
2513 3592 2743 3671 singuli
2774 3592 3187 3670 accepissent,
3223 3597 3464 3670 partem

1888 3700 2001 3775 iis,
2022 3715 2181 3777 quos
2212 3702 2534 3768 noverant,
2572 3693 2955 3774 pauperibus
2990 3692 3310 3762 oﬂ‘errent,
3346 3707 3463 3751 nec

1890 3816 2017 3859 non
2075 3796 2508 3857 Alexandriam
2568 3811 2770 3872 usque
2844 3810 3029 3853 naves
3104 3790 3461 3862 frumento,

1890 3900 2060 3979 quod
2084 3897 2410 3975 egentibus
2430 3895 2925 3964 distribueretur,
2957 3898 3211 3953 onustas
3240 3889 3464 3964 dirige-

1890 4005 2029 4060 rent
2062 3997 2205 4078 (13).
2252 3996 2488 4056 Pariter
2512 4010 2661 4055 vero
2704 3992 3066 4073 Spiridioni,
3100 3989 3285 4068 Cypri
3323 3988 3461 4066 epi-

1888 4116 2107 4178 sc0po,
2130 4097 2253 4159 filia
2277 4094 2591 4165 defuncta,
2626 4093 2731 4152 ubi
2763 4091 3119 4170 depositum
3150 4087 3456 4168 posuerit,

1889 4218 1924 4262 e
1954 4196 2287 4279 sepulchro
2315 4192 2716 4273 respondisse
2744 4190 3006 4251 traditur
3036 4188 3183 4264 (14).

1891 4397 2131 4452 stionum
2162 4391 2472 4464 Appendice
2502 4390 2669 4443 altera
2702 4389 2805 4441 sub
2833 4385 2915 4438 Ill.

1961 4489 2071 4557 (10)
2111 4484 2224 4540 νγ.
2262 4484 2365 4537 PP.
2396 4482 2574 4535 Bosw.
2619 4480 2711 4532 lib.
2752 4478 2815 4531 Vl
2844 4485 2957 4530 not.
3000 4477 3032 4528 6
3064 4491 3116 4543 p.
3144 4473 3272 4535 662,
3304 4475 3352 4525 l.

211 4588 316 4639 “3'5
343 4602 452 4655 sq.;
481 4586 600 4657 §28
633 4602 683 4656 p.
720 4586 853 4651 “8',
882 4585 909 4656 §
938 4585 1006 4639 52
1027 4602 1080 4656 p.
1116 4586 1211 4641 Ml
1254 4602 1375 4656 sq.;
1408 4585 1645 4655 1565q.;
1671 4584 1784 4656 §29
1816 4566 1858 4618 D
1959 4580 2071 4649 (ll)
2117 4575 2373 4644 Exempla
2405 4573 2679 4640 congessit
2705 4568 3009 4623 Cotelerius
3042 4570 3077 4619 ι.
3124 4569 3158 4618 l.
3188 4582 3241 4635 p.
3271 4567 3373 4619 8H
3407 4565 3458 4618 in

211 4698 244 4747 ι.
308 4678 437 4735 H9:
477 4679 600 4731 r20.

284 4771 360 4837 (5)
400 4769 511 4822 VV.
545 4770 647 4823 PP.
694 4767 875 4822 Bosw.
908 4769 1001 4823 lib.
1037 4767 1105 4822 Vl
1138 4770 1301 4824 libell.
1343 4769 1397 4830 2,
1431 4771 1460 4823 7
1497 4786 1549 4839 p.
1578 4771 1703 4834 6.59,
1730 4771 1783 4823 2.

286 4862 361 4929 (ι)
411 4862 548 4914 Ibid.
577 4861 671 4915 lib.
710 4863 781 4913 lll
810 4875 929 4928 cap.
967 4860 1068 4913 122
1095 4878 1147 4930 p.
1180 4861 1305 4924 5l8,
1338 4862 1374 4913 l.

285 4952 361 5019 [5)
402 4947 634 5003 Coteler.
674 4948 820 5003 Eccl.
866 4948 1057 5003 Graec.
1095 4949 1240 5002 Mon.
1294 4949 1355 5002 T.
1399 4952 1419 5002 l
1478 4967 1530 5019 p.
1563 4950 1667 5003 5'55
1701 4965 1783 5018 sq.

211 5059 261 5096 s.
308 5058 357 5094 ν.
398 5039 667 5093 Macarius
712 5042 997 5110 Aegyptius
1048 5039 1075 5109 §
1126 5038 1251 5105 XV;
1297 5040 1437 5094 infra
1491 5042 1547 5094 in
1594 5042 1785 5093 harum

210 5132 610 5201 Quaestionum
645 5131 954 5200 Appendice
983 5133 1149 5185 altera
1182 5133 1283 5185 sub
1308 5134 1397 5185 lll.

286 5225 363 5295 (6)
404 5223 489 5279 Cf.
523 5240 686 5293 supra
712 5224 739 5295 §
768 5224 832 5277 l7
860 5224 1023 5293 p.60.

284 5319 362 5386 (7)
402 5316 490 5371 Sic
512 5318 675 5380 male,
706 5332 803 5386 pro
826 5317 1035 5371 dicens:
1056 5314 1182 5379 Ille,
1206 5317 1292 5369 ubi
1306 5334 1325 5380 ;
1348 5330 1539 5385 graece
1557 5314 1750 5381 λέγων
1766 5329 1781 5343 ο

217 5410 279 5463 '0
309 5410 494 5465 δεῖνα.
557 5409 639 5465 Cf.
687 5410 917 5465 Coteler.
974 5409 1121 5463 Eccl.
1174 5407 1369 5464 Graec.
1428 5407 1573 5461 Mon.
1633 5405 1697 5459 Τ.
1760 5409 1781 5459 Ι

214 5517 267 5567 p.
320 5500 443 5555 815.

287 5593 364 5661 (3)
411 5590 523 5645 vv.
551 5590 678 5644 .rp.
724 5591 909 5646 Rosw.
939 5591 1033 5647 lib.
1067 5590 1136 5644 Vl
1180 5591 1346 5646 libell.
1382 5590 1439 5653 2,
1471 5590 1503 5643 8
1554 5606 1609 5661 p.
1656 5591 1781 5657 διε),

215 5687 249 5739 2
276 5702 358 5753 sq.

296 5779 373 5842 (9)
400 5776 635 5831 Coteler.
675 5774 822 5829 Eccl.
854 5775 1046 5829 Graec.
1083 5773 1228 5827 Mon.
1272 5774 1333 5825 Τ.
1366 5773 1385 5827 l
1419 5790 1471 5843 p.
1508 5774 1611 5827 55?.
1645 5789 1691 5827 s.
1726 5791 1776 5827 v.

220 5868 493 5923 Macarius
542 5868 822 5931 Aeqvptius
852 5866 879 5933 ᾗ
909 5867 1028 5933 Vll;
1088 5864 1228 5922 infra
1276 5867 1331 5920 in
1374 5865 1567 5919 harum
1599 5863 1779 5930 Quac-

1888 4681 2017 4724 nota
2044 4670 2110 4723 ad
2147 4676 2388 4722 nostram
2418 4664 2698 4718 historiam
2733 4666 2810 4731 (ρ.
2842 4661 2966 4715 552.
3007 4660 3094 4725 Α).

1956 4762 2065 4833 (ιὲ)
2104 4763 2215 4815 AA.
2249 4758 2351 4812 SS.
2387 4758 2521 4810 Boll.
2559 4754 2681 4808 Jan.
2711 4752 2773 4805 T.
2807 4754 2824 4805 Ι
2862 4770 2913 4821 p.
2943 4751 3101 4811 l009,
3142 4752 3159 4802 l
3215 4756 3328 4802 nul.
3354 4748 3407 4800 b.

1961 4856 2071 4924 (l3)
2098 4852 2211 4906 νγ.
2237 4851 2338 4905 PP.
2376 4849 2560 4902 Rosw.
2596 4849 2688 4900 lib.
2715 4846 2759 4898 ll
2784 4861 2905 4914 cap.
2939 4845 3004 4896 l8
3040 4860 3091 4911 p.
3136 4842 3261 4902 476,
3293 4843 3342 4892 1.
3372 4838 3456 4892 Cf.

1889 4946 1984 5002 lib.
2015 4944 2245 4999 Vlibell.
2282 4939 2369 5004 l7,
2405 4941 2476 4993 20
2498 4956 2552 5008 p.
2587 4939 2713 5003 654,
2746 4940 2803 4992 2.
2860 4938 2914 4990 In
2950 4935 3088 4988 Hist.
3143 4933 3308 4986 Laus.
3365 4934 3454 4984 ed.

1889 5037 2087 5091 Meurs.
2122 5052 2245 5105 cap.
2269 5036 2335 5087 77
2369 5034 2508 5103 Opp.
2552 5032 2752 5086 Meurs.
2782 5031 2818 5083 ι.
2858 5031 2893 5081 1.
2929 5044 2981 5097 p.
3022 5026 3127 5079 537
3162 5024 3453 5079 duodecim

1887 5131 2106 5182 artabas
2136 5129 2151 5181 i
2203 5145 2253 5182 e.
2285 5128 2429 5180 circa
2452 5124 2809 5193 quadraginta
2841 5120 3053 5173 modios
3080 5116 3456 5185 unusquisque

1886 5222 2163 5290 accepisse
2225 5220 2416 5274 fertur.
2462 5218 2570 5272 lsta
2612 5217 2776 5287 igitur
2826 5211 3131 5267 differentia
3178 5207 3454 5277 quomodo

1884 5313 2205 5382 explicanda
2240 5312 2333 5375 sit,
2394 5312 2599 5365 nescio.
2654 5309 2833 5376 Caput
2874 5320 3004 5359 vero
3034 5302 3163 5356 illud
3193 5300 3452 5355 editionis

1886 5406 2245 5467 Meursianae,
2270 5420 2439 5473 quum
2474 5403 2528 5455 in
2562 5400 2721 5455 codd.
2751 5398 3058 5453 Vindobon.
3083 5394 3449 5452 desideretur,

1886 5498 2129 5567 Spurium
2154 5510 2276 5549 esse
2306 5493 2602 5548 verisimile
2634 5500 2739 5545 est.

1957 5590 2070 5658 (M)
2111 5587 2295 5642 Rufin.
2331 5586 2470 5639 llist.
2502 5586 2649 5639 Eccl.
2683 5585 2778 5639 lib.
2804 5583 2823 5636 l
2848 5596 2967 5650 cap.
3007 5582 3060 5643 5,
3085 5581 3173 5634 eil.
3208 5578 3375 5630 Basil.
3415 5578 3447 5629 Ι.

1886 5700 1937 5751 p.
1963 5683 2088 5745 218,
2148 5680 2329 5733 Ruﬁni
2380 5677 2516 5747 Opp.
2562 5677 2650 5731 ed.
2700 5674 2933 5729 Vallarsi
2982 5690 3031 5742 p.
3092 5669 3219 5724 2‘22.
3272 5668 3450 5738 Migue

1886 5773 2091 5828 Patrol.
2118 5770 2179 5824 T.
2220 5770 2339 5824 XXI
2376 5786 2427 5839 p.
2459 5768 2581 5821 471.
