4266 6360
810 391 913 445 147

1645 401 1744 455 SS.
1789 397 2248 455 MACARIOIIUM
2291 393 2613 451 AEGYPTII
2659 395 2746 448 ΕΤ
2785 392 3253 448 ALEXANDRINI

3965 389 4066 446 “8

889 537 918 570 α
951 514 1134 575 Venit
1162 514 1498 593 aliquando
1545 514 1735 573 abbas
1780 513 2083 574 Macarius
2117 511 2219 571 ille
2260 514 2379 569 Ae-
2413 518 2457 569 A
2484 504 2852 566 monachus.
2902 505 3209 583 Ignoscite
3259 502 3413 562 mihi
3465 501 3686 563 fratres
3726 500 3831 569 (1).
3891 503 4059 564 Idem

806 613 1061 692 gyptius
1098 612 1175 674 de
1216 612 1410 673 Scithi
1454 612 1519 671 in
1568 617 1845 671 montem
1894 610 2122 670 Nitriae
2174 608 2238 667 in
2282 606 2381 666 die

806 710 1141 771 oblationis
1170 710 1247 771 ad
1278 710 1722 770 monasterium
1768 708 2006 768 abbatis
2034 706 2288 777 Pambo,
2324 711 2383 764 et

808 808 1101 869 dixerunt
1135 810 1191 870 ei
1223 810 1502 870 seniores
1546 808 1669 869 loci
1711 808 1876 867 illius
1909 826 1919 865 :
1954 808 2059 866 Dic
2094 806 2382 866 fratribus

806 909 1064 969 verbum
1113 908 1592 980 aediticationis,
1642 915 1839 987 pater.
1890 908 2003 980 Qui
2051 908 2205 968 dixit
2246 907 2321 967 iis
2365 924 2377 964 :

806 1010 935 1085 Ego
968 1008 1248 1069 nondum
1281 1008 1482 1069 factus
1522 1026 1659 1068 sum
1695 1007 2061 1073 monachus.
2108 1008 2216 1068 sed
2258 1008 2382 1068 vidi

805 1108 1171 1168 monachos.
1203 1110 1276 1168 Et
1320 1108 1473 1169 dixit
1518 1126 1530 1167 :
1566 1110 1833 1169 Sedente
1864 1108 2032 1169 enim
2080 1108 2238 1178 156
2280 1125 2381 1168 me

803 1206 1141 1285 aliquando
1170 1207 1235 1267 in
1273 1207 1427 1268 cella
1465 1207 1530 1265 in
1566 1207 1782 1279 Scithi,
1828 1209 2249 1285 perurgebant
2280 1224 2381 1266 me

804 1308 1212 1383 cogitationes
1240 1324 1415 1367 meae
1444 1308 1721 1369 dicentes
1758 1325 1769 1366 :
1807 1309 2076 1384 Surgens
2104 1307 2257 1367 vade
2285 1326 2382 1367 us-

805 1424 927 1483 que
956 1405 1021 1465 in
1066 1406 1405 1479 desertum,
1444 1412 1504 1467 et
1530 1407 1881 1480 considera,
1921 1407 2091 1484 quod
2128 1398 2255 1468 illic
2286 1408 2376 1465 vi-

804 1506 936 1566 des.
971 1508 1043 1566 Et
1075 1508 1417 1584 permansit
1449 1506 1812 1567 reluctando
1855 1506 2213 1567 huiusmodi
2240 1507 2377 1567 ani-

803 1624 943 1666 mus
993 1624 1169 1667 meus
1224 1625 1338 1685 per
1384 1607 1663 1684 quinque
1712 1624 1912 1667 annos
1959 1606 2175 1666 dicens
2228 1625 2240 1666 :
2290 1608 2379 1667 Ne

801 1707 965 1766 forte
1008 1725 1041 1767 a
1088 1707 1498 1767 daemonibus
1536 1707 1613 1766 sit
1658 1705 1812 1767 haec
1856 1706 2191 1782 suggestio.
2229 1708 2377 1765 Cum

803 1824 954 1883 ergo
998 1813 1451 1884 perseverasset
1500 1807 1790 1884 cogitatio
1836 1807 1953 1867 ista
1983 1808 2049 1866 in
2092 1822 2216 1878 me,
2250 1806 2375 1866 abii
2407 1843 2449 1896 Β

801 1907 866 1966 in
900 1925 1135 1980 eremo,
1161 1915 1219 1967 et
1247 1908 1453 1985 reperi
1477 1908 1707 1967 ibidem
1734 1917 2019 1983 stagnum
2045 1924 2370 1985 aquarum,

802 2014 864 2067 et
892 2008 1157 2069 insulam
1198 2009 1261 2068 in
1305 2009 1512 2069 medio
1560 2010 1714 2068 eius.
1744 2006 2091 2068 Veniebant
2118 2025 2373 2086 quoque

801 2108 1038 2171 diversa
1086 2112 1374 2172 animalia
1422 2114 1645 2185 eremi,
1704 2119 1763 2173 et
1810 2113 2105 2174 bibebant
2157 2129 2233 2171 ex
2272 2130 2369 2173 eo.

799 2210 966 2269 Inter
996 2228 1156 2288 quae
1193 2212 1316 2271 vidi
1355 2213 1513 2272 duos
1551 2211 1839 2273 homines
1869 2212 2095 2283 nudos,
2129 2218 2188 2271 et
2216 2229 2371 2272 con-

799 2311 1050 2369 tremuit
1098 2328 1328 2389 corpus
1374 2328 1615 2383 meum;
1650 2312 1943 2389 putabam
1986 2311 2183 2383 enim,
2227 2312 2373 2389 quia

799 2404 1051 2480 spiritus
1081 2414 1248 2469 sunt.
1280 2410 1558 2486 Cumque
1590 2408 1886 2469 vidissent
1922 2408 2011 2469 illi
2040 2426 2142 2469 me
2188 2410 2375 2488 trepi-

801 2502 1073 2577 dantem,
1106 2507 1299 2567 locuti
1335 2515 1478 2567 sunt
1506 2508 1583 2569 ad
1623 2526 1724 2568 me
1766 2509 2043 2569 dicentes
2074 2525 2087 2569 :
2122 2508 2261 2567 Noli
2293 2509 2372 2567 ti-

800 2622 1001 2676 mere;
1037 2613 1097 2667 et
1139 2626 1254 2667 nos
1289 2609 1455 2668 enim
1498 2608 1789 2669 homines
1821 2627 2055 2669 sumus.
2092 2609 2227 2668 Dixi
2256 2610 2373 2669 ita-

798 2721 921 2781 que
955 2704 1072 2764 illis
1102 2724 1113 2765 :
1144 2706 1323 2767 Unde
1346 2708 1514 2779 estis,
1543 2714 1603 2767 et
1632 2708 1952 2787 quomodo
1975 2709 2038 2769 in
2062 2708 2221 2769 hanc
2246 2727 2377 2769 ere-

798 2821 968 2864 mum
1002 2805 1420 2878 venistis?Qui
1455 2808 1747 2869 dixerunt
1774 2809 1891 2869 :De
1918 2809 2228 2869 eoenobio
2249 2808 2369 2868 fui-

797 2921 958 2975 mus,
976 2906 1245 2966 etfactus
1260 2914 1349 2965 est
1373 2908 1553 2967 nobis
1566 2925 1933 2979 consensus,
1951 2915 2010 2968 et
2031 2909 2261 2985 egressi
2277 2928 2377 2968 su-

798 3020 937 3063 mus
963 3003 1107 3077 huc,
1139 3024 1284 3068 ecce
1315 3008 1719 3085 quadraginta
1749 3009 1894 3068 anni
1913 3015 2076 3069 sunt.
2110 3011 2251 3069 Erat
2271 3027 2377 3069 au-

801 3110 921 3163 tem
943 3124 1102 3165 unus
1124 3124 1199 3166 ex
1221 3107 1372 3185 ipsis
1384 3109 1913 3187 Aegyptius,alius
1928 3127 2071 3169 vero
2084 3110 2371 3185 Libycus.

2484 602 2550 661 in
2640 600 3204 680 ApOphthegmatis
3296 598 3585 658 Cotelerii
3656 598 3897 676 reperis
3956 598 4060 677 (2),

2484 701 2718 761 Pambo
2749 700 3038 761 abbatem
3070 716 3212 760 cum
3238 697 3565 759 monachis
3594 698 3720 758 suis
3752 698 3818 757 in
3848 706 4060 758 monte

2485 800 2715 860 Nitriae
2767 799 3110 871 habitasse,
3168 798 3342 857 testis
3423 804 3515 857 est
3586 795 3893 856 Palladius
3950 795 4056 872 (3).

2484 898 2619 958 Ι)υο
2658 895 2747 956 illi
2774 896 3067 957 monachi
3097 895 3349 955 fuerunt
3379 912 3413 954 e
3451 912 3681 971 genere
3711 894 4057 956 anachore-

2484 1005 2705 1067 tarum,
2740 1013 3009 1075 quorum
3040 997 3223 1056 vitam
3254 1013 3440 1074 supra
3486 995 3927 1074 descripsimus
3950 994 4058 1073 (4).

2488 1102 2643 1172 157
2667 1098 3113 1158 Monachorum
3140 1104 3345 1157 autem
3376 1113 3535 1169 esse,
3571 1096 3789 1156 sedere
3818 1097 3881 1155 in
3904 1096 4057 1157 cella

2487 1202 2547 1253 et
2574 1196 2804 1258 deﬂere
2835 1206 3090 1277 peccata
3126 1215 3257 1270 sua,
3289 1198 3495 1277 ipsum
3536 1197 3824 1258 docuisse
3853 1199 4061 1257 Maca-

2484 1295 2642 1355 rium
2676 1299 3082 1374 cognovimus
3120 1296 3225 1376 (5).

2563 1420 2591 1450 α
2634 1398 2816 1457 Venit
2837 1397 3090 1475 quidam
3115 1394 3483 1455 adolescens
3513 1409 3591 1455 aa
3611 1394 3901 1455 abbatem
3926 1395 4057 1453 Ma-

2482 1497 2738 1569 carium,
2770 1504 2839 1557 ut
2869 1504 3191 1556 sanaretur
3218 1512 3252 1555 a
3285 1494 3638 1555 daemonio.
3673 1495 3745 1552 Et
3775 1493 3924 1552 dum
3955 1509 4059 1552 es-

2481 1604 2574 1656 set
2602 1598 2753 1658 foris
2782 1603 2980 1669 stans,
3012 1614 3158 1657 ecce
3188 1595 3435 1655 advenit
3467 1594 3721 1673 quidam
3752 1592 3943 1652 frater
3980 1592 4060 1652 de

2481 1694 2603 1755 alio
2652 1695 3030 1757 monasterio
3093 1701 3153 1754 et
3208 1694 3549 1755 concubuit
3604 1693 3670 1752 in
3730 1700 4059 1770 peccatum

2482 1810 2625 1853 cum
2670 1793 3067 1853 adolescente
3110 1790 3240 1851 illo.
3283 1792 3582 1868 Egressus
3616 1796 3820 1850 autem
3865 1807 4058 1850 senex

2480 1892 2676 1951 cernit
2716 1890 2968 1952 fratrem
3006 1889 3183 1949 illum
3221 1895 3585 1967 peccantem
3619 1904 3761 1948 cum
3797 1885 4059 1964 parvulo

2476 1991 2614 2062 illo,
2650 2000 2709 2052 et
2741 2009 2869 2052 non
2911 2008 3053 2051 eum
3084 1989 3427 2066 increpavit
3472 1987 3689 2047 dicens
3722 2004 3733 2045 :
3768 1987 3829 2045 Si
3868 1986 4059 2059 Deus,

2477 2093 2585 2170 qui
2616 2091 2937 2171 plasmavit
2967 2107 3106 2164 eos,
3163 2089 3379 2149 videns
3428 2088 3789 2167 patientiam
3839 2087 3902 2146 in
3938 2086 4060 2147 illis

2478 2192 2731 2264 habuit,
2784 2192 2934 2269 qui,
2986 2190 3037 2249 si
3081 2187 3303 2260 vellet,
3339 2188 3704 2248 incenderet
3741 2204 3885 2258 eos,
3939 2204 4059 2263 ego

2478 2293 2619 2371 quis
2646 2310 2806 2365 sum,
2835 2292 2943 2370 qui
2968 2309 3221 2368 arguam
3250 2307 3359 2350 eos
3383 2285 3506 2366 (6)?
3530 2312 3555 2343 »
3588 2286 3786 2347 Huius
3817 2286 4060 2349 facino-

2478 2394 2561 2455 ris
2593 2395 2781 2456 ceteri
2813 2394 3018 2456 fontes
3047 2394 3412 2455 memoriam
3443 2408 3571 2452 non
3598 2390 3853 2452 faciunt.

2554 2495 2719 2555 Libri
2772 2496 2929 2556 sexti
2983 2495 3291 2572 interpres
3349 2492 3581 2553 latinus
3640 2500 3732 2552 est
3786 2493 4061 2553 Ioannes

2477 2596 2920 2668 subdiaconus,
2973 2614 3162 2674 quem
3203 2594 3455 2671 Pelagii,
3508 2593 3866 2672 interpretis
3913 2592 4060 2654 libri

2479 2697 2701 2775 quinti,
2741 2696 3067 2775 aequalem
3110 2696 3299 2756 fuisse
3346 2695 3699 2755 existimant
3730 2695 3836 2773 (7).
3888 2695 4059 2755 Sexti

2479 2814 2732 2876 quoque
2772 2797 2914 2857 libri
2954 2804 3190 2857 textum
3231 2814 3522 2874 graecum
3561 2795 3816 2855 Photius
3846 2794 4059 2857 laudat

2483 2896 2590 2976 (8)-

2559 3000 2606 3069 §.
2644 2995 2737 3055 35.
2771 2995 2953 3056 Libro
2986 2996 3251 3075 septimo
3282 3012 3390 3055 sex
3428 2994 3506 3055 de
3532 2993 3811 3054 Macariis
3848 2993 4057 3054 conti-

2480 3104 2707 3157 nentur
2741 3096 3057 3169 historiae,
3092 3114 3126 3156 e
3156 3096 3384 3173 quibus
3418 3101 3627 3154 tamen
3653 3094 3792 3154 novi
3830 3112 4057 3172 parum

798 3202 1340 3280 Interrogaverunt
1376 3185 1583 3266 autem
1625 3224 1725 3266 me
1774 3214 1834 3266 et
1872 3208 1993 3285 ipsi
2034 3206 2313 3268 dicentes
2356 3227 2367 3267 :
2402 3185 2447 3247 (ἶ
2479 3197 2803 3269 άίδοίωυδν
2836 3214 3031 3279 quum
3062 3214 3185 3255 una
3213 3195 3342 3255 50Ῐᾶ
3376 3202 3635 3273 excepta
3674 3212 3895 3254 omnes
3933 3194 4057 3254 iam

796 3302 1122 3371 Quomodo
1155 3312 1246 3365 est
1275 3306 1566 3377 mundus,
1600 3313 1660 3366 et
1690 3306 1739 3365 si
1770 3307 2049 3367 ascendit
2076 3326 2237 3385 aqua
2270 3326 2371 3368 se-

797 3402 1073 3462 cundum
1094 3410 1341 3483 tempus
1364 3423 1567 3477 suum,
1596 3406 1647 3464 si
1681 3406 1867 3465 etiam
1887 3406 2072 3466 habet
2104 3408 2375 3468 mundus

797 3498 1242 3561 abundantiam
1308 3500 1523 3563 suam?
1577 3504 1901 3581 Respondi
1958 3505 2033 3564 iis
2088 3523 2099 3565 :
2150 3507 2369 3566 Etiam.

798 3600 964 3669 Quos
1004 3609 1063 3659 et
1111 3618 1228 3678 ego
1279 3602 1702 3678 interrogavi:
1750 3605 2075 3675 Quomodo
2117 3624 2373 3683 possum

798 3700 930 3759 fieri
967 3700 1350 3761 monachus?
1395 3702 1619 3763 Dicunt
1663 3702 1816 3762 mihi
1857 3721 1869 3762 :
1912 3704 2038 3763 Nisi
2086 3706 2225 3783 quis
2271 3723 2371 3767 re-

798 3801 1169 3862 nuntiaverit
1227 3804 1541 3876 omnibus,
1592 3822 1755 3882 quae
1800 3805 1866 3864 in
1913 3807 2148 3867 mundo
2195 3816 2371 3882 sunt,

798 3918 929 3960 non
960 3908 1166 3979 potest
1198 3904 1331 3964 ﬁeri
1372 3904 1740 3965 monachus.
1774 3905 2009 3976 Quibus
2037 3907 2165 3966 dixi
2199 3925 2211 3966 :
2243 3910 2373 3985 Ego

796 4000 1083 4063 infirmus
1114 4022 1251 4064 sum
1297 4010 1360 4064 et
1401 4022 1531 4065 non
1574 4023 1831 4083 possum
1879 4006 2037 4066 sicut
2082 4024 2213 4067 vos.
2246 4011 2372 4069 Re-

801 4099 1193 4176 sponderunt
1223 4100 1376 4160 mihi
1400 4120 1413 4160 :
1438 4102 1501 4161 Si
1534 4119 1660 4163 non
1685 4109 1863 4180 potes
1885 4103 2043 4163 sicut
2066 4121 2200 4177 nos,
2225 4107 2373 4167 sede

799 4198 865 4257 in
898 4199 1051 4259 cella
1072 4206 1172 4258 tua
1208 4208 1266 4259 et
1295 4200 1519 4278 plange
1550 4208 1805 4279 peccata
1834 4207 1961 4260 tua.
1994 4202 2374 4279 Interrogavi

800 4316 949 4375 ergo
980 4318 1088 4360 eos
1118 4301 1329 4361 dicens
1365 4319 1377 4359 :
1413 4305 1479 4360 In
1523 4302 1727 4363 hieme
1756 4321 1883 4363 non
1917 4305 2155 4364 sentitis
2178 4305 2373 4381 frigus

796 4406 902 4459 aut
926 4400 991 4459 in
1024 4408 1254 4460 aestate
1288 4418 1415 4460 non
1447 4402 1802 4463 incenditur
1832 4422 2061 4483 corpus
2099 4413 2371 4466 vestrum

2474 3298 2992 3360 recensuerimus.
3020 3299 3311 3357 Narratur
3344 3295 3511 3356 enim
3543 3296 3619 3357 de
3652 3295 3903 3356 diabolo
3936 3296 4058 3356 fra-

2473 3406 2599 3459 tres
2621 3398 2924 3459 invisente
2946 3403 3131 3476 atque
3155 3397 3416 3456 Macario
3439 3396 3743 3475 Aegyptio
3764 3414 3828 3456 se
3850 3396 4056 3457 solum

2478 3522 2504 3553 α
2531 3497 2936 3577 TheOpistum
2960 3520 2988 3554 ια
3012 3497 3282 3557 amicum
3314 3495 3544 3556 habere
3576 3496 3913 3574 proﬁtente
3945 3496 4053 3572 (9),

2476 3595 2553 3656 de
2578 3594 2738 3669 fure,
2769 3614 2956 3674 quem
2991 3595 3159 3656 idem
3194 3594 3493 3654 Macarius
3530 3595 3595 3654 in
3633 3595 3787 3655 cella
3818 3596 4051 3674 depre-

2474 3694 2692 3755 hendit
2711 3694 2855 3772 (10),
2881 3695 2957 3754 dc
2980 3693 3230 3754 diabolo
3261 3692 3393 3752 sola
3415 3693 3579 3753 illius
3608 3694 3958 3754 humilitate
3988 3713 4056 3755 se

2474 3794 2638 3855 vinci
2684 3792 3084 3873 fatente(11),
3138 3793 3215 3853 de
3268 3793 3495 3853 Cronio
3526 3841 3540 3867 ,
3586 3794 3695 3871 qui
3740 3795 3807 3853 in
3850 3795 4057 3872 Pispir

2474 3898 2783 3957 coenobio
2830 3896 3162 3957 Macarium
3208 3896 3459 3955 Antonii
3502 3895 3853 3955 ministrum
3895 3914 4053 3957 con-

2474 3996 2802 4076 venit(12),
2835 3998 2913 4057 de
2931 3996 3179 4057 Macarii
3195 3995 3483 4074 Aegyptii
3500 3996 3918 4073 expositione,
3944 4014 4058 4057 cur

2476 4099 2907 4159 recordatione
2946 4096 3251 4157 malorum
3294 4113 3329 4155 a
3371 4095 3621 4156 diabolo
3668 4095 4056 4157 inﬂictorum

2474 4198 2814 4259 memoriae
2836 4214 2965 4257 non
2996 4212 3334 4256 noceamus
3370 4194 3514 4274 (13).
3547 4196 3844 4275 Superest
3864 4196 4057 4274 igitur

2474 4297 2607 4357 sola
2636 4300 2789 4358 haec
2817 4296 3073 4356 historia
3100 4313 3111 4354 :

2557 4422 2583 4451 «
2618 4400 2842 4457 Beatus
2870 4396 3167 4457 Macarius
3198 4395 3350 4456 dixit
3377 4413 3389 4454 :
3422 4398 3493 4455 In
3522 4396 3778 4456 veritate
3809 4397 3863 4457 si
3892 4397 4056 4459 facta

795 4500 860 4559 in
892 4501 1216 4562 caumate?
1246 4507 1319 4562 At
1344 4503 1435 4562 illi
1459 4504 1748 4564 dixerunt
1783 4523 1794 4563 :
1826 4507 1988 4567 Deus
2016 4508 2162 4569 fecit
2191 4510 2372 4570 nobis
2405 4532 2448 4585 ι)
2478 4524 2480 4545 '

2369 4549 2372 4565 ,
2405 4532 2448 4585 ι)
2478 4505 2569 4558 est
2589 4496 2899 4558 monacho
2933 4496 3092 4565 158
3120 4495 3439 4574 despectio
3468 4496 3648 4573 quasi
3678 4495 3811 4557 laus
3830 4544 3844 4569 ,
3889 4516 4054 4575 pau-

798 4598 958 4660 hane
990 4602 1546 4679 diSpensationem,
1577 4610 1645 4663 ut
1674 4622 1881 4682 neque
1923 4606 1989 4668 in
2019 4607 2227 4669 hieme
2258 4609 2367 4669 fri-

799 4715 913 4773 gus
944 4717 1149 4777 neque
1197 4707 1430 4760 aestate
1477 4702 1760 4763 ardorem
1794 4707 2155 4768 sentiamus.
2185 4710 2370 4771 Ideo-

800 4815 922 4873 que
955 4797 1079 4857 dixi
1116 4799 1311 4871 vobis,
1346 4800 1491 4877 quia
1519 4817 1636 4877 ego
1674 4804 1955 4863 nondum
1998 4804 2199 4866 factus
2234 4825 2371 4867 sum

873 4937 948 5002 (Ι)
985 4935 1095 4989 γν.
1132 4936 1234 4989 PP.
1266 4936 1452 4991 Rosw.
1487 4941 1576 4994 lib.
1610 4940 1677 4993 VI
1703 4943 1865 4997 libell.
1903 4946 1959 5005 5,
2004 4945 2036 4997 4
2068 4962 2120 5016 p.
2153 4948 2277 5013 655,
2312 4948 2364 5001 1.

867 5028 944 5097 (2)
974 5027 1210 5083 Coteler.
1244 5031 1389 5085 Eccl.
1418 5032 1611 5087 Graec.
1656 5034 1802 5088 Men.
1832 5035 1896 5089 T.
1947 5038 1967 5091 Ι
2011 5054 2062 5107 p.
2100 5040 2204 5092 526
2234 5056 2281 5093 s.
2314 5056 2365 5093 ν.

802 5117 1077 5173 Macarius
1102 5120 1431 5192 Aegyptius§
1461 5122 1504 5176 Il
1534 5144 1547 5190 ;
1582 5125 1724 5179 infra
1751 5129 1806 5181 in
1844 5129 2039 5183 harum
2078 5130 2371 5197 Quaestio-

803 5228 932 5264 num
968 5215 1281 5281 Appendice
1309 5217 1477 5269 altera
1514 5218 1615 5271 sub
1647 5218 1739 5273 III.

868 5304 942 5371 (5)
975 5304 1110 5357 Hist.
1146 5304 1312 5360 Laus.
1352 5309 1434 5361 ed.
1489 5308 1687 5365 Meurs.
1730 5327 1850 5381 cap.
1894 5312 1962 5365 12
1989 5311 2127 5382 Opp.
2171 5314 2367 5369 Meurs.

808 5397 843 5449 I.
881 5398 915 5450 l.
953 5413 1003 5464 p.
1040 5398 1161 5461 373,
1199 5400 1220 5451 I
1262 5417 1381 5468 sqq.

880 5488 958 5556 (Ιι)
995 5488 1083 5541 Cf.
1116 5505 1279 5558 supra
1311 5491 1336 5560 §
1371 5493 1403 5545 5
1430 5509 1481 5561 p.
1503 5493 1533 5545 4
1564 5509 1645 5561 sq.

876 5582 955 5648 (δ)
993 5581 1168 5649 Supra
1200 5584 1225 5653 ξ
1256 5584 1324 5636 32
1358 5601 1405 5653 p.
1464 5587 1586 5640 113.

880 5672 956 5742 (6)
1016 5672 1129 5725 νγ.
1195 5675 1295 5729 PP.
1363 5677 1547 5732 Rosw.
1617 5680 1710 5733 lib.
1767 5679 1835 5735 VI
1882 5682 2045 5736 libell.
2103 5683 2156 5743 ά,
2208 5685 2275 5739 54
2317 5700 2372 5751 p.

810 5763 939 5824 661,
986 5766 1019 5835 li.
1060 5782 1141 5835 sq.

886 5836 962 5896 (ἲ)
993 5834 1124 5889 Ibid.
1152 5836 1361 5897 Proletz.
1394 5837 1511 5891 XIV
1543 5856 1591 5899 υ.
1618 5839 1771 5892 XLII.

2477 4605 2684 4677 pertas
2715 4598 2873 4660 sicut
2902 4598 3169 4671 divitiae,
3198 4598 3409 4677 inepia
3431 4598 3589 4658 sicut
3610 4598 3857 4677 epulae,
3882 4618 4053 4660 nun-

2478 4716 2663 4777 quam
2696 4698 2976 4759 moritur.
3010 4696 3401 4775 Impossibile
3434 4702 3547 4768 est,
3583 4698 3744 4757 bene
3780 4699 4015 4759 creden
4036 4735 4053 4743 -

2478 4804 2601 4858 tem
2634 4806 2695 4859 et
2737 4798 2840 4877 pie
2879 4798 3187 4858 colentem
3222 4798 3414 4857 Deum
3456 4798 3679 4859 cadere
3708 4800 3773 4859 in
3805 4801 4051 4878 passio-

2544 4941 2621 5008 (8)
2652 4939 2788 4992 Bibl.
2823 4938 2945 4993 cod.
2969 4938 3248 4992 CXCVIII.

2542 5034 2617 5100 (9)
2657 5031 2763 5085 VV.
2798 5032 2898 5085 PP.
2938 5032 3119 5086 Rosw.
3145 5032 3239 5085 lib.
3272 5029 3365 5084 VII
3401 5046 3523 5099 cap.
3560 5032 3611 5092 1,
3647 5033 3678 5083 8
3709 5048 3761 5101 p.
3794 5033 3923 5097 665,
3953 5040 4007 5092 Ξ.

2548 5124 2661 5193 (10)
2694 5123 2833 5178 Ibid.
2860 5124 2957 5177 lib.
2987 5122 3078 5175 VII
3109 5138 3229 5191 cap.
3263 5123 3364 5184 5,1
3400 5138 3453 5189 p.
3490 5121 3617 5184 666,
3652 5124 3707 5176 ‘2.

2552 5213 2664 5281 (Η)
2693 5212 2829 5266 Ibid.
2867 5213 2963 5265 lib.
2998 5210 3092 5265 VII
3126 5228 3246 5281 cap.
3284 5214 3369 5273 l3,
3396 5214 3428 5265 6
3459 5229 3511 5281 p.
3545 5214 3672 5277 (ΠΗ,
3718 5210 3771 5265 9..

2545 5305 2657 5373 (12)
2689 5305 2825 5357 Ibid.
2856 5305 2949 5359 lib.
2980 5303 3074 5357 vn
3096 5320 3215 5373 cap.
3248 5306 3331 5365 19,
3365 5305 3397 5357 5
3430 5321 3483 5371 p.
3508 5305 3632 5367 σῖδ,
3669 5305 3722 5357 2.

2551 5398 2658 5464 (15)
2692 5397 2827 5450 Ibid.
2867 5397 2959 5450 lib.
2996 5395 3089 5448 V'II
3124 5412 3245 5465 cap.
3276 5397 3367 5459 57,
3411 5395 3443 5448 4
3477 5412 3528 5464 p.
3560 5397 3656 5449 681
3686 5436 3699 5460 ,
3735 5399 3787 5449 2.
3837 5396 4050 5452 Recen-

2477 5491 2687 5541 suimus
2714 5488 2956 5557 quinque
2986 5486 3106 5540 illas
3161 5486 3421 5539 historias
3472 5502 3637 5553 supra
3684 5485 3710 5555 §
3748 5487 3817 5539 32
3854 5504 3907 5557 p.
3950 5491 4055 5543 I55

2474 5578 2594 5648 §55
2631 5579 2841 5644 p.148;
2885 5578 3010 5649 §32
3045 5594 3099 5648 p.
3157 5579 3259 5630 I33
3302 5594 3383 5645 sq.
3434 5578 3555 5648 §55
3616 5581 3852 5647 p.148;
3904 5581 4054 5652 ᾗδὲ

2474 5686 2525 5739 p.
2567 5670 2658 5723 l39
2691 5684 2773 5737 sq.
2807 5670 2833 5739 §
2868 5672 2934 5725 55
2966 5670 3345 5740 p.148;§23
3371 5686 3421 5739 ρ.
3456 5670 3554 5723 106
3590 5687 3673 5740 εει.
3711 5672 3831 5740 §29
3863 5690 3919 5744 ρ.
3954 5675 4055 5731 ne

2481 5761 2604 5827 §55
2632 5762 2834 5829 p.148.
