4266 6360
194 395 298 450 HI

1700 386 1931 444 VITAE.

3320 379 3424 435 150

186 506 334 551 ncm
357 485 741 549 immundam
764 494 825 550 et
850 488 917 549 in
938 504 1213 549 errorem
1242 486 1617 548 daemonum
1650 485 1754 564 (1).
1788 492 1834 544 Α
1862 483 2055 544 edicit
2086 480 2233 562 (l3),
2286 478 2648 540 brevisSIme
2705 475 2879 553 loqui
2934 449 3217 535 sufﬁciet.
3272 475 3424 533 Cum

184 589 362 650 Idem
419 588 485 648 in
538 586 864 650 sententiis
919 594 1166 665 patrum
1219 584 1662 663 Aegyptiorum
1719 598 1756 643 a

186 687 514 748 Rosweido
537 685 617 764 (2)
642 692 704 746 et
722 686 787 746 in
810 684 1363 765 Apophthegmatis
1392 700 1427 744 a
1453 680 1755 743 Cotelerio

154 808 157 811 ‘
186 785 268 864 (3)
304 785 487 846 editis
520 784 812 846 occurrit.

264 887 432 958 Quae
477 883 705 947 deinde
742 885 808 946 in
854 884 1015 945 libro
1058 883 1324 963 septimo
1368 882 1445 944 de
1490 881 1755 944 Macario

184 983 560 1058 camelario,
595 983 703 1062 qui
742 982 971 1043 nitrum
1004 980 1241 1043 furatus
1276 981 1385 1055 sit,
1432 980 1759 1041 traduntur

186 1082 297 1160 (4),
332 1083 409 1144 ad
441 1088 730 1143 neutrum
760 1098 836 1143 ex
876 1082 1129 1155 nostris,
1165 1081 1275 1142 sed
1310 1080 1388 1142 ad
1427 1080 1757 1142 Macarium

184 1184 523 1256 iuniorem,
550 1183 655 1261 qui
685 1184 762 1244 ad
784 1199 1020 1243 annum
1044 1198 1246 1261 usque
1280 1181 1497 1243 aetatis
1527 1180 1761 1241 duode-

187 1284 558 1360 vigesimum
597 1302 825 1364 pecora
853 1292 1129 1364 paverat,
1160 1284 1448 1345 videntur
1477 1292 1759 1362 spectare

190 1385 298 1462 (5).
337 1386 587 1446 Latinus
621 1392 829 1447 autem
869 1387 1179 1465 interpres
1210 1385 1345 1447 libri
1391 1384 1639 1464 septimi
1668 1390 1762 1446 est

188 1482 557 1545 Paschasius
574 1484 896 1558 diaconus,
915 1502 1101 1564 quem
1118 1485 1303 1546 etiam
1318 1484 1565 1546 saeculo
1585 1489 1760 1545 sexto

188 1578 416 1641 vixisse
440 1580 605 1642 haud
638 1588 871 1643 temere
903 1582 1167 1645 credunt
1198 1581 1303 1660 (6).

274 1682 301 1752 ᾗ
352 1678 448 1739 36.
514 1682 603 1741 Ex
658 1682 1083 1743 Rosweidiana
1157 1680 1528 1743 collectione
1590 1680 1761 1741 solus

191 1781 643 1840 sententiarum
674 1783 1113 1860 Aegyptiorum
1154 1790 1398 1863 patrum
1428 1782 1585 1842 liber
1612 1798 1759 1842 exa-
1792 1812 1834 1867 Β

189 1878 529 1941 minandus
589 1887 796 1940 restat.
861 1882 977 1941 Ubi
1028 1882 1106 1942 de
1170 1881 1450 1943 Macariis
1499 1888 1767 1959 quatuor

190 1985 435 2039 tantum
459 1978 613 2041 locis
634 1980 910 2054 traditur,
941 1998 1209 2060 quorum
1242 1989 1367 2042 tres
1398 1980 1765 2041 sententiam

190 2078 516 2156 Aegyptii,
560 2096 670 2140 cur
712 2080 1144 2141 recordatione
1185 2079 1493 2141 malorum
1526 2098 1561 2141 a
1613 2078 1763 2139 dae-

190 2191 384 2238 mone
414 2177 789 2240 inﬂictorum
827 2181 1165 2243 memoriae
1209 2180 1331 2241 vim
1374 2196 1503 2241 non
1550 2178 1763 2240 laeda-

192 2291 336 2334 mus
368 2272 488 2353 (7),
528 2275 805 2337 eiusdem
842 2277 1218 2351 doctrinam,
1249 2277 1615 2340 iracundum
1649 2275 1767 2337 sibi

194 2372 404 2452 ipsum
427 2390 656 2436 nocere
689 2375 795 2455 (8),
827 2376 1130 2457 illudque,
1170 2377 1336 2457 quod
1370 2377 1558 2439 modo
1584 2377 1765 2439 audi-

196 2471 429 2543 vimus,
470 2470 703 2533 dictum
742 2473 820 2535 de
858 2474 1169 2536 monacho
1206 2474 1483 2554 perfecto
1508 2474 1588 2555 (9)
1619 2492 1765 2555 per-

196 2568 420 2632 hibent
454 2570 598 2654 (10).
639 2576 896 2646 Quartus
924 2592 1072 2637 vero
1110 2575 1208 2637 hic
1241 2582 1331 2639 est
1359 2595 1371 2637 :

279 2693 310 2727 «
341 2670 640 2734 Dicebant
663 2691 777 2752 pro
797 2674 1019 2735 abbate
1042 2676 1307 2737 Macario
1336 2676 1593 2750 maiore,
1622 2693 1769 2756 quia

198 2768 361 2830 sicut
400 2770 563 2831 Deus
590 2773 860 2850 protegit
887 2778 1085 2834 totum
1116 2775 1417 2836 mundum
1467 2782 1527 2836 et
1564 2780 1767 2855 portat

201 2876 456 2947 peccata
494 2870 817 2932 hominum
844 2918 858 2944 ,
905 2872 988 2932 ita
1038 2880 1099 2933 et
1140 2873 1245 2935 ille
1292 2873 1469 2953 quasi
1517 2873 1769 2951 quidam

203 2971 365 3031 Deus
398 2978 681 3032 terrenus
712 2972 828 3032 fuit
863 2970 927 3032 in
970 2972 1292 3047 fratribus,
1336 2973 1627 3053 operiens
1655 2974 1767 3034 de-

203 3070 347 3133 licta
368 3070 640 3145 illorum,
666 3078 727 3133 et
758 3090 852 3148 ea,
875 3090 1036 3153 quae
1062 3073 1308 3135 videbat
1335 3072 1431 3134 vel
1456 3072 1766 3147 audiebat,

202 3174 383 3253 quasi
420 3190 546 3235 non
594 3135 810 3235 videns
834 3135 917 3236 et‘
936 3192 1063 3237 non
1092 3175 1352 3236 audiens
1376 3173 1519 3253 (11).
1546 3196 1575 3229 ιη
1598 3135 1774 3245 Quod
1799 3135 1841 3191 ϐ

204 3279 491 3334 narratur
542 3273 729 3334 etiam
785 3274 853 3335 in
919 3273 1478 3354 Ap0phthegmatis
1526 3273 1685 3344 159
1739 3292 1776 3337 a

205 3374 514 3435 Cotelerio
551 3374 733 3435 editis
764 3372 909 3454 (12),
947 3380 1007 3435 et
1044 3392 1187 3435 cum
1224 3373 1471 3447 ceteris,
1502 3390 1661 3453 quae
1699 3374 1777 3436 de

208 3474 473 3535 Macario
503 3474 805 3553 Aegyptio
832 3472 1123 3550 iegimus,
1157 3474 1321 3534 bene
1344 3473 1653 3534 convenit.

287 3574 411 3635 Sed
458 3592 624 3635 nunc
682 3573 1220 3653 Apophthegmata
1260 3589 1295 3633 a
1332 3572 1594 3634 Possino
1635 3580 1697 3635 et
1743 3591 1779 3636 a

208 3673 516 3737 Cotelerio
544 3674 709 3736 edita
734 3674 1162 3753 inspiciamus.

804 3796 1042 3857 CAPUT
1073 3796 1202 3856 VII.

212 3934 754 3984 APOPHTHEGMATA
807 3934 848 3979 Δ
886 3932 1142 3977 POSSINO
1212 3932 1290 3977 ET
1348 3932 1389 3975 Α
1445 3930 1781 3975 COTELERIO

295 4016 501 4068 EDITA,
576 4013 827 4056 INEDITA
901 4013 1171 4055 CODICUM
1224 4009 1784 4055 VINDOBONENSIUM

294 4092 609 4139 APPENDIX
627 4091 949 4134 cora:an
970 4071 1784 4141 APOPHTHEGMATUM,VITAE

300 4172 680 4216 SANCTORUM
706 4170 786 4213 DE
806 4170 1057 4214 SANCTIS
1071 4168 1359 4212 MACARJIS
1385 4165 1689 4211 AEGYPTIO
1709 4166 1786 4210 ΕΤ

280 4248 755 4297 ALEXANDRINO.

302 4359 332 4431 §
378 4353 475 4415 37.
519 4354 607 4413 De
653 4349 1202 4431 ApOphthegmatis
1234 4348 1502 4422 Macarii,
1544 4364 1705 4426 quae
1752 4363 1787 4407 e

1858 581 2026 642 enim
2064 579 2405 642 didacticae
2456 576 2640 656 plane
2683 575 2911 636 indolis
2939 574 3083 642 sint,
3121 578 3181 633 et
3227 590 3260 634 a
3299 573 3428 633 Pri-

1856 682 1945 741 tio
1983 680 2142 752 (14),
2202 662 2320 741 nec
2373 694 2500 739 non
2556 677 2621 737 in
2683 674 2986 736 Gallandii
3040 672 3425 733 Bibliotheca

1857 780 1951 839 PP
1979 771 2125 856 (15).
2147 780 2356 840 denuo
2383 793 2606 838 excusa
2631 774 2811 835 facile
2838 772 3218 846 evolvantur,
3243 788 3315 833 ea
3332 772 3429 831 in-

1856 883 2027 955 tegra
2057 878 2411 940 adscribere
2445 877 2782 939 noluimus.
2820 877 3137 952 Leguntur
3171 890 3319 935 vero
3358 873 3425 933 in

1858 978 1932 1039 iis
1976 980 2156 1041 effata
2201 979 2448 1040 Macarii
2488 1002 2515 1034 «
2566 977 2984 1055 magni,»1.e.
3025 974 3313 1053 Aegyptii
3344 974 3424 1034 de

1858 1077 2243 1155 perfectione
2265 1076 2579 1149 monachi,
2610 1074 2689 1136 de
2719 1075 2851 1135 eius
2870 1071 3319 1144 consolatione,
3346 1070 3424 1131 de

1860 1176 2331 1237 conversatione
2370 1192 2512 1235 cum
2557 1172 2834 1244 senibus,
2868 1170 2945 1230 de
2986 1169 3306 1248 patientia,
3348 1167 3427 1227 de

1859 1292 2070 1336 amore
2099 1292 2270 1348 vero,
2304 1274 2381 1335 de
2415 1275 2474 1335 vi
2512 1273 2811 1337 orationis
2853 1278 2915 1333 et
2951 1270 3307 1350 patientiae,
3336 1270 3427 1331 .de

1859 1375 2305 1448 taciturnitate,
2362 1374 2440 1435 de
2495 1375 2812 1437 sanctitate
2861 1371 2996 1433 sine
3044 1371 3321 1432 doctrina
3367 1376 3431 1429 et

1860 1471 2141 1533 doctrina
2183 1472 2317 1533 sine
2361 1472 2706 1544 sanctitate,
2759 1470 2837 1531 de
2892 1485 3020 1529 non
3076 1466 3430 1546 appetenda

1862 1569 2251 1647 praefectura
2278 1568 2752 1641 monachorum,
2785 1568 2864 1628 de
2893 1566 3195 1627 oratione.
3228 1567 3427 1641 Atque

1863 1670 2080 1731 eadem
2110 1670 2175 1729 in
2208 1670 2305 1742 iis,
2337 1687 2497 1746 quae
2524 1669 2591 1728 in
2616 1667 2888 1728 homiliis
2912 1664 3159 1726 Macarii
3181 1667 3430 1740 Aegyp-

1862 1770 1952 1842 tii,
1983 1766 2472 1846 deprehenditur
2497 1765 2763 1826 indoles.
2794 1762 2913 1823 Sed
2940 1762 3237 1841 quoniam
3263 1776 3426 1829 onu-

1865 1866 2059 1939 scula,
2087 1881 2248 1945 quae
2278 1864 2391 1925 sub
2412 1863 2658 1925 Macarii
2686 1861 2970 1941 Aegyptii
2990 1859 3247 1921 nomine
3272 1858 3428 1917 Pos-

1866 1970 2036 2030 sinus
2075 1983 2151 2027 ex
2182 1965 2403 2026 eodem
2427 1964 2643 2025 codice
2672 1965 2957 2023 Romano
2994 1958 3255 2039 protulit
3278 1958 3427 2035 (16),

1866 2064 2104 2135 codice,
2138 2078 2326 2141 quem
2353 2061 2489 2139 ipse
2522 2058 2927 2119 Vindobonae
2956 2054 3080 2115 adii
3105 2052 3251 2131 (17),
3276 2056 3430 2111 teste

1869 2165 2025 2236 160
2065 2178 2100 2220 a
2134 2160 2421 2220 Simeone
2458 2156 2797 2234 Logotheta
2829 2156 2886 2229 (e
2922 2152 3166 2231 scriptis
3185 2149 3433 2211 Macarii

1864 2260 2172 2339 Aegyptii)
2208 2256 2539 2337 compilata
2578 2261 2744 2327 sunt,
2766 2251 3306 2333 ApOphthegmata
3326 2247 3435 2309 illa

1866 2360 2053 2421 simili
2087 2360 2275 2422 modo
2307 2358 2573 2420 conﬂata
2616 2372 2754 2416 esse
2787 2371 2912 2415 non
2954 2360 3189 2413 temere
3223 2347 3434 2428 suspi-

1869 2477 2001 2521 cor.
2032 2463 2232 2538 Atque
2251 2458 2405 2520 haec
2435 2454 2973 2533 Apophthegmata
2990 2468 3128 2512 cum
3150 2448 3435 2510 versione

1867 2577 1902 2621 a
1944 2560 2126 2621 nobis
2190 2558 2482 2635 castigata
2542 2554 2702 2615 infra
2747 2554 2813 2613 in
2852 2552 3072 2613 harum
3100 2548 3429 2621 Quaestio-

1869 2676 2020 2719 num
2064 2657 2425 2738 Appendice
2477 2655 2668 2716 altera
2708 2652 2824 2715 sub
2855 2654 2911 2713 Il
2936 2651 3102 2730 typis
3142 2648 3436 2729 repetivi-

1868 2776 2030 2819 IDUS.

1948 2862 1974 2933 ς
2006 2856 2100 2919 38.
2135 2860 2204 2918 In
2232 2854 2787 2936 Apophthegmatis
2827 2869 2862 2913 a
2905 2849 3210 2911 Cotelerio
3256 2848 3437 2908 editis

1869 2957 1948 3016 de
1986 2954 2249 3016 Macario
2297 2951 2605 3030 Aegyptio
2636 2952 2763 3009 XLI
2792 2948 3095 3026 capitibus
3131 2950 3435 3014 narratur,

1871 3070 2033 3133 quae
2079 3060 2289 3115 tamen
2335 3051 2483 3113 solis
2543 3049 2762 3110 decem
2830 3044 3103 3106 historiis
3164 3042 3443 3120 exceptis

1875 3154 2083 3216 omnia
2110 3153 2233 3214 iam
2262 3149 2667 3213 excussimus.
2702 3150 2923 3226 Neque
2959 3162 3031 3206 ea
3059 3142 3224 3222 apud
3248 3141 3444 3203 Palla-

1875 3253 2068 3325 dium,
2125 3254 2191 3313 in
2246 3252 2406 3313 libro
2453 3249 2754 3322 secundo,
2822 3246 2991 3327 apud
3056 3244 3439 3316 Cassianum,

1875 3356 1936 3415 S.
1968 3354 2443 3431 Hieronymum,
2478 3349 2826 3427 Evagrium,
2866 3346 2975 3407 sed
3006 3346 3073 3406 in
3112 3343 3244 3406 sola
3280 3342 3441 3403 anti-

1877 3471 1997 3532 qua
2016 3452 2323 3513 Historiae
2343 3450 2673 3512 Lausiacae
2696 3447 2982 3509 versione
3005 3451 3065 3505 et
3081 3446 3147 3505 in
3168 3445 3291 3504 VV.
3324 3443 3443 3503 PP.

1876 3551 2049 3612 libris
2083 3550 2633 3630 deprehendimus.
2668 3545 2845 3607 Unde
2877 3543 3350 3622 compilatorem
3379 3540 3447 3600 in

1879 3669 2070 3733 Opere
2106 3669 2221 3713 suo
2249 3648 2651 3727 congerendo
2693 3664 2824 3708 non
2853 3645 3153 3725 Operibus
3180 3641 3447 3721 scripto-

1879 3770 2041 3826 rum,
2064 3752 2173 3813 sed
2204 3748 2589 3812 secundariis
2607 3753 2845 3807 tantum
2872 3744 3170 3816 fontibus,
3186 3742 3311 3801 VV.
3328 3741 3447 3800 PP.

1880 3851 2172 3912 nimirum
2202 3847 2685 3923 libris,innisum
2717 3861 2852 3905 esse
2885 3852 3054 3905 certo
3078 3841 3303 3904 elucet.
3328 3839 3450 3901 Sed

1881 3951 2008 4013 hae'
2029 3955 2169 4012 sunt
2190 3949 2409 4011 decem
2438 3945 2581 4007 illae
2601 3943 2895 4005 historiae
2922 3960 2935 4002 :

1964 4074 1991 4105 α
2016 4052 2233 4111 Petrus
2264 4049 2452 4118 abbas
2486 4045 2775 4116 narravit,
2810 4043 3059 4103 beatum
3094 4037 3451 4109 Macarium,

1883 4167 2078 4228 quum
2100 4146 2438 4226 aliquando
2467 4143 2908 4206 anachoretam
2932 4138 3246 4219 quendam
3274 4137 3451 4197 inve-

1887 4251 2081 4312 nisset
2129 4252 2578 4325 aegrotantem,
2624 4242 3002 4305 sciscitatum
3052 4255 3188 4300 esse
3235 4254 3311 4297 ex
3351 4251 3455 4309 eo,

1887 4351 2181 4429 quidnam
2223 4347 2346 4408 cibi
2399 4361 2645 4406 sumere
2696 4342 2904 4402 vellet.
2958 4338 3074 4411 Qui
3118 4343 3455 4427 postquam

219 4455 444 4517 codice
472 4451 718 4530 collegii
752 4454 813 4513 S.
850 4453 897 4511 Ι.
924 4449 1189 4512 Romani
1218 4448 1515 4509 Possinus
1549 4447 1786 4526 primus
1816 4467 1862 4525 υ
1889 4448 2201 4529 pastillum
2232 4446 2433 4527 petiit,
2466 4444 2666 4505 virum
2702 4442 2949 4513 fortem,
2974 4455 3169 4517 quum
3207 4434 3365 4497 nihil
3391 4434 3456 4495 in

303 4676 381 4747 ti)
420 4674 532 4727 νγ.
576 4671 680 4726 PP.
718 4670 900 4725 Rosw.
933 4669 1028 4722 lib.
1050 4667 1141 4721 VII
1168 4683 1289 4737 cap.
1313 4666 1402 4730 38,
1432 4666 1467 4718 2
1502 4681 1556 4735 p.
1589 4666 1787 4730 682,1.

296 4770 375 4839 (2)
408 4768 543 4821 lbid.
578 4767 803 4834 Aegypt.
843 4764 1365 4832 patrumsententiae
1381 4762 1451 4815 25
1469 4776 1520 4829 p.
1549 4762 1708 4824 1005,
1739 4760 1789 4814 1.

300 4862 378 4930 (5)
408 4858 641 4912 Coteler.
678 4854 825 4908 Eccl.
868 4852 1059 4907 Graec.
1098 4852 1243 4905 Mon.
1276 4850 1340 4907 T.
1380 4851 1401 4904 Ι
1437 4867 1490 4920 p.
1526 4850 1630 4905 557
1662 4867 1708 4904 s.
1733 4865 1788 4904 ν.

1894 4665 2079 4827 “if.”
2119 4753 2227 4809 νγ.
2265 4753 2368 4808 PP.
2405 4753 2588 4806 Rosw.
2631 4750 2731 4804 107
2772 4765 2828 4819 p.
2854 4746 3063 4807 1006.1
3106 4760 3190 4812 sq.

1966 4844 2077 4911 (12)
2117 4842 2345 4897 Coteler.
2374 4838 2413 4891 I.
2450 4839 2485 4891 Ι.
2522 4853 2575 4905 p.
2612 4838 2706 4915 541
2733 4853 2777 4890 s.
2803 4851 2857 4887 v.
2890 4832 3160 4885 Macarius
3179 4830 3462 4900 Aegyptius

229 4921 504 5008 Macarius
530 4948 812 5017 Aegyptius
840 4945 867 5016 §
892 4943 1020 4999 XX:
1057 4944 1199 4997 infra
1221 4945 1272 4997 in
1300 4944 1489 4997 harum
1513 4942 1799 5008 Quaestio—
1899 4935 1928 5007 ᾗ
1965 4932 2187 4998 XXXII;
2224 4932 2363 4985 intra
2389 4932 2445 4983 in
2477 4929 2670 4981 harum
2702 4925 3103 4992 Quaestionum
3149 4921 3462 4991 Appendice

229 5061 365 5100 num
400 5042 709 5111 Appendice
741 5040 908 5093 altera
958 5038 1059 5092 sub
1090 5036 1183 5090 lII.

306 5134 385 5201 (4)
408 5130 520 5185 vv.
544 5128 653 5183 PP.
684 5129 868 5183 Rosw.
896 5127 993 5180 lib.
1026 5126 1114 5179 vu
1139 5141 1260 5192 cap.
1287 5124 1375 5186 i2,
1415 5123 1453 5177 2
1485 5140 1535 5192 p.
1561 5121 1684 5183 669,
1705 5120 1758 5175 2.

295 5224 375 5292 (5)
420 5222 559 5277 IIist.
590 5219 756 5275 Laus.
801 5220 888 5274 ed.
919 5218 1119 5273 Meurs.
1157 5232 1281 5286 cap.
1323 5216 1387 5269 18
1417 5213 1557 5283 Opp.
1592 5212 1795 5268 Meurs.

230 5322 272 5376 Ι.
308 5319 346 5373 l.
371 5334 426 5388 p.
456 5316 583 5371 385.
614 5314 704 5369 Cf.
736 5329 900 5382 supra
930 5329 983 5381 p.
1024 5313 1147 5367 105.

302 5410 382 5479 (6)
416 5407 527 5462 νγ.
562 5406 666 5461 PP.
699 5405 885 5459 Rosw.
920 5404 1133 5473 Proleg.
1175 5401 1293 5455 XIII
1325 5417 1378 5471 p.
1404 5400 1588 5454 XLIII.

305 5501 386 5569 (7)
419 5497 528 5553 VV.
564 5496 667 5551 PP.
695 5497 878 5551 Rosw.
913 5495 981 5549 15
1012 5511 1065 5563 p.
1111 5494 1267 5559 1005,
1304 5494 1355 5546 1.

300 5592 381 5661 (8)
424 5590 561 5644 Ibid.
592 5588 658 5642 16
682 5605 733 5658 p.
774 5588 933 5648 1005,
979 5587 1028 5639 1.

319 5685 398 5752 (9)
424 5683 562 5738 Ibid.
604 5682 676 5734 23
705 5698 758 5751 p.
792 5680 949 5743 1005,
986 5680 1041 5731 2.

314 5775 429 5844 (l0)
461 5773 853 5829 Recensuimus
881 5786 975 5825 eos
990 5768 1283 5839 supra§29
1308 5783 1360 5838 p.
1384 5764 1525 5836 H95
1544 5765 1676 5834 33p.
1704 5762 1805 5816 147

1898 5029 2066 5083 altera
2103 5026 2207 5080 sub
2231 5024 2324 5078 Ill.

1970 5118 2081 5182 H3)
2118 5115 2203 5169 CI‘.
2241 5126 2406 5179 supra
2470 5127 2524 5181 p.
2555 5109 2623 5163 '57
2648 5112 2765 5161 not.
2802 5105 2854 5157 1.

1970 5209 2082 5278 (II)
2119 5207 2202 5261 Cl'.
2228 5219 2393 5274 supra
2418 5206 2457 5257 l.
2490 5203 2527 5255 l.

1973 5300 2087 5370 (15)
2120 5297 2369 5353 Galland.
2399 5294 2539 5348 Bibl.
2572 5290 2679 5345 PP.
2712 5288 2776 5342 T.
2804 5285 2895 5340 VII
2926 5302 2978 5355 p.
3010 5286 3116 5339 222
3141 5301 3225 5353 sq.

1974 5393 2088 5465 (16)
2121 5392 2335 5445 Libroa
2367 5388 2522 5442 nobis
2564 5396 2728 5452 supra
2764 5397 2816 5450 p.
2860 5379 2928 5433 37
2952 5394 3007 5431 n.
3034 5379 3057 5430 1
3090 5377 3332 5429 laudato.
3362 5370 3465 5426 Ea-

1904 5487 2027 5542 dem
2067 5482 2326 5554 opuscula
2354 5493 2551 5534 recusa
2599 5482 2728 5530 sunt
2761 5474 2863 5526 hoc
2906 5469 3084 5523 indice
3120 5487 3132 5522 :
3171 5467 3229 5521 S.
3283 5466 3469 5520 Patris

1906 5577 2135 5633 Macarii
2185 5572 2425 5643 Aegyptii
2474 5566 2751 5631 opuscula,
2784 5573 2899 5617 etc.
2953 5560 3036 5612 ed.
3081 5559 3281 5612 Pritius
3319 5558 3468 5624 Lips.

1912 5670 2050 5726 1699
2080 5678 2133 5722 et
2160 5667 2214 5719 in
2261 5662 2514 5718 Galland.
2562 5658 2701 5711 Bibl.
2735 5654 2839 5706 PP.
2875 5651 2939 5705 '1‘.
2972 5650 3062 5703 VII
3102 5666 3155 5719 p.
3194 5647 3287 5701 161
3343 5662 3467 5715 sqq.

1981 5760 2092 5829 (17)
2133 5756 2230 5810 Est
2278 5754 2401 5808 cod.
2438 5750 2579 5803 Bibl.
2632 5745 2793 5801 Caes.
2849 5740 3085 5794 Vindol).
3144 5754 3247 5792 IIIS.
3298 5737 3467 5791 theol.

243 5829 333 5939 sq:
366 5829 493 5938 gas
526 5864 750 5937 p.157;
796 5862 981 5934 §np.
1024 5829 1140 5932 θὲς
1173 5829 1588 5930 ἓξρξίδεςὲῑδ
1618 5829 1668 5927 ί).
1706 5854 1806 5908 117
1910 5868 1928 5921 ε

1779 5854 1806 5906 7
1910 5866 2089 5921 graec.
2120 5846 2217 5902 No.
2250 5844 2370 5910 101,
2408 5844 2536 5897 olim
2563 5838 2691 5903 9.5.0,
2730 5834 2817 5888 ubi
2856 5833 2949 5887 fol.
2985 5832 3071 5897 55,
3106 5829 3140 5883 2
3164 5845 3282 5899 sqq.
3323 5843 3464 5898 opu-
