4266 6360
818 389 916 445 151
1646 388 1748 443 SS.
1795 386 2251 443 MACARIORUM
2294 382 2615 438 AEGYI’TII
2656 383 2744 437 ET
2784 381 3251 436 ALEXANDRINI
3957 372 4065 431 132

818 487 972 546 cella
996 489 1180 555 esset,
1215 484 1523 563 proﬁcisci
1551 484 1980 546 Alexandriam
2008 505 2132 547 non
2163 490 2379 567 piguit,
2412 487 2458 540 Α
2489 479 2627 539 dam
2659 480 2855 555 diligit
2912 494 3036 551 me,
3070 484 3128 538 et
3150 478 3250 537 Odi
3285 491 3458 545 eum;
3487 488 3724 553 ρδυρθτ
3753 486 3901 530 vero
3931 470 4063 527 “dit

820 592 887 645 ut
933 601 1121 661 aegro
1158 584 1437 657 atl‘erret;
1480 603 1686 664 neque
1726 588 1877 647 mira
1923 606 2023 647 res
2062 590 2385 651 manifesta
2488 598 2609 651 m0,
2638 579 2906 655 etdillSO
2938 596 3100 637 θυῐη-
3136 580 3268 649 QUO
3292 576 3503 636 audito
3532 587 3824 675 ειῆΐωοηθ
3865 572 4063 675 hiat??-

820 685 1109 762 cuiquam
1156 684 1315 745 facta
1348 690 1439 744 est
1474 683 1577 759 (1).
1621 710 1646 739 υ
1700 688 1782 745 De
1825 688 2003 747 Petro
2048 689 2269 751 abbate
2319 693 2383 753 in
2486 680 2613 740 rius
2641 681 2831 740 abbas
2875 680 3208 741 admiratus
3240 688 3351 738 est.
3378 678 3533 736 Tum
3571 673 3792 733 fratres
3830 688 3840 728 :
3876 668 4057 740 Quid,

820 785 1087 854 Cellulis,
1121 787 1231 845 Lot
1260 785 1496 846 abbatis
1534 786 1865 866 discipulo,
1894 810 2079 869 supra
2113 794 2386 872 disputa-

816 886 1017 944 vimus
1051 883 1154 963 (2).

898 1008 925 1038 «
975 987 1203 1045 Iterum
1252 988 1945 1053 memoravitzMacario
1989 994 2193 1055 abbati
2236 1014 2382 1074 prae

817 1086 1057 1143 cunctis
1111 1084 1400 1145 fratribus
1452 1088 1515 1145 in
1553 1088 1946 1167 simplicitate
1992 1098 2388 1162 conversanti

817 1181 1071 1257 quidam
1108 1201 1120 1241 :
1154 1184 1291 1255 Cur,
1349 1185 1663 1262 inquiunt,
1715 1188 1898 1249 talem
1954 1198 2015 1251 te
2069 1197 2385 1271 praebes?

822 1280 926 1340 Ille
951 1282 1271 1358 respondit
1296 1284 1663 1345 :Duodecim
1679 1288 1857 1349 annis
1878 1292 2097 1350 servivi
2120 1294 2382 1355 Domino

820 1394 984 1451 meo,
1013 1386 1080 1440 ut
1120 1381 1269 1439 mihi
1309 1381 1467 1442 hanc
1505 1382 1827 1459 largiretur
1878 1390 2153 1463 gratiam,
2185 1403 2244 1452 et
2276 1413 2384 1455 vos

822 1495 1042 1541 omnes
1108 1480 1260 1539 mihi
1311 1482 1636 1542 consilium
1704 1485 1879 1558 datis,
1943 1494 2009 1547 ut
2073 1491 2383 1570 deponam

822 1594 955 1635 nam
985 1576 1104 1655 (3)?
1132 1603 1156 1631 »
1180 1582 1345 1641 Haec
1376 1598 1524 1641 sane
1550 1601 1690 1643 cum
1713 1584 1809 1657 iis,
1836 1604 1996 1663 quae
2014 1590 2092 1650 de
2120 1594 2385 1655 Macario

819 1679 1122 1754 Aegyptio
1149 1679 1469 1758 hucusque
1499 1686 1939 1762 comperimus,
1976 1690 2209 1767 optime
2241 1710 2386 1754 con-

820 1778 1097 1837 veniunt.

901 1899 929 1930 α
971 1877 1287 1937 Proditum
1318 1887 1432 1953 est,
1464 1882 1621 1942 duos
1661 1883 1879 1946 fratres
1918 1886 1981 1947 in
2013 1889 2189 1951 Scete
2220 1891 2377 1952 deli-

821 1975 1049 2050 quisse.
1094 1978 1257 2047 Quos
1298 1996 1488 2055 quum
1527 1982 1825 2043 Macarius
1873 1985 2146 2049 πολιτικός
2191 1989 2381 2051 abbas

820 2081 1223 2150 scgregasset,
1257 2078 1543 2138 nonnulli
1579 2082 1909 2143 Macarium
1939 2102 2232 2163 magnum
2260 2093 2377 2149 Ae-

820 2173 1102 2249 gyptium
1140 2175 1421 2235 abbatem
1461 2178 1761 2240 adeuntes
1818 2181 1937 2243 hoc
1993 2188 2377 2249 nuntiarunt.

818 2274 918 2332 Is:
953 2274 1111 2346 Non,
1166 2275 1389 2354 inquit,
1429 2277 1646 2339 fratres
1704 2290 1845 2343 sunt
1900 2290 2225 2364 segregati,
2271 2292 2380 2351 sed

819 2375 1147 2447 Macarius;
1172 2394 1314 2436 nam
1343 2378 1636 2455 diligebat
1666 2400 1831 2443 eum.
1852 2388 2150 2449 Macarius
2176 2399 2380 2453 autem

817 2474 1030 2547 abbas,
1078 2492 1111 2534 a
1151 2494 1300 2537 sene
1343 2496 1407 2539 se
1460 2489 1848 2558 segregatum
1900 2502 2035 2547 esse
2096 2490 2379 2565 audiens,

817 2574 975 2651 fugit
1007 2577 1080 2636 ad
1123 2577 1445 2655 paludem;
1492 2588 1678 2658 atque
1724 2583 1828 2643 ille
1872 2588 2103 2664 reperit
2158 2609 2301 2651 eum
2348 2612 2382 2655 a

824 2674 975 2742 161
1008 2675 1309 2737 culicibus
1346 2678 1750 2756 perforatum.
1788 2684 1894 2744 Cui
1941 2703 1953 2745 :
2004 2689 2115 2760 Tu,
2158 2690 2378 2769 inquit,

819 2774 1152 2848 segregasti
1181 2774 1422 2847 fratres,
1455 2776 1646 2856 iique,
1681 2798 1848 2849 ecce,
1883 2786 2178 2848 secedere
2210 2800 2385 2867 pote-

820 2880 956 2931 rant
998 2874 1063 2932 in
1091 2875 1316 2934 vicum.
1348 2878 1477 2952 Ego
1523 2895 1669 2937 vero
1712 2887 1768 2940 te
1817 2888 2153 2960 segregavi,
2189 2896 2384 2968 tuque

820 2972 986 3032 velut
1014 2973 1273 3051 pulchra
1302 2976 1473 3052 virgo
1501 2977 1564 3037 in
1594 2980 1853 3042 interius
1876 2985 2229 3048 cubiculum
2263 2990 2383 3051 huc

820 3074 1052 3149 fugisti.
1098 3080 1170 3135 At
1210 3094 1325 3153 ego
1363 3080 1594 3139 vocatis
1648 3080 1939 3143 fratribus
1976 3086 2185 3161 didici,
2228 3092 2383 3150 nihil

822 3172 1043 3234 horum
1106 3174 1335 3237 factum
1394 3195 1550 3239 esse.
1610 3181 1901 3259 Prospice
1958 3186 2146 3261 igitur
2188 3196 2248 3249 et
2296 3198 2383 3265 tu,

820 3272 1031 3347 frater,
1073 3292 1152 3335 ne
1198 3292 1233 3335 a
1285 3276 1693 3339 daemonibus
1731 3281 1950 3341 illusus
1990 3283 2210 3359 fueris;
2245 3306 2388 3350 nam

822 3372 974 3432 nihil
1006 3374 1240 3446 vidisti,
1274 3376 1381 3435 sed
1408 3378 1851 3454 poenitentiam
1882 3400 1993 3458 age
2025 3403 2139 3463 pro
2162 3388 2388 3451 delicto

822 3479 953 3533 tuo.
986 3474 1096 3534 Ille
1125 3476 1447 3553 respondit
1477 3495 1489 3537 :
1523 3478 1585 3537 Si
1614 3479 1726 3552 vis,
1764 3480 1839 3541 da
1871 3484 2023 3544 mihi
2054 3491 2386 3563 poeniten-

825 3573 993 3633 tiam.
1020 3574 1250 3635 Videns
1293 3576 1477 3651 igitur
1523 3593 1714 3637 senex
1764 3578 2169 3645 humilitatem
2208 3589 2384 3650 eius:

823 3673 1015 3747 Vade,
1045 3673 1268 3752 inquit,
1291 3674 1499 3734 ieiuna
1521 3676 1715 3736 tribus
1742 3677 2170 3756 hebdomadis,
2198 3688 2388 3747 semel

823 3772 1083 3849 singulis
1128 3773 1536 3838 hebdomadis
1598 3780 1960 3842 comedens.
2008 3785 2175 3846 Haec
2223 3789 2387 3849 enim

823 3879 955 3932 erat
985 3874 1343 3935 exercitatio
1375 3877 1507 3936 eius
1543 3886 1864 3956 perpetua,
1897 3899 2010 3959 per
2042 3882 2387 3948 hebdoma-

823 3971 933 4031 das
962 3972 1240 4034 ieiunare
1264 3974 1368 4054 (4).
1406 4000 1432 4033 ››
1466 3979 1798 4038 Macarium
1831 3980 2102 4033 πολιτικόν
2131 3984 2390 4047 Alexan-

824 4067 1070 4128 drinum
1109 4087 1245 4130 esse
1288 4089 1473 4151 supra
1503 4076 1886 4137 ostendimus
1927 4078 2029 4157 (5).
2065 4082 2218 4142 Eum
2244 4102 2388 4146 vero

823 4167 1048 4227 iterum
1086 4170 1267 4230 aliam
1303 4172 1382 4231 ob
1427 4190 1674 4233 causam
1717 4176 1781 4235 in
1810 4177 2037 4255 palude
2066 4182 2259 4243 Scetis
2288 4204 2388 4245 se-

825 4268 987 4327 disse
1019 4269 1247 4329 scimus
1269 4270 1373 4349 (6).

905 4392 931 4423 «
988 4370 1393 4430 Proﬁciscens
1456 4371 1791 4450 aliquando
1844 4377 2143 4441 Macarius
2200 4385 2390 4447 abbas

2483 780 2797 858 inquiunt,
2832 781 2949 841 hoc
2988 782 3158 841 verbi
3192 786 3303 850 est,
3346 785 3539 857 pater,
3572 773 3741 853 quod
3784 772 4059 832 admire-
4126 792 4127 795 η

2486 878 2606 939 ris?
2628 882 2829 940 Senex
2854 879 3178 957 respondit
3204 896 3215 935 :
3254 878 3490 936 Revera
3511 873 3810 933 Dominus
3844 874 4061 929 noster

2485 982 2653 1041 dives
2682 988 2794 1052 est,
2822 988 2882 1039 et
2912 980 3107 1056 diligit
3130 995 3266 1049 nos,
3296 977 3419 1055 ipsi
3451 982 3657 1035 autem
3681 971 3980 1032 nolumus
4002 969 4061 1027 ei

2486 1080 2952 1156 obtemperare;
2976 1079 3265 1137 inimicus
3290 1082 3505 1136 contra
3528 1080 3738 1133 noster
3767 1067 4057 1129 diabolus

2485 1194 2725 1256 pauper
2768 1185 2881 1249 est,
2907 1177 3162 1253 oditque
3194 1192 3332 1246 nos,
3371 1181 3431 1233 et
3451 1191 3566 1233 nos
3597 1170 3911 1247 diligimus
3946 1167 4060 1225 im-

2486 1280 2811 1356 puritatem
2852 1279 2985 1338 eius
3016 1278 3119 1355 (7).
3164 1301 3190 1331 n
3229 1277 3417 1351 Digna
3467 1290 3615 1333 sane
3660 1271 3815 1331 haec
3864 1266 4063 1345 expli-

2486 1379 2668 1450 catio,
2692 1394 2851 1455 quae
2886 1377 2963 1437 ad
2993 1384 3278 1455 posteros
3302 1374 3727 1435 transferatur.

2568 1535 2593 1565 α
2621 1514 2867 1586 Rogans
2888 1513 3161 1570 Poemen
3190 1508 3379 1568 abbas
3400 1506 3670 1566 eundem
3686 1505 3894 1566 multis
3914 1525 4058 1567 cum

2484 1611 2794 1671 lacrimis:
2828 1612 2933 1669 Dic
2972 1609 3147 1678 mihi,
3192 1607 3425 1684 inquit,
3474 1605 3793 1682 quomodo
3833 1606 4055 1666 salver.

2487 1709 2593 1767 Cui
2622 1726 2812 1768 senex
2842 1706 3159 1785 respondit
3189 1726 3199 1766 :
3226 1708 3415 1777 Quam
3458 1704 3706 1782 quaeris
3746 1722 3900 1776 rem,
3934 1706 4058 1765 iam

2414 1819 2460 1877 B
2489 1813 2741 1871 recessit
2775 1830 2808 1872 a
2839 1810 3160 1871 monachis
3196 1810 3300 1888 (8).
3350 1833 3377 1865 »
3422 1810 3697 1869 Poemen
3734 1816 3793 1869 et
3827 1809 4058 1888 Ioseph

2482 1912 2735 1973 abbates
2773 1913 3035 1972 Ruﬁnus
3067 1912 3131 1970 in
3166 1910 3366 1989 Pispir
3385 1909 3610 1969 vidisse
3642 1926 3707 1969 se
3734 1910 3921 1970 tradit
3947 1910 4057 1991 (9):

2484 2012 2591 2072 sed
2621 2014 2895 2071 Poemen
2932 2010 3120 2071 abbas
3146 2012 3328 2069 etiam
3352 2007 3417 2067 in
3442 2008 3621 2067 Scete
3652 2007 3800 2066 vixit
3825 2006 3973 2087 (10).

2564 2176 2590 2208 α
2625 2150 2925 2213 Macarius
2953 2154 3145 2212 abbas
3166 2148 3504 2227 aliquando
3535 2148 3686 2209 adiit
3712 2148 4056 2207 Antonium

2482 2252 2791 2313 abbatem.
2817 2254 3094 2323 Quocum
3122 2248 3491 2320 collocutus,
3532 2266 3673 2308 cum
3715 2249 3781 2308 in
3825 2250 4059 2309 Scetim

2482 2359 2916 2424 reverteretur,
2948 2350 3242 2411 fratribus
3270 2350 3513 2409 obviam
3550 2349 3705 2417 162
3742 2350 4058 2409 venienti-

2482 2454 2597 2513 bus
2652 2454 2816 2513 inter
2858 2449 3404 2512 sermocinandum
3439 2466 3450 2506 :
3491 2450 3783 2522 Antonio,
3824 2448 4058 2527 inquit,

2482 2555 2689 2615 abbati
2729 2555 2877 2627 dixi,
2922 2571 3038 2614 nos
3083 2570 3212 2613 non
3252 2552 3482 2613 habere
3530 2553 3594 2612 in
3648 2552 3788 2613 loco
3839 2560 4062 2614 nostro

2486 2656 2885 2716 oblationem.
2902 2654 3021 2713 Sed
3051 2654 3260 2713 Patres
3284 2652 3419 2712 aliis
3440 2651 3517 2711 de
3540 2652 3725 2712 rebus
3748 2652 4061 2714 disserere

2486 2762 2851 2833 coeperunt,
2885 2772 3000 2815 nec
3043 2753 3446 2832 quaesierunt
3496 2752 3766 2830 amplius
3815 2753 4062 2813 discere

2486 2869 2860 2930 responsum
2900 2852 3088 2923 senis,
3132 2867 3339 2927 neque
3378 2850 3514 2927 ipse
3546 2849 3914 2927 prolocutus
3944 2857 4057 2909 est.

2486 2953 2618 3011 Hoc
2650 2951 2834 3026 igitur
2862 2948 3113 3027 quidam
3154 2965 3229 3007 ex
3258 2948 3538 3026 patribus
3565 2947 3718 3006 dixit
3753 2965 3765 3006 :
3800 2949 3862 3007 Si
3894 2948 4064 3008 vide-

2487 3052 2609 3110 rint
2640 3058 2864 3127 patres,
2883 3067 2917 3109 e
2946 3048 3202 3108 fratrum
3226 3048 3525 3107 memoria
3549 3047 3862 3119 excidere,
3883 3055 3953 3106 ut
3984 3048 4063 3107 de

2414 3156 2455 3212 C
2491 3168 2554 3210 re
2592 3151 2667 3210 iis
2701 3150 2833 3210 utili
2886 3149 3297 3224 interrogent,
3342 3147 3599 3223 adigunt
3646 3164 3713 3207 se
3763 3147 3960 3225 ipsos,
3996 3156 4064 3207 ut

2492 3249 2866 3327 principium
2905 3247 3212 3308 sermonis
3241 3245 3588 3325 proferant;
3638 3247 3866 3324 quodsi
3913 3265 4065 3308 vero

2492 3365 2527 3408 a
2584 3347 2875 3408 fratribus
2934 3363 3062 3406 non
3116 3344 3476 3421 adigantur,
3529 3361 3884 3404 sermonem
3933 3364 4065 3406 non

2493 3453 2973 3526 persequuntur,
3030 3450 3100 3505 ut
3146 3463 3225 3505 ne
3273 3443 3824 3523 deprehendantur
3868 3445 4065 3507 locuti

2494 3566 2621 3608 non
2672 3546 3053 3623 interrogati,
3084 3545 3488 3622 videaturque
3543 3543 3794 3621 loquela
3863 3546 4065 3606 otiosa

2494 3666 2629 3708 esse
2675 3647 2821 3725 (11).
2860 3672 2887 3703 »
2917 3646 3247 3707 Macarium
3270 3645 3643 3724 Aegyptium
3673 3644 3749 3705 ad
3780 3646 3841 3705 S.
3875 3650 4068 3706 Anto-

2493 3748 2665 3807 nium
2717 3744 3066 3824 profectum
3115 3758 3250 3802 esse
3304 3742 3427 3801 iam
3494 3760 3682 3821 supra
3741 3747 4062 3823 comperi-

2492 3865 2627 3907 mus
2663 3846 2815 3925 (12);
2848 3844 3015 3905 unde
3045 3844 3209 3903 haud
3238 3844 3448 3921 inepte
3478 3842 3819 3920 discipulus
3847 3846 3909 3903 S.
3944 3850 4066 3906 An-

2492 3946 2645 4006 tonii
2695 3962 2884 4005 sensu
2927 3942 3143 4004 latiore
3187 3959 3221 4001 a
3259 3942 3487 4002 Ruﬁno
3525 3941 3828 4021 appellari
3876 3947 4065 4007 nobis

2491 4049 2657 4107 visus
2692 4052 2784 4107 est
2816 4045 2959 4121 (13).

2571 4211 2599 4241 «
2634 4184 3020 4264 Paphnutius
3048 4183 3261 4251 abbas,
3308 4181 3552 4241 Macarii
3590 4183 3827 4245 abbatis
3869 4185 4063 4247 disci-

2491 4288 2697 4367 pulus,
2756 4286 2876 4345 hoc
2932 4282 3467 4357 retulit:Rogavi,
3522 4282 3749 4360 inquit,
3818 4294 4064 4363 patrem

2491 4405 2723 4459 meum,
2762 4393 2832 4446 ut
2884 4383 3039 4444 mihi
3077 4382 3311 4442 diceret
3366 4382 3644 4441 verbum.
3688 4386 3747 4444 Is
3796 4394 4013 4447 autem
4053 4406 4064 4446 :

824 4484 967 4525 cum
996 4467 1286 4528 fratribus
1324 4488 1437 4547 per
1472 4475 1821 4550 Aegyptum
1862 4494 2124 4551 puerum
2157 4486 2387 4547 audivit
2420 4494 2461 4545 ι)
2493 4490 2840 4557 Neminem,
2896 4480 3122 4558 inquit,
3185 4478 3459 4551 laeseris,
3502 4498 3617 4541 nec
3680 4500 4066 4561 quemquam

823 4567 1002 4625 matri
1036 4583 1180 4625 suae
1217 4568 1297 4625 ita
1338 4568 1699 4647 loquentem
1738 4590 1749 4630 :
1794 4575 2004 4649 Mater,
2039 4581 2206 4643 dives
2243 4589 2381 4664 qui-

826 4747 975 4798 scula
1011 4748 1141 4815 legis
1168 4749 1245 4801 sic
1280 4750 1540 4821 inscripta
1564 4775 1575 4808 :
1598 4760 1902 4827 Κεφάλαια
1926 4766 2031 4817 τοῦ
2063 4768 2233 4835 ἁγίου
2261 4774 2382 4823 Μα-

826 4842 1031 4928 scapi/ou
1093 4848 1733 4908 pataypaa'Oér-tu
1817 4858 2011 4922 παρὰ
2100 4862 2388 4928 Σιμέων

824 4927 955 4979 τοῦ
1011 4930 1491 4997 λογοθέντου
1534 4945 1647 5003 ργ’.
1705 4946 1979 5011 Upuseula
2044 4965 2173 5001 vero
2225 4954 2389 5003 maxi-

824 5034 966 5071 mam
994 5031 1201 5087 partem
1248 5026 1537 5091 compilata
1566 5046 1687 5085 esse
1730 5036 1833 5087 iam
1871 5040 1973 5091 levi
2016 5056 2202 5093 eorum
2255 5059 2378 5095 cum

825 5113 1066 5165 liozriliis
1093 5118 1503 5181 comparatione
1535 5120 1875 5195 intelligitur.

903 5205 978 5269 (ι)
1023 5203 1257 5259 Coteler.
1289 5206 1434 5259 Mon.
1468 5207 1617 5264 Eccl.
1652 5216 1842 5272 Graec.
1884 5222 1946 5275 T.
1978 5222 1993 5273 I
2030 5240 2080 5291 p.
2112 5225 2212 5278 555
2255 5244 2298 5279 s.
2333 5246 2385 5283 v.

834 5292 1103 5347 Macarius
1136 5296 1417 5364 Aegyptius
1444 5299 1470 5365 ᾗ
1500 5299 1645 5368 VIII;
1700 5307 1841 5361 infra
1886 5313 1937 5365 in
1976 5315 2166 5366 harum
2208 5316 2388 5381 Quae-

826 5397 1064 5439 stionum
1104 5390 1415 5457 Appendice
1449 5391 1619 5445 altera
1640 5400 1742 5453 sub
1770 5400 1854 5454 III.

896 5481 969 5545 (2)
1003 5480 1126 5546 μδ
1158 5498 1205 5549 ρ.
1245 5484 1368 5536 152.

894 5572 970 5639 (5)
1014 5572 1247 5629 Coteler.
1277 5579 1311 5631 I.
1343 5581 1379 5631 I.
1414 5598 1463 5649 p.
1493 5584 1643 5651 535§
1675 5584 1779 5650 IX;
1814 5588 1953 5640 infra
1982 5591 2033 5641 in
2066 5592 2313 5659 Append.
2343 5597 2380 5647 ι.

896 5662 973 5729 (4)
1014 5664 1227 5734 Ihid.p.
1265 5669 1419 5741 557g
1453 5673 1777 5738 XXI-,infra
1804 5681 1856 5732 in
1883 5682 2131 5749 Append.
2180 5686 2215 5735 I.

897 5751 974 5821 (5)
1014 5755 1097 5809 cr.
1129 5757 1203 5828 §§.
1239 5759 1327 5825 24,
1358 5762 1428 5817 25
1464 5766 1658 5832 μοι.
1699 5769 1814 5822 me.

898 5843 975 5914 (δ)
1013 5847 1096 5902 CI.
1141 5866 1304 5920 supra
1338 5869 1389 5921 p.
1429 5855 1516 5908 67.
1554 5857 1639 5910 89.

2494 4580 3024 4649 condemnaveris.
3100 4578 3265 4641 Haec
3338 4578 3597 4642 observa
3655 4592 3715 4644 et
3778 4584 4065 4649 salvam}-

2556 4774 2628 4843 (7)
2687 4772 2920 4827 Coteler.
2961 4775 2996 4825 I.
3032 4773 3068 4826 l.
3116 4788 3170 4841 p.
3209 4770 3311 4824 5'59
3352 4768 3377 4839 §
3425 4768 3617 4833 XXIV,
3669 4769 3809 4823 infra
3854 4773 3909 4825 in
3955 4776 4065 4843 Ap-

2486 4863 2724 4931 pend.l.

2558 4957 2633 5023 (8)
2678 4954 2808 5007 Ibid.
2846 4969 2897 5022 p.
2931 4953 3033 5006 559
3064 4952 3089 5021 ξ
3116 4950 3280 5013 XXV,
3316 4950 3459 5001 infra
3487 4952 3539 5001 in
3565 4951 3809 5017 Append.
3846 4952 3884 5004 I.

2558 5047 2634 5115 (9)
2668 5046 2848 5099 Ituﬁn.
2886 5045 3027 5097 llist.
3078 5044 3224 5096 Eccl.
3261 5043 3357 5095 lib.
3411 5040 3450 5093 II
3498 5058 3621 5110 cap.
3657 5043 3708 5104 8,
3764 5044 3849 5096 ecl.
3889 5043 4060 5099 Basil.

2489 5139 2525 5190 I.
2589 5152 2640 5204 p.
2700 5136 2826 5201 246,
2880 5135 3062 5187 Ruﬁni
3099 5135 3237 5201 Opp.
3293 5132 3379 5185 ed.
3424 5131 3657 5187 Vallarsi
3708 5150 3759 5202 p.
3794 5135 3903 5189 27S
3945 5152 4059 5206 sq.,

2492 5229 2667 5297 Migne
2700 5245 2753 5296 p.
2788 5228 2911 5281 517.
2953 5226 3037 5281 Cf.
3079 5227 3219 5278 intra
3255 5225 3369 5294 §42
3402 5241 3452 5291 p.
3487 5226 3603 5277 I76.

2559 5322 2669 5389 (IO)
2702 5319 2934 5372 Coteler.
2964 5320 2997 5372 ι.
3038 5318 3075 5369 I.
3112 5334 3166 5385 p.
3198 5318 3321 5369 587.
3359 5317 3463 5368 655
3492 5332 3535 5369 s.
3569 5332 3619 5367 ν.
3653 5315 3879 5368 Poemen
3908 5318 3933 5387 §
3966 5319 4057 5373 IV.

2492 5409 2801 5481 §CLxXX.

2562 5502 2673 5570 (II)
2709 5501 2939 5554 Coteler.
2990 5500 3027 5551 I.
3075 5498 3113 5553 l.
3149 5514 3202 5568 p.
3253 5500 3356 5554 539
3390 5514 3470 5569 sq.
3506 5498 3534 5570 §
3568 5497 3758 5563 XXVI,
3811 5496 3958 5552 inira
4008 5516 4061 5552 m

2491 5593 2736 5662 Append.
2773 5594 2807 5642 l.

2564 5682 2675 5751 (12)
2719 5682 2841 5750 §55
2871 5698 2921 5749 p.
2964 5682 3083 5734 150.

2564 5775 2677 5841 (15)
2722 5772 2898 5842 Supra
2930 5772 2956 5842 §
2983 5773 3051 5825 26
3082 5773 3282 5842 p.112.
