4266 6360
231 366 330 424 183

1760 380 1984 438 VthE.

3379 400 3483 458 154

230 482 314 526 ns
358 464 463 544 (1).
525 491 553 521 ι)
615 469 1003 548 Paphnutius
1027 522 1041 545 ,
1098 492 1455 554 quanquam
1526 481 1798 546 Palladio
1828 495 1873 547 Α
1902 478 2320 558 plithcgmatis
2347 500 2381 543 a
2415 485 2721 548 Cotelerio
2754 488 2934 550 editis
2963 490 3077 551 hae
3131 500 3254 552 tres
3286 495 3478 558 histo-

227 566 485 644 quidem
538 573 693 629 teste
750 572 997 633 Macarii
1062 574 1463 638 Alexandrini
1522 579 1800 663 discipu-

222 662 323 724 lus
356 663 471 744 (2),
528 667 714 728 etiam
765 670 831 730 in
878 673 1057 734 Scete
1114 674 1358 751 degisse
1416 676 1645 755 legitur
1678 680 1799 762 (3);

1907 578 2033 639 riae
2064 579 2420 642 referuntur
2447 603 2458 642 :

1985 704 2011 735 ι
2053 683 2353 745 Macarius
2385 685 2658 750 πολιτικὸς
2691 689 2793 751 ille
2814 692 3007 753 abbas
3036 695 3377 774 aliquando
3397 701 3477 761 ad

224 766 500 844 primum
530 773 739 830 tamen
784 770 851 832 in
894 772 1231 836 solitudine
1278 775 1609 840 Thebaidis
1657 798 1801 843 eum
1902 782 2207 843 secandos
2226 785 2573 861 palmarum
2610 808 2815 852 ramos
2846 793 3014 866 exiit,
3051 794 3345 858 fratribus
3381 799 3476 878 ip—

222 864 531 929 habitasse
558 870 891 934 verisimile
918 882 1010 935 est
1039 873 1144 952 (4).

303 992 333 1021 α
377 971 677 1032 Macarius
733 974 923 1036 abbas
967 974 1121 1035 dixit
1168 992 1180 1035 :
1231 976 1370 1037 Noli
1416 978 1688 1041 dormire
1732 983 1796 1042 in

218 1070 379 1133 cella
407 1071 634 1145 fratris,
660 1091 849 1153 quem
869 1075 1029 1137 mala
1060 1075 1221 1138 fama
1255 1077 1431 1155 petiit
1462 1079 1567 1159 (5).
1607 1104 1636 1135 ››

302 1214 330 1244 ‹‹
364 1191 453 1251 Ad
481 1193 813 1253 Macarium
842 1195 1129 1256 abbatem
1163 1196 1225 1256 in
1263 1196 1441 1258 Scete
1475 1198 1793 1277 quondam

218 1299 618 1352 accesserunt
638 1292 880 1367 fratres,
910 1310 1026 1355 nec
1050 1296 1393 1375 quidquam
1419 1298 1794 1360 invenerunt

215 1388 281 1448 in
304 1389 461 1452 cella
491 1391 625 1451 eius
668 1392 787 1453 nisi
813 1411 1038 1471 aquam
1071 1396 1403 1475 putridam.
1437 1400 1653 1477 Itaque
1684 1401 1741 1460 ei
1775 1418 1787 1459 :

216 1490 413 1561 Abba,
458 1491 775 1570 inquiunt,
831 1494 1101 1555 ascende
1145 1496 1209 1557 in
1264 1516 1517 1577 pagum,
1552 1506 1611 1560 et
1641 1501 1785 1561 refi—

214 1587 453 1648 ciemus
488 1596 572 1649 te.
624 1592 856 1661 Quibus
904 1609 1096 1652 senex
1140 1596 1465 1673 respondit
1510 1614 1521 1656 :
1557 1599 1783 1671 Nostis,

211 1685 454 1759 fratres,
496 1690 828 1767 pistrinum
860 1692 1026 1753 illius
1056 1693 1330 1756 hominis
1361 1696 1426 1756 in
1459 1697 1659 1776 pago?
1688 1699 1787 1758 Di-

1899 894 2037 940 sum
2081 882 2541 948 comitantibus.
2584 889 2697 961 Qui
2746 892 2950 969 primo
2981 893 3081 955 die
3128 897 3185 957 ei
3231 915 3245 957 :
3288 898 3469 974 Veni,

1898 980 2209 1059 inquiunt,
2243 992 2441 1064 pater,
2489 990 2815 1053 nobiscum
2849 995 3133 1057 comede.
3197 1000 3470 1063 Accessit

1896 1080 2084 1158 igitur
2113 1083 2218 1145 ille
2263 1093 2323 1146 et
2357 1091 2651 1152 comedit.
2691 1091 2898 1155 Altero
2937 1112 3080 1156 eum
3114 1095 3215 1159 die
3243 1099 3469 1162 iterum

1895 1185 2136 1254 rogant,
2183 1189 2250 1242 ut
2297 1186 2604 1247 comedat.
2653 1192 2728 1249 At
2755 1190 2807 1250 is
2836 1209 3149 1255 renuens:
3182 1197 3329 1271 Vos,
3363 1200 3466 1260 in-

1894 1278 2049 1354 quit,
2096 1280 2220 1353 ﬁlii,
2256 1283 2463 1345 cibum
2494 1290 2751 1349 sumatis
2799 1302 3055 1353 necesse
3082 1301 3208 1366 est;
3260 1297 3465 1361 adhuc

1894 1373 2061 1435 enim
2093 1394 2237 1438 caro
2272 1381 2449 1454 estis;
2488 1399 2605 1459 ego
2642 1402 2790 1446 vero
2820 1404 2985 1450 nunc
3018 1390 3166 1451 nolo
3196 1394 3463 1457 mandu-

1892 1488 2031 1533 care
2071 1474 2216 1553 (11).
2258 1502 2282 1529 »ι
2316 1481 2481 1541 Haec
2523 1482 2783 1546 historia
2813 1488 2876 1547 in
2918 1490 3163 1552 duobus
3197 1497 3460 1575 ApOph-

1888 1569 2272 1648 tliegmatum
2318 1579 2639 1644 codicibus
2674 1569 3268 1653 Vindobonensibus
3313 1569 3364 1656 ε’.
3394 1613 3461 1661 v.

1886 1670 2207 1733 Macarius
2254 1676 2594 1757 Aegyptius
2625 1691 2765 1760 post
2802 1686 3071 1759 §XXXII
3102 1708 3457 1771 perperam,

212 1792 363 1845 cum
396 1787 903 1849 .EtiamDeinde
922 1806 1114 1850 senex
1140 1793 1300 1867 .Ego
1330 1772 1583 1872 quod“;
1612 1796 1777 1856 novi.
1816 1825 1855 1877 Β
1887 1774 1952 1877 ut
1974 1772 2242 1849 quisque
2272 1773 2452 1836 facile
2479 1778 2786 1857 intelligit,
2811 1782 3042 1846 inserta
3066 1786 3290 1864 legitur
3312 1790 3456 1872 (12).

211 1885 421 1946 Nostis
447 1893 509 1946 et
553 1888 877 1966 praedium
930 1888 1097 1950 illius
1142 1890 1435 1967 hominis,
1483 1896 1638 1965 163
1675 1898 1782 1958 ubi

209 1984 438 2046 ﬂuvius
458 1984 635 2049 salit?
662 1988 849 2048 Aiunt
883 2006 897 2048 :
932 1990 1248 2051 Novimus.
1281 1993 1513 2054 Senex:
1537 1996 1611 2055 Et
1640 2013 1776 2073 ego,

206 2087 436 2165 inquit,
471 2090 637 2149 novi.
673 2089 932 2162 Quando
962 2090 1151 2168 igitur
1173 2091 1398 2171 placet,
1424 2093 1599 2155 vobis
1626 2096 1780 2157 mihi

204 2203 369 2266 Opus
410 2204 539 2250 non
576 2196 697 2263 est,
740 2187 849 2250 sed
891 2189 1027 2269 ipse
1078 2190 1233 2252 mihi
1281 2192 1549 2271 adporto
1599 2194 1703 2273 (6).
1744 2219 1773 2253 ››

201 2289 372 2350 Haec
421 2288 883 2350 exercitationis
920 2290 1111 2350 virtus
1140 2308 1284 2352 cum
1322 2294 1564 2367 ceteris,
1613 2312 1774 2373 quae

201 2386 279 2447 de
306 2389 571 2450 Macario
596 2388 900 2468 Aegyptio
922 2390 1342 2469 percepimus,
1363 2394 1597 2472 optime
1626 2412 1773 2457 con-

198 2489 409 2548 sentit.

279 2633 306 2664 α
347 2609 733 2690 Paphnutius
769 2611 981 2685 abbas,
1017 2612 1265 2673 Macarii
1304 2611 1543 2674 abbatis
1579 2614 1766 2675 disci-

195 2709 409 2787 pulus,
464 2710 693 2784 retulit,
736 2728 951 2772 senem
1007 2711 1557 2785 dixissezQuando
1611 2732 1769 2795 puer

191 2829 388 2886 eram,
422 2812 681 2874 buculas
708 2829 851 2874 cum
880 2812 1015 2873 aliis
1042 2812 1255 2891 pueris
1275 2813 1631 2892 pascebam,
1660 2817 1765 2893 qui

192 2917 608 2987 perrexerunt
644 2910 917 2971 furatum
954 2910 1129 2971 ficus.
1166 2911 1451 2989 Dumque
1482 2921 1761 2986 currunt,

188 3026 314 3070 una
349 3026 427 3069 ex
452 3010 529 3070 iis
559 3010 804 3079 cecidit,
837 3026 1026 3088 quam
1055 3008 1281 3070 tollens
1302 3010 1570 3071 comedi.
1595 3011 1761 3083 Quo-

188 3110 306 3169 ties
326 3110 515 3186 igitur
542 3110 633 3170 rei
662 3110 796 3171 eius
824 3108 1125 3170 memoria
1153 3108 1335 3181 redit,
1368 3108 1621 3188 plorans
1658 3128 1757 3171 se-

188 3209 311 3270 deo
342 3210 451 3287 (7).
494 3232 522 3265 ι)
564 3210 652 3270 De
693 3208 1048 3288 Paphnutio
1085 3208 1333 3270 Macarii
1366 3208 1604 3270 abbatis
1641 3210 1763 3271 dis-

185 3309 401 3388 cipulo
427 3310 788 3371 monuimus
809 3309 913 3389 (8).

264 3432 432 3491 Haec
479 3429 734 3509 quidem
789 3430 867 3491 de
899 3429 1165 3490 Macario
1201 3427 1508 3507 Aegyptio
1546 3427 1761 3488 insunt

184 3529 750 3608 ApOphthegmatis
786 3547 823 3590 a
858 3528 1162 3590 Cotelerio
1204 3528 1384 3589 editis
1430 3545 1481 3587 s.
1517 3545 1580 3587 v.
1612 3530 1756 3589 Ma-

181 3631 395 3689 carius
443 3631 806 3709 Aegyptius.
862 3630 982 3692 Sed
1032 3627 1340 3690 evolventi
1372 3627 1525 3687 mihi
1552 3634 1756 3689 cetera

183 3729 797 3809 ApOphthegmatum
820 3730 1023 3810 capita
1051 3729 1250 3790 tribus
1282 3727 1417 3789 aliis
1448 3727 1603 3790 locis
1636 3730 1758 3789 Ma-

182 3831 356 3906 carii,
383 3838 452 3892 ut
480 3832 746 3905 videtur,
774 3830 1061 3910 Aegyptii
1080 3828 1316 3891 mentio
1347 3830 1617 3891 occurrit
1646 3828 1752 3909 (9).

180 3935 349 4005 Quos
381 3930 639 4010 quidem
665 3930 840 3993 locos
869 3946 1057 4010 supra
1090 3929 1213 3990 iam
1240 3929 1645 4005 cognovimus
1671 3937 1757 3990 at-

180 4047 306 4110 que
338 4029 768 4091 recensuimus
799 4028 944 4110 (10).

261 4154 422 4226 166
452 4158 478 4230 §
512 4154 608 4215 39.
640 4154 726 4215 De
756 4153 1023 4215 Macario
1049 4151 1467 4213 Alexandrino
1498 4153 1561 4212 in
1592 4157 1753 4233 Apo-

249 4377 326 4445 (1)
367 4375 605 4429 Coteler.
656 4374 690 4426 Ι.
749 4411 764 4425 .
806 4390 857 4443 p.
890 4374 994 4429 540
1024 4374 1051 4444 §
1080 4372 1299 4428 XXVIII
1322 4417 1336 4436 ,
1370 4378 1512 4430 intra
1550 4379 1603 4431 in
1638 4378 1749 4448 Ap-

178 4469 343 4537 pend.
374 4468 411 4519 Ι.

247 4561 326 4628 (2)
368 4556 453 4613 cr.
482 4557 509 4628 §
536 4558 604 4611 19
643 4574 695 4626 p.
725 4557 814 4610 75.

249 4655 329 4723 (5)
366 4651 599 4706 Coteler.
650 4652 685 4704 I.
731 4651 765 4704 Ι.
800 4666 849 4719 p.
883 4649 985 4702 649
1021 4666 1066 4703 s.
1118 4666 1167 4703 v.
1208 4649 1541 4706 Pan/mulius
1583 4652 1609 4723 ᾗ
1654 4652 1743 4706 IV.

175 4746 431 4801 Cassian.
455 4743 595 4797 Coll.
634 4740 723 4804 IlI,
761 4744 807 4794 l.

250 4840 325 4909 (4)
366 4837 506 4893 Hist.
551 4837 719 4893 Laus.
758 4837 846 4891 ed.
880 4835 1083 4890 Meurs.
1120 4850 1240 4906 cap.
1268 4836 1338 4891 65
1369 4838 1508 4907 Opp.
1542 4839 1742 4894 Meurs.

178 4936 217 4985 l.
252 4935 290 4987 l.
317 4949 374 5003 p.
420 4931 525 4986 524
558 4947 646 5002 sq.
707 4928 1265 4984 Animadvertendum
1308 4937 1422 4991 est,
1471 4931 1525 4983 in
1566 4934 1745 5000 capite

174 5027 243 5080 de
276 5023 585 5093 Paphnutio
631 5020 927 5076 Historiam
960 5019 1288 5074 Lausiacam
1327 5020 1575 5075 codicum
1614 5021 1743 5075 Vin-

175 5114 582 5169 dobonensium
617 5126 647 5164 a
689 5110 1001 5166 Meursiana
1044 5112 1116 5163 ita
1147 5109 1387 5172 differre,
1409 5120 1468 5165 ut
1501 5114 1589 5165 vix
1634 5130 1743 5167 uno

174 5204 343 5257 verbo
372 5202 698 5257 consentiat.
720 5200 804 5255 CI.
832 5200 1069 5253 Palladii
1099 5198 1393 5253 Historiam
1412 5200 1738 5255 Lausiacam

174 5298 243 5349 ad
277 5296 475 5349 codicis
530 5293 938 5349 Vindobonensis
971 5296 1128 5364 ﬁdem
1170 5313 1201 5350 a
1228 5298 1376 5350 nobis
1404 5298 1625 5353 breviter
1648 5301 1743 5353 de-

174 5387 447 5447 lineatam.
498 5385 641 5438 infra
670 5386 797 5440 huic
847 5386 1073 5440 editioni
1125 5386 1398 5443 Historiae
1444 5389 1742 5446 Lausiacae

174 5477 569 5545 praepositam.

241 5569 319 5636 (5)
360 5566 599 5622 Coteler.
648 5567 684 5620 ἶ.
734 5568 771 5619 l.
808 5582 861 5636 p.
897 5565 1059 5635 5405
1104 5564 1311 5631 XXIX;
1358 5566 1499 5620 infra
1542 5568 1595 5619 in
1641 5568 1737 5635 Ap-

172 5658 490 5817 per6‘).lIiid.
523 5764 575 5818 p.
609 5748 703 5801 541
737 5746 957 5817 ςχχχ,
991 5748 1130 5802 infra
1164 5750 1217 5803 in
1250 5749 1498 5819 Append.
1536 5748 1573 5799 Ι.

239 5834 319 5905 (7)
362 5834 494 5889 Ibid.
528 5850 582 5904 ρ.
612 5834 713 5889 546
743 5834 769 5904 §
806 5833 1068 5899 XXXVII,
1104 5836 1246 5890 infra
1293 5838 1348 5891 in
1378 5835 1624 5910 Append.
1658 5837 1695 5889 Ι.

1887 1867 2282 1947 Quantopere
2320 1880 2528 1935 autem
2555 1878 2856 1940 Macarius
2888 1867 3346 1948 Alexandrinus
3375 1867 3461 1949 ci-

1884 1964 1977 2026 bis
2000 1966 2389 2045 absunuerit,
2415 1990 2448 2032 e
2474 1974 2748 2038 Palladio
2770 1979 3103 2043 didicimus
3119 1983 3265 2064 (13).

1963 2091 1987 2119 ‹‹
2008 2068 2307 2130 Macarius
2324 2072 2516 2133 abbas
2534 2078 2825 2139 convenit
2845 2079 3250 2144 Pachomium
3270 2086 3457 2148 abba-

1879 2170 2001 2224 tem
2015 2166 2632 2234 Tabennesiotarum.
2649 2177 2842 2247 Quem
2863 2179 3237 2245 Pachomius
3257 2184 3453 2247 inter-

1878 2279 2104 2341 rogans
2131 2285 2143 2327 :
2170 2268 2495 2348 Si,inquit,
2519 2272 2739 2336 fratres
2768 2276 3134 2357 disciplinae
3165 2283 3452 2346 ordinem

1876 2379 2002 2424 non
2032 2374 2298 2439 servant,
2323 2368 2642 2433 bonumne
2667 2383 2759 2435 est
2787 2378 3104 2457 corripere
3134 2380 3283 2442 eos?
3304 2384 3457 2444 Res-

1875 2461 2095 2538 pondit
2128 2465 2428 2527 Macarius
2480 2468 2671 2530 abbas
2704 2488 2716 2529 :
2753 2472 2988 2551 Castiga
3033 2483 3094 2537 et
3146 2477 3307 2539 iuste
3341 2497 3452 2541 eos

1871 2560 2097 2636 iudica,
2131 2567 2240 2643 qui
2268 2567 2379 2627 tibi
2422 2570 2869 2643 subiiciuntur;
2902 2583 3071 2637 extra
3098 2594 3248 2639 vero
3294 2580 3454 2642 iudi-

1872 2663 2105 2723 caveris
2135 2667 2487 2741 neminem;
2524 2687 2665 2730 nam
2716 2674 3015 2753 scriptum
3045 2685 3138 2739 est
3171 2698 3183 2740 :
3226 2683 3449 2747 Nonne

1871 2761 1948 2821 de
1986 2762 2084 2836 iis,
2108 2766 2217 2843 qui
2262 2766 2427 2828 intus
2458 2778 2623 2843 sunt,
2650 2788 2759 2833 vos
2782 2774 3109 2839 iudicatis?
3134 2781 3283 2842 Nam
3311 2800 3444 2859 eos,

1870 2861 1978 2939 qui
2011 2862 2161 2923 foris
2190 2873 2354 2939 sunt,
2379 2867 2540 2928 Deus
2570 2870 2869 2934 iudicabit
2894 2875 3086 2955 (14).»
3113 2881 3446 2943 Macarium

1868 2959 2352 3024 Alexandrinum
2413 2984 2557 3027 cum
2622 2969 2960 3033 Pachomio
3036 2992 3446 3054 congressum

1870 3077 2027 3132 esse,
2061 3080 2093 3123 a
2132 3064 2404 3127 Palladio
2455 3070 2812 3148 accepimus
2864 3073 3005 3153 (15).
3062 3079 3346 3139 Ceterum
3407 3098 3444 3142 e

1788 3164 1829 3220 C
1865 3159 2181 3241 colloquio
2249 3164 2365 3227 isto
2434 3166 2642 3230 denuo
2724 3174 3045 3250 probatur,
3106 3179 3442 3240 Macarium

1864 3259 2345 3324 Alexandrinum
2372 3264 2496 3327 iam
2523 3274 2665 3330 ante
2696 3287 2929 3334 annum
2960 3273 3095 3350 348,
3131 3294 3259 3356 quo
3307 3281 3443 3359 qui-

1865 3359 2007 3420 dem
2044 3368 2325 3424 mortuus
2347 3372 2442 3425 est
2476 3368 2869 3445 Pachomius,
2899 3391 3029 3435 non
3060 3377 3283 3454 exigua
3310 3382 3440 3441 vir-

1864 3457 2008 3517 tutis
2038 3464 2099 3517 et
2122 3475 2411 3521 asceseos
2439 3461 2602 3526 fama
2636 3468 3004 3531 excelluisse
3028 3470 3172 3550 (16).

1941 3557 2241 3619 Macarius
2268 3560 2456 3622 abbas
2477 3562 2815 3643 aliquando
2837 3586 2950 3647 per
2976 3579 3246 3649 quatuor
3271 3575 3435 3639 inte-

1865 3672 2007 3731 gros
2041 3674 2289 3720 menses
2322 3663 2601 3740 quotidie
2632 3665 2914 3729 visitabat
2943 3669 3195 3735 fratrem
3230 3693 3436 3754 quen-

1864 3757 2028 3831 dam,
2063 3777 2270 3840 neque
2299 3780 2601 3843 unquam,
2652 3784 2731 3829 ne
2790 3770 2984 3831 semel
3027 3774 3303 3851 quidem,
3333 3778 3436 3840 in-

1863 3857 2029 3916 venit
2069 3875 2211 3919 eum
2258 3871 2577 3925 vacantem
2617 3867 2694 3926 ab
2740 3870 3043 3930 oratione.
3082 3874 3438 3939 Admiratus

1862 3958 2049 4033 igitur
2089 3959 2242 4020 dixit
2289 3980 2301 4020 :
2336 3965 2516 4030 Ecce.
2565 3968 2873 4033 terrestris
2911 3971 3171 4049 angelus
3206 3973 3363 4057 (l7)l
3401 4001 3433 4034 ι

1858 4056 2230 4119 Cellularum
2261 4063 2554 4125 monachi
2583 4066 2811 4144 singuli
2831 4068 2896 4129 in
2933 4071 3107 4133 cellis
3131 4073 3436 4153 degentes

1859 4155 1991 4215 sola
2021 4156 2122 4219 die
2158 4160 2397 4221 sabbati
2426 4169 2487 4223 et
2526 4164 2840 4229 dominica
2898 4174 3054 4247 165
3094 4176 3435 4239 convenire

1934 4380 2010 4448 (8)
2044 4379 2205 4436 Modo
2240 4398 2293 4453 p.
2324 4384 2445 4437 162.
2486 4396 2599 4440 not.
2635 4388 2687 4441 7.

1930 4471 2006 4539 (9)
2055 4470 2289 4527 Coteler.
2330 4474 2366 4527 Ι.
2405 4476 2442 4529 l.
2476 4475 2540 4530 Τ.
2579 4475 2596 4529 Ι
2646 4494 2699 4546 p.
2735 4479 2862 4534 572.
2903 4482 3026 4538 445.
3056 4485 3183 4542 451.
3236 4503 3285 4543 s.
3336 4506 3424 4546 vv.

1857 4562 2100 4631 Αθαιήοη
2154 4563 2181 4635 §
2220 4565 2257 4629 Ι,
2310 4564 2602 4623 Zacharias
2648 4568 2675 4640 §
2724 4570 2765 4634 Ι,
2806 4571 3108 4632 Theodorus
3143 4578 3428 4638 Pharum:-

1780 4617 2051 4724 03:2;51.

1919 4745 2033 4811 (l0)
2070 4742 2245 4815 Supra
2279 4746 2400 4818 §32
2433 4763 2487 4816 p.
2519 4749 2641 4805 151.
2679 4751 2796 4809 148.
2834 4754 2957 4809 150.

1917 4834 2028 4902 (11)
2062 4834 2300 4889 Coteler.
2330 4835 2476 4891 Eccl.
2507 4836 2697 4893 Graec.
2736 4840 2879 4895 Mon.
2932 4842 2996 4896 T.
3024 4844 3044 4898 1
3080 4862 3126 4901 s.
3160 4849 3264 4905 572
3286 4867 3330 4907 s.
3366 4871 3418 4910 v.

1849 4921 2118 4979 Macarias
2152 4929 2456 4994 πολιτικός
2483 4944 2577 4984 seu
2612 4932 2824 4987 urbicus
2946 4934 3001 5003 I;
3045 4939 3189 4995 infra
3224 4944 3278 4997 in
3320 4945 3419 4999 lia-

1846 5028 1965 5066 rum
1994 5014 2380 5079 Quaestionum
2403 5019 2714 5089 Appendice
2746 5024 2915 5079 altera
2942 5031 3045 5084 sub
3070 5030 3133 5085 V.

1916 5104 2025 5171 (19.)
2058 5104 2287 5162 Codices
2314 5108 2651 5167 laudavimus
2680 5129 2843 5183 supra
2868 5116 2895 5187 §
2924 5118 2982 5173 11
3019 5135 3074 5189 p.
3108 5122 3178 5177 55
3216 5138 3331 5181 not.
3359 5127 3414 5183 2.

1845 5211 1896 5263 p.
1939 5194 2007 5249 56
2050 5206 2169 5251 not.
2208 5200 2257 5251 1.

1914 5286 2025 5354 (15)
2055 5287 2229 5358 Supra
2255 5306 2373 5361 cap.
2398 5292 2482 5346 III.

1914 5378 2026 5448 (14)
2066 5380 2300 5436 Coteler.
2339 5384 2373 5437 Ι.
2408 5385 2449 5438 l.
2486 5401 2540 5455 p.
2572 5387 2677 5440 575
2705 5388 2731 5457 ς)
2757 5388 2831 5455 ll;
2880 5393 3017 5447 infra
3076 5397 3128 5451 in
3160 5400 3409 5470 Append.

1842 5472 1876 5522 l.
1910 5471 2012 5525 sub
2038 5470 2102 5525 V.
2134 5472 2216 5526 Cl'.
2250 5472 2420 5529 ICor.
2453 5478 2506 5540 5,
2540 5478 2625 5533 12.
2662 5480 2747 5533 13.

1914 5560 2025 5629 (15)
2057 5559 2139 5614 Cf.
2178 5576 2340 5622 supra
2374 5580 2426 5633 p.
2462 5564 2549 5620 70.
2572 5564 2641 5620 86
2669 5584 2751 5637 sq.

1911 5652 2022 5722 (I6)
2046 5651 2127 5706 Cf.
2156 5670 2321 5722 supra
2349 5671 2403 5725 p.
2430 5656 2498 5711 86
2530 5673 2614 5726 sq.

1913 5741 2025 5811 (17)
2055 5742 2285 5799 Coteler.
2316 5746 2352 5799 l.
2389 5748 2422 5800 l.
2460 5763 2513 5817 p.
2539 5748 2642 5804 573
2673 5748 2701 5819 ς
2736 5749 2801 5804 Ill
2828 5769 2841 5815 ;
2878 5754 3019 5808 infra
3072 5758 3125 5813 in
3152 5759 3399 5829 Append.

1841 5834 1877 5886 l.
1909 5834 2013 5888 sub
2040 5832 2101 5887 ν.
