4266 6360
845 381 946 436 155

841 473 1123 533 solebant
1164 471 1230 530 in
1273 469 1533 530 ecclesia
1569 470 1648 548 (1)
1683 488 1696 543 ;

843 588 1106 632 numero
1128 570 1229 630 ille
1250 569 1438 630 frater
1459 570 1593 642 fuit,
1627 587 1812 648 quem
1837 571 2136 631 Macarius
2158 570 2414 629 Alexan-

842 673 1056 732 drinus
1079 670 1442 731 Cellularum
1469 671 1795 749 presbyter
1820 678 1910 732 tot
1931 688 2179 733 menses
2199 671 2408 749 quoti-

843 771 944 833 die
973 771 1185 832 adiens
1216 788 1463 849 semper
1493 779 1775 832 orantem
1797 771 2053 832 invenit.

921 893 1229 972 Expositis
1250 891 1434 968 igitur
1457 893 1553 966 iis,
1578 910 1737 971 quae
1768 885 1832 952 in
1855 891 2410 970 Apophthegmatis

842 992 964 1052 illis
1002 992 1077 1052 de
1117 991 1380 1052 Macario
1421 992 1838 1053 Alexandrino
1883 993 2303 1071 reperiuntur,
2333 992 2409 1052 ad

843 1090 1255 1169 appendicem
1276 1090 1883 1169 Apophthegmatum
1900 1091 2195 1152 ineditam
2217 1098 2413 1151 trans-

842 1192 933 1251 ire
963 1191 1192 1252 licebit.

926 1318 951 1386 §
981 1315 1072 1373 40.
1106 1316 1346 1375 Etenim
1370 1316 1432 1375 in
1455 1332 1525 1375 ea
1544 1313 1916 1393 appendice,
1932 1315 2108 1375 cuius
2130 1314 2411 1376 codicem

845 1414 909 1473 in
940 1414 1314 1475 bibliotheca
1345 1417 1635 1475 Caesarea
1660 1415 2132 1475 Vindobonensi
2161 1415 2284 1475 adii
2305 1415 2408 1493 (2),

846 1520 969 1571 tres
999 1512 1289 1573 historiae
1321 1513 1397 1573 de
1438 1513 1703 1573 Macario
1737 1520 2000 1585 exstant,
2035 1531 2298 1591 quarum
2322 1513 2415 1574 ul-

845 1609 1054 1669 timam
1089 1610 1165 1669 de
1201 1615 1446 1669 mortuo
1484 1610 1560 1668 ad
1597 1607 2007 1668 refellendum
2040 1609 2409 1669 Hieracitam

847 1707 1226 1768 haereticum
1273 1726 1307 1768 a
1378 1709 1639 1769 Macario
1701 1709 2005 1786 Aegyptio
2047 1710 2411 1770 resuscitato

847 1825 988 1867 cum
1038 1807 1374 1868 lectoribus
1437 1809 2029 1869 communicavimus
2079 1808 2184 1886 (3).
2239 1808 2411 1868 Reli-
2447 1812 2489 1865 Β

846 1926 1029 1985 quae,
1061 1927 1321 1987 quarum
1359 1926 1479 1969 una
1525 1909 1589 1968 in
1627 1909 1862 1968 codicis
1899 1908 2009 1969 fol.
2052 1908 2185 1982 148,
2225 1909 2414 1970 altera

847 2009 953 2070 fol.
993 2008 1121 2078 161,
1160 2009 1182 2068 1
1222 2008 1504 2080 habetur,
1545 2007 1734 2068 latine
1767 2007 2044 2067 redditae
2074 2007 2190 2068 hae
2223 2014 2367 2068 sunt
2400 2025 2413 2067 :

930 2133 954 2162 ς(
985 2108 1143 2167 Dixit
1176 2108 1474 2167 Macarius
1510 2106 1701 2166 abbas
1736 2123 1746 2162 :
1787 2103 1941 2175 Quid
1975 2103 2212 2164 iudicas
2232 2104 2420 2164 inter-

847 2206 1116 2267 fectores
1154 2213 1213 2264 et
1244 2204 1560 2264 adulteros
1594 2210 1651 2263 et
1676 2201 2156 2281 sepulchrorum
2186 2200 2421 2280 depila-

847 2313 1037 2378 tores,
1063 2312 1121 2364 et
1142 2304 1192 2364 si
1222 2304 1361 2382 quis
1389 2303 1544 2363 alius
1575 2302 1884 2363 eiusmodi
1930 2301 2086 2378 legis
2114 2299 2421 2362 violator?

848 2406 1092 2465 Habent
1140 2405 1408 2465 iudicem
1465 2420 1666 2463 suum.
1742 2404 1939 2461 Immo
1987 2402 2234 2480 inquire
2291 2419 2419 2462 non

848 2505 1037 2565 modo
1067 2505 1131 2563 in
1161 2503 1359 2564 aliena
1405 2503 1704 2575 facinora,
1738 2502 1846 2563 sed
1883 2502 2069 2562 etiam
2102 2502 2167 2562 in
2198 2501 2420 2563 delicta

848 2610 954 2662 tua
979 2619 1166 2680 saepe
1197 2602 1665 2681 praemeditata,
1700 2608 1759 2660 et
1785 2607 1844 2661 te
1884 2601 2088 2679 ipsum
2120 2618 2422 2678 saepenu-

851 2718 1024 2762 mero
1055 2701 1334 2761 invenies
1365 2700 1486 2760 illis
1530 2701 1834 2778 peiorem.
1888 2702 2038 2760 Nam
2070 2706 2136 2760 tu
2167 2718 2421 2779 quoque

850 2803 1096 2863 lascivis
1144 2802 1340 2863 oculis
1395 2818 1523 2861 non
1581 2818 1720 2860 raro
1769 2801 2300 2879 circumspexisti;
2359 2802 2421 2862 id

857 2903 1052 2982 quod,
1085 2911 1151 2962 ut
1174 2904 1308 2981 ipse
1357 2903 1499 2974 scis,
1526 2920 1740 2961 verum
1764 2902 1884 2962 iam
1914 2909 2004 2962 est
2025 2903 2419 2964 adulterium.

852 3008 1049 3083 Saepe
1104 3005 1288 3064 etiam
1357 3003 1530 3063 fratri
1594 3013 1700 3063 tuo
1758 3003 2152 3076 maledixisti,
2214 3022 2421 3082 neque

850 3105 1124 3182 ignoras,
1150 3103 1263 3164 hac
1294 3103 1370 3162 de
1396 3120 1459 3163 re
1481 3104 1813 3162 Dominum
1845 3103 2177 3176 revelasse,
2201 3104 2415 3165 dicen-

853 3214 978 3266 tem
1033 3222 1346 3283 quemque
1405 3205 1481 3264 ad
1547 3206 1799 3264 fratrem
1854 3222 2034 3266 suum
2087 3229 2114 3258 ‹‹
2170 3204 2415 3279 fatue,»

854 3321 1030 3364 reum
1070 3320 1204 3363 esse
1246 3302 1570 3379 gehennae
1603 3303 1783 3378 ignis.
1822 3306 2044 3380 Atque,
2082 3302 2251 3379 quod
2290 3320 2422 3362 om-

854 3405 1026 3463 nium
1059 3403 1512 3464 atrocissimum
1551 3410 1663 3472 est,
1705 3401 1801 3460 vel
1838 3401 2132 3476 indignus
2159 3399 2420 3461 fortasse

853 3503 929 3563 ad
961 3509 1170 3564 sancta
1198 3509 1258 3561 et
1285 3501 1648 3562 intemerata
1673 3501 1805 3560 eius
1828 3500 2119 3578 mysteria
2147 3499 2415 3572 accedis,

853 3604 933 3662 ita
976 3607 1045 3661 ut
1093 3619 1234 3662 reus
1279 3601 1386 3661 fias
1429 3600 1709 3678 corporis
1729 3606 1790 3659 et
1826 3599 2145 3675 sanguinis
2171 3598 2414 3658 Christi.

854 3703 963 3764 Ille
1015 3703 1221 3778 igitur,
1262 3719 1450 3780 quem
1503 3700 1765 3774 iudicas,
1807 3717 2049 3758 merum
2097 3699 2416 3759 hominem

855 3803 1156 3864 occidisse
1195 3801 1720 3881 deprehenditur;
1767 3808 1833 3860 tu
1882 3819 2027 3860 vero
2059 3799 2416 3878 deprehen-

853 3903 1020 3964 deris
1042 3903 1346 3962 Christum
1365 3901 1574 3980 ipsum
1598 3899 1891 3962 occidens
1909 3899 2252 3977 mortisque
2283 3899 2419 3959 eius

855 4022 1021 4075 reus,
1067 4020 1260 4081 quum
1288 4002 1583 4078 indignus
1623 4000 1957 4079 participes
1984 4000 2418 4059 intemeratum

854 4120 1082 4181 corpus
1115 4108 1175 4162 et
1212 4102 1599 4177 sanguinem.
1653 4098 1831 4173 Legis
1867 4098 2031 4166 enim
2061 4115 2073 4155 :
2106 4098 2219 4168 Qui
2250 4097 2415 4156 indi-

854 4220 974 4279 gne
1032 4202 1360 4261 manducat
1407 4207 1465 4260 et
1498 4199 1672 4268 bibit,
1711 4214 1854 4256 reus
1892 4203 1984 4256 est
2028 4196 2309 4274 corporis
2360 4203 2420 4254 et

855 4301 1171 4374 sanguinis
1207 4281 1427 4358 ChriSti
1484 4305 1543 4358 et
1583 4296 1880 4357 iudieium
1930 4295 2047 4355 sibi
2088 4296 2419 4355 manducat

854 4402 914 4454 et
953 4395 1138 4466 bibit;
1172 4395 1289 4454 hoc
1321 4400 1452 4455 est:
1490 4395 1659 4454 Sicut
1696 4393 1908 4454 Iudaei
1931 4392 2022 4452 illi
2056 4392 2418 4453 occiderunt

1685 378 1781 434 SS.
1816 376 2271 433 MACARIORUM
2319 375 2640 431 AEGYPTII
2684 375 2768 429 ET
2810 374 3269 430 ALEXANDRINI

3975 380 4071 436 156

1753 488 1786 530 c
1841 489 2108 548 quorum
2151 470 2413 530 fortasse
2444 481 2488 533 Α
2518 469 3025 547 cruciﬁgentibus
3053 469 3360 530 Christum
3387 468 3686 530 iudicium
3709 485 3784 530 ex
3807 473 4070 543 Apostuii

2515 573 2718 633 verbis
2755 572 3071 632 subibunt.
3107 596 3133 625 ››

2595 693 2621 724 α
2651 671 2812 731 Alias
2833 670 3157 730 confessus
3179 675 3269 729 est
3306 669 3606 730 Macarius
3633 668 3858 729 abbas:
3884 669 4070 740 Quum

2512 770 2722 831 iunior
2753 787 2955 831 essem
3011 785 3300 846 curisque
3355 770 3420 829 in
3462 769 3616 830 cella
3659 786 3964 842 vacarem,
4014 770 4072 829 in

2515 887 2793 930 eremum
2827 869 3143 950 profectus
3175 887 3422 931 mecum
3450 880 3746 948 reputans
3777 870 3905 930 dixi
3932 888 3942 928 :
3975 871 4073 930 Cui

2514 969 2812 1041 occurris,
2852 986 2992 1029 eum
3030 968 3341 1044 interroga
3383 985 3498 1046 pro
3532 969 3794 1029 utilitate
3820 977 3945 1028 tua.
3992 973 4075 1028 At-

2515 1085 2639 1145 que
2669 1068 3001 1145 puerulum
3036 1067 3244 1128 inveni
3279 1067 3470 1128 boves
3510 1077 3892 1147 pascentem,
3924 1069 4022 1128 cui
4063 1087 4074 1125 :

2512 1167 2690 1239 Quid,
2714 1166 3251 1244 inquam,faciam,
3270 1167 3555 1246 puerule,
3580 1167 3724 1245 quia
3748 1168 3952 1228 esurio
3973 1164 3998 1227 ἶ)
4025 1170 4078 1227 Is

2512 1265 2666 1326 mihi
2701 1284 2713 1324 ‘.
2743 1267 3032 1339 Comede,
3057 1267 3283 1344 inquit,
3308 1266 3580 1326 tandem.
3603 1269 3759 1326 Tum
3781 1284 3896 1343 ego
3921 1286 3934 1326 :
3965 1269 4081 1328 Co-'

2511 1365 2702 1439 medi,
2730 1366 2838 1426 sed
2865 1366 3089 1426 iterum
3113 1367 3346 1426 esurio.
3376 1369 3459 1426 Ac
3487 1384 3700 1426 rursus
3720 1365 3873 1425 mihi
3894 1366 4076 1426 dixit:

2512 1464 2906 1540 Ergoiterum
2920 1465 3202 1524 comede.
3222 1464 3514 1524 Similiter
3526 1471 3587 1524 et
3607 1481 3723 1540 ego
3746 1466 4079 1543 :Saepenu-

2512 1579 2710 1636 mero,
2734 1563 3014 1642 inquam,
3037 1563 3306 1637 comedi,
3324 1563 3658 1642 deuuoque
3681 1582 3928 1642 semper
3952 1581 4080 1624 esu-

2514 1664 2626 1724 rio.
2653 1663 2741 1723 Ad
2767 1663 2919 1725 haec
2939 1664 3042 1724 ille
3066 1663 3388 1743 respondit
3413 1683 3424 1724 :
3452 1665 3587 1723 Non
3609 1664 3868 1725 multum
3887 1665 4077 1737 abest,

2513 1771 2580 1823 ut
2615 1765 2825 1824 asinus
2858 1765 2963 1836 sis,
3005 1765 3185 1838 abba,
3222 1765 3456 1843 quippe
3487 1765 3595 1842 qui
3640 1782 3886 1844 semper
3921 1768 4079 1828 vesci

2519 1862 2688 1924 velis.
2735 1867 2949 1943 Itaque
2978 1871 3195 1926 nactus
3234 1864 3560 1926 utilitatem
3595 1865 3851 1926 discessi
3883 1866 3988 1946 (4).
4019 1891 4045 1920 υ

2593 1983 2722 2042 Etsi
2755 1983 3165 2062 perpulchrae
3195 1983 3312 2044 hae
3341 1984 3498 2045 duae
3538 1983 3834 2047 historiae
3865 2004 4080 2066 reapse

2518 2084 2767 2161 utrique
2797 2085 3203 2144 Macariorum
3237 2086 3399 2146 bene
3428 2087 3832 2156 conveniunt,
3856 2089 4082 2148 tribue-

2520 2181 2635 2242 rim
2671 2189 2875 2243 tamen
2915 2201 3018 2244 eas
3063 2186 3406 2262 Aegyptio;
3449 2195 3510 2246 et
3541 2186 3796 2247 alteram
3831 2190 4083 2267 quidem

2520 2290 2776 2362 pr0pter
2802 2283 3270 2344 similitudinem
3292 2285 3610 2348 doctrinae
3635 2305 3773 2349 cum
3813 2289 4086 2351 homiliis

2522 2383 2678 2455 eius,
2698 2382 2952 2444 alteram
2982 2385 3272 2463 obipsius
3300 2402 3528 2447 nexum
3551 2407 3692 2449 cum
3715 2389 3971 2453 historia
4011 2394 4086 2455 de

2521 2491 2766 2544 mortuo
2787 2485 2862 2544 ad
2885 2484 3290 2545 refellendum
3309 2487 3677 2549 Hieracitam
3699 2494 4084 2568 resuscitato,

2522 2599 2681 2659 quae
2711 2583 2776 2642 in
2807 2583 3021 2643 codice
3045 2584 3325 2661 proxime
3347 2585 3672 2648 subiuncta
3703 2589 3777 2648 ad
3817 2591 4086 2652 eundem

2521 2683 2852 2744 Macarium
2883 2685 3134 2762 respicit
3168 2685 3272 2762 (5).

2603 2806 2630 2875 §
2672 2803 2767 2863 41.
2800 2806 3118 2883 Superest,
3143 2814 3210 2865 ut
3237 2806 3386 2866 vitas
3408 2807 3670 2868 aliorum
3693 2811 4088 2888 Sanctorum,

2521 2902 2587 2961 in
2623 2904 2851 2979 quibus
2892 2905 3295 2965 Macariorum
3341 2917 3695 2971 nostrorum
3731 2917 3969 2975 mentio
4003 2919 4087 2990 tit,

2523 3003 2968 3063 examinemus.
3006 3007 3199 3075 Quem
3228 3006 3291 3065 in
3330 3007 3516 3068 finem
3548 3011 3784 3087 singula
3819 3015 4090 3078 volumi-

2522 3119 2602 3165 na
2635 3108 2754 3164 AA.
2793 3106 2895 3164 SS.
2922 3105 3203 3166 Bollandi
3234 3107 3562 3184 diligenter
3591 3113 3956 3188 evolvimus,
3982 3120 4087 3178 sed

2520 3200 2756 3262 fructus
2787 3220 3020 3279 paucos
3050 3207 3466 3282 percepimus.
3499 3211 3799 3272 Macarius
3821 3215 4089 3276 Alexan-

2521 3301 2734 3362 drinus
2768 3302 2832 3362 in
2873 3304 2996 3363 ﬁne
3031 3305 3328 3382 epistolae
3377 3331 3402 3360 ‹‹
3438 3312 3758 3372 Ammonis
3809 3317 4088 3396 episc0pi

2519 3399 2596 3461 ad
2641 3400 3056 3480 Theophilum
3106 3422 3328 3482 papam
3368 3406 3773 3471 Alexandriae
3815 3413 3892 3473 de
3940 3434 4092 3476 con-

2520 3500 2867 3560 versatione
2913 3509 2973 3561 et
3016 3502 3367 3579 particulari
3409 3505 3530 3566 vita
3569 3509 3627 3566 S.
3667 3510 3986 3573 Pachomii
4035 3524 4092 3575 et

2518 3596 2833 3657 Theodori
2865 3621 2893 3655 »
2937 3608 3335 3673 memoratur,
3377 3603 3484 3663 ubi
3523 3624 3663 3666 cum
3705 3609 3889 3670 beato
3924 3614 4090 3685 Pior,

2519 3695 2876 3769 Aelurione,
2906 3699 3235 3758 Ammonio
3283 3708 3342 3759 et
3377 3701 3636 3775 Isidoro,
3677 3706 4092 3770 anachoreta-

2520 3813 2658 3855 rum
2691 3796 2970 3856 omnium
2993 3797 3454 3876 antiquissimo,
3485 3803 3667 3862 etiam
3700 3804 3913 3866 beatus
3943 3811 4091 3869 Ma—

2519 3897 2726 3954 carius
2748 3896 2822 3955 iis
2844 3895 3309 3971 adnumeratur,
3338 3917 3497 3977 quos
3530 3901 3595 3961 in
3615 3912 3828 3966 monte
3860 3908 4093 3970 Nitriae

2519 3995 2880 4055 Ammonius
2921 3995 3260 4075 episcopus
3319 3986 3551 4061 viderat
3600 4009 3658 4062 et
3707 4022 4094 4086 magnOpere

2518 4095 2854 4154 admiratus
2888 4104 3019 4156 erat
3065 4096 3179 4174 (6);
3217 4099 3547 4159 Macarium
3596 4103 3783 4176 igitur
3817 4106 4094 4168 Alexan-

2520 4197 2766 4256 drinum
2784 4197 3255 4272 intelligendum
3280 4216 3414 4260 esse
3434 4202 3950 4268 verisimillimum
3978 4219 4093 4270 est.

2521 4299 2845 4356 Praeterea
2878 4297 3038 4357 inter
3073 4299 3363 4377 reliquias
3385 4303 3684 4364 ecclesiae
3706 4308 4097 4372 Senonensis

2524 4397 2679 4466 167
2737 4397 2983 4456 Macarii
3022 4397 3258 4459 abbatis
3308 4412 3714 4465 recensentur
3761 4407 4096 4487 reliquiae,

854 4511 1020 4567 eum,
1054 4493 1135 4553 ita
1158 4501 1218 4553 et
1240 4493 1306 4565 ii,
1332 4493 1692 4570 quiindigni
1722 4509 1950 4571 corpus
1968 4498 2028 4553 et
2051 4493 2413 4569 sanguinem
2450 4482 2492 4536 ῖ)
2521 4506 2680 4566 Quae
2701 4509 2847 4552 num
2875 4493 3227 4557 alterutrius
3257 4515 3328 4557 ex
3365 4501 3591 4561 nostris
3627 4482 3920 4565 Macariis
3946 4508 4096 4581 sint,

854 4596 987 4654 eius
1020 4601 1293 4663 sumunt,
1316 4595 1482 4653 idem
1548 4593 1801 4654 faciunt.
1848 4595 2000 4654 Nam
2043 4593 2416 4652 verisimilli-

854 4713 1024 4755 mum
1060 4702 1174 4768 est,
1213 4702 1273 4755 et
1302 4711 1468 4766 eum,
1493 4695 1601 4772 qui
1633 4711 1973 4772 purpuram
2005 4693 2239 4769 regiam
2262 4693 2422 4753 scin-

853 4796 979 4863 dat,
1009 4801 1068 4854 et
1087 4794 1193 4870 qui
1215 4810 1349 4852 eam
1374 4793 1660 4866 maculet,
1685 4799 1843 4867 166
1864 4792 2124 4853 eandem
2152 4801 2417 4852 mortem

853 4892 1002 4971 pati.
1044 4891 1220 4950 Unde
1255 4898 1314 4950 et
1347 4891 1454 4968 qui
1491 4907 1719 4968 corpus
1756 4890 1888 4950 eius
1916 4889 2251 4967 aliquando
2282 4908 2420 4968 per-

849 4993 1151 5062 forarunt,
1184 4998 1244 5050 et
1280 4990 1387 5067 qui
1421 5007 1586 5050 nunc
1627 4990 1954 5067 inquinant
1981 4989 2156 5060 illud,
2181 4991 2416 5067 quippe

850 5089 1092 5166 impura
1119 5088 1324 5164 ipsum
1359 5093 1564 5147 mente
1600 5087 2040 5164 percipientes,
2070 5086 2237 5146 idem
2273 5104 2410 5147 cum

922 5285 995 5356 (Ι)
1025 5283 1135 5337 VV.
1169 5284 1269 5337 PP.
1303 5283 1483 5338 Rosw.
1521 5285 1613 5338 lib.
1649 5284 1688 5336 II
1717 5301 1836 5355 cap.
1863 5286 1934 5338 22
1955 5301 2005 5353 p.
2032 5285 2157 5344 478,
2186 5285 2206 5335 1
2234 5303 2246 5349 ;
2270 5283 2406 5335 Hist.

850 5373 1015 5427 Laus.
1055 5372 1120 5427 ed
1145 5372 1342 5425 Meurs.
1370 5388 1487 5440 cap.
1519 5373 1582 5426 70
1603 5373 1737 5442 Opp.
1771 5373 1966 5429 Meurs.
2003 5373 2094 5426 lib.
2140 5371 2158 5423 1
2205 5388 2256 5441 p.
2283 5373 2407 5428 552.

848 5466 931 5520 Cf.
958 5481 1121 5533 supra
1145 5463 1258 5534 με
1281 5465 1485 5532 p.117.

917 5557 992 5626 (2)
1020 5555 1167 5610 Hanc
1199 5554 1552 5625 appendicem
1579 5556 1968 5625 descripsimus
1999 5569 2160 5622 supra
2193 5553 2218 5623 §
2251 5555 2307 5606 11
2349 5570 2401 5622 p.

848 5649 935 5708 56,
968 5648 1208 5700 codicem
1247 5647 1376 5698 ibid.
1402 5656 1510 5699 not.
1549 5648 1594 5698 1.

920 5740 996 5807 (5)
1028 5736 1202 5805 Supra
1240 5736 1265 5804 §
1300 5738 1382 5789 14.
1411 5752 1462 5804 p.
1498 5739 1563 5790 49
1599 5753 1718 5804 sqq.

921 5828 994 5900 (6)
1021 5827 1245 5882 Textum
1266 5842 1515 5896 graecum
1546 5844 1574 5882 e
1597 5830 1781 5881 codice
1808 5827 2137 5896 descriptum
2167 5826 2299 5894 legis
2323 5826 2405 5878 in-

2519 4597 2689 4651 certo
2722 4592 2930 4654 dicere
2970 4596 3191 4673 nequis
3220 4596 3324 4674 (7).
3368 4601 3603 4661 Rursus
3632 4605 3876 4664 Macarii
3909 4626 4096 4670 men-

2520 4689 2607 4749 tio
2644 4691 2710 4750 fit
2744 4691 2808 4751 in
2847 4694 2967 4753 vita
3023 4697 3174 4756 Iusti
3218 4699 3496 4778 episcopi
3540 4701 3978 4779 Lugdunensis
4021 4712 4099 4770 ab

2521 4802 2838 4865 anonymo
2883 4792 3156 4868 quodam
3204 4795 3535 4875 descripta,
3579 4818 3734 4878 quae
3775 4806 4016 4880 prodiit
4067 4825 4102 4868 c

2527 4887 2745 4948 codice
2773 4891 3016 4951 XXXIII
3041 4895 3312 4970 Reginae
3340 4898 3620 4959 Sueciae.
3665 4902 3870 4962 Iustus
3924 4907 4100 4967 enim

2526 4987 2859 5066 episcopus
2879 5004 3144 5053 exeunte
3157 5012 3320 5056 saec.
3341 4998 3415 5056 IV
3435 5003 3776 5079 Aegyptum
3800 5006 4098 5081 petierat.

2523 5085 2591 5144 In
2636 5087 2812 5147 cuius
2833 5091 2951 5150 vita
2996 5093 3259 5172 scriptor
3296 5096 3654 5175 incognitus
3695 5102 3850 5165 haec
3901 5109 4100 5169 verba

2521 5283 2601 5336 {ra
2631 5284 2685 5336 in
2709 5284 2902 5338 harum
2930 5286 3324 5352 Quaestionum
3353 5295 3665 5364 Appendice
3696 5301 3878 5369 priore
3916 5306 4029 5360 sub
4056 5305 4087 5359 ’ν

2519 5376 2636 5429 1.2.

2586 5465 2662 5533 (5)
2697 5463 2826 5520 Eius
2853 5474 3035 5522 textus
3059 5484 3286 5538 graecus
3332 5474 3531 5542 legittIr
3575 5493 3604 5532 e
3647 5483 3833 5537 codice
3873 5485 4097 5542 descri—

2517 5554 2805 5698 ptts‘ilnfra
2832 5557 2886 5610 in
2919 5558 3110 5611 harum
3135 5560 3527 5626 Quaestionum
3549 5569 3861 5638 Appendire
3901 5578 4098 5644 priore

2518 5660 2578 5698 su
2700 5688 2712 5698 .
2755 5647 2808 5698 3.

2518 5647 2619 5698 sub
2653 5647 2712 5709 V,
2755 5647 2808 5699 3.

2586 5737 2661 5802 (6)
2698 5739 2806 5790 AA.
2853 5740 2950 5792 SS-
2990 5742 3117 5795 Boll.
3163 5743 3284 5797 Mai.
3330 5745 3392 5798 T.
3439 5746 3501 5800 Ill
3546 5766 3598 5817 p.
3638 5752 3738 5805 557
3769 5779 3782 5787 -

2584 5828 2658 5896 (7)
2698 5828 2830 5883 Ibid.
2872 5831 3073 5886 Mai.T.
3118 5834 3202 5886 VII
3242 5853 3292 5905 p.
3336 5839 3454 5902 151,
3493 5840 3550 5893 F.
