4266 6360
212 330 311 387 ιδτ

1717 344 1946 402 VITAE.

3339 363 3442 421 158

210 443 408 553 ﬁcit:
452 466 482 553 in
531 445 662 523 Ego
709 452 929 553 autem
960 448 1099 529 ipse
1137 456 1419 513 sanctum
1471 454 1784 532 quendam
1817 465 1859 518 A
1890 457 2109 533 Pater,
2184 477 2303 539 ego
2365 480 2400 524 a
2453 470 2511 525 te
2584 464 2726 527 volo
2796 467 3104 530 benedici.
3167 473 3445 553 Cumque

209 546 645 627 presbyterum
684 565 887 627 paene
913 549 1036 612 iam
1082 553 1569 630 nonagenariam
1606 562 1775 616 aeta-

207 653 332 708 tem
374 653 662 724 agentem
696 648 843 721 vidi,
869 651 1046 711 cuius
1081 651 1236 713 mihi
1278 650 1581 716 relatione
1623 654 1777 716 haec

207 752 525 825 comperta
578 752 755 820 sunt;
800 766 945 809 nam
984 750 1051 810 in
1100 766 1389 813 sermone
1426 752 1561 813 eius
1598 755 1778 832 quasi

206 850 453 906 sanctae
482 844 777 906 historiae
807 845 960 907 ﬁdes
981 847 1201 910 inerat.
1234 847 1589 923 Referebat,
1618 868 1686 912 se
1708 851 1775 912 in

204 942 326 1004 illis
354 946 548 1006 eremi
576 948 857 1026 partibus
885 947 992 1007 diu
1022 953 1333 1009 moratum
1386 948 1603 1025 fuisse,
1656 966 1775 1012 nec

203 1042 405 1104 solum
430 1044 657 1107 vidisse
692 1046 1032 1108 beatissimi
1068 1048 1339 1109 nominis
1369 1050 1629 1124 Iustum,
1662 1049 1775 1113 sed

204 1144 385 1204 etiam
416 1144 826 1207 familiaritate
848 1147 982 1210 eius
1002 1163 1187 1207 usum
1202 1146 1417 1221 fuisse,
1435 1164 1507 1209 ac
1528 1149 1771 1226 magni-

206 1244 389 1305 ﬁcum
420 1247 785 1325 apparuisse
813 1247 977 1307 inter
1003 1246 1168 1319 illos,
1218 1247 1327 1326 qui
1352 1254 1502 1309 tunc
1526 1248 1593 1309 in
1629 1266 1771 1311 ere-

202 1362 305 1405 mo
342 1346 825 1409 revelationibus
879 1356 1067 1427 atque
1112 1348 1442 1410 virtutibus
1476 1354 1771 1427 tanquam

200 1463 421 1523 magna
444 1447 768 1509 luminaria
784 1448 1199 1526 refulgebant,
1216 1455 1499 1509 sanctum
1520 1448 1769 1511 Macha-

198 1546 382 1619 rium,
414 1546 767 1608 Pal‘nutium
799 1554 1189 1626 ceterosque,
1233 1564 1503 1626 quorum
1541 1549 1768 1609 sancti-

198 1647 338 1707 tatis
363 1646 527 1708 fama
563 1664 679 1727 per
717 1648 1033 1708 Orientem
1057 1648 1303 1724 vigebat
1326 1646 1433 1725 (1).
1462 1669 1489 1702 »
1517 1646 1768 1708 Bollan-

195 1746 391 1809 distae
421 1748 756 1809 Macarium
803 1748 1177 1827 Aegyptium
1220 1747 1415 1809 Scetis
1458 1746 1766 1835 abbatem,

195 1846 303 1906 ubi
336 1846 521 1907 etiam
547 1847 936 1927 Paphnutius
967 1847 1157 1909 abbas
1189 1846 1473 1922 degebat,
1505 1846 1769 1924 intelligi

194 1946 363 2007 haud
395 1952 633 2008 temere
672 1947 947 2008 arbitrati
984 1954 1127 2008 sunt
1159 1944 1263 2025 (2).
1286 1945 1506 2006 Verbis
1528 1989 1546 2019 ,
1573 1969 1602 2001 α
1626 1951 1766 2007 tan-

192 2062 383 2125 quam
415 2064 641 2124 magna
669 2047 995 2109 luminaria
1024 2046 1482 2125 refulgebant,»
1502 2048 1769 2129 scriptor

191 2161 545 2223 anonymus
576 2146 653 2207 ad
698 2146 910 2207 Ruﬁni
957 2146 1185 2208 librum
1232 2150 1543 2227 respicere
1590 2149 1766 2210 vide-

190 2251 294 2305 tur
338 2242 442 2323 (3).
480 2244 765 2323 Denique
817 2244 996 2325 plura
1045 2245 1338 2323 leguntur
1377 2246 1454 2307 de
1500 2248 1766 2310 Macario

190 2346 499 2425 Aegyptio
540 2346 607 2406 in
650 2347 771 2407 vita
820 2348 881 2407 S.
935 2346 1309 2426 Apollinaris
1356 2347 1763 2426 Syncleticae,

190 2446 546 2508 Dorotheus
586 2453 1003 2525 nuncupatae,
1035 2464 1223 2526 quam
1250 2447 1375 2507 iam
1418 2449 1767 2510 accuratius

191 2551 663 2622 pertractemus.
685 2545 937 2605 Summa
966 2551 1175 2605 autem
1206 2561 1614 2623 rerum,quae
1632 2546 1767 2607 eius

190 2645 309 2706 vita
338 2646 763 2719 continentur,
794 2644 916 2705 huc
949 2643 1110 2705 redit
1146 2662 1158 2703 :

267 2744 644 2825 Apollinaris
662 2746 857 2822 virgo,
876 2744 1189 2805 Anthemii
1206 2744 1599 2823 imperatoris
1617 2744 1763 2819 ﬁlia,

190 2845 350 2906 vitae
394 2844 803 2906 monachicae
850 2844 1058 2905 studio
1104 2850 1261 2917 acta,
1314 2862 1509 2923 quum
1556 2854 1767 2908 sancta

189 2947 329 3006 loca
371 2944 683 3004 invisisset
712 2950 773 3004 et
813 2942 1246 3005 Alexandriam
1290 2943 1656 3021 navigasset,
1687 2947 1767 3005 ad

184 3042 594 3122 sepulchrum
650 3045 712 3105 S.
784 3044 1048 3103 Mennae
1097 3042 1284 3103 venit.
1340 3043 1495 3104 Inde
1556 3050 1766 3123 patres

1878 555 2179 620 fecissent
2212 578 2456 640 preces,
2515 563 2832 626 sederunt.
2880 568 3023 628 Eam
3072 574 3278 630 autem
3336 588 3444 633 ro-

1878 658 2041 733 gavit
2102 661 2293 723 abbas
2353 665 2652 725 Macarius
2717 664 2931 727 dicens
2990 685 3005 728 :
3071 668 3178 730 Dic
3247 671 3399 732 mihi
3424 720 3441 747 ,

1874 751 2088 828 frater,
2134 758 2449 821 undenam
2483 762 2677 831 venis,
2712 769 2774 823 et
2822 765 2991 841 quod
3043 773 3135 827 est
3169 768 3280 829 tibi
3324 787 3441 830 no-

1875 854 2061 916 men?
2086 855 2191 919 Illa
2213 876 2359 920 vero
2383 860 2571 921 dixit:
2603 863 2807 923 Vocor
2828 864 3195 939 Dorotheus,
3221 874 3440 930 etcum

1874 956 2211 1019 audiissem
2250 959 2328 1021 de
2358 963 2609 1037 sanctis,
2660 965 2769 1042 qui
2806 964 2908 1027 hic
2938 975 3103 1040 sunt,
3132 969 3439 1043 Patribus,

1872 1057 2041 1119 volui
2084 1078 2209 1121 una
2259 1079 2399 1123 cum
2446 1063 2525 1125 iis
2578 1063 2879 1139 habitare,
2931 1066 2983 1126 si
3028 1066 3145 1127 sim
3193 1068 3438 1145 dignus.

1871 1160 2030 1222 Dicit
2066 1168 2273 1223 autem
2304 1164 2363 1223 ei
2396 1183 2611 1226 rursus
2646 1181 2838 1226 senex
2873 1183 2885 1225 :
2921 1167 3243 1239 Quodnam
3283 1186 3443 1249 Opus

1869 1257 2069 1321 facis?
2096 1263 2181 1322 Ea
2210 1279 2355 1323 vero
2391 1264 2582 1325 dicit:
2630 1266 2896 1338 Faciam,
2935 1267 2987 1326 si
3016 1268 3167 1345 quid
3213 1286 3312 1329 me
3342 1271 3439 1330 iu-

1871 1359 2006 1420 bes.
2040 1361 2099 1421 Is
2123 1367 2329 1422 autem
2354 1362 2626 1423 ostendit
2664 1364 2746 1436 ei,
2773 1370 2843 1423 ut
2876 1363 3107 1425 faceret
3136 1375 3439 1429 catenam.

1871 1458 2034 1521 Deus
2068 1476 2217 1522 vero
2248 1460 2463 1521 volens
2496 1461 2828 1523 ostendere
2860 1463 2993 1523 eius
3030 1466 3219 1525 animi
3259 1466 3440 1528 forti-

1868 1556 2171 1632 tudinem,
2205 1576 2334 1620 non
2364 1559 2696 1622 declaravit
2732 1562 2941 1623 abbati
2981 1564 3269 1637 Macario,
3302 1583 3443 1628 eam

1870 1668 2009 1714 esse
2058 1653 2377 1729 feminam,
2427 1657 2537 1717 sed
2575 1656 2629 1716 is
2659 1664 2956 1736 tanquam
2992 1660 3191 1721 virum
3236 1678 3439 1725 eunu-

1871 1748 2056 1811 chum
2088 1768 2225 1813 eam
2270 1770 2407 1813 esse
2438 1753 2716 1833 putabat.
2760 1754 2979 1817 Multas
3023 1765 3230 1818 autem
3262 1776 3440 1821 cura-

1868 1849 2073 1911 tiones
2106 1851 2268 1913 Deus
2288 1869 2404 1930 per
2433 1870 2568 1914 eam
2604 1854 2846 1932 peregit
2879 1854 2985 1934 (5).
3021 1878 3049 1910 ν
3079 1860 3162 1917 Ac
3190 1866 3438 1919 sanctae

1867 1947 2123 2023 quidem
2151 1966 2274 2010 una
2296 1949 2428 2010 sola
2450 1957 2582 2011 erat
2610 1967 2811 2025 soror,
2844 1957 3021 2031 capta
3041 1970 3077 2013 a
3106 1953 3435 2030 daemone,

1868 2046 1978 2124 qui
2018 2046 2293 2109 lacerare
2344 2066 2479 2110 eam
2528 2051 2738 2130 coepit
2780 2060 2841 2112 et
2892 2051 3145 2113 dicere:
3199 2055 3327 2115 Nisi
3370 2056 3437 2117 in

1866 2146 2269 2209 solitudinem
2296 2166 2398 2210 me
2428 2149 2717 2225 tuleritis,
2757 2168 2887 2211 non
2919 2152 3203 2227 egrediar
3234 2172 3311 2215 ex
3340 2173 3433 2218 ea.

1866 2246 2142 2307 Tandem
2167 2247 2509 2325 imperator
2536 2265 2765 2326 magno
2793 2266 2937 2310 cum
2972 2251 3271 2312 comitatu
3300 2270 3436 2315 eam

1867 2345 1944 2405 ad
1991 2352 2199 2424 patres
2248 2346 2602 2409 solitudinis
2654 2347 2907 2409 dimisit.
2974 2371 3001 2403 α
3064 2351 3343 2430 Cumque
3391 2351 3439 2413 ii

1866 2444 2180 2507 venissent
2206 2445 2273 2507 in
2310 2447 2561 2520 Scetim,
2608 2447 2780 2508 novit
2816 2448 2877 2507 S.
2917 2449 3237 2523 Macarius,
3283 2468 3436 2530 pro—

1865 2548 2007 2624 pter
2058 2561 2392 2623 quamnam
2446 2562 2693 2607 causam
2749 2546 2954 2608 adsint
2998 2548 3064 2608 in
3116 2548 3224 2611 illo
3267 2549 3434 2625 loco,

1865 2642 2070 2722 iisque
2135 2661 2502 2724 progressus
2554 2646 2837 2720 obviam,
2902 2647 3144 2728 excepit
3204 2666 3314 2711 eos
3376 2658 3438 2712 et

1867 2742 2071 2804 dixit:
2119 2744 2276 2817 Quid
2327 2744 2452 2807 huc
2501 2746 2819 2821 acceditis,
2866 2764 2904 2809 o
2960 2745 3115 2809 ﬁlii?
3151 2748 3247 2810 Illi
3288 2767 3436 2812 vero

1866 2841 2215 2904 dixerunt:
2273 2845 2498 2905 Noster
2545 2845 2832 2925 inprimis
2893 2846 3036 2925 pius
3092 2847 3439 2928 imperator

1864 2940 2226 3003 Anthemius
2263 2944 2429 3004 misit
2476 2943 2666 3005 ﬁliam
2715 2962 2914 3019 suam,
2956 2954 3026 3007 ut
3079 2964 3194 3026 per
3238 2950 3438 3013 Deum

1867 3049 2119 3104 curetur
2145 3050 2207 3104 et
2235 3061 2455 3123 preces
2483 3050 2735 3104 vestras.
2768 3045 2917 3104 Cum
2949 3062 3085 3106 eam
3112 3054 3317 3109 autem
3338 3066 3438 3111 ac-

186 3144 385 3204 Scetis
414 3143 678 3215 aditura,
707 3141 818 3202 ubi
844 3158 1045 3220 prope
1078 3141 1373 3221 paludem
1406 3142 1471 3203 in
1500 3142 1762 3217 fontem,
1792 3137 1835 3192 C
1868 3144 2137 3222 cepisset
2164 3160 2201 3204 a
2241 3147 2399 3220 169
2429 3143 2835 3217 cubiculario,
2878 3145 3130 3207 deduxit
3179 3164 3316 3208 eam
3355 3148 3435 3209 ad

186 3244 300 3323 qui
326 3242 473 3304 fons
503 3241 879 3321 Apollinaris
908 3248 1129 3320 postea
1165 3241 1469 3320 appellari
1502 3240 1763 3316 solebat,

184 3343 432 3417 incidit,
465 3342 782 3404 lecticario
821 3347 883 3401 et
924 3340 1153 3402 comite
1191 3341 1433 3402 itineris
1473 3341 1765 3403 eunucho

185 3440 672 3513 dormientibus,
703 3445 907 3500 vestes
936 3439 1195 3499 mutavit
1233 3438 1578 3518 habituque
1624 3458 1765 3502 mo-

183 3540 476 3615 nachico,
510 3558 701 3619 quem
732 3558 946 3603 secum
976 3540 1367 3614 reconderat,
1406 3540 1651 3615 induto,
1699 3541 1767 3602 in

180 3641 481 3721 paludem
512 3640 751 3718 eﬂ‘ugit.
788 3643 949 3713 168
975 3640 1095 3700 Ubi
1122 3640 1351 3701 multos
1391 3658 1591 3703 annos
1620 3660 1766 3704 cum

182 3744 600 3805 daemonibus
630 3749 900 3815 certans,
949 3758 1179 3821 corpus
1228 3759 1265 3801 a
1302 3741 1607 3804 culicibus
1651 3760 1762 3806 ex-

179 3860 361 3905 esum
394 3842 547 3923 pelli
574 3842 904 3903 testudinis
932 3840 1132 3901 simile
1163 3839 1437 3917 gerebat.
1472 3841 1693 3901 Postea
1728 3858 1763 3902 a

180 3944 312 4004 Deo
342 3943 588 4016 edocta,
619 3949 691 4003 ut
720 3940 1131 4018 interroganti
1162 3956 1397 4001 nomen
1425 3940 1622 4019 ipsius
1648 3941 1767 4001 Do-

179 4042 446 4105 rotheus
492 4042 751 4115 diceret,
785 4058 821 4102 e
859 4040 1085 4121 palude
1132 4057 1381 4117 egressa
1419 4046 1513 4101 est
1540 4057 1760 4109 ennu-

178 4144 339 4206 chus
366 4144 448 4205 ab
485 4142 780 4205 omnibus
814 4140 1047 4203 habita.
1099 4163 1127 4195 ‹‹
1162 4142 1313 4201 Cum
1360 4147 1524 4201 esset
1552 4146 1759 4201 autem

177 4262 391 4317 mane,
428 4244 700 4307 occurrit
730 4244 789 4305 ei
812 4245 874 4304 S.
906 4242 1226 4314 Macarius,
1261 4248 1323 4302 et
1346 4240 1495 4303 dicit
1525 4241 1621 4302 ei:
1653 4243 1765 4303 Be-

176 4346 393 4419 nedic,
427 4351 629 4424 pater.
658 4344 754 4404 llli
780 4350 989 4406 autem
1028 4344 1166 4406 data
1200 4343 1317 4405 sibi
1352 4343 1622 4404 invicem
1654 4361 1759 4405 ca-

1864 3240 2153 3302 abbatem
2173 3240 2575 3315 Dorotheum,
2607 3250 2668 3303 et
2689 3242 2838 3303 dicit
2865 3244 2923 3302 ei
2952 3260 2965 3302 :
3000 3246 3282 3321 Fungere
3304 3246 3436 3308 olli-

1864 3337 1965 3399 cio
1998 3338 2286 3413 caritatis,
2319 3340 2617 3418 quoniam
2650 3347 2743 3401 est
2770 3340 2892 3402 ﬁlia
2923 3341 3338 3420 imperatoris,
3372 3355 3435 3408 et

1866 3453 2028 3517 opus
2057 3437 2241 3499 habet
2261 3446 2505 3517 patrum
2525 3440 2817 3518 precibus
2839 3447 2900 3501 et
2920 3442 3159 3503 vestris.
3178 3444 3295 3505 Ora
3314 3463 3432 3524 pro

1865 3552 1963 3610 ea,
2011 3545 2081 3597 ut
2122 3546 2393 3598 curetur.
2442 3539 2609 3600 Haec
2665 3546 2758 3599 est
2802 3539 2969 3599 enim
3016 3558 3258 3604 merces
3304 3549 3428 3604 tua.

1863 3639 2033 3699 Haec
2063 3647 2271 3700 autem
2302 3657 2445 3700 cum
2474 3639 2794 3714 audiisset,
2828 3641 3038 3719 coepit
3067 3642 3216 3703 ﬂere
3252 3650 3314 3705 et
3345 3645 3435 3705 di-

1864 3753 2052 3798 cere:
2100 3738 2393 3809 Quisnam
2440 3754 2557 3815 ego
2599 3756 2736 3799 sum
2767 3748 3083 3817 peccator,
3131 3741 3300 3820 quod
3353 3743 3433 3805 de

1862 3853 1965 3897 me
2011 3836 2195 3898 talem
2248 3839 2591 3917 concepisti
2645 3838 3049 3919 Opinionem?
3102 3840 3433 3922 Flexisque

1863 3936 2127 4013 genibus
2173 3938 2417 3999 dicebat
2463 3956 2475 3998 :
2530 3939 2814 4000 Concede
2872 3939 3047 4015 mihi,
3112 3946 3310 4019 pater,
3363 3950 3433 4004 ut

1861 4053 2002 4098 mea
2036 4045 2291 4116 peccata
2332 4037 2626 4111 deﬂeam;
2676 4056 2819 4099 nam
2859 4042 3049 4100 multa
3091 4048 3255 4101 sunt.
3300 4042 3429 4121 Ego

1862 4137 2029 4200 enim
2052 4155 2189 4198 sum
2216 4137 2586 4210 imbecillus,
2622 4136 2931 4217 planeque
2980 4140 3153 4201 rudis
3179 4148 3239 4201 et
3259 4140 3431 4219 igna-

1862 4254 1969 4299 rus
1992 4236 2069 4298 ad
2099 4237 2259 4298 hanc
2290 4254 2443 4297 rem.
2472 4230 2627 4299 Dicit
2657 4238 2714 4299 ei
2744 4238 2936 4299 abbas
2964 4240 3263 4302 Macarius
3292 4258 3305 4301 :
3337 4246 3429 4303 An

1862 4352 1991 4399 non
2031 4343 2175 4397 sunt
2202 4337 2388 4397 etiam
2430 4336 2530 4398 alii
2560 4342 2788 4415 patres,
2822 4337 2931 4415 qui
2963 4354 3077 4416 per
3124 4338 3317 4399 Deum
3352 4340 3432 4400 si-

176 4445 361 4505 ritate
403 4442 806 4506 ambulabant
843 4444 909 4503 in
946 4442 1305 4505 solitudine.
1358 4444 1764 4519 Interrogavit
1794 4466 1837 4520 ι)
1866 4458 1987 4517 gna
2011 4437 2284 4500 faciunt?
2322 4438 2443 4499 Sed
2478 4445 2685 4499 tamen
2735 4437 2887 4499 haec
2933 4439 3229 4500 remansit
3260 4456 3428 4501 mer-

176 4560 329 4604 vero
360 4541 714 4603 Dorotheus
760 4541 1024 4603 dicens:
1073 4542 1276 4615 Pater,
1319 4541 1460 4620 quis
1498 4539 1604 4603 es?
1649 4541 1758 4603 Ille

174 4650 392 4704 autem
432 4641 624 4703 dixit:
663 4643 792 4719 Ego
836 4659 974 4702 sum
1020 4642 1341 4703 Macarius.
1390 4643 1448 4702 Is
1483 4659 1631 4703 vero
1661 4643 1758 4703 di-

172 4744 267 4804 xit
303 4762 316 4803 :
348 4746 631 4821 Fungere
659 4742 866 4805 ofﬁcio
916 4742 1223 4814 caritatis;
1260 4742 1395 4804 sine
1435 4759 1537 4803 me
1578 4742 1758 4803 habi-

172 4849 312 4904 tare
345 4860 491 4905 cum
525 4841 839 4904 fratribus.
869 4841 1162 4903 Praebuit
1189 4848 1397 4902 autem
1425 4840 1483 4902 ei
1504 4856 1759 4919 quoque

173 4943 403 5005 cellam
435 4943 722 5022 protinus
755 4942 861 5021 (4).
898 4966 926 5000 n
956 4945 1082 5005 Isto
1112 4942 1300 5021 igitur
1329 4942 1471 5004 loco
1508 4941 1611 5002 die
1637 4959 1755 5003 no-

171 5050 415 5121 ctuque
438 5059 624 5104 orans
642 5043 944 5105 acerrime
964 5044 1260 5105 certabat.
1298 5067 1323 5097 «
1353 5041 1627 5115 Quodam
1650 5059 1755 5103 au-

170 5148 306 5203 tem
328 5141 433 5202 die
451 5144 642 5205 abbas
659 5142 963 5204 Macarius
982 5142 1152 5203 venit
1174 5141 1240 5203 in
1270 5142 1406 5203 eius
1426 5140 1668 5215 cellam,
1691 5148 1753 5203 et

172 5241 331 5304 dicit
371 5242 431 5303 ei
463 5260 477 5302 :
509 5244 792 5321 Fungere
825 5241 1032 5305 ofﬁcio
1078 5243 1369 5316 caritatis,
1418 5242 1585 5304 bone
1624 5242 1749 5303 fra-

171 5350 302 5415 ter;
372 5342 586 5403 emitte
644 5342 829 5404 nobis
878 5358 1121 5421 preces.
1192 5341 1293 5403 Illa
1353 5358 1496 5402 vero
1542 5340 1747 5401 dicit:

243 5519 326 5588 (1)
358 5517 496 5572 Ibid.
529 5517 678 5588 Sept.
708 5518 773 5574 T.
812 5518 827 5571 Ι
863 5535 912 5589 p.
951 5519 1055 5573 575
1084 5532 1205 5587 cap.
1242 5517 1297 5571 4.

240 5610 326 5680 (2)
354 5609 493 5662 Ibid.
525 5625 577 5676 p.
612 5610 716 5663 ’574
744 5618 857 5663 not.
889 5608 927 5663 f.
965 5609 1049 5663 Cl".
1083 5623 1247 5675 supra
1283 5607 1310 5677 ᾗ
1343 5607 1410 5660 '58
1445 5622 1496 5674 p.
1530 5604 1654 5659 162.

246 5699 327 5761 (5)
359 5696 472 5751 νγ.
509 5696 613 5752 I’P.
649 5696 831 5752 Rosw.
864 5698 958 5750 lib.
994 5698 1029 5749 Il
1066 5712 1186 5765 cap.
1213 5697 1283 5749 28
1315 5712 1364 5755 ι).
1397 5694 1521 5755 479,
1553 5694 1620 5759 2;
1647 5693 1751 5747 Bu-

172 5788 270 5844 ﬁni
311 5788 450 5859 Opp.
484 5787 571 5842 ed.
606 5788 835 5843 Vallarsi
874 5803 927 5857 p.
966 5786 1089 5852 193,
1122 5786 1298 5855 Migae
1333 5803 1382 5858 p.
1426 5786 1547 5839 450.

1858 4557 1983 4601 ces.
2012 4539 2123 4599 Illa
2150 4555 2298 4600 vero
2328 4538 2512 4600 dicit:
2550 4538 2679 4599 Fiat
2708 4538 2817 4599 Dei
2848 4537 3153 4612 voluntas,
3181 4544 3241 4599 et
3262 4547 3430 4603 mota

1860 4639 2245 4719 poenitentia
2284 4655 2420 4700 eam
2468 4637 2711 4715 accepit
2756 4637 2822 4698 in
2871 4636 3114 4712 cellam,
3157 4644 3217 4698 et
3258 4639 3430 4701 novit

1861 4756 1998 4801 eam
2032 4756 2169 4801 esse
2216 4755 2518 4807 sororem,
2555 4738 2835 4816 ﬂensque
2866 4737 3246 4816 conquievit.
3280 4740 3429 4801 Eam

1860 4849 2067 4902 autem
2096 4840 2381 4920 amplexa
2401 4839 2587 4900 dixit:
2620 4843 2789 4901 Bene
2808 4840 3055 4916 venisti,
3088 4857 3286 4902 soror.
3319 4842 3430 4903 Dei

1860 4959 2008 5004 vero
2059 4959 2251 5022 opere
2283 4940 2401 5001 fuit
2448 4958 2519 5002 os
2556 4941 2939 5002 obstructum
2989 4939 3302 5015 daemoni,
3346 4959 3429 5003 ne

1858 5048 2147 5118 argueret
2163 5041 2447 5104 ancillam
2476 5040 2607 5113 Dei,
2633 5040 2803 5120 quod
2822 5047 2985 5101 esset
3007 5038 3259 5101 femina.
3277 5042 3428 5103 Cum

1857 5146 2064 5201 autem
2098 5140 2368 5201 daemon
2402 5157 2539 5202 eam
2570 5140 2678 5202 diu
2705 5140 3026 5218 aﬁligeret,
3061 5158 3175 5220 per
3204 5159 3427 5221 preces

1867 5257 2011 5300 eum
2053 5240 2291 5301 domuit
2310 5241 2414 5320 (6).
2452 5242 2714 5303 nSanata
2744 5240 2995 5301 demum
3026 5240 3149 5303 ﬁlia
3170 5241 3423 5305 domum

1857 5340 2039 5401 rediit
2053 5357 2190 5402 cum
2215 5358 2437 5419 magna
2458 5342 2717 5403 civitatis
2737 5340 2985 5402 laetitia.
3011 5342 3129 5402 Sed
3147 5347 3415 5420 postmo-

1924 5517 2001 5587 (ι)
2035 5516 2146 5571 ΑΔ.
2181 5516 2282 5574 SS.
2318 5519 2452 5573 Boll.
2494 5521 2604 5574 Ian.
2643 5518 2705 5572 T.
2747 5521 2761 5573 Ι
2792 5536 2840 5589 p.
2872 5520 2977 5575 260
3004 5534 3125 5592 cap.
3156 5520 3209 5576 3.

1926 5609 2003 5675 (5)
2039 5609 2176 5663 Ibid.

1932 5700 2004 5771 (6)
2037 5700 2171 5757 Ibid.
2198 5718 2317 5771 cap.
2350 5703 2400 5755 4.
