4266 6360
826 415 927 471 159

824 532 972 592 dum
1001 525 1284 588 diabolus
1322 538 1456 584 eam
1487 535 1699 580 rursus
1736 516 1818 575 ita
1856 512 2064 582 subiit,
2105 516 2172 568 ut
2203 524 2384 585 prae-

824 645 1020 708 gnans
1047 625 1380 686 videretur.
1412 614 1800 680 Examinanti
1827 618 2032 672 autem
2055 609 2170 667 ista
2195 605 2390 682 impe-

822 707 1014 787 ratori
1051 723 1382 798 instigante
1423 713 1669 777 diabolo
1709 707 2053 789 respondit,
2104 722 2135 765 a
2167 719 2387 763 mona-

821 825 944 888 cho
977 821 1287 884 Dorotheo
1322 817 1572 879 allatum
1603 813 1717 872 sibi
1749 819 2034 888 stuprum
2073 821 2231 865 esse.
2277 803 2388 860 Sa-

821 926 1121 987 tellitibus
1149 923 1336 999 igitur
1355 917 1489 978 irati
1516 912 1816 995 principis
1839 912 1905 970 in
1931 906 2158 968 Scetim
2188 901 2391 962 missis

824 1025 1172 1086 Dorotheus
1200 1023 1334 1100 ipse
1365 1036 1430 1079 se
1463 1015 1709 1091 obtulit,
1736 1013 2198 1084 abeuntemque
2227 1009 2393 1063 totus

824 1133 1169 1189 conventus
1195 1120 1439 1182 tristitia
1469 1116 1728 1177 aﬂlictus
1762 1109 2056 1190 precibus
2083 1106 2209 1165 suis
2242 1119 2391 1181 pro-

824 1233 1073 1287 secutus
1118 1228 1231 1282 est.
1284 1244 1310 1274 «
1348 1217 1591 1278 Sciebat
1627 1213 1793 1273 enim
1839 1210 2029 1269 abbas
2071 1204 2390 1272 Macarius,

825 1327 888 1385 in
918 1325 1024 1384 illo
1053 1321 1204 1382 nihil
1244 1337 1378 1379 esse
1409 1315 1574 1376 mali.
1618 1337 1644 1367 »
1688 1311 1777 1372 Ad
1815 1308 2019 1370 aulam
2065 1305 2396 1364 deductam

827 1443 1018 1504 quum
1066 1425 1402 1500 imperator
1444 1430 1730 1492 uxorque
1781 1411 1914 1470 eius
1972 1404 2392 1483 excepissent,

828 1544 898 1586 ac
949 1542 1014 1584 se
1055 1523 1294 1583 detecta
1341 1517 1595 1576 veritate
1644 1511 2008 1573 dimissuros
2061 1522 2197 1564 eam
2262 1519 2397 1562 esse

829 1619 1280 1701 promisissent,
1312 1615 1496 1675 ﬁliam
1527 1613 1808 1688 ipsorum
1855 1623 1920 1666 se
1959 1603 2063 1664 illa
2089 1600 2395 1670 exhibuit,

829 1735 1171 1797 sororcque
1202 1723 1408 1776 sanata
1457 1719 1597 1790 post
1646 1726 1882 1788 paucos
1918 1706 2050 1765 dies
2075 1704 2136 1762 in
2174 1701 2400 1762 Scetim

831 1835 1072 1881 reversa
1100 1823 1214 1885 est,
1239 1813 1344 1876 ubi
1369 1828 1512 1871 mox
1542 1827 1576 1869 e
1611 1807 1848 1867 mundo
1880 1822 1945 1864 se
1979 1802 2280 1863 exituram
2305 1799 2401 1857 in—

831 1920 1116 1996 telligens
1146 1914 1349 1976 abbati
1378 1910 1684 1971 Macario:
1721 1930 1747 1961 «
1786 1908 1953 1980 Fac,»
2013 1902 2236 1978 inquit,
2259 1922 2283 1952 ‹‹
2313 1897 2405 1957 of-

833 2018 1040 2079 ficium
1063 2013 1351 2076 caritatis.
1376 2011 1438 2070 Si
1472 2007 1800 2083 contigerit
1838 2022 1935 2064 me
1976 2020 2008 2062 e
2055 2003 2173 2062 vita
2216 2017 2401 2061 exce-

833 2120 1004 2191 dere,
1047 2135 1127 2177 ne
1164 2132 1264 2175 me
1291 2115 1670 2190 componant
1712 2105 2026 2168 monachi.
2050 2105 2106 2163 Is
2131 2119 2274 2162 vero
2307 2101 2401 2159 di-

835 2219 916 2279 cit
946 2218 1039 2278 ei:
1086 2213 1409 2287 Quomodo
1443 2215 1650 2290 potest
1681 2207 1801 2268 hoc
1854 2201 2028 2266 fieri?
2074 2205 2158 2264 Ea
2200 2208 2405 2262 autem

837 2321 1266 2379 consummata
1311 2315 1615 2372 venerunt
1649 2306 1845 2369 sancti
1881 2311 2108 2384 patres,
2155 2311 2225 2363 ut
2262 2319 2404 2362 san-

837 2425 1002 2479 ctum
1051 2417 1184 2477 eius
1242 2430 1471 2491 corpus
1511 2411 1807 2471 lavarent.
1839 2406 2142 2466 Viderunt
2201 2410 2408 2463 autem

839 2535 974 2578 eam
1008 2533 1143 2577 esse
1183 2531 1336 2574 sexu
1375 2511 1695 2580 feminam,
1751 2513 1813 2567 et
1855 2505 2273 2566 exclamarunt
2310 2500 2406 2561 di-

838 2623 1054 2676 centes
1085 2631 1096 2672 :
1129 2612 1337 2672 Gloria
1358 2609 1494 2681 tibi,
1528 2607 1788 2677 Christe,
1822 2604 1931 2682 qui
1959 2601 2189 2662 multos
2218 2599 2411 2658 habes

840 2722 1088 2776 sanctos
1127 2712 1431 2775 occultos.
1477 2708 1828 2769 Admiratus
1872 2704 2028 2773 170
2070 2710 2161 2762 est
2204 2708 2412 2761 autem

840 2816 1033 2878 abbas
1069 2813 1409 2883 Macarius,
1458 2809 1628 2888 quod
1669 2807 1790 2867 hoc
1842 2804 1959 2865 sibi
2011 2820 2137 2863 non
2198 2801 2414 2861 fuisset

845 2913 1205 2974 revelatum.
1261 2913 1394 2970 Una
1436 2925 1586 2969 vero
1636 2912 1820 2967 nocte
1871 2903 2037 2963 videt
2082 2902 2411 2971 visionem,

845 3029 1007 3091 quae
1051 3011 1107 3070 ei
1138 3010 1323 3071 dicit:
1373 3011 1462 3069 Ne
1494 3006 1738 3084 angaris
1773 3010 2124 3083 prepterea.
2161 3003 2416 3080 Oportet

848 3110 1016 3170 enim
1069 3115 1130 3167 te
1182 3105 1467 3167 coro‘nari
1515 3121 1656 3164 cum
1696 3101 1922 3161 sanctis
1961 3099 2263 3177 patribus,
2309 3095 2417 3174 qui

850 3216 996 3270 sunt
1029 3227 1064 3269 a
1097 3207 1370 3267 saeculo.
1411 3207 1582 3263 Tunc
1617 3202 1674 3261 ei
1705 3200 1970 3261 narravit
2006 3199 2188 3258 vitam
2221 3204 2280 3257 et
2309 3214 2418 3256 no-
2448 3234 2488 3290 ς

849 3327 998 3370 men
1040 3309 1278 3368 beatae.
1325 3305 1660 3381 Allatisque
1705 3300 1931 3362 sanctis
1973 3299 2106 3358 eius
2143 3297 2422 3375 reliquiis

855 3427 992 3469 eam
1027 3411 1371 3486 posuerunt
1398 3403 1472 3464 ad
1506 3403 1817 3462 Orientem
1847 3406 2092 3460 sanctae
2124 3396 2422 3458 ecclesiae

852 3509 920 3568 in
950 3515 1127 3568 antro
1148 3504 1387 3566 abbatis
1416 3502 1665 3563 Macarii
1694 3518 1836 3561 cum
1866 3498 2091 3576 gaudio
2124 3506 2184 3557 et
2205 3496 2420 3573 gloria,

855 3606 1130 3684 usquein
1150 3603 1524 3664 hodiernum
1546 3601 1733 3673 diem,
1762 3617 1876 3678 per
1891 3600 2081 3658 Deum
2103 3604 2162 3656 et
2181 3603 2426 3656 sanctos

859 3714 1096 3785 patres,
1158 3711 1220 3764 et
1278 3709 1418 3781 post
1473 3709 1720 3761 sanctae
1786 3699 2225 3760 dormitionem
2289 3715 2430 3776 per—

858 3814 1128 3883 aguntur
1156 3803 1510 3866 curationes
1529 3801 1716 3878 gratia
1750 3806 1810 3860 et
1831 3799 2157 3860 clementia
2184 3799 2430 3858 Domini

859 3905 1057 3966 nostri
1094 3907 1235 3963 Iesu
1267 3902 1510 3972 Christi,
1551 3901 1651 3960 cui
1696 3899 1889 3976 gloria
1939 3905 1999 3958 et
2045 3899 2321 3977 potentia
2363 3898 2430 3958 in

861 4003 1109 4064 saecula
1157 4001 1262 4084 (1).
1301 4024 1326 4058 υ
1375 4003 1566 4072 Quem
1601 4000 1855 4076 quidem
1899 3999 2228 4058 Macarium
2278 4015 2428 4069 non,

861 4109 930 4164 ut
948 4117 1277 4181 perperam
1309 4099 1518 4160 statuit
1545 4098 1903 4170 Bollandus,
1924 4097 2429 4169 Alexandrinum,

865 4203 975 4264 sed
1018 4201 1390 4278 Aegyptium
1439 4198 1653 4269 fuisse,
1697 4199 1802 4275 qui
1839 4198 1905 4257 in
1963 4200 2139 4258 Scete
2191 4197 2430 4257 habita-

865 4305 971 4375 vit,
1005 4310 1064 4361 et
1094 4301 1396 4379 praesagii
1434 4317 1545 4359 seu
1577 4298 1945 4378 prophetiae
1975 4297 2194 4375 spiritu
2226 4297 2431 4356 excel-

867 4402 1002 4473 luit,
1041 4401 1218 4461 facile
1251 4401 1475 4461 elucet.
1511 4401 1731 4469 Quanti
1761 4405 1964 4458 autem
1994 4397 2214 4457 feceris
2244 4397 2433 4468 illam,

867 4518 1056 4578 quam
1105 4499 1381 4579 aequalis
1429 4500 1750 4578 scripsisse
1807 4497 2024 4567 fertur,
2093 4496 2434 4568 historiam,

870 4602 1004 4678 ipse
1034 4600 1261 4659 videto.
1305 4599 1488 4659 Plura
1520 4600 1586 4658 in
1617 4600 1740 4658 VV.
1775 4599 1877 4656 SS.
1904 4596 2186 4657 Bollandi
2214 4597 2291 4656 de
2321 4599 2442 4655 Ma-

870 4700 1054 4760 cariis
1082 4699 1309 4759 nostris
1336 4715 1453 4774 ego
1487 4715 1610 4758 non
1643 4696 1900 4758 offendi.

1408 4853 1647 4912 CAPUT
1730 4853 1886 4911 VIII.

875 5033 1241 5079 SANCTORUM
1273 5033 1674 5076 MACARIORUM
1708 5029 1992 5074 AEGYPTII
2031 5029 2106 5070 ΕΤ
2151 5027 2433 5070 ALEXAN-

955 5113 1128 5156 DRINI
1170 5112 1426 5155 EXILIUM
1475 5112 1591 5154 SUB
1639 5110 1817 5152 LUCIO
1879 5107 2112 5152 ARIANO
2165 5105 2442 5149 ALEXAN-

953 5193 1139 5234 DRIAF‘.
1192 5191 1502 5233 EPISCOPO.
1542 5188 1869 5239 SOCRATES,
1916 5185 2296 5238 SOZOMENUS,
2332 5185 2438 5226 CE-

953 5270 1222 5322 TERIQUE
1265 5270 1479 5313 RERUM
1525 5265 2112 5314 ECCLESIASTICABUM
2150 5264 2440 5307 SCRIPTO-

950 5496 1026 5565 (Ι)
1064 5494 1198 5549 Ibid.
1231 5512 1285 5565 p.
1313 5494 1413 5548 261
1448 5510 1566 5564 cap.
1599 5495 1652 5547 6.

948 5590 1025 5658 (2)
1060 5587 1234 5656 Supra
1270 5587 1357 5658 §6
1391 5603 1442 5656 p.
1488 5587 1573 5647 16,
1620 5587 1646 5657 ᾗ
1679 5586 1748 5638 27
1781 5602 1830 5655 p.
1872 5587 1993 5647 H3,
2028 5584 2054 5654 §
2091 5585 2160 5639 55
2194 5601 2244 5653 p.
2285 5584 2406 5638 152.

956 5683 1029 5747 (5)
1079 5680 1222 5732 Petri
1258 5681 1499 5747 episcopi
1548 5680 1777 5745 epistola
1826 5681 1877 5731 in
1917 5678 2245 5731 Theodoret.
2299 5676 2439 5729 Hist.

883 5772 1030 5825 Eccl.
1081 5772 1174 5824 lib.
1217 5771 1277 5822 IV
1334 5787 1452 5838 cap.
1510 5770 1603 5828 l9.
1647 5772 1783 5838 Opp.
1835 5773 1920 5825 ed.
1972 5769 2217 5826 Noessclt
2278 5769 2445 5822 llalae

883 5863 1036 5915 i7“.
1069 5864 1138 5917 8°.
1175 5861 1236 5916 T.
1271 5861 1333 5915 Ill
1376 5879 1425 5930 p.
1461 5861 1558 5915 987
1590 5879 1708 5930 sqq.

1622 403 1719 458 SS.
1769 395 2225 455 MACAIHORUM
2266 390 2585 448 AEGYPTII
2631 386 2716 439 ET
2747 378 3212 438 ALEXANDRINI

2420 515 2463 565 Α
2570 517 2686 559 RES
2741 515 2821 556 DE
2877 510 3104 553 IISDEM.
3162 502 3416 558 QUANDO
3465 495 3743 542 MEMORIA
3789 490 4058 534 SANCTO-

3957 359 4060 416 160

2572 595 2706 637 RUM
2745 586 3152 635 MACARIORUM
3207 580 3493 627 AEGYPTII
3525 578 3600 620 ET
3633 567 4062 617 ALEXANDRINI

2570 672 2838 716 AGATUR.

2572 761 2598 830 §
2638 754 2735 814 42.
2754 753 3012 831 Saepius
3036 744 3227 808 locuti
3242 759 3455 803 sumus
3471 740 3547 800 de
3561 735 3824 813 Aegypti
3842 745 4063 792 senum

2493 853 2931 934 persecutione
2960 866 2994 909 a
3025 846 3213 907 Lucio
3244 842 3612 902 Arianorum
3654 830 4064 895 Alexandriae

2493 953 2791 1032 episcopo
2819 945 3202 1024 excitata(2),
3232 942 3302 1003 in
3325 959 3447 1020 qua
3486 937 3783 1018 quoniam
3819 939 4068 1012 praeter

2495 1053 2651 1114 alios
2679 1052 2932 1112 abbates
2970 1048 3154 1109 etiam
3200 1043 3448 1106 Macarii
3490 1037 3684 1100 nostri
3712 1036 3775 1096 in
3815 1031 4070 1093 exilium

2495 1152 2669 1212 missi
2703 1157 2868 1222 sunt,
2914 1149 2978 1208 id
3005 1146 3326 1226 quomodo
3360 1148 3599 1219 gestum
3636 1137 3735 1206 sit,
3771 1150 4070 1195 enarran-

2499 1251 2646 1310 dum
2677 1256 2791 1309 est.
2817 1247 2931 1307 Rei
2952 1252 3156 1305 autem
3180 1248 3371 1302 testes
3392 1247 3534 1299 sunt
3566 1235 3851 1304 Ruﬁnus,
3885 1247 4100 1309 quem.

2500 1350 2977 1429 persecutiones
3005 1346 3158 1404 istae
3182 1343 3388 1420 ipsum
3422 1337 3683 1416 petiere,
3710 1331 3938 1393 deinde
3962 1331 4074 1387 So-

2501 1459 2721 1520 crates,
2747 1451 3131 1508 Sozomenus
3159 1451 3220 1501 et
3248 1438 3706 1507 Theodoretus,
3740 1433 3847 1510 qui
3870 1429 4075 1490 Rufini

2504 1550 2900 1611 enarratione
2930 1545 3305 1606 innituntur.

2583 1661 2914 1721 Athanasio
2955 1675 3011 1716 a.
3054 1655 3164 1715 373
3196 1659 3444 1714 mortuo
3476 1651 3694 1709 Petrus
3724 1643 3801 1704 ab
3841 1641 4085 1720 episco-

2507 1762 2605 1841 pis
2650 1759 3006 1840 provinciae
3052 1754 3504 1830 monachisquc
3560 1749 3626 1808 in
3684 1746 3894 1805 locum
3949 1741 4085 1801 eius

2436 1872 2476 1926 Β
2507 1858 2872 1919 substitutus
2895 1861 3008 1915 est.
3043 1852 3395 1914 Praefectus
3423 1854 3630 1909 autem
3659 1844 3794 1905 urbi
3831 1841 4084 1920 impius,

2511 1957 2903 2018 ethnicorum
2952 1962 3012 2014 et
3059 1952 3432 2013 Iudaeorum
3476 1965 3666 2007 manu
3719 1950 4084 2011 convocata,

2508 2059 2759 2116 Petrum
2802 2055 3113 2114 eiecturus
3146 2048 3472 2111 ecclesiam
3517 2043 3866 2122 occupavit,
3899 2058 4087 2118 quam

2509 2158 2735 2217 milites
2783 2155 3048 2233 turpiter
3100 2153 3251 2222 171
3307 2149 3735 2229 profanarunt,
3786 2161 3902 2203 nec
3961 2159 4091 2201 non

2509 2255 2735 2315 multas
2762 2254 3032 2330 virgines
3060 2254 3494 2330 stupravcrunt
3520 2244 3796 2322 aliasque
3821 2240 4092 2301 fustibus

2513 2363 2805 2418 contusas
2838 2371 2916 2414 ne
2949 2350 3202 2432 sepeliri
3237 2348 3491 2429 quidem
3523 2344 3691 2425 passi
3719 2349 3886 2404 sunt.
3929 2342 4090 2400 Pau-

2512 2459 2602 2518 cis
2635 2464 2778 2536 post
2809 2455 3031 2516 diebus
3060 2451 3284 2512 Lucius
3325 2448 3585 2508 Arianus
3615 2443 3918 2505 militibus
3956 2441 4093 2501 cin-

2512 2569 2647 2621 ctus
2675 2559 2753 2620 ab
2782 2557 3012 2617 Euzoio
3059 2551 3420 2614 Antiochiae
3462 2546 3776 2628 praesule,
3829 2543 4095 2602 Ariano-

2513 2678 2651 2720 rum
2682 2667 2831 2719 tunc
2875 2656 3183 2736 principe,
3226 2654 3293 2713 in
3343 2652 3773 2731 episcopatum
3825 2644 4098 2705 Alexan-

2514 2760 2684 2820 driae
2710 2760 2987 2818 intrusus
3018 2761 3132 2815 est.
3167 2753 3281 2824 Qui
3313 2752 3515 2812 statim
3547 2749 3702 2810 alios
3731 2746 3942 2817 minis,
3973 2745 4102 2804 vin-

2516 2859 2695 2932 culis,
2731 2857 3082 2926 tormentis,
3127 2854 3282 2915 alios
3313 2849 3867 2930 pollicitationibus
3906 2864 3940 2905 a
3980 2845 4101 2904 {ide

2517 2961 2789 3021 Nicaena
2819 2972 3081 3017 avocare
3109 2953 3366 3024 studuit,
3403 2968 3664 3027 eosque,
3700 2948 3807 3025 qui
3842 2946 4096 3006 resiste-

2518 3063 2691 3131 bant,
2729 3055 3106 3135 Ileliopolim
3144 3056 3207 3113 in
3240 3050 3600 3118 Phoenicia,
3640 3048 3748 3108 ubi
3791 3046 3960 3106 idola
3994 3064 4101 3106 Cu-

2518 3160 2729 3220 lebant
2761 3174 3002 3228 omnes,
3039 3151 3463 3232 deportandos
3507 3148 3778 3219 curavit;
3816 3163 4101 3205 murmu-

2526 3266 2732 3320 rantes
2763 3274 2911 3318 vero
2942 3256 3018 3316 ad
3049 3252 3298 3314 metalla
3340 3249 3738 3310 Phennensia
3779 3254 3839 3307 et
3867 3248 4105 3306 Proco-

2527 3359 2744 3419 nensia
2775 3356 3267 3425 deducebantur,
3316 3351 3480 3410 inter
3509 3365 3669 3428 quos
3712 3345 3880 3406 haud
3921 3345 4108 3424 pauci

2526 3458 2780 3519 fuerunt
2811 3453 3103 3517 monachi
3147 3452 3251 3532 (3).
3313 3449 3682 3511 Alexandria
3723 3448 3913 3525 igitur
3957 3446 4107 3507 sub-

2528 3565 2663 3619 acta
2705 3555 3148 3636 episcopisque
3190 3552 3546 3631 provinciae
3595 3551 4110 3615 Neocaesaream,

2531 3679 2716 3741 quam
2756 3661 2974 3721 urbem
3011 3657 3222 3718 Iudaei
3257 3656 3708 3725 inhabitabant,
3757 3654 3822 3712 in
3853 3652 4110 3712 exilium

2532 3762 2758 3832 missis,
2805 3760 3030 3819 milites
3070 3757 3146 3818 ad
3176 3757 3549 3817 monasteria
3583 3753 3990 3815 solitudinum
4027 3753 4114 3812 di-

2535 3861 2685 3921 recti
2716 3868 2879 3931 sunt,
2916 3859 3015 3919 cui
3063 3856 3451 3937 expeditioni
3493 3857 3626 3934 ipse
3666 3853 3950 3914 interfuit
3990 3855 4109 3912 Lu-

2535 3962 2688 4021 cius.
2745 3963 2894 4020 Nam
2948 3966 3116 4019 recte
3165 3961 3593 4020 Sozomenus:
3641 3980 3666 4010 ‹‹
3695 3956 3890 4025 Fidei,
3946 3979 3972 4009 υ
4012 3955 4110 4014 in-

2536 4060 2691 4137 quit,
2745 4082 2770 4113 ‹‹
2823 4075 3042 4118 senum
3097 4055 3475 4117 adhaerebat
3529 4054 3862 4115 multitudo
3919 4054 4112 4131 vulgi,

2539 4159 2776 4237 Quippe
2818 4157 2987 4235 quod
3029 4156 3266 4216 veritati
3304 4155 3630 4230 indulgere
3661 4154 3945 4214 crederet
3980 4171 4114 4224 eos,

2539 4258 2648 4335 qui
2685 4257 2976 4316 virtutem
3008 4254 3184 4315 factis
3215 4254 3366 4332 ipsis
3414 4252 3932 4331 proﬁterentur,»
3997 4260 4060 4313 et
4103 4271 4113 4310 :

2542 4381 2568 4410 «
2605 4356 2783 4415 Unde
2822 4355 3068 4425 Lucius,
3113 4371 3305 4431 quum
3342 4354 3503 4413 bene
3533 4350 3932 4427 intelligeret,
3985 4353 4120 4412 ﬁeri

2541 4473 2669 4516 non
2703 4471 2910 4532 posse,
2945 4462 3010 4513 ut
3051 4453 3256 4513 Ariani
3297 4452 3700 4512 devincerent
3747 4449 4116 4520 catholicos,

2472 4573 2515 4628 τ)
2544 4553 2664 4612 nisi
2693 4550 3037 4611 monachos
3068 4551 3217 4611 istos
3248 4550 3324 4610 ad
3355 4563 3563 4628 partes
3594 4549 3967 4608 Arianorum
4004 4549 4119 4608 de;

2539 4652 2836 4722 duxisset,
2872 4667 2980 4710 eos
3020 4651 3074 4709 vi
3105 4667 3332 4727 cogere
3363 4666 3692 4726 aggressus
3727 4655 3839 4721 est,
3884 4649 4122 4726 quibus

2539 4748 2919 4826 persuadere
2972 4749 3175 4809 verbis
3222 4767 3350 4809 non
3394 4756 3634 4828 poterat
3686 4748 3787 4828 (4).
3837 4772 3864 4804 »
3918 4754 4122 4829 Atque

2540 4849 2602 4907 in
2647 4866 2881 4920 eremo,
2924 4867 3050 4926 quo
3099 4850 3324 4910 milites
3360 4857 3688 4922 venerunt,
3743 4856 3899 4910 teste
3943 4852 4120 4910 Ruti-

2542 4963 2625 5005 no
2675 4970 2700 4999 ‹‹
2744 4947 3049 5006 Macarius
3091 4955 3151 5005 et
3194 4947 3469 5007 Isidorus
3497 4947 3784 5026 aliusque
3814 4948 4125 5008 Macarius

2547 5051 2734 5122 atque
2781 5044 3141 5105 Heraclides
3197 5052 3257 5105 et
3314 5047 3581 5107 Pambus
3627 5048 3876 5107 Antonii
3933 5048 4122 5108 disci-

2549 5143 2681 5221 puli
2712 5160 2825 5221 per
2857 5146 3204 5221 Aegyptum
3249 5153 3308 5205 et
3346 5147 3614 5206 maxime
3653 5146 3717 5206 in
3757 5146 3992 5206 Nitriae
4022 5147 4126 5205 de—

2553 5244 2698 5304 serti
2739 5244 3017 5322 partibus
3080 5268 3106 5299 »
3149 5246 3446 5306 sederunt
3489 5247 3593 5325 (5),
3658 5265 3726 5308 ac
3773 5248 3888 5307 tria
3930 5246 4124 5307 millia

2627 5491 2701 5559 (4)
2745 5491 2963 5546 Sozom.
3008 5493 3141 5548 Hist.
3171 5493 3318 5548 Eccl.
3353 5497 3448 5550 lib.
3487 5496 3546 5548 VI
3579 5513 3698 5563 cap.
3730 5497 3799 5549 20
3833 5499 3924 5552 ed.
3959 5487 4124 5552 Vale-

2553 5588 2616 5640 sii
2651 5589 2789 5653 Mog.
2828 5587 2962 5640 1677
2987 5602 3039 5653 p.
3066 5585 3189 5638 662.

2623 5681 2699 5746 (5)
2734 5679 2859 5731 Ruf.
2891 5677 3030 5730 Ilist.
3062 5677 3211 5732 Eccl.
3244 5679 3333 5730 lib.
3374 5679 3412 5730 ll
3453 5695 3573 5747 cap.
3608 5680 3639 5731 4
3676 5681 3761 5732 ed.
3800 5681 3965 5736 Basil.
3999 5681 4044 5735 1.
4074 5699 4125 5752 p.

2550 5772 2684 5832 242ς
2737 5770 2914 5824 Rufini
2956 5768 3092 5838 Opp.
3137 5771 3224 5824 ed.
3269 5770 3497 5825 Vallarsi
3532 5789 3583 5841 p.
3625 5773 3753 5837 271,
3793 5772 3976 5845 Migne
4021 5775 4128 5830 PI-

2551 5871 2674 5914 ποι.
2707 5860 2766 5912 Τ.
2807 5858 2920 5911 xxi
2956 5876 3007 5927 p.
3044 5860 3166 5913 5H.
