4266 6360
211 378 309 435 161

1718 369 1948 427 VITAE.

3350 379 3450 437 182

210 494 397 557 simul
453 492 727 554 virorum
775 498 883 553 aut
917 489 1185 571 ammius
1223 508 1337 571 per
1385 491 1782 554 solitudinem
1812 496 1859 553 Α
1884 505 2029 552 vere
2055 487 2430 556 domiciliis?
2456 492 2526 551 In
2563 490 2683 553 hoc
2726 490 2867 554 loco
2893 492 3139 573 depulsi
3173 492 3450 576 undique

211 595 643 673 dispersorum
689 593 1219 671 oppugnabantur
1267 591 1373 673 (1).
1426 594 1554 664 Qua
1604 592 1682 653 de
1716 610 1784 654 re

210 697 477 757 Ruﬁnus
501 696 585 755 ita
616 693 830 755 scribit
860 710 873 752 :
909 714 940 750 cr
977 695 1145 766 Quae
1174 710 1471 772 praesens
1502 693 1627 754 vidi
1682 692 1782 754 lo-

212 814 397 876 quor,
434 803 496 856 et
526 812 746 856 eorum
778 799 952 871 gesta
980 792 1209 865 refero,
1243 810 1512 872 quorum
1531 794 1599 855 in
1635 810 1784 873 pas-

211 896 495 957 sionibus
524 893 735 954 socius
780 909 917 953 esse
968 891 1308 971 promerui.
1350 892 1429 953 Hi
1475 892 1784 954 ducebant

210 992 555 1053 exercitum
601 990 870 1061 Domini,
906 1006 1035 1051 non
1072 988 1433 1050 mortalibus
1469 988 1632 1063 telis,
1672 989 1782 1051 sed

212 1093 335 1153 ﬁde
370 1091 689 1168 religionis
726 1096 1051 1163 armatum,
1086 1089 1424 1150 exercitum
1455 1089 1781 1151 moriendo

209 1193 597 1262 vincentem,
646 1197 708 1250 et
757 1190 867 1268 qui
912 1189 1231 1266 sanguinis
1277 1189 1373 1250 sui
1415 1188 1780 1269 profusione

211 1293 415 1352 victor
450 1292 758 1351 Christum
798 1298 1165 1367 sequeretur
1205 1290 1281 1350 ad
1326 1290 1593 1351 coelum.
1644 1290 1784 1362 Qui-

212 1409 338 1469 que
399 1392 547 1451 dum
592 1391 659 1451 in
709 1390 1128 1451 tabernaculis
1176 1390 1365 1468 positi
1422 1396 1483 1450 et
1534 1396 1783 1451 orantes

213 1496 649 1570 exspectarent
698 1489 1129 1550 interfectores
1184 1506 1354 1560 suos,
1404 1487 1643 1550 delatus
1690 1495 1785 1550 est

211 1590 292 1650 ad
325 1608 433 1651 eos
463 1589 655 1650 homo
688 1589 834 1650 olim
865 1589 1160 1649 membris
1189 1589 1476 1649 omnibus
1508 1595 1568 1649 et
1608 1607 1784 1669 prae-

214 1691 401 1768 cipue
430 1688 697 1768 pedibus
728 1687 958 1748 aridus.
995 1692 1151 1762 172
1183 1687 1303 1748 Sed
1331 1704 1471 1747 cum
1501 1688 1577 1749 ab
1613 1688 1689 1749 iis
1715 1688 1782 1749 in

1884 588 2248 651 latebamus.
2298 592 2624 662 Quomodo
2672 610 2784 654 vos
2830 610 3225 673 nequaquam
3260 596 3451 658 latere

1884 685 2242 766 potuimus?
2264 689 2549 751 Cedimus
2578 690 2848 769 antiquis
2874 692 3149 765 sedibus,
3180 694 3450 773 p0pulos

1882 795 2121 849 vestros
2158 794 2480 868 terrasque
2513 789 2794 868 recipite.
2827 791 2975 852 Cum
3004 790 3160 855 haec
3190 794 3447 869 diceret,

1882 889 2241 968 increpatus
2296 891 2373 951 ab
2415 890 2493 951 iis
2554 892 2782 953 erroris
2820 893 3071 971 spiritus
3118 894 3446 971 eﬂ'ugatur,

1886 997 1947 1050 et
1997 989 2203 1069 puella
2232 1008 2380 1051 sana
2407 1008 2533 1051 una
2570 1009 2712 1053 cum
2743 994 3104 1072 parentibus
3136 995 3265 1056 suis
3293 995 3453 1057 iace-

1880 1090 1986 1151 bat
2006 1089 2083 1150 ad
2106 1089 2301 1168 pedes
2318 1090 2515 1151 nostri
2530 1092 2833 1170 temporis
2856 1094 3306 1171 apostolorum.
3335 1097 3450 1169 Qui

1882 1189 2108 1251 talibus
2130 1189 2401 1251 exordiis
2423 1190 2857 1269 praedicantes
2875 1194 2953 1254 iis
2978 1195 3166 1255 ﬁdem
3202 1196 3451 1257 Domini

1882 1288 2079 1350 nostri
2110 1292 2251 1350 Iesu
2283 1289 2527 1363 Christi,
2566 1290 2633 1351 in
2692 1297 2921 1352 tantam
2975 1294 3449 1355 conversionem

1884 1394 2143 1466 repente
2182 1406 2292 1449 eos
2343 1390 2795 1466 perduxerunt,
2845 1399 2913 1451 ut
2943 1388 3149 1450 statim
3182 1392 3281 1452 die
3316 1392 3453 1472 ipsa

1883 1487 2168 1548 manibus
2194 1491 2347 1563 173
2372 1488 2498 1548 suis
2542 1490 3041 1567 antiquissimum
3066 1492 3371 1570 templum
3395 1499 3456 1553 et

1882 1586 1947 1647 in
1966 1605 2205 1648 summa
2234 1588 2633 1649 veneratione
2656 1587 2934 1649 habitum
2957 1590 3373 1663 destruerent,
3394 1598 3456 1652 et

1886 1687 2212 1749 ecclesiam
2240 1687 2565 1749 confestim
2598 1688 3019 1750 aediﬁcarent.
3069 1691 3197 1752 Nec
3235 1691 3311 1751 ad
3341 1691 3452 1752 de-

212 1788 471 1848 nomine
493 1787 739 1848 Domini
770 1786 911 1847 oleo
940 1785 1159 1845 fuisset
1186 1792 1547 1864 perunctus,
1578 1787 1781 1848 statim
1814 1822 1857 1877 Β
1887 1785 2277 1849 liberandum
2305 1787 2505 1865 spatio
2533 1786 2835 1866 temporis
2868 1796 3194 1865 eguerunt,
3228 1788 3455 1867 quibus

213 1885 616 1947 conﬁrmatae
657 1892 801 1946 sunt
836 1884 1084 1963 plantae
1126 1885 1279 1946 eius.
1324 1887 1396 1947 Et
1433 1887 1783 1949 dicentibus

211 1985 292 2046 iis
342 2003 356 2045 :
404 1987 475 2046 In
518 1985 775 2046 nomine
833 1987 974 2046 Iesu
1022 1983 1263 2059 Christi,
1314 2003 1502 2063 quem
1560 1988 1785 2049 Lucius

214 2086 640 2165 persequitur,
672 2102 855 2162 surge
885 2092 947 2147 et
982 2093 1077 2147 sta
1119 2086 1184 2146 in
1229 2086 1496 2165 pedibus
1534 2087 1681 2161 tuis,
1724 2094 1784 2148 et

214 2185 353 2247 redi
397 2185 463 2246 in
511 2185 769 2247 domum
830 2192 1025 2256 tuam,
1083 2186 1385 2248 continuo
1445 2203 1785 2264 exsurgens

216 2291 278 2345 et
316 2285 613 2346 exsiliens
682 2285 1096 2348 benedicebat
1152 2286 1371 2361 Deum,
1448 2286 1786 2349 ostendens

216 2387 365 2463 quia
414 2401 556 2446 vere
602 2392 732 2447 erat
780 2386 847 2446 in
905 2387 982 2446 iis
1047 2387 1211 2447 Deus
1259 2385 1367 2462 (2).
1430 2408 1460 2443 ι
1516 2386 1787 2448 Narratis

218 2483 450 2544 deinde
478 2484 649 2545 caeci
679 2484 847 2545 illius
866 2484 1221 2546 hominiset
1249 2484 1594 2547 catulorum
1627 2485 1790 2548 leae-

217 2597 338 2643 nae
384 2582 832 2655 sanationibus,
886 2601 1040 2663 quas
1085 2584 1331 2646 Macarii
1392 2583 1789 2647 Alexandrini

220 2682 451 2741 virtute
495 2681 688 2743 factas
719 2684 841 2744 iam
870 2682 1210 2756 attulimus,
1243 2684 1505 2744 Ruﬁnus
1536 2685 1623 2745 sic
1652 2700 1791 2763 per-

222 2782 311 2858 git
337 2798 349 2840 :
378 2804 406 2835 α
431 2781 554 2842 Sed
583 2782 649 2842 in
679 2781 775 2843 his
796 2783 1087 2844 omnibus
1115 2784 1339 2844 Lucius
1368 2800 1495 2844 non
1518 2784 1785 2858 erubuit,

221 2900 340 2943 nec
382 2882 617 2961 aliquid
654 2884 1039 2944 reverentiae
1077 2884 1371 2943 virtutum
1406 2883 1790 2945 mirabilibus

221 2981 479 3054 detulit;
513 2982 665 3060 quin
691 2982 883 3043 immo
913 2982 1087 3043 iubet
1116 2988 1323 3061 patres
1352 2982 1522 3061 ipsos
1553 2982 1790 3045 ablatos

221 3097 257 3138 ει
291 3096 481 3156 grege
510 3097 648 3152 suo,
682 3080 874 3142 immo
924 3080 1081 3142 clam
1115 3088 1348 3160 raptos,
1408 3080 1474 3141 in
1525 3080 1792 3142 insulam

1887 1886 2073 1948 ﬁdem
2106 1903 2315 1947 rerum
2361 1885 2639 1947 fecerant
2666 1903 2796 1947 non
2830 1888 3047 1960 verba,
3084 1886 3192 1948 sed
3238 1887 3451 1948 virtus.

1888 1984 2010 2047 Sed
2063 1985 2185 2048 hoc
2245 2002 2389 2047 cum
2449 1984 2668 2047 fuisset
2730 1984 3136 2047 Alexandriae
3203 1986 3455 2048 nuntia-

1888 2092 2053 2159 tum,
2110 2093 2333 2148 veritus
2372 2087 2617 2158 Lucius,
2661 2103 2742 2147 ne
2788 2085 2949 2147 forte
2989 2087 3169 2148 etiam
3200 2104 3454 2148 suorum

1887 2188 1953 2249 in
1993 2205 2137 2249 eum
2184 2188 2325 2249 odia
2351 2178 2519 2266 justa
2559 2192 3043 2264 consurgerent,
3086 2187 3195 2265 qui
3240 2194 3454 2266 aperte

1886 2286 2011 2349 iam
2053 2286 2286 2349 bellum
2316 2304 2446 2348 non
2478 2284 2863 2359 hominibus,
2904 2287 3014 2348 sed
3056 2288 3184 2348 Deo
3213 2288 3454 2351 indice-

1892 2395 2007 2463 ret,
2041 2388 2281 2450 occulte
2304 2404 2412 2448 eos
2440 2387 2715 2448 revocari
2746 2393 2807 2447 et
2832 2387 2898 2447 in
2930 2404 3211 2449 eremum
3243 2390 3454 2451 remit-

1891 2490 1937 2552 ti
2000 2490 2175 2552 iubet
2213 2489 2317 2567 (3).
2354 2511 2383 2544 »
2428 2490 2768 2566 Hucusque
2806 2488 3068 2549 Ruﬁnus
3120 2489 3197 2551 de
3236 2507 3459 2551 senum

1893 2591 2101 2652 exilio.
2135 2591 2419 2651 Socrates
2447 2587 2651 2650 claudi
2690 2587 2855 2649 illius
2886 2587 3157 2650 hominis
3197 2590 3465 2653 sanatio-

1894 2707 2040 2751 nem
2083 2706 2211 2751 non
2240 2688 2562 2768 exposuit,
2601 2686 2707 2747 sed
2741 2686 2895 2747 haec
2924 2692 3160 2747 tantum
3216 2689 3463 2768 scripsit

1895 2806 2055 2868 quae
2093 2794 2473 2867 sequuntur:
2510 2810 2539 2841 α
2569 2787 2846 2865 Cumque
2892 2786 2969 2847 ad
3015 2786 3220 2848 locum
3253 2787 3463 2867 ipsum

1895 2886 2365 2966 pervenissent,
2423 2885 2589 2947 viros
2658 2883 3207 2963 deprehenderunt
3265 2886 3461 2948 solitis

1896 2983 2117 3045 studiis
2153 2989 2215 3043 et
2244 2981 2788 3043 exercitationibus
2816 2990 3175 3060 occupatos,
3214 2988 3461 3045 orantes

1898 3084 2153 3156 scilicet,
2188 3083 2423 3144 morbis
2451 3080 2797 3155 medentes,
2838 3082 3166 3144 daemonia
3203 3084 3461 3145 eiicien-

222 3179 542 3256 quandam
567 3180 834 3259 Aegypti
862 3179 1181 3259 paludium
1215 3180 1547 3259 deportari,
1572 3180 1638 3240 in
1668 3197 1791 3257 qua
1821 3170 1864 3230 Β
1895 3189 1988 3244 tes
2031 3182 2136 3263 (4).
2166 3206 2194 3239 n
2225 3183 2311 3242 De
2338 3183 2592 3243 senibus
2628 3182 2692 3242 in
2723 3181 2975 3242 exilium
3024 3183 3219 3261 pulsis
3249 3185 3464 3244 Socra-

224 3284 647 3358 compererat,
691 3280 1006 3340 neminem
1034 3298 1290 3359 prorsus
1314 3296 1450 3340 esse
1489 3279 1788 3341 Christia-

224 3397 400 3452 num,
449 3395 578 3457 quo
634 3396 750 3457 per
800 3378 921 3439 hoc
973 3377 1071 3440 vel
1118 3380 1355 3457 absque
1398 3378 1632 3439 solatiis
1697 3377 1790 3438 vel

224 3480 465 3557 absque
504 3478 818 3539 consuetis
854 3478 1093 3539 actibus
1121 3478 1414 3539 viverent.
1458 3479 1648 3538 Senes
1672 3478 1788 3555 igi—

223 3587 324 3639 tur
352 3596 497 3640 cum
520 3578 766 3638 duobus
792 3577 941 3638 solis
968 3577 1358 3656 pedissequis
1379 3583 1565 3637 noctu
1596 3577 1674 3637 ad
1700 3578 1793 3637 in-

224 3676 423 3737 sulam
455 3675 872 3749 deducuntur,
894 3678 961 3736 in
980 3694 1104 3755 qua
1130 3681 1258 3737 erat
1279 3675 1578 3754 templum
1599 3675 1795 3753 quod-

224 3777 368 3836 dam
416 3793 659 3836 summa
704 3775 1103 3836 veneratione
1158 3792 1194 3837 a
1239 3775 1362 3836 loci
1406 3775 1628 3835 incolis
1675 3774 1790 3835 ob-

224 3883 561 3937 servatum.
612 3879 886 3954 Cumque
930 3872 1201 3954 primum
1244 3875 1523 3936 navicula
1571 3892 1792 3935 senum

226 3991 402 4036 oram
434 3973 553 4035 soli
612 3974 777 4034 illius
819 3974 1201 4050 contigisset,
1243 3990 1391 4034 ecce
1438 3973 1642 4034 subito
1692 3990 1791 4033 sa-

226 4072 502 4134 cerdotis
529 4070 748 4150 templi
774 4072 940 4132 illius
975 4072 1147 4147 virgo
1186 4070 1309 4131 ﬁlia
1348 4076 1632 4148 correpta
1662 4070 1793 4147 spi-

226 4173 373 4244 ritu,
402 4187 547 4231 cum
576 4170 815 4245 ingenti
844 4168 1286 4230 vociferatione
1328 4174 1389 4228 et
1422 4167 1796 4228 clamoribus

225 4286 428 4347 usque
448 4268 527 4330 ad
560 4268 808 4330 coelum
838 4268 1020 4340 datis,
1052 4267 1150 4344 agi
1179 4284 1293 4345 per
1318 4266 1559 4327 medios
1585 4282 1793 4343 p0pu—

227 4368 323 4430 los
368 4360 621 4447 coepit,
663 4374 724 4428 et
772 4367 1027 4429 crebros
1065 4366 1302 4426 ducens
1353 4372 1610 4430 rotatus.
1665 4362 1799 4423 stri-

226 4469 382 4529 dens
442 4468 567 4529 huc
615 4475 801 4545 atque
883 4465 1031 4526 illuc
1112 4464 1325 4525 rabida
1377 4481 1485 4524 ora
1532 4464 1793 4523 vibrare.

226 4571 514 4646 Cumque
550 4568 629 4627 ad
668 4567 1093 4646 spectaculum
1136 4572 1260 4625 tam
1288 4564 1559 4639 ingentis
1621 4579 1798 4623 mon-

227 4669 360 4741 stri,
388 4668 659 4729 maxime
686 4668 854 4746 quod
878 4674 1040 4727 esset
1069 4664 1405 4727 sacerdotis
1423 4662 1567 4735 ﬁlia,
1598 4662 1702 4740 qui
1732 4662 1797 4722 in

229 4771 476 4831 honore
533 4770 876 4847 praecipuo
927 4767 1097 4846 apud
1154 4766 1297 4827 illos
1358 4770 1524 4836 erat,
1577 4760 1799 4841 populi

228 4868 687 4940 convenissent,
726 4885 841 4946 per
866 4884 1047 4927 auras
1074 4882 1210 4927 eam
1257 4873 1495 4942 raptam
1521 4878 1797 4939 sequen-

230 4974 326 5026 tes
373 4965 746 5044 perveniunt
782 4981 979 5043 usque
1020 4963 1099 5024 ad
1144 4961 1489 5023 naviculam
1544 4976 1787 5020 senum.

228 5066 324 5125 lbi
351 5082 499 5125 vero
531 5066 803 5143 proiecta
846 5082 1061 5126 eorum
1090 5063 1353 5143 pedibus
1390 5068 1449 5121 et
1492 5066 1795 5139 prostrata

230 5164 502 5223 clamare
546 5166 755 5244 coepit
801 5182 814 5225 :
866 5165 1020 5237 Quid
1048 5163 1299 5225 venistis
1347 5160 1493 5233 huc,
1559 5177 1597 5221 ο
1640 5160 1801 5221 servi

232 5264 344 5323 Dei
388 5264 639 5337 summi,
683 5265 952 5344 antiquis
993 5281 1110 5325 nos
1150 5270 1211 5323 et
1246 5259 1591 5323 veternosis
1628 5260 1797 5320 evol-

304 5447 382 5515 (l)
424 5443 561 5497 Ibid.
595 5443 691 5497 lib.
717 5441 759 5493 ll
782 5456 901 5510 cap.
945 5440 1090 5494 sed.
1142 5438 1306 5493 Basil.
1353 5438 1390 5490 1.
1426 5453 1477 5507 p.
1512 5435 1638 5499 διε,
1675 5433 1803 5486 vn-

232 5538 363 5592 larsi
399 5552 451 5603 p.
475 5534 581 5586 270
610 5549 716 5601 ιφ,
754 5532 930 5601 Migne
968 5533 1003 5584 l.
1040 5532 1074 5583 l.

306 5627 384 5693 (2)
414 5623 549 5678 Ibid.
583 5624 676 5677 lib.
712 5622 751 5675 Il
788 5638 907 5691 cap.
946 5622 980 5674 ι
1011 5623 1045 5674 ι.
1086 5622 1122 5673 ι.

308 5720 388 5785 (5)
421 5716 553 5771 Ibid.
587 5717 674 5771 ed.
716 5715 883 5769 Basil.
922 5715 957 5767 l.
990 5729 1041 5782 p.
1078 5712 1205 5776 245,
1236 5713 1321 5767 ed.
1358 5709 1587 5765 Vallarsi
1618 5724 1669 5779 p.
1698 5706 1802 5762 272

238 5826 387 5882 sqq,
426 5806 599 5874 Migne
628 5824 680 5876 p.
712 5808 816 5861 512
856 5822 937 5875 sq.

482 5902 753 5960 PATROL.
794 5903 908 5961 (in.
952 5901 1248 5961 XXXIV.

1823 4516 1875 4573 D

1897 3290 1991 3343 tes
2018 3300 2031 3341 :
2066 3305 2093 3336 α
2124 3282 2424 3355 Quoniam
2454 3281 2667 3357 igitur,
2696 3304 2727 3338 io
2752 3282 2975 3359 inquit,
3012 3304 3040 3337 α
3071 3283 3465 3345 admirabiles

1895 3381 1985 3442 illi
2034 3381 2148 3441 viri
2190 3382 2361 3443 omni
2402 3380 2717 3455 violentia,
2762 3397 2921 3459 quae
2961 3381 3113 3460 ipsis
3145 3382 3461 3443 infereba-

1896 3488 2017 3555 tur,
2050 3482 2406 3560 superiores
2435 3480 2836 3553 exsisterent,
2889 3481 3167 3541 animum
3212 3482 3464 3543 tandem

1898 3578 2178 3658 despond
2187 3596 2296 3639 ens
2314 3578 2535 3639 Lucius
2552 3576 2694 3638 duci
2724 3577 3030 3639 exercitus
3044 3578 3374 3649 mandavit,
3396 3586 3467 3640 ut

1898 3685 2103 3758 patres
2137 3677 2581 3739 monachorum
2614 3678 2679 3737 in
2724 3677 2977 3738 exilium
3032 3678 3319 3738 mitteret.
3369 3678 3467 3739 Illi

1899 3784 2105 3838 autem
2144 3782 2319 3837 erant
2359 3775 2605 3837 Macarii
2646 3775 2807 3848 duo,
2841 3774 3181 3852 Aegyptius
3222 3781 3283 3835 et
3331 3775 3469 3837 Ale-

1898 3874 2258 3934 xandrinus.
2279 3874 2399 3933 Viri
2412 3872 2697 3950 igiturilli
2716 3873 3023 3951 deportati
3040 3879 3183 3934 sunt
3201 3874 3266 3934 in
3286 3874 3463 3935 insu-

1898 3971 2047 4046 lam,
2076 3972 2139 4031 in
2171 3988 2293 4050 qua
2320 3971 2526 4032 nullus
2564 3976 2694 4031 erat
2720 3972 3101 4032 Christianus
3135 3971 3241 4049 (5).
3281 3998 3299 4028 ι
3347 3973 3467 4032 Cur

1901 4073 2182 4133 Socrates
2236 4070 2401 4132 solos
2446 4071 2744 4131 Macarios
2795 4070 3109 4142 nominet,
3173 4070 3296 4131 nisi
3356 4088 3467 4131 eos

1900 4169 2445 4250 principessenum
2476 4168 2740 4241 duxerit,
2771 4185 2900 4229 non
2926 4166 3257 4243 intelliges.
3288 4169 3465 4229 Cete-

1901 4286 2036 4330 rum
2068 4269 2133 4328 in
2169 4268 2509 4328 enarranda
2550 4268 2683 4346 ipsa
2733 4267 2899 4328 exilii
2952 4284 3173 4327 senum
3210 4267 3470 4328 historia

1903 4368 2132 4440 Ruﬁni,
2163 4384 2350 4444 quem
2391 4367 2841 4445 persecutionis
2868 4366 3046 4426 istius
3072 4372 3293 4427 testem
3329 4366 3466 4428 lau-

1904 4468 2007 4528 dat
2034 4465 2140 4546 (6),
2179 4466 2450 4541 vestigiis
2498 4471 2712 4543 aperte
2755 4465 3122 4541 ingreditur.
3168 4467 3465 4526 Sozome-

1899 4583 2016 4625 nus
2076 4564 2244 4625 illam
2288 4564 2491 4625 claudi
2562 4564 2835 4625 hominis
2904 4566 3288 4626 curationem
3370 4565 3467 4625 his

1893 4662 2116 4741 allegat
2147 4664 2350 4724 verbis
2382 4681 2395 4722 :
2431 4686 2459 4718 α
2492 4664 2581 4724 Eo
2616 4664 2758 4742 ipso
2801 4670 3107 4743 tempore,
3136 4681 3261 4743 quo
3301 4662 3464 4724 mili-

1896 4768 1987 4821 tes
2035 4761 2100 4820 in
2157 4777 2266 4820 eos
2339 4760 2640 4837 impetum
2689 4760 2909 4822 facturi
2954 4769 3157 4835 erant,
3210 4762 3469 4822 traditus

1894 4858 2046 4936 ipsis
2079 4859 2328 4936 quidam
2359 4875 2494 4919 esse
2527 4859 2771 4932 dicitur,
2808 4862 2983 4921 cuius
3019 4867 3187 4922 artus
3222 4862 3468 4922 iamdu-

1899 4957 2046 5018 dum
2110 4958 2190 5019 ita
2230 4957 2480 5019 arefacti
2528 4967 2703 5019 erant
2756 4967 2941 5037 atque
2998 4962 3341 5033 extenuati,
3404 4970 3471 5022 ut

1902 5055 2167 5133 pedibus
2188 5056 2469 5116 insistere
2492 5073 2619 5117 non
2651 5064 2935 5136 posset...
2967 5056 3073 5135 (7),
3106 5082 3133 5114 »
3165 5059 3469 5120 vocabulo

1907 5178 1935 5211 α
1966 5161 2170 5233 Hymn
2196 5180 2220 5209 ιο
2257 5178 2283 5210 α
2312 5155 2541 5215 dicitur
2567 5180 2593 5209 »
2629 5156 2889 5217 fortasse
2937 5158 3231 5217 Ruﬁnum
3272 5158 3469 5234 signi-

1906 5257 2120 5331 ﬁcans,
2150 5274 2184 5317 a
2213 5273 2339 5335 quo
2368 5256 2431 5317 id
2461 5264 2806 5336 acceperat.
2831 5258 2915 5318 De
2945 5258 3198 5319 senibus
3216 5274 3251 5318 a
3278 5259 3469 5320 Lucio

1976 5433 2052 5501 (4)
2085 5430 2299 5484 Socrat.
2320 5429 2460 5485 Hist.
2491 5429 2630 5485 Eccl.
2656 5430 2751 5484 lib.
2782 5429 2849 5483 1V
2876 5430 3251 5501 cap.24ed.'l.
3272 5428 3467 5502 p.239.

1976 5529 2051 5593 (5)
2081 5526 2139 5577 L.
2180 5528 2217 5579 1.

1976 5619 2051 5685 (6)
2085 5618 2143 5670 L.
2174 5617 2209 5669 ι.

1977 5710 2052 5775 (7)
2098 5710 2311 5763 Sozom.
2346 5706 2488 5763 Hist.
2522 5706 2668 5760 Eccl.
2710 5713 2799 5768 lib.
2845 5706 2911 5759 Vl
2948 5722 3068 5776 cap.
3113 5707 3184 5761 20
3216 5706 3305 5762 ed.
3336 5704 3376 5760 ι.
3412 5728 3443 5775 ῃ

1904 5797 2026 5851 665.

3105 5894 3140 5950 6
