4266 6360
842 391 949 448 565

1623 382 1717 435 SS.
1763 371 2216 433 MACARIORUM
2250 364 2572 423 AEGYPTII
2616 363 2701 417 ET
2754 362 3216 417 ALEXANDRINI

3981 366 4091 421 ια

836 502 1153 579 exagitatis
1174 494 1717 558 Sozomenushaec
1749 490 1972 551 refert:
2009 482 2399 547 «Cuiusmodi
2431 486 2472 539 Α
2505 494 2640 537 rum
2680 474 2921 579 ehorus
2972 476 3409 579 dimitteretur.
3470 479 3557 536 Ita
3635 485 3789 555 175
3853 479 4079 539 civium

836 613 983 666 tunc
1052 595 1502 660 monachorum
1571 590 1913 671 praefectos
1969 587 2158 648 fuisse
2216 602 2397 644 acce-

834 702 1040 782 pimus
1096 694 1394 757 Macarios
1443 694 1622 763 duos,
1671 690 1747 751 de
1784 688 2011 767 quibus
2049 686 2170 745 iam
2221 690 2399 743 antea

834 800 1128 870 diximus,
1180 801 1241 856 et
1312 794 1542 854 Pambo
1587 793 1743 865 174
1771 797 1957 867 atque
2011 783 2399 845 Ileraclidem

834 909 1201 978 ceterosque
1257 895 1507 956 Antonii
1569 890 1911 970 discipulos
1944 887 2047 965 (1).
2093 910 2119 942 »
2159 885 2277 945 Sed
2341 892 2401 944 et

832 1005 966 1083 ipse
984 1019 1126 1063 cum
1142 998 1371 1059 Rufino
1392 994 1719 1064 consentit,
1740 992 1858 1052 hoc
1871 990 2004 1050 solo
2022 987 2398 1059 discrimine,

834 1103 1004 1184 quod
1056 1102 1121 1161 in
1183 1096 1511 1160 Sozomeni
1575 1093 1831 1154 historia
1885 1092 1962 1151 de
2022 1090 2130 1149 ista
2193 1105 2398 1148 sacer-

834 1203 997 1263 dotis
1039 1202 1162 1263 ﬁlia
1202 1224 1228 1255 ‹‹
1256 1196 1554 1258 Macarius
1584 1194 1843 1272 eiusque
1884 1191 2142 1253 comites
2177 1214 2203 1243 »
2251 1188 2398 1249 dae-

834 1319 1085 1364 monem
1118 1300 1465 1375 obiurgant,
1512 1302 1572 1355 et
1622 1296 1686 1355 in
1735 1296 1858 1355 ﬁne
1889 1292 2111 1352 Lucius
2158 1289 2401 1351 occulte

837 1402 1161 1483 praecipit,
1209 1406 1352 1471 «ut,
1404 1398 1511 1476 qui
1567 1414 1709 1457 eum
1754 1394 2017 1456 Macario
2053 1397 2282 1463 essent,
2324 1390 2401 1450 ad

835 1502 1015 1563 sedes
1056 1518 1197 1561 suas
1228 1506 1287 1559 et
1316 1500 1381 1557 in
1400 1496 1799 1558 solitudinem
1821 1502 2204 1554 revertantur
2255 1490 2398 1569 (2)».

834 1602 1265 1663 Theodoretus
1290 1599 1583 1675 denique,
1611 1612 1803 1674 quum
1834 1594 1910 1655 de
1939 1590 2403 1653 crudelitatibus

835 1703 901 1762 in
961 1697 1395 1779 persecutione
1456 1697 1571 1756 ista
1625 1691 1993 1772 perpetratis
2056 1690 2133 1751 ad
2196 1689 2403 1749 literas

837 1801 1001 1861 Petri
1028 1798 1303 1877 episcopi
1336 1796 1414 1873 (3)
1438 1794 1808 1869 delegasset,
1851 1791 1928 1850 de
1970 1788 2153 1849 exilio
2184 1804 2403 1848 senum

837 1899 992 1961 haec
1022 1898 1208 1957 verba
1246 1896 1390 1957 facit
1417 1912 1427 1953 :
1484 1916 1509 1947 α
1533 1893 1661 1952 Viri
1693 1896 1835 1952 sunt
1861 1891 1927 1951 in
1960 1893 2263 1967 Aegypto,
2296 1888 2403 1965 qui

837 1999 1198 2075 angelorum
1276 1994 1813 2057 conversationem
1878 1990 2259 2050 aemulantes
2326 1987 2403 2047 ab

837 2098 1081 2158 urbium
1120 2094 1484 2155 tumultibus
1511 2110 1577 2152 se
1606 2090 2056 2159 subduxerunt,
2087 2087 2404 2164 vitamque

837 2198 901 2258 in
948 2195 1279 2257 solitudine
1309 2210 1491 2269 agere
1525 2190 1896 2251 maluerunt.
1928 2188 2044 2248 Ubi
2073 2203 2404 2247 arenosum

836 2315 905 2357 ac
943 2296 1147 2357 sterile
1178 2293 1378 2354 solum
1404 2291 1603 2351 fertile
1626 2288 1959 2350 reddentes
1988 2286 2255 2347 fructum
2278 2286 2404 2344 Deo

836 2394 1269 2455 suavissimum
1306 2388 1922 2470 pulcherrimumque
1966 2384 2174 2445 ferunt
2211 2384 2404 2443 virtu-

837 2501 986 2565 tem,
1021 2508 1208 2571 quam
1246 2490 1363 2550 sibi
1400 2486 1914 2566 tanquamlegem
1947 2484 2402 2562 imposuerunt.

838 2594 1021 2654 Cuius
1052 2590 1305 2670 quidem
1339 2586 1702 2666 disciplinae
1733 2585 1923 2645 duces
1954 2599 2094 2643 cum
2120 2580 2223 2641 alii
2254 2578 2409 2639 mul-

838 2694 878 2754 ti
925 2692 1236 2763 exstitere,
1293 2697 1426 2749 tum
1468 2686 1741 2766 optimus
1770 2684 2199 2760 religiosorum
2248 2680 2409 2741 ordi-

839 2810 990 2853 num
1020 2791 1308 2866 magister
1337 2788 1452 2848 fuit
1496 2786 1796 2847 Antonius
1817 2784 1920 2844 ille
1941 2782 2404 2853 celeberrimus,

840 2891 946 2967 qui
997 2889 1071 2949 ad
1114 2888 1350 2948 virtutis
1395 2884 1761 2966 palaestram
1814 2881 2137 2943 monachis
2186 2879 2404 2939 solitu-

841 2991 1051 3050 dinem
1100 2988 1321 3049 evexit.
1370 2988 1516 3046 Eius
1560 2985 1745 3061 igitur
1792 2983 1901 3042 viri
1968 2979 2307 3059 discipulos
2338 3014 2408 3021 —

838 3089 974 3167 ipse
1005 3089 1169 3148 enim
1202 3104 1345 3148 cum
1377 3085 1657 3146 maximis
1692 3090 1751 3144 et
1792 3082 2226 3162 pulcherrimis
2262 3098 2409 3141 one-

2502 577 2833 640 tumultum
2864 576 3273 637 extimescens
3329 578 3555 638 Lucius
3606 579 3835 639 sanctis
3897 579 4080 651 viris,

2502 688 2568 742 ut
2599 680 2675 741 ad
2703 678 3031 758 speluncas
3057 695 3197 738 suas
3230 677 3524 750 redirent,
3563 677 3877 739 concessit
3933 676 4079 755 (5).-

2580 880 2665 941 De
2695 881 2879 942 exilio
2906 880 3159 959 (piidem
3180 897 3399 941 senum
3432 879 3585 941 haec
3617 880 3799 940 nobis
3838 879 3903 939 in
3944 896 4080 940 me-

2503 982 2675 1042 dium
2722 981 3095 1062 proferenda
3146 988 3341 1042 erant.
3381 981 3886 1041 Persecutionem
3935 996 4083 1040 vero

2501 1082 2680 1144 istam
2728 1081 3176 1143 monachorum
3213 1082 3437 1142 Lucius
3459 1129 3473 1154 ,
3498 1080 3672 1141 urbis
3702 1079 4081 1158 praefectus,

2504 1183 2764 1261 eiusque
2802 1182 3095 1243 satellites
3128 1197 3257 1242 non
3304 1189 3429 1242 tam
3469 1198 3583 1241 suo
3619 1182 3834 1254 Marte,
3894 1197 4085 1259 quam

2504 1282 2640 1359 lege
2678 1283 2951 1343 Valentis
2978 1283 3372 1361 imperatoris
3408 1282 3604 1342 innixi
3638 1282 3838 1359 egisse
3870 1282 4086 1341 viden-

2504 1389 2627 1443 tur.
2662 1384 2947 1443 Socrates
2968 1383 3136 1443 enim
3168 1383 3246 1443 de
3289 1383 3425 1460 lege
3466 1383 3733 1461 quadam
3780 1382 4083 1462 loquitur,

2504 1501 2623 1561 qua
2682 1483 2906 1544 Valens
2962 1486 3301 1562 praecepit,
3344 1507 3367 1536 α
3408 1492 3475 1543 ut
3506 1483 3925 1558 [orthodoxi],
3972 1485 4088 1561 qui

2503 1582 2906 1644 Alexandriae
2942 1590 3002 1643 et
3036 1583 3098 1642 in
3132 1582 3367 1661 reliqua
3400 1590 3607 1643 essent
3637 1587 3945 1660 Aegypto,
3990 1582 4085 1643 fu-

2506 1690 2799 1759 garentur
2851 1682 3014 1761 (6).»
3064 1683 3346 1743 Ceterum
3377 1682 3599 1743 Valens
3649 1699 3705 1743 a.
3763 1681 3900 1755 373,
3950 1682 4084 1760 pri-

2505 1799 2605 1842 ma
2635 1783 2903 1843 Ianuarii
2948 1782 3072 1855 die,
3106 1782 3306 1858 legem
3356 1783 3635 1854 saneivit,
3672 1782 3850 1843 cuius
3898 1789 4087 1842 tenor

2510 1881 2612 1943 hic
2643 1888 2737 1943 est
2771 1900 2783 1941 :
2820 1906 2847 1938 α
2880 1883 3139 1955 Quidam
3177 1883 3459 1960 ignaviae
3491 1890 3826 1943 sectatores
3863 1882 4083 1943 deser-

2510 1982 2588 2043 tis
2641 1984 2952 2044 civitatum
3008 1983 3369 2045 muneribus
3428 1990 3676 2059 captant
3714 1982 4087 2044 solitudines

2510 2098 2581 2141 ac
2612 2090 2869 2155 secreta,
2906 2089 2967 2143 et
3000 2084 3208 2161 specie
3253 2082 3573 2159 religionis
3603 2100 3743 2143 cum
3797 2085 4086 2145 coetibus

2510 2177 2929 2239 Monazonton
2974 2187 3455 2257 congregantur.
3507 2181 3636 2240 Hos
3675 2180 3864 2257 igitur
3896 2188 4087 2260 atque

2511 2274 2868 2337 huiusmodi
2895 2277 3053 2338 intra
3112 2283 3460 2357 Aegyptum
3499 2278 3929 2362 deprehensos
3973 2297 4089 2357 per

2512 2376 2804 2437 comitem
2868 2378 3131 2438 Orientis
3195 2379 3330 2439 erui
3390 2396 3423 2438 e
3488 2378 3739 2439 latebris
3800 2378 4089 2440 consulta

2512 2476 2955 2554 praeceptione
3010 2478 3458 2552 mandavimus,
3518 2486 3703 2557 atque
3761 2480 3838 2540 ad
3871 2480 4087 2541 munia

2512 2573 2849 2653 patriarum
2889 2577 3209 2639 subeunda
3245 2579 3544 2651 revocari,
3580 2586 3683 2639 aut
3712 2596 3827 2657 pro
3865 2587 4088 2640 tenore

2513 2684 2759 2735 nostrae
2800 2677 3137 2738 sanctionis
3178 2676 3572 2738 familiarium
3611 2695 3817 2739 rerum
3870 2696 4088 2739 carere

2513 2774 2865 2849 inlecebris,
2902 2795 3055 2856 quas
3081 2795 3193 2857 per
3221 2795 3329 2839 eos
3370 2779 3725 2839 censuimus
3768 2779 4091 2841 vindican-

2514 2873 2643 2947 das,
2686 2876 2795 2953 qui
2844 2877 3233 2955 publicarum
3281 2885 3487 2939 essent
3535 2878 3794 2939 subituri
3825 2896 4090 2941 munera

2514 2974 2925 3037 functionum.
3005 2996 3114 3057 pp.
3181 2980 3434 3057 Byritho
3515 2978 3775 3040 Kalend.
3837 2980 4086 3039 Ianuar.

2514 3076 2943 3138 Valentiniano
2974 3086 3035 3138 et
3063 3078 3317 3139 Valente
3365 3084 3483 3139 AA.
3521 3082 3688 3141 Coss.
3746 3079 3850 3155 (7).
3892 3103 3921 3133 ι
3956 3082 4089 3152 Quo

840 3188 1010 3248 ribus
1039 3188 1115 3248 ad
1147 3185 1515 3264 tranquillos
1546 3190 1761 3264 portus
1783 3182 2197 3262 appulerat—
2227 3183 2413 3242 miser
2440 3186 2483 3244 C
2512 3176 2699 3252 igitur
2747 3177 2812 3237 in
2869 3177 3121 3239 decreto
3154 3195 3281 3239 non
3328 3185 3588 3256 propter
3642 3180 3850 3249 vitam,
3896 3196 4087 3257 quam

839 3290 955 3349 iste
1004 3295 1065 3348 et
1102 3287 1563 3348 infelicissimus
1597 3286 1868 3360 [Lucius]
1909 3285 2242 3345 insectatus
2293 3291 2402 3358 est,

842 3403 913 3447 ac
952 3385 1299 3446 divinorum
1356 3384 1604 3444 illorum
1647 3392 1935 3443 coetuum
1980 3384 2198 3453 duces,
2241 3384 2407 3444 cele-

842 3490 1017 3551 brem
1070 3484 1246 3545 illum
1293 3483 1658 3553 Macarium,
1709 3489 1770 3540 et
1823 3480 2081 3539 alterum
2133 3481 2408 3541 eiusdem

845 3586 1136 3657 nominis,
1175 3601 1289 3644 nec
1317 3600 1442 3643 non
1483 3582 1787 3641 Isidorum
1821 3579 2099 3656 aliosque
2150 3580 2225 3639 de
2271 3598 2410 3657 spe-

844 3687 1045 3748 luncis
1096 3685 1397 3747 abductos
1447 3684 1511 3743 in
1555 3682 1819 3742 insulam
1874 3681 2185 3759 quandam
2244 3681 2405 3741 rele-

845 3787 1039 3863 gavit,
1103 3801 1263 3862 quae
1321 3783 1397 3843 ab
1450 3782 1659 3860 impiis
1723 3782 2079 3842 hominibus
2140 3782 2407 3843 habitata

845 3887 1085 3948 nullum
1114 3902 1388 3963 unquam
1420 3884 1666 3963 pietatis
1698 3884 2057 3959 magistrum
2084 3882 2403 3943 habuerat.

845 3985 1121 4061 Cumque
1166 3981 1402 4041 insulae
1443 3996 1587 4040 orae
1636 3980 2197 4058 apprOpinquasset
2233 3980 2403 4039 navi-

846 4084 1037 4160 gium,
1070 4082 1371 4151 daemon,
1416 4079 1523 4157 qui
1568 4078 1653 4138 ibi
1700 4079 2038 4150 colebatur,
2087 4097 2408 4140 consecra-

843 4192 974 4242 tum
1041 4180 1157 4240 sibi
1209 4179 1503 4239 deserens
1561 4178 1994 4250 simulacrum,
2031 4178 2201 4255 quod
2257 4178 2409 4237 anti-

846 4298 1039 4359 quum
1089 4279 1221 4339 eius
1266 4278 1464 4338 fuerat
1512 4277 1924 4349 domicilium,
1978 4277 2162 4337 ﬁliam
2210 4294 2410 4338 sacer-

846 4382 1008 4441 dotis
1062 4380 1137 4439 ad
1199 4379 1501 4437 insaniam
1532 4377 1858 4437 concitavit
1898 4384 1958 4435 et
2011 4376 2406 4435 furibundam

845 4475 922 4535 ad
953 4475 1097 4534 litus
1127 4474 1403 4545 deduxit,
1437 4489 1563 4551 quo
1600 4473 1803 4533 navim
1847 4472 2113 4549 remiges
2142 4473 2405 4551 appule-

843 4584 981 4633 rant
1030 4574 1135 4651 (4).
1169 4596 1196 4627 »
1256 4574 1503 4641 Cetera,
1568 4588 1727 4648 quae
1777 4580 2141 4649 sequuntur,
2197 4570 2273 4629 ad
2320 4570 2404 4642 id,

844 4675 1012 4751 quod
1047 4691 1079 4734 e
1128 4672 1353 4731 Ruﬁno
1399 4660 1963 4748 didicimusfplane
2001 4670 2282 4730 redeunt.
2336 4673 2407 4731 In

846 4774 967 4834 ﬁne
989 4772 1442 4832 Theodoretus:
1467 4772 1729 4840 «Haec,»
1754 4768 1978 4846 inquit,
1998 4792 2023 4822 α
2041 4769 2147 4829 ubi
2167 4769 2231 4829 in
2251 4768 2405 4829 urbe

842 4873 1271 4939 innotuerunt,
1332 4866 1609 4926 omnium
1660 4865 1826 4926 illico
1873 4865 2072 4926 factus
2118 4873 2209 4927 est
2258 4883 2407 4927 con-

844 4988 1062 5033 cursus
1092 4968 1346 5029 Lucium
1373 4966 1831 5042 obiurgantium
1860 4971 1919 5025 et
1963 4965 2166 5026 divina
2212 4983 2278 5027 se
2314 4966 2406 5027 ira

846 5068 1209 5151 plectendos
1231 5066 1590 5139 dicentium,
1616 5066 1732 5126 nisi
1761 5065 2005 5126 divinus
2031 5065 2134 5127 ille
2162 5074 2407 5129 sancto-

918 5267 992 5336 (I)
1036 5265 1169 5318 Ibid.
1202 5282 1253 5333 p.
1286 5264 1407 5316 652.

916 5358 992 5428 (2)
1026 5357 1160 5411 Ibid.
1192 5374 1245 5425 p.
1273 5358 1375 5410 663
1406 5358 1458 5410 in
1498 5356 1623 5410 Iinc.

917 5452 991 5521 (ὃ)
1024 5450 1247 5504 Exstant
1275 5451 1328 5503 in
1358 5450 1681 5503 Theodoret.
1715 5446 1848 5500 Hist.
1883 5445 2027 5499 Eccl.
2059 5446 2152 5499 lib.
2179 5445 2244 5497 IV
2274 5464 2390 5517 cap.

848 5543 935 5603 19,
965 5539 1101 5607 Opp.
1130 5540 1215 5594 ed.
1253 5541 1495 5594 hnessclt
1532 5543 1593 5597 T.
1626 5538 1687 5590 ΙΙΙ
1726 5555 1776 5606 p.
1812 5538 1916 5592 987
1946 5554 2065 5605 sqq.

918 5631 991 5699 (οἱ)
1028 5633 1351 5685 Theodoret.
1391 5633 1523 5684 Hist.
1566 5630 1710 5683 Eccl.
1746 5630 1838 5684 lib.
1874 5627 1939 5681 IV
1974 5646 2098 5699 cap.
2143 5633 2206 5686 I8
2236 5631 2321 5683 ed.
2364 5632 2393 5681 l.

851 5736 901 5789 p.
938 5723 1040 5775 985
1071 5739 1153 5791 sq.

920 5816 996 5885 (5)
1037 5814 1096 5869 L.
1126 5814 1162 5867 I.
1198 5830 1248 5883 p.
1278 5813 1382 5868 986
1419 5829 1501 5882 sq.

2511 3276 2786 3354 degunt,
2835 3278 3303 3351 monachicam,
3354 3296 3567 3339 verum
3624 3280 3770 3359 quia
3824 3298 4090 3342 munera

2510 3377 2709 3437 civilia
2749 3385 2809 3439 et
2859 3378 3111 3439 curialia
3161 3379 3436 3453 effugere
3492 3379 3646 3439 velle
3686 3380 4087 3458 putabantur.

2512 3487 2846 3538 sectatores
2888 3480 3165 3556 ignaviae
3196 3480 3506 3540 dicuntur.
3547 3481 3739 3540 Simili
3781 3497 3858 3540 ex
3900 3499 4089 3543 causa

2510 3578 2607 3637 alii
2632 3595 2883 3655 quoque
2926 3580 3353 3657 imperatores,
3386 3581 3547 3640 inter
3595 3596 3751 3658 quos
3789 3582 4091 3642 Constan-

2508 3678 2697 3751 tinus,
2729 3678 2993 3740 curiales
3013 3681 3367 3741 sacerdotes
3418 3680 3547 3740 ﬁeri
3596 3688 3921 3741 vetuerant
3976 3680 4084 3755 (8).

2511 3779 2726 3855 Neque
2756 3795 2903 3839 vero
2953 3779 3029 3839 de
3067 3782 3288 3857 quovis
3331 3781 3665 3851 monacho,
3713 3798 3921 3858 neque
3966 3799 4083 3840 no-

2508 3876 2785 3936 minatim
2819 3876 2897 3936 de
2935 3895 3194 3938 munere
3230 3878 3475 3938 militari
3507 3878 3602 3939 lex
3632 3877 3737 3937 illa
3776 3878 4082 3955 loquitur,

2509 3977 2616 4037 sed
2664 3978 2740 4038 de
2797 3978 3184 4050 hominibus,
3241 3980 3348 4057 qui
3418 3980 3675 4039 desertis
3724 3980 4086 4040 muneribus

2504 4076 2799 4155 publicis,
2830 4081 3026 4157 specie
3069 4079 3391 4157 religionis
3432 4097 3573 4140 cum
3615 4080 3940 4141 monachis
3969 4082 4083 4141 de-

2510 4184 2692 4252 gunt;
2717 4194 2825 4237 eos
2858 4179 3024 4237 enim
3054 4186 3157 4238 aut
3195 4179 3271 4239 ad
3303 4180 3509 4239 munia
3536 4180 3767 4257 patriae
3791 4181 4085 4241 obeunda

2510 4276 2760 4348 retrahi,
2794 4285 2899 4337 aut
2921 4295 2986 4338 re
3018 4278 3303 4339 familiari
3346 4279 3599 4357 spoliari
3636 4280 3833 4340 iussit.
3884 4284 4088 4352 Quan-

2509 4392 2696 4452 quam
2766 4378 3053 4437 inimicos
3109 4378 3555 4438 catholicorum
3615 4378 3754 4455 lege
3820 4383 4088 4457 turpiter

2511 4474 2680 4534 abuti
2731 4474 2913 4536 facile
2979 4478 3295 4554 potuisse.
3347 4496 3531 4539 nemo
3588 4496 3715 4539 non
3768 4479 4079 4557 intelligit.

2515 4575 2782 4652 Prosper
2834 4576 3086 4653 quidem
3133 4578 3471 4654 Aquitanus
3514 4580 3715 4657 legem
3754 4577 3789 4641 a
3830 4582 4083 4643 Valente

2515 4672 2715 4733 datam
2750 4690 2884 4735 esse
2911 4676 3196 4737 tradidit:
3238 4702 3264 4731 α
3300 4685 3367 4739 ut
3409 4679 3700 4740 monachi
3724 4681 4081 4755 militarent,

2515 4773 2799 4834 nolentes
2830 4774 3095 4836 fustibus
3122 4786 3491 4839 necarentur
3512 4779 3617 4857 (9).
3658 4802 3685 4834 »
3721 4787 3879 4855 176
3906 4785 4084 4853 Quod

2513 4873 2766 4949 quidem
2821 4883 2935 4936 etSt
2984 4876 3121 4953 lege
3173 4896 3297 4939 non
3336 4882 3737 4959 exprimitur,
3793 4899 4086 4960 magnam

2510 4980 2674 5033 certe
2702 4976 3141 5053 crudelemque
3170 4978 3357 5040 fuisse
3395 4982 3840 5043 monachorum
3875 5002 4087 5061 perse-

2514 5074 2852 5148 cutionem,
2885 5094 2919 5137 a
2950 5078 3204 5140 Valente
3232 5081 3577 5155 excitatam,
3611 5099 3643 5142 e
3687 5083 3745 5140 S.
3805 5083 4079 5162 Chryso-

2585 5269 2659 5335 (6)
2707 5266 2861 5323 Socr.
2896 5270 3035 5325 Hist.
3069 5271 3215 5327 Eccl.
3243 5274 3337 5329 lib.
3364 5274 3428 5328 IV
3452 5292 3568 5348 cap.
3592 5278 3663 5333 24
3683 5280 3769 5334 ed.
3806 5279 3841 5332 l.
3872 5297 3922 5349 p.
3951 5282 4078 5335 238.

2582 5360 2660 5427 ('7)
2697 5362 2831 5414 Cod.
2862 5362 3133 5421 Theodos.
3170 5366 3284 5429 XII,
3315 5369 3361 5428 I.
3394 5370 3478 5423 65.

2582 5452 2655 5521 (8)
2694 5452 3090 5511 Constantinus
3136 5458 3270 5512 Cod.
3322 5458 3594 5516 Theodos.
3635 5459 3783 5524 XVI,
3814 5462 3879 5519 2.
3913 5465 3966 5516 5.
4012 5465 4076 5519 6;

2512 5542 2923 5603 Valentinianus
2960 5547 3093 5600 ibid.
3127 5548 3271 5609 XVI,
3305 5550 3361 5610 2.
3395 5553 3479 5605 t7.

2577 5636 2650 5701 (9)
2693 5636 2879 5705 Prosp.
2924 5639 3187 5706 Aquitan.
3232 5644 3435 5695 (Itirou.
3476 5645 3671 5713 integr.
3710 5642 3770 5696 P.
3824 5641 4078 5715 Ι,ξν1ἱετιο

2508 5725 2709 5781 Patrol.
2749 5727 2811 5781 T.
2848 5728 2905 5781 LI
2945 5746 2997 5798 p.
3039 5731 3161 5785 5‘55.
