4266 6360
175 365 281 421 165

1691 372 1926 429 VITAE.

3334 380 3436 439 166

178 483 363 545 stomi
408 483 581 544 libris
602 484 898 545 adversus
928 495 1386 565 oppugnatores
1425 488 1589 548 vitae
1633 504 1769 547 mo-
1800 498 1843 554 Α
1874 482 2129 546 millima
2144 501 2237 557 ea,
2259 500 2417 562 quae
2432 484 2509 545 de
2531 484 2859 547 virtutibus
2880 487 3284 550 Macariorum
3311 495 3443 558 Ru-

178 586 477 644 nachicac
512 584 595 661 (1)
628 585 953 647 discimus.

261 685 475 741 Restat
528 690 597 743 ut
658 683 1066 743 Macariorum
1117 684 1536 753 mentionem,
1577 699 1765 760 quam

180 785 320 843 «lata
355 784 813 860 persecutionis
842 784 1019 843 istius
1059 784 1403 845 narrandae
1436 784 1765 845 occasione

180 883 446 943 Ruﬁnus
488 882 663 955 fecit,
721 883 991 944 breviter
1034 883 1135 945 hic
1180 883 1651 961 subiungamus.
1706 884 1765 943 Is

182 983 373 1051 cnim,
404 998 599 1059 quum
632 987 985 1059 temporum
1024 980 1275 1041 illorum
1312 978 1631 1043 historiam
1661 980 1767 1043 de-

182 1080 569 1159 scripsisset:
606 1104 633 1135 (ι
696 1080 1002 1153 Florebat,
1035 1104 1061 1134 ιο
1091 1080 1318 1158 inquit,
1349 1080 1591 1158 «igitur
1654 1084 1766 1143 Ae-

184 1190 415 1261 gyptus
454 1199 527 1241 ea
566 1186 934 1258 tempestate
989 1197 1115 1239 non
1153 1180 1357 1240 solum
1395 1179 1652 1241 eruditis
1697 1181 1764 1241 in

184 1284 522 1344 christiana
551 1281 949 1361 phil050phia
978 1281 1145 1353 viris,
1179 1300 1390 1342 verum
1424 1282 1605 1342 etiam
1644 1280 1759 1355 his,

184 1385 292 1463 qui
317 1402 430 1462 per
448 1390 677 1442 vastam
711 1398 985 1441 eremum
1009 1390 1479 1443 commanentes
1508 1383 1681 1459 signa
1703 1389 1763 1443 et

184 1484 471 1563 prodigia
500 1481 851 1559 Apostolica
885 1481 1278 1559 simplicitate
1321 1482 1481 1555 vitae
1520 1488 1579 1541 et
1618 1499 1760 1542 cor-

185 1584 280 1645 dis
324 1583 674 1642 sinceritate
709 1582 1036 1642 faciebant.
1086 1582 1166 1641 ΕΣ
1210 1583 1438 1660 quibus
1486 1582 1758 1655 interim,

185 1702 349 1764 quos
382 1686 504 1763 ipsi
534 1684 820 1755 vidimus,
848 1691 907 1743 et
928 1700 1197 1762 quorum
1237 1683 1525 1745 benedici
1557 1682 1758 1743 mani-

185 1786 305 1847 bus
334 1786 699 1855 meruimus,
734 1782 797 1843 hi
828 1791 971 1843 sunt
996 1802 1007 1843 :
1030 1783 1331 1843 Macarius
1354 1782 1429 1844 de
1452 1781 1761 1860 superiori

1871 585 2033 646 ﬁnus
2054 586 2117 646 in
2142 586 2617 646 Continuatione
2643 587 2953 647 Historiae
2973 587 3437 653 Ecclesiasticae

1868 684 2120 744 Eusebii
2159 683 2489 762 scripserat
2549 684 2655 764 (6),
2715 684 2993 747 alludere
3053 688 3359 751 videntur.
3393 689 3440 751 Ε

1866 784 2143 845 fontibus
2160 784 2431 863 denique
2445 785 2781 861 incognitis
2798 787 3080 848 Socrates
3110 787 3262 851 haec
3281 807 3439 852 nova

1866 884 2092 945 adiecit
2110 904 2121 945 :
2142 910 2168 939 «
2190 886 2329 946 Erat
2344 904 2530 965 porro
2555 888 2875 959 [Macarius
2889 889 3249 967 Aegyptius]
3266 908 3439 953 reve-

1866 987 2100 1047 rendus
2139 986 2369 1065 pariter
2403 1004 2474 1048 ac
2508 1004 2760 1047 severus
2804 988 2869 1047 in
2898 987 3061 1061 illos,
3095 989 3202 1067 qui
3236 990 3441 1068 ipsum

1865 1084 2140 1145 adibant.
2195 1086 2493 1147 Macarius
2553 1104 2701 1147 vero
2760 1086 3234 1163 Alexandrinus,
3297 1108 3438 1151 cum

1865 1201 2317 1262 usquequaque
2356 1185 2572 1246 similis
2612 1193 2773 1247 esset
2817 1190 3146 1267 Aegyptio,
3192 1207 3268 1251 eo
3308 1198 3444 1252 tan-

1865 1289 1997 1342 tum
2021 1284 2430 1361 discrepabat,
2452 1285 2621 1363 quod
2652 1285 2865 1346 hilaris
2887 1287 3001 1347 fuit
3027 1306 3172 1365 erga
3202 1306 3311 1349 eos
3332 1290 3441 1369 qui

1865 1382 1940 1441 ad
1966 1382 2167 1459 ipsum
2192 1391 2600 1455 accesserant,
2617 1391 2679 1445 et
2700 1386 3045 1446 urbanitate
3065 1387 3328 1464 quadam
3348 1391 3443 1449 iu-

1866 1483 2074 1543 niores
2095 1482 2168 1543 ad
2190 1483 2577 1561 disciplinam
2598 1486 3025 1546 monachicam
3050 1487 3259 1548 allexit
3279 1489 3385 1565 (7).
3411 1514 3436 1545 υ

1864 1584 2074 1643 Cetera
2112 1584 2317 1659 igitur,
2348 1600 2423 1642 ex
2464 1585 2723 1660 Evagrio
2754 1586 3148 1664 deprompta,
3178 1588 3254 1648 ad
3288 1589 3441 1650 duas

1863 1682 2107 1743 Macarii
2130 1683 2414 1760 Aegyptii
2434 1681 2719 1743 historias
2740 1684 2816 1743 de
2830 1702 3036 1757 causa,
3052 1703 3161 1746 cur
3180 1688 3437 1749 iniuria-

1864 1800 2001 1843 rum
2047 1784 2125 1843 ab
2178 1782 2539 1843 hominibus
2584 1782 2957 1844 inflictarum
3008 1785 3440 1848 recordatione

186 1904 425 1959 eremo,
458 1886 615 1947 alius
644 1886 942 1947 Macarius
965 1883 1041 1943 de
1065 1882 1367 1955 inferiori,
1391 1882 1664 1942 Isidorus
1696 1881 1760 1941 in
1796 1881 1834 1904 ⁸³
1864 1883 2201 1943 memoriae
2246 1884 2367 1942 vim
2414 1900 2914 1961 corrumpamus,
2956 1900 2991 1944 a
3029 1884 3441 1947 daemonibus

185 1985 378 2063 Scyti,
423 1984 691 2044 Pambus
736 1984 802 2043 in
834 1979 1105 2051 Cellulis,
1144 1980 1389 2057 Moyses
1431 1984 1491 2039 et
1536 1977 1760 2038 Benia-

185 2086 318 2145 min
363 2086 428 2145 in
466 2085 677 2155 Nitria,
746 2082 1011 2161 Scyrion
1044 2086 1107 2140 et
1174 2078 1383 2139 Helias
1429 2085 1491 2138 et
1536 2077 1763 2138 Paulus

185 2190 252 2248 in
298 2186 600 2266 Apeliote,
650 2182 808 2245 alius
847 2182 1073 2243 Paulus
1118 2182 1185 2243 in
1231 2183 1432 2256 Focis,
1486 2184 1760 2244 Poemen

188 2296 251 2346 et
297 2284 523 2363 Ioseph
567 2283 630 2343 in
670 2282 915 2360 Pispiri,
958 2281 1067 2361 qui
1111 2279 1541 2359 appellabatur
1581 2296 1762 2339 mons

187 2386 597 2449 Antonii.Sed
628 2389 688 2445 et
714 2384 870 2446 alios
901 2381 1301 2463 quamplures
1331 2380 1762 2442 huiuscemodi

188 2492 355 2551 viros
384 2490 450 2549 in
482 2485 738 2565 Aegypti
778 2484 1054 2563 partibus
1084 2482 1384 2555 habitare,
1406 2481 1571 2543 ﬁdeli
1598 2470 1765 2543 eom-

190 2593 472 2672 perimus
513 2588 723 2649 auditu
753 2586 860 2665 (2).
900 2609 928 2639 ››
967 2587 1135 2645 Inter
1176 2589 1525 2662 Aegyptum
1572 2599 1763 2661 supe-

192 2692 423 2753 riorem
448 2697 508 2750 et
531 2689 890 2749 inferiorem
913 2686 964 2747 si
987 2684 1407 2762 distinguitur,
1428 2682 1766 2761 superioris

193 2793 390 2855 eremi
438 2790 772 2851 Macarium
819 2786 1193 2865 Aegyptium
1240 2784 1435 2846 Scetis
1470 2782 1763 2855 incolam,

192 2893 510 2956 inferioris
540 2888 1023 2952 Alexandrinum
1050 2886 1421 2947 Cellularum
1449 2885 1769 2965 presbyte-

194 3014 334 3059 rum
360 2994 552 3055 fuisse
583 2989 978 3053 crediderim.

278 3099 306 3169 ς
348 3095 444 3153 43.
481 3092 769 3162 Socratis,
792 3086 1143 3158 Sozomeni,
1162 3084 1408 3154 Suidae,
1432 3082 1769 3163 Nicephori

1861 1998 2010 2042 vero
2028 1988 2423 2060 acceptarum
2445 1982 2904 2043 reminiscendo
2934 1999 3062 2043 non
3093 1981 3438 2058 laedamus,

1864 2088 1925 2141 et
1948 2082 2025 2141 de
2046 2082 2436 2153 abstinentia,
2458 2099 2579 2159 qua
2600 2081 2923 2159 Evagrium
2946 2082 3046 2142 siti
3066 2099 3441 2161 oppressum

1863 2182 2081 2243 umbra
2100 2189 2460 2244 contentum
2477 2200 2611 2244 esse
2628 2184 2908 2256 iusserat,
2925 2183 3189 2244 redeunt
3202 2183 3308 2262 (8).
3328 2186 3442 2244 So-

1865 2300 2164 2344 zomenus
2193 2284 2269 2344 de
2298 2284 2575 2349 Macariis
2607 2302 2804 2363 pauca
2831 2284 3042 2345 retulit
3069 2301 3145 2345 ex
3173 2285 3442 2347 Historia

1865 2386 2177 2458 Lausiaca,
2200 2385 2317 2446 hoc
2340 2394 2545 2447 tamen
2570 2385 2914 2465 praemisso
2946 2386 3205 2448 exordio
3232 2404 3245 2445 :
3272 2410 3299 2442 «
3326 2388 3438 2448 Or—

1868 2485 1999 2547 diar
2024 2492 2229 2547 autem
2261 2486 2338 2546 ab
2367 2490 2670 2564 Aegypto,
2700 2491 2760 2546 et
2793 2501 2827 2546 a
2860 2484 3105 2546 duobus
3138 2486 3439 2561 Macariis,

1868 2584 2287 2647 celeberrimis
2301 2585 2665 2656 rectoribus,
2681 2582 2788 2661 qui
2801 2583 2865 2643 in
2878 2584 3056 2644 Scete
3071 2583 3210 2643 etin
3229 2592 3441 2646 monte

1868 2686 2141 2763 regionis
2168 2683 2332 2746 illius
2362 2684 2785 2764 praefuerunt.
2809 2686 3084 2756 Quorum
3113 2682 3269 2745 alter
3298 2685 3441 2763 qui-

1869 2786 2011 2847 dem
2036 2787 2372 2865 Aegyptius
2394 2786 2529 2857 fuit,
2546 2785 2701 2846 alter
2724 2793 2996 2856 πολιτικός
3039 2784 3081 2844 i.
3110 2802 3165 2845 e.
3190 2785 3445 2846 urbicus

1869 2886 2209 2947 dicebatur.
2228 2888 2368 2947 Erat
2389 2886 2552 2947 enim
2578 2885 2882 2946 oriundus
2904 2902 2979 2945 ex
3012 2883 3167 2945 urbe
3187 2881 3449 2945 Alexan-

1871 2984 2024 3044 dria.
2058 2985 2183 3045 Nec
2210 3002 2339 3045 non
2368 2991 2633 3062 uterque
2661 2983 2741 3044 ob
2770 2982 3041 3043 divinam
3081 2983 3443 3060 praescien-

1870 3084 2016 3145 tiam
2058 3102 2129 3145 ac
2168 3083 2633 3164 phi1050phiam
2672 3080 3052 3143 admirabilis
3088 3087 3149 3140 et
3185 3076 3445 3140 daemo-

194 3194 449 3265 Callisti,
499 3190 892 3267 aliorumque
949 3203 1157 3247 rerum
1212 3184 1770 3246 ecclesiasticarum
1798 3183 1839 3239 C
1875 3184 2058 3247 nibus
2114 3182 2525 3245 formidabilis
2586 3181 2777 3243 multa
2823 3179 3122 3242 miracula
3165 3186 3225 3241 et
3262 3198 3445 3242 cura-

196 3294 597 3372 scriptorum,
627 3289 736 3367 qui
780 3305 909 3348 non
938 3293 1063 3347 tam
1108 3302 1222 3346 suo
1274 3287 1485 3354 Marte,
1517 3301 1704 3361 quam
1737 3300 1771 3344 e

197 3393 483 3455 fontibus
516 3389 640 3450 illis
678 3386 1007 3466 primariis,
1046 3402 1207 3463 quos
1250 3383 1577 3461 hucusque
1624 3400 1771 3443 exa-

199 3500 596 3569 minavimus,
620 3495 697 3556 de
726 3491 1003 3554 Macariis
1032 3490 1305 3561 tradunt,
1332 3489 1504 3549 locos
1532 3487 1777 3549 relatio-

202 3617 443 3678 nesque
486 3598 759 3672 integras
804 3594 868 3653 in
916 3591 1192 3652 medium
1239 3588 1517 3668 proferre
1561 3604 1777 3667 super-

201 3708 397 3766 fluum
430 3718 566 3763 esse
596 3706 777 3761 antea
804 3694 1080 3757 arbitrati
1108 3709 1320 3753 sumus
1352 3690 1459 3769 (3).
1493 3693 1776 3749 Attamen

205 3824 316 3866 eos
346 3802 615 3864 breviter
643 3813 971 3858 recensere
1002 3811 1034 3854 a
1065 3810 1131 3852 re
1170 3792 1444 3851 alienum
1474 3806 1603 3849 non
1637 3787 1771 3848 erit.

204 3910 279 3967 Et
325 3903 594 3965 Socratis
643 3899 897 3979 quidem
938 3903 1062 3955 tota
1108 3893 1184 3953 de
1236 3889 1514 3951 Macariis
1560 3888 1775 3949 relatio

208 4008 383 4069 libris
428 4002 669 4079 Evagrii
712 3999 1019 4068 innititur,
1052 3992 1327 4071 exceptis
1371 3989 1587 4070 paucis
1633 3988 1775 4067 qui-

209 4109 474 4169 busdam
520 4099 862 4165 sententiis.
911 4098 956 4157 E
1004 4110 1266 4174 quarum
1320 4106 1586 4151 numero
1637 4093 1781 4149 sunt

208 4210 333 4278 illa,
356 4222 517 4285 quae
542 4219 727 4280 supra
751 4200 826 4261 ad
852 4198 1079 4257 librum
1101 4192 1445 4255 secundum
1467 4190 1779 4268 respicere

208 4308 538 4370 docuimus
563 4302 668 4380 (4);
697 4300 851 4369 177
874 4297 983 4359 sed
1014 4295 1250 4365 ultima,
1275 4309 1435 4370 quae
1466 4307 1501 4351 e
1529 4293 1780 4350 Socrate

208 4408 295 4466 ibi
321 4402 664 4470 attulimus,
692 4397 874 4457 verba
905 4394 1058 4455 haec
1084 4409 1095 4451 :
1124 4415 1153 4447 ι
1185 4388 1525 4467 Aegyptius
1555 4389 1778 4463 (Maca-

1872 3284 2077 3343 tiones
2124 3283 2462 3362 stupendas
2506 3281 2769 3360 perfecit
2817 3280 2924 3361 (9).
2954 3305 2981 3336 »
3027 3281 3183 3341 Illud
3234 3281 3445 3355 etiam,

1875 3383 2045 3462 quod
2077 3401 2266 3462 supra
2304 3382 2688 3453 monuimus,
2718 3383 3104 3442 Sozomenus
3134 3381 3305 3443 solus
3332 3399 3449 3443 nos

1876 3482 2117 3552 edocet,
2143 3482 2474 3543 Macarium
2504 3480 2989 3541 Alexandrinum
3020 3486 3240 3551 serius,
3260 3497 3449 3557 quam

1876 3580 2271 3659 Aegyptium,
2295 3579 2730 3657 presbyterum
2758 3576 2990 3638 factum
3005 3594 3142 3638 esse
3167 3577 3311 3656 (10).
3344 3580 3452 3639 Ce-

1876 3692 2077 3745 terum
2096 3681 2449 3743 exHistoria
2464 3679 2757 3739 Lausiaca
2786 3678 3012 3738 famam
3037 3677 3113 3737 de
3138 3685 3385 3739 mortuo
3414 3694 3451 3740 a

1876 3784 2141 3845 Macario
2180 3780 2483 3857 Aegyptio
2520 3778 2597 3838 ad
2634 3777 3008 3837 Hieracitam
3037 3774 3450 3837 refellendum

1879 3884 2194 3953 suscitato,
2236 3881 2312 3940 de
2355 3885 2555 3939 aetate
2600 3876 2846 3936 Macarii
2894 3875 3205 3954 Aegyptii,
3238 3882 3300 3937 et
3341 3893 3453 3936 cur

1880 4000 2113 4045 nomen
2156 3988 2583 4059 παιδαριογέρων
2825 3976 2882 4035 6i
2924 3976 3192 4036 inditum
3240 3975 3449 4048 fuerit,

1880 4083 2191 4152 historias,
2209 4080 2481 4157 denique
2510 4075 2885 4152 singularem
2918 4073 3165 4135 Macarii
3194 4073 3455 4135 Alexan-

1882 4184 2043 4245 drini
2070 4180 2510 4243 continentiam
2534 4175 2785 4237 tradidit
2807 4173 2951 4251 (11).
2981 4175 3304 4235 Praeterea
3335 4172 3452 4235 So-

1882 4299 2181 4343 zomenus
2227 4278 2557 4339 Macarium
2610 4274 3095 4335 Alexandrinum
3128 4297 3155 4327 «
3188 4274 3453 4335 Cellula-

1883 4402 2020 4445 rum
2080 4381 2514 4461 presbyterum
2556 4400 2582 4429 ι)
2631 4375 2841 4434 denuo
2897 4372 3127 4446 laudat,
3172 4375 3279 4451 qui
3325 4392 3456 4436 non

214 4504 361 4576 rius]
396 4505 489 4560 tot
517 4496 749 4557 sanavit
778 4508 1018 4567 aegros,
1042 4494 1133 4549 tot
1163 4488 1452 4547 obsessos
1474 4502 1507 4545 a
1534 4484 1784 4545 daemo—
1816 4513 1857 4568 ο
1885 4501 1974 4555 se,
2008 4482 2115 4543 sed
2166 4478 2457 4554 angelum
2506 4477 2710 4576 Marco
2758 4490 3009 4576 semper
3038 4490 3133 4545 ea,
3165 4497 3197 4576 ξ(
3231 4490 3391 4576 quae
3420 4492 3456 4535 a

212 4605 397 4663 nibus
426 4596 728 4669 liberavit,
762 4600 850 4665 ut,
883 4608 1042 4670 quae
1070 4606 1185 4667 per
1218 4586 1472 4663 gratiam
1504 4585 1613 4645 Dei
1643 4601 1780 4660 ges-

213 4704 393 4772 serit,
431 4705 784 4777 separatum
816 4709 977 4771 opus
1004 4688 1357 4751 desiderent
1388 4685 1531 4756 (5),»
1585 4684 1661 4745 ad
1695 4683 1777 4743 si-

287 4918 363 4987 (l)
404 4915 479 4968 lo.
525 4906 903 4982 Chrysostomi
950 4902 1089 4973 Opp.
1132 4902 1221 4956 ed.
1260 4898 1611 4953 Montfaucon
1674 4896 1787 4950 Τ.1

214 5029 261 5079 p.
302 5010 371 5062 44
405 5021 527 5075 sqq.

289 5098 364 5163 (2)
410 5094 591 5147 Ruﬁn.
637 5090 779 5143 Hist.
820 5087 969 5141 Eccl.
998 5084 1092 5138 lib.
1128 5082 1170 5136 11
1203 5096 1325 5149 cap.
1357 5081 1388 5133 8
1422 5078 1509 5134 ed.
1542 5078 1710 5134 Basil.
1750 5080 1783 5131 Ι.

218 5206 271 5255 p.
301 5187 441 5247 246;
476 5182 656 5235 Ruﬁni
688 5179 825 5248 Opp.
852 5175 940 5231 ed.
971 5172 1204 5227 Vallarsi
1238 5188 1290 5241 p.
1315 5170 1441 5233 278,
1475 5168 1652 5238 Migne
1681 5166 1787 5222 Pa-

216 5280 347 5333 trol.
382 5278 447 5329 τ.
480 5272 602 5326 XXI
638 5288 690 5341 p.
723 5269 845 5323 5n.

292 5367 370 5435 (5)
416 5362 590 5431 Supra
626 5360 652 5431 §
691 5360 749 5412 11
774 5377 827 5429 p.
864 5358 954 5412 37.

292 5458 369 5527 (4)
415 5456 591 5523 Supra
625 5452 653 5523 §
684 5452 753 5505 21
790 5468 840 5521 ρ.
877 5450 974 5504 111
1011 5464 1095 5517 sq.

292 5548 371 5615 (5)
416 5545 476 5598 L.
513 5544 552 5597 ι.

294 5638 371 5703 (6)
409 5634 495 5688 Cf.
528 5630 744 5701 supra§
780 5629 851 5683 97
883 5645 934 5699 p.
971 5627 1091 5681 114.

293 5730 370 5799 (7)
415 5726 570 5780 Socr.
598 5713 738 5776 Hist.
772 5720 921 5775 Eccl.
950 5721 1044 5773 lib.
1081 5716 1143 5771 Iv
1169 5731 1289 5791 cap.
1317 5713 1385 5768 es
1410 5714 1494 5767 ed.
1524 5712 1558 5765 ι.
1588 5725 1639 5781 p.
1664 5711 1786 5767 254.

221 5821 312 5880 Cf.
342 5818 577 5892 supra§.
610 5816 679 5869 25
710 5830 763 5883 p.
797 5814 885 5866 97.

1889 4578 2209 4642 sacerdote
2270 4574 2555 4636 ﬁdelibus
2612 4570 2689 4631 ad
2752 4570 2941 4630 altare
3010 4569 3295 4646 praeberi
3360 4570 3457 4629 ius

1888 4682 2104 4759 fasque
2140 4682 2233 4738 est
2264 4674 2409 4755 (l2),
2437 4697 2463 4726 »
2492 4669 2842 4750 porrexisse
2863 4667 3167 4740 docuerit,
3195 4667 3254 4727 id
3285 4667 3458 4745 quod

1962 4896 2039 4965 (8)
2078 4896 2237 4950 Socr.
2270 4895 2307 4946 l.
2342 4894 2438 4961 l.p.
2468 4890 2574 4945 235
2603 4906 2664 4957 sq
2695 4888 2951 4957 Cf.supra
2992 4886 3019 4955 §
3056 4886 3127 4939 29
3156 4900 3210 4954 p.
3245 4885 3345 4939 119
3372 4902 3455 4952 sq.

1960 4990 2035 5057 (9)
2078 4988 2293 5041 Sozom.
2341 4983 2481 5037 Hist.
2527 4980 2673 5035 Eccl.
2717 4981 2811 5035 lib.
2845 4979 2913 5033 Ill
2942 4994 3067 5048 cap.
3101 4979 3169 5032 ﬂ
3202 4977 3291 5032 ed.
3323 4978 3357 5030 l.
3402 4993 3437 5047 p

1890 5079 1994 5133 515
2027 5094 2109 5146 sq.

1962 5170 2071 5237 (10)
2112 5166 2193 5221 Cf.
2234 5180 2397 5235 supra
2421 5163 2447 5234 ᾗ
2468 5162 2530 5217 21
2568 5178 2624 5233 p.
2656 5161 2726 5217 87
2753 5177 2835 5232 sq.

1963 5261 2075 5327 (11)
2116 5257 2333 5311 Sozom.
2370 5257 2405 5308 1,
2443 5257 2477 5306 l.

1964 5351 2074 5421 (1‘2)
2118 5349 2333 5402 Sozom.
2358 5346 2495 5399 Hist.
2528 5345 2673 5399 Eccl.
2708 5345 2803 5398 lib.
2840 5340 2908 5397 Vl
2942 5357 3063 5411 cap.
3094 5342 3163 5397 29
3202 5342 3291 5397 ed.
3334 5341 3371 5395 1.
3403 5358 3456 5412 p.

1892 5442 2014 5496 681.
2057 5440 2231 5493 Probe
2267 5438 2695 5499 animadvertas,
2732 5436 3092 5489 Sozomenum
3131 5434 3185 5487 h.
3225 5434 3261 5487 l.
3294 5435 3437 5487 inter

1900 5550 1917 5580 ι
1957 5529 2251 5583 Macarium
2284 5527 2616 5581 Cellularum
2649 5526 3049 5594 presbyterum,
3084 5541 3100 5573 ι
3138 5530 3193 5577 et
3230 5542 3247 5573 ι
3283 5522 3452 5575 Maca-

1896 5623 2039 5675 rium
2075 5641 2091 5665 ι
2125 5620 2209 5673 vel
2242 5639 2259 5670 ι
2298 5618 2591 5671 Macarium
2636 5616 2906 5669 iuniorem
2942 5632 2962 5665 ι
2994 5614 3349 5684 distinguere,
3386 5614 3459 5666 ita

1899 5723 1957 5766 ut
1986 5714 2147 5766 verba
2175 5726 2189 5763 :
2224 5731 2240 5761 ι
2274 5707 2512 5763 Macario
2536 5722 2724 5761 verum
2750 5706 3005 5759 donatum
3039 5705 3140 5757 fuit
3170 5719 3197 5757 a
3226 5702 3401 5757 Deo...
3438 5721 3457 5755 ι

1904 5822 2009 5857 mm
2037 5805 2099 5857 de
2133 5801 2368 5855 Macario
2398 5800 2726 5855 Ccllularum
2760 5796 3099 5865 presbytero,
3125 5794 3217 5849 sed
3246 5794 3311 5847 de
3348 5792 3457 5845 Ma-
