4266 6360
838 382 943 440 167

1622 378 1722 431 SS.
1768 374 2228 431 MACARIORl‘M
2272 371 2588 427 AECYPTII
2624 373 2709 427 ΕΤ
2750 374 3212 429 ALEXANDRINI

3983 375 4088 431 188

835 521 1019 584 supra
1052 520 1085 563 e
1116 500 1387 563 Palladio
1419 497 1942 578 percepimus(l).
1976 496 2153 574 Apud
2197 492 2401 555 Theo-
2436 500 2478 554 A
2508 495 2715 557 biliter
2769 497 3146 576 praedicavit
3198 498 3421 575 iisque,
3475 497 3583 575 qui
3639 496 3705 557 in
3758 500 4087 559 tormentis

834 607 1123 667 doretum
1168 608 1415 681 praeter
1464 617 1560 674 ea,
1601 615 1764 678 quae
1811 597 2159 658 audivimus
2190 594 2295 672 (9.),
2328 593 2406 655 de

831 704 1111 767 Macariis
1132 702 1359 763 nostris
1377 699 1533 760 nihil
1554 699 1785 779 reperi.
1814 700 2031 777 Neque
2065 697 2405 776 quidquam

828 805 995 887 apud
1022 803 1308 865 Orosium
1331 802 1407 863 de
1429 800 1647 862 iisdem
1670 799 1913 878 uspiam
1941 798 2197 875 legitur;
2219 804 2404 875 atque

831 924 926 979 ea,
968 922 1131 984 quae
1171 905 1237 964 in
1285 900 1633 963 Cassiodori
1680 899 1933 960 historia
1981 898 2286 977 tripartita
2326 896 2402 957 de

830 1006 1111 1068 Macariis
1164 1003 1472 1081 Aegyptio
1516 1008 1576 1062 et
1622 999 2034 1060 Alexandrino
2072 1004 2335 1069 exstant,
2369 1014 2402 1056 e

830 1110 1082 1168 Socrate
1116 1112 1176 1166 et
1221 1102 1616 1163 Theodoreto
1649 1101 1971 1179 desumpta
2003 1106 2140 1159 sunt
2173 1097 2277 1177 (3).
2316 1098 2404 1157 Si—

830 1208 1059 1268 militer
1081 1203 1572 1281 Suidasid,quod
1590 1220 1685 1263 s.v
1723 1202 2043 1262 Macarius
2067 1199 2279 1260 scribit
2296 1197 2399 1277 (4),

831 1328 864 1370 e
898 1312 1172 1379 Socrate,
1201 1324 1271 1367 ac
1301 1303 1693 1382 Nicephorus
1723 1302 2001 1361 Callistus
2030 1316 2188 1378 quae
2217 1297 2403 1359 habet

832 1413 937 1490 (5),
962 1428 995 1472 e
1023 1411 1372 1470 Sozomeno
1404 1414 1464 1466 et
1492 1424 1525 1466 e
1556 1407 1804 1465 Socrate
1834 1400 2268 1479 cumpilarunt.

904 1592 1221 1654 Fabricius
1284 1590 1349 1648 in
1422 1583 1802 1646 Bibliotheca
1870 1583 2101 1641 Graeca
2169 1577 2398 1657 passim

826 1697 1123 1755 Ioannem
1154 1688 1465 1769 quendam
1511 1682 1920 1761 Hagioelitam
1947 1679 2043 1739 vel
2077 1678 2397 1757 HagiOpo-

826 1798 997 1856 litam
1026 1795 1069 1854 i.
1105 1810 1161 1853 e.
1204 1787 1837 1865 Hierosolymitanum
1872 1781 2173 1854 nominat,
2210 1796 2399 1857 quem

825 1895 910 1954 ait
962 1894 1171 1951 Leone
1227 1886 1446 1947 Allatio
1492 1892 1649 1944 teste
1704 1882 2071 1941 Encomium
2126 1879 2399 1938 Macarii

827 1991 1117 2070 Aegyptii
1136 1990 1201 2049 in
1230 1985 1623 2049 bibliothecis
1644 1981 1827 2043 codd.
1854 1998 2001 2039 mss.
2029 1976 2399 2037 delitescens

827 2096 1181 2157 elaborasse
1223 2089 1329 2169 (6).
1385 2088 1569 2147 Cuius
1626 2082 1912 2163 opusculi
1964 2077 2089 2141 Leo
2146 2078 2399 2139 Allatius

827 2197 968 2257 data
1009 2191 1340 2254 occasione
1376 2188 1501 2249 duo
1533 2202 1717 2265 parva
1747 2181 2004 2262 protulit
2032 2180 2397 2257 fragmenta,

826 2314 1022 2359 unum
1058 2295 1124 2355 in
1163 2293 1323 2353 libro
1362 2306 1476 2351 suo
1506 2289 1584 2349 de
1624 2284 2011 2365 purgatorio,
2038 2281 2300 2343 alterum
2334 2280 2399 2339 in

826 2395 1260 2458 dissertatione
1293 2393 1369 2463 ΙΙ,
1395 2406 1583 2468 quam
1627 2387 1705 2447 de
1748 2385 1922 2445 libris
1967 2378 2400 2442 ecclesiasticis

825 2497 1201 2555 Graecorum
1228 2488 1385 2558 179
1399 2486 1663 2565 scripsit.
1687 2484 1864 2543 Prius
1885 2482 2073 2559 igitur
2092 2478 2401 2556 fragmen-

824 2604 955 2657 tum
998 2594 1185 2654 latine
1229 2590 1538 2651 redditum
1582 2586 1703 2647 hoc
1745 2590 1877 2645 est:
1912 2607 1939 2638 α
1971 2580 2256 2661 Oportuit
2284 2595 2395 2638 au-

826 2706 953 2757 tem
980 2702 1041 2757 et
1072 2710 1215 2755 eum
1250 2696 1467 2769 utpete
1500 2685 1816 2748 hominem
1848 2697 2185 2744 commune
2216 2678 2397 2739 debi-

824 2806 957 2859 tum
998 2794 1319 2857 exsolvere
1361 2797 1421 2852 et
1457 2791 1523 2851 in
1565 2787 1848 2867 requiem
1894 2784 2063 2845 illam
2109 2782 2395 2843 transire.

826 2895 1169 2956 Arcessitur
1219 2892 1383 2953 enim
1432 2908 1466 2951 a
1513 2896 1752 2950 rectore
1805 2886 2087 2948 omnium
2144 2883 2272 2943 Deo
2321 2884 2399 2944 ad

828 3000 1069 3059 beatam
1092 2994 1389 3074 quietem,
1410 2992 1545 3070 ipse
1566 3006 1707 3049 vere
1730 2988 1969 3059 beatus,
1990 2992 2050 3046 et
2071 2983 2398 3045 Deminico

826 3099 1054 3159 throno
1091 3094 1339 3167 assistit,
1381 3092 1458 3153 ad
1511 3089 1873 3167 angelorum
1917 3092 2133 3147 coetus
2173 3100 2396 3162 prove-

2511 603 2705 667 erant,
2726 598 3159 670 cessationem,
3181 616 3322 658 cuni
3354 614 3468 676 pro
3498 597 3619 657 illis
3644 597 4083 671 funderentur,

2509 698 2981 777 suppeditantes
3008 698 3371 758 monstravit
3398 697 3639 775 (9).»Ex
3664 698 3893 775 quibus
3923 715 4082 759 con-

2506 799 2749 871 ieceris,
2808 798 3165 860 encomium
3191 797 3343 857 illud
3383 797 3734 876 hucusque,
3777 807 4083 877 quantum

2507 901 2719 972 sciam,
2756 900 3058 961 ineditum
3086 898 3203 978 (10)
3246 916 3597 960 sermonem
3635 900 4081 978 panegyricum

2506 1016 2666 1067 esse,
2691 1015 2816 1078 quo
2842 1000 3143 1060 Macarius
3173 1000 3510 1078 Aegyptius
3539 998 3829 1060 laudibus
3854 1000 4080 1060 effera-

2505 1106 2623 1159 tur.
2650 1102 2775 1161 Nec
2803 1117 2932 1161 non
2960 1100 3127 1161 idem
3158 1101 3513 1161 encomium
3546 1102 3915 1161 Assemanni
3946 1100 4080 1161 lau-

2504 1200 2607 1261 dat
2636 1200 2701 1260 in
2740 1201 3137 1273 Calendariis,
3162 1202 3476 1280 vitamque
3509 1202 3755 1262 Macarii
3796 1202 4083 1281 Aegyptii

2503 1316 2533 1360 θ
2593 1301 2824 1361 Ioanne
2892 1300 3286 1379 Hagiopolita
3348 1318 3458 1360 seu
3510 1300 4083 1380 llierosolymitano

2503 1404 2794 1479 scriptam
2810 1400 3083 1481 appellat
3105 1400 3245 1480 (11).
3272 1402 3553 1462 Eundem
3581 1419 3770 1481 porro
3784 1404 4083 1463 Ioannem

2501 1504 2911 1580 Hagioelitam
2964 1522 3077 1564 seu
3132 1503 3592 1582 HagiOpolitam
3646 1506 3771 1563 Leo
3826 1502 4085 1563 Allatius

2501 1603 2647 1663 alibi
2678 1610 2821 1683 post
2860 1606 3158 1665 Ioannem
3202 1604 3651 1665 Damascenum
3686 1604 3767 1663 ita
3797 1620 4082 1664 comme-

2501 1710 2722 1774 morat,
2756 1708 2825 1762 ut
2864 1719 2991 1762 non
3037 1701 3233 1762 multo
3279 1702 3398 1762 hoc
3439 1702 3637 1761 serius
3675 1701 3899 1761 vixisse
3934 1718 4083 1761 eum

2503 1804 2831 1865 verisimile
2846 1804 3124 1864 videatur
3148 1801 3545 1880 (12).Rursus
3577 1804 3735 1873 180
3762 1803 3826 1862 in
3857 1804 4085 1863 Leonis

2500 1902 2702 1963 Allatii
2735 1902 2897 1962 libro
2932 1912 3222 1981 Συμμικτά
3255 1902 3558 1979 inscripto
3589 1900 3923 1979 Epiphanii
3952 1903 4084 1961 Ha-

2501 2002 2839 2082 giOpolitae
2915 2004 3260 2063 Enarratio
3313 2002 3558 2078 Syriae,
3613 2000 3787 2060 urbis
3830 2011 4085 2061 sanctae

2500 2116 2558 2164 et
2603 2122 2923 2164 sacrorum
2958 2103 3048 2164 ibi
3089 2104 3363 2163 locorum
3422 2103 3707 2174 habetur,
3750 2103 3855 2163 ubi
3896 2112 4081 2183 post-

2500 2222 2688 2285 quam
2721 2207 2781 2265 S.
2810 2207 3027 2266 Ilienae
3058 2211 3119 2265 et
3148 2206 3207 2264 S.
3242 2204 3633 2277 Theodorae,
3667 2229 3693 2258 «
3732 2221 3891 2282 quae
3937 2222 4083 2265 mu-

2499 2312 2627 2366 tato
2658 2306 2914 2366 nomine
2937 2304 3098 2366 dicta
3122 2310 3214 2365 est
3238 2303 3605 2365 Theodorus
3629 2312 3688 2364 et
3709 2313 4019 2377 accusata,
4053 2329 4082 2359 s

2503 2406 2829 2486 sepulchra
2881 2414 3220 2467 memorata
3268 2412 3433 2479 sunt,
3476 2406 3554 2467 de
3606 2406 3871 2467 Macario
3925 2406 4083 2468 haec

2502 2508 2793 2585 leguntur
2834 2526 2842 2563 :
2892 2530 2920 2560 «
2964 2508 3123 2567 Hinc
3174 2505 3252 2567 ad
3300 2506 3624 2568 meridiem
3672 2506 4084 2568 Alexandriae

2501 2628 2609 2671 sex
2656 2608 2898 2669 dierum
2950 2608 3151 2687 spatio
3199 2615 3475 2668 remotus
3522 2613 3615 2667 est
3665 2608 3723 2667 S.
3778 2608 4086 2669 Macarius

2501 2725 2785 2784 magnus,
2820 2724 2929 2786 qui
2975 2706 3263 2785 paradiso
3312 2705 3856 2785 adpropinquavit.
3893 2708 4085 2769 Cuius

2503 2808 2949 2867 monasterium
2986 2806 3240 2867 abbates
3278 2805 3447 2867 mille
3487 2806 3763 2867 continet
3806 2814 3866 2867 et
3911 2808 4083 2869 mille

2501 2908 2786 2974 cellulas;
2832 2914 2924 2967 est
2973 2914 3180 2968 autem
3226 2908 3534 2967 munitum
3580 2908 3773 2969 instar
3816 2911 4081 2973 castelli.

2499 3011 2697 3085 Atque
2741 3024 2776 3067 a
2820 3010 2858 3065 S
2923 3004 3190 3065 Macario
3244 3004 3474 3065 distant
3520 3004 3763 3066 dierum
3810 3014 4082 3084 quatuor

2503 3106 2723 3165 itinere
2767 3103 3137 3183 repositoria
3178 3104 3421 3163 XXXVI
3464 3105 3736 3184 Iosephi,
3771 3122 3847 3165 ex
3874 3106 4080 3187 iisque

826 3207 961 3260 ctus
993 3197 1097 3277 (7).
1134 3219 1163 3251 ιι
1200 3194 1473 3254 Alterum
1501 3207 1646 3251 vero
1672 3189 1749 3249 ad
1778 3187 2051 3248 tabulam
2079 3186 2155 3284 de
2180 3186 2394 3284 capite
2424 3180 2464 3235 C
2503 3207 2511 3266 1

2391 3180 2464 3239 lc
2503 3206 2658 3266 locis
2700 3180 3175 3284 praetervehere
3219 3212 3399 3282 potes
3437 3180 3667 3265 Phison
3700 3205 3960 3266 ﬂuvium
3977 3180 4076 3269 -ad

826 3293 1166 3357 sacerdotis
1188 3289 1436 3368 gentilis
1464 3287 1729 3348 Macario
1753 3284 2056 3362 Aegyptio
2078 3282 2154 3341 de
2178 3282 2399 3358 'poenis

823 3393 1053 3457 inferni
1085 3392 1429 3451 disserente
1455 3386 1535 3465 (8)
1565 3384 1819 3463 respicit
1856 3384 2077 3459 hisque
2114 3380 2397 3458 concipi-

826 3505 925 3555 tur
948 3492 1149 3553 verbis
1173 3508 1185 3549 :
1214 3513 1241 3545 α
1267 3490 1450 3549 Cuius
1477 3502 1693 3565 preces
1716 3491 1775 3544 et
1796 3482 2054 3544 calvaria
2076 3480 2396 3541 cuiusdam

826 3592 1073 3671 gentilis
1102 3588 1439 3650 sacerdotis
1466 3587 1531 3645 in
1562 3600 1773 3645 eremo
1812 3584 2089 3661 proiecta
2127 3579 2394 3640 admira-

825 3736 1224 3797 carioiuniore,
1253 3733 1345 3803 qui
1378 3730 1695 3787 adolescens
1734 3728 1951 3781 caedem
1972 3726 2390 3781 involuntariain

833 3823 1062 3883 fecerat.
1092 3822 1329 3874 valeant.

895 3915 971 3985 (ι)
1015 3912 1044 3982 §
1085 3912 1151 3965 is
1191 3927 1245 3980 p.
1288 3910 1377 3963 74.
1424 3907 1473 3978 §.
1514 3908 1584 3961 εδ
1622 3923 1674 3977 ρ.
1719 3906 1840 3960 im.

894 4006 970 4071 (2)
1016 4005 1041 4073 §
1082 4004 1151 4056 42
1186 4019 1238 4072 p.
1282 4002 1404 4053 m.

892 4100 966 4167 (5)
994 4097 1363 4164 Hist.tripart.
1400 4094 1492 4145 lib.
1519 4092 1605 4143 ΠΙ
1632 4107 1749 4160 cap.
1788 4092 1837 4143 1.
1874 4090 1904 4142 7
1933 4090 2018 4143 ed.
2051 4088 2219 4142 Basil.
2252 4088 2388 4139 1544

824 4207 877 4259 p.
911 4190 1033 4243 482.
1068 4188 1171 4240 192
1207 4192 1258 4253 (e
1299 4186 1563 4249 Socrate),
1592 4184 1685 4237 lib.
1730 4182 1819 4233 VII
1854 4197 1972 4247 cap.
2006 4180 2074 4234 '59
2109 4196 2161 4248 p.
2197 4180 2301 4232 475
2340 4181 2388 4247 (e

820 4282 1190 4339 Theodoreto.
1212 4279 1294 4331 vel
1319 4278 1499 4346 potius
1518 4292 1548 4329 e
1568 4274 1787 4337 Ruﬁno,
1806 4275 2005 4344 quippe
2025 4286 2187 4341 quem
2211 4270 2387 4324 Theo-

822 4374 1042 4427 doretus
1070 4369 1370 4438 sequatur).

892 4465 969 4533 (4)
1011 4461 1211 4515 Suidae
1244 4461 1428 4517 Lexic.
1463 4460 1514 4513 h.
1545 4476 1595 4511 ν.

890 4556 971 4626 (5)
1011 4556 1238 4625 Niceph.
1286 4554 1495 4608 Callisti
1545 4550 1688 4606 Eccl.
1732 4548 1872 4604 Hist.
1915 4549 2010 4604 lib.
2046 4549 2115 4602 IX
2157 4563 2277 4616 cap.
2322 4548 2388 4601 14

821 4651 908 4705 ed.
957 4649 1123 4703 Basil.
1174 4646 1312 4701 l555
1359 4662 1411 4713 p.
1452 4645 1576 4709 406,
1622 4643 1719 4697 lib.
1752 4640 1822 4695 XI
1856 4656 1977 4711 cap.
2018 4642 2084 4695 55
2120 4641 2300 4711 p.572
2337 4642 2387 4709 (e

824 4740 1169 4806 Sozomcno);
1200 4739 1294 4791 lib.
1327 4736 1395 4790 XI
1428 4752 1546 4805 cap.
1580 4736 1649 4789 ιε
1681 4752 1729 4805 p.
1760 4735 1863 4790 579
1891 4737 1940 4801 (e
1974 4732 2242 4799 Socrate).

892 4834 968 4901 (6)
1010 4830 1243 4884 Fabricii
1288 4829 1421 4883 Bibl.
1452 4828 1653 4881 Graec.
1685 4828 1771 4882 ed.
1816 4826 2055 4881 Harless.
2087 4825 2384 4895 Haniburg.

822 4924 977 4979 1801.
1012 4922 1073 4977 Τ.
1104 4922 1152 4974 X
1181 4937 1234 4989 p.
1266 4920 1379 4975 106.
1416 4919 1540 4973 271.
1579 4917 1641 4971 Τ.
1675 4918 1744 4970 XI
1780 4918 1981 4987 p.657.

890 5015 966 5082 (7)
1000 5012 1142 5064 Ἔδει
1188 5010 1245 5062 δὲ
1297 5010 1387 5062 καὶ
1432 5010 1617 5062 τοῦτον
1672 5010 1746 5073 ὡς
1789 5010 2070 5077 ἄνθρωπον
2115 5008 2176 5062 τὸ
2210 5009 2385 5061 κοινὸν

818 5108 1072 5159 ἀποτίσαι
1127 5106 1303 5174 χρέος,
1355 5107 1447 5157 καὶ
1492 5106 1625 5173 πρὸς
1676 5104 1773 5173 τὴν
1829 5103 2034 5155 ἐκεῖθεν
2086 5103 2382 5173 μεταϐῆναι

820 5198 1143 5250 ἀνάπαυσιν.
1201 5195 1578 5265 μετακαλεῖται
1628 5194 1775 5263 παρὰ
1812 5193 1904 5245 τοῦ
1951 5194 2058 5247 τῶν
2088 5194 2225 5246 ὅλων
2247 5194 2379 5246 Θεοῦ

819 5290 952 5358 πρὸς
980 5290 1076 5355 τὴν
1110 5288 1381 5356 μακαρίαν
1415 5285 1584 5355 λῆξιν,
1616 5288 1643 5336 ὁ
1674 5287 1838 5347 ὅντως
1871 5287 2132 5356 μακάριος
2174 5286 2265 5337 καὶ
2306 5285 2383 5353 τῷ

816 5379 1114 5447 δεσποτικῷ
1158 5378 1331 5447 θρόνῳ
1386 5375 1800 5445 μετακομίζεται
1852 5377 2089 5445 χορείαις
2139 5376 2382 5443 ἀγγέλων

820 5471 1363 5539 προπομπευὸμενος.
1419 5468 1615 5523 Leonis
1655 5470 1837 5521 Allatii
1875 5471 1941 5524 de
1976 5470 2262 5538 utriusque
2283 5467 2379 5523 Ec-

818 5566 1017 5619 clesiae
1070 5563 1423 5615 occidentalis
1468 5574 1628 5630 atque
1675 5563 1957 5617 orientalis
2014 5571 2271 5631 perpetua
2326 5565 2375 5615 in

819 5655 1069 5722 dogmate
1113 5652 1179 5705 de
1214 5656 1530 5722 purgatorio
1557 5655 1934 5715 consensione,
1978 5655 2179 5709 Romae
2236 5656 2368 5709 1655

820 5762 871 5814 ρ.
909 5746 1006 5798 755.
1039 5762 1119 5813 sq.

888 5839 964 5909 (8)
1008 5841 1178 5911 Supra
1216 5845 1242 5909 §
1276 5840 1340 5891 5‘2
1371 5856 1419 5906 p,
1458 5839 1569 5890 Nl.

2498 3312 2779 3382 pontem,
2831 3302 2939 3380 qui
3006 3302 3347 3362 sustinetur
3407 3303 3723 3379 octoginta
3788 3307 4075 3382 navigiis,

2496 3408 2681 3477 atque
2728 3398 2875 3458 inde
2944 3397 3326 3474 Babylonem
3383 3416 3669 3475 magnam
3734 3401 4077 3464 Pharaonis

2498 3516 2728 3575 regiam
2762 3498 3109 3575 ingrederis
3140 3498 3325 3579 (13).»
3356 3500 3469 3559 Vix
3494 3500 3751 3561 dubium
3779 3509 3892 3573 est,
3918 3504 4074 3581 quin

2498 3600 2575 3660 de
2639 3600 3016 3660 monasterio
3086 3598 3334 3660 Macarii
3397 3600 3684 3679 Aegyptii
3752 3599 4069 3680 loquatur.

2568 3747 2643 3809 (9)
2679 3732 2754 3795 Οἵ)
2800 3744 2898 3803 τὰς
2926 3745 3230 3813 προσευχὰς
3254 3744 3346 3797 καὶ
3385 3745 3602 3812 κρανίον
3630 3745 3889 3816 Ἐλληνός
3927 3764 4071 3809 τινος

2498 3833 2687 3901 ἱερέως
2732 3834 2789 3883 ὲν
2816 3834 3005 3902 ἐρήμῳ
3048 3835 3295 3902 κείμενον
3344 3832 3656 3903 παραδόξως
3706 3834 4067 3904 ἁνεκήρυξεν,

2494 3924 2589 3975 καὶ
2621 3926 2732 3986 τοῖς
2770 3925 2825 3975 ὲν
2846 3926 2957 3986 τοῖς
2984 3921 3235 3993 βασάνοις
3265 3924 3445 3976 ἄνεσιν
3477 3922 3839 3994 χαριζομένας
3870 3926 4070 3977 ἐνέδει-

2496 4015 2615 4078 ξεν,
2674 4017 2799 4067 ὅταν
2836 4014 2978 4083 ὑπὲρ
3020 4014 3199 4067 αὐτῶν
3230 4015 3489 4082 γένοιντο.
3539 4015 3735 4070 Leonis
3767 4018 3948 4070 Allatii
4000 4019 4069 4071 de

2494 4106 2647 4158 libris
2680 4106 2985 4160 ecclesiast.
3007 4104 3335 4160 Graecorum
3367 4106 3585 4160 dissert.
3615 4104 3677 4161 ll.
3708 4106 3890 4162 Paris.
3931 4107 4068 4161 1645

2489 4214 2543 4265 p.
2585 4197 2705 4250 125.

2562 4289 2673 4357 (16)
2704 4287 2989 4342 Fabricius
3023 4304 3191 4342 unum
3224 4296 3434 4342 tantum
3465 4289 3707 4343 codicem
3738 4290 3923 4342 laudat
3943 4289 4066 4342 Na-

2492 4383 2708 4435 nianum
2743 4379 3006 4433 CXXXVI
3043 4378 3141 4433 Nr.
3174 4381 3267 4445 (14,
3294 4397 3403 4450 quo
3441 4382 3749 4435 encomium
3794 4381 3939 4435 istud
3986 4382 4063 4433 le-

2491 4473 2656 4537 gitur,
2720 4470 3016 4541 loanniqne
3094 4471 3424 4541 Hagioelitae
3496 4471 3846 4528 adscribitur.
3916 4470 4061 4526 Bibl.

2496 4561 2698 4616 Graeca
2738 4564 2828 4617 ed.
2869 4562 3111 4618 Harless.
3154 4562 3218 4616 T.
3264 4561 3302 4615 X
3349 4580 3404 4633 p.
3436 4562 3562 4617 271.

2563 4656 2673 4725 (11)
2713 4656 3036 4710 Assemanni
3080 4656 3404 4710 Calendaria
3444 4653 3714 4711 Ecclesiae
3769 4657 4060 4713 universae

2491 4745 2553 4800 Τ.
2588 4744 2651 4797 Vl
2695 4744 2901 4800 Romae
2942 4745 3078 4799 1755
3106 4761 3158 4814 p.
3189 4745 3278 4799 98.

2560 4840 2672 4908 (12)
2714 4838 2893 4902 Libri,
2950 4839 3040 4905 qui
3104 4839 3467 4893 inscribitur:
3500 4838 3728 4893 Ioannes
3783 4840 4057 4895 Henricus

2488 4929 2838 5000 llottingerus
2869 4930 3078 4983 fraudis
3110 4940 3162 4983 et
3197 4931 3535 4999 imposturae
3572 4929 3893 4984 manifestae
3920 4945 4055 4985 con-

2487 5025 2661 5076 victus
2692 5037 2721 5073 a
2754 5020 2931 5074 Leone
2964 5021 3184 5083 Allatio,
3224 5020 3425 5074 Romae
3456 5020 3588 5073 1661
3626 5036 3676 5089 ρ.
3714 5020 3835 5074 156.

2555 5113 2665 5183 (15)
2700 5113 2806 5164 Καὶ
2841 5113 2973 5183 πρὸς
3007 5112 3151 5163 νότον
3180 5112 3277 5180 τῆς
3308 5110 3711 5181 Ἀλεξανδρείας
3736 5111 3961 5183 ἡμερῶν
3993 5112 4054 5177 ἐξ

2485 5204 2709 5257 κεῖταιὸ
2754 5202 2904 5270 ἅγιος
2934 5202 3214 5271 Μακάριος
3244 5204 3271 5254 ὀ
3314 5202 3509 5271 μέγας,
3551 5204 3579 5255 ὁ
3626 5201 3935 5271 πλησιάσας
3960 5204 4052 5256 τὸν

2484 5296 2823 5367 παράδεισον.
2885 5294 3037 5363 Ἔχει
3064 5293 3179 5360 δὲή
3214 5292 3375 5345 αὑτοῦ
3418 5293 3553 5365 μονὴ
3606 5293 3807 5357 ἀσάδας
3845 5294 4051 5363 χιλίους

2484 5390 2575 5440 καὶ
2596 5387 2738 5457 χίλια
2779 5386 2982 5438 κελλία.
3032 5384 3177 5435 Ἐστ).
3208 5384 3264 5435 δὲ
3298 5384 3651 5455 ίδιόκαστρον,
3694 5386 3786 5437 καὶ
3815 5386 3924 5438 ἀπὸ
3954 5386 4049 5439 τοῦ

2482 5478 2636 5545 ἁγίου
2668 5476 2975 5545 Μακαρίου,
3006 5476 3080 5536 ὡς
3111 5476 3218 5527 ἀπὸ
3240 5476 3459 5545 ἡμερῶν
3490 5477 3790 5546 τεσσάρων,
3824 5477 3965 5530 εἰσὶν
3992 5479 4047 5533 al

2481 5570 2749 5640 ἁποΘῆκαι
2796 5568 2887 5621 τοῦ
2934 5570 3125 5637 Ἰωσὴφ
3160 5570 3215 5620 αἱ
3263 5570 3551 5638 τριάκοντα
3591 5568 3668 5631 ἓξ.
3718 5568 3810 5621 καὶ
3842 5570 3905 5620 ὲκ
3939 5568 4047 5619 τῶν

2479 5664 2655 5715 ἐκεῖσε
2701 5662 2903 5730 περνᾷς
2948 5661 3037 5712 τὸν
3080 5662 3325 5729 ποταμὸν
3369 5661 3459 5712 τὸν
3491 5659 3664 5711 Φισὼν
3694 5662 3772 5721 είς
3800 5658 4047 5727 γέφυραν

2481 5752 2883 5822 βασταςομένην
2914 5753 3015 5803 ὑπὸ
3044 5753 3369 5822 ὀγδοήκοντα
3396 5751 3671 5821 καράϐων.
3708 5750 3799 5801 καὶ
3836 5749 4043 5799 ὲκείΘεν

2478 5846 2777 5915 εἰσέρχεται
2809 5843 2906 5913 τὴν
2957 5843 3198 5913 μεγάλην
3228 5842 3543 5905 Βαϐυλῶνα,
3576 5844 3653 5902 εἰς
3685 5839 3744 5892 τὸ
3775 5836 4043 5908 βασίλειον
