4266 6360
191 376 291 434 169

1672 383 1901 438 νιτΑΕ.

3337 393 3442 455 170

183 492 518 554 Theodora
569 511 716 554 vero
772 512 885 555 seu
956 494 1609 558 Pseudo-Theodorus
1664 498 1769 559 ille
1800 506 1841 560 A
1873 502 2235 564 monasterii
2276 502 2787 582 frequentantur;
2823 506 3035 583 ibique
3074 508 3258 568 etiam
3311 514 3441 589 epis

186 587 354 650 haud
409 592 598 654 dubie
658 600 752 655 est
813 593 1163 655 Dorotheus
1219 595 1316 655 vel
1386 597 1761 676 Apollinaris

184 691 540 767 Syncletica
568 694 763 771 virgo,
787 696 966 757 cuius
990 714 1134 757 cum
1162 698 1426 762 Macario
1455 701 1762 780 Aegyptio

185 807 597 868 congressum
634 796 1039 875 exposuimus
1063 796 1169 875 (1).

268 971 358 1033 Ad
407 973 759 1036 Macrizium
801 976 1106 1052 venimus,
1139 979 1275 1041 Sec.
1320 981 1425 1041 XV
1468 980 1763 1045 historiae

184 1074 527 1152 Coptorum
577 1075 967 1156 scriptorem,
1010 1097 1045 1140 e
1091 1088 1275 1157 gente
1325 1084 1595 1145 Arabum
1655 1084 1759 1165 (2).

188 1171 305 1243 Qui
335 1174 450 1233 etsi
482 1174 795 1252 praeclare
825 1178 1094 1257 scripsit,
1128 1180 1205 1241 de
1247 1183 1526 1245 Macariis
1555 1190 1762 1247 tamen

188 1278 449 1349 pr0pter
473 1273 779 1336 inscitiam
812 1276 1003 1339 multa
1031 1277 1183 1340 falsa
1203 1282 1614 1344 commiscuit.
1642 1284 1763 1344 Sed

189 1389 384 1448 quum
418 1372 576 1434 liber
605 1374 738 1436 eius
765 1377 963 1437 rarius
992 1378 1365 1453 inveniatur,
1402 1381 1579 1444 locus
1609 1385 1767 1446 inte—

188 1487 301 1546 ger
335 1473 518 1533 nobis
556 1474 1024 1553 depromendus
1062 1495 1199 1539 esse
1232 1480 1494 1554 videtur,
1526 1484 1635 1561 qui
1673 1484 1762 1547 la-

186 1571 322 1632 tino
367 1592 658 1636 sermone
704 1575 806 1637 hic
853 1584 991 1638 est:
1038 1602 1065 1633 α
1114 1581 1205 1641 Ad
1254 1583 1428 1643 WAdi
1473 1585 1695 1659 Habib,
1733 1610 1761 1642 n

187 1669 415 1748 inquit,
464 1696 493 1728 α
526 1675 697 1753 quod
730 1676 969 1755 attinet,
1002 1678 1065 1739 id
1094 1681 1264 1757 quod
1295 1692 1356 1741 et
1389 1684 1760 1747 WAdi-l-Na-

190 1770 331 1828 trdn
360 1769 455 1828 vel
495 1771 783 1849 planities
824 1773 1074 1835 Schihzit
1101 1776 1195 1837 vel
1227 1778 1514 1856 planities
1548 1783 1764 1861 Asquit

186 1869 284 1929 vel
335 1870 866 1934 MizAn-el-Coli‘lb
912 1874 1091 1949 (libra
1136 1877 1441 1956 cordium]
1486 1891 1763 1956 vocatur,

188 1968 337 2029 olim
370 1980 622 2032 centum
662 1972 749 2033 ibi
795 1978 1173 2039 monasteria
1212 1986 1421 2041 erecta
1458 1989 1657 2055 erant,
1691 2000 1767 2044 ex

187 2068 417 2145 quibus
452 2080 670 2149 postea
710 2079 952 2152 septem
998 2076 1400 2140 Occidentem
1439 2098 1653 2142 versus
1690 2083 1764 2143 ad

187 2164 351 2227 latus
404 2168 686 2247 planitiei
741 2170 1103 2247 regionibus
1154 2172 1520 2239 el-Buheira
1567 2185 1628 2241 et
1673 2178 1763 2241 el-

186 2268 429 2345 Fejjum
476 2268 897 2331 interiacentis
946 2271 1082 2349 sita,
1116 2275 1224 2338 ubi
1268 2278 1474 2357 campi
1520 2281 1768 2345 arenosi

187 2367 395 2428 solum
442 2367 569 2429 sale
616 2369 898 2448 plenum,
934 2374 1065 2451 agri
1100 2392 1301 2454 aquae
1354 2379 1536 2455 egeni
1581 2398 1765 2459 prae-

188 2474 372 2545 rupta
436 2484 578 2529 saxa
633 2472 974 2549 excipiunt,
1024 2484 1472 2538 remanserunt.
1518 2481 1766 2544 Incolae

190 2584 419 2645 aquam
476 2568 554 2630 ad
612 2570 955 2633 bibendum
1013 2591 1048 2634 e
1102 2577 1307 2654 puteis
1369 2576 1762 2654 hauriebant,

191 2686 454 2730 munera
560 2671 636 2731 iis
749 2672 1306 2757 eleemosynasque
1422 2681 1768 2744 offerebant

189 2769 539 2830 Christiani.
613 2774 788 2835 Nunc
864 2776 1120 2853 quidem
1200 2778 1482 2841 funditus
1564 2783 1765 2847 diruta

195 2869 349 2936 181
384 2878 555 2931 sunt.
594 2875 789 2950 Atque
835 2873 1160 2936 Christiani
1204 2896 1410 2940 rerum
1454 2888 1763 2957 gestarum

188 2966 530 3044 scriptores
593 2970 1002 3046 tradiderunt,
1066 2990 1143 3034 ex
1197 2974 1320 3037 illis
1372 2982 1765 3043 monasteriis

188 3069 336 3126 Amr
361 3068 490 3126 Ben
532 3068 741 3129 el-‘Asi
770 3072 1162 3149 septuaginta
1197 3075 1390 3137 millia
1426 3080 1765 3142 monacho-

1864 598 2042 673 stola,
2059 602 2137 662 ab
2160 600 2549 663 ’AmrBen-el
2566 605 2701 665 -'Asi
2724 605 3047 667 monachis
3064 609 3227 669 Wadi
3244 609 3442 671 Habib

1863 697 1941 758 de
2009 700 2382 764 collectione
2448 703 2875 780 [decimarum]
2946 706 3014 765 in
3080 708 3441 783 regionibus

1863 797 2072 861 lateris
2128 802 2535 864 occidentalis
2583 804 2813 882 scripta
2846 806 3230 881 reconditur,
3271 808 3442 887 quod

1864 900 2019 961 mihi
2039 903 2291 980 quidam
2314 904 2604 976 narravit,
2634 906 2742 983 qui
2763 905 2841 966 ab
2871 907 3018 977 alio,
3042 908 3221 969 cuius
3242 908 3441 969 oculis

1862 1000 1967 1061 illa
1996 1000 2238 1064 obiecta
2266 1003 2487 1077 fuerat,
2522 1010 2870 1084 acceperat.
2896 1006 3030 1067 Abu
3054 1008 3256 1068 Macér
3295 1015 3443 1068 natu

1864 1100 2065 1161 maior
2116 1102 2157 1162 i.
2210 1119 2267 1162 e.
2323 1105 2622 1165 Macarius
2666 1105 2849 1165 vitam
2888 1107 3317 1168 monachicam
3364 1109 3442 1169 ab

1865 1198 2131 1259 Antonio
2154 1200 2387 1271 didicit,
2410 1202 2517 1279 qui
2540 1203 2778 1281 primus
2807 1220 3026 1265 eorum
3052 1205 3367 1267 cucullum
3383 1212 3444 1267 et

1864 1296 2142 1358 aschkim
2176 1298 2239 1359 h.
2276 1316 2330 1359 e.
2363 1302 2682 1376 cingulum
2723 1320 2757 1363 e
2788 1304 2962 1364 corio
2989 1304 3368 1378 confectum,
3408 1323 3444 1365 e

1865 1414 1993 1475 quo
2043 1398 2277 1474 efﬁgies
2298 1400 2519 1461 Christi
2542 1402 2711 1463 cruci
2741 1401 2907 1463 aﬂixi
2952 1404 3206 1482 pendet,
3249 1410 3440 1480 gesta-

1865 1494 1991 1567 bat,
2050 1497 2203 1557 illud
2256 1498 2535 1575 quidem,
2595 1516 2723 1577 quo
2775 1501 3068 1562 monachi
3119 1502 3287 1578 cingi
3336 1519 3441 1563 so-

1865 1592 2016 1654 lent.
2066 1596 2401 1656 Antonium
2451 1595 2707 1674 quidem
2755 1597 2818 1657 in
2869 1603 3086 1657 monte
3134 1597 3437 1663 orientali.

1863 1693 1971 1754 ubi
1993 1696 2371 1755 coenobium
2392 1694 2668 1756 el‘Araba
2690 1703 2806 1769 est,
2834 1696 3094 1767 invenit,
3122 1714 3441 1775 quumque

1864 1791 2250 1871 aliquantum
2295 1796 2596 1874 temporis
2628 1795 2755 1857 illic
2798 1797 3219 1869 remansisset,
3248 1796 3326 1857 ab
3367 1813 3443 1856 eo

1865 1899 2036 1953 veste
2058 1894 2513 1957 monachorum
2544 1897 2822 1971 indutus,
2854 1898 2918 1958 in
2946 1897 3440 1959 Wadi-l-Natrun

1864 1991 2143 2056 habitare
2170 1996 2375 2057 iussus
2398 2004 2513 2068 est,
2540 2015 2665 2073 quo
2699 2015 2960 2075 magnus
2992 1997 3440 2058 monachorum

1865 2111 2164 2156 numerus
2200 2098 2277 2157 ad
2314 2098 2853 2175 obtemperantem
2879 2097 3201 2159 conﬂuxit.
3256 2096 3441 2157 Multa

1864 2202 2072 2257 autem
2143 2212 2341 2274 eaque
2412 2198 2905 2275 praeclarissima
2961 2204 3312 2270 narrantur,
3379 2198 3444 2259 in

1866 2296 2095 2374 quibus
2124 2302 2185 2357 et
2232 2295 2353 2358 hoc
2411 2306 2762 2359 memoratu
2799 2300 3057 2377 dignum
3108 2307 3223 2373 est,
3275 2300 3443 2378 quod

1866 2398 2611 2476 quinquagintaintegros
2629 2400 3062 2464 diesieiunans
3077 2420 3192 2463 nec
3206 2403 3439 2470 cibum,

1867 2514 1982 2558 nec
2006 2505 2221 2576 potum
2253 2501 2613 2578 sumpserit,
2647 2508 2991 2580 noctesque
3023 2502 3281 2581 insuper
3310 2521 3448 2580 per-

1865 2596 2225 2673 vigilaverit.
2274 2600 2602 2662 Praeterea
2654 2602 3001 2679 palmarum
3054 2602 3242 2673 foliis,
3286 2620 3447 2681 quae

1865 2695 1981 2756 sibi
2020 2706 2519 2776 praeparaverat,
2570 2701 2798 2762 victum
2852 2702 3180 2781 quaesivit,
3237 2721 3447 2781 neque

1863 2814 2142 2876 unquam
2190 2805 2507 2860 recentem
2538 2818 2765 2879 panem
2803 2804 3096 2872 comedit,
3131 2802 3237 2863 sed
3268 2801 3450 2863 oleri-

1865 2895 1981 2957 bus
2006 2894 2087 2976 (3)
2119 2914 2282 2975 aqua
2311 2898 2657 2977 palmarum
2680 2900 2844 2961 foliis
2885 2902 3211 2979 superfusa
3244 2903 3443 2963 emol-

1864 2988 1988 3051 litis
2053 2993 2211 3063 182
2263 2994 2401 3073 ipse
2443 3014 2586 3058 cum
2654 2999 2981 3061 monachis
3043 3000 3444 3071 vescebatur,

1867 3092 2168 3168 quamdiu
2234 3094 2537 3167 vivebant,
2589 3097 2723 3157 sine
2774 3098 2947 3159 omni
2999 3098 3442 3159 additamento.

189 3186 326 3228 rum
354 3169 598 3229 obviam
614 3170 878 3244 venisse,
900 3189 1168 3250 quorum
1192 3177 1459 3256 quisque
1473 3178 1763 3243 baculum
1793 3178 1833 3235 (ἶ
1868 3192 1981 3254 Hic
2001 3194 2188 3269 igitur
2215 3195 2391 3256 cibus
2440 3214 2658 3259 eorum
2698 3217 2811 3279 per
2845 3207 3044 3261 totum
3101 3202 3261 3262 vitae
3300 3220 3446 3279 spa-

189 3269 490 3345 gestabat.
526 3270 761 3341 Quibus
796 3271 925 3345 ille,
958 3290 1152 3351 quum
1198 3275 1321 3356 ipsi
1348 3295 1415 3339 se
1460 3281 1765 3344 subiecis-

187 3372 348 3439 sent,
394 3366 721 3445 epistolam
754 3368 924 3429 dedit
963 3369 1279 3451 hodieque
1308 3376 1474 3454 apud
1511 3394 1621 3439 eos
1672 3397 1767 3440 re-

190 3474 456 3544 pertam.
513 3466 603 3527 Ad
647 3467 761 3527 ista
798 3467 984 3544 igitur
1025 3474 1395 3535 monasteria
1442 3485 1761 3539 monaste-

189 3567 349 3625 rium
390 3566 481 3623 Bu
510 3567 718 3625 Macilr
754 3576 901 3626 natu
928 3568 1202 3642 maioris,
1234 3590 1383 3649 prae
1416 3577 1639 3637 ceteris
1668 3596 1765 3639 ce-

188 3664 519 3737 lebratum,
550 3666 840 3743 pertinet,
871 3668 937 3727 in
984 3669 1159 3729 cuius
1189 3682 1529 3751 conspectu
1572 3680 1761 3739 multa

189 3764 567 3824 monasteria
581 3765 780 3826 diruta
801 3766 1104 3828 adiacent.
1128 3769 1192 3829 Id
1211 3771 1359 3832 olim
1382 3778 1760 3840 coenobium

188 3862 643 3924 monachorum
697 3865 830 3937 fuit,
864 3883 980 3927 nec
1023 3870 1389 3945 patriarcha,
1424 3876 1665 3937 etiamsi
1700 3880 1757 3939 in

188 3963 483 4023 cathedra
510 3964 914 4026 Alexandriae
960 3969 1222 4045 positus,
1256 3972 1333 4031 ab
1356 3973 1430 4033 iis
1462 3992 1761 4051 agnosce-

188 4063 390 4137 batur,
468 4073 804 4143 antequam
869 4068 947 4141 ei,
1029 4076 1093 4129 ut
1170 4072 1394 4134 solium
1478 4077 1758 4155 ipsorum

191 4165 486 4226 coenobii
531 4174 888 4244 occuparet,
936 4171 1384 4247 permisissent.
1445 4178 1528 4234 Ac
1593 4179 1760 4239 mille

191 4264 520 4343 quingenti
574 4267 866 4328 monachi
913 4269 1229 4346 quondam
1302 4272 1385 4332 ibi
1452 4276 1761 4340 habitasse

192 4363 516 4436 dicuntur;
585 4382 752 4426 nunc
798 4368 1097 4444 perpauci
1148 4375 1385 4431 tantum
1450 4374 1759 4441 incolunt.

192 4463 439 4524 Macarii
470 4470 595 4523 tres
633 4464 1113 4541 distinguuntur,
1159 4478 1305 4529 natu
1335 4474 1553 4549 maior,
1588 4480 1763 4539 cuius

192 4563 344 4623 illud
370 4564 485 4623 fuit
508 4565 905 4638 coenobium,
924 4567 1054 4626 Abu
1068 4570 1269 4629 Macér
1288 4570 1761 4651 Alexandrinus,

191 4669 254 4723 et
285 4662 425 4723 Abu
456 4664 656 4723 Macér
689 4664 1046 4743 episcopus.
1081 4669 1351 4736 Quorum
1388 4688 1527 4733 ossa
1569 4678 1763 4736 tribus

194 4763 457 4842 singulis
496 4764 715 4826 loculis
742 4766 965 4842 ligneis
992 4768 1312 4829 recondita
1343 4788 1377 4830 a
1408 4772 1767 4839 Christianis
1804 4776 1841 4827 D
1872 4798 2081 4842 carum
2126 4783 2463 4860 scriptores
2495 4786 2665 4863 quod
2697 4788 2948 4861 attinet,
2982 4791 3285 4852 Baronius
3322 4792 3403 4871 (8)

193 4996 288 5049 τοῦ
314 4996 532 5067 Φαραώ.
562 4997 758 5053 Leonis
789 5000 967 5053 Allatii
997 5000 1289 5071 Συμμικτά
1324 5004 1437 5058 sive
1469 5007 1763 5073 npusculo-

197 5105 315 5140 nun
350 5103 667 5156 graecorum
694 5098 747 5145 et
778 5092 1069 5149 latinorum
1100 5094 1459 5148 vetustiorum
1484 5110 1547 5149 ac
1575 5112 1765 5151 recen-

195 5182 397 5232 tiorum
436 5181 559 5234 libri
596 5181 726 5245 duo,
765 5182 1023 5236 Coloniae
1064 5184 1395 5253 Agrippinae
1430 5186 1567 5240 1653
1614 5188 1707 5242 lib.
1745 5188 1764 5240 l

196 5288 248 5340 p.
287 5273 377 5325 55.

270 5364 348 5432 (1)
390 5362 565 5433 Supra
606 5364 635 5436 ᾗ
671 5366 732 5419 41
767 5382 823 5436 p.
857 5366 958 5420 167
984 5383 1104 5437 sqq.

270 5456 345 5524 (Ξ)
380 5454 525 5511 Obiit
542 5457 757 5511 illacrizi
778 5474 919 5513 anno
937 5458 1069 5529 Heg.
1088 5460 1212 5524 845,
1228 5458 1431 5515 Christi
1454 5461 1581 5515 1441
1596 5504 1608 5525 ,
1629 5471 1768 5519 teste

196 5546 263 5600 de
298 5548 609 5603 Schnurrer
643 5550 781 5603 Bibl.
817 5550 1050 5606 Arabica
1083 5550 1249 5605 Halae
1280 5553 1411 5606 1811
1450 5569 1503 5623 p.
1538 5554 1658 5610 156.

270 5639 347 5705 (3)
388 5637 493 5692 Pro
537 5639 764 5694 oleribus
792 5642 1008 5696 codices
1029 5642 1233 5696 arabici
1267 5643 1621 5697 calceamenta
1667 5648 1767 5698 (ri-

205 5740 261 5783 ta
313 5730 395 5782 vel
442 5734 731 5786 anteriores
777 5743 951 5801 partes
1003 5749 1231 5795 ocreae;
1272 5736 1485 5789 restitui
1535 5737 1763 5790 oleribus

196 5837 262 5875 cx
304 5819 439 5874 ilist.
484 5820 748 5879 Lausiacu
787 5822 1045 5891 Palladii,
1078 5840 1236 5895 quam
1281 5826 1432 5894 sequi
1486 5826 1587 5881 hoc
1646 5829 1761 5882 loro

1865 3292 2019 3352 tium
2047 3291 2185 3367 fuit,
2227 3297 2583 3374 usquedum
2608 3299 2672 3359 in
2714 3302 2976 3378 patriam
3008 3303 3239 3362 reversi
3278 3309 3445 3363 sunt.

1867 3391 2001 3451 Abu
2022 3394 2223 3453 Macar
2253 3394 2705 3458 Alexandrinus
2734 3398 3100 3460 Alexandria
3129 3401 3206 3460 ad
3249 3399 3447 3474 illum,

1868 3507 2056 3567 quem
2074 3491 2364 3566 diximus,
2389 3497 2552 3556 Maca
2563 3497 2719 3557 rium
2741 3499 2928 3572 venit,
2952 3500 3129 3561 cuius
3149 3502 3212 3561 in
3226 3518 3451 3562 manus

1866 3596 2005 3649 vota
2066 3593 2433 3653 monachica
2488 3594 2655 3655 fecit.
2714 3598 2957 3658 Tertius
3007 3600 3268 3662 accessit
3314 3600 3448 3661 Abu

1867 3689 2092 3761 Macer,
2119 3691 2226 3767 qui
2249 3692 2586 3769 episcopus
2616 3693 2815 3755 factus
2839 3704 2931 3756 est
2956 3680 3065 3775 (4).
3101 3721 3128 3751 ››
3165 3698 3287 3759 Sed
3317 3700 3437 3759 Ma-

1868 3788 2121 3847 crizium
2140 3790 2398 3850 Macario
2413 3793 2718 3869 Aegyptio
2740 3810 2772 3852 a
2797 3795 2857 3853 S.
2875 3796 3445 3873 Antonio,quocum

1868 3888 2250 3966 aliquantum
2275 3894 2575 3971 temporis
2591 3893 2695 3954 ille
2717 3896 2958 3969 vixerit,
2982 3906 3215 3959 vestem
3235 3917 3451 3961 mona-

1868 3987 2108 4048 chicam
2145 3990 2349 4050 datam
2380 4010 2537 4064 esse,
2599 3993 2755 4054 falso
2804 4014 3053 4058 narrare
3092 4017 3279 4077 supra
3328 4000 3446 4060 do-

1869 4088 2110 4147 cuimus
2150 4088 2262 4167 (5);
2313 4097 2500 4169 atque
2550 4094 2613 4152 in
2646 4094 2742 4165 iis,
2790 4114 2949 4174 quae
2992 4097 3068 4157 de
3118 4099 3447 4161 virtutibus

1869 4188 2115 4246 Macarii
2146 4190 2415 4266 scripsit,
2442 4194 2809 4271 Aegyptium
2836 4213 2977 4255 cum
3003 4196 3441 4271 Alexandrino,

1870 4284 1948 4345 de
1982 4304 2109 4363 quo
2158 4288 2376 4350 eadem
2416 4290 2725 4353 Palladius
2754 4295 3003 4355 tradidit
3043 4296 3151 4375 (6),
3184 4300 3447 4361 confun-

1873 4382 2019 4443 dere
2052 4401 2217 4457 eum,
2244 4404 2431 4447 nemo
2464 4406 2591 4449 non
2622 4391 2806 4451 videt.
2832 4394 3132 4455 Macarius
3163 4414 3309 4459 vero
3339 4399 3443 4459 ille

1872 4482 2209 4559 episcopus
2252 4487 2536 4561 quisnam
2566 4486 2773 4560 fuerit,
2799 4489 2916 4549 nisi
2942 4490 3104 4552 forte
3141 4492 3431 4555 Hieroso-

1872 4581 2183 4659 lymorum
2215 4584 2552 4663 episcopus
2578 4587 2682 4663 (7),
2720 4588 2965 4664 ignoro.

1951 4682 2046 4741 Ad
2087 4686 2468 4744 recentiores
2496 4685 2770 4764 denique
2824 4707 3033 4749 rerum
3064 4690 3440 4753 ecclesiastiv

3425 4841 3438 4867 9

1875 5014 2187 5071 Macrizium
2224 5021 2275 5075 in
2308 5027 2495 5089 aperto
2520 5029 2623 5074 est.

1944 5107 2017 5174 (4)
2060 5108 2277 5163 Macrizi
2324 5111 2645 5165 Gesch.der
2701 5110 2910 5179 Coplen
2963 5113 3076 5165 Aus
3128 5111 3229 5163 dc-n
3265 5111 3439 5165 [lumi-

1872 5195 2093 5250 scriiten
2126 5215 2189 5251 zu
2212 5198 2383 5253 Gotha
2398 5200 2506 5253 und
2532 5199 2685 5254 Wien
2704 5216 2755 5253 v.
2780 5200 3139 5265 Winstcnt'elit,
3162 5198 3433 5271 Goetting.

1872 5284 2010 5339 1845
2034 5303 2083 5354 p.
2120 5288 2221 5342 109
2244 5305 2328 5355 sq.

1941 5374 2016 5443 (5)
2061 5374 2186 5445 μθ
2222 5393 2273 5445 p.
2318 5377 2435 5431 ne.

1940 5466 2015 5534 (6)
2054 5465 2135 5519 Cf.
2165 5460 2325 5535 supra
2356 5483 2405 5535 p.
2436 5466 2522 5520 66.

1942 5555 2017 5623 (7)
2058 5554 2131 5609 De
2189 5558 2430 5609 Macario
2490 5557 2987 5627 Hierosolymorum
3052 5562 3312 5629 cpiscolio
3360 5559 3432 5612 ci.

1870 5642 2192 5698 Tlieodoret.
2225 5645 2363 5699 Hist.
2404 5646 2549 5700 Eccl.
2584 5646 2680 5702 lib.
2710 5647 2726 5699 l
2764 5665 2881 5713 cap.
2917 5651 2977 5701 16

1945 5737 2023 5799 (8)
2061 5736 2273 5790 liaronii
2329 5738 2563 5792 Annales
2605 5741 2669 5794 ad
2706 5755 2753 5793 a.
2796 5740 2899 5792 5'72
2949 5739 3016 5791 N°
3050 5740 3139 5804 88,
3181 5739 3267 5794 ed.
3295 5737 3430 5793 Luc.

1874 5826 1933 5880 τ.
1972 5828 2007 5875 Υ
2040 5848 2068 5896 μ
2121 5828 2222 5880 597
2253 5846 2332 5897 sq.
