4274 6358
829 383 924 436 ΓΗ

1638 374 1735 427 SS.
1782 368 2244 425 MACAIIIOIIUM
2287 367 2628 424 AEGYPTII
2660 366 2749 420 ET
2789 360 3252 419 ALEXANDBINI

3961 348 4070 405 172

828 495 1161 560 Bollandus
1194 493 1300 572 (1),
1325 493 1530 571 Dupin
1554 492 1660 569 (2),
1684 491 1902 569 Fleury
1926 490 2246 569 (3),Oudin
2271 488 2380 569 (4),
2413 498 2457 552 Α
2486 489 2871 559 colebantur,
2934 481 3353 552 multitudine,
3402 479 3612 539 dicere
3662 491 3791 536 non
3837 471 4063 533 ausim.

827 601 982 659 Cave
1016 595 1122 675 (5),
1178 593 1282 654 alii
1309 592 1387 653 de
1408 591 1686 652 Macariis
1716 590 2016 669 Aegyptio
2042 596 2104 651 et
2134 588 2395 648 Alexan-

828 696 1010 757 drino
1032 694 1215 754 verba
1253 691 1503 770 quidem
1536 690 1840 762 fecerunt,
1873 690 1981 749 sed
2020 706 2147 749 rem
2182 688 2391 749 critice

830 794 1095 873 dispexit
1117 791 1285 853 solus
1304 790 1732 850 Tillemontius
1788 788 1898 866 (6),
1931 789 2107 849 cuius
2137 786 2388 866 exposi-

829 898 1029 959 tiones
1057 896 1317 966 cunctis,
1340 912 1500 973 quae
1519 893 1704 955 ceteri
1728 891 1978 963 habent,
2011 890 2196 967 longe
2222 898 2393 951 ante-

830 997 1085 1069 cellunt,
1118 994 1261 1056 licet
1282 1000 1342 1054 et
1368 994 1502 1073 ipse
1529 991 1827 1053 nonnulla
1859 1008 2185 1070 perperam
2213 989 2391 1050 intel-

831 1098 1068 1169 lexerit,
1106 1096 1260 1165 183
1282 1096 1343 1155 id
1374 1093 1543 1173 quod
1576 1100 1815 1153 nostras
1862 1093 2259 1170 quaestiones
2284 1090 2390 1168 qui

831 1198 1069 1274 legerit,
1113 1198 1250 1275 ipse
1286 1193 1579 1255 inveniet.
1620 1194 1737 1252 Cur
1774 1191 2106 1252 Bollandus
2134 1191 2390 1249 meliora

832 1315 959 1359 non
993 1296 1284 1366 attulerit,
1309 1292 1489 1355 facile
1528 1291 1672 1350 inde
1715 1289 2075 1368 explicatur,
2116 1288 2282 1366 quod
2314 1287 2389 1346 de

829 1398 1104 1459 Macariis
1121 1397 1323 1477 primo
1348 1391 1606 1469 insignis
1651 1390 1859 1467 cperis
1910 1387 2221 1448 volumine
2258 1388 2387 1446 dis-

832 1496 1172 1575 putandum
1202 1499 1353 1565 erat,
1377 1491 1645 1566 ideoque
1676 1493 2008 1565 apparatus
2046 1486 2149 1544 ille
2181 1485 2389 1545 litera-

832 1597 980 1668 rius,
1008 1611 1134 1673 quo
1170 1591 1513 1671 posteriora
1547 1586 1859 1646 volumina
1893 1584 2190 1655 eminent,
2241 1602 2395 1644 non-

832 1692 979 1754 dum
1010 1693 1237 1752 aderat.
1271 1688 1361 1749 Ad
1410 1692 1792 1765 postremum
1833 1682 2143 1741 Semlerus
2178 1682 2241 1741 in
2274 1681 2394 1741 dis-

2494 588 2825 649 Macarium
2891 601 3062 655 vero,
3116 585 3293 643 cul.'s
3346 578 3574 639 festum
3638 572 3906 636 Romani
3956 570 4063 630 XV

2493 686 2757 750 Ianuarii
2806 690 3018 761 agunt,
3049 682 3093 741 i.
3128 698 3184 741 e.
3219 678 3614 756 Aczyptium,
3653 676 3719 735 in
3749 678 4063 749 martyro-

2490 787 2672 864 logiis
2703 785 2909 845 latinis
2936 780 3097 841 haud
3131 795 3270 838 raro
3297 779 3337 836 S
3392 775 3639 836 Antonii
3680 769 4062 849 discipulum

2491 884 2816 965 appellari,
2849 880 3021 961 quod
3049 877 3383 939 Bollandus
3405 875 3763 935 observasse
3797 888 3861 929 se
3891 870 4060 929 arbi-

2493 994 2684 1047 tratus
2714 992 2803 1043 est
2836 979 2983 1059 (15),
3021 992 3400 1055 magnopere
3424 973 3673 1053 quidem
3707 987 3833 1031 non
3856 968 4063 1028 offen-

2492 1084 2615 1155 dat,
2643 1097 2835 1159 quum
2858 1094 3045 1139 sensu
3066 1075 3283 1135 latiore
3316 1072 3504 1132 etiam
3545 1065 3846 1127 Macarius
3871 1068 4070 1138 Aegy-

2491 1184 2654 1260 ptius
2683 1179 2926 1240 Antonii
2946 1172 3289 1253 discipulus
3306 1171 3425 1231 dici
3451 1167 3663 1248 possit.
3684 1167 3966 1224 Ceterum
3987 1162 4069 1220 de

2492 1286 2734 1354 diebus,
2760 1281 2987 1360 quibus
3033 1283 3198 1337 recte
3242 1272 3526 1333 colantur
3566 1266 3739 1326 fastis
3777 1262 4069 1331 testibus,

2492 1385 2665 1463 plura
2700 1382 2807 1459 qui
2848 1379 3166 1440 addiscere
3208 1373 3399 1452 cupit,
3432 1365 3794 1428 Assemanni
3832 1362 4065 1421 librum

2493 1461 2553 1545 et
2572 1481 2936 1544 Bollandum
2981 1475 3098 1553 (16)
3133 1473 3393 1545 evolvat,
3422 1470 3529 1529 ubi
3561 1472 3896 1546 apparatus
3933 1461 4073 1520 ido-

2493 1602 2648 1645 neus
2686 1580 3011 1659 reperitur.

3076 1689 3319 1749 CAPUT
3380 1687 3481 1745 IX.

831 1792 1291 1861 sertationibus’
1338 1805 1491 1866 quas
1539 1786 1615 1845 de
1647 1783 1924 1888 Μᾶοὸῐῇἓ
1957 1782 2222 1888 scrip‘éi‘l’
2265 1798 2391 1841 non
2426 1836 2465 1888 Β
2539 1833 2576 1872 Α
2607 1828 2851 1871 SANCTIS
2874 1824 3155 1869 MACARIIS
3183 1820 3485 1864 AEGYPTIO
3517 1817 3593 1858 ET
3624 1810 4069 1857 ALEXANDRINO

833 1893 1039 1965 vitam,
1072 1890 1179 1951 sed
1205 1890 1431 1967 scripta
1462 1904 1680 1946 eorum
1704 1883 2073 1944 examinavit
2101 1880 2206 1957 (7).

913 1992 1061 2067 §44.
1103 1994 1436 2069 Superest,
1492 1993 1564 2047 ut
1609 1986 1686 2045 de
1730 1984 1867 2055 die,
1914 2000 2039 2059 quo
2078 1982 2394 2059 utriusque

832 2091 1075 2151 Macarii
1098 2086 1394 2149 memoria
1422 2085 1485 2144 in
1509 2082 1768 2144 ecclesia
1806 2081 2173 2151 celebretur,
2201 2080 2397 2139 brevi-

830 2197 925 2250 ter
962 2188 1399 2265 disquiramus.
1427 2182 1667 2241 Etenim
1709 2176 2147 2254 martyrologia
2189 2182 2396 2235 vetera

832 2290 1021 2350 latina
1044 2286 1304 2348 Macario
1327 2281 1631 2360 Aegyptio
1649 2280 1813 2339 diem
1835 2276 2396 2348 XV,Alexandrino

833 2390 998 2448 diem
1034 2390 1087 2447 ll
1133 2384 1397 2446 Ianuarii
1421 2382 1729 2442 tribuunt.
1766 2380 1812 2437 E
1847 2393 2112 2455 quorum
2136 2391 2397 2435 numero

831 2482 1588 2563 suntBeda(8),Usuardus
1609 2473 2397 2559 (9),Ado(10),Notker(11),

834 2587 1339 2667 mat-tyrologium
1372 2598 1697 2643 romanum
1738 2577 1893 2655 (12),.
1916 2584 2122 2638 cetera
2170 2576 2314 2652 (l3).
2350 2579 2397 2633 A

833 2686 1081 2748 Graecis
1100 2702 1241 2744 vero
1264 2690 1529 2759 uterque
1547 2679 1844 2740 Macarius
1869 2677 1994 2737 XIX
2019 2675 2280 2737 Ianuarii
2298 2692 2399 2735 co-

834 2786 1000 2858 litur,
1022 2791 1092 2846 ut
1111 2801 1143 2844 e
1166 2781 1435 2843 Menaeis
1447 2786 1506 2841 et
1521 2778 1872 2855 Menologio
1895 2783 2061 2855 patet
2078 2775 2123 2853 (l
2140 2775 2193 2851 4)
2209 2822 2220 2832 .
2235 2775 2399 2833 Haec

834 2887 1023 2965 igitur
1048 2884 1206 2953 184
1233 2882 1551 2943 diversitas
1580 2878 1748 2939 unde
1779 2885 1918 2938 nata
1946 2878 2044 2947 sit,
2086 2876 2203 2934 nisi
2243 2873 2400 2934 forte

837 2983 1285 3062 emagnaillius
1306 2980 1578 3041 nominis
1597 2978 1892 3049 virorum,
1913 2976 2021 3054 qui
2044 2974 2121 3034 ab
2143 2973 2402 3033 ecclesia

2575 1906 2895 1950 MACARIUM
2964 1904 3015 1945 S.
3075 1899 3327 1943 ΑΝΤΟΝΙῙ
3376 1895 3710 1939 MINISTIIUM
3771 1888 4074 1941 ALIOSQUE

2575 1983 2969 2029 COGNOMINES
2996 1979 3297 2023 DIVERSOS
3321 1976 3465 2018 ESSE
3493 1968 3904 2014 OSTENDITUR.

2579 2088 2629 2157 §.
2666 2084 2758 2143 45.
2790 2082 3144 2148 Macarium,
3170 2081 3229 2137 S.
3255 2075 3503 2136 Antonii
3530 2068 3930 2148 discipulum,
3965 2067 4073 2127 cui

2499 2184 2855 2263 quindecim
2895 2181 3075 2241 annis
3103 2175 3485 2237 ministrabat
3525 2180 3586 2232 et
3628 2171 3803 2230 cuius
3833 2182 4071 2243 corpus

2501 2281 2805 2360 sepelivit,
2840 2298 2872 2340 a
2911 2277 3187 2338 Macariis
3218 2273 3517 2351 Aegyptio
3548 2278 3608 2331 et
3652 2266 4075 2329 Alexandrino

2502 2380 2697 2458 probe
2762 2373 3269 2453 distinguendum
3340 2388 3474 2431 esse
3548 2368 3793 2445 saepius
3860 2363 4080 2424 docui-

2503 2496 2639 2538 mus
2670 2478 2811 2555 (17).
2844 2474 3140 2536 Macarius
3170 2471 3333 2531 enim
3366 2471 3425 2529 S.
3455 2465 3701 2527 Antonii
3730 2461 4080 2541 discipulus

2501 2578 2565 2638 in
2588 2577 2894 2638 coenobio
2927 2573 3127 2651 Pispir
3156 2587 3354 2649 prope
3388 2584 3555 2627 mare
3584 2565 3859 2625 Rubrum
3903 2562 4079 2632 vixit,

2504 2674 2779 2734 Macariis
2824 2672 3052 2733 nostris
3083 2670 3146 2729 in
3185 2666 3446 2728 desertis
3502 2665 3729 2741 Libyae
3789 2660 4081 2738 degenti-

2506 2774 2623 2833 bus
2644 2769 2786 2847 (18).
2807 2768 2925 2828 Sed
2951 2784 3116 2827 unus
3146 2780 3464 2825 remanere
3496 2761 3697 2839 potuit
3718 2757 4077 2836 scrupulus.

2506 2867 2685 2938 Quid,
2719 2867 2770 2926 si
2802 2867 3093 2927 alteruter
3124 2880 3200 2922 ex
3244 2861 3470 2921 nostris
3498 2859 3776 2919 Macariis
3800 2859 4078 2935 primum

2509 2969 2569 3026 S.
2602 2967 2852 3027 Antonii
2891 2962 3234 3042 discipulus
3257 2960 3617 3040 quindecim
3651 2958 3829 3018 annis
3864 2957 4080 3029 fuerit,

909 3176 985 3244 (1)
1031 3175 1141 3226 AA.
1196 3169 1297 3224 SS.
1351 3168 1489 3221 Boll.
1532 3166 1646 3220 Ian.
1706 3165 1828 3218 T.I
1876 3180 1929 3233 p.
1980 3162 2119 3215 1005
2166 3178 2283 3229 sqq.
2346 3159 2480 3217 84C
2587 3155 2657 3223 (8)
2692 3153 3007 3207 Additiones
3041 3150 3296 3201 nimirum
3321 3147 3387 3200 ad
3414 3146 3586 3199 [ledae
3614 3142 4079 3213 Martyrologium,

911 3350 990 3418 (2)
1033 3347 1207 3415 Dupin
1232 3345 1494 3399 Nouvelle
1516 3344 1891 3413 bibliothéque
1923 3344 2019 3397 des
2060 3344 2293 3394 Auteurs
2323 3356 2410 3392 ec-

841 3441 1216 3507 clésiastiques
1280 3436 1435 3489 Paris
1471 3436 1607 3489 I695
1659 3436 1721 3487 Τ.
1754 3435 1793 3487 11
1830 3452 1881 3503 p.
1920 3435 1985 3488 69
2016 3452 2132 3502 sqq.

911 3533 986 3601 (ὅ)
1026 3531 1219 3600 Fleury
1258 3529 1497 3582 Histoire
1522 3528 1935 3597 ecclésiastique
1988 3528 2141 3579 Paris
2168 3526 2301 3577 1724
2344 3524 2403 3575 Τ.

845 3619 908 3675 ιν
969 3637 1022 3690 p.
1055 3620 1163 3674 220
1194 3635 1315 3688 sqq.

925 3712 1002 3781 (4)
1043 3709 1475 3763 Commentarios
1533 3707 1605 3762 De
1656 3708 1876 3775 Scriptt.
1926 3706 2225 3759 ecclesiast.
2279 3703 2342 3756 Τ.
2390 3703 2405 3753 1

843 3819 895 3872 p.
930 3802 1033 3855 471
1064 3818 1108 3854 s.
1144 3817 1194 3851 ν.
1236 3797 1464 3851 Macarii
1495 3811 1598 3849 (res
1634 3798 1892 3849 monachi.

914 3892 991 3958 (5)
1033 3891 1254 3959 Scriptt.
1282 3890 1481 3941 eccles.
1526 3887 1660 3941 Hist.
1705 3888 1807 3939 litt.
1843 3903 1889 3941 s.
1914 3903 1963 3942 ν.
1992 3885 2261 3937 Macarius
2329 3901 2405 3936 sc-

845 3983 960 4033 nior
995 3990 1045 4033 et
1080 3978 1352 4032 Macarius
1384 3978 1577 4029 iunior.

911 4070 987 4140 (6)
1029 4069 1313 4123 Meinoires
1367 4065 1430 4118 T.
1484 4064 1594 4117 VIII
1650 4065 1707 4118 P.
1750 4063 1814 4119 Ill
1872 4081 1923 4132 p.
1971 4064 2076 4117 955
2120 4080 2239 4132 sqq.
2268 4062 2396 4116 10H

844 4178 966 4234 sqq.
1002 4175 1126 4213 cum
1168 4160 1311 4212 notis
1346 4162 1399 4214 in
1431 4158 1534 4210 line
1557 4158 1683 4209 tomi
1715 4157 1959 4208 adiectis.

914 4251 990 4319 (7)
1025 4248 1179 4304 Prior
1196 4249 1390 4317 prodiit
1419 4251 1521 4300 sub
1549 4247 1724 4298 indice
1758 4264 1769 4297 :
1809 4244 2091 4313 Specimeu
2134 4244 2401 4297 examinis

844 4342 1019 4399 critici
1082 4356 1327 4411 opermn,
1386 4354 1524 4406 quae
1586 4339 1657 4388 ita
1704 4337 1973 4398 feruntur,
2018 4335 2257 4395 Macarii,
2300 4336 2402 4387 sub

846 4430 1173 4493 laetissimos
1227 4428 1499 4494 festosque
1535 4424 1650 4477 dics
1699 4422 1920 4475 Christo
1948 4421 2015 4472 ab
2058 4420 2247 4473 inl'eris
2288 4435 2399 4472 ma-

2515 3262 2651 3315 quas
2684 3263 2714 3298 e
2743 3243 2903 3297 codd.
2954 3241 3009 3295 S.
3046 3240 3253 3310 Cyriaci
3289 3236 3664 3291 Ilensclienius
3717 3244 3769 3288 et
3806 3235 4083 3304 Papebro-

2514 3339 2671 3391 chius
2725 3336 3031 3389 ediderunt.
3097 3330 3204 3383 AA.
3245 3328 3343 3381 SS.
3408 3327 3538 3380 Boil.
3610 3326 3781 3379 Martii
3832 3326 3891 3378 T.
3943 3326 3981 3377 Il
4027 3343 4080 3393 p.

2517 3428 2649 3480 VIII.
2689 3426 2774 3478 IX.

2584 3520 2659 3588 (9)
2697 3514 3141 3585 Martyrologium
3187 3509 3445 3570 Usuardi,
3490 3507 3601 3559 AA.
3642 3506 3743 3561 SS.
3783 3506 3918 3560 Boll.
3955 3506 4081 3559 Mai.

2509 3611 2571 3665 T.
2603 3610 2743 3677 VIp.
2782 3608 2832 3659 ες.
2871 3608 2959 3659 54.

2580 3700 2689 3770 (10)
2728 3697 2931 3751 Adonis
2987 3693 3136 3746 arch.
3176 3690 3370 3742 Virnn.
3413 3688 3884 3757 Martyrologium,
3938 3684 4081 3738 Bibl.

2509 3792 2645 3844 Max.
2681 3789 2783 3842 PP.
2818 3786 2988 3855 Lugd.
3023 3784 3085 3837 Τ.
3124 3782 3234 3835 XVI
3269 3798 3318 3851 p.
3355 3780 3477 3833 852.
3512 3779 3636 3833 831.

2584 3878 2939 3949 (lilNotkeri
2979 3875 3437 3944 Martyrologium,
3495 3869 3742 3923 Galland.
3796 3867 3936 3920 Bibl.
3973 3867 4079 3920 PI’.

2506 3972 2568 4025 τ.
2597 3971 2711 4024 xm
2750 3987 2799 4039 p.
2821 3968 2971 4029 t760.
3005 3967 3124 4019 763.

2576 4063 2683 4132 (12)
2715 4060 2877 4115 Vetus
2918 4059 3221 4109 Romanum
3257 4052 3720 4122 martyrologium,
3767 4050 3900 4102 Bibl.
3934 4047 4081 4101 Max.

2506 4154 2605 4206 PP.
2635 4153 2803 4221 Lugd.
2824 4150 2886 4202 Τ.
2920 4147 3034 4202 XVI
3064 4164 3113 4216 p.
3144 4144 3268 4198 812.
3304 4144 3743 4213 Martyrologium
3774 4141 4081 4193 Romanum

2502 4248 2587 4300 ed.
2618 4244 2883 4297 Baronius
2905 4242 2968 4293 ad
3003 4241 3057 4293 II.
3088 4238 3178 4291 dd.

2574 4334 2683 4402 (l5)
2716 4333 2873 4385 Plura
2920 4326 3303 4397 martyrologia
3351 4334 3704 4379 recensentur
3745 4339 3773 4375 a
3820 4323 4083 4375 Bollaudo

2502 4427 2610 4478 AA.
2647 4424 2743 4477 SS.
2778 4422 2888 4475 Ian.
2929 4418 2991 4472 T.
3032 4417 3050 4469 1
3082 4434 3133 4485 p.
3171 4417 3257 4470 84.

843 4520 1035 4591 gniﬁce
1093 4519 1335 4571 redeunti
1398 4532 1585 4571 sacros
1637 4516 1760 4567 boni
1807 4514 2003 4568 ominis
2034 4527 2195 4566 causa
2233 4510 2402 4565 edidit
2438 4547 2476 4597 ι)
2578 4515 2687 4585 (14)
2716 4513 2794 4567 Cf.
2829 4511 3184 4579 Menologium
3215 4508 3416 4567 Sirleti,
3443 4506 3583 4575 quod
3610 4505 3861 4560 Canisius
3891 4505 4084 4560 edidit.

846 4610 883 4663 I.
916 4610 972 4672 S,
1007 4608 1063 4662 S.
1098 4607 1209 4660 Sal.
1248 4605 1415 4658 Thur.
1458 4602 1515 4657 S.
1546 4603 1649 4657 LL.
1690 4602 1744 4657 S.
1784 4602 1948 4657 Halae
1965 4603 2404 4672 Magdeburgicne

845 4702 1220 4767 1745;altera
1289 4699 1391 4751 hoc
1459 4697 1772 4750 inscribitur
1834 4697 1988 4749 titulo
2041 4714 2053 4747 :
2120 4693 2403 4763 Specimen

845 4793 1374 4847 animadversionum
1426 4792 1479 4843 in
1534 4791 1740 4857 aliquot
1772 4788 2033 4856 opuscula
2064 4802 2254 4856 graeca
2292 4786 2405 4838 Ma—

845 4887 1003 4945 carii,
1037 4885 1089 4937 in
1109 4883 1337 4935 natalem
1373 4880 1514 4933 diem
1547 4881 1648 4932 viri
1678 4895 1887 4932 summe
1917 4878 2217 4935 reverendi,
2237 4879 2410 4931 ειεξι-

847 4974 1155 5033 leutissimi,
1195 4972 1497 5025 doctissimi
1540 4969 1872 5037 Sigismundi
1908 4968 2084 5022 Iacobi
2119 4969 2409 5037 Baumgar-

844 5074 934 5115 ten
974 5061 1073 5115 SS.
1104 5060 1290 5113 Tlieol.
1327 5061 1469 5112 doct.
1505 5070 1556 5110 et
1584 5058 1721 5125 prof.
1760 5073 1811 5125 p.
1849 5074 1900 5109 0.
1941 5056 2087 5114 Sem.
2126 5058 2286 5109 IIICOI.
2328 5058 2409 5108 di-

846 5153 1110 5219 rectoris,
1150 5153 1358 5219 patroni
1394 5159 1448 5211 et
1488 5150 1852 5217 praeceptoris
1895 5148 2290 5201 oIIiciosissime
2320 5162 2409 5200 co-

848 5244 1016 5304 lendi,
1048 5244 1180 5295 bene
1206 5240 1607 5295 ominalmndus
1634 5240 1800 5291 edidit
1852 5238 1925 5291 10.
1974 5240 2083 5291 Sal.
2136 5240 2410 5292 Semlerus

850 5333 1087 5387 Salfelda
1126 5332 1389 5400 Tliuring.
1428 5331 1588 5383 Halae
1612 5328 1995 5383 Salicaei746.
2026 5329 2265 5394 Quarum
2296 5329 2408 5381 dis-

848 5426 1201 5480 sertationum
1236 5423 1467 5477 cardoin
1490 5438 1554 5475 eo
1576 5423 1825 5484 vertitur,
1851 5422 2263 5483 utostendatur,
2298 5420 2409 5472 Man

846 5518 977 5570 carii
1001 5518 1224 5585 scripta,
1246 5514 1492 5583 inprimis
1541 5514 1657 5567 eius
1681 5512 1948 5579 Opuscuta
1974 5526 2114 5581 quae
2140 5511 2402 5573 feruntur,

847 5609 1032 5676 δραι-1³
1063 5623 1203 5669 esse,
1274 5606 1339 5661 ad
1377 5605 1521 5673 quod
1553 5603 1945 5661 ostendendum
1997 5604 2191 5671 partim
2222 5604 2404 5657 conie-

846 5700 1039 5763 cturis,
1066 5700 1257 5767 partim
1279 5696 1609 5769 argumentis
1629 5712 1694 5751 ex
1713 5696 1830 5769 ipso
1852 5694 2233 5764 Opusculorum
2257 5702 2405 5751 textu

850 5789 1032 5858 petitis
1063 5790 1245 5841 utitur.

2507 4608 2714 4661 Canisii
2744 4609 2863 4659 lect.
2890 4604 3055 4671 antiq.
3082 4602 3166 4653 ed.
3202 4599 3441 4669 Basnage
3463 4597 3525 4651 T.
3555 4598 3619 4650 111
3649 4614 3698 4667 ρ.
3733 4598 3835 4650 415
3871 4598 3923 4649 in
3956 4599 4081 4653 (inc.

2508 4703 2565 4755 In
2580 4700 2897 4753 (laleiidario
2915 4695 3176 4749 ecclesiae
3196 4690 3818 4756 ConstantinOpolitanae
3835 4691 3919 4744 ed.
3938 4690 4085 4744 Mor-

2511 4793 2628 4845 Gelli
2662 4790 2863 4843 Romae
2899 4785 3032 4839 1788
3056 4785 3118 4837 Τ.
3153 4784 3168 4836 1
3200 4801 3251 4852 p.
3279 4782 3346 4834 85
3370 4782 3433 4833 ad
3478 4780 3596 4833 XIX
3638 4779 3869 4833 Ianuarii
3904 4782 4039 4850 legis
4069 4802 4079 4833 :

2516 4903 2533 4933 ε
2566 4886 2629 4951 τῇ
2671 4883 2805 4949 αὐτῇ
2846 4879 3024 4947 ἡμέρᾳ.
3062 4877 3247 4944 μνήμη
3280 4874 3385 4923 τῶν
3427 4873 3587 4925 ὁσίων
3646 4871 3897 4940 πατέρων
3926 4873 4084 4941 ἡμῶν

2514 4970 2795 5041 Μακαρίου
2826 4968 2917 5020 τοῦ
2964 4965 3231 5034 Ῥῳμαίου
3267 4964 3423 5032 (sic!)
3461 4964 3553 5014 καὶ
3587 4962 3771 5031 ἑτέρου
3793 4963 4081 5032 Μακαρίου

2512 5062 2600 5114 τοῦ
2634 5060 2947 5127 Αἰγυπτίου.
2982 5078 2999 5109 ›

2583 5152 2693 5221 (15)
2718 5150 2773 5203 In
2805 5148 3023 5202 Macarii
3057 5144 3405 5200 Alexandrini
3442 5144 3549 5196 vita
3590 5143 3624 5195 l.
3662 5142 3725 5205 1.,
3756 5151 3807 5195 et
3840 5142 3895 5193 in
3968 5143 4078 5195 vita

2515 5241 2732 5294 Macarii
2770 5238 3011 5307 Aegyptii
3049 5236 3085 5286 1.
3115 5237 3173 5295 1.,
3208 5251 3258 5301 p.
3290 5232 3443 5286 1005.

2584 5332 2696 5395 (10)
2722 5328 3042 5382 Assemanni
3070 5325 3385 5379 Calendaria
3400 5321 3672 5377 Ecclesiae
3697 5323 3987 5377 universae
4009 5323 4076 5375 ad

2513 5423 2629 5477 XIX
2688 5422 2898 5475 Ianuar.
2933 5418 2997 5471 Τ.
3032 5418 3096 5471 Vl
3135 5417 3335 5471 Romae
3360 5415 3495 5467 1755
3530 5430 3583 5483 p.
3622 5414 3688 5467 98
3717 5430 3799 5483 sq.
3833 5416 3947 5467 AA.
3974 5412 4073 5466 SS.

2511 5512 2646 5569 Boll.
2670 5511 2784 5564 Ian.
2816 5508 2878 5563 T.
2915 5507 2933 5559 I
2984 5524 3033 5575 p.
3061 5506 3146 5559 84.

2580 5600 2835 5673 (ιηςῖιι
2891 5616 2940 5669 p.
2981 5598 3099 5651 104.
3142 5595 3256 5666 §25
3282 5610 3334 5664 p.
3396 5595 3575 5665 407.5
3619 5595 3688 5651 δα
3720 5610 3773 5664 p.
3814 5594 3921 5650 125
3944 5612 4068 5668 sqq.

2581 5696 2693 5763 (l8)
2730 5694 2897 5762 Supra
2930 5691 3047 5761 §95
3069 5707 3119 5758 p.
3162 5688 3275 5741 107.
