4274 6358
192 366 297 423 1⁵13

1720 383 1945 441 VITAE.

3343 384 3441 442 Hl-

186 494 412 557 deinde
472 502 617 575 post
688 504 947 559 mortem
1015 500 1149 560 eius
1220 503 1458 562 (’eserta
1526 500 1755 579 Libyae
1786 508 1827 564 A
1860 511 2081 583 pturus
2108 510 2390 586 tempore
2422 503 3164 587 Opportuno.186Tunc
3193 510 3451 565 sanctus

183 595 474 675 petierit?
502 599 669 658 Haec
704 598 891 675 igitur
920 598 1224 662 dubitatio
1260 599 1447 680 plane
1478 608 1767 663 movetur

185 700 309 759 vita
342 699 717 774 Posthumii,
753 719 876 779 qua
906 703 1239 765 Macarium
1274 704 1335 764 S.
1369 702 1615 764 Antonii
1643 702 1762 763 mi-

184 802 455 862 nistrum
505 803 571 863 in
604 803 915 865 coenobio
961 803 1117 874 185
1152 803 1354 883 Pispir
1382 803 1547 865 diem
1583 802 1767 863 etiam

186 919 554 981 supremum
571 903 671 964 obi
681 903 799 964 isse
817 903 1155 965 edocemur
1178 925 1194 963 :
1216 902 1547 965 Macarium
1563 908 1770 965 autem

188 1002 587 1080 Aegyptium,
629 1009 698 1062 ut
726 1019 759 1062 e
778 1002 1051 1063 Palladio
1074 1009 1337 1075 constat,
1360 1003 1425 1063 in
1450 1004 1628 1063 Scete
1660 1001 1769 1081 (1),

188 1108 381 1179 atque
424 1100 936 1174 Alexandrinum,
967 1102 1138 1180 quod
1169 1120 1245 1163 ex
1284 1101 1504 1163 eodem
1550 1099 1770 1161 verisi-

190 1200 521 1261 millimum
594 1208 709 1275 est,
766 1202 831 1262 in
886 1201 1134 1262 Cellulis
1190 1201 1605 1263 obdormiisse
1646 1201 1769 1261 sci-

190 1320 331 1363 mus
352 1301 453 1381 (2).
479 1304 547 1361 In
568 1302 685 1362 vita
708 1303 874 1363 enim
899 1302 1002 1363 illa
1034 1301 1187 1363 haec
1217 1301 1509 1379 leguntur
1536 1318 1547 1360 :
1571 1325 1597 1355 α
1616 1302 1774 1362 Nota

192 1398 379 1474 igitur
407 1396 566 1457 facta
609 1405 702 1457 est
750 1405 966 1459 sancto
1007 1399 1296 1472 Macario,
1332 1399 1569 1460 scilicet
1610 1399 1775 1460 beati

191 1498 443 1557 Antonii
489 1497 821 1575 discipulo.
874 1498 1262 1559 conversatio
1308 1498 1675 1569 Posthumii,
1715 1504 1776 1557 et

194 1598 446 1658 celebre
471 1599 605 1659 eius
647 1599 878 1661 factum
901 1606 994 1659 est
1031 1615 1289 1671 nomen,
1323 1598 1649 1676 visumque
1684 1604 1776 1657 est

193 1699 307 1770 illi,
340 1700 416 1759 ad
448 1699 615 1761 hunc
639 1700 810 1761 abire
842 1701 906 1760 in
941 1717 1245 1760 eremum.
1279 1701 1428 1759 Nam
1461 1698 1623 1758 idem
1646 1700 1778 1758 Ma-

194 1798 399 1858 carius
431 1799 508 1859 ab
561 1799 785 1859 illustri
834 1801 961 1859 viro
1006 1798 1273 1859 Antonio
1320 1796 1776 1859 monachorum

194 1893 329 1956 fere
380 1896 831 1975 quinquaginta
895 1896 1084 1957 millia
1135 1902 1492 1974 susceperat
1541 1896 1772 1972 guber-

197 1994 426 2055 nanda.
486 1996 780 2057 Eiusdem
840 1996 1027 2073 igitur
1101 1995 1351 2058 Macarii
1421 1996 1624 2056 exitus
1699 1992 1779 2054 de

198 2095 453 2157 saeculo
496 2097 1069 2177 apprOpinquabat,
1117 2103 1178 2157 et
1212 2094 1539 2157 Dominico
1581 2093 1777 2172 gregi,

201 2200 346 2277 quis
396 2206 539 2277 post
593 2199 729 2260 eius
764 2214 1090 2260 excessum
1141 2196 1482 2274 magisterii
1524 2194 1780 2256 nomine

205 2299 673 2377 subrogaretur,
742 2299 1192 2378 inquirebatur.
1243 2298 1506 2358 Sanctus
1568 2295 1781 2372 itaque

204 2400 510 2460 Macarius
554 2417 697 2461 cum
734 2399 811 2460 ad
858 2405 1141 2460 sanctum
1192 2397 1460 2458 venisset
1510 2394 1781 2455 Posthu-

208 2501 424 2571 mium,
464 2500 710 2577 excepit
739 2516 881 2559 eum
903 2498 1190 2569 libenter,
1226 2493 1564 2573 praecipue
1604 2491 1784 2553 cuius

207 2600 331 2660 iam
369 2601 449 2660 ab
481 2599 704 2674 angelo
733 2598 960 2659 famam
982 2596 1281 2658 audierat.
1335 2595 1471 2653 Non
1503 2607 1653 2668 ergo
1680 2590 1786 2650 ille

209 2710 277 2761 ut
307 2700 569 2778 hospes,
594 2698 703 2759 sed
727 2700 860 2759 eius
880 2696 1189 2759 subtiliter
1211 2692 1536 2773 explorare
1558 2706 1789 2770 pr0po-

208 2804 395 2863 situm
412 2808 685 2862 venerat.
704 2802 895 2861 Porro
920 2797 1165 2859 Macarii
1189 2794 1590 2874 adspectibus
1618 2793 1787 2852 Post-

210 2902 410 2965 humii
450 2902 830 2981 complacuit
851 2898 1263 2968 conversatio,
1285 2903 1345 2957 et
1364 2912 1507 2956 eum
1528 2892 1789 2954 suadere

209 3003 443 3081 coepit,
467 3009 535 3063 ut
558 3001 755 3062 sancti
793 2999 1046 3060 Antonii
1067 2998 1581 3059 anachoretarum
1624 2992 1793 3070 prin-

212 3105 372 3181 cipis
416 3121 543 3164 non
585 3107 939 3179 gravaretur
1008 3099 1252 3159 visitare
1302 3094 1619 3173 reliquias.
1667 3090 1791 3151 Sed

1869 604 2268 667 Posthumius
2310 605 2575 685 pedibus
2602 604 2737 665 eius
2765 603 3133 683 provolutus
3173 602 3257 663 ait
3292 602 3444 663 :Ca-

1869 705 2115 767 rissime
2133 711 2332 787 pater,
2359 705 2679 785 quomodo
2700 703 2855 766 mihi
2876 710 2999 765 tam
3019 718 3278 780 magnae
3290 700 3451 762 mul-

1869 803 2151 865 titudinis
2170 820 2380 865 curam
2403 804 2699 882 imponis,
2715 802 2947 863 rustico
2962 800 3221 873 homini,
3238 800 3449 860 literas

1872 901 2215 965 nescienti?
2235 903 2498 965 Provide
2515 902 2702 979 igitur
2727 920 2804 963 ex
2827 902 2903 962 iis
2928 901 3217 961 meritum
3238 898 3444 960 homi-

1873 1019 2042 1077 nem,
2074 1003 2184 1081 qui
2239 1002 2436 1082 possit
2464 1019 2607 1063 cum
2638 999 3056 1063 sollicitudine
3080 1005 3281 1060 tantas
3306 998 3445 1059 ani-

1872 1121 2006 1164 mas
2046 1120 2263 1180 regere
2316 1102 2719 1181 populorum.
2771 1103 2944 1161 Tunc
3001 1099 3301 1161 Macarius
3365 1100 3450 1159 ait

1875 1204 2240 1265 Posthumio
2284 1202 2776 1264 :Excusationes
2820 1217 2951 1260 non
2981 1199 3189 1271 audio,
3240 1214 3450 1275 neque

1878 1324 2094 1368 causas
2115 1307 2373 1386 recipio;
2395 1305 2460 1365 hi
2494 1304 2663 1366 enim
2687 1319 2905 1364 omnes
2927 1297 3043 1361 sub
3085 1307 3191 1360 tua
3212 1299 3450 1359 ditione

1878 1410 2243 1481 manebunt,
2294 1424 2411 1468 nec
2451 1406 2608 1467 alius
2652 1410 2744 1465 est
2776 1410 2983 1464 tantae
3042 1399 3452 1461 abstinentiae

1877 1505 1991 1579 vir,
2020 1506 2129 1585 qui
2150 1505 2346 1584 possit
2364 1504 2541 1564 istius
2572 1500 2794 1581 populi
2820 1500 3165 1577 gubernare
3188 1497 3447 1568 animas,

1876 1620 1948 1664 ac
1995 1603 2257 1664 sollicite
2311 1606 2686 1679 pertractare
2730 1616 2743 1671 ;
2780 1604 2841 1658 et
2875 1604 2943 1657 ut
2976 1596 3204 1657 certius
3225 1594 3451 1665 dicam,

1878 1702 2277 1765 dilectissime
2313 1701 2524 1771 frater,
2567 1706 2629 1761 te
2660 1697 2964 1759 electione
2997 1712 3110 1756 sua
3155 1694 3455 1754 Dominus

1880 1803 2224 1880 designavit
2242 1802 2318 1863 ad
2340 1798 2807 1879 suscipiendum
2831 1796 2997 1856 hunc
3020 1793 3345 1855 ministerii
3367 1792 3456 1853 lo-

1880 1920 2063 1974 cum;
2096 1918 2494 1980 nequaquam
2538 1895 2983 1975 ergO'coelesti
3025 1894 3257 1973 poteris
3298 1908 3454 1953 con-

1879 2003 2186 2065 tradicere
2232 1999 2516 2062 iussioni.
2573 1997 2737 2058 Nihil
2775 2014 2849 2057 ex
2879 1995 3000 2057 hoc
3055 1990 3458 2055 Posthumius

1878 2103 2123 2166 locutus
2192 2108 2285 2162 est
2355 2099 2646 2171 Macario,
2703 2096 2813 2158 sed
2866 2096 3015 2156 dum
3068 2093 3201 2154 eius
3268 2090 3458 2151 verba

1882 2219 2097 2264 secum
2156 2202 2221 2262 in
2257 2201 2467 2263 animo
2529 2197 2827 2270 volveret,
2879 2193 3183 2256 Macarius
3254 2191 3461 2252 emisit

1883 2307 2192 2385 spiritum,
2249 2306 2583 2383 statimque
2624 2301 3007 2382 pOpulorum
3037 2299 3259 2377 ingens
3278 2295 3461 2357 turba

1882 2407 2122 2468 intente
2143 2406 2219 2467 ad
2246 2405 2437 2465 funus
2457 2410 2738 2465 currunt.
2767 2400 2858 2460 Ibi
2879 2397 3277 2478 psallentium
3300 2394 3462 2455 mul-

1884 2508 2084 2569 titudo
2115 2506 2373 2568 diversis
2419 2504 2799 2583 hymnorum
2824 2498 3105 2570 vocibus,
3129 2495 3304 2575 quasi
3332 2510 3461 2555 uno

1887 2627 2017 2681 ore,
2079 2609 2295 2669 laudes
2340 2608 2468 2667 Deo
2497 2605 2827 2675 canebant,
2879 2600 3082 2663 donec
3125 2614 3354 2677 corpus
3385 2594 3465 2655 ad

1889 2709 2294 2790 sepulchrum
2341 2706 2757 2768 deduceretur
2809 2700 3231 2770 humandum;
3276 2713 3465 2757 nemo

1887 2816 2096 2871 tamen
2128 2807 2533 2869 vehementer
2569 2803 2820 2866 dolebat
2847 2820 2948 2874 eo,
2999 2799 3172 2883 quod
3216 2803 3468 2858 sanctus

1889 2910 2190 2972 Macarius
2210 2916 2337 2969 tam
2364 2906 2664 2966 velociter
2684 2901 3137 2963 monasterium
3156 2897 3470 2974 relinque-

1891 3017 2008 3084 ret,
2028 3010 2324 3089 quoniam
2345 3006 2645 3066 Dominus
2669 3002 2933 3065 similem
2958 3000 3015 3061 ei
3036 2996 3470 3059 Posthumium

1895 3110 2065 3189 gregi
2086 3126 2199 3169 suo
2214 3107 2575 3184 magistrum
2597 3102 2950 3184 providerat
2975 3100 3080 3180 (3).
3111 3124 3139 3156 ιο
3158 3097 3470 3177 Quidquid

212 3221 359 3264 cum
395 3205 567 3263 omni
596 3202 817 3261 virtute
864 3199 1239 3260 reniteretur
1261 3203 1321 3257 et
1351 3196 1520 3256 abire
1546 3192 1794 3271 penitus
1822 3186 1862 3242 C
1894 3186 2082 3289 {gmw
2109 3209 2185 3270 de
2211 3208 2325 3269 hac
2356 3206 2478 3267 vim
2510 3204 2748 3276 statuis,
2782 3202 2898 3263 etsi
2923 3202 3071 3262 satis
3102 3200 3360 3277 antiqua
3396 3216 3471 3258 ea

216 3302 546 3374 noluisset,
605 3301 671 3360 in
717 3300 953 3360 somnis
984 3296 1383 3359 Posthumius
1422 3293 1556 3353 sine
1587 3290 1797 3367 aliquo

216 3403 617 3465 cunctamine
668 3401 759 3461 ire
812 3401 1017 3461 iussus
1075 3398 1318 3458 divinae
1369 3391 1800 3455 contradicere

221 3522 350 3565 non
401 3506 643 3580 poterat
703 3498 1029 3559 maiestati.
1088 3500 1305 3575 Itaque
1351 3511 1495 3555 cum
1536 3491 1801 3552 Macario

219 3602 585 3679 aggreditur
617 3601 757 3671 iter,
790 3598 1250 3659 multitudinem
1301 3592 1804 3670 congregationis

220 3698 702 3768 monachorum,
737 3714 897 3774 quae
938 3714 971 3755 a
1001 3695 1135 3755 solo
1170 3690 1632 3769 gubernabatur
1672 3690 1799 3748 Ma-

221 3800 417 3871 cario,
465 3798 807 3874 ingressus,
900 3794 979 3854 de
1036 3810 1162 3872 quo
1242 3806 1430 3868 saepe
1509 3787 1801 3858 diximus,

222 3915 458 3976 corpus
488 3897 807 3975 sepeliisse
846 3892 1143 3970 magistri,
1196 3907 1339 3952 cum
1370 3887 1625 3967 spiritus
1671 3886 1805 3945 eius

225 4006 483 4059 vocatus
513 4003 604 4058 cst
626 4013 701 4055 ex
724 3993 995 4054 saeculo.
1028 3990 1143 4063 Qui
1166 4008 1306 4051 cum
1329 4006 1396 4049 se
1426 3988 1492 4048 in
1523 3993 1805 4048 extremo

228 4100 389 4158 vitae
416 4097 591 4157 istius
623 4092 984 4173 temporalis
999 4091 1369 4169 adspiceret,
1405 4086 1703 4148 advocato
1725 4082 1804 4143 ad

228 4215 297 4257 se
325 4202 541 4257 sancto
568 4194 958 4263 Posthumio,
990 4191 1075 4251 ita
1121 4206 1378 4249 exorsus
1412 4192 1503 4247 est
1538 4185 1596 4245 ei
1628 4202 1640 4243 :
1691 4183 1805 4255 En,

228 4298 442 4367 frater,
476 4304 727 4374 tempus
757 4290 1155 4355 resolutionis
1186 4305 1360 4350 meae
1396 4287 1616 4357 instat;
1650 4301 1805 4364 qua-

238 4405 500 4479 pr0pter
547 4397 809 4457 audiens
863 4396 1100 4455 bonum
1153 4386 1576 4450 testimonium
1624 4385 1701 4444 de
1722 4389 1805 4456 te,

234 4470 427 4560 tinem
485 4495 824 4557 senectutis
873 4508 1051 4553 meae
1107 4488 1437 4551 debilitatis
1505 4476 2210 4563 supposuiDMacarios
2310 4472 2478 4551 quod
2580 4470 2830 4543 attinet,

236 4598 552 4677 gressibus
581 4596 656 4657 ad
690 4592 1168 4674 pertingendum
1199 4606 1399 4667 usque
1420 4585 1495 4647 ad
1522 4596 1604 4645 te.
1630 4586 1807 4644 Nunc

236 4701 427 4777 igitur
448 4698 609 4757 bene
634 4694 832 4755 fecisti
856 4694 1065 4754 venire
1090 4707 1357 4751 mecum.
1383 4686 1641 4763 Suscipe
1661 4701 1809 4759 ergo

238 4810 502 4883 paterno
535 4813 747 4859 amore
770 4811 1020 4873 gregem
1044 4791 1153 4852 Dei
1182 4790 1258 4849 ad
1284 4786 1648 4865 regendum.
1672 4782 1811 4842 Noli

238 4881 567 4981 quaerere,
592 4895 762 4974 quod
790 4894 903 4954 tibi
928 4892 1078 4953 utile
1097 4897 1211 4962 est,
1246 4888 1353 4949 sed
1389 4884 1559 4965 quod
1577 4881 1806 4950 multis,

240 4979 303 5062 ut
346 4997 499 5059 salvi
539 4995 717 5066 ﬁant;
768 5010 845 5053 ne
877 5008 1027 5069 ergo
1057 5006 1248 5066 neges
1277 4981 1658 5063 suscipiendi
1690 4979 1808 5039 ho-

243 5100 417 5162 noris
474 5096 757 5174 gratiam,
795 5090 1150 5153 mercedem
1201 5104 1236 5147 a
1291 5085 1555 5146 Domino
1628 5095 1806 5141 rece—

315 5282 391 5349 (1)
427 5282 602 5348 Supra
643 5279 667 5349 §
707 5278 770 5330 1‘2
804 5276 971 5346 ιλιι.

316 5374 393 5436 (1')
424 5373 597 5438 Supra
630 5368 655 5439 ς
688 5369 751 5421 21
794 5383 841 5436 ρ
886 5366 974 5421 86.
1008 5362 1129 5434 §30
1162 5377 1212 5429 p.
1246 5360 1368 5413 127.

322 5463 395 5526 t5)
439 5460 558 5512 Vita
608 5460 665 5511 S.
723 5456 1029 5511 Posthumii
1073 5469 1191 5522 cap.
1238 5452 1287 5513 7,
1317 5448 1426 5503 νγ.
1477 5446 1579 5499 PP.
1633 5446 1811 5498 Rosw.

249 5571 303 5625 p.
334 5554 438 5606 ‘23“
468 5568 549 5619 sq.

322 5645 399 5714 (4)
438 5642 466 5705 §
495 5642 591 5719 24.
619 5658 671 5710 p.
704 5641 805 5695 {03
846 5655 927 5705 sq.

325 5734 401 5801 (5)
435 5718 768 5783 Ηίειζιιδυε.
802 5729 886 5783 ed.
928 5725 1125 5781 Meurs.
1159 5738 1278 5777 can.
1317 5721 1381 5775 18
1443 5719 1577 5788 Opp.
1616 5718 1815 5772 Mcnrs.

254 5824 295 5878 1.
326 5823 366 5879 ι.
403 5838 455 5893 p.
484 5821 607 5876 385.
644 5821 725 5874 Cf.
756 5820 973 5873 Soloni.
1013 5816 1145 5869 Ilisl.
1176 5814 1316 5866 Em".
1351 5808 1517 5864 Iib.\/l
1572 5827 1687 5879 cap.
1725 5810 1813 5865 ἓξ).

1898 3328 2035 3372 esse
2100 3310 2400 3380 videatur,
2469 3312 2726 3384 apparet
2794 3310 3026 3374 tamen,
3114 3300 3471 3372 Macarium,

1900 3426 2089 3487 quem
2136 3407 2297 3467 vitae
2355 3405 2621 3482 scriptor
2699 3402 2759 3461 S.
2816 3400 3063 3461 Antonii
3095 3397 3474 3477 discipulum

1900 3514 2079 3568 vocat
2119 3513 2181 3567 et
2234 3506 2607 3576 ministrum,
2666 3502 2773 3581 qui
2807 3517 3037 3579 corpus
3086 3499 3219 3560 eius
3243 3496 3473 3576 sepeli-

1900 3610 2077 3680 vcrit,
2128 3604 2577 3682 monachisque
2619 3610 2761 3682 post
2798 3607 3064 3661 mortem
3111 3600 3170 3658 S.
3224 3596 3477 3657 Antonii

1904 3704 2261 3785 praefuerit,
2286 3720 2320 3763 a
2347 3702 2576 3763 nostris
2628 3698 2908 3760 Macariis
2950 3697 3263 3757 diversum
3311 3710 3472 3752 esse.

1906 3808 2297 3884 QuaprOpter
2324 3804 2505 3863 etiam
2550 3801 2703 3861 duas
2735 3799 2870 3859 illas
2898 3798 2975 3859 de
3031 3797 3299 3857 Macario
3333 3811 3477 3871 gra-

1904 3906 2129 3965 tiarum
2151 3906 2212 3964 S.
2257 3902 2507 3964 Antonii
2542 3900 2812 3962 haerede
2840 3896 3150 3967 historias,
3181 3911 3338 3972 quas
3368 3910 3475 3952 su-

1908 4022 2018 4083 pra
2049 4023 2083 4065 e
2114 4004 2459 4064 Meursiana
2498 4000 2804 4062 Historiae
2835 3998 3164 4058 Lausiacae
3204 3993 3479 4053 editione

1908 4102 2151 4180 spurias
2180 4100 2576 4161 exhibuimus
2598 4097 2703 4174 t4).
2734 4095 2811 4158 ad
2842 4094 3282 4173 Pispiritanum
3312 4090 3477 4152 refe-

1909 4204 2133 4265 rendas
2164 4219 2299 4263 esse
2322 4199 2693 4262 crediderim
2709 4243 2722 4255 .

1994 4382 2019 4452 §
2085 4376 2177 4436 46.
2233 4375 2324 4435 Ad
2373 4381 2613 4435 ceteros
2674 4371 2902 4432 deinde
2944 4370 3120 4429 istius
3179 4366 3482 4445 temporis

2924 4466 3122 4529 nostri
3227 4464 3484 4545 quidem

1914 4575 2160 4637 Macarii
2233 4590 2267 4633 a
2360 4572 2627 4633 Macario
2716 4570 2985 4641 iuniore,
3068 4566 3199 4647 qui,
3289 4581 3484 4643 quum

1916 4678 2107 4737 boves
2179 4690 2443 4752 pascens
2520 4671 2775 4733 caedem
2832 4668 2997 4729 haud
3067 4666 3481 4745 praemedita-

1918 4784 2043 4836 tam
2112 4778 2549 4853 perpetrasset,
2600 4772 2665 4831 in
2737 4768 3073 4831 solitudine
3140 4765 3487 4827 monachus

1920 4874 2370 4954 poenitentiam
2439 4870 2660 4948 agebat
2734 4869 2878 4950 (5),
2956 4876 3023 4929 et
3113 4884 3147 4928 a
3218 4865 3487 4926 Macario

1923 4974 2078 5042 187
2172 4970 2577 5031 Alexandriae
2659 4969 3030 5047 presbytero
3126 4964 3490 5046 ptochotro—

1918 5073 2181 5153 pbiique
2210 5070 2609 5131 Alexandrini
2639 5069 2957 5149 praefecto
2993 5068 3101 5147 (6),
3147 5085 3266 5128 nec
3296 5083 3426 5127 non
3453 5084 3489 5125 a

1922 5258 2237 5313 Cassiodor.
2284 5255 2430 5310 Hist.
2484 5256 2699 5323 tripart.
2745 5254 2841 5307 lib.
2890 5251 3002 5304 Vlll
3031 5255 3161 5319 cap.
3196 5251 3222 5303 ί
3262 5249 3316 5301 in
3359 5248 3489 5306 ﬁne.

1922 5348 2212 5417 Nicephor.
2245 5348 2456 5400 Callist.
2488 5345 2701 5405 Eccles,
2729 5343 2869 5397 Hist.
2905 5344 2997 5396 lib.
3028 5340 3095 5395 XI
3127 5356 3248 5409 cap.
3284 5340 3374 5392 35.

1996 5440 2073 5507 (6)
2109 5438 2246 5491 Hist.
2280 5436 2445 5489 Laus.
2470 5437 2557 5489 ed.
2618 5434 2820 5487 Meurs.
2855 5448 2970 5500 cap.
3009 5432 3039 5483 7
3092 5428 3227 5499 Opp.
3282 5428 3488 5482 Meurs.

1928 5535 1963 5587 Ι.
1984 5534 2017 5584 Ι.
2052 5548 2103 5601 p.
2138 5530 2235 5583 757
2259 5545 2341 5599 sq.
2369 5530 2508 5581 Idem
2531 5527 2795 5579 Macarius
2828 5524 3108 5593 presbyter
3128 5520 3491 5574 Alexandriae

1930 5627 2097 5680 fuisse
2156 5623 2395 5683 videtur,
2458 5636 2616 5689 quem
2682 5618 2903 5671 laudant
2956 5616 3112 5667 Socr.
3153 5612 3294 5667 llist.
3338 5611 3487 5664 Eccl.

1930 5721 2019 5772 lib.
2050 5718 2087 5769 Ι.
2118 5732 2239 5785 cap.
2290 5716 2381 5779 27;
2409 5712 2625 5765 Sozom.
2662 5710 2799 5764 Hist.
2830 5708 2973 5761 Eccl.
3013 5706 3107 5758 lib.
3146 5705 3185 5757 ll
3224 5719 3344 5773 cap.
3378 5702 3507 5767 23,.

1934 5823 2043 5865 tum
2072 5807 2453 5869 Cassiodorus,
2487 5802 2827 5873 Nicephorus
2861 5800 3121 5856 Callistus
3152 5804 3257 5850 cct.
