4274 6358
777 316 883 372 175
1397 310 1499 367 SS.
1541 310 1999 369 MACABIORUM
2038 310 2356 366 AEGYPTII
2422 310 2510 366 ET
2566 311 3028 368 ALEXANDRINI
3072 309 3328 366 VITAE.
3920 302 4029 359 176

777 428 1041 494 Macario
1076 430 1655 514 Hierosolymorum
1696 437 1995 516 episcopo
2034 434 2147 513 (ι),
2183 434 2345 496 aliis-
2373 439 2419 495 A
2446 452 2559 509 ne,
2601 453 2765 515 quae
2795 434 2874 496 de
2922 432 3194 495 Macario
3250 425 3667 491 Alexandrino
3712 421 4026 485 Palladius

778 532 996 614 que(2)
1012 532 1305 597 facillime
1344 534 1761 613 distinguitur.
1794 536 1915 597 Sed
1955 553 2079 597 una
2120 552 2345 614 super-
2451 535 2768 614 ceterique
2796 533 3220 605 tradiderunt,
3256 530 3314 592 ei
3349 526 3807 592 contradicunt.
3829 526 4024 583 Acce-

779 640 875 696 est
918 632 1245 696 difﬁcultas
1271 682 1287 707 ,
1346 653 1533 715 quam
1593 637 1806 698 obiicit
1852 636 2269 713 fragmentum
2315 652 2351 696 e
2450 634 2758 715 dit,quod
2802 634 3133 707 Palladius,
3160 638 3413 711 qmtres
3434 643 3632 690 annos
3652 641 3793 686 cum
3815 624 4026 683 Maca-

778 751 1069 797 sermone
1105 735 1378 817 Philippi
1410 737 1686 799 Sidensis
1730 739 1913 798 XXIV
1943 740 2010 799 in
2047 737 2351 798 Gallandii
2452 735 2547 795 rio
2568 735 2987 795 Alexandrino
3011 731 3251 814 vixitiS)
3274 780 3288 805 ,
3309 738 3369 791 et
3386 724 3817 803 Ruﬁnus,qui,
3840 721 4028 800 Didy—

779 833 1162 896 Bibliotheca
1185 836 1300 895 PP.
1326 852 1647 910 excusum,
1671 855 1799 916 quo
1820 836 2071 899 scholae
2085 836 2351 897 Alexan-
2453 850 2558 893 mo
2591 850 2700 893 sex
2728 849 2928 894 annos
2950 830 3261 903 audito,in
3284 843 3561 890 eremum
3586 823 3662 886 ad
3693 821 4028 884 Macarium

780 933 993 994 drinae
1039 940 1486 995 enumerantur
1531 936 1894 1014 praepositi.
1939 936 2030 996 Ab
2078 936 2352 997 Athena-
2454 934 2775 1014 profectus
2796 943 2889 994 est
2916 932 3213 1014 (6),illius
3242 932 3331 993 rei
3364 948 3442 992 ne
3474 928 3848 991 levissimam
3880 925 4027 1004 qui-

781 1046 930 1109 gora
962 1030 1152 1104 enim,
1184 1032 1291 1111 qui
1317 1033 1613 1095 Hadriani
1642 1042 1704 1097 et
1733 1035 2031 1096 Antonini
2055 1035 2357 1115 tempori-
2457 1034 2602 1096 dem
2644 1035 3030 1096 mentionem
3067 1033 3321 1095 faciunt.
3354 1032 3444 1093 Ex
3475 1030 3704 1109 quibus
3738 1043 3854 1104 ego
3883 1025 4029 1104 qui-

779 1134 899 1195 bus
934 1133 1235 1206 ﬂorebat,
1281 1134 1623 1213 incipiens,
1673 1137 1999 1198 recensitis
2035 1134 2356 1197 nonnullis
2456 1135 2599 1195 dem
2663 1135 2969 1209 coniicio,
3042 1134 3379 1195 Macarium
3444 1146 3719 1227 quoque!
3767 1131 4033 1227 πολιταρν

782 1232 919 1294 aliis
946 1233 1024 1294 ad
1044 1233 1452 1312 Serapionem
1478 1236 1734 1310 transit,
1771 1259 1799 1292 α
1832 1253 2045 1314 quem,
2070 1258 2098 1291 »
2126 1235 2353 1314 inquit,
2455 1234 2656 1309 illum,
2704 1234 2958 1297 scholae
3010 1233 3461 1294 Alexandrinae
3495 1231 3656 1300 188
3692 1224 4034 1306 aliquando

787 1354 815 1386 α
856 1332 1103 1411 excepit
1138 1349 1405 1410 magnus
1440 1334 1546 1396 ille
1574 1336 1794 1397 Petrus
1822 1336 2159 1414 episcopus
2190 1353 2355 1396 mar-
2458 1335 2817 1407 antistitem,
2849 1351 2885 1396 a
2917 1334 3147 1395 nostris
3169 1332 3449 1394 Macariis
3478 1331 3791 1391 diversum
3812 1326 4035 1386 fuisse.

784 1431 946 1509 tyrio
992 1430 1287 1509 inclytus.
1354 1435 1503 1495 Post
1546 1436 1800 1496 Petrum
1858 1436 2194 1509 Macarius,
2251 1437 2359 1513 qui
2459 1436 2621 1495 Num
2648 1452 2799 1495 vero
2834 1434 3136 1495 Macarius
3166 1433 3492 1512 presbyter
3518 1431 3634 1491 iste
3665 1426 4036 1489 Alexandri—

788 1535 1053 1597 πολιτικός
1104 1547 1142 1591 a
1197 1533 1620 1594 conterraneis
1694 1540 1789 1594 est
1859 1535 2355 1611 cognominatus.
2460 1552 2580 1595 nus
2613 1535 2869 1595 antistes
2895 1533 3146 1595 scholae
3184 1533 3351 1594 illius
3386 1529 3749 1592 statuendus
3774 1527 3885 1600 sit,
3914 1542 4037 1588 ne-

786 1630 933 1689 Post
960 1646 1104 1690 eum
1136 1629 1433 1709 Didymus
1453 1678 1470 1707 ,
1515 1638 1661 1712 post
1688 1634 2025 1713 Didymum
2062 1634 2357 1707 Rhodon,
2463 1650 2586 1714 que
2615 1650 2844 1711 negare.
2874 1649 3085 1712 neque
3116 1634 3422 1695 afﬁrmare
3454 1631 3677 1694 ausim.

789 1730 899 1807 qui
920 1729 1105 1836 etiam
1117 1779 1139 1836 ,.
1152 1738 1221 1792 ut
1240 1732 1415 1794 testis
1438 1738 1532 1794 est
1549 1732 1685 1811 ipse
1708 1732 2058 1813 Philippus,
2082 1732 2360 1836 scholam
2392 1782 2434 1836 Β

787 1828 1098 1889 transtulit
1123 1829 1189 1889 in
1208 1830 1379 1891 illam
1398 1832 1598 1910 ipsam
1620 1832 1929 1893 civitatem
1956 1833 2144 1894 Siden
2163 1833 2361 1912 impe—
2392 1822 2434 1836 ”
2541 1833 2757 1910 Itaque
2788 1830 3189 1911 quaestiones
3217 1829 3295 1891 de
3312 1828 3719 1890 Macariorum
3750 1822 4043 1903 Aegyptii

790 1932 967 1988 rante
999 1944 1227 2004 magno
1255 1929 1631 1993 Theodosio.
1673 1932 1873 1993 Huius
1917 1932 2245 1994 Rhodonis
2293 1950 2359 1995 se
2467 1937 2529 1993 et
2574 1932 2973 1993 Alexandrini
3022 1930 3163 1992 vitis
3209 1928 3609 1991 absolvimus.
3665 1926 3755 1987 Ad
3811 1925 4045 2003 scripta

794 2025 1166 2105 discipulum
1200 2027 1390 2090 fuisse
1433 2030 1517 2091 ait
1548 2030 1949 2111 Philippus...
1989 2055 2018 2088 υ
2063 2032 2167 2113 (3).
2204 2033 2358 2106 Quid
2467 2049 2683 2094 eorum
2705 2030 3481 2111 quodattinet,eaquidem
3498 2028 4043 2106 dignissimasunt,

792 2125 1017 2203 igitur?
1046 2128 1206 2188 Num
1240 2131 1540 2192 Macarius
1567 2132 2042 2208 Alexandrinus,
2080 2136 2190 2212 qui
2218 2134 2360 2195 Pal-
2468 2134 2545 2193 de
2566 2133 2793 2212 quibus
2819 2131 3003 2192 simili
3040 2130 3279 2192 ratione
3300 2129 3647 2191 accuratius
3667 2127 4043 2207 inquiratur.

794 2225 961 2288 ladio
998 2225 1261 2305 aliisque
1303 2230 1564 2291 testibus
1609 2238 1877 2292 πολιτικός
1919 2250 1955 2296 a
2008 2234 2365 2295 coaetaneis
2468 2233 2589 2293 Sed
2618 2231 2732 2293 hac
2764 2231 3222 2310 disquisitione,
3265 2248 3460 2309 quum
3498 2228 3577 2290 ab
3623 2227 3743 2290 hoc
3786 2226 4048 2307 quidem

794 2332 1049 2387 vocatus
1075 2334 1170 2388 est
1193 2325 1299 2407 (4),
1324 2326 1691 2408 aliquando,
1722 2338 1867 2393 ante
1890 2332 2221 2412 Didymum
2242 2331 2365 2394 sci-
2472 2331 2799 2412 proposito
2840 2337 3056 2393 nostro
3086 2330 3290 2392 aliena
3319 2330 3420 2405 sit,
3447 2328 3515 2390 in
3552 2327 3906 2409 praesentia
3933 2343 4049 2387 su-

799 2427 943 2491 licet
988 2426 1241 2491 scholae
1266 2427 1719 2493 Alexandrinae
1729 2431 2259 2511 praefuit'IOmnia
2273 2448 2370 2494 sa-
2473 2431 2901 2513 persedemus.

874 2642 951 2711 (l)
976 2642 1193 2698 Sozom.
1225 2641 1363 2697 Hist.
1390 2641 1539 2697 Eccl.
1566 2640 1662 2696 lib.
1692 2638 1712 2692 Ι
1767 2655 1892 2711 cap.
1917 2640 2017 2709 i7;
2038 2639 2369 2698 Theodoret.
2478 2646 2686 2709 laudat,
2719 2654 2828 2702 cet.

807 2732 952 2789 Hist.
987 2734 1134 2790 Eccl.
1163 2734 1311 2789 mu
1356 2748 1477 2804 cap.
1513 2726 1601 2798 ιθ,
1634 2730 1771 2803 Opp.
1803 2732 1893 2789 ed.
1928 2732 2179 2791 Noesselt
2208 2734 2273 2792 Τ.
2309 2735 2375 2790 ιιι
2549 2738 2627 2809 (3)
2658 2735 2907 2792 Galland.
2943 2734 3200 2790 Bibliotb.
3243 2733 3348 2789 PP.
3379 2732 3445 2789 Τ.
3479 2731 3549 2788 lx
3588 2749 3642 2802 p.
3680 2731 3808 2787 ml.

808 2842 861 2894 p.
886 2826 983 2880 79I
1022 2842 1107 2896 sq.

2548 2830 2625 2899 (ιι)
2650 2829 2734 2883 cr.
2769 2842 2931 2898 supra
2968 2827 2995 2899 ς
3027 2827 3099 2880 24
3127 2827 3310 2897 p.10t
3343 2826 3371 2898 5
3401 2826 3472 2880 εδ
3506 2840 3560 2897 p.
3590 2824 3694 2880 105
3723 2839 3845 2894 sqq.

880 2916 957 2988 (2)
989 2915 1105 2970 Huc
1131 2916 1403 2984 pertinent
1427 2911 1698 2967 Macarius
1733 2910 2037 2979 Romanus,
2075 2916 2234 2971 cuius
2258 2916 2370 2970 vita
2551 2922 2628 2991 (5)
2663 2921 2836 2991 Supra
2869 2937 2921 2991 p.
2960 2920 3052 2975 66.
3082 2920 3172 2975 85.

812 3014 991 3060 exstat
1012 3004 1127 3058 νγ.
1162 3004 1264 3058 ΡΡ.
1298 3004 1483 3057 Rosw.
1517 3002 1623 3056 224
1653 3017 1764 3071 sq.,
1788 3001 2057 3059 Macarius
2078 3005 2374 3060 Mathema-

1480 3045 1483 3055 .
1517 3002 1623 3056 224
1653 3017 1764 3071 sq.,
1788 3001 2057 3059 Macarius
2078 3005 2374 3060 Mathema-
2553 3011 2630 3082 (6)
2662 3011 2837 3082 Supra
2872 3012 2899 3075 ε
2930 3012 2963 3066 6
2992 3028 3047 3082 p.
3082 3011 3168 3066 l8.

814 3099 977 3163 licus,
1026 3112 1186 3168 quem
1236 3094 1463 3152 Ruﬁnus
1497 3097 1553 3149 in
1588 3094 1817 3167 Apolog.
1849 3093 2169 3169 [lnvectiv.]
2200 3097 2297 3153 lib.
2335 3097 2375 3152 ll
