4274 6358
839 360 940 415 179

1636 373 1713 427 SS
1773 374 2226 430 MACARIORUM
2262 375 2591 431 AEGYPTII
2635 376 2723 429 ET
2772 372 3235 429 ALEXANDRINI

3958 367 4051 423 180

834 479 961 533 gros
986 463 1283 533 nonaginta
1317 478 1510 530 annos,
1540 466 1765 520 virtutes
1786 468 2076 535 proteram.
2134 468 2183 522 Is
2205 472 2259 522 in
2299 485 2388 524 so-
2421 480 2465 530 Α
2499 487 2522 538 μ

2368 499 2388 507 -
2421 480 2465 530 Α
2499 487 2593 538 μαι
2620 469 2640 499 ⁸
2664 468 2758 520 τοῦ
2783 469 3078 533 Αἰγυπτίου
3104 464 3383 533 Μακαρίου
3404 462 3502 526 τάς
3525 463 3752 532 ἀρετάς·
3774 461 3833 525 ὃς
3855 462 3877 493 ’
3902 460 4050 529 ἔζησε

834 555 1116 608 litudinem
1163 556 1383 623 triginta
1424 570 1596 609 annos
1649 566 1806 610 natus
1848 560 2114 624 ascendit,
2185 560 2239 613 in
2288 576 2394 629 qua

832 662 1007 701 annos
1072 649 1348 715 sexaginta
1384 650 1606 716 peregit.
1659 646 1831 700 Tanta
1875 649 2087 703 labores
2128 652 2393 704 exercita-

831 740 998 792 tionis
1029 739 1150 790 tulit
1174 742 1498 800 constantia,
1542 747 1598 791 ut
1627 748 1745 807 post
1784 741 1969 794 decem
2003 756 2174 795 annos
2197 742 2393 811 insigni

832 830 1064 895 quadam
1093 829 1440 881 distinctione
1468 829 1664 895 dignus
1702 831 1921 883 habitus
1960 831 2396 900 παιδαριογέρων

836 931 1137 978 vocaretur,
1173 920 1295 986 quia
1323 921 1689 988 citius,quain
1726 937 1823 989 pro
1856 932 2057 985 aetate,
2094 925 2392 979 virtutibus

834 1008 1154 1077 profecerat.
1199 1009 1563 1079 Quadraginta
1598 1014 1741 1065 enim
1788 1030 1961 1067 annos
2009 1026 2172 1068 natus
2232 1025 2390 1085 pote-

834 1109 1025 1151 atatem
1068 1101 1367 1166 expellendi
1436 1099 1749 1161 daemones,
1787 1105 2015 1170 gratiam
2063 1105 2390 1168 curationis,

835 1190 1193 1257 spiritumque
1230 1191 1541 1259 prophetiae
1577 1195 1877 1260 accepit,et
1912 1194 2217 1247 honorabili
2257 1210 2392 1263 quo-

835 1295 940 1348 que
996 1282 1302 1334 sacerdotio
1336 1282 1535 1351 dignus
1583 1286 1927 1337 existimatus
1961 1296 2063 1337 est.
2098 1284 2233 1337 Cum
2274 1287 2393 1354 ipso

833 1372 942 1422 dno
973 1370 1287 1423 habitabant
1326 1372 1578 1441 discipuli
1602 1375 1654 1427 in
1686 1377 1871 1427 intima
1919 1376 2233 1438 solitudine,
2256 1392 2393 1445 quae

834 1472 1059 1514 vocatur
1106 1463 1284 1515 Scete.
1332 1465 1568 1529 Quorum
1614 1484 1751 1519 unus
1790 1485 1999 1535 semper
2033 1484 2198 1539 prOpe
2240 1472 2389 1523 illum

833 1562 950 1605 erat
992 1569 1178 1605 eorum
1216 1570 1401 1621 causa,
1432 1558 1521 1624 qui
1569 1560 1854 1611 veniebant
1926 1570 1981 1611 ut
2025 1570 2387 1624 curarentur;

834 1646 970 1697 alter
1005 1661 1251 1699 seorsum
1285 1648 1506 1699 sedebat
1545 1649 1595 1700 in
1628 1651 1845 1716 propria
1874 1651 2028 1702 cella.
2058 1650 2390 1705 Procedente

834 1745 1011 1791 autem
1038 1745 1277 1805 tempore
1306 1740 1387 1790 vir
1426 1752 1647 1793 sanctus
1683 1742 1981 1809 perSpicaci
2022 1744 2183 1795 oculo
2233 1759 2390 1810 prae-

832 1828 1044 1891 videns,
1089 1830 1159 1892 ei,
1201 1831 1288 1898 qui
1322 1832 1424 1883 sibi
1470 1833 1833 1893 ministrabat,
1883 1832 2109 1888 Joannis
2149 1838 2387 1898 nomine,

832 1920 924 1987 qui
962 1929 1145 1988 postea
1181 1923 1459 1991 presbyter
1510 1924 1685 1975 factus
1728 1932 1809 1976 est
1850 1925 1903 1976 in
1952 1925 2123 1993 ipsius
2170 1928 2384 1983 vicem:

832 2012 993 2073 Audi,
1026 2012 1218 2079 inquit,
1250 2012 1437 2071 inter,
1464 2028 1635 2065 meam
1664 2013 2384 2085 admonitionem,quoniam

834 2112 887 2156 te
914 2111 1086 2155 tentat
1122 2105 1345 2170 spiritus
1365 2106 1645 2157 avaritiae.
1681 2104 1758 2156 Ita
1783 2106 1925 2157 enim
1961 2110 2213 2175 equidem
2256 2111 2386 2171 vidi,

834 2211 1009 2263 neque
1051 2196 1257 2263 ignoro,
1288 2194 1332 2246 si
1375 2210 1545 2247 meam
1574 2212 1747 2263 aequo
1778 2199 1960 2250 animo
1986 2200 2177 2252 tuleris
2200 2201 2391 2253 exhor-

834 2289 1111 2350 tationem,
1154 2288 1205 2339 in
1238 2304 1397 2353 opere
1446 2287 1535 2339 Dei
1567 2289 1666 2341 hoc
1716 2290 1834 2341 loco
1880 2302 2388 2347 consummaturum

835 2389 885 2431 te
916 2394 1054 2437 esse.
1089 2380 1491 2447 gloriosumque
1543 2379 1674 2441 fore,
1721 2390 1774 2432 et
1824 2381 2091 2451 ﬂagellum
2142 2401 2246 2438 non
2297 2402 2389 2455 ap-

836 2471 1319 2538 propinquaturum
1347 2471 1694 2523 tabernaculo
1720 2480 1830 2525 tuo.
1877 2475 1941 2526 At
1966 2476 2011 2527 si
2048 2492 2131 2529 me
2157 2492 2262 2527 non
2291 2494 2387 2527 au-

835 2564 1019 2626 dieris,
1051 2562 1197 2615 Giezi
1229 2562 1281 2613 in
1312 2571 1363 2614 te
1390 2561 1511 2614 ﬁnis
1547 2563 1742 2626 veniet,
1789 2564 1946 2631 cujus
1981 2573 2033 2618 et
2076 2569 2265 2620 morbo
2315 2570 2391 2620 la-

837 2654 1016 2705 boras.
1072 2651 1194 2705 Haec
1234 2654 1374 2706 dicta
1424 2664 1551 2706 sunt
1594 2655 1835 2723 quinque
1884 2671 2057 2711 annos
2102 2668 2387 2726 antequam

837 2750 1057 2795 sanctus
1106 2744 1260 2795 obiit.
1313 2745 1377 2796 Et
1428 2745 1738 2812 quindecim
1784 2749 1941 2800 annis
1985 2758 2105 2814 post
2159 2761 2387 2803 mortem

840 2833 1051 2884 Macarii
1078 2848 1241 2899 quum
1272 2830 1509 2885 Joannes
1540 2834 1681 2885 bona
1726 2850 2021 2902 pauperum
2076 2839 2387 2897 avertisset,

836 2928 909 2969 ita
930 2918 1193 2971 laboravit
1223 2919 1597 2986 elephantiasi,
1642 2929 1699 2971 ut
1741 2922 2053 2990 incorpore
2114 2924 2233 2991 ejus
2283 2942 2387 2976 non

836 3009 1169 3062 inveniretur
1199 3010 1594 3077 integerlocus,
1618 3012 1668 3063 in
1703 3016 1945 3081 quoquis
1974 3014 2199 3083 digitum
2224 3017 2384 3085 ﬁgere

834 3109 1041 3169 posset.
1072 3102 1148 3153 Ita
1175 3100 1226 3153 in
1258 3118 1344 3161 eo,
1371 3104 1462 3169 qui
1491 3118 1597 3155 non
1630 3104 1932 3164 obedierat,
1959 3109 2236 3173 prophetia
2262 3123 2386 3161 san-
2417 3130 2455 3183 ρ

833 3190 906 3241 cti
940 3190 1040 3242 viri
1074 3190 1290 3257 impleta
1305 3199 1406 3244 est.
1437 3190 1510 3243 De
1534 3193 1656 3243 cibo
1688 3202 1865 3245 autem
1889 3193 2051 3262 249
2068 3203 2121 3247 et
2155 3205 2280 3264 potu
2296 3214 2386 3248 su-

832 3301 1222 3355 pervacanequ
1257 3293 1340 3339 est
1369 3302 1613 3347 narrare.
1652 3288 1906 3354 quoniam
1942 3305 2009 3342 ne
2038 3289 2180 3357 apud
2206 3305 2390 3343 socor-

832 3376 1011 3429 diores
1032 3378 1245 3444 quidem
1274 3379 1567 3431 monachos
1581 3380 2057 3442 monasteriorum,
2080 3396 2219 3448 quae
2235 3390 2387 3435 extra

835 3477 983 3530 sunt,
1014 3468 1246 3520 inveniri
1278 3469 1546 3537 ingluvies
1575 3470 1750 3537 possit
1783 3480 1877 3522 aut
1908 3471 2015 3523 alia
2054 3471 2319 3539 quaedam
2361 3488 2389 3525 a

832 3559 1226 3613 consuetudine
1256 3574 1476 3623 eorum,
1523 3561 1615 3627 qui
1650 3560 1703 3611 in
1749 3559 1871 3613 istis
1904 3561 2036 3613 locis
2085 3574 2386 3625 morantur,

833 3650 1044 3702 diversa
1076 3650 1285 3703 vivendi
1321 3651 1565 3713 libertas,
1612 3667 1733 3703 cum
1762 3661 1984 3719 propter
2032 3653 2269 3718 inopiam
2308 3671 2391 3707 re-

835 3756 954 3793 rum
996 3743 1445 3803 necessariarum,
1483 3753 1595 3796 tum
1630 3754 1853 3812 propter
1895 3744 2069 3796 zelum
2111 3743 2203 3796 Dei
2253 3746 2392 3797 inter

833 3850 946 3893 eos,
978 3836 1069 3903 qui
1103 3835 1173 3886 ibi
1206 3836 1469 3896 habitant,
1494 3850 1821 3902 unoquoque
1850 3850 2067 3903 semper
2085 3837 2387 3902 proximum

832 3926 999 3978 variis
1019 3928 1156 3978 vitae
1188 3926 1453 3978 institutis
1479 3925 1696 3978 vincere
1722 3925 2105 3978 contendente.
2130 3926 2305 3994 Atque
2323 3928 2389 3978 ad

834 4014 993 4066 aliam
1022 4014 1182 4080 hujus
1210 4016 1307 4066 viri
1337 4016 1781 4068 exercitationem
1821 4018 1965 4084 quod
2002 4023 2231 4085 spectat,
2277 4018 2391 4083 ipse

832 4104 1115 4157 dicebatur
1148 4104 1370 4158 adsidue
1400 4106 1451 4157 in
1483 4107 1688 4159 exstasi
1733 4123 1875 4168 esse,
1924 4118 1976 4161 et
2008 4108 2200 4175 majori
2253 4115 2390 4160 tem-

834 4208 963 4261 pore
991 4192 1099 4245 Deo
1127 4196 1296 4261 magis
1320 4211 1477 4262 quam
1510 4198 1669 4249 rebus
1701 4200 1936 4251 terrenis
1972 4200 2251 4267 occupari.
2281 4198 2390 4251 Nec

831 4300 1001 4353 pauca
1034 4283 1280 4339 feruntur
1320 4288 1583 4339 miracula
1614 4290 1680 4341 ab
1707 4305 1772 4342 eo
1803 4298 2042 4357 peracta.

903 4374 1253 4429 Libidinosus
1298 4379 1516 4444 quidam
1576 4379 1761 4442 homo,
1813 4381 2108 4449 Aegyptius
2170 4394 2385 4448 genere,

2498 562 2561 612 τὰ
2593 561 2879 629 σύμπαντα
2907 560 2997 628 ἔτη
3024 560 3347 627 ὲνενήγηντα
3382 556 3422 587 ²⁶
3444 573 3457 585 ·
3500 553 3740 607 ἀνελθὼν
3778 552 3876 623 μὲν
3914 571 4052 623 τρια-

2496 651 2789 717 κονταέτης
2836 648 3134 719 νεώτερος,
3182 666 3265 700 κα.
3309 649 3367 698 ὲν
3414 649 3478 715 τῇ
3512 647 3702 715 ἐρήμῳ
3746 648 4051 714 πεποιηκὼς

2497 739 2536 802 ξ’
2569 740 2659 810 ἔτη
2691 742 2731 771 ¹²
2757 757 2768 768 ·
2800 742 3038 812 τοσαύτῃ
3072 742 3342 809 ἐχρήσατο
3382 739 3648 808 καρτερία
3683 738 3858 788 πόνων
3894 739 4052 803 ἀσκη-

2495 829 2679 891 τικῶν,
2710 830 2783 892 ὼς
2811 832 2887 892 είς
2915 831 3045 882 δέκα
3072 830 3165 899 ἐτη
3195 829 3380 880 τοῦτον
3407 831 3448 859 ¹¹
3477 828 3671 897 πολλῆς
3701 830 3793 879 καὶ
3822 828 4052 895 μεγάλης

2495 921 2786 990 ἀξιωθῆναι
2816 923 3158 991 διακρίσεως,
3189 921 3326 975 ὥστε
3362 920 3642 973 καλεῖσθαι
3675 920 3836 971 αὑτὸν
3872 921 4050 971 παιδα-

2496 1014 2806 1082 ριογέροντα
2846 1014 2932 1065 διὰ
2976 1014 3035 1064 τὸ
3075 1013 3263 1065 θᾶττον
3305 1015 3403 1083 τῆς
3434 1012 3653 1083 ἡλικίας
3682 1015 3802 1074 ταῖς
3839 1014 4051 1079 ἀρεταῖς

2496 1104 2785 1171 προκόψαι.
2810 1104 2943 1155 ἐτῶν
2968 1106 3076 1174 γάρ
3114 1111 3165 1173 μ’
3191 1106 3477 1173 γενόμενος
3523 1104 3566 1135 ¹⁸
3610 1105 3703 1156 καὶ
3732 1105 3875 1154 κατά
3907 1121 4051 1153 πνευο

2497 1195 2679 1262 μάτων
2706 1194 2892 1245 ἔλαϐεν
2916 1194 3323 1262 ὲξουσιαστικὴν
3352 1194 3581 1262 δύναμιν
3616 1194 3711 1245 καὶ
3744 1194 3985 1262 χάρισμα
4012 1196 4051 1222 ’⁵

2496 1285 2737 1351 ἰαμάτων
2780 1286 2872 1335 καὶ
2912 1284 3128 1352 πνεῦμα
3173 1287 3530 1353 προρρήσεων
3579 1284 3800 1352 καὶτῆς
3839 1284 4052 1350 ἐντίμου

2495 1375 2794 1446 ἱερωσύνης
2822 1373 3149 1443 κατηξιώθη.
3203 1376 3374 1445 τούτῳ
3407 1376 3642 1443 συνῆσαν
3686 1376 3780 1427 δύο
3821 1374 4053 1443 μαθηταὶ

2492 1466 2571 1525 είς
2611 1464 2708 1531 τὴν
2743 1464 3027 1531 ἐνδοτάτην
3054 1466 3095 1494 ¹⁸
3141 1464 3344 1533 ἔρημον
3384 1464 3480 1534 τὴν
3524 1465 3866 1533 καλουμένην
3918 1466 4055 1531 Σκῆ-

2490 1572 2572 1605 τιν
2600 1554 2659 1605 ¹⁶.
2696 1556 2722 1606 ὀ
2768 1555 2863 1621 μὲν
2908 1551 2988 1616 εἷς
3025 1556 3062 1583 ⁸⁷
3098 1554 3319 1623 πλησίον
3366 1556 3530 1607 αὐτοῦ
3564 1552 3630 1624 ἦν
3666 1557 3707 1585 ’⁸
3741 1556 3827 1607 διὰ
3866 1558 3988 1614 τοὺς
4014 1558 4053 1585 ¹⁹

2492 1644 2618 1711 περὶ
2649 1642 2939 1711 θεραπείας
2964 1644 3008 1673 ὀ
3040 1644 3364 1711 ἐρχομένους
3390 1646 3455 1673 ¹¹·
3482 1648 3508 1696 ό
3533 1646 3585 1696 δὲ
3612 1644 3767 1705 ἄλλος
3796 1646 4055 1713 ἀνεχώρει

2491 1734 2610 1785 κατ’
2642 1734 2773 1786 ίδίαν
2807 1735 2999 1785 κέλλαν
3033 1737 3098 1786 ”.
3142 1735 3331 1803 χρόνου
3377 1735 3432 1786 δὲ
3468 1737 3837 1805 προκόψαντος
3880 1736 4054 1805 διορα-

2489 1823 2625 1892 τικῷ
2661 1824 2866 1892 ὄμματι
2910 1823 3055 1888 λέγει
3104 1822 3181 1890 τῷ
3229 1822 3589 1890 ὑπηρετοῦντι
3638 1823 3787 1890 αὐτῷ
3833 1823 4056 1889 ὀνόματι

2504 1916 2739 1985 Ἰωάννῃ,
2771 1918 2849 1975 εἰς
2885 1913 3107 1983 ὕστερον
3136 1913 3191 1964 δὲ
3220 1913 3265 1943 ⁸⁸
3296 1913 3571 1981 γενομένῳ
3595 1912 3952 1981 πρεσϐυτέρῳ
3980 1914 4057 1971 είς

2488 2008 2580 2059 τὸν
2616 2008 2779 2058 τόπον
2820 2006 2913 2056 τοῦ
2957 2006 3113 2071 ἁγίου
3139 2020 3153 2033 ·
3187 2004 3418 2056 ἄκουσόν
3466 2022 3565 2073 μου
3613 2006 3711 2073 τῆς
3754 2003 4057 2063 νουθεσίας,

2489 2098 2704 2167 ἀδελφέ,
2733 2098 2917 2167 ἐπειδὴ
2948 2097 3197 2164 πειράζει
3228 2113 3285 2147 σε
3320 2097 3379 2148 τὸ
3410 2096 3628 2165 πνεῦμα
3658 2097 3755 2162 τῆς
3790 2096 3982 2165 φιλαργ
3999 2114 4057 2145 υ-

2495 2192 2634 2261 ρίας.
2675 2190 2815 2242 οὕτω
2856 2189 2962 2257 γάρ
3000 2188 3111 2255 ἐγὼ
3146 2187 3366 2257 ἑώρακα
3403 2190 3494 2240 καὶ
3523 2185 3660 2249 οἶδα,
3688 2189 3790 2247 ὃτι,
3830 2188 3923 2238 ἐάν
3956 2203 4057 2256 μου

2490 2280 2730 2348 ἀνάσχῃς
2758 2279 2855 2345 τῆς
2890 2279 3316 2347 παρακλήσεως,
3347 2280 3676 2349 τελειωθήσῃ
3706 2282 3762 2331 ὲν
3793 2280 3871 2349 τῷ
3913 2282 4059 2350 ἔργῳ

2490 2368 2581 2424 τοῦ
2626 2370 2760 2423 Θεοῦ
2810 2373 2867 2422 ὲν
2924 2370 3001 2439 τῷ
3045 2372 3194 2439 τόπῳ
3244 2371 3418 2441 τούτῳ
3458 2373 3551 2424 καὶ
3599 2372 3907 2442 δοξασθήσῃ
3966 2375 4059 2425 καὶ

2495 2462 2689 2531 μάστιξ
2719 2463 2817 2514 ούκ
2847 2464 3022 2529 ὲγγιεῖ
3045 2462 3178 2531 τῷ⁹⁴
3207 2462 3525 2531 σκηνώματί
3558 2481 3671 2515 σου.
3711 2465 3805 2515 ἐὰν
3850 2466 3907 2516 δέ
3958 2483 4058 2535 μου

2492 2553 2845 2623 παρακούσῃς
2866 2591 2880 2612 ,
2910 2553 3004 2604 τοῦ
3040 2552 3199 2621 Γιεζῆ
3230 2553 3349 2622 ἥξει
3378 2555 3468 2605 ἐπὶ
3506 2554 3563 2604 σὲ
3599 2554 3667 2605 τά
3698 2554 3846 2623 τέλη,
3878 2548 3937 2605 οῦ
3968 2558 4061 2607 καὶ

2490 2646 2550 2696 τὸ
2576 2644 2741 2706 πάθος
2767 2647 2961 2707 νοσεῖς.
2988 2647 3079 2696 καὶ
3104 2643 3276 2697 ταῦτα
3318 2646 3416 2713 μὲν
3440 2645 3545 2713 πρὸ
3576 2652 3614 2697 ε’
3644 2644 3779 2696 ἐτῶν
3817 2647 3915 2713 τῆς
3953 2663 4062 2696 κοι-

2496 2736 2711 2802 μήσεως
2752 2733 2845 2785 τοῦ
2884 2735 3038 2798 ἁγίου
3082 2734 3317 2803 εἴρηται.
3366 2736 3457 2785 καὶ
3500 2734 3639 2803 μετὰ
3676 2735 3809 2787 ἄλλα
3858 2742 3917 2785 ιε’
3966 2735 4060 2805 ἔτη

2491 2824 2660 2886 οὕτως
2694 2824 3039 2891 ὲλειραντίασε
3091 2827 3486 2893 νοσφισάμενος
3531 2826 3598 2877 τά
3644 2825 3751 2876 τῶν
3804 2826 4057 2894 πτωχῶν.

2491 2916 2566 2977 ὡς
2614 2916 2686 2985 μὴ
2727 2916 3013 2985 εὑρεθῆναι
3054 2919 3111 2967 ἐν
3155 2916 3232 2984 τῷ
3274 2917 3485 2984 σώματι
3529 2916 3692 2968 αὑτοῦ
3738 2917 3995 2984 ἀκέραιον
4016 2919 4060 2947 ¹¹

2490 3008 2673 3070 τόπον,
2706 3008 2762 3057 ἐν
2790 3001 2831 3072 ᾧ
2853 3024 2935 3067 τις
2960 3008 3218 3059 δάκτυλον
3244 3008 3400 3076 πήξοι
3424 3008 3467 3038 ¹⁶
3490 3023 3503 3036 ⁸
3536 3008 3629 3058 καὶ
3654 3006 3824 3067 οὕτως
3852 3008 3944 3058 ἐπὶ
3970 3008 4061 3057 τὸν

2492 3098 2870 3167 παρακούοντα
2892 3100 2934 3129 ’⁷
2961 3101 2993 3167 ἡ
3036 3100 3339 3167 προφητεία
3364 3098 3457 3149 τοῦ
3492 3098 3645 3165 ἁγίου
3677 3098 4056 3163 πεπλήρωται.

2495 3190 2625 3258 Περὶ
2676 3189 2772 3257 μὲν
2818 3185 2910 3241 οὖν
2959 3188 3213 3259 βρώσεως
3261 3190 3355 3241 καὶ
3398 3190 3609 3250 πόσεως
3648 3190 3899 3257 περιττόν
3946 3190 4061 3240 ἐστι

2490 3279 2825 3348 διηγεῖσθαι,
2852 3282 3011 3333 ὁπότε
3044 3282 3161 3333 οὐδὲ
3202 3282 3349 3351 παρὰ
3384 3284 3495 3343 τοῖς
3532 3280 3922 3349 ρᾳθυμοτέροις
3954 3280 4063 3331 τῶν

2492 3366 2595 3435 ἔξω
2636 3373 3008 3442 μοναστηρίων
3050 3373 3194 3424 ἔστιν
3228 3372 3519 3442 εὑρεθῆναι
3557 3372 3864 3440 ἀδηφαγίαν
3900 3372 3930 3439 ἢ
3967 3372 4061 3421 ἀλ..

2490 3462 2588 3531 λην
2613 3463 2733 3515 τινὰ
2762 3464 3100 3533 ἀδιαφορίαν,
3143 3464 3173 3533 ἢ
3220 3464 3370 3533 παρά
3412 3468 3523 3526 τοῖς
3556 3461 3705 3516 οὖσιν
3742 3468 3799 3516 ὲν
3832 3468 3942 3525 τοῖς
3976 3466 4065 3516 τό·

2492 3570 2613 3614 ποις
2657 3554 2913 3619 ἐκείνοις,
2954 3556 3047 3605 καὶ
3079 3554 3166 3605 διὰ
3193 3554 3237 3585 ’⁸
3275 3556 3374 3622 τὴν
3419 3556 3632 3625 σπάνην
3666 3557 3773 3607 τῶν
3824 3557 4026 3625 χρειῶν
4050 3595 4064 3616 ,

2491 3644 2584 3695 καὶ
2631 3645 2720 3697 διὰ
2772 3646 2863 3696 τὸν
2915 3646 3053 3697 κατὰ
3098 3646 3228 3697 Θεὸν
3285 3645 3445 3714 ζῆλον
3506 3649 3611 3699 τῶν
3664 3652 4065 3701 κατοικούντων

2494 3737 2624 3798 ἐκεῖ,
2648 3737 2733 3787 ἀεὶ
2755 3736 2888 3806 πρὸς
2909 3736 3167 3805 ἀλλήλους
3196 3740 3238 3767 ”
3265 3739 3507 3790 ἑκάστων
3546 3740 3995 3806 φιλονεικούντων
4020 3744 4063 3772 ³⁸

2493 3825 2834 3894 ύπερόαίνειν
2888 3826 2979 3877 τὸν
3031 3826 3255 3894 πλησίον
3310 3832 3429 3889 ταῖς
3483 3828 3523 3857 ³⁸
3576 3829 3853 3896 διαφόροις
3905 3832 4066 3881 πολι-

2490 3917 2660 3979 τείαις
2686 3918 2749 3969 ".
2783 3918 2912 3987 περὶ
2952 3918 3007 3969 δὲ
3040 3919 3086 3948 ⁸³
3114 3920 3213 3987 τῆς
3248 3918 3413 3988 ἄλλης
3447 3920 3729 3989 ἀσκήσεως
3757 3922 3850 3972 τοῦ
3879 3924 4063 3988 ἁγίου,

2490 4003 2640 4070 οὗτος
2672 4008 2891 4075 ἐλέγετο
2921 4009 3275 4071 ἀδιαλείπτως
3302 4010 3347 4040 ³⁵
3376 4009 3689 4073 ἐξίστασθαι
3731 4014 3824 4063 καὶ
3860 4015 4067 4080 μᾶλλον

2489 4099 2566 4166 τῷ
2606 4100 2806 4151 πλείονι
2846 4100 3018 4168 χρόνῳ
3050 4100 3484 4169 προσδιατρίὸειν
3510 4101 3554 4131 ³³
3580 4101 3697 4169 Θεῷ
3726 4100 3757 4169 ἢ
3807 4104 3919 4161 τοῖς
3971 4103 4067 4152 ὑπ’

2491 4190 2714 4259 οὐρανὸν
2752 4192 3091 4261 πράγμασιν.
3136 4186 3197 4244 οῦ
3234 4192 3330 4243 καὶ
3368 4190 3599 4261 διάφορα
3643 4192 3897 4260 φέρονται
3929 4192 4070 4244 θαύο

2493 4298 2637 4350 ματα
2676 4282 2743 4334 ³⁸.

2564 4371 2802 4433 Ἀσωτός
2852 4388 2936 4433 τις
2981 4370 3119 4440 ἀνὴρ
3170 4369 3465 4435 Αἰγύπτιος
3504 4369 3755 4439 ἐρασθεὶς
3800 4372 4069 4435 γυναικὸς

831 4476 1021 4533 captus
1057 4478 1173 4520 erat
1192 4482 1373 4519 amore
1395 4468 1675 4533 cujusdam
1700 4470 1928 4537 pudicae
1954 4473 2219 4537 mulieris,
2248 4486 2386 4540 quae
2420 4460 2463 4512 Ῐ)
2494 4465 2519 4514 ὑ

2379 4490 2386 4523 ε
2420 4460 2463 4512 D
2494 4464 2760 4532 ύπάνδρου
2811 4464 2904 4513 καὶ
2954 4460 3225 4531 σώφρονος
3270 4462 3361 4512 καὶ
3397 4459 3682 4529 ἀποτυχὼν
3713 4460 3807 4512 τοῦ
3853 4462 4067 4512 σκοποῦ

829 4557 949 4609 viro
988 4566 1266 4625 nupserat.
1312 4555 1485 4620 Quum
1546 4558 1815 4611 desiderio
1849 4558 2228 4625 frustraretur,
2251 4576 2384 4613 con-

830 4646 979 4698 venit
1032 4662 1271 4715 magum,
1306 4650 1430 4700 cui:
1483 4647 1610 4709 Fac,
1652 4650 1847 4718 inquit,
1900 4660 2016 4703 arte
2051 4661 2162 4715 tua,
2204 4661 2296 4704 aut
2328 4660 2387 4704 ut

832 4743 972 4788 amet
999 4750 1103 4799 me,
1152 4745 1244 4789 aut
1267 4749 1323 4789 ut
1353 4740 1581 4791 maritus
1612 4755 1729 4791 eam
1765 4740 1910 4794 foras
1955 4742 2158 4808 ejiciat.
2203 4726 2388 4811 Magus

828 4840 967 4893 quae
986 4834 1191 4893 poterat
1217 4839 1485 4893 expertus,
1512 4831 1763 4894 quoniam
1782 4844 1989 4885 castum
2007 4833 2125 4900 ejus
2150 4834 2387 4885 animum

830 4913 1103 4967 dimovere
1136 4929 1242 4966 non
1270 4925 1470 4981 posset,
1492 4916 1690 4977 effecit,
1717 4929 1774 4971 ut
1803 4935 1940 4987 equa
1971 4922 2245 4973 videretur
2290 4920 2379 4983 iis,

829 5004 921 5071 qui
974 5019 1089 5057 eam
1118 5006 1490 5063 intuebantur.
1529 5009 1753 5064 Maritus
1792 5027 1919 5080 ergo
1952 5013 2069 5080 ejus
2100 5013 2185 5063 ubi
2234 5011 2381 5065 foras

2485 4554 2866 4623 προσωμίλησε
2898 4553 3053 4621 γόητι
3092 4552 3295 4617 λέγων·
3351 4551 3578 4621 ἐργασαι
3625 4554 3690 4621 τῇ
3732 4552 3895 4621 τέχνῃ
3937 4570 4064 4610 σου,

2486 4649 2517 4714 ἢ
2556 4649 2637 4698 ἵνα
2664 4647 2925 4715 ἁγαπήσῃ
2962 4662 3049 4713 με,
3084 4644 3115 4713 ἢ
3151 4644 3238 4695 ἵνα
3273 4643 3401 4712 ῥίψῃ
3436 4644 3477 4673 ³⁷
3514 4644 3685 4713 αὐτὴν
3724 4646 3750 4695 ό
3788 4644 3927 4710 ἀνὴρ
3963 4645 4070 4694 αὺ-

2484 4738 2601 4805 τῆς.
2646 4738 2737 4789 καὶ
2774 4736 2950 4787 λαϐὼν
2976 4737 3002 4786 ὁ
3035 4735 3167 4803 γόης
3196 4735 3255 4786 τὸ
3295 4733 3478 4786 ἱκανὸν
3510 4737 3643 4804 παρ’
3673 4733 3837 4786 αὑτοῦ
3862 4734 3927 4794 ιε’
3966 4736 4070 4786 καὶ

2492 4831 2564 4900 μὴ
2607 4830 2849 4898 δυνηθεὶς
2895 4830 3228 4897 μεταστῆσαι
3263 4828 3353 4880 τὸν
3406 4826 3658 4897 σώφρονα
3693 4828 3815 4880 νοῦν
3849 4829 4032 4895 αὐτῆς
4054 4870 4067 4887 ,

2490 4919 2911 4990 παρασκευάζει.
2945 4919 3019 4979 ὡς
3064 4918 3305 4987 φορϐάδα
3338 4918 3379 4948 ”
3409 4919 3578 4986 αὐτὴν
3625 4918 3912 4986 φαίνεσθαι
3948 4922 4071 4978 τοῖς

2488 5010 2681 5079 ὁρῶσιν
2702 5026 2714 5037 ο
2758 5012 2847 5059 καὶ
2878 5007 3103 5071 ἐξελθὼν
3143 5008 3340 5072 ἔξωθεν
3366 5010 3393 5061 ὁ
3426 5009 3565 5079 ἀνὴρ
3599 5008 3769 5077 αὐτῆς
3800 5009 3895 5059 καὶ
3926 5008 4062 5059 ἰδὼν

2076 5121 2330 5176 VARIAE
2367 5120 2768 5177 LECTIONES.

901 5218 923 5248 ⁸
950 5226 1303 5295 διηγήσομαι
1335 5244 1442 5281 om.
1481 5228 1536 5279 Β.
1630 5228 1649 5258 ’
1679 5227 1716 5278 Β
1740 5224 1933 5293 οὗτος.

827 5299 1121 5359 ἐξήκοντα
1148 5298 1269 5361 ἐτη.
1371 5300 1411 5327 ¹¹
1436 5298 1611 5357 Coni.,
1650 5298 1860 5349 τοῦτον
1892 5316 1998 5355 om.
2044 5300 2099 5362 Β,
2132 5302 2172 5349 A
2204 5303 2431 5353 τούτου.

827 5366 1169 5432 ἐιοδοδὰτην.
1264 5370 1305 5397 ¹⁶
1337 5368 1375 5419 Β
1403 5367 1651 5431 σκήτην.
1731 5370 1769 5397 ¹⁷
1798 5368 1835 5417 Β
1872 5370 1965 5419 καὶ
2006 5374 2035 5420 ὀ
2069 5368 2182 5435 μὲν
2214 5371 2317 5433 εἷς.

828 5506 897 5556 ἐν
928 5506 1024 5568 τῷ.
1099 5508 1144 5537 ³⁵
1170 5508 1207 5559 A
1242 5508 1566 5572 rixa/putor,
1604 5506 1639 5555 Β
1672 5505 1823 5573 ὑγιῆ.

833 5643 876 5674 ⁸⁸
912 5645 997 5695 AB
1034 5647 1382 5711 πολιταίαις.
1462 5646 1505 5675 ⁸³
1530 5645 1682 5697 Corr.
1752 5646 1835 5695 AB
1892 5646 1981 5711 τῇ,
2081 5648 2121 5675 ³⁸
2155 5647 2192 5696 Β

829 5784 1017 5837 αὐτοῦ.
1096 5787 1137 5816 ’⁸
1172 5790 1203 5837 Α
1228 5786 1468 5853 δρομάδα,
1509 5795 1559 5839 ct
1592 5788 1668 5839 sic
1701 5787 1916 5853 ubiquc.

2028 5232 2070 5261 ¹⁶
2102 5230 2138 5280 Β
2166 5232 2524 5294 ἐνενήκοντα
2562 5230 2684 5293 ἐτη.

2414 5368 2589 5399 ιειὶιῗ

827 5369 1169 5432 ἐιοδοδὰτην.
1264 5370 1305 5397 ¹⁶
1337 5369 1375 5419 Β
1403 5369 1651 5431 σκήτην.
1731 5370 1769 5397 ¹⁷
1798 5369 1835 5417 Β
1872 5370 1965 5419 καὶ
2006 5374 2035 5420 ὀ
2069 5369 2182 5435 μὲν
2214 5371 2317 5433 εἷς.
2414 5371 2453 5399 ’⁸
2484 5369 2523 5421 Β
2559 5369 2699 5431 ῷκα.
2796 5372 2833 5401 ¹⁹
2872 5370 2967 5421 διὰ
3010 5370 3148 5433 τοὺς
3184 5386 3291 5421 om.
3337 5369 3375 5419 Β

827 5438 1127 5501 θεραπιάς,
1166 5436 1205 5488 Β
1246 5438 1389 5501 πρὸς
1429 5440 1757 5502 θεραπείαν.
1836 5439 1876 5467 ¹¹
1918 5438 1954 5488 Β
1984 5438 2105 5503 τῶν
2136 5438 2483 5505 ἐρχομένων.
2561 5442 2602 5469 ²²
2642 5439 2679 5489 Β
2720 5442 2837 5491 κατ’
2873 5440 3005 5490 ἰδίαν
3056 5442 3139 5501 εἰς
3174 5439 3381 5490 κέλλαν.

1904 5510 1947 5537 ¹⁶
1978 5508 2047 5558 Εἴ
2082 5504 2235 5559 Cotti.
2260 5504 2279 5568 ,ί
2302 5510 2342 5557 Α
2377 5508 2579 5572 πήξει,
2618 5507 2655 5557 Β
2684 5509 2875 5571 θήσω.

828 5590 935 5660 pm.
970 5577 1032 5627 A.
1108 5578 1149 5606 "
1182 5575 1296 5627 τῶν
1318 5576 1966 5660 κατοικὲύντωνῗπρὸς
1994 5576 2302 5660 ἀλλήέους
2334 5578 2543 5660 οηιίκΒ..
2596 5578 2639 5660 ξο
2667 5577 2977 5660 [leuia-€0.13
3008 5578 3506 5660 φιλονεικοῦντος.

833 5648 876 5674 ³⁸
912 5648 997 5695 AB
1034 5648 1382 5711 πολιταίιιις.
1462 5648 1505 5675 ⁸⁸
1530 5648 1682 5697 Corr.
1752 5648 1835 5695 AB
1892 5648 1981 5711 τῇ,
2081 5648 2121 5675 ³⁸
2155 5648 2192 5696 Β
2261 5648 2346 5697 ὅτι
2407 5648 2777 5709 ἀδιαλείπτως.

832 5728 948 5765 αντη
968 5734 983 5785 ί
1008 5717 1141 5782 Περὶ
1168 5716 1271 5767 τοῦ
1304 5718 1399 5774 (sic
1422 5718 1458 5775 !)
1483 5719 1565 5779 είς
1586 5716 1850 5781 φορϐάδα
1868 5718 2385 5782 ιιεταῦλησθείσης
2408 5718 2705 5785 γυναικός.

2788 5231 2827 5259 ”
2859 5230 2897 5280 B
2938 5232 2993 5282 ἐν
3042 5232 3105 5299 τῇ
3155 5230 3346 5299 ἐρημῷ
3395 5228 3783 5299 πεποίηκεῗδὲ
3820 5229 4074 5281 ἐκεῖσει·

2513 5301 2553 5330 ¹³
2582 5299 2619 5350 Β
2652 5300 2920 5367 γεγονώς.
3014 5301 3054 5329 ιδ
3084 5298 3132 5351 Α
3163 5298 3516 5368 χαρίσματα.
3610 5300 3649 5329 ³⁸
3679 5298 3933 5360 Emend.,
3975 5301 4073 5351 All

2796 5372 2833 5401 ¹⁹
2872 5355 2967 5421 διὰ
3010 5355 3291 5433 τοὺςιδῐῖι.
3490 5370 3532 5399 ’⁸
3560 5368 3808 5432 Emend,
3849 5371 3887 5419 Α
3921 5355 4067 5434 στι-γὲ

2796 5442 2837 5489 τ’
2873 5440 3005 5489 ἰδίαν
3056 5442 3139 5489 εΙο
3174 5439 3381 5489 κέλλαν.
3463 5440 3507 5468 ’³
3534 5438 3601 5489 δὲ
3659 5453 3767 5489 om.
3806 5437 3863 5489 Β.
3946 5444 3993 5468 ’⁵
4034 5440 4072 5487 Ii

2954 5456 3005 5489 ιν
3056 5453 3139 5501 εις
3174 5453 3381 5490 κελλαν.
3464 5453 3507 5468 ’⁸
3534 5453 3601 5489 σε
3659 5453 3767 5489 om.
3808 5453 3863 5492 υ.
3946 5453 3993 5468 ’⁵
4034 5453 4071 5487 tt

2954 5510 2994 5538 ⁸⁷
3028 5506 3273 5567 Eiitend.,
3311 5510 3353 5560 A
3383 5507 3421 5559 Β
3451 5506 3807 5573 παράκουον.
3887 5507 3929 5535 "
3962 5507 4071 5559 διὰ

3582 5578 3621 5606 ³⁸
3640 5576 3739 5627 Pro
3764 5576 3881 5637 ταῖς
3898 5574 3935 5625 Β
3967 5577 4062 5626 ἐτ’.

3534 5647 3577 5677 ³⁸
3612 5645 3651 5697 Β
3696 5646 3843 5697 addit
3910 5646 3964 5695 in
3998 5648 4065 5691 ti-

3534 5716 3736 5767 κόάλη.
3814 5715 3857 5745 ⁸⁸
3884 5714 3927 5767 Β
3950 5714 4064 5765 ἀπ’

2858 5650 2902 5677 ³³
2936 5646 2975 5697 Β
3034 5646 3455 5711 προσδιέτριόε.

2782 5718 2822 5748 ³⁷
2851 5719 2925 5770 Ex
2956 5718 3181 5777 Cuni.,A
3212 5717 3394 5783 ῥίψει,
3430 5717 3467 5768 Β
3494 5716 3736 5781 ἑκόάλῃ.
