4274 6358
1705 380 1908 436 ACTA.

3319 380 3423 439 58!

190 495 367 567 αὐτὴν
403 494 464 549 ἐν
504 497 743 566 σχήματι
782 494 1048 567 φορϐάδος
1094 494 1412 565 ἀπωδύρετο
1454 494 1548 548 καὶ
1581 493 1766 549 ἐκλαιε
1796 506 1878 560 At

1731 514 1766 549 ,ε
1796 506 1840 560 Α
1868 499 2033 564 venit,
2060 499 2115 552 in
2149 498 2322 553 forma
2342 512 2517 567 equae
2543 512 2660 552 eam
2680 494 3047 564 conspicatus,
3070 494 3328 562 ingemuit
3358 510 3419 549 ac

189 586 290 655 τὴν
336 588 656 656 συμφοράν*
687 588 782 640 καὶ
824 585 1334 657 προσκαλεσάμενος
1365 589 1491 647 τοὺς
1527 586 1764 657 πρεσϐυ-
1863 587 1877 641 Ι

1730 609 1764 632 κ
1863 587 2007 642 ﬂevit
2033 588 2102 643 de
2132 589 2220 653 iis,
2271 605 2412 659 quae
2448 587 2782 641 acciderant.
2830 586 3048 638 Vocatis
3084 584 3280 638 deinde
3314 585 3418 639 vici

186 678 385 749 τέρους
423 682 524 749 τῆς
567 680 762 746 κώμης
803 677 1042 731 δείκνυσι
1082 676 1279 747 αὑτὴν,
1315 677 1409 730 καὶ
1441 676 1561 729 οὐδὲ
1604 676 1759 729 αὑτοὶ

189 770 433 839 συνῆκαν
459 770 519 821 τὸ
547 769 787 836 γεγονός.
830 770 924 821 καὶ
958 770 1051 820 ἐπὶ
1097 771 1245 838 τρεῖς
1280 768 1494 837 ἡμέρας
1533 766 1758 836 μηδενὸς

188 859 533 928 γευσαμένης
582 858 782 926 αὐτῆς,
813 857 999 919 τέλος,
1041 857 1125 909 ἴνα
1164 856 1394 925 δοξασθῇ
1438 857 1464 906 ὁ
1502 854 1633 917 Θεὸς
1666 854 1758 905 τὸν

188 950 345 1016 ἅγιον
376 950 560 1011 αὑτοῦ,
589 949 753 1019 ἀνέϐη
785 951 874 1002 ἐπὶ
902 950 946 980 ⁸ο
975 950 1064 1001 τὸν
1099 948 1223 999 νοῦν
1254 948 1345 1001 τοῦ
1374 948 1585 1018 ἀνδρὸς.
1615 948 1756 1013 ἀγα-

187 1042 307 1105 γεῖν
346 1040 513 1108 αὑτὴν
542 1039 585 1069 δί
633 1041 711 1101 εἰς
746 1039 841 1108 τὴν
875 1038 1079 1108 ἔρημον
1107 1038 1151 1068 ⁸¹
1187 1036 1321 1107 πρὸς
1361 1036 1452 1088 τὸν
1502 1034 1655 1102 ἀγιον
1688 1034 1753 1088 ⁸³.

188 1136 283 1185 καὶ
343 1132 640 1202 φορὸιάσας
677 1133 722 1162 ⁵⁸
760 1133 924 1201 αὑτὴν
971 1131 1043 1194 ὼς
1110 1130 1304 1193 ἵππον,
1362 1128 1533 1189 οὕτως
1587 1126 1756 1195 αὑτὴν

189 1226 396 1292 ἢγαγεν
419 1262 433 1284 ,
465 1222 589 1275 ἔνθα
618 1221 751 1294 ᾤκει
780 1225 807 1276 ὁ
832 1221 927 1275 τοῦ
958 1221 1092 1274 Θεοῦ
1135 1221 1436 1291 ἄνθρωπος.
1473 1219 1567 1270 καὶ
1596 1219 1650 1270 ἐν
1680 1215 1755 1286 τῷ

186 1314 483 1383 πλησιάσαι
533 1314 778 1381 λέγουσιν
830 1313 980 1383 αύτῷ
1022 1315 1072 1365 οἱ
1125 1312 1376 1379 ἀδελφοί·
1414 1310 1465 1363 τί
1518 1302 1620 1362 ὦδε
1657 1308 1755 1378 τὴν

1860 679 2192 750 presbyteris
2222 696 2340 734 eam
2356 679 2613 741 ostendit,
2651 677 2743 731 sed
2777 691 2843 729 ne
2870 676 2919 728 hi
2948 676 3167 744 quidem
3192 690 3302 728 rem
3332 678 3413 728 in-

1860 772 2203 825 tellexerunt.
2258 774 2435 838 Quum
2490 771 2653 839 igitur
2685 770 2773 822 illa
2823 768 2998 820 tribus
3044 766 3234 821 diebus
3286 768 3417 820 nihil

1858 861 2080 915 omnino
2135 863 2480 923 comedisset,
2553 870 2883 930 postremum
2953 859 3093 913 Deus
3164 870 3413 911 sanctum

1864 965 2027 1003 suum
2092 953 2499 1022 glorificaturus
2547 953 2927 1019 cogitationem
2980 951 3176 1002 marito
3232 950 3417 1015 injecit

1858 1040 2089 1095 adeundi
2145 1058 2268 1096 cum
2320 1058 2382 1096 ea
2433 1051 2680 1097 sanctum
2748 1042 2924 1093 virum
2973 1041 3025 1093 in
3084 1039 3412 1102 solitudine;

1858 1146 2025 1199 quare
2064 1133 2111 1186 is
2144 1134 2383 1201 capistro
2414 1134 2630 1201 ligatam
2662 1138 2718 1183 ut
2748 1145 2939 1197 equam
2980 1130 3155 1188 duxit.
3213 1129 3303 1181 ubi
3332 1129 3416 1180 vir

1860 1222 1948 1277 Dei
1994 1224 2292 1280 habitabat.
2329 1222 2800 1293 Appropinquanti
2856 1221 3052 1274 fratres
3084 1240 3095 1273 :
3132 1219 3293 1285 Quid,
3336 1219 3415 1272 in-

1857 1313 2069 1381 quiunt,
2104 1314 2210 1366 huc
2246 1328 2439 1382 equam
2484 1311 2796 1365 adduxisti?
2834 1308 2925 1362 Ille
2979 1309 3269 1377 respondet
3298 1326 3311 1360 :
3344 1306 3413 1359 Ut

188 1405 433 1474 φορϐάδα
460 1406 699 1475 ήγαγες;
729 1406 824 1457 καὶ
868 1405 1015 1471 λέγει
1062 1405 1287 1465 ἐκεῖνος’
1342 1398 1425 1454 ἵνα
1457 1400 1651 1470 ἐλεηθῇ
1685 1402 1751 1469 τῇ
1851 1404 1869 1473 j

1719 1402 1751 1469 ᾖ
1851 1404 1982 1473 justi
2030 1404 2278 1458 oratione
2328 1404 2759 1458 misericordiam
2786 1412 3170 1471 consequatur.
3208 1403 3273 1454 At
3306 1402 3359 1453 hi
3396 1420 3406 1453 :

188 1498 466 1566 προσευχῇ
510 1494 603 1547 τοῦ
648 1496 878 1549 δικαίου.
915 1498 963 1547 οι
995 1495 1050 1547 δέ
1090 1496 1224 1565 πρὸς
1258 1494 1419 1546 αὑτόν
1451 1493 1497 1523 δ’
1518 1508 1531 1522 ·
1563 1492 1613 1544 τί
1647 1490 1751 1561 γάρ
1855 1497 1876 1558 ς

1722 1508 1751 1561 ρ
1855 1496 1992 1561 Quid
2027 1497 2241 1549 tandem
2278 1498 2403 1549 mali
2439 1498 2637 1549 habet?
2669 1495 2973 1563 Respondet
3013 1516 3023 1548 :
3061 1494 3221 1563 250
3247 1493 3408 1554 llaec,

186 1584 300 1652 ἔχει
330 1584 534 1648 κακόν;
563 1585 709 1651 λέγει
732 1585 931 1648 αὐτοῖς’
964 1584 1125 1653 αὓτη,
1151 1584 1217 1652 ἢν
1244 1584 1403 1653 ὁρᾶτε
1420 1583 1465 1612 ⁵⁸
1487 1580 1749 1652 φορϐάδα,
1853 1606 1874 1658 ς

1722 1596 1749 1640 ι.
1853 1604 2015 1658 quam
2054 1588 2248 1642 videtis
2276 1604 2489 1657 equam,
2520 1604 2647 1642 cara
2677 1604 2791 1641 mea
2844 1604 2980 1639 uxor
3014 1598 3151 1649 erat,
3177 1597 3250 1649 et,
3280 1585 3410 1655 quid

187 1680 218 1745 ὴ
267 1682 403 1747 γυνή
450 1694 552 1746 μου
581 1673 648 1747 ἦν
687 1678 719 1746 ή
772 1676 951 1740 ἀθλία,
988 1679 1080 1730 καὶ
1122 1678 1222 1729 οὑκ
1255 1672 1393 1739 οἶδα,
1433 1676 1485 1727 τί
1520 1675 1614 1727 νῦν
1653 1676 1751 1745 μὲν

1724 1695 1751 1728 ν
1848 1680 1958 1749 jam
1974 1680 2022 1733 ei
2048 1680 2536 1741 acciderit.nescio.
2556 1678 2809 1732 Revelata
2824 1689 3003 1730 autem
3023 1686 3212 1731 sancto
3229 1679 3407 1729 omnia

183 1769 323 1837 αύτή
345 1769 410 1820 ⁸⁷.
464 1769 821 1838 ἀπεκαλύφθη
866 1769 920 1820 δέ
970 1768 1046 1837 τῷ
1090 1768 1229 1836 ἀγίῳ
1274 1768 1449 1819 πάντα
1490 1767 1559 1818 τά
1590 1783 1749 1833 γεγο-
1852 1789 1871 1825 ε

1721 1797 1749 1806 -
1852 1780 2026 1835 erant,
2060 1786 2199 1841 quae
2240 1772 2438 1826 femina
2478 1783 2774 1840 pateretur.
2804 1780 2856 1821 et
2884 1774 3047 1822 Deum
3093 1770 3279 1820 orabat
3314 1785 3409 1836 pro

184 1858 314 1910 νότα
341 1859 475 1927 αὑτῇ
501 1859 568 1919 ⁸⁸,
598 1860 693 1910 καὶ
722 1855 787 1927 ἦν
814 1857 1066 1927 δεόμενος
1092 1857 1183 1911 τοῦ
1218 1857 1353 1909 Θεοῦ
1384 1858 1513 1928 περὶ
1557 1856 1749 1925 αὑτῆς.
1786 1858 1826 1916 Β
1853 1878 1872 1916 ε

1719 1874 1749 1917 ῖο
1786 1858 1826 1916 Β
1853 1878 1936 1916 ea.
1962 1863 2039 1916 Illi
2072 1878 2201 1916 vero
2232 1878 2354 1915 cum
2395 1862 2499 1915 ista
2536 1860 2898 1921 audivissent,
2928 1860 3168 1912 referunt
3195 1861 3257 1911 ad
3291 1876 3407 1913 ser—

180 1947 233 1997 οί
268 1946 327 1997 δὲ
369 1947 699 2008 ἀκούσαντες
741 1946 914 1997 ταῦτα
955 1946 1285 2015 ἀναφέρουσι
1332 1944 1410 2015 τῷ
1457 1944 1748 2015 θεράποντι
1850 1970 1868 2005 η

1720 1961 1748 1996 τι
1850 1967 1975 2005 vum
2025 1953 2226 2005 Christi
2268 1952 2582 2013 Macarium.
2638 1950 2881 2004 dicentes
2920 1970 2930 2003 :
2963 1950 3164 2019 Equam
3211 1951 3408 2017 aliquis

180 2035 273 2088 τοῦ
299 2038 535 2107 Χριστοῦ
556 2038 826 2109 Μακαρίῳ
846 2036 1116 2104 λέγοντες,
1140 2036 1221 2089 ὅτι
1243 2037 1487 2107 φορϐάδα
1516 2034 1748 2088 ἐνταῦθά

177 2146 264 2191 τις
294 2130 521 2195 ἢγαγεν.
570 2129 715 2196 λέγει
753 2130 968 2191 αὐτοῖς·
1014 2128 1170 2197 ὑμεῖς
1202 2130 1321 2179 ἐστε
1352 2128 1528 2188 ἵπποι,
1561 2127 1609 2179 οἱ
1637 2126 1745 2178 τῶν

179 2222 367 2271 ἵππων
393 2222 516 2282 τοὺς
542 2220 852 2289 ὀφθαλμοὺς
870 2218 1102 2288 ἔχοντες·
1128 2218 1309 2288 ἐκείνη
1338 2218 1393 2270 δέ
1413 2219 1547 2287 γυνή
1577 2220 1742 2276 ἐστιν,

177 2314 255 2376 ὡς
273 2313 520 2380 ἐκτίσθη.
548 2313 683 2364 ἀλλά
717 2312 874 2381 μόνον
901 2312 1058 2364 τοῦτο
1082 2311 1382 2380 φαινομένη
1400 2311 1442 2340 δ’
1476 2327 1746 2379 μετασχη-

180 2404 518 2473 ματισθεῖσαι
558 2408 670 2467 τοῖς
721 2404 1019 2474 ὀφθαλμοῖς
1065 2403 1173 2456 τῶν
1216 2404 1600 2473 ⁴Ιίπατημένων.
1652 2402 1745 2453 καὶ

178 2497 583 2565 προσαχθείσης
641 2496 809 2565 αὑτῆς
855 2497 1152 2567 εὐλογήσας
1191 2496 1333 2566 ὕδωρ
1373 2497 1466 2548 καὶ
1504 2496 1611 2547 ἀπὸ
1650 2512 1743 2546 κο-

180 2579 360 2648 ρυφῆς
388 2580 618 2648 ἐπιχέας
662 2581 796 2649 αὑτῇ
848 2582 1058 2649 γυμνῇ,
1094 2580 1187 2632 καὶ
1238 2578 1398 2648 εύχὴν
1440 2579 1671 2646 ποιήσας
1698 2577 1744 2608 ⁸⁸

177 2672 272 2722 ἐπὶ
304 2671 403 2740 τὴν
440 2672 685 2741 κεφαλὴν
723 2670 894 2740 αὐτῆς
919 2671 987 2733 ⁶¹,
1020 2670 1357 2742 παραχρῆμα
1401 2669 1575 2737 ἐφάνη
1613 2670 1743 2720 πᾶσι

175 2760 317 2829 γυνὴ
364 2760 668 2830 καθορῶσιν
686 2762 753 2823 ³’,
809 2760 904 2812 καὶ
940 2759 1222 2812 ἐκέλευσεν
1263 2759 1397 2827 αὑτῇ
1446 2756 1667 2825 δοθῆναι
1698 2757 1744 2787 ⁸³

177 2854 393 2919 φαγεῖν.
428 2852 653 2905 ὑπέθετο
706 2852 763 2905 δέ
806 2854 942 2921 αὐτῇ
971 2853 998 2903 ὁ
1031 2849 1125 2902 τοῦ
1171 2849 1305 2901 Θεοῦ
1348 2848 1631 2918 ἄνθρωπος
1665 2850 1743 2900 εί-

176 2938 296 2985 πῶν
317 2950 330 2963 ⁶
364 2934 631 3003 μηδέποτε
675 2933 1007 3001 ἀπολειφθῇς
1027 2934 1072 2963 ⁸⁸
1096 2933 1192 3002 τῆς
1226 2930 1321 2983 τοῦ
1348 2928 1485 2981 Θεοῦ
1546 2930 1744 2999 ἐκκλη-

177 3026 300 3087 σίας
324 3026 369 3056 ⁸⁸
396 3026 489 3077 καὶ
520 3026 617 3093 τῆς
659 3024 943 3086 κοινωνίας
982 3022 1088 3075 τῶν
1132 3021 1443 3091 μυστηρίων
1480 3020 1573 3072 τοῦ
1609 3022 1741 3090 Χρι-

178 3116 307 3169 στοῦ
338 3117 405 3169 ⁸⁸.
449 3114 607 3167 τοῦτο
648 3116 755 3185 γάρ
796 3132 875 3167 σοι
926 3113 1122 3183 συνέὸη
1161 3112 1248 3163 διὰ
1285 3111 1348 3163 τὸ
1385 3110 1476 3162 ἐπὶ
1505 3110 1550 3140 ⁸⁷
1581 3109 1740 3161 πέντε

176 3204 481 3272 ἑϐδομάδας
533 3203 607 3273 μὴ
662 3202 1119 3273 προσεληλυθέναι
1181 3218 1238 3251 σε
1289 3202 1400 3261 τοῖς
1452 3199 1737 3268 ἀχράντοις

180 3287 523 3356 μυστηρίοις.
572 3287 741 3348 οὕτως
771 3286 1059 3356 ἰασάμενος
1087 3282 1253 3353 αὑτὴν
1273 3280 1737 3352 σώματικαὶψυχῇ

176 3370 449 3423 ἀπέλυσεν
474 3370 664 3436 αὑτήν.

259 3454 504 3519 Ἐλέγετο
532 3454 608 3515 δὲ,
648 3454 729 3504 ὅτι
773 3455 831 3504 ἐν
874 3450 952 3520 τῷ
1002 3448 1196 3520 μακρῷ
1243 3447 1343 3517 τῆς
1382 3447 1526 3516 ζωῆς
1579 3447 1741 3498 αὑτοῦ

175 3540 354 3609 χρόνῳ
381 3539 632 3606 ὑπόγειον
655 3539 701 3569 ³⁵
726 3540 953 3607 ποιήσας
976 3538 1019 3570 ⁸⁹
1051 3536 1285 3606 σύριγγα
1312 3535 1620 3603 ὀρύγματος
1640 3534 1745 3586 ἀπὸ

174 3630 276 3698 τῆς
330 3628 525 3696 κέλλης
573 3626 736 3679 αὑτοῦ
784 3626 1103 3697 ἡμισταδίου
1148 3625 1320 3693 μῆκος
1360 3626 1436 3685 είς
1479 3625 1538 3675 τὸ
1578 3622 1743 3691 ἀκρον

179 3712 440 3781 σπήλαιον
485 3711 847 3773 ἀπετέλεσεν,
895 3711 985 3761 καὶ
1019 3709 1069 3759 εί
1123 3724 1253 3759 ποτε
1302 3707 1546 3768 πλείονες
1594 3707 1743 3776 αὑτῷ

175 3804 418 3873 ῶχλουν,
470 3801 728 3872 κρυπτῶς
763 3803 825 3852 ἐκ
874 3801 973 3870 τῆς
1013 3799 1211 3869 κέλλης
1257 3799 1415 3862 ἐξιὼν
1465 3798 1629 3869 ἀπῄει
1662 3800 1743 3861 είς

175 3896 237 3947 τὸ
288 3892 551 3961 σπήλαιον
611 3892 707 3942 καὶ
769 3891 865 3959 οὑχ
915 3889 1231 3959 εὑρίσκετο·
1287 3888 1380 3941 καὶ
1431 3888 1512 3939 ὅτι
1566 3887 1742 3941 ἀπιὼν

174 3986 262 4037 διὰ
298 3985 396 4053 τῆς
438 3982 696 4050 σύριγγος
724 3979 897 4033 εἴκοσι
930 3980 1195 4048 τέσσαρας
1228 3977 1399 4029 ἐποίει
1433 3976 1597 4046 εὑχάς
1639 3976 1743 4039 ἐως

173 4075 266 4128 τοῦ
304 4073 588 4142 σπηλαίου,
622 4071 715 4122 καὶ
744 4069 1035 4139 ἐρχόμενος
1059 4066 1218 4119 πάλιν
1243 4065 1462 4135 ὁμοίως.

245 4166 381 4234 Περὶ
411 4162 606 4215 τούτου
629 4160 819 4230 ἐξῆλθε
850 4160 1027 4228 φήμη,
1052 4159 1134 4210 ὃτι
1164 4158 1258 4208 καὶ
1286 4157 1476 4225 νεκρὸν
1497 4156 1737 4225 ἡγειρεν,

174 4252 261 4310 ἴνα
298 4255 572 4326 αἱρετικὸν
599 4254 761 4323 πείσῃ
807 4251 881 4321 μὴ
910 4248 1276 4321 ὁμολογοῦντα
1306 4250 1602 4302 ἀνάστασιν
1633 4264 1740 4299 σω-

176 4352 383 4420 μάτωνο
420 4349 511 4399 καὶ
538 4346 675 4415 αῦτη
706 4347 738 4413 ἡ
774 4346 929 4414 φήμη
965 4343 1186 4413 ἐκράτει
1216 4343 1346 4411 περὶ
1375 4340 1540 4393 αὑτοῦ
1575 4342 1633 4392 ἐν
1670 4343 1737 4409 τῇ

398 4441 443 4467 ιο

172 4441 565 4573 ὲρὶἑξξάιξάλλοτιε.
606 4514 939 4587 προσενέχθη
979 4514 1126 4583 αὑτῷ
1147 4514 1427 4575 νεανίσκος
1448 4512 1737 4581 δαιμονιῶν

171 4612 327 4683 παρὰ
360 4610 456 4678 τῆς
493 4607 625 4670 ἰδίας
662 4606 885 4677 μητρὸς,
923 4606 1043 4658 δυσὶ
1082 4606 1383 4667 νεανίσκοις
1423 4604 1737 4673 συνδεδεμέ-

1848 2043 1954 2097 buc
1993 2043 2241 2097 adduxit.
2306 2043 2515 2107 Quibus
2552 2042 2597 2095 is
2632 2040 2799 2104 :Vos,
2846 2042 3043 2108 inquit.
3076 2043 3208 2094 estis
3259 2041 3404 2107 equi,

1847 2133 1938 2201 qui
1965 2147 2227 2202 equorum
2254 2134 2445 2186 oculos
2480 2130 2720 2195 habetis;
2751 2133 2842 2183 illa
2870 2139 3047 2184 autem
3078 2130 3274 2184 femina
3304 2142 3403 2193 est,

1848 2232 1904 2274 ut
1932 2232 2009 2276 est
2049 2232 2253 2283 creata,
2287 2230 2338 2273 et
2367 2223 2438 2274 ita
2462 2220 2852 2275 transformata
2879 2221 3051 2274 oculis
3076 2229 3282 2272 tantum
3316 2234 3407 2287 ap-

1846 2324 1996 2382 paret
2021 2330 2233 2377 eorutn,
2267 2316 2355 2381 qui
2387 2322 2519 2367 sunt
2553 2313 2783 2380 decepti.
2818 2311 3021 2365 Deinde
3068 2326 3205 2379 aqua
3239 2311 3404 2364 bene-

1844 2406 1985 2458 dicta
2018 2408 2236 2469 nudam,
2269 2420 2431 2474 quam
2471 2405 2828 2466 adduxerant,
2887 2419 2913 2455 a
2950 2419 3163 2457 summo
3203 2403 3405 2457 vertice

1843 2499 2093 2565 aspersit,
2141 2513 2419 2565 quumque
2463 2512 2626 2564 super
2659 2505 2823 2564 caput
2862 2495 2983 2564 ejus
3033 2507 3288 2564 precatus
3315 2513 3405 2549 es-

1842 2595 1943 2645 set.
1964 2589 2142 2641 statim
2166 2588 2415 2641 omnibus
2432 2602 2548 2640 eam
2578 2586 2887 2641 videntibus
2912 2588 3106 2641 femina
3132 2588 3400 2655 apparuit.

1843 2681 2019 2747 Atque
2053 2680 2135 2731 vir
2164 2677 2258 2732 Dei
2302 2679 2350 2731 ei
2382 2679 2560 2731 cibum
2620 2679 2814 2747 apponi
2858 2678 3044 2747 jussit.
3089 2677 3224 2730 Tum
3281 2694 3402 2731 eam

1841 2770 2177 2823 commonuit
2220 2769 2407 2823 dicens
2444 2787 2457 2823 :
2492 2768 2781 2837 Nunquam
2823 2786 2929 2823 non
2977 2784 3298 2839 compareas
3348 2769 3401 2821 in

1841 2862 2070 2915 ecclesia
2106 2860 2199 2915 Dei
2226 2869 2279 2914 et
2315 2862 2367 2914 in
2401 2863 2785 2916 communione
2813 2863 3197 2932 mysteriorum
3237 2862 3404 2915 Chri-

1844 2953 1942 3018 sti;
1994 2953 2124 3005 baec
2149 2954 2292 3003 enim
2336 2952 2436 3004 tibi
2475 2952 2815 3011 acciderunt.
2851 2954 2977 3022 quia
3017 2954 3128 3021 jam
3165 2955 3405 3021 quinque

1843 3042 2272 3095 hebdomadibus
2307 3056 2411 3092 non
2444 3043 2728 3095 accessisti
2762 3044 2827 3096 ad
2856 3044 3170 3095 intemerata
3202 3043 3404 3096 Christi

1845 3130 2120 3199 mysteria.
2176 3129 2250 3181 Ita
2293 3143 2408 3181 eam
2450 3142 2677 3195 corpore
2714 3136 2769 3181 et
2819 3129 2995 3180 anima
3031 3136 3276 3180 sanatam
3321 3125 3406 3179 di—

1844 3221 2010 3273 misit.

1915 3309 2083 3362 Porro
2136 3309 2418 3363 dicebatur
2466 3311 2765 3380 posteriore
2807 3311 2949 3362 vitae
2984 3324 3114 3363 suae
3161 3316 3406 3378 tempore

1714 3446 1738 3469 ,
1772 3396 1812 3449 C
1848 3400 2256 3454 subterraneum
2307 3399 2512 3454 fodisse
2562 3403 2874 3453 cuniculum
2929 3400 2980 3452 in
3024 3400 3235 3453 dimidii
3279 3414 3404 3469 Spa-

1846 3492 1977 3542 tium
1998 3491 2180 3554 stadii,
2212 3500 2264 3545 et
2295 3494 2607 3560 speluncam
2643 3492 2928 3560 adjecisse.
2963 3490 3018 3543 Si
3059 3490 3279 3560 quando
3306 3491 3407 3558 igi-

1847 3590 1935 3633 tur
1960 3584 2271 3648 complures
2326 3583 2375 3634 ei
2425 3591 2583 3633 erant
2640 3582 2878 3642 molesti,
2912 3582 3128 3635 occulte
3179 3596 3209 3634 e
3270 3582 3403 3631 cella

1844 3689 2097 3741 egressus
2147 3674 2278 3725 abiit
2322 3674 2374 3725 in
2433 3676 2767 3741 speluncam,
2822 3674 2917 3734 ita,
2972 3682 3030 3725 ut
3084 3687 3243 3724 nemo
3274 3686 3398 3723 eum

1851 3764 2141 3816 inveniret.
2167 3763 2372 3815 Abiens
2403 3779 2533 3815 vero
2571 3780 2664 3832 per
2700 3764 3016 3816 cuniculum
3044 3762 3230 3831 viginti
3269 3777 3405 3830 qua—

1843 3862 1969 3906 tuor
2033 3855 2311 3907 orationes
2362 3852 2578 3907 dicebat
2617 3869 2792 3923 usque
2851 3853 2918 3905 ad
2959 3855 3303 3921 speluncam,
3352 3861 3405 3905 et

1844 3945 2060 3999 rediens
2106 3944 2357 4000 totidem.

1912 4061 2065 4117 Deeo
2097 4078 2314 4132 quoque
2353 4062 2493 4115 fama
2527 4064 2681 4124 exiit.
2728 4064 2873 4132 quod
2906 4072 3180 4116 mortuum
3224 4062 3405 4116 susci-

1842 4156 1992 4217 tarit,
2030 4163 2087 4208 ut
2126 4156 2479 4209 convinceret
2506 4156 2862 4215 baereticnm,
2898 4156 2990 4224 qui
3041 4156 3401 4208 resurrectio-

1840 4264 1963 4301 nem
2025 4262 2312 4313 corporum
2373 4261 2483 4299 non
2545 4247 2922 4314 profitebatur.
2979 4249 3129 4311 Quae
3182 4248 3401 4315 quidem

1842 4339 1982 4392 fama
2024 4346 2283 4391 constans
2317 4337 2419 4391 fuit
2448 4340 2500 4391 in
2542 4338 2857 4392 solitudine.

1910 4493 2064 4563 251
2090 4493 2235 4545 Alias
2251 4494 2317 4547 ad
2341 4494 2514 4562 ipsum
2538 4501 2709 4547 mater
2734 4492 2957 4546 adduxit
2982 4492 3398 4555 adolescentem,

1838 4590 1929 4658 qui
1960 4605 1989 4642 a
2014 4590 2278 4642 daemone
2309 4588 2619 4645 vexabatur.
2668 4602 2697 4638 a
2721 4587 2936 4639 duobus
2964 4585 3399 4639 adolescentibus

169 4675 269 4766 νος.
290 4675 625 4769 ἐξέκατέρου
660 4675 881 4767 μέρους·
916 4696 1119 4766 ταύτην
1136 4696 1190 4747 δέ
1217 4697 1258 4726 ⁶¹
1281 4696 1376 4763 τὴν
1407 4696 1684 4763 ἐνέργειαν
1709 4696 1736 4746 ὁ
1768 4716 1815 4774 D
1842 4696 1857 4731 ι

1710 4696 1736 4746 ὁ
1768 4716 1815 4774 D
1842 4680 2111 4745 utrimque
2134 4678 2508 4730 constrictum.
2545 4675 2783 4743 Eamque
2808 4676 2861 4727 in
2885 4690 3006 4728 eum
3040 4676 3145 4727 vim
3173 4675 3398 4727 daemOu

168 4789 382 4857 δαίμων
432 4780 594 4852 εἶχεν·
660 4782 822 4852 τριῶν
858 4781 1052 4851 μοδίων
1098 4780 1294 4848 ἄρτους
1317 4777 1493 4847 ἧσθιε,
1535 4778 1627 4829 καὶ
1653 4796 1735 4829 κι-

168 4875 403 4927 λικίσιον
464 4870 654 4931 ὓδατος
704 4868 916 4919 ἐπινενο
972 4865 1111 4933 ἆπερ
1162 4866 1206 4895 ⁸⁸
1252 4865 1607 4934 ἐρευγόμενος
1659 4866 1737 4925 εἰς

169 4963 345 5031 ἀτμὸν
381 4960 447 4990 ⁸³⁸
474 4957 662 5009 ἀνέλυε
690 4954 747 5006 τὰ
767 4953 1030 5024 βρώματα
1062 4952 1135 5014 ὡς
1163 4953 1267 5003 ἀπὸ
1300 4952 1342 4983 ⁸⁸
1367 4952 1532 5021 πυρὸς
1564 4953 1735 5004 δαπα..

168 5055 389 5121 νώμενα
412 5050 473 5100 ⁸⁸.
510 5054 621 5102 ἐστι
650 5047 759 5115 γάρ
791 5062 841 5095 τι
871 5044 1142 5113 δαιμόνιον
1179 5044 1359 5111 τάγμα
1398 5043 1616 5111 πύρινον
1652 5042 1737 5093 λε-

168 5146 427 5213 γόμενον,
466 5140 566 5191 οὑκ
608 5138 794 5199 οὐσίας
832 5134 1255 5206 μεταϐληθείσης
1283 5134 1348 5197 ⁸⁸,
1393 5134 1506 5186 ἀλλ’
1539 5133 1613 5194 ὡς
1646 5134 1737 5185 καὶ

1845 4772 2104 4828 exercuit.
2150 4780 2207 4822 ut
2242 4769 2403 4820 trium
2436 4764 2737 4818 modiorum
2774 4779 2941 4832 panes
2981 4764 3311 4823 comedent,
3348 4772 3403 4814 et.

1845 4861 2137 4928 amphorae
2186 4859 2489 4914 Ciliciensis
2545 4873 2737 4925 aquam
2800 4858 3022 4910 biberet.
3066 4855 3212 4919 Quos
3250 4856 3402 4908 CibOS

1845 4953 2038 5005 exinde
2072 4962 2327 5003 eructans
2362 4951 2411 5001 in
2468 4964 2716 5014 vaporem
2768 4948 3105 5007 resolvebat,
3144 4958 3399 5013 tanquam

1843 5042 1964 5109 igne
1991 5047 2463 5093 consumerentur.
2490 5036 2582 5090 Est
2612 5038 2754 5090 enim
2785 5036 2917 5089 ordo
2935 5037 3151 5104 quidam
3182 5037 3403 5088 daemo-

1844 5149 1996 5192 num.
2029 5131 2120 5199 qui
2150 5131 2340 5199 igneus
2364 5138 2622 5193 vocatur,
2647 5128 2738 5195 qui
2761 5127 2977 5194 quidem
3006 5142 3110 5179 nou
3142 5125 3399 5186 essentia,

1428 5223 1680 5278 VARIAE
1716 5223 2122 5279 LECTIONES.

241 5327 286 5357 “
318 5324 479 5382 Balc.
555 5319 598 5350 ⁸¹
704 5316 869 5386 αὐτὴν
899 5316 1047 5382 πρὸς
1075 5316 1300 5386 ιζύτόνμ
1325 5385 1334 5386 7
1366 5314 1420 5386 δῖ
1444 5316 1479 5365 Α
1503 5316 1666 5383 ἐριμο

1668 5333 1723 5375 ν,
1755 5325 1804 5367 et
1839 5315 1918 5368 sic
1952 5313 2061 5365 fere
2099 5313 2313 5379 ubique.
2390 5312 2435 5341 “
2466 5309 2612 5379 πρρς
2647 5309 2754 5362 τὸν
2778 5309 2944 5375 ἅγιον
2963 5322 3069 5359 om.
3106 5306 3163 5379 Βζ
3238 5306 3283 5337 ⁸⁸
3312 5307 3401 5358 Sic

167 5397 274 5451 AB.
319 5396 362 5425 “
392 5376 510 5445 B'oi
534 5390 589 5441 δέ
616 5384 805 5440 εἷπον.
829 5376 841 5386 ’
881 5376 990 5436 ⁸⁶Ἀ
1011 5376 1229 5452 ὁρᾶται.
1292 5384 1432 5435 "AB
1451 5376 1620 5451 αὐτή.
1696 5386 1739 5416 ’⁵³
1766 5384 1817 5453 Ai
1839 5382 2010 5448 αὐτῇ,
2102 5384 2188 5446 εὶς
2204 5376 2413 5453 αὐτὴν.
2490 5381 2531 5408 δ’
2552 5378 2656 5453 i’rc
2682 5380 2838 5453 ἀλλὰ
2861 5380 3050 5453 μόνον
3066 5376 3237 5453 τοῦτο
3268 5394 3401 5453 gat:

445 5461 485 5511 Β
509 5460 657 5534 οὕτω
687 5457 765 5534 δέ.
787 5446 1075 5534 φᾳίνξταῖ.
1146 5455 1190 5534 ’ξ’
1213 5453 1430 5534 Promisi
1452 5454 1568 5534 ἀπὸ
1586 5446 2191 5534 ξκορυςῖἦς-πόιήσας
2222 5452 2261 5501 Β
2276 5449 2651 5534 fugaci-tgna
2664 5448 2774 5512 τὴν
2794 5448 3065 5534 κορυφὴν
3088 5446 3273 5522 αὑτῆς
3306 5446 3403 5524 καί

164 5528 427 5598 εεᾰιήσας
448 5528 630 5594 εὐχάς

726 5528 769 5557 ⁸⁸
787 5514 985 5589 ἀὐτῆς
1016 5539 1123 5576 om.
1152 5525 1213 5575 Α.
1288 5524 1333 5553 ⁵³
1366 5522 1469 5576 Pro
1491 5514 1682 5590 ἐφάνὴ
1718 5514 1865 5574 άᾱάὶ
1892 5520 2041 5590 γυνὴ
2066 5514 2475 5590 νκαθορῶσιῖΒ
2494 5517 2720 5590 ἔδειξεν
2748 5518 2939 5590 αὐτὴν
2974 5514 3402 5590 γυναῖκα-κατα

404 5584 419 5596 ’
450 5601 495 5631 ⁸³
522 5584 769 5663 δοθῆναι
800 5610 907 5675 oin.
936 5584 999 5645 Β.
1074 5594 1120 5623 ⁸⁸
1152 5592 1192 5645 Β
1229 5584 1679 5675 ἀπολειφθῆναιξ
1758 5593 1802 5622 ⁸⁸
1831 5584 1956 5675 £033“
1973 5590 2119 5675 6810.1?
2153 5584 2259 5641 om.
2294 5589 2356 5675 β.
2432 5590 2481 5619 ⁵⁸
2496 5588 2618 5675 1013‘
2648 5588 2903 5675 Χριςτοξ)
2934 5603 3037 5636 om.
3216 5585 3258 5613 "
3302 5585 3397 5675 ὲπξ

165 5663 276 5727 imi.
315 5673 371 5724 Β.
443 5671 490 5701 ⁵⁸
516 5661 764 5725 Etnend.,
820 5663 906 5714 AB
959 5664 1210 5729 ὑπόγηον.
1326 5662 1443 5713 "A
1500 5661 1743 5727 ποιήσῃ.

164 5746 365 5798 πολλὰ
388 5740 714 5798 ἐσθίοντος.

795 5734 837 5763 ⁸⁸
870 5733 968 5785 Pro
998 5734 1219 5797 ταύτην
1238 5731 1305 5783 δὲ
1332 5735 1371 5783 Α
1398 5731 1533 5784 male
1555 5730 1621 5794 ὃς
1650 5732 1892 5796 ταύτην.

1833 5661 1877 5690 ⁸ο
1920 5659 1959 5710 Β
1991 5660 2138 5710 addit
2187 5660 2399 5709 titulum
2437 5676 2449 5709 :
2486 5657 2619 5722 Περὶ
2684 5652 2789 5707 τοῦ
2851 5652 3266 5722 δαιμονιῶντος
3302 5654 3400 5706 και

1970 5728 2013 5757 ⁶²
2042 5727 2247 5798 Βᾶπερ
2272 5729 2389 5779 καί.
2455 5729 2521 5757 ⁸³·
2564 5726 2666 5780 Pro
2728 5726 2913 5788 ἀτμόν
2953 5726 2993 5777 Β
3036 5725 3174 5777 male
3192 5726 3397 5776 αὐτόν.

166 5797 210 5846 λδ
247 5816 288 5870 Β
326 5812 468 5867 ὑπό.
545 5807 589 5836 ⁸⁵
615 5797 791 5867 Cum,
846 5802 931 5855 AB
954 5804 1369 5870 ὃαπαγόμεναι.
1440 5802 1482 5831 ⁸⁵
1504 5801 1680 5863 Cum,
1725 5801 1766 5853 A
1796 5799 1836 5852 Β
1862 5797 2333 5867 μεταϐληθοξσης.
