4274 6358
839 368 943 428 183

1645 370 1743 425 SS.
1788 369 2243 426 MACARIORUM
2282 369 2598 425 AEGYPTII
2642 370 2724 424 ΕΤ
2767 370 3233 425 ALEXANDRINI

3973 367 4066 428 184

838 492 955 551 sed,
991 498 1046 542 ut.
1078 489 1130 543 in
1166 488 1476 543 hominibus
1505 504 1722 557 quoque
1756 490 2059 553 invenitur,
2098 498 2279 542 mente
2304 504 2402 558 po-
2434 496 2479 549 Α
2507 494 2526 541 ἑ

2383 521 2402 528 -
2434 496 2479 549 Α
2507 492 2597 541 ἐπὶ
2638 490 2936 559 ἀνθρώπων
2974 490 3197 558 γνώμης
3240 490 3439 560 μᾶλλον
3473 490 3875 559 ἀλλοιουμένης.
3924 482 4068 552 οὗτος

838 584 947 635 tius
974 580 1247 634 diﬂ'erunt.
1276 581 1382 634 lste
1412 580 1576 648 igitur
1604 580 1946 643 adolescens,
1972 580 2018 633 si
2049 594 2079 632 a
2102 586 2272 634 matre
2297 595 2405 634 non

838 674 972 726 satis
986 674 1035 727 ei
1056 671 1527 743 suppeditabatur,
1547 688 1707 742 saepe
1734 671 2008 741 propriam
2035 687 2188 725 suam
2213 672 2406 725 edebat

836 765 1086 833 corporis
1130 762 1500 833 egestionem,
1550 772 1603 816 et
1663 764 1852 817 lotium
1914 762 2156 816 bibebat.
2216 762 2405 816 Flente

835 865 1011 909 matre
1038 865 1091 910 et
1115 861 1466 918 lamentante,
1486 863 1849 924 sanctumque
1875 855 2037 909 enixe
2063 855 2403 919 obtestante,

837 947 1001 1000 istum
1032 957 1254 1001 sanctus
1299 948 1533 1016 excepit,
1577 957 1629 1000 et
1676 950 1903 1017 supplex
1960 962 2059 1017 pro
2116 962 2181 1001 eo
2234 947 2405 1001 Deum

835 1040 1031 1094 oravit.
1064 1041 1139 1093 Ac
1173 1049 1294 1108 post
1339 1039 1477 1093 duos
1526 1039 1644 1095 dies
1692 1042 1950 1095 miserum
2003 1039 2233 1094 daemon
2280 1055 2403 1094 cru-

834 1132 1033 1184 eiatum
1056 1131 1286 1185 remisit.
1322 1131 1476 1185 Tunc
1506 1131 1663 1185 matri
1694 1133 1845 1200 ejus:
1875 1132 2172 1198 Quantum,
2207 1135 2401 1203 inquit,

832 1221 938 1283 vis,
974 1232 1032 1274 ut
1058 1221 1344 1274 comedat?
1369 1221 1563 1286 Quam,
1589 1240 1756 1291 quum
1783 1223 1970 1278 decem
1992 1226 2159 1278 libras
2197 1225 2406 1294 signifi-

834 1320 1036 1374 casset,
1095 1312 1414 1379 increpavit,
1477 1313 1605 1380 quia
1655 1314 1884 1366 nimium
1940 1315 2193 1379 dixisset;
2243 1325 2405 1385 atque

835 1401 1032 1454 iterum
1053 1417 1216 1469 super
1246 1402 1589 1457 adolescente
1622 1413 1877 1472 precatus
1910 1421 2031 1458 cum
2052 1406 2262 1473 jejunio
2285 1424 2405 1477 sep-

836 1504 939 1544 tem
974 1492 1182 1545 dierum
1224 1494 1539 1547 daemonem
1574 1495 1827 1562 iugluviei
1881 1496 1947 1547 ab
1984 1512 2048 1549 eo
2091 1499 2317 1565 expulit,
2352 1509 2405 1552 et

832 1583 1014 1635 cibum
1069 1588 1117 1637 ei
1162 1585 1447 1637 constituit
1480 1585 1645 1637 trium
1677 1586 1942 1640 librarum
1999 1605 2213 1656 panem,
2240 1606 2401 1658 quem

833 1673 1117 1729 comedere
1148 1676 1388 1738 deberet,
1418 1676 1466 1731 si
1516 1685 1857 1743 operaretur.
1904 1677 1977 1729 Ita
2013 1688 2065 1730 et
2116 1680 2259 1732 hunc
2292 1681 2403 1732 vir-

833 1772 947 1817 tute
982 1764 1196 1818 divinae
1227 1765 1430 1834 gratiae
1467 1776 1716 1819 sanatum
1754 1767 1915 1820 matri
1949 1768 2207 1823 reddidit.

2507 580 2689 632 τοίνυν
2720 580 2795 650 μὴ
2835 580 3234 649 ἐπαρκούμενος
3270 580 3419 649 παρὰ
3450 582 3548 649 τῆς
3573 579 3776 650 μητρὸς
3810 582 3911 649 τὴν
3942 580 4068 632 ἰδίαν

2509 670 2711 740 κόπρον
2740 671 2996 734 πολλάκις
3014 670 3168 741 ἥσθιε
3190 677 3281 723 καί
3312 671 3371 723 τὸ
3391 672 3435 702 ⁸⁸
3476 670 3632 741 οὖρον
3655 671 3829 722 ἔπινε.
3862 672 4069 724 κλαιούο

2508 779 2609 832 σης
2654 757 2745 814 οὖν
2778 762 2821 793 ⁸⁷
2861 764 2960 831 τῆς
3010 762 3212 832 μητρὸς
3258 779 3351 815 και
3397 761 3725 832 ὀδυρομένης
3776 761 3868 812 καὶ
3898 763 3942 792 ⁸⁸
3980 763 4066 814 τὸν

2507 851 2661 920 ἅγιον
2695 851 3042 919 ἱκετευούσης
3072 850 3248 903 λαϐὼν
3282 852 3488 904 ἐκεῖνον
3520 852 3549 903 6
3581 852 3757 919 ἆγιος,
3792 851 3884 903 καὶ
3917 854 4070 903 ἐπευ-

2506 943 2737 1013 ξάμενος
2756 942 2901 1011 αὑτῷ
2931 944 3021 995 καί¹
3049 942 3092 973 ⁸⁸
3122 943 3212 995 τὸν
3233 943 3362 994 Θεὸν
3392 942 3647 996 ἱκετεύων
3701 944 3792 995 ἐπὶ
3822 943 3913 994 δύο
3944 944 4072 1011 ἠμέ-

2507 1053 2623 1107 ρας,
2662 1034 2985 1105 ὑπελώφησε
3024 1034 3118 1085 τοῦ
3158 1034 3329 1087 δεινοῦ
3374 1035 3577 1097 πάθους
3622 1036 3649 1087 6
3688 1035 3918 1105 δαίμων.
3952 1035 4068 1087 τότε

2504 1129 2653 1196 λέγει
2698 1132 2762 1200 τῇ
2798 1130 2966 1202 μητρὶ
3001 1128 3183 1181 αὑτοῦ·
3231 1128 3395 1181 πόσον
3430 1128 3603 1189 θέλεις
3638 1128 3723 1179 ἵνα
3753 1127 3939 1196 ἐσθίῃς
3983 1128 4072 1177 καὶ

2504 1221 2673 1289 αὐτῆς
2716 1219 2845 1271 δέκα
2891 1218 3075 1287 λίτρας
3122 1218 3379 1284 εἰπούσης
3424 1217 3753 1286 ἐπετίμησεν
3813 1218 3947 1285 αὐτῇ
3999 1215 4072 1277 ὡς

2504 1312 2639 1364 πολὺ
2668 1311 2970 1381 εἰρηκυίας,
2998 1312 3089 1361 καὶ
3116 1309 3483 1376 ἐπευξάμενος
3514 1308 3674 1359 πάλιν
3702 1309 3776 1375 τῷ
3808 1310 4072 1375 νεανίσκῳ

2507 1405 2645 1473 μετά
2672 1403 2925 1472 νηστείαν
2953 1403 3045 1453 ἐπὶ
3084 1400 3222 1453 ἑπτά
3258 1402 3465 1470 ἡμέρας
3495 1399 3745 1463 ἐξέλασεν
3776 1401 3871 1451 ἀπ’
3906 1400 4068 1452 αὐτοῦ

2500 1497 2590 1548 τὸν
2605 1496 2832 1565 δαίμονα
2851 1496 2947 1563 τῆς
2978 1493 3336 1560 πολυφαγίας,
3360 1495 3452 1545 καὶ
3474 1492 3697 1560 ἔστησεν
3729 1493 3773 1522 ⁷ο
3803 1493 3950 1561 αὐτῷ
3981 1493 4074 1562 τὴν

2498 1584 2705 1654 τροφὴν
2728 1582 2897 1650 τριῶν
2913 1579 3112 1650 λιτρῶν
3127 1580 3324 1648 ἄρτους
3354 1580 3421 1639 ⁷⁸,
3439 1579 3514 1640 ὼς
3530 1579 3812 1646 ὀφείλοντα
3842 1580 4073 1647 ἐργαζό-

2503 1692 2662 1745 μενον
2678 1673 2837 1725 τοῦτο
2864 1672 3087 1725 ἐσθίειν.
3105 1671 3275 1733 οὕτως
3295 1665 3386 1722 οὖν
3403 1670 3497 1721 καὶ
3514 1669 3703 1722 τοῦτον
3719 1673 3783 1740 τῇ
3811 1671 3911 1738 τῆς
3929 1670 4074 1733 Θείας

2499 1768 2717 1837 χάριτος
2733 1764 3065 1833 συνεργείᾳη
3081 1763 3366 1830 ἰασάμενος
3380 1762 3576 1830 ὑγιῆτῇ
3598 1760 3764 1831 μητρὶ
3776 1760 4073 1813 ἀπέδωκεν.

902 1853 1052 1908 Talia
1082 1855 1223 1913 Deus
1255 1857 1523 1926 stupenda
1558 1857 1823 1911 miracula
1858 1858 1983 1911 fecit
2028 1873 2120 1925 per
2142 1856 2403 1911 dilectum
2439 1850 2479 1904 Β
2574 1860 2590 1910 '.

2388 1874 2403 1910 ι
2439 1850 2479 1904 Β
2574 1857 2761 1911 Ταῦτα
2785 1855 2854 1909 τὰ
2885 1852 3160 1924 παράδοξα
3177 1852 3431 1922 θαύματα
3454 1852 3754 1920 πεποίηκεν
3784 1851 3811 1901 ὁ
3837 1850 3967 1912 Θεὸς
3992 1851 4076 1902 διὰ

831 1961 989 2000 suum
1041 1947 1360 2011 Macarium,
1421 1949 1581 2018 cujus
1641 1950 1965 2003 immortalis
2023 1949 2202 2001 anima
2258 1965 2404 2003 nunc

830 2046 916 2091 est
954 2055 1074 2092 cum
1122 2041 1351 2110 angelis.
1384 2039 1496 2108 Ego
1535 2048 1782 2095 sanctum
1819 2044 1935 2111 ipse
1984 2057 2092 2094 non
2136 2042 2400 2105 conveni;

832 2144 976 2181 anno
1019 2131 1185 2195 enim,
1231 2142 1519 2199 antequam
1565 2132 1620 2186 in
1654 2134 2003 2189 solitudinem
2041 2133 2401 2201 ingrediebar,

832 2223 1061 2274 obierat.

2507 1948 2599 2001 τοῦ
2628 1948 2847 2017 γνησίου
2887 1943 3055 1997 αὑτοῦ
3085 1945 3131 1975 ⁷³
3177 1943 3331 2010 φίλου
3378 1942 3688 2013 Μακαρίου,
3721 1934 3781 1994 οὗ
3813 1946 3845 2009 ἡ
3876 1942 4075 1995 άθάναο

2508 2055 2598 2099 τος
2630 2038 2677 2067 "
2726 2035 2871 2105 ψυχὴ
2920 2033 3015 2085 νῦν
3068 2036 3205 2102 μετὰ
3246 2032 3493 2099 ἀγγέλων
3535 2033 3580 2062 ⁷⁵
3630 2031 3797 2083 ἐστίν.
3845 2030 3956 2098 ἐγὼ
4001 2031 4077 2099 τῷ

2509 2128 2648 2197 ἁγίῳ
2696 2126 2870 2195 τούτῳ
2905 2125 2965 2176 οὐ
2999 2125 3048 2157 ⁷⁸
3078 2124 3384 2192 συνέτυχοψ
3420 2122 3524 2193 πρὸ
3553 2121 3799 2174 ἐνιαυτοῦ
3842 2122 3952 2193 γάρ
3982 2124 4076 2191 τῆς

2508 2223 2588 2283 εἰς
2612 2221 2711 2289 τὴν
2740 2219 2943 2291 ἔρημον
2971 2217 3110 2287 ἐμῆς
3141 2216 3346 2269 εἰσόδου
3378 2216 3704 2285 ὲκεκοίμητο
3728 2216 3792 2267 ⁷⁷.

3584 2380 3599 2387 ο
3632 2369 4056 2387 ﬂ“

2356 2484 2516 2554 252
2553 2478 2630 2537 Πο

1708 2603 1894 2662 νιΤΑ
1927 2601 2208 2663 SANCTI
2254 2599 2598 2660 MACARII
2648 2596 3206 2659 ALEXANDRINI

1197 2750 1275 2804 Ea:
1305 2755 1544 2807 Historia
1576 2754 1837 2808 Lausiaca
1869 2753 2106 2807 Palladii
2159 2752 2229 2805 ad
2263 2753 2502 2806 codicum
2541 2752 2768 2805 duorum
2819 2749 3297 2803 Vindobonensium
3331 2745 3487 2815 ﬁdem
3525 2745 3688 2798 edita.

888 2884 1002 2931 Cod.
1044 2896 1128 2928 ms.
1170 2879 1282 2928 bist.
1317 2894 1480 2942 graec.
1508 2882 1755 2938 LXXXIV,
1793 2886 1911 2932 olim
1932 2884 2099 2940 XXIX,
2134 2884 2261 2933 Bibl.
2288 2884 2425 2935 Caes.
2453 2884 2727 2933 Vindobon.
2754 2882 3080 2930 membranae.
3114 2886 3431 2942 pervetustus

886 2945 1000 2993 Cod.
1026 2956 1113 2991 ms.
1139 2943 1251 2989 hist.
1278 2956 1441 3003 graec.
1464 2943 1543 3002 IX,
1570 2944 1686 2991 olitn
1715 2944 1857 3003 XLll,
1877 2946 2003 2993 Bibl.
2028 2946 2168 2993 Caes.
2190 2946 2461 2993 V'iudobon.
2488 2947 2697 2995 chartae.
2721 2944 2951 3005 antiquus

887 3050 1012 3097 Sunt
1032 3048 1178 3117 iidem
1202 3050 1392 3117 codices
1415 3054 1562 3117 atque
1579 3065 1740 3117 supra.
1766 3053 1819 3100 In
1842 3052 2021 3112 quibus
2038 3056 2188 3101 sancti
2212 3054 2403 3103 Macarii
2423 3056 2806 3117 Aegyptilvltam
2824 3054 2981 3102 altera
3000 3051 3124 3100 haec
3135 3052 3320 3112 excipit
3333 3049 3489 3099 sancti
3517 3050 3710 3101 Macarii
3735 3053 4079 3101 Alexandrini.

826 3110 1013 3160 'l‘extus
1040 3110 1301 3158 Meursiani
1326 3113 1563 3160 lectiones
1588 3110 1757 3171 varias,
1782 3110 1911 3174 quae
1935 3123 2051 3163 sunt
2078 3118 2383 3176 innumerae,
2405 3110 2883 3177 non'adscripsimus.

1110 3327 1181 3381 De
1212 3339 1394 3381 sancto
1424 3326 1667 3382 Macario
1700 3328 2088 3383 Alexandrino.

898 3417 1157 3470 Sanctum
1184 3432 1312 3469 vero
1337 3415 1630 3469 Macariqu
1669 3419 2099 3473 Alexandrinum
2141 3424 2393 3485 conveni,

824 3509 916 3578 qui
938 3511 1222 3577 presbyter
1244 3516 1360 3560 erat
1383 3508 1702 3571 Celliorum,
1724 3526 1864 3578 quae
1884 3510 2163 3564 dicuntur.
2182 3510 2238 3565 ln
2255 3529 2397 3581 quae

825 3617 924 3671 ego
954 3617 1145 3655 novem
1202 3615 1376 3655 annos
1432 3601 1656 3666 secessi,
1693 3617 1758 3654 ex
1787 3603 1987 3671 quibus
2030 3612 2142 3658 tres
2182 3621 2395 3659 mecum

823 3696 961 3746 vixit
996 3692 1083 3746 ille
1113 3691 1379 3748 Macarius
1409 3693 1460 3747 in
1487 3695 1665 3763 quiete
1695 3694 1915 3764 degens.
1942 3697 2119 3767 Atque
2142 3700 2247 3753 alia
2276 3702 2394 3769 qui-

823 3784 945 3839 dem
983 3786 1100 3854 ipse
1121 3785 1229 3838 vidi
1262 3786 1400 3854 apud
1432 3801 1557 3838 eum
1615 3788 1856 3855 optimae
1896 3788 2017 3856 ejus
2054 3790 2273 3844 vivendi
2311 3808 2396 3845 ra—

824 3875 991 3930 tionis
1042 3891 1203 3944 opera
1235 3877 1488 3945 etsigna,
1524 3876 1629 3929 alia
1659 3879 1725 3930 ab
1765 3878 1856 3940 iis,
1892 3881 1987 3947 qui
2033 3897 2139 3933 una
2174 3896 2298 3934 cum
2330 3899 2398 3937 eo

826 3967 1099 4031 vixerunt,
1150 3968 1345 4029 didici,
1376 3970 1479 4021 alia
1536 3970 1827 4038 deniquea
1878 3974 2253 4041 compluribus
2274 3975 2397 4030 aliis

826 4054 1031 4109 audivi.
1066 4053 1399 4108 Exercitatio
1430 4056 1595 4126 igitur
1630 4057 1850 4111 Macarii
1889 4060 2091 4126 magni,
2127 4070 2183 4113 ut
2213 4076 2313 4131 ego
2343 4070 2399 4116 et

825 4145 980 4198 multi
1008 4145 1149 4213 apud
1174 4161 1295 4199 eum
1325 4146 1641 4211 didicimus,
1674 4148 1806 4201 haee
1851 4148 2061 4203 fuit:Si
2090 4151 2235 4220 quod
2259 4168 2398 4223 opus

824 4235 1231 4289 exercitationis
1290 4237 1520 4305 aliquem
1573 4254 1809 4307 unquam
1878 4239 2074 4295 fecisse
2129 4243 2396 4309 audierat,

824 4327 967 4380 idem
993 4327 1202 4380 allicere
1248 4329 1505 4381 ardenter
1534 4332 1764 4383 studuit.
1811 4329 1910 4386 Hic
1953 4332 2120 4402 igitur
2150 4344 2397 4399 sanctus,

826 4434 990 4487 quum
1023 4420 1304 4479 audiisset,
1340 4417 1770 4475 Tabennesiotas
1824 4439 1920 4492 per
1963 4431 2135 4478 totam
2164 4425 2401 4494 quadra-

825 4510 1089 4579 gesimam
1115 4512 1262 4563 nulla
1289 4526 1347 4564 re
1375 4511 1521 4565 vesci
1541 4526 1680 4579 quae
1703 4513 1813 4583 igni
1846 4516 2063 4571 admota
2096 4530 2261 4581 esset,
2288 4528 2399 4572 sta-

824 4603 927 4653 tuit
953 4610 1005 4655 et
1038 4603 1151 4671 ipse
1173 4604 1456 4671 septennio
1489 4603 1645 4667 nihil,
1678 4606 1825 4673 quod
1873 4623 1969 4675 per
2003 4609 2180 4678 ignem
2213 4619 2394 4663 trans-

2418 3342 2461 3398 C
2549 3330 2689 3398 Περὶ
2717 3330 2826 3383 τοῦ
2853 3330 3027 3398 ἁγίου
3044 3332 3355 3398 Μακάρων
3378 3328 3486 3382 τοῦ
3523 3327 3982 3401 Ἀλεξάνδρίνου
4010 3334 4077 3387 ⁷⁸,

2496 3417 2586 3488 Τῷ
2611 3418 2668 3469 δὲ
2702 3418 2839 3486 ἀγίῳ
2882 3418 3153 3489 Μακαρίῳ
3197 3416 3275 3487 τῷ
3318 3416 3654 3487 Ἀλεξανδρεί
3698 3418 4076 3489 συντετύχηκα

2497 3508 2854 3579 πρεσὸυτέρῳ
2886 3508 2998 3561 δντι
3020 3508 3128 3561 τῶν
3163 3508 3471 3577 λεγομένων
3500 3508 3744 3571 κελλίων,
3781 3511 3863 3572 εἰς
3902 3510 3939 3563 ἃ.
3970 3512 4081 3574 ἐγὼ

2496 3600 2803 3670 παρῴκησα
2844 3599 2999 3651 ὲννέα
3038 3598 3130 3668 ἔτη
3156 3601 3221 3653 τ’.
3261 3600 3318 3651 ὲν
3342 3595 3425 3662 οἷς
3460 3599 3589 3670 τρία
3620 3599 3713 3668 ἔτη
3755 3617 3845 3669 μοι
3882 3601 4083 3671 ἐπέζη-

2499 3708 2590 3743 σεν
2618 3691 2664 3721 ⁸⁸
2695 3693 2723 3742 6
2751 3690 3031 3760 Μακάριος
3061 3686 3235 3753 οὗτος,
3275 3691 3475 3759 διάγων
3510 3694 3567 3745 ὲν
3611 3694 3829 3763 ἡσυχία.
3872 3696 3968 3746 καὶ
4013 3696 4081 3748 τά

2501 3780 2600 3849 μὲν
2621 3780 2664 3810 ⁸³
2689 3776 2825 3833 εἶδον
2852 3780 2962 3848 ἐγὼ
2984 3783 3111 3849 παρ’
3137 3780 3301 3832 αὑτοῦ
3330 3782 3373 3811 ⁸⁸
3411 3783 3509 3849 τῆς
3549 3782 3777 3852 ἀρίστης
3798 3785 4083 3848 πολιτείας

2497 3870 2663 3925 αὑτοῦ
2688 3872 2733 3902 ⁸³
2762 3872 2899 3941 ἔργα
2927 3890 2984 3923 τε
3010 3872 3099 3923 καὶ
3131 3875 3350 3941 σημεῖα,
3376 3874 3443 3926 τά
3477 3874 3532 3924 δὲ
3562 3874 3609 3903 ³⁵
3638 3874 3791 3943 παρὰ
3818 3875 3925 3926 τῶν
3957 3876 4083 3928 τού-

2496 3981 2591 4015 του
2628 3963 3053 4033 συμϐιωσάντων
3103 3963 3423 4033 μεμάθηκα,
3470 3963 3543 4015 τά
3589 3964 3647 4016 δὲ
3696 3966 3826 4032 παρ’
3870 3966 4080 4037 ἑτέρων

2497 4055 2757 4107 πλειόνων
2784 4056 2829 4086 ⁸⁸
2860 4056 3091 4125 ἀκήκοα.
3133 4059 3162 4123 ή
3212 4056 3310 4125 μὲν
3340 4052 3432 4108 οὖν
3465 4056 3701 4124 ἄσκησις
3759 4057 3851 4109 τοῦ
3908 4059 4086 4127 μεγά-

2496 4146 2589 4198 λου
2616 4146 2925 4216 Μακαρίου,
2956 4146 3031 4209 ὡς
3063 4146 3174 4213 ἐγὼ
3207 4149 3301 4200 καὶ
3328 4147 3515 4199 πολλοὶ
3544 4147 3674 4217 παρ’
3723 4148 3874 4218 αὐτῷ
3913 4152 4086 4221 ἠκρι-

2498 4238 2773 4309 ϐώσαμεν,
2810 4233 2879 4307 ἦν
2909 4236 3047 4307 αὕτη
3070 4238 3115 4268 ⁸⁵
3139 4251 3152 4264 ⁰
3179 4236 3233 4289 εἴ
3258 4255 3311 4290 τι
3341 4238 3546 4307 ἀκήκοε
3572 4237 3793 4291 πώποτέ
3822 4256 3946 4292 τινα
3980 4258 4085 4294 πεο

2498 4331 2762 4400 ποιηκότα
2796 4330 2839 4360 ⁸⁷
2878 4329 3036 4400 ἔργον
3081 4327 3499 4401 άσκήσεως,διά
3546 4331 3783 4399 σπουδῆς
3808 4331 3853 4361 ⁸⁸
3918 4332 4090 4385 τοῦτο

2497 4421 2881 4491 κατώρθωσεν,
2921 4418 3160 4481 ἀκούσας
3188 4419 3233 4449 ⁸³
3277 4414 3392 4483 οὖν,
3428 4419 3507 4471 ὅτι
3538 4421 3587 4471 οἰ
3632 4420 4088 4491 Ταὸεννησιῶται

2497 4515 2587 4567 διὰ
2636 4514 2815 4583 πάσης
2868 4512 2968 4581 τῆς
3013 4515 3451 4581 τεσσαρακοστῆς
3516 4510 3726 4582 ἄπυρον
3781 4514 4087 4580 ἐσθίουσιν,

2500 4605 2715 4675 ἔκρινεν
2743 4606 2788 4635 ⁹⁰
2821 4596 2971 4666 οὗτος
3009 4604 3036 4655 6
3079 4604 3231 4670 άγιος
3270 4603 3362 4654 ἐπὶ
3404 4605 3695 4656 ἑπταετίαν
3726 4604 3753 4657 δ
3786 4605 3873 4658 διὰ
3903 4609 4089 4677 πυρὸς

823 4692 995 4751 iisset.
1025 4695 1328 4757 comedere,
1364 4705 1415 4747 et
1450 4704 1653 4763 septem
1683 4697 1843 4752 annis
1882 4698 2016 4751 nihil
2048 4699 2193 4754 aliud
2224 4709 2403 4769 gusta-
2434 4690 2478 4745 Π
2506 4702 2511 4745 ἀ

2434 4690 2478 4745 D
2506 4697 2794 4766 διέρχεται,
2831 4696 2903 4766 μὴ
2936 4697 3127 4764 φαγεῖν
3148 4696 3215 4758 ⁹¹,
3257 4695 3395 4765 πλὴν
3424 4695 3671 4764 λαχάνων
3701 4696 3867 4765 ὠμῶν
3895 4701 3997 4751 καὶ
4036 4700 4093 4752 εἰ

825 4782 923 4844 vit,
950 4784 1053 4835 nisi
1078 4784 1241 4836 cruda
1270 4784 1495 4847 olera,et
1518 4784 1563 4838 si
1592 4800 1732 4853 quae
1756 4783 1895 4840 forte
1915 4788 2075 4857 253
2101 4789 2399 4845 invenisset

823 4875 1095 4945 legumina
1151 4876 1479 4930 bumectata.
1532 4876 1604 4932 De
1646 4878 1754 4933 alio
1795 4878 2059 4944 audierat,
2086 4881 2176 4948 qui
2203 4881 2392 4935 libram

2507 4806 2607 4841 που
2660 4784 2815 4858 εὗρεν
2865 4786 3088 4857 ὀσπρίου
3128 4789 3172 4818 "
3218 4786 3478 4856 βρεκτοῦ,
3533 4788 3761 4857 μηδενὸς
3803 4790 3847 4821 ’⁸
3914 4791 4090 4843 ἄλλου

2500 4881 2639 4933 ἑπτά
2686 4880 2827 4932 ἔτεσι
2868 4879 3200 4949 γευσάμενος
3225 4879 3289 4931 ’⁸.
3318 4878 3545 4947 ἤκουσεν
3588 4880 3747 4933 άλλου
3777 4882 3842 4944 ⁸⁸,
3874 4880 3962 4934 ὅτι
4003 4884 4090 4937 λί-

2092 4991 2345 5045 VARIAE
2380 4991 2778 5046 LECTIONES.

898 5100 945 5130 θ’
969 5100 1149 5173 Corn,
1197 5100 1286 5153 AB
1312 5104 1435 5155 τόν.
1511 5104 1554 5136 ⁸⁷
1578 5106 1620 5156 Λ
1652 5106 1876 5158 τοίνυν.
1953 5105 1999 5136 ⁸⁸
2022 5106 2117 5158 καὶ
2158 5123 2265 5159 om.
2298 5107 2362 5159 A.
2440 5108 2484 5138 ⁶⁹
2514 5106 2609 5157 καὶ
2655 5106 2846 5157 οιη.Α.
2924 5106 2969 5136 ⁷⁸
2998 5107 3039 5157 Β
3077 5105 3171 5159 καὶ
3202 5106 3553 5157 τετύπωκεν.
3631 5104 3674 5133 ⁷⁸
3716 5102 3756 5155 Β
3791 5106 3947 5173 τρεῖς
3996 5112 4093 5161 λί-

828 5171 1255 5245 τραςρρτοι).--
1283 5173 1327 5202 ⁷³
1361 5174 1542 5245 Corr.,
1588 5174 1676 5225 ΑΒ
1736 5176 2009 5243 συνεργία.
2086 5177 2131 5206 ⁷³
2157 5180 2199 5227 Α
2242 5177 2339 5229 διὰ
2386 5175 2491 5228 τοῦ
2534 5175 2767 5245 ίσαυτοῦ
2820 5173 2993 5233 (forte
3024 5175 3307 5245 éavtofz?)
3348 5175 3619 5241 γνησίου.
3697 5174 3743 5245 ΤΡ
3782 5171 4093 5245 ἀθάνατος

827 5255 936 5314 om.
1117 5242 1162 5314 ’ξ
1203 5239 1293 5294 Sic
1323 5244 1431 5296 AB.
1476 5244 1594 5296 sine
1644 5238 1990 5314 apostropbo,
2033 5254 2093 5297 ut
2144 5260 2323 5314 saepe.
2399 5247 2446 5275 "
2482 5244 2571 5296 AB
2601 5247 2731 5297 οὐκ.
2808 5245 2850 5314 Ϊτ
2895 5245 2968 5297 Ex
3030 5245 3198 5308 coni.,
3236 5238 3635 5312 Α’κζεκοίμητε
3705 5244 3744 5295 Β
3778 5238 4090 5313 examino:

898 5306 1135 5382 indicem
1153 5311 1295 5382 hunc
1328 5326 1434 5364 om.
1458 5316 1517 5364 A.
1595 5306 1698 5365 "B
1718 5306 2046 5367 ὲνναὲτίαν.
2123 5316 2167 5345 ⁸ο
2206 5306 2522 5382 Βὲπέζησέ
2542 5333 2659 5382 μοι.
2736 5314 2780 5345 ⁸¹
2806 5313 2844 5365 Β
2877 5316 2970 5366 καὶ
2996 5306 3194 5367 πολλά
3220 5314 3336 5381 μέν.
3413 5314 3455 5344 “
3484 5306 3622 5381 παρ’
3660 5316 3843 5367 αὐτοῦ
3881 5306 3993 5369 om:
4027 5318 4071 5370 B

829 5377 877 5406 "
902 5379 961 5452 B_
979 5378 1077 5452 τῇς
1104 5380 1339 5452 ἀρίστης
1367 5383 1551 5452 αύτοῦ
1588 5385 1908 5447 πολιτείας.
1987 5385 2031 5415 ⁸⁵
2050 5382 2089 5435 Β
2114 5386 2314 5437 πολλὰ
2341 5377 2443 5439 δέ(
2495 5377 2675 5436 ⁸⁸Ῥι·ο
2703 5384 2775 5436 τὰ
2795 5382 2862 5434 δὲ
2888 5385 3021 5451 παρ’
3052 5377 3266 5451 ἐτέρων
3294 5377 3589 5435 πλειόνων)
3618 5383 3657 5435 Β
3692 5385 3861 5452 ἕτερα
3888 5385 3959 5437 δὲ
3988 5390 4092 5441 καὶ

830 5448 962 5513 παρ’
997 5447 1201 5521 ᾷλλων
1239 5447 1503 5521 πολλῶν·ἒ
1576 5452 1621 5481 ⁸⁸
1661 5452 1764 5504 Pro
1786 5453 1859 5514 ὡς
1886 5452 1995 5519 ἐγὼ
2028 5455 2123 5521 καὶ
2150 5454 2619 5519 πολλοὶ-αὕτη
2657 5454 2694 5505 Β
2721 5454 2793 5515 ὡς
2820 5454 2929 5520 ἐγώ
2966 5447 3028 5505 τε
3062 5447 3160 5504 καί
3202 5456 3475 5517 πλείονες
3498 5454 3681 5521 ἕτεροι
3716 5447 4095 5521 ἠκριϐώσαν-

829 5533 916 5589 το,
948 5518 1111 5589 αὕτη.
1131 5517 1317 5571 ἐστίν.
1395 5521 1435 5550 ⁸⁷
1481 5520 1519 5571 Β
1548 5517 1973 5589 ἐργασάμενοκ.
2045 5520 2095 5553 ’⁸⁸
2134 5523 2173 5574 Β
2202 5523 2287 5575 διά
2319 5523 2555 5589 πολλῆς
2588 5517 2870 5588 σπουδῆς(
2914 5523 2958 5554 θ’
2987 5524 3023 5575 Β
3050 5522 3336 5589 ἀκηκοώς.
3415 5524 3458 5553 ⁹⁰
3487 5522 3526 5573 Β
3556 5517 3801 5589 ἕλρινέδ
3844 5524 3887 5554 ³⁸
3910 5523 4027 5580 Pro
4060 5527 4093 5579 ὃ

830 5585 936 5660 διὰλ
969 5587 1244 5660 πυρὸςτέ
1261 5590 1470 5660 φαγεῖν
1523 5585 1695 5660 Βῆ
1720 5585 1928 5658 φαγεῖν
1958 5592 1989 5643 ὃ
2031 5592 2128 5644 διὰ
2152 5594 2341 5659 πυρὸς
2367 5585 2671 5660 διέρχεται.
2748 5585 2792 5622 ’ί
2819 5593 2993 5650 Corn,
3026 5596 3066 5643 Α
3087 5585 3366 5658 ὀάπρέὸυ,
3392 5592 3432 5644 Β
3464 5585 3746 5659 όσπρῒων.
3823 5594 3869 5624 ⁸³
3904 5594 3948 5646 Α
3989 5597 4095 5649 καὶ

834 5654 1084 5737 μηδενόςζ
1156 5658 1202 5733 ξ³
1231 5657 1513 5737 [ﬂaminia
1542 5654 2287 5737 ,ζὰχάξωνλ-ςγευᾳάμενὸς
2380 5654 2637 5737 μήδὲᾑὸς
2658 5660 2854 5737 ἀλλον
2891 5663 3163 5737 agitata
3185 5654 3734 5737 ἔτεσιγετσάλὶξςιός
3767 5662 3933 5737 quiﬁt"
3971 5669 4093 5719 ,ια-

1055 5723 1223 5809 aliud)?!
1245 5728 1338 5777 καί
1403 5723 1666 5795 ὀσπρίωᾶε
1682 5723 1968 5796 ,βρεκτώί-,
2004 5732 2059 5783 εἴ
2092 5723 2233 5785 frore
2258 5723 2480 5784 imit-uir
2517 5723 2834 5798 εὐπόρησε.
2913 5733 2956 5763 ’⁵
2982 5732 3086 5785 l’ru
3116 5733 3342 5799 ἤκουσε
3376 5723 3570 5785 ἄλλοι]
3596 5732 3634 5783 Β
3664 5723 3791 5799 περὶ
3822 5723 3889 5783 δέ
3918 5750 4094 5799 τινος

834 5811 929 5845 u...
961 5813 1029 5846 ου
1064 5810 1162 5846 αλιι
1178 5812 1345 5846 vom.

834 5810 1029 5847 νάιοι)
1064 5810 1162 5847 αλιι
1178 5812 1345 5858 υσίΙς.
