4274 6358
186 378 289 432 185

1725 381 1922 438 ACTA.

3322 398 3422 455 ηε

183 516 318 569 τραν
352 499 520 568 άρτου
545 499 736 562 ἐσθίει,
763 500 855 553 καὶ
876 500 1081 564 κλάσας
1102 502 1170 554 τὰ
1200 501 1515 570 βουκελάτα,
1539 500 1573 556 ἃ
1594 496 1758 572 εἶχεν,
1789 507 1833 560 Α
1861 521 1871 573 1

1734 521 1758 565 ’,
1789 507 1833 560 Α
1861 506 2015 573 panis
2040 508 2367 573 comederet;
2397 526 2570 579 quare
2601 510 2783 582 fregit,
2810 527 2949 581 quae
2968 513 3178 578 habuit,
3204 516 3422 571 buccel-

180 590 435 642 ἐνέὁαλεν
480 593 560 652 είς
606 590 881 660 κεράμια,
932 592 1124 663 κρίνας
1165 591 1417 645 τοσοῦτον
1461 593 1658 645 ἐσθίειν
1685 594 1753 657 ⁸⁸,

175 682 299 734 ὅσον
326 682 393 735 ἂν
424 683 455 751 ἡ
486 684 608 751 χεὶρ
632 683 796 736 αὑτοῦ
827 684 1117 753 ἀνενέγκῃ.
1166 685 1377 753 μεγάλη
1402 684 1459 737 δέ
1492 686 1587 737 καὶ
1615 684 1753 756 αὕτη

178 774 501 843 ἐγκράτεια.
548 774 789 844 διηγεῖτο
822 775 931 845 γὰρ
977 778 1108 846 ἡμῖν
1149 776 1635 848 χαριεντιζόμενος,
1673 778 1754 831 ὅτι

176 866 652 936 περιεδρασθὸμην
692 867 791 937 μὲν
816 868 862 898 θ’
893 868 1150 921 πλειόνων
1176 869 1526 939 κλασμάτων,
1552 870 1611 921 οὐ
1632 886 1755 922 συν-

175 956 501 1026 εγωρούμην
528 956 585 1009 δέ
613 956 657 987 ⁸⁸
680 956 984 1025 ἐξενεγκεῖν
1005 959 1109 1010 ὑπὸ
1129 958 1221 1011 τοῦ
1254 959 1439 1011 στενοῦ
1464 960 1563 1029 τῆς
1587 960 1748 1029 ὀπῆς.

174 1049 202 1099 ὁ
252 1046 496 1116 τελώνης
543 1048 653 1118 γάρ
700 1066 810 1118 μοι,
865 1050 1029 1119 φησὶν
1059 1053 1135 1111 ³⁸,
1178 1052 1239 1104 οὐ
1290 1052 1622 1123 συνεχώρει¹
1690 1052 1752 1104 τὸ

174 1140 456 1202 παντελῶς
508 1142 581 1212 μὴ
621 1143 639 1171 ⁸
685 1142 908 1197 ἐσθίειν.
956 1141 1095 1195 οὕτω
1142 1139 1281 1196 οὖν⁸
1329 1144 1422 1196 ἐπὶ
1483 1144 1609 1214 τρία
1656 1143 1750 1214 ἐτη

173 1232 371 1300 ἐποίει,
407 1235 679 1303 τέσσαρας
706 1235 737 1302 ἢ
772 1235 930 1287 πέντε
964 1235 1188 1302 οὑγκίας
1218 1237 1239 1265 ⁸
1267 1234 1462 1287 ἐσθίων
1488 1235 1579 1286 καὶ
1606 1234 1695 1286 τὸν
1730 1234 1751 1266 ⁸

177 1324 338 1376 ῖσον⁶
388 1324 629 1396 σταθμὸν
678 1326 819 1396 ὓδωρ
859 1327 1060 1379 πίνωνο
1116 1327 1306 1397 ξέστην
1350 1327 1405 1379 δέ
1439 1327 1617 1379 ἐλαίου
1669 1329 1749 1391 είς

171 1418 379 1488 τροφὴν
428 1418 521 1471 τοῦ
572 1418 816 1471 ἐνιαυτοῦ
876 1420 1182 1488 ἀνήλισκεν.
1238 1420 1417 1487 ἔκρινε
1472 1418 1565 1470 δέ⁷
1618 1436 1747 1471 ποτε

172 1507 346 1560 ὕπνου
377 1509 790 1578 περιγενέσθαι,
814 1510 889 1572 ὡς
921 1510 1077 1573 αὐτὸς
1112 1510 1427 1579 διηγήσατο,
1465 1510 1541 1561 ὃτι
1578 1509 1599 1541 ⁸
1646 1511 1745 1562 οὐκ

169 1599 421 1668 εἰσῆλθον
442 1600 462 1630 ’
499 1600 604 1652 ὑπὸ
638 1600 836 1670 στέγην
879 1601 970 1652 ἐπὶ
1002 1600 1173 1652 εἴκοσι
1217 1600 1599 1669 νυχθημέροις,
1634 1603 1745 1662 τοῖς

172 1691 274 1761 μὲν
305 1691 551 1761 καύμασι
582 1692 909 1762 φλεγόμενος
930 1692 1146 1762 ἡμέρας
1173 1692 1238 1755 ίθ,
1263 1691 1340 1761 τῷ
1364 1691 1420 1744 δέ
1448 1690 1743 1759 νυκτερινῷ

168 1782 392 1853 πλρετῴ
418 1783 747 1852 στυφόμενος
766 1795 782 1810 ⁶
814 1783 908 1835 καὶ
930 1784 978 1834 εί
1004 1782 1079 1853 μὴ
1104 1783 1310 1851 τάχιον,
1342 1781 1468 1849 ἔφη,
1498 1782 1602 1834 ὑπὸ
1625 1781 1741 1834 στέ-

167 1890 273 1942 γην
319 1873 566 1942 εἰσῆλθον
613 1874 705 1926 καὶ
748 1874 1069 1945 ἐχρησάμην
1107 1872 1289 1944 ῦπνῳ,
1340 1874 1511 1937 οὕτως
1566 1891 1666 1943 μου
1698 1874 1739 1904 ¹¹

166 1962 443 2033 ἐξηράνθη
487 1965 517 2015 ὁ
563 1964 906 2033 ἐγκέφαλος,
953 1965 1029 2028 ώς
1077 1967 1156 2028 είς
1197 1964 1417 2018 ἐκτασίν
1456 1981 1522 2034 με
1553 1964 1742 2017 ἐλάσαι

165 2055 375 2110 λοιπόν.
407 2058 501 2108 καὶ
531 2056 591 2108 τὸ
626 2056 748 2109 ὅσον
782 2058 838 2108 ἐν
868 2057 1027 2127 ἐμοὶ,
1074 2057 1258 2125 φησὶν,
1292 2056 1519 2127 ἐνίκησα
1553 2055 1740 2125 ὕπνον,

163 2147 228 2198 τὸ
260 2149 529 2217 χρήσιμον
562 2149 725 2201 αὑτοῦ
749 2152 814 2219 τῇ
844 2148 1003 2217 φύσει
1032 2150 1461 2220 παραχωρήσας.

238 2261 347 2313 Τοῦ
374 2261 530 2328 ἁγίου
560 2260 748 2314 τούτου
778 2264 835 2315 ἐν
854 2263 918 2333 τῇ
949 2262 1111 2334 κέλλῃ
1146 2260 1510 2331 καθεζομένου
1538 2260 1679 2332 πρωῒ
1699 2261 1738 2293 ¹¹

167 2351 375 2420 κώνωψ
402 2352 496 2403 ἐπὶ
525 2350 619 2404 τοῦ
645 2352 801 2415 ποδὸς
828 2352 991 2405 αὑτὸν
1020 2353 1331 2424 ἐκέντησεν.
1365 2353 1459 2405 καὶ
1497 2352 1739 2423 ἀλγήσας

165 2449 235 2514 τῇ
264 2446 411 2515 χειρὶ
434 2444 623 2497 τοῦτον
654 2444 914 2509 κατέαξεν
940 2446 983 2476 ⁸³
1014 2444 1412 2516 κεκορεσμένον
1446 2444 1491 2475 ⁸⁸
1526 2442 1620 2497 τοῦ
1651 2444 1738 2496 αῖ-

169 2554 363 2608 ματος.
406 2537 633 2607 ὕστερον
673 2538 730 2591 δὲ
777 2538 1139 2605 κατεγνωκὼς
1189 2535 1383 2591 ἑαυτοῦ
1416 2536 1458 2568 ’⁸
1490 2535 1566 2599 ὡς
1598 2536 1740 2588 ἐαυ-

164 2630 260 2683 τὺν
290 2631 334 2661 ¹⁶
361 2628 746 2699 ἐκδικήσαντος
777 2627 1127 2692 καταδικάζει
1154 2626 1364 2690 ἑαυτὸν,
1400 2628 1539 2680 ὥστε
1571 2629 1651 2689 είς
1679 2626 1740 2678 τὸ

163 2722 287 2785 ἕλος
310 2722 410 2792 τῆς
441 2724 711 2793 Σκήτεως,
744 2722 772 2774 ὅ
798 2723 943 2774 ἐστιν
981 2723 1039 2773 ἐν
1068 2724 1135 2791 τῇ
1170 2720 1469 2790 πανερήμῳ
1503 2718 1568 2779 ¹⁷,
1599 2718 1737 2771 καθ-

162 2813 395 2883 εσθῆναι
438 2812 643 2882 γυμνὸν
711 2811 804 2863 ἐπὶ
854 2811 1025 2881 μῆνας
1070 2810 1163 2875 ἐξ,
1216 2810 1342 2863 ἔνθα
1383 2810 1429 2861 οἱ
1480 2806 1739 2872 κώνωπες

163 2906 426 2958 δύνανται
458 2904 502 2935 ¹⁸
544 2904 639 2956 καὶ
668 2902 919 2973 συάγρων
960 2902 1205 2974 δέρματα
1242 2899 1563 2970 τιτρώσκειν
1606 2900 1738 2954 ὡσεὶ

165 2996 379 3065 σφῆκες
396 2995 543 3056 ὄντες
569 2993 815 3063 μεγάλοι.
849 2992 1022 3055 οὕτως
1051 2992 1141 3044 ὑπ’
1164 2989 1340 3044 αὐτῶν
1364 2989 1574 3060 ἐτρώθη
1595 2989 1713 3052 ὅλος
1720 3029 1735 3054 ν

163 3086 241 3146 ὡς
282 3086 378 3138 καὶ
409 3084 732 3152 σφονδύλους
775 3082 1077 3151 ἐξενεγκεῖν
1106 3082 1229 3135 καθ’
1270 3081 1392 3134 ὅλου
1416 3081 1509 3133 τοῦ
1556 3081 1739 3151 σώμα-

1859 597 2052 664 lata,et
2075 599 2128 651 in
2165 600 2408 669 lagenam
2441 603 2686 667 immisit,
2727 614 2971 659 statuens
3002 614 3213 660 tantum
3236 623 3421 664 come-

1855 688 2001 749 dere,
2021 699 2285 760 quantum
2306 708 2498 748 manus
2520 695 2692 761 ipsius
2711 712 2932 751 sursum
2958 699 3197 754 tulisset.
3225 700 3419 770 Magna

1855 790 2035 835 autem
2070 784 2201 839 haec
2254 800 2474 855 quoque
2503 788 2602 842 fuit
2653 792 3010 846 continentia.
3047 792 3181 847 Nam
3226 792 3422 850 festive

1854 872 2011 927 nobis
2054 876 2312 929 narrabat
2342 897 2357 934 :
2391 877 2553 931 Plura
2587 881 2804 950 quidem
2836 882 3011 938 frusta
3044 887 3419 954 apprehende-

1852 966 1999 1028 bam,
2025 968 2119 1021 sed
2161 970 2352 1025 efferre
2390 988 2501 1026 non
2554 983 2797 1044 poteram
2832 977 2903 1030 ob
2936 982 3242 1047 angustiam
3276 980 3419 1033 fora-

1852 1054 2031 1111 minis.
2062 1056 2389 1116 Publicanus
2434 1064 2602 1127 enim,
2637 1065 2835 1134 inquit,
2870 1068 3003 1121 mihi
3056 1086 3161 1124 non
3193 1072 3419 1140 permit-

1852 1150 1998 1200 tebat
2048 1151 2273 1204 omnino
2328 1169 2434 1207 non
2482 1157 2652 1211 vesci.
2704 1156 2794 1212 Sic
2846 1160 3014 1227 igitur
3073 1172 3182 1215 tres
3241 1177 3415 1218 annos

1850 1240 2074 1308 peregit,
2101 1252 2336 1310 quatuor
2359 1248 2575 1316 quidem
2613 1250 2958 1319 velquinque
3004 1253 3191 1306 uncias
3236 1270 3418 1307 come-

1849 1328 1982 1382 dens
2013 1338 2067 1385 et
2101 1335 2376 1389 modicum
2408 1353 2581 1409 aquae
2632 1340 2839 1397 bibens.
2868 1344 2980 1396 Oiei
3014 1354 3192 1399 autem
3234 1358 3417 1400 sexta-

1848 1419 1989 1472 rium
2030 1430 2146 1479 toto
2176 1440 2323 1480 anno
2353 1429 2408 1483 in
2444 1431 2760 1486 alimentum
2804 1440 3178 1492 consumebat.
3216 1439 3418 1497 Statuit

1847 1510 2134 1581 aliquando
2157 1533 2419 1587 superare
2443 1538 2715 1589 somnum,
2732 1534 2788 1578 ut
2814 1527 2929 1595 ipse
2946 1531 3105 1583 nobis
3136 1536 3413 1590 narravit:

1847 1600 2000 1657 Totis
2024 1604 2217 1674 viginti
2256 1608 2449 1664 diebus
2463 1620 2517 1664 et
2537 1616 2789 1670 noctibus
2812 1620 3129 1674 subtectum
3157 1640 3262 1676 non
3295 1642 3416 1680 sum

1844 1692 2146 1762 ingressus,
2168 1696 2403 1752 interdiu
2430 1702 2646 1768 quidem
2670 1717 2822 1760 aestu
2848 1710 3062 1775 urebar,
3102 1724 3266 1768 noctu
3288 1732 3417 1772 vero

1844 1782 1982 1838 febri
2030 1787 2294 1855 rigebam.
2342 1789 2499 1854 Quod
2536 1793 2641 1847 nisi
2691 1803 2889 1848 tectum
2935 1799 3102 1855 citius
3126 1818 3302 1856 essem
3336 1806 3418 1858 in-

1845 1890 2087 1944 gressus,
2113 1878 2409 1947 inquiebat,
2437 1890 2491 1936 et
2516 1898 2708 1937 somno
2740 1902 2874 1941 usus
2905 1904 3102 1957 essem,
3130 1896 3413 1950 cerebrum

1840 1966 1916 2020 ita
1932 1968 2061 2021 mihi
2086 1977 2229 2024 esset
2248 1971 2569 2037 arefactum,
2600 1983 2678 2037 ut,
2700 1980 2829 2046 quin
2852 1983 2904 2032 in
2930 1986 3173 2039 exstasin
3201 2002 3414 2055 agerer,

1841 2071 2036 2126 parum
2056 2059 2291 2115 abesset.
2322 2062 2385 2116 Et
2412 2074 2701 2133 quantum,
2728 2070 2925 2137 inquit,
2959 2074 3011 2125 in
3041 2090 3128 2129 me
3162 2076 3282 2139 fuit,
3308 2078 3412 2132 vici

1839 2163 2115 2217 somnum,
2144 2162 2406 2220 quantum
2438 2172 2576 2225 opus
2608 2169 2713 2224 est,
2752 2170 2981 2219 naturae
3010 2169 3343 2224 concedens.

1908 2261 2086 2330 Quum
2126 2265 2215 2321 hic
2250 2276 2477 2325 sanctus
2502 2287 2659 2327 mane
2688 2275 2743 2329 in
2767 2277 2903 2330 cella
2938 2280 3171 2345 sederet,
3201 2282 3255 2336 in
3279 2284 3415 2354 pede

1838 2372 1962 2409 eum
2016 2357 2172 2413 culex
2226 2362 2475 2431 pupugit,
2517 2380 2709 2433 quem,
2763 2371 3031 2438 sanguine
3082 2381 3411 2443 saturatmn,

1837 2446 2025 2503 dolore
2054 2459 2233 2506 tactus
2262 2468 2425 2507 manu
2467 2456 2630 2511 elisit.
2665 2457 2932 2530 Deinceps
2978 2478 3105 2517 vero
3134 2480 3192 2520 se
3237 2482 3415 2537 repre-

1838 2538 2049 2603 hendit,
2078 2541 2169 2608 qui
2204 2557 2262 2596 se
2293 2543 2408 2613 ipse
2454 2548 2602 2602 ultus
2623 2560 2788 2613 esset,
2810 2567 2975 2621 seque
3004 2556 3410 2623 condemnavit,

1837 2628 2000 2701 254
2020 2640 2074 2683 ιιι
2101 2633 2314 2687 sederet
2349 2638 2529 2692 nudus
2558 2654 2650 2693 sex
2679 2656 2894 2697 menses
2925 2645 2977 2698 in
2996 2647 3191 2715 palude
3215 2648 3407 2716 Scetis,

1838 2735 1982 2788 quae
2009 2731 2093 2777 est
2126 2725 2181 2778 in
2215 2737 2364 2781 vasta
2395 2730 2713 2793 solitudine,
2738 2734 2829 2787 ubi
2857 2737 3061 2791 culices
3080 2751 3308 2809 possunt
3328 2744 3412 2798 vel

1838 2829 2096 2883 aprorum
2136 2818 2302 2886 pelles
2332 2822 2603 2885 sauciare,
2650 2840 2816 2894 quum
2855 2828 2967 2882 sint
3006 2846 3177 2900 aeque
3223 2838 3405 2903 magni

1839 2911 1899 2956 ut
1926 2919 2143 2973 vespae.
2172 2906 2251 2960 Ab
2280 2908 2347 2963 iis
2374 2910 2538 2978 igitur
2560 2919 2708 2967 totus
2736 2915 2805 2967 ita
2839 2919 3117 2974 sauciatus
3140 2930 3242 2985 est,
3276 2932 3333 2975 ut
3358 2935 3411 2977 et

1837 2994 2010 3048 aculei
2036 2997 2090 3049 in
2109 3003 2221 3050 toto
2242 3013 2471 3067 corpore
2505 3001 2679 3071 ipsius
2708 3004 3040 3071 viderentur,
3070 3024 3133 3063 ac
3159 3014 3410 3067 nonnulli

1839 3084 2146 3151 crederent,
2209 3089 2569 3158 elephantiasi
2619 3110 2743 3149 eum
2802 3098 3070 3156 laborare.
3110 3100 3411 3158 Rcversum

160 3194 275 3240 τος,
308 3177 401 3230 καί
430 3193 581 3240 τινας
610 3176 829 3246 νομίσαι
856 3175 898 3207 ¹⁹
925 3175 1006 3227 ὅτι
1052 3174 1436 3242 ἐλεφαντίησεν
1470 3173 1536 3234 ’⁸,
1571 3174 1737 3225 ἐπανο
1761 3178 1804 3237 C
1839 3192 1848 3216 ι

1722 3203 1737 3212 -
1761 3178 1804 3237 c
1839 3191 1966 3229 vero
1999 3177 2053 3230 in
2088 3179 2336 3233 cellulam
2389 3197 2545 3237 suam
2577 3200 2644 3240 ex
2694 3189 2810 3242 sola
2859 3204 2992 3246 voce
3036 3204 3410 3263 cognoverunt

162 3268 336 3320 ελθὼν
382 3268 439 3321 δέ
474 3270 553 3330 είς
594 3268 655 3321 τὸ
694 3265 902 3320 κελλίον
934 3264 1096 3317 αὑτοῦ
1130 3263 1239 3317 ἀπὸ
1277 3265 1376 3333 τῆς
1416 3265 1601 3334 φωνῆς
1637 3265 1730 3335 μό-

160 3378 251 3412 νον
276 3362 322 3390 ’⁸
357 3359 684 3431 ἐγνωρίζετο
716 3358 880 3412 αὑτὸν
903 3353 1042 3410 εῖναι
1068 3356 1160 3409 τὸν
1190 3358 1495 3427 Μακάριον.

245 3470 593 3540 Ἐπεθύμησὲ
616 3473 660 3502 ’⁸
691 3486 841 3532 ποτε,
869 3468 943 3529 ὡς
966 3467 1128 3531 αὐτὸς
1154 3470 1286 3537 ἡμῖν
1308 3468 1621 3539 διηγήσατο,
1654 3471 1733 3531 εἰς

159 3564 223 3617 τὸ
244 3565 586 3633 κηποτάφιον
626 3561 887 3614 εἰσελθεῖν
940 3559 1139 3613 Ἰαννοῦ
1162 3561 1207 3591 ⁸³
1245 3561 1338 3613 καὶ
1377 3560 1638 3631 Ἰαμδροῦ
1664 3562 1729 3625 ’⁸,

159 3657 270 3708 τῶν
318 3656 507 3726 μάγων
547 3654 657 3707 τῶν
694 3655 787 3705 ἐπὶ
831 3651 925 3705 τοῦ
965 3651 1183 3724 Φαραὼ.
1225 3653 1464 3723 ἱστορίας
1508 3653 1729 3723 χάρινῆ

163 3748 455 3817 συντυχίας
478 3746 586 3799 τῶν
608 3748 783 3799 ἐκεῖσε
803 3745 1089 3814 δαιμόνων.
1110 3744 1327 3811 ἐλέγετο
1360 3744 1469 3814 γὰρ
1506 3745 1732 3807 πολλοὺς

159 3849 258 3893 καὶ
284 3840 555 3910 χαλεποὺς
574 3836 1067 3908 άποκεκληρῶσθαι
1091 3838 1148 3888 ἐν
1164 3835 1312 3906 αὺτῷ
1334 3837 1464 3907 παρ’
1487 3836 1665 3889 αὐτῶν
1686 3838 1730 3868 ³⁸

160 3933 425 4002 δαίμονας
453 3931 519 3983 δι’
552 3929 855 4000 ὑπερὸολὴν
900 3930 1139 3999 μαγικῆς
1169 3929 1396 3999 τέχνης,
1427 3928 1493 3981 δι’
1524 3925 1592 3999 ἦς
1634 3930 1729 3981 καὶ

158 4025 231 4077 τὰ
260 4024 457 4093 πρῶτα
488 4017 632 4091 εἶχον
657 4021 764 4075 τῶν
792 4021 914 4073 κατ’
942 4021 1151 4073 ἐκείνου
1183 4022 1228 4052 ³⁸
1252 4021 1443 4092 καιροῦ
1476 4021 1627 4092 παρὰ
1653 4020 1732 4091 τῷ

160 4114 383 4185 Φαραώ*
408 4114 485 4176 ώς
512 4110 604 4166 οὖν
632 4112 731 4182 τὴν
779 4114 838 4164 ἐν
870 4114 1130 4182 Αἰγύπτῳ
1181 4112 1495 4165 δυναστείαν
1528 4128 1730 4182 κεκτη-

165 4207 320 4273 μένοι
341 4208 400 4258 ἐν
424 4205 503 4274 τῷ
526 4204 626 4274 τῆς
651 4204 797 4274 ζωῆς
825 4204 1002 4257 αὐτῶν
1024 4204 1197 4275 χρόνῳ
1220 4205 1263 4234 ⁸⁷
1299 4207 1363 4257 ἐκ
1386 4205 1731 4273 τετραπέδων

161 4299 325 4350 λίθων
351 4298 573 4349 ἔκτισαν
603 4296 662 4348 τὸ
684 4296 843 4366 ἔργον
867 4298 1058 4358 ἐκεῖνο,
1094 4297 1151 4346 ἐν
1173 4294 1322 4363 αὐτῷ
1347 4295 1534 4365 μνῆμα
1561 4296 1605 4326 ’³
1638 4312 1728 4347 πε-

160 4390 451 4457 ποιηκότες
475 4390 567 4439 καὶ
602 4385 799 4455 χρυσὸν
827 4387 993 4437 πολὺν
1019 4386 1366 4455 ἀποθέμενοι,
1400 4386 1494 4439 καὶ
1539 4386 1731 4456 δένδρα

1834 3267 2139 3322 Macarium
2170 3284 2308 3325 esse.

1900 3468 2084 3539 Cupiit
2114 3471 2432 3541 aliquando,
2467 3485 2526 3528 ut
2554 3476 2717 3532 nobis
2744 3477 2859 3547 ipse
2894 3482 3162 3544 narravit,
3198 3482 3406 3551 ingredi

1830 3572 2269 3626 monumentum,
2304 3566 2447 3634 quod
2484 3566 2693 3622 dicitur
2724 3572 3061 3639 κηποτὰφιον
3115 3571 3319 3631 Jannes
3352 3588 3409 3631 et

1828 3648 2076 3707 Jambres
2111 3670 2416 3725 magorum,
2450 3659 2543 3727 qui
2574 3660 2795 3714 fuerunt
2819 3672 3062 3733 tempore
3080 3665 3406 3736 Pharaonis,

1830 3741 2049 3795 videndi
2076 3758 2265 3809 causa,
2297 3753 2392 3798 aut
2434 3747 2752 3815 daemones,
2782 3752 2873 3819 qui
2903 3754 2975 3806 ibi
3024 3766 3174 3819 sunt,
3208 3773 3405 3812 conve-

1830 3835 2035 3888 niendi.
2072 3832 2410 3891 Dicebantur
2441 3838 2584 3892 enim
2623 3842 2778 3894 multi
2813 3843 2957 3911 iique
2986 3845 3197 3901 feroces
3235 3848 3307 3903 ibi
3337 3849 3407 3904 ab

1830 3928 1941 3983 illis
1977 3929 2233 3982 collocati
2273 3946 2394 3983 esse
2426 3930 2719 3986 daemones
2756 3949 2851 4002 per
2882 3936 3257 3991 excellentiam
3290 3954 3408 3992 ma-

1830 4021 1989 4091 gicae
2023 4021 2179 4087 artis,
2208 4037 2314 4091 qua
2358 4024 2565 4091 primas
2585 4040 2802 4094 quoque
2835 4027 2928 4080 illo
2954 4037 3197 4099 tempore
3221 4040 3407 4099 partes

1830 4112 1977 4182 apud
2008 4111 2349 4168 Pharaonem
2380 4116 2711 4170 habuerunt.
2737 4116 2837 4181 Qui
2876 4119 2949 4172 ita
2982 4122 3129 4175 nacti
3163 4131 3404 4191 potesta-

1830 4213 1939 4256 tem
1983 4204 2039 4258 in
2076 4204 2336 4275 Aegypto,
2378 4216 2623 4276 tempore
2659 4212 2798 4262 vitae
2846 4227 2979 4267 suae
3010 4230 3074 4267 ex
3120 4216 3403 4283 quadratis

1829 4297 2108 4366 lapidibus
2142 4307 2571 4352 construxerunt
2605 4300 2736 4353 illud
2785 4316 2943 4370 opus,
2977 4306 3029 4357 in
3062 4321 3172 4373 quo
3203 4322 3400 4361 monu-

1830 4395 2068 4441 mentum
2127 4388 2373 4443 fecerunt
2413 4400 2467 4443 et
2531 4392 2764 4445 multum
2812 4395 2931 4447 auri
2988 4395 3399 4464 deposuerunt,

160 4482 391 4531 παντοῖα
434 4476 821 4544 ἐφυτεύσαντο,
872 4476 965 4527 καὶ
1007 4475 1185 4543 φρέαρ
1231 4474 1420 4537 ὓδατος
1475 4476 1727 4543 μέγιστον
1758 4493 1848 4560 Β(

1713 4493 1727 4528 ρ
1758 4506 1802 4560 D
1831 4477 2011 4532 omnis
2047 4494 2264 4548 quoque
2295 4482 2509 4549 generis
2560 4483 2793 4536 arbores
2836 4484 3174 4553 plantarunt,
3209 4498 3261 4541 et
3301 4504 3401 4557 pu-

158 4572 376 4639 ὤρυξαν
404 4569 448 4601 ¹⁹
470 4569 775 4631 ἐλπίζοντες
804 4567 962 4635 δῆθεν
992 4566 1131 4635 μετὰ
1148 4568 1245 4635 τὴν
1277 4566 1523 4619 ἐντεῦθεν
1549 4570 1727 4620 ἐκεῖσε
1837 4578 1846 4622 1

1708 4585 1727 4620 ε
1837 4578 1984 4624 tcum
2017 4585 2190 4639 aquae
2214 4573 2509 4625 maximum
2555 4573 2827 4639 foderunt,
2859 4588 3146 4645 sperantes
3177 4580 3396 4649 quidem

158 4664 345 4731 ἄφιξιν
371 4662 416 4693 ³ο
445 4664 501 4714 ἐν
525 4661 698 4728 τούτῳ
730 4660 771 4690 ³⁸
795 4658 873 4728 τῷ
912 4657 1223 4727 παραδείσῳ
1246 4661 1477 4729 τρυφᾷν.
1513 4660 1609 4729 τὴν
1634 4655 1726 4713 οὖν
1834 4661 1846 4714 1

1711 4677 1726 4712 ρ
1834 4660 1970 4724 fore,
2002 4672 2061 4715 ut
2089 4672 2209 4730 post
2238 4677 2395 4716 suum
2420 4664 2547 4717 hinc
2582 4665 2713 4718 illuc
2751 4666 3059 4722 discessum
3087 4670 3399 4724 fruerentur

159 4757 254 4808 ἐπὶ
287 4754 377 4807 τὸν
417 4754 593 4822 κῆπον
629 4752 817 4806 τοῦτον
857 4750 974 4803 ὁδὸν
1014 4748 1223 4814 ἀγνοῶν
1274 4752 1302 4802 ὁ
1351 4750 1446 4803 τοῦ
1492 4752 1725 4821 Χριστοῦ
1832 4771 1847 4808 ι

1706 4752 1725 4804 5
1832 4754 2045 4809 deliciis
2074 4756 2127 4808 in
2157 4755 2258 4809 hoc
2284 4755 2559 4824 paradiso.
2594 4754 2800 4813 Servus
2845 4760 3011 4829 igitur
3052 4761 3250 4815 Christi
3282 4762 3394 4815 Ma-

1433 4945 1685 5001 VARIAE
1724 4946 2009 5002 LECTION
2019 4947 2123 5004 ES.

228 5145 276 5176 "
306 5144 408 5197 Pro
433 5142 531 5196 xui
561 5141 878 5205 κλάσας-
899 5138 1124 5226 ἐσθίειν
1153 5138 1191 5191 Β
1217 5137 1288 5226 ξιξ
1310 5139 1673 5226 βρυκελάτπα,
1708 5138 2405 5226 ἃ..ἐκέκεητο,1είς.μικρᾲι
2444 5141 2661 5226 rga-11¢
2709 5140 3009 5226 ᾴπέὸαλεν
3044 5144 3129 5226 είς
3149 5141 3395 5226 κεράμ-τςι

157 5215 453 5269 τοσοῦτον
483 5213 674 5278 μόνον
693 5212 917 5264 ἐσθιειν
936 5212 1163 5276 κρίνας.
1238 5209 1281 5241 ’⁷
1302 5211 1417 5278 μὲν
1454 5224 1560 5262 om.
1604 5209 1661 5261 B.
1738 5209 1783 5240 ’⁸
1828 5209 1894 5260 δὲ
1922 5210 2115 5278 οιιιεΒ,
2192 5209 2236 5239 ’⁸
2263 5210 2409 5278 φησι
2442 5223 2552 5263 om.
2576 5212 2639 5259 A.
2718 5210 2732 5239 ¹
2765 5211 2808 5261 Α
2861 5211 3183 5275 συνεχώρει
3216 5211 3386 5278 φησι,

158 5232 453 5269 τοσουτον
483 5228 674 5283 μονον
693 5228 917 5264 εσσιειν
936 5228 1163 5276 κρίνας.
1240 5228 1277 5241 "
1302 5228 1417 5308 μεν
1454 5228 1560 5294 om.
1604 5228 1661 5261 ι).
1739 5228 1783 5288 ':
1828 5228 1894 5260 οε
1922 5228 2031 5260 Olli.
2062 5228 2115 5262 D.
2194 5228 2235 5239 "
2263 5228 2409 5274 φησι
2442 5228 2552 5263 om.
2576 5228 2639 5259 Λ.
2720 5228 2732 5239 ⁵
2765 5228 2808 5261 A
2861 5228 3183 5275 συνεχώρει
3207 5228 3386 5310 ἕρησι,

158 5286 255 5337 ἰι
288 5287 354 5336 το
387 5281 743 5367 μηδ;.δλως;
812 5278 1232 5367 ’.δεῦτέυςδέο
1307 5277 2211 5367 .Esuriens.desisses;
2254 5277 2645 5367 Wet-:39?
2685 5292 2782 5367 PE!
2826 5278 2917 5367 1“,
2950 5280 2993 5367 4
3027 5281 3128 5367 ίτδ·
3254 5282 3395 5367 τσον

157 5373 270 5406 om.
298 5355 362 5405 Α.
387 5346 402 5352 ’
437 5346 466 5383 τ’
496 5353 563 5405 δὲ
588 5367 695 5405 om.
717 5353 779 5403 A.
853 5351 874 5381 ⁸
912 5348 1002 5401 ὅτι
1031 5364 1141 5427 οιη.ἒ
1174 5348 1233 5427 [3,
1360 5348 1397 5400 Β
1416 5346 1721 5427 εἰσῆλθεν.
1764 5417 1778 5427 ι
1800 5349 1856 5427 ξομ
1878 5348 2101 5427 ἡμέρας
2129 5350 2352 5427 om.-A_.
2425 5348 2473 5427 .“
2503 5347 2788 5427 ἔφηηρξο
2814 5348 3250 5427 στέζην-μοιι
3277 5366 3387 5427 mn.

159 5427 219 5478 Β.
302 5425 343 5455 ι’
380 5423 481 5477 Pro
509 5421 618 5475 Τοῦ
643 5421 815 5489 ἁγίου
842 5449 908 5458 -
938 5417 1144 5495 ξςρωϊΒ
1177 5419 1430 5495 Ἀλέοτέ
1456 5432 1596 5470 ποτε
1714 5417 1908 5495 κέλλῃ-
1933 5418 2142 5495 ςούτου
2161 5417 2596 5495 καθεζομένου..
2648 5418 2690 5447 ¹³
2719 5417 2822 5469 Pro
2864 5418 3078 5495 τρῦτογς
3104 5418 3395 5495 κατέαξεν-

159 5464 219 5547 ᾗ.
242 5464 575 5559 συνὲτβὶῷἕ
587 5464 612 5473 ν
938 5464 1184 5547 ἰ’τιῖὁτῖη
1202 5464 1788 5555 κορειῦμένον.
1868 5464 2111 5559 ἣρω-τη
2265 5464 2653 5559 murteta-wbe
2675 5486 2965 5559 σεαυτοῦ,
3034 5488 3076 5559 ‘f
3108 5487 3195 5559 AB
3219 5504 3390 5559 σεαειτ

192 5567 285 5619 όν.
364 5564 405 5594 ¹⁷
427 5554 684 5620 Emend"
707 5560 746 5611 A
778 5556 1109 5625 πανηρέμῳ,
1143 5556 1183 5608 Β
1207 5558 1433 5635 ἐρήμῳι
1452 5557 1498 5635 ξ’
1526 5554 1865 5635 Afris-orte.
1889 5556 1953 5635 ~"
1976 5554 2336 5635 Α-τντείιίζειν.Δ
2352 5557 2408 5634 '°_
2422 5556 2573 5635 (Sorr.
2683 5556 3023 5635 é.1_sgpa1:rlg,
3054 5556 3258 5635 ἐστίν.⁸
3279 5557 3391 5635 ³⁸.ίῖ

155 5582 285 5685 2::-
296 5582 1497 5710 ,..;;.'2'":32;3.%:T7"ifsa3;§:$:af
1526 5582 1949 5710 ,ξίςτειιῑξῑξῆζ
1976 5582 2579 5710 ε’ῖιίῖιεέέῖῖίυιζ
2600 5582 3391 5710 νζὲῗνέξῗέΞ⁹σξῖἑῖὲπᾱὲ

156 5702 200 5757 Β
229 5692 364 5769 πάρ’
395 5692 591 5775 αὑτᾶῃὲ
703 5692 908 5775 exciam
935 5696 1213 5775 τῷτόετῳ.
1263 5697 1539 5775 Δξ”ωίὶοιτρ
1566 5696 1654 5748 ΑΒ
1680 5697 1799 5775 κατ’
1820 5697 2044 5775 exe/ﬁo).
2090 5696 2163 5775 _"
2280 5693 2377 5775 ⁸τῴ
2404 5692 2509 5761 τῆς
2548 5692 3152 5775 ζωῆᾒαὺτώηχρότφ
3181 5711 3289 5775 o_m.
3326 5695 3389 5775 [ξζ

156 5774 203 5806 ⁸⁸
236 5773 276 5825 Β
310 5762 377 5823 ’ἐν
418 5770 565 5836 αὑτῷ
632 5769 697 5821 τὸ
744 5770 929 5836 μνῆμα
968 5765 1185 5820 αὐτῶν.
1263 5764 1371 5818 ⁸⁹Β
1410 5766 1586 5836 φρέαρ
1636 5766 1922 5834 μέγιστον
1954 5762 2192 5829 ὤρυξαν
2230 5765 2464 5827 ὕδατος.
2574 5764 2618 5795 ³⁸
2681 5764 2783 5819 l’t‘o
2826 5764 3023 5819 ἐκεῖσε
3084 5764 3290 5835 ἄφιξιν
3347 5766 3393 5818 Β

151 5823 548 5912 ιιεξάστασινί
575 5839 615 5871 ³¹
647 5838 686 5890 Β
710 5823 764 5889 ἐν
799 5823 1025 5901 ἐκείνῳ.
