4274 6358
867 337 965 394 ιω

1665 336 1764 392 SS.
1809 331 2261 390 MACARIORUM
2299 329 2618 386 AEGYPTII
2654 329 2740 385 ET
2780 330 3252 386 ALEXANDIIINI

3998 330 4107 387 I83

865 456 1045 506 carius
1074 467 1242 521 quum
1292 452 1454 512 viam.
1490 467 1627 521 quae
1672 452 1738 506 ad
1791 453 1933 506 hunc
1983 451 2199 504 hortum
2256 449 2430 513 ducit,
2464 449 2553 512 Αί

2418 493 2430 513 ,
2464 447 2717 512 Αδοῦλος
2769 447 3054 517 Μακάριος
3108 445 3398 517 στοχασμῷ
3448 446 3595 516 μόνῳ
3653 444 3937 513 ἠκολούθει
3988 448 4106 506 τοῖς

866 547 1162 613 ignoraret.
1196 545 1310 598 sola
1345 543 1660 612 conjectura
1710 553 1931 597 secutus
1960 552 2043 597 est
2084 553 2256 606 astra,
2289 543 2434 596 sicut

864 647 1079 697 nautae,
1105 636 1198 703 qui
1230 637 1400 687 maria
1427 641 1823 688 transmittunt.
1861 636 1952 688 Sic
1997 644 2164 688 totam
2197 636 2437 702 pervasit

863 728 1235 779 solitudinem.
1270 726 1616 781 Fasciculum
1642 744 1769 781 vero
1799 729 2123 780 arundinmn
2148 728 2340 792 tenuit,
2369 743 2432 780 ex

862 819 1065 885 quibus
1105 833 1264 870 unam
1301 819 1353 870 in
1412 835 1743 888 unoquoque
1776 821 1999 872 milhari
2038 829 2297 887 tanquam
2353 820 2432 873 si-

871 927 1037 978 gnum
1074 913 1281 980 posuit,
1312 913 1474 979 cujus
1521 929 1620 981 ope
1671 921 1957 966 remearet.
1993 912 2193 965 Novem
2240 913 2434 966 diebus

863 1014 1029 1068 prope
1061 1001 1208 1052 illum
1243 1001 1458 1053 hortum
1500 1003 1669 1064 venit,
1703 1011 1757 1055 et
1803 1013 1962 1054 nocte
1997 1017 2296 1069 oppressus
2337 1016 2434 1068 pa-

866 1107 983 1142 rum
1031 1092 1307 1144 dormivit.
1359 1095 1647 1160 Improbus
1695 1110 1821 1146 vero
1867 1095 2096 1146 daemon
2135 1094 2432 1146 arundines

866 1183 985 1234 illas
1000 1183 1255 1237 collectas
1271 1183 1336 1234 ad
1364 1187 1656 1252 caputejus
1679 1184 2049 1252 posuit255.
2077 1185 2306 1237 fortasse
2336 1183 2429 1237 Dei

866 1277 1135 1340 permissu
1206 1275 1273 1327 ad
1302 1276 1560 1342 majorem
1589 1281 1763 1329 sancti
1784 1279 2252 1339 exerettationem,
2282 1293 2348 1328 ne
2379 1277 2431 1328 in

865 1366 1225 1417 arundinibus
1256 1366 1487 1418 ducibus
1522 1383 1842 1434 spent5nan|
1879 1369 2228 1430 liaberet,sed
2263 1370 2432 1435 magis

866 1453 920 1504 in
956 1454 1127 1520 gratia
1161 1453 1273 1518 Dei,
1321 1456 1411 1521 qui
1465 1471 1558 1522 per
1606 1458 1913 1507 columnam
1979 1458 2118 1524 ignis
2168 1465 2220 1509 et
2272 1458 2432 1509 nubis

864 1545 1222 1612 quadraginta
1243 1561 1415 1598 annos
1449 1548 1501 1598 in
1531 1548 1631 1597 ista
1655 1548 1947 1599 solitudine
1980 1550 2231 1614 populum
2267 1547 2429 1599 Israel

872 1652 979 1686 non
1011 1636 1354 1688 obedientem
1386 1647 1436 1690 et
1472 1648 1863 1706 repugnantem
1907 1639 2150 1692 deduxit.
2187 1638 2429 1707 Surgens

867 1726 1029 1792 igitur
1057 1728 1350 1779 arundines
1377 1729 1657 1795 colligatas
1688 1729 1917 1781 invenit.
1944 1729 2176 1782 Sanctus
2201 1739 2380 1781 autem
2412 1747 2425 1780 :

867 1816 990 1880 Ubi,
1012 1819 1208 1886 inquit,
1230 1820 1295 1870 ad
1320 1821 1532 1871 hortum
1552 1821 1774 1887 propius
1804 1822 2110 1881 aceessi,ex
2135 1836 2198 1872 eo
2224 1823 2426 1889 egressi
2464 1805 2502 1856 Β

867 1917 990 1962 sunt
1015 1910 1254 1978 mihique
1269 1920 1625 1963 occurrerunt
1644 1912 1979 1979 septuaginta
2012 1910 2120 1966 fere
2139 1911 2430 1966 daemones

867 2003 1033 2054 variis
1068 2001 1256 2055 formis
1308 2002 1558 2070 praediti,
1594 2005 1681 2056 alii
1713 2005 1933 2072 quidem
1981 2005 2301 2066 clamantes,
2335 2006 2426 2058 alii

865 2109 993 2146 vero
1025 2095 1377 2155 exsilientes,
1423 2094 1512 2146 alii
1558 2110 1680 2146 cum
1743 2109 1939 2164 magno
1971 2094 2187 2147 fremitu
2229 2096 2283 2147 in
2341 2112 2425 2148 me

865 2186 1120 2238 dentibus
1183 2185 1497 2238 stridentes.
1556 2185 1734 2238 Ceteri
1796 2193 2056 2252 tanquam
2120 2185 2268 2237 corvi
2327 2201 2422 2236 vo-

867 2279 1041 2330 lantes
1108 2276 1381 2329 audebant
1429 2277 1600 2329 vultui
1649 2292 1768 2330 meo
1830 2276 2093 2329 insultare
2128 2276 2422 2328 dicentes:

865 2367 1006 2430 Quid
1035 2370 1137 2427 vis,
1176 2368 1400 2428 Macari,
1450 2369 1679 2420 tentatio
1720 2367 2153 2420 monachorum?
2186 2367 2325 2431 Quid
2360 2368 2424 2421 ad

866 2472 968 2509 nos
1000 2460 1326 2510 accessisti?
1357 2460 1435 2510 An
1474 2475 1571 2511 nos
1605 2474 1819 2526 quoque
1849 2467 2037 2510 contra
2072 2459 2286 2525 aliquos
2312 2473 2428 2510 mo-

868 2551 1166 2602 nachorum
1204 2551 1495 2602 machinati
1559 2551 1787 2603 smnus?
1822 2550 1971 2614 Quae
2038 2560 2224 2603 nostra
2278 2560 2423 2614 sunt,

870 2640 1036 2692 habes
1063 2641 1172 2692 illic
1201 2656 1322 2692 cum
1377 2641 1455 2691 tui
1516 2641 1803 2704 similibus,
1840 2642 2186 2694 solitudinem
2221 2642 2363 2702 dico,
2398 2658 2427 2695 e

867 2747 973 2797 qua
1003 2738 1261 2797 Cognatos
1295 2737 1511 2782 nostros
1548 2732 1849 2797 I'ugavistis.
1882 2728 2083 2782 Tecum
2111 2731 2241 2782 nihil
2273 2747 2424 2783 com-

868 2837 1029 2872 mune
1064 2821 1342 2882 habemus,
1378 2821 1504 2887 quid
1538 2832 1726 2874 nostra
1760 2823 1876 2873 loca
1916 2822 2248 2890 ingrederis?
2278 2826 2421 2876 Ana-

867 2914 1083 2964 choreta
1121 2920 1409 2964 contentus
1439 2920 1555 2964 esto
1590 2913 1898 2965 solitudine.
1926 2911 2028 2976 Qui
2071 2914 2216 2966 hunc
2248 2915 2423 2966 locum

867 3003 1241 3064 aediﬁcarunt,
1273 3020 1395 3054 eum
1448 3003 1607 3056 nobis
1661 3002 2038 3070 adsignarunt.
2069 3003 2182 3056 Non
2224 3007 2426 3073 poteris

867 3093 957 3146 bic
1007 3109 1242 3146 manere.
1285 3093 1424 3158 Quid
1482 3096 1704 3162 quaeris
1753 3095 1959 3163 ingredi
2016 3097 2217 3159 locum,
2266 3112 2423 3164 quem

867 3198 1026 3234 nemo
1051 3183 1349 3244 hominum,
1380 3183 1469 3250 qui
1505 3183 1776 3246 viserunt,
1818 3199 1884 3236 ex
1921 3200 2026 3250 quo
2050 3191 2293 3253 tempore
2319 3185 2425 3236 fra—

867 3275 1106 3342 tres.qui
1136 3291 1258 3327 eum
1291 3275 1670 3337 condiderunt,
1701 3292 1727 3326 a
1758 3276 1911 3328 nobis
1934 3277 2017 3327 hic
2048 3277 2240 3344 sepulti
2278 3285 2424 3338 sunt,

867 3374 951 3418 est
1010 3367 1325 3434 ingressus?
1375 3367 1610 3419 Sanctus
1658 3366 1908 3431 :Quum,
1950 3367 2148 3427 aiebat,
2197 3369 2426 3421 multum

869 3455 1090 3522 insuper
1109 3457 1390 3508 turbarent
1410 3457 1941 3524 lamentarenturque
1956 3457 2269 3518 daemones,
2283 3459 2422 3512 dixi:

867 3545 1149 3610 Ingrediar
1183 3554 1416 3609 tantum,
1467 3547 1683 3608 videbo,
1708 3557 1763 3600 et
1811 3549 1936 3599 hinc
1975 3550 2248 3600 recedam.
2286 3547 2425 3603 Dae-

867 3651 1056 3689 mones
1092 3651 1105 3685 :
1142 3635 1274 3695 Hoc,
1327 3638 1610 3705 inquiunt,
1667 3640 1823 3692 nobis
1875 3642 2128 3707 promitte
2190 3643 2242 3693 in
2296 3657 2427 3694 ron-

863 3724 1214 3776 seientiatua.
1255 3727 1316 3778 Et
1351 3743 1516 3794 quum
1568 3728 1824 3784 dixissem
1861 3749 1873 3783 :
1908 3731 2018 3784 lloc
2049 3730 2262 3793 faciam,
2292 3748 2426 3785 con-

870 3815 1048 3867 festini
1103 3830 1461 3870 evanuerunt.
1495 3816 1777 3886 Ingressus
1836 3822 2022 3889 igitur,
2070 3825 2265 3884 aiebat,
2317 3824 2424 3877 vidi

870 3907 1068 3958 omnia.
1106 3903 1204 3958 Ubi
1239 3909 1419 3960 inveni
1468 3909 1662 3962 cadmn
1710 3926 1962 3975 aeneum,
2011 3922 2200 3967 catena
2249 3914 2423 3969 ferrea

869 3998 1186 4064 pendentem
1213 4014 1277 4050 ex
1315 4008 1494 4067 puteo,
1534 4001 1627 4054 sed
1661 4012 1896 4070 tempore
1939 4019 2342 4074 consumptum,
2371 4017 2423 4061 et

869 4087 1074 4140 fruetus
1107 4090 1365 4141 malorum
1393 4094 1687 4152 siecarum,
1712 4110 1846 4161 quae
1868 4099 2190 4150 intrinsecus
2223 4113 2423 4152 vacuae

865 4187 1038 4231 erattt.
1079 4179 1313 4232 Sanctus
1366 4182 1527 4250 igitur
1571 4200 1735 4250 quum
1784 4185 1988 4253 absque
2021 4188 2422 4252 p--rturbatione

867 4271 1012 4321 illinc
1047 4274 1382 4332 recessisset,
1445 4289 1537 4340 per
1570 4275 1754 4340 viginti
1800 4275 1919 4327 dies
1964 4278 2242 4329 remeavit.
2276 4278 2422 4329 Con-

867 4360 1096 4425 sumptis
1129 4376 1252 4413 vero
1283 4362 1504 4413 cibariis
1540 4363 1888 4414 solitudinem
1927 4378 2221 4431 peragrans
2250 4381 2420 4432 paene

2531 541 2768 607 ἄστροις,
2801 538 3046 610 καθάπερ
3079 542 3318 592 ναυτικοὶ
3357 539 3718 598 διαϐαίνοντες
3753 539 3820 588 τά
3861 537 4104 604 πελάγη.

2531 631 2702 693 οὕτως
2764 631 2820 682 δὲ
2856 632 2899 661 ³³
2951 631 3047 700 τὴν
3096 632 3298 702 ἔρημον
3359 633 3537 682 πᾶσαν
3603 629 3908 680 διώδευσεν.
3963 629 4105 695 ἔχων

2533 720 2670 789 δέμα
2687 721 2729 750 ³³
2756 721 3014 789 καλάμων
3034 722 3191 791 χάριν
3216 721 3439 789 σημείου
3468 721 3565 773 ἕνα
3589 723 3727 772 κατὰ
3753 719 3928 787 μίλιον
3953 719 4102 782 ἵστα,

2532 814 2675 875 ὃπως
2709 814 2751 843 ³⁸
2788 813 2856 865 δι’
2899 815 3071 883 αὐτῆς
3119 815 3430 883 ὑποστρέψῃ
3456 813 3519 865 ³⁵.
3558 812 3652 864 καὶ
3681 814 3824 874 ἐντὸς
3873 811 4101 879 ἡμερῶν

2532 905 2576 956 θ’
2598 905 2642 934 ⁸⁸
2677 906 2902 974 πλησίον
2939 906 3031 958 τοῦ
3072 909 3246 976 κήπου
3275 906 3489 973 γέγονε,
3523 905 3616 956 καὶ
3638 904 3829 963 νυκτὸς
3859 903 4104 954 καταλα-

2531 994 2732 1064 ϐούσης
2775 996 2965 1065 μικρὸν
3009 995 3398 1064 ἐκαθεύδησεν·
3441 998 3470 1046 δ
3513 994 3569 1046 δὲ
3620 994 3855 1062 πονηρὸς
3889 993 4104 1060 δαίμων

2533 1088 2855 1155 συναγαγὼν
2881 1091 3004 1151 τοὺς
3042 1090 3319 1158 καλάμους
3348 1089 3589 1150 ἐκείνους
3618 1090 3753 1158 πρὸς
3791 1091 3854 1156 τῇ
3885 1089 4102 1155 κεφαλῇ

2532 1177 2695 1227 αὑτοῦ
2723 1178 2984 1238 τέθεικεν,
3021 1178 3161 1246 τάχα
3190 1179 3282 1229 τοῦ
3309 1178 3442 1229 Θεοῦ
3475 1179 3929 1245 συγχωρήσαντος
3962 1176 4101 1245 πρὸς

2535 1267 2754 1334 μείζονα
2777 1267 2963 1320 τούτου
2988 1272 3315 1337 γυμνασίαν,
3350 1270 3435 1320 ἴνα
3463 1267 3536 1337 μὴ
3555 1269 3746 1336 ὁδηγία
3766 1268 3806 1296 ³⁷
3834 1267 4102 1334 καλάμων

2531 1357 2746 1426 ἐλπίζῃ,
2801 1357 2935 1409 ἀλλὰ
2974 1361 3039 1428 τῇ
3087 1358 3179 1410 τοῦ
3227 1358 3358 1409 Θεοῦ
3407 1361 3586 1427 χάριτι
3629 1356 3849 1425 μᾶλλον,
3890 1357 3982 1407 τοῦ
4013 1357 4101 1408 διά

2533 1449 2722 1500 στύλου
2779 1451 2948 1517 πυρὸς
2991 1452 3082 1502 καὶ
3123 1451 3350 1518 νεφέλης
3400 1451 3491 1501 ἐπὶ
3541 1448 3949 1517 τεσσαράκοντα
4003 1449 4097 1517 ἐτη

2533 1540 2730 1607 μᾶλλον
2760 1542 2816 1592 ἐν
2841 1542 3022 1612 ἐκείνῃ
3045 1544 3111 1609 τῇ
3153 1542 3342 1610 ἐρήμῳ
3370 1542 3459 1592 τὸν
3490 1540 3718 1592 ἀπειθέα
3758 1540 3852 1590 καὶ
3881 1539 4096 1590 άντίλο-

2531 1647 2624 1697 γον
2671 1630 2762 1682 τοῦ
2830 1633 3042 1701 Ἰσραὴλ
3089 1633 3216 1683 λαὸν
3265 1632 3650 1700 ὀδηγήσαντος.
3715 1633 3807 1681 καὶ
3857 1630 4097 1691 ἀναστάς

2531 1716 2684 1790 εὗρεν
2721 1725 2777 1774 ἐν
2830 1723 3010 1792 δεσμῷ
3059 1726 3183 1784 τοὺς
3223 1724 3518 1792 καλάμους.
3564 1723 3715 1790 ἔλεγε
3753 1722 3806 1774 δὲ
3840 1723 3866 1772 ὁ
3905 1723 4092 1788 ἇγιος,

2530 1815 2609 1865 ὃτι
2643 1813 2954 1880 ἐγγίσαντός
2985 1833 3084 1883 μου
3110 1816 3185 1884 τῷ
3219 1817 3377 1884 κήπῳ
3418 1814 3640 1884 ἐξῆλθον
3685 1815 3780 1865 ἀπ’
3818 1813 3982 1865 αὑτοῦ
4017 1816 4096 1874 εἰς

2531 1903 2848 1973 συνάντησίν
2882 1922 2981 1973 μου
3007 1907 3137 1958 ὡσεὶ
3156 1913 3194 1957 o'
3221 1906 3262 1936 ³⁸
3291 1905 3543 1974 δαίμονες
3569 1906 3804 1974 παντοίῳ
3833 1907 4092 1973 σχήματι,

2528 1995 2575 2044 οἱ
2607 1994 2707 2062 μὲν
2745 1995 2994 2063 βοῶντες,
3030 1998 3076 2047 οἱ
3108 1997 3163 2047 δὲ
3197 1996 3492 2064 πηδῶντες,
3520 1995 3669 2047 ἄλλοι
3711 1996 3932 2064 μεγάλῳ
3964 1997 4094 2066 βρυ-

2526 2086 2651 2153 γμῴ
2699 2085 2972 2153 τρίζοντες
3016 2089 3132 2138 κατ’
3177 2087 3308 2156 ἐμοῦ
3347 2088 3472 2148 τοὺς
3516 2088 3768 2151 ὀδόντας,
3799 2088 3974 2156 ἕτεροι
4020 2088 4094 2150 ὡς

2527 2176 2759 2246 κόρακες
2793 2179 3216 2247 πτερυσσόμενοι
3257 2187 3302 2217 ﬂ
3357 2179 3600 2247 ἐτόλμων
3641 2177 3782 2230 κατὰ
3820 2178 3918 2246 τῆς
3955 2180 4093 2247 ἐμῆς

2527 2264 2700 2331 ὅψεως
2737 2265 3002 2332 λέγοντες·
3029 2267 3080 2318 τί
3126 2267 3322 2328 θέλεις,
3354 2269 3608 2337 Μακάριε
3629 2307 3643 2329 ,
3673 2267 3946 2336 πειρασμὲ
3984 2269 4092 2318 τῶν

2531 2358 2804 2426 μοναχῶν;
2850 2359 2902 2409 τί
2944 2359 3078 2428 πρὸς
3119 2361 3264 2427 ἡμᾶς
3308 2360 3637 2428 παρεγένους
3690 2362 3764 2428 μὴ
3795 2361 3890 2410 καί⁸
3931 2361 4093 2428 ἡμεῖς

2528 2450 2606 2512 είς
2634 2468 2778 2512 τινας
2800 2450 2906 2502 τῶν
2931 2451 3174 2520 μοναχῶν
3197 2453 3286 2521 ἐνη
3298 2454 3598 2520 ργήσαμενς
3623 2453 3740 2502 ἐκεῖ
3763 2451 3831 2502 τὰ
3849 2452 4090 2520 ἡμέτερα

2527 2543 2686 2611 ἔχεις,
2715 2543 2811 2612 τὴν
2843 2543 3066 2612 ἔρημον,
3095 2543 3228 2610 μετὰ
3252 2543 3357 2593 τῶν
3388 2544 3588 2611 ὁμοίων
3618 2559 3730 2604 σου,
3765 2541 3856 2610 ἀφ’
3877 2538 3945 2612 ἦς
3967 2545 4091 2604 τοὺς

2528 2638 2807 2701 συγγενεῖς
2836 2637 2866 2703 ὴ
2878 2635 2990 2703 μῶν
3035 2633 3305 2698 ἐδιώξατε.
3333 2635 3482 2687 οὐδὲν
3510 2636 3685 2688 κοινὸν
3725 2635 3921 2706 ἔχομεν
3955 2636 4092 2704 μετὰ

2529 2727 2620 2779 σοῦ
2653 2729 2697 2758 ¹⁵⁰
2729 2767 2743 2789 ,
2790 2728 2841 2778 τί
2876 2727 3172 2788 ἐπιϐαίνεις
3203 2728 3355 2796 ἡμῶν
3383 2731 3493 2788 τοῖς
3529 2728 3742 2791 τόποις;
3778 2729 3850 2790 ὡς
3885 2730 4092 2796 άναχω⁴

2531 2819 2695 2891 ρητὴς
2733 2820 3028 2889 ἀρκέσθητι
3074 2822 3138 2888 τῇ
3176 2819 3387 2887 ἐρήμῳ.
3417 2822 3546 2888 ἡμῖν
3579 2820 3766 2870 τοῦτον
3794 2821 3883 2872 τὸν
3926 2822 4091 2873 τόπον

2526 2914 2575 2963 οί
2617 2912 2896 2971 κτίσαντες
2940 2910 3360 2980 ἁπεκλήρωσαν.
3410 2912 3470 2962 οὐ
3505 2911 3707 2982 δυνήσῃ
3744 2906 3843 2979 ᾧδε
3887 2917 4086 2981 μεῖναι.

2526 3003 2578 3054 τί
2618 3001 2797 3071 ζητεῖς
2839 3002 3120 3066 εἰσελθεῖν,
3151 3004 3229 3064 είς
3251 3003 3278 3053 ὃ
3303 3005 3345 3032 δ’
3393 3004 3565 3065 οὐδεὶς
3600 3004 3705 3054 τῶν
3751 3003 3966 3067 ζώντων
3999 3008 4090 3057 άν-

2531 3093 2760 3162 θρώπων
2811 3093 3078 3161 εἰσῆλθεν,
3131 3094 3224 3160 ἀφ’
3273 3088 3442 3162 οὗπερ
3494 3095 3542 3145 ot
3598 3093 3755 3146 τοῦτο
3810 3097 4089 3158 κτίσαντες

2529 3184 2747 3252 ἀδελφοὶ
2772 3184 2815 3213 ⁸*
2847 3185 2936 3250 ὑφ’
2959 3183 3113 3252 ἡμῶν
3141 3183 3323 3235 ἐνθάδε
3355 3184 3857 3253 κατεκηδεύθησαν;
3889 3188 3983 3239 καὶ
4011 3189 4087 3238 ἔτι

2529 3275 2696 3328 πολλὰ
2731 3273 2837 3327 τῶν
2868 3275 3135 3343 δαιμόνων
3167 3275 3577 3343 ταραττομένων
3623 3279 3717 3328 καὶ
3756 3279 4089 3348 ὀλοφυρομέ·

2527 3384 2631 3417 νων
2661 3362 2811 3417 εἷπον
2837 3366 3047 3426 αὐτοῖς,
3079 3367 3265 3435 φησὶν,
3291 3365 3516 3417 εἰσέλθω
3546 3367 3591 3398 ⁸³
3633 3369 3792 3437 μόνον
3827 3371 3919 3421 καὶ
3958 3372 4089 3422 ἱστο-

2532 3461 2677 3526 ρήσω
2723 3457 2814 3507 καὶ
2842 3457 3151 3525 ἀπέρχομαι
3194 3455 3362 3507 ἔνθεν.
3399 3459 3448 3507 oi
3491 3458 3546 3509 δὲ
3594 3459 3876 3528 δαίμονες·
3931 3463 4086 3515 τοῦτο

2528 3550 2655 3616 ἡμῖν
2687 3547 3014 3616 ὁμολόγησον
3044 3549 3099 3598 ἐν
3150 3548 3448 3616 συνειδήσει
3492 3566 3585 3600 σου
3623 3552 3689 3604 ⁸⁸.
3721 3554 3814 3604 καὶ
3843 3555 4085 3616 εἰπόντος

2531 3655 2658 3708 μου’
2697 3639 2852 3690 τοῦτο
2911 3641 3140 3708 ποιήσω,
3189 3639 3348 3701 εὐθὺς
3392 3641 3781 3710 ἠφανίσθησαν.
3833 3645 4083 3696 εἰσελθὼν

2525 3727 2637 3791 οὖν,
2675 3725 2856 3799 φησὶν.
2893 3730 3203 3799 ἐθεασάμην
3235 3731 3430 3793 πάντα,
3467 3733 3524 3783 ἐν
3559 3728 3637 3793 οἷς
3671 3730 3825 3801 εὗρον
3859 3735 4016 3786 κάδον
4041 3737 4083 3766 ⁸⁸

2526 3821 2759 3890 χαλκοῦν
2789 3821 2977 3891 σιδηρᾷ
3011 3822 3195 3873 άλύσει
3229 3823 3572 3890 κρεμάμενον
3603 3826 3742 3875 κατὰ
3783 3824 3878 3875 τοῦ
3914 3825 4081 3894 φρέα-

2524 3930 2614 3974 τος
2633 3952 2647 3974 ,
2677 3912 2855 3964 λοιπὸν
2882 3914 2928 3949 ⁵⁸
2960 3913 3037 3982 τῷ
3091 3913 3266 3983 χρόνῳ
3317 3914 3657 3965 άναλωθέντα
3677 3957 3690 3977 ,
3735 3919 3828 3966 καὶ
3876 3918 4083 3984 καρπὸν

2527 4007 2666 4074 ροῶν
2717 4005 2892 4072 ξηρῶν
2933 4005 3082 4055 οὐδὲν
3132 4006 3364 4072 ἐχόντων
3425 4004 3587 4057 ἔνδον.
3645 4009 3930 4074 ἀταράχως
3991 4005 4082 4060 οὖν

2523 4095 2728 4148 ἐκεῖθεν
2765 4097 2805 4124 ⁵⁷
2853 4096 3208 4163 ἀναχωρήσας
3244 4098 3271 4146 ὁ
3324 4097 3474 4163 ἇγιος
3505 4095 3591 4147 διὰ
3643 4098 3812 4148 εἰκοσι
3862 4101 4084 4167 ἡμερῶν

2525 4182 2878 4250 ὑπέστρεψεν.
2927 4182 3336 4232 ἀναλωσθείσων
3389 4185 3445 4234 δέ
3489 4184 3597 4236 τῶν
3641 4185 3855 4254 τροφῶν
3898 4188 4084 4253 σχεδὸν

2524 4274 2631 4325 οὐδ’
2666 4274 2796 4334 ὅλως
2829 4272 3088 4338 ἐγεύσατο
3114 4273 3310 4323 ὁδεύων
3337 4275 3434 4341 τὴν
3465 4274 3686 4343 ἔρημον,
3718 4275 3792 4337 ὡς
3822 4278 3911 4328 καὶ
3947 4279 3990 4308 ⁵⁸
4025 4280 4084 4330 τὸ

2524 4365 2754 4434 πρᾶγμα
2784 4363 3002 4426 ἔδειξεν,
3041 4365 3134 4415 καὶ
3179 4367 3255 4425 είς
3295 4365 3567 4434 ὑπομονὴν
3609 4368 3942 4436 ἐπειράζετο.
3990 4372 4082 4420 καὶ

867 4446 998 4497 nihil
1031 4449 1251 4500 mnnino
1277 4452 1534 4516 gustavit,
1581 4451 1724 4517 quod
1772 4467 1856 4504 res
1903 4467 2117 4521 quoque
2149 4456 2415 4521 probavit;
2447 4473 2496 4532 υ
2520 4455 2555 4507 ἀ

2402 4473 2415 4521 ;
2447 4473 2496 4532 υ
2520 4455 2594 4517 ὼς
2623 4456 2783 4521 ἐγγὺς
2814 4454 3026 4519 ἐγένετο
3045 4453 3135 4504 τοῦ
3155 4455 3399 4519 ὀκλάσαι,
3424 4454 3574 4523 ῶρθη
3601 4457 3745 4524 αὐτῷ
3768 4475 3849 4518 τις
3871 4459 3946 4520 ὡς
3975 4459 4083 4512 άπὸ

863 4548 1021 4603 atque
1059 4547 1259 4589 tentata
1292 4550 1368 4591 est
1390 4541 1671 4592 tolerantia
1705 4543 1838 4608 ejus.
1858 4541 2031 4606 Quum
2057 4547 2311 4612 verojam
2331 4562 2426 4614 pa-

863 4642 980 4679 rum
997 4629 1227 4686 abesset,
1246 4632 1373 4698 quin
1390 4632 1771 4695 collaberetur,
1786 4635 1830 4685 ei
1853 4636 1965 4686 visa
1981 4643 2061 4688 est
2077 4636 2237 4704 256
2257 4653 2420 4690 unum

865 4720 975 4771 fere
1006 4721 1240 4772 stadimn
1287 4721 1500 4775 distans
1533 4725 1705 4791 puella
1738 4724 2002 4792 quaedam
2051 4728 2250 4778 munda
2280 4729 2419 4781 linea

865 4818 1010 4862 veste
1048 4812 1256 4873 induta,
1292 4830 1429 4881 quae
1461 4831 1648 4866 urnam
1686 4818 1900 4867 tenebat
1924 4832 2061 4886 aqua
2097 4819 2416 4882 stillantem,

863 4908 1022 4965 atque
1051 4917 1173 4953 eum
1228 4905 1570 4970 provOcabat.
1604 4904 1736 4958 Tres
1784 4907 1948 4974 igitur
1987 4907 2102 4961 dies
2138 4909 2414 4975 ingressus

860 5006 977 5042 eam
1003 4993 1152 5052 vidit,
1183 5009 1352 5061 neque
1384 4996 1597 5061 assequi
1640 4999 1833 5064 potuit;
1868 5013 1961 5065 spe
1992 5006 2168 5050 autem
2199 5000 2413 5053 bibendi

863 5082 1171 5148 languorem
1207 5086 1483 5137 sustinuit.
1505 5088 1632 5140 Post
1658 5103 1815 5154 quam
1851 5094 2098 5156 apparuit
2130 5092 2414 5145 multitudo

862 5172 1123 5225 hubaloru
1151 5191 1201 5238 n;
1248 5179 1596 5243 reperiuntur
1649 5181 1790 5230 enim
1829 5180 1882 5232 in
1929 5180 2038 5234 illis
2078 5183 2410 5250 regionibus.

2528 4547 2738 4598 σταδίου
2785 4545 2996 4597 ἐστῶσα
3023 4546 3178 4614 κόρη,
3211 4546 3454 4615 καθαράν
3486 4547 3673 4615 ὀθόνην
3703 4550 3959 4617 φέρουσα,
3991 4552 4082 4601 καὶ

2527 4637 2816 4690 καυκάλιον
2869 4635 3059 4696 ὓδατος
3122 4637 3422 4703 κατέχουσα
3476 4637 3700 4699 στάζον,
3755 4642 3845 4690 καὶ
3895 4640 4083 4694 τοῦτον

2525 4728 2988 4799 προσκαλουμένη.
3023 4729 3116 4779 καὶ
3153 4730 3244 4780 ἐπὶ
3278 4733 3425 4798 τρεῖς
3454 4732 3667 4798 ἡμέρας
3705 4731 3927 4791 ὥδευσε,
3963 4735 4084 4801 βλέ-

2525 4837 2638 4869 πων
2689 4818 2785 4886 μὲν
2829 4818 3019 4885 αὐτὴν,
3058 4816 3380 4868 καταλαϐεῖν
3413 4817 3467 4868 δὲ
3506 4818 3577 4887 μὴ
3603 4819 3876 4887 δυνηθεὶς,
3911 4824 3973 4889 τῇ
4025 4822 4083 4871 δὲ

2522 4911 2691 4961 ἐλπίδι
2725 4909 2816 4961 τοῦ
2850 4913 2992 4959 πιεῖν
3038 4909 3332 4977 ὑπομείνας
3375 4913 3438 4978 τῇ
3481 4913 3686 4981 ἁτονίᾳ.
3721 4913 3836 4982 μεθ’
3870 4916 3934 4983 ἣν
3985 4916 4082 4966 άν-

2519 5003 2684 5070 εφάνη
2719 5000 2919 5068 πλῆθος
2955 5002 2996 5031 ⁸³
3023 5001 3312 5068 βουϐάλων·
3358 5004 3463 5053 εἰσὶ
3507 5003 3612 5072 γάρ
3657 5008 3711 5055 ἐν
3752 5009 3863 5066 τοῖς
3895 5008 4083 5066 τόποις

2519 5092 2743 5152 ἐκείνοις
2769 5107 2780 5118 '
2811 5091 2867 5154 ἐξ
2894 5082 2968 5143 ὧν
3002 5091 3096 5158 μία
3126 5091 3319 5158 ἔχουσα
3360 5093 3554 5160 μόσχον
3592 5095 3728 5157 ἐστὶ,
3761 5096 3915 5164 φησὶ,
3948 5112 4082 5147 κατ-

2518 5182 2692 5235 έναντί
2729 5199 2848 5252 μου.
2884 5182 2979 5234 καὶ
3012 5179 3153 5243 ἰδὼν,
3189 5183 3270 5234 ὃτι
3305 5183 3454 5252 ἔρρει
3489 5185 3661 5253 αὐτῆς
3693 5187 3751 5238 τὸ
3779 5187 3949 5251 γάλα,
3977 5189 4082 5239 ὑπο

2102 5344 2353 5398 VARIAE
2385 5344 2788 5400 LECTIONES.

924 5471 966 5547 '_'
987 5468 1213 5547 4-9910);
1243 5473 1358 5524 καί.
1437 5474 1480 5504 ³⁸
1562 5476 1803 5547 δεσμόν.
1880 5478 1925 5509 ³⁸
1958 5477 1998 5530 Β
2021 5481 2166 5547 πρὸς
2188 5485 2268 5535 τό.

2349 5483 2392 5513 ³⁵
2424 5483 2463 5534 Β
2490 5483 2880 5549 ὑποστρέψαι.

2960 5483 3063 5555 ίξΒ
3091 5483 3282 5555 ἐννέα.
3358 5485 3400 5514 ³’
3432 5484 3505 5555 Ex
3538 5487 3703 5549 coni.,
3727 5485 3813 5538 ΑΒ
3837 5487 4076 5555 66min)-

853 5539 1412 5624 ','.B.é56,0#v'i_fofffl-
1491 5546 1532 5624 ξ’
1666 5539 1841 5624 ἀορίη
1882 5551 1921 5599 A
1951 5539 2515 5624 Βλᾳτὶεροισούμενοι.
2593 5555 2637 5584 ⁸⁸
2668 5539 2705 5605 Β
2731 5539 2858 5618 ιῖεθ’
2893 5552 3078 5624 ὑμῶν.
3155 5557 3197 5584 δι
3225 5554 3326 5605 Pro
3356 5557 3444 5618 εἰς
3471 5554 3500 5605 ὃ
3528 5557 3564 5608 Β
3594 5539 3702 5607 Ir‘:
3769 5556 3811 5587 δ’
3839 5555 3877 5606 Β

848 5609 1111 5664 ἀδελφοί.

846 5693 955 5730 oni.
988 5677 1025 5726 Β
1117 5677 1164 5708 ’ν
1191 5681 1414 5734 ἐκεῖθεν
1430 5700 1535 5736 om.
1575 5685 1630 5735 Β.

847 5744 882 5790 ἦ
893 5762 904 5792 I
916 5745 1130 5813 'egcu'r'n.

1195 5613 1235 5684 ξ³
1272 5611 1312 5684 Β
1341 5613 1425 5664 ὅτι
1470 5616 1709 5668 εἰσέλθω.
1751 5617 1835 5668 Sir
1868 5634 1964 5683 pro
1990 5611 2525 5684 ὅτιέἰσελεύὶνωμτιι.

3176 5625 3220 5654 ⁸⁵
3260 5625 3296 5672 Β
3327 5624 3425 5674 καί
3463 5625 3705 5679 κὰδδον.

2605 5629 2649 5657 ⁸⁵
2692 5624 2729 5673 Β
2763 5639 2877 5683 σου,
2908 5621 3098 5674 εἷπον·
3176 5625 3220 5654 ⁸⁵
3260 5625 3296 5672 Β
3327 5624 3425 5674 καὶ
3463 5625 3705 5679 κὰδδον.
3784 5627 3830 5656 ⁸⁸
3857 5621 4080 5678 λοὶπύν

1708 5686 1750 5716 ⁸³
1778 5687 1814 5736 Β
1845 5688 1921 5750 ὡς
1950 5689 2033 5744 δέ.
2106 5687 2148 5721 ⁸⁸
2180 5690 2279 5743 Pro
2305 5695 2430 5760 μεθ’
2463 5692 2536 5759 ἣν
2561 5691 2831 5761 ἀνεφάνη
2856 5689 3090 5759 πλῆθος
3123 5690 3162 5746 Β
3191 5697 3339 5761 μετὰ
3368 5693 3433 5744 δὲ
3457 5693 3629 5748 τοῦτο
3655 5693 3885 5761 πλῆθος
3913 5694 4078 5762 αὐτῷ
