4274 6358
178 348 283 401 {89

1698 342 1902 397 ACTA.

3309 345 3413 401 190

175 461 430 515 εισελθὼν
457 464 551 513 καὶ
582 461 818 528 θηλάσας
849 461 1143 531 ὴρκέσθην.
1187 461 1221 530 ἢ
1250 460 1292 492 ⁸⁸
1319 462 1411 513 καὶ
1438 458 1564 529 θείῳ
1587 476 1747 530 προσ·
1777 467 1825 521 Α
1853 458 1863 510 1

1721 477 1747 506 .--
1777 467 1825 521 Α
1853 458 1893 511 Ε
1930 457 2149 527 quibus,
2182 457 2383 523 aiebat,
2414 473 2518 511 una
2550 459 2775 512 vitulum
2804 459 3011 513 habens
3043 460 3171 513 mihi
3216 476 3281 516 cx
3314 464 3409 515 atl-

173 557 414 623 τάγματι
434 553 801 623 πειθαρχοῦσά
818 553 1102 620 ἠκολούθει
1127 553 1230 616 ἓως
1250 554 1345 623 τῆς
1372 552 1581 622 κέλλης,
1609 551 1740 621 ἐμοῦ

178 643 279 712 μὲν
313 644 636 714 θηλάζοντος
661 644 704 675 ³⁸
740 644 928 709 αὐτὴν,
964 644 1056 696 τὸν
1106 644 1164 696 δὲ
1222 645 1420 714 μόσχον
1466 644 1634 712 αὐτῆς
1667 645 1741 714 μὴ

172 732 461 803 δεχομένη.

250 1016 472 1068 Ἀλλοτε
497 1014 659 1071 πάλιν
683 1014 907 1085 πλησίον
938 1014 1117 1083 θρύων
1144 1016 1239 1069 καὶ
1266 1016 1559 1086 φρυγάνων
1587 1018 1744 1088 ὀρύσ-

176 1126 287 1161 σων
315 1109 359 1139 "
391 1107 569 1179 φρέαρ
596 1108 625 1159 6
656 1107 908 1177 ἐνάρετος
939 1107 985 1138 ³³
1013 1102 1163 1169 οὗτος
1195 1109 1274 1168 είς
1305 1109 1611 1163 ἀνάπαυσιν
1649 1129 1743 1180 μο-

175 1200 359 1271 ναχῶν
397 1199 501 1253 ὑπὸ
544 1199 768 1262 ἀσπίδος
814 1198 1032 1268 ἐδήχθη.
1074 1200 1413 1268 ἀναιρετικὸν
1438 1201 1493 1254 δὲ
1525 1200 1600 1253 ίὸν
1631 1203 1741 1271 ἔχει

174 1292 336 1345 τοῦτο
362 1292 423 1344 τὸ
447 1292 653 1363 θηρίον.
692 1291 1025 1362 δραξάμενος
1050 1288 1143 1345 οὖν
1170 1292 1269 1361 τῆς
1291 1294 1514 1356 ἀσπίδος
1538 1297 1565 1347 6
1589 1294 1742 1362 ἆγιος

175 1384 299 1443 ταῖς
336 1381 524 1451 χερσὶν
566 1380 673 1432 ἀπὸ
712 1380 819 1433 τῶν
865 1381 1150 1450 χελυνείων
1166 1383 1212 1414 ⁵⁸
1250 1384 1419 1453 αὐτῆς
1463 1384 1742 1457 διέρρηξεν

177 1471 350 1541 αὐτὴν
393 1469 592 1523 είπών·
634 1471 707 1540 μὴ
751 1472 1168 1535 ἀποστείλαντός
1198 1475 1244 1505 ⁵⁸
1283 1491 1343 1526 σε
1388 1476 1591 1547 Κυρίου
1640 1495 1741 1545 μου

176 1561 293 1622 πῶς
325 1560 625 1629 ἐτόλμησας
663 1562 726 1612 σὺ
756 1561 892 1630 πρός
923 1578 990 1629 με
1026 1561 1235 1626 ἐλθεῖν;

248 1646 419 1713 Οὗτος
455 1653 483 1704 6
513 1652 682 1719 μέγας
729 1652 1015 1721 Μακάριος
1055 1652 1341 1721 διαφόρους
1372 1652 1565 1716 κέλλας
1601 1650 1743 1723 εἶχεν

174 1747 234 1795 ἐν
262 1747 331 1813 τῇ
369 1745 580 1813 ἐρήμῳ,
614 1745 671 1794 ἐν
699 1737 786 1805 αἷς
818 1744 945 1806 τοὺς
973 1744 1166 1806 ἄθλους
1197 1744 1294 1812 τῆς
1327 1745 1525 1814 ἀρετῆς
1560 1745 1743 1815 εἰργά-

174 1836 321 1899 ζετο,
360 1836 489 1904 μίαν
521 1836 579 1887 ἐν
616 1838 683 1906 τῇ
719 1836 915 1905 Σκήτει
955 1838 1020 1906 τῇ
1054 1836 1304 1907 ἐνδοτέρα
1332 1837 1378 1868 ⁸⁸
1417 1840 1738 1907 πανερήμῳ,

178 1930 309 1997 μίαν
340 1930 420 1987 είς
457 1927 662 1999 Λιϐύην
681 1928 725 1959 ⁸⁷
759 1931 838 1991 είς
866 1929 933 1980 τά
970 1928 1237 1997 λεγόμενα
1273 1929 1476 1991 κελλία,
1524 1929 1617 1981 καὶ
1648 1929 1739 1981 ἄλ-

172 2020 276 2090 λην
306 2022 385 2083 είς
417 2020 475 2072 τὸ
501 2021 626 2090 ὅρος
652 2020 751 2089 τῆς
772 2021 1021 2091 Νιτρίας.
1052 2023 1145 2075 καὶ
1172 2024 1227 2075 αί
1272 2022 1367 2092 μέν
1393 2023 1531 2075 είσιν
1545 2024 1589 2053 ⁸⁸
1615 2022 1740 2074 ἀθυ-

176 2112 414 2183 ρίδωτοι,
449 2114 527 2174 είς
560 2111 624 2174 ἃς
661 2112 876 2179 ἐλέγετο
916 2115 944 2164 6
977 2115 1257 2183 Μακάριος
1290 2115 1348 2165 ὲν
1391 2116 1454 2183 τῇ
1499 2121 1553 2183 μ’
1580 2112 1737 2167 καθέ-

174 2203 364 2267 ζεσθαι
397 2204 441 2235 ⁸⁸
501 2204 557 2254 ἐν
609 2204 880 2274 σκοτίᾳοή
940 2205 995 2257 δὲ
1047 2204 1178 2274 άλλη
1239 2204 1402 2257 κέλλα
1454 2205 1739 2274 στενοτάτη

174 2295 388 2362 ὑπῆρχε
410 2293 573 2353 πάνυ,
606 2295 685 2355 είς
711 2296 778 2365 ὴν
805 2296 1039 2346 ἐκτεῖναι
1064 2296 1189 2357 τοὺς
1215 2296 1258 2325 ⁸⁸
1276 2294 1443 2356 πόδας
1463 2295 1562 2346 οὐκ
1586 2291 1674 2363 ἦν·
1706 2296 1741 2364 ἡ

172 2384 231 2435 δέ
264 2384 425 2454 τρίτη
452 2384 760 2454 πλατυτέρα
791 2385 835 2415 ⁸⁸
860 2380 949 2455 ἦν,
980 2386 1037 2436 ἐν
1060 2380 1092 2458 ᾖ
1117 2386 1209 2437 καὶ
1240 2384 1602 2456 συνετύγχανε
1630 2388 1742 2449 τοῖς

175 2475 313 2545 πρὸς
346 2474 509 2526 αὐτὸν
540 2474 822 2542 φοιτῶσιν.

245 2558 414 2627 Οὗτος
467 2566 497 2617 6
549 2565 795 2633 φιλόθεος
852 2566 1106 2620 τοσοῦτον
1161 2568 1363 2637 πλῆθος
1413 2568 1742 2639 ἐθεράπευσε

174 2655 590 2726 δαιμονώντων,
627 2657 706 2719 ὡς
743 2658 816 2726 μὴ
855 2659 1050 2727 ῥᾳδίως
1089 2659 1313 2722 τούτους
1350 2659 1744 2713 ὑποῦάλλεσθαι

175 2751 418 2822 ἀριθμῷ.
463 2751 744 2822 παρόντων
780 2752 836 2804 δέ
876 2752 1030 2822 ἡμῶν
1066 2753 1200 2823 πρὸς
1244 2753 1431 2806 τοῦτον
1477 2753 1570 2806 τὸν
1601 2754 1745 2806 ὅσιον

178 2842 445 2913 παρθένος
483 2860 566 2906 τις
600 2844 707 2895 ἀπὸ
754 2843 1170 2914 Θεσσαλονίκης,
1212 2845 1435 2915 εὐγενὴς
1473 2844 1549 2915 τῷ
1576 2847 1743 2913 γένει,

177 2935 411 2988 πλουσία
457 2936 535 3003 τῷ
570 2935 670 3005 βίῳ
713 2935 793 2997 ⁸⁸,
844 2936 1081 3007 φοράδην
1127 2937 1425 3007 ἐκομίσθη,
1459 2938 1745 2992 πολυετίαν

176 3026 380 3096 ἔχουσα
414 3029 471 3078 ἐν
518 3027 843 3097 παραλύσει.
894 3029 987 3079 καὶ
1045 3028 1218 3099 τούτῳ
1258 3031 1623 3100 προσαχθεῖσα
1657 3033 1747 3100 ιρ-

1845 565 2002 604 verso
2034 548 2411 619 stetit.Cujus
2450 564 2665 605 uterum
2702 569 2868 621 quum
2898 554 3038 607 lacte
3074 551 3238 609 ﬂuere
3261 554 3411 609 vide-

1845 658 1977 700 rem.
2012 642 2241 705 accessi,
2269 652 2323 695 et
2346 657 2519 710 uSque
2549 644 2615 697 ad
2649 646 2952 699 satietatem
2989 646 3228 699 nutritus
3263 662 3405 699 sum.

1843 733 1921 785 Ac
1950 732 2133 787 divino
2177 733 2356 800 jussui
2408 747 2606 800 parens
2648 750 2734 789 me
2779 742 2963 789 secuta
3000 743 3083 790 est
3116 751 3289 805 usque
3340 737 3408 789 ad

1843 825 2054 887 cellam,
2086 835 2139 878 et
2168 840 2253 878 me
2283 826 2500 894 quidem
2525 827 2773 890 nutrivit,
2811 842 2984 896 neque
3017 843 3141 882 vero
3174 828 3406 882 vitulum

1844 935 2003 973 suum
2028 918 2267 974 admisit.

1911 1009 2122 1064 Rursus
2170 1012 2304 1065 alias
2348 1012 2437 1065 hic
2491 1012 2689 1065 virtute
2739 1013 3019 1081 praeditus
3088 1014 3191 1072 vir,
3238 1030 3405 1083 quum

1843 1118 2010 1172 prope
2043 1102 2169 1156 folia
2199 1115 2250 1156 et
2286 1113 2561 1157 sarmenta
2596 1112 2814 1172 puteum
2848 1103 3055 1157 foderet
3098 1104 3150 1157 in
3198 1118 3408 1157 recrea-

1844 1196 2044 1246 tiouem
2093 1197 2511 1254 monachorum.
2543 1195 2611 1248 ab
2642 1196 2830 1263 aspide
2870 1210 3083 1249 morsus
3117 1206 3219 1249 est.
3250 1194 3407 1260 Quod

1843 1286 2041 1336 animal
2074 1286 2232 1340 letale
2277 1301 2541 1339 venenum
2592 1286 2774 1338 habet.
2808 1286 3214 1354 Apprehensam
3247 1290 3411 1355 igitur

1843 1390 1872 1426 a
1904 1376 2151 1430 faucibus
2205 1377 2445 1444 aspidem
2479 1378 2978 1431 sanctusambabus
3014 1380 3267 1432 manibus
3296 1379 3402 1431 dis-

1846 1468 2072 1535 cerpsit,
2133 1476 2187 1521 et
2214 1487 2227 1521 :
2253 1468 2456 1535 Quum,
2492 1469 2685 1536 inquit,
2733 1477 2785 1523 te
2837 1485 2942 1521 nou
2981 1470 3189 1522 miserit
3225 1469 3408 1522 Donni-

1844 1574 1949 1612 nus
1982 1575 2153 1622 meus,
2184 1564 2456 1627 quomodo
2491 1577 2621 1616 ausa
2655 1577 2713 1615 es
2756 1561 2823 1614 ad
2858 1578 2942 1615 me
2975 1563 3271 1615 accedere?

1916 1651 2012 1703 Hie
2042 1652 2316 1706 Macarius
2339 1668 2563 1721 magnus
2583 1654 2827 1707 diversas
2856 1656 3021 1707 cellas
3044 1655 3093 1706 in
3122 1654 3412 1709 solitudine

1843 1743 2051 1803 habuit,
2091 1744 2364 1812 inquibus
2389 1746 2684 1798 certamina
2722 1746 2942 1797 virtutis
2973 1750 3210 1813 peregit:
3248 1761 3410 1798 unam

1841 1833 2055 1901 quidem
2093 1834 2148 1886 in
2186 1833 2361 1897 Scete,
2398 1850 2536 1901 quae
2569 1833 2717 1901 regio
2743 1842 2826 1887 est
2863 1834 2915 1886 in
2950 1834 3206 1888 interiore
3259 1845 3412 1888 vasta

1840 1925 2156 1987 solitudine,
2182 1941 2343 1978 unam
2372 1925 2425 1978 in
2451 1924 2622 1990 Libya
2651 1925 2703 1977 in
2736 1924 2939 1988 Celliis,
2960 1939 3098 1993 quae
3130 1926 3410 1991 dicuntur,

1839 2026 1894 2070 et
1917 2017 2079 2070 aliam
2120 2016 2172 2070 in
2210 2026 2391 2071 monte
2419 2017 2643 2071 Nitriae.
2678 2016 2755 2069 Ex
2778 2018 2977 2086 quibus
3026 2019 3163 2072 aliae
3193 2019 3411 2087 quidem

1839 2109 1981 2162 ostio
2009 2108 2289 2169 carebant,
2322 2109 2375 2162 in
2410 2109 2611 2177 quibus
2656 2107 2926 2163 Macarius
2958 2109 3242 2164 dicebatur
3270 2119 3409 2164 tetu-

1840 2213 1970 2266 pore
1999 2198 2446 2268 quadragesimae
2481 2200 2671 2254 sedere
2710 2200 2761 2251 iu
2794 2201 3060 2255 tenebris.
3095 2201 3279 2255 Altera
3312 2216 3412 2254 au-

1840 2300 1948 2345 tem
1978 2292 2112 2345 cella
2163 2293 2335 2345 niulto
2371 2294 2655 2361 angustior
2690 2300 2806 2345 erat
2836 2295 3053 2355 ceteris,
3090 2294 3143 2346 in
3172 2309 3276 2362 qua
3310 2309 3413 2347 nec

1842 2386 2031 2456 pedem
2057 2388 2350 2441 extendere
2390 2396 2623 2456 poterat.
2649 2386 2830 2442 Tertia
2860 2403 2988 2443 vero
3019 2389 3250 2457 amplior
3272 2395 3409 2448 erat,

1842 2479 1897 2533 in
1924 2494 2030 2547 qua
2051 2479 2213 2533 etiam
2245 2494 2339 2534 eos
2378 2480 2754 2540 conveniebat,
2791 2480 2882 2549 qui
2913 2478 2979 2547 ad
3016 2480 3198 2549 ipsum
3228 2482 3407 2534 venti-

1843 2573 2054 2625 tabant.

1918 2661 2013 2717 Hic
2061 2664 2145 2716 vir
2198 2672 2423 2719 sanctus
2478 2671 2686 2715 tantam
2732 2662 3135 2716 multitudinem
3198 2666 3414 2717 sanavit

1845 2772 2056 2819 eorum,
2093 2757 2182 2825 qui
2217 2770 2245 2808 a
2285 2755 2643 2810 daemonibus
2671 2756 3031 2819 vexabantur,
3067 2766 3125 2808 ut
3172 2772 3267 2811 eos
3309 2775 3411 2809 nu-

1848 2846 2106 2900 merando
2138 2847 2281 2899 haud
2324 2845 2483 2900 facile
2513 2860 2884 2915 percenseres.
2919 2844 3095 2908 Quum
3120 2860 3220 2898 nos
3250 2844 3412 2898 ades-

1848 2955 2051 3002 semus,
2071 2940 2135 2993 ad
2159 2940 2304 2994 hunc
2322 2950 2569 2994 sanctum
2588 2939 2741 3001 virgo
2755 2937 3140 2991 Thessalonica
3160 2937 3411 2999 oriunda,

1849 3033 2047 3087 nobilis
2078 3048 2273 3102 genere
2311 3039 2365 3085 et
2406 3032 2460 3083 in
2501 3030 2602 3084 hac
2638 3031 2744 3082 vita
2776 3027 2949 3089 dives,
2990 3038 3271 3096 apportata
3304 3038 3410 3089 est,

181 3119 315 3187 ρίφη
360 3118 589 3187 πλησίον
628 3118 725 3187 τῆς
762 3118 926 3171 αὐτοῦ
972 3119 1189 3189 κέλλης.
1235 3124 1313 3184 εἰς
1350 3122 1417 3192 ἣν
1458 3123 1749 3193 σπλαγχνι-
1774 3162 1814 3217 c
1848 3142 1869 3193 η

1723 3152 1814 3217 ,-c
1848 3140 1988 3193 quae
2035 3122 2221 3177 multis
2272 3122 2429 3176 annis
2492 3120 2727 3190 paralysi
2784 3120 3083 3173 laborabat.
3120 3118 3295 3188 Atque
3346 3120 3411 3172 ad

179 3207 329 3271 σθεὶς
361 3209 455 3259 καὶ
489 3208 883 3279 ἐπευξάμενος,
922 3211 1084 3281 ἐλαίῳ
1135 3213 1274 3284 ἀγίῳ
1316 3213 1549 3282 ἀλείφων
1580 3214 1747 3285 αὐτὴν

177 3299 296 3361 ταῖς
328 3298 495 3350 αὑτοῦ
530 3301 737 3369 χερσὶν,
769 3302 862 3354 καὶ
891 3303 1123 3364 ἐκτενῶς
1146 3305 1282 3374 ὑπὲρ
1309 3306 1476 3373 αὐτῆς
1524 3324 1750 3375 προσευ-

180 3386 409 3457 χόμενος
452 3388 661 3457 συχνῶς
709 3389 755 3420 ⁸³
796 3390 889 3442 ἐπὶ
929 3392 1100 3443 εῐκοσι
1131 3394 1337 3464 ἡμέρας
1374 3395 1579 3465 ταύτην
1620 3395 1747 3465 ὑγιῆ

179 3478 260 3539 είς
314 3476 412 3545 τὴν
470 3478 672 3545 ἑαυτῆς
727 3480 1013 3532 ἀπέστειλε
1071 3483 1222 3534 πόλιν
1271 3486 1335 3549 ⁸⁵,
1392 3486 1540 3547 ίδίοις
1592 3487 1748 3537 ποσὶν

180 3567 522 3619 ἀπελθοῦσαν
544 3568 611 3633 ⁸⁸,
634 3570 753 3638 ἥτις
777 3570 974 3641 πολλὴν
998 3575 1372 3644 καρποφορίαν
1393 3576 1681 3628 ἀπέστειλε
1704 3576 1747 3606 ⁸⁸

179 3661 292 3719 τοῖς
326 3657 523 3723 ἁγίοις.

252 3745 420 3810 Οὗτος
453 3752 480 3802 6
511 3751 683 3819 μέγας
719 3752 999 3821 Μακάριος
1032 3755 1270 3819 ἀκούσας
1299 3756 1364 3818 ⁸⁷,
1398 3759 1475 3810 ὅτι
1511 3759 1747 3829 μεγάλην

180 3842 364 3909 ἔχουσι
405 3841 679 3894 πολιτείαν
714 3846 761 3895 οί
794 3844 1263 3914 Ταϐεννησιῶται,
1302 3851 1746 3919 μεταμφιεσάμε-

180 3950 270 3994 νος
297 3933 341 3962 ⁸⁸
383 3932 478 3985 καὶ
514 3934 797 3986 ἀναλαϐὼν
841 3937 1104 4005 κοσμικὸν
1148 3938 1330 4006 σχῆμα
1376 3940 1626 4008 ἐργάτου.
1679 3940 1747 3992 δι’

178 4024 404 4093 ἡμερῶν
436 4033 496 4075 ιε’
525 4025 771 4093 εἰσῆλθεν
798 4028 874 4089 είς
904 4028 1001 4095 τὴν
1026 4027 1266 4097 Θηϐαΐδα
1293 4029 1380 4081 διὰ
1416 4030 1512 4098 τῆς
1540 4031 1746 4099 ἐρήμου

178 4115 406 4177 ὁδεύσας
430 4116 595 4167 "'xai.
619 4116 787 4167 ἐλθὼν
824 4119 880 4168 ἐν
905 4117 981 4186 τῷ
1011 4118 1330 4189 ἀσκητηρίῳ
1355 4122 1462 4171 τῶν
1489 4122 1750 4190 Ταϐεννη-

181 4206 392 4258 σιωτῶν
439 4207 697 4275 ἐπεζήτει
735 4208 826 4259 τὸν
867 4209 1298 4277 ἀρχιμανδρὲτην
1331 4212 1507 4263 αὐτῶν
1554 4213 1747 4281 Παχώ-

182 4315 327 4363 μιον,
360 4298 530 4366 ἄνδρα
561 4297 949 4365 δοκιμώτατον,
986 4300 1079 4351 καὶ
1110 4302 1353 4370 χάρισμα
1390 4302 1577 4371 ἔχοντα
1617 4322 1747 4374 προ-

1847 3230 1968 3268 eum
2000 3212 2256 3273 adducta,
2291 3227 2457 3281 prope
2480 3212 2671 3265 cellam
2701 3214 2871 3265 sancti
2900 3211 3138 3280 projecta
3175 3218 3276 3265 est.
3309 3208 3411 3275 Qui

1846 3304 2220 3358 misericordia
2240 3312 2545 3357 commotus
2565 3303 3091 3372 quumgﬁ7preces
3113 3303 3345 3356 fundens
3363 3312 3414 3356 et

1845 3397 1967 3450 oleo
1996 3405 2185 3450 sancto
2230 3411 2347 3450 eam
2403 3396 2640 3465 propriis
2691 3396 2806 3449 suis
2860 3396 3107 3449 manibus
3180 3411 3411 3465 ungeus.

1845 3490 2037 3559 viginti
2065 3489 2257 3542 diebus
2289 3504 2454 3556 super
2478 3503 2595 3541 eam
2628 3488 2816 3540 sedulo
2832 3501 2894 3539 ac
2915 3488 3144 3540 multum
3178 3502 3412 3550 orasset,

1846 3593 2033 3632 sanam
2066 3578 2120 3631 in
2160 3577 2434 3631 civitatem
2468 3578 2587 3645 ejus
2614 3577 2837 3630 dimisit.
2877 3577 3026 3641 Quae
3052 3578 3288 3645 propriis
3320 3594 3413 3647 pe-

1846 3669 2009 3735 dibus
2038 3684 2305 3737 regressa.
2333 3670 2607 3737 copiosam
2635 3670 2840 3723 sanctis
2874 3670 3203 3724 oblationem
3241 3672 3411 3725 misit.

1916 3760 2017 3814 llic
2048 3776 2277 3830 magnus
2311 3760 2582 3815 Macarius
2615 3776 2778 3829 quum
2817 3761 3096 3823 audiisset,
3124 3762 3411 3818 Tabenne-

1847 3854 2018 3906 siotas
2048 3853 2389 3921 praeclarum
2428 3852 2629 3907 habere
2662 3853 2807 3906 vitae
2838 3851 3170 3915 institutum,
3206 3863 3413 3909 mutata

1845 3952 1994 3999 veste
2014 3952 2067 3997 et
2096 3944 2380 4012 adsumpto
2397 3945 2671 3997 mundano
2702 3945 2938 4012 operarii
2980 3945 3192 4007 habitu,
3225 3949 3406 4011 spatio

1846 4034 2155 4101 quindecim
2195 4032 2405 4085 dierum
2445 4033 2499 4085 in
2529 4031 2886 4095 Thebaidem,
2928 4048 3024 4100 per
3060 4034 3411 4088 solitudinem

1846 4126 2149 4195 profectus.
2198 4125 2464 4193 pervenit.
2517 4124 2620 4177 Ubi
2682 4140 2845 4193 quum
2905 4124 2958 4177 in
3018 4127 3412 4181 monasterium

1846 4215 2364 4269 Tabennesiotarum
2423 4214 2683 4272 venisset,
2728 4211 3079 4265 Pachomium
3105 4229 3290 4269 eorum
3326 4230 3414 4267 ar-

1844 4307 2263 4362 chimandritam
2295 4305 2583 4372 quaesivit.
2624 4304 2797 4355 virum
2830 4304 3296 4372 probatissimum,
3319 4308 3410 4375 qui

178 4390 429 4457 φητικόν.
481 4388 766 4457 ἀπεκρύόη
787 4390 833 4420 ⁷⁸
875 4390 930 4441 δὲ
991 4390 1163 4460 τούτῳ
1190 4392 1234 4422 ⁷⁸
1276 4394 1341 4444 τὰ
1402 4394 1541 4445 κατά
1576 4396 1621 4424 ⁷⁸
1656 4395 1746 4447 τὸν
1847 4417 1866 4469 ς

1722 4414 1746 4447 ν
1847 4400 2078 4469 gratiam
2115 4397 2428 4466 prophetiae
2462 4396 2716 4449 habebnt.
2748 4394 2847 4447 Cui
2899 4406 3077 4448 tamen
3119 4395 3410 4449 Macarium

180 4478 356 4546 μέγαν
387 4478 433 4507 ⁷³
482 4480 784 4549 Μακάριον.
838 4481 1141 4551 περιτυχὼν
1166 4481 1211 4512 ⁷⁸
1264 4478 1355 4535 οὖν
1399 4484 1547 4554 αὐτῷ
1598 4485 1743 4553 λέγει
1778 4506 1819 4559 υ
1850 4508 1868 4542 r

1730 4505 1743 4537 ι
1778 4506 1819 4559 υ
1850 4504 2102 4556 magnum
2140 4503 2262 4542 esse
2298 4487 2756 4541 abscondebatur.
2789 4484 2922 4538 Eum
2951 4487 3117 4556 igitur
3145 4501 3270 4541 cum
3304 4487 3414 4540 Ma-

176 4569 327 4637 αύτῷ
356 4571 383 4621 ὁ
419 4570 733 4638 Μακάριος’
766 4570 954 4640 δέομαί
985 4589 1078 4624 σου
1101 4612 1114 4633 ,
1162 4574 1337 4643 κύριε,
1376 4572 1523 4637 δέξαι
1565 4594 1629 4644 με
1672 4579 1751 4639 είς
1850 4599 1864 4635 (

1725 4595 1751 4639 ς
1850 4583 2031 4635 carius
2063 4580 2405 4633 convenisset
2431 4594 2442 4627 :
2467 4580 2575 4631 Uro
2600 4586 2671 4639 te,
2702 4578 2896 4646 inquit,
2928 4577 3163 4640 domine,
3197 4580 3413 4647 snsi-ipe

176 4666 273 4733 τὴν
312 4665 481 4733 μονήν
513 4682 632 4728 σου,
668 4665 750 4717 ῖνα
781 4666 1023 4735 γένωμαι
1059 4669 1310 4737 μοναχός,
1352 4669 1497 4737 λέγει
1543 4671 1687 4739 αύτῴ
1720 4674 1746 4723 6

176 4755 473 4825 Παχώμιος
492 4775 503 4787 ·
535 4757 719 4810 λοιπὸν
742 4761 820 4820 είς
854 4759 1028 4830 γῆρας
1058 4760 1279 4827 ἧλασας,
1309 4762 1424 4824 πῶς
1472 4765 1533 4816 σὺ
1563 4765 1746 4815 ἀσκεῖν

176 4849 403 4902 δύνασαι
426 4866 440 4911 ;
472 4848 687 4915 ἀδελφοί
714 4852 849 4902 εἰσιν
876 4851 983 4903 ἀπὸ
1010 4852 1260 4918 νεότητος
1284 4855 1622 4923 ἀσκήσαντες
1652 4857 1743 4906 καὶ

176 4942 289 5001 τοῖς
318 4940 503 5001 πόνοις
538 4941 1056 5009 συνανατραφέντες,
1093 4944 1185 4994 καὶ
1216 4944 1274 4994 οὐ
1302 4944 1349 4974 ⁷⁸
1386 4944 1608 5013 φέρουσι
1655 4944 1746 4996 τὸν

178 5030 445 5097 κάματον.
505 5030 568 5083 σὺ
625 5030 681 5082 δέ
732 5023 1012 5103 ἐν’ταύτῃ
1063 5035 1126 5103 τῇ
1183 5032 1368 5103 ἡλικίᾳ
1410 5036 1472 5085 οὐ
1523 5033 1745 5087 δύνασαι

177 5120 501 5186 ὑπενεγκεῖν
528 5121 573 5152 ⁷⁸
615 5122 739 5184 τοὺς
779 5122 878 5191 τῆς
921 5122 1205 5192 ἀσκήσεως
1250 5126 1604 5193 πειρασμοὺς,
1652 5127 1745 5177 καὶ

1850 4688 1934 4725 me
1968 4673 2023 4723 in
2067 4669 2459 4722 monasterium
2492 4676 2676 4728 tuum,
2710 4675 2769 4719 ut
2805 4667 3105 4721 monachus
3137 4667 3281 4720 fiam.
3311 4669 3411 4722 Cui

1848 4761 2171 4815 Pachomius
2207 4776 2219 4811 :
2255 4760 2443 4811 Aetate
2470 4767 2581 4810 tam
2626 4766 2912 4826 provectus
2947 4760 3039 4827 qui
3073 4758 3332 4827 deinceps
3361 4770 3412 4813 te

1846 4868 2099 4907 exercere
2131 4850 2364 4919 poteris?
2393 4848 2610 4903 Fratres
2644 4865 2672 4901 a
2706 4850 2993 4918 juventute
3040 4866 3098 4903 se
3131 4861 3408 4913 exercent,

1848 4954 1900 4998 et
1934 4946 1985 4997 in
2015 4943 2294 4997 laboribus
2325 4940 2700 5004 adoleverunt,
2731 4956 2903 5008 neque
2935 4941 3117 4995 ferunt
3146 4943 3409 5000 laborem.

1851 5035 1931 5088 Tu
1957 5050 2083 5088 vero
2114 5034 2217 5087 hac
2245 5040 2422 5087 aetate
2454 5049 2559 5087 non
2591 5041 2742 5101 potes
2774 5034 3049 5087 sustinere
3084 5036 3411 5090 tentationes

1849 5126 2285 5181 exercitationis.
2344 5123 2680 5187 Oﬂ‘enderis,
2741 5125 2956 5190 exibis,
3013 5132 3068 5179 et
3121 5126 3411 5179 maledice:

1444 5257 1703 5313 VARIAE
1743 5260 2143 5317 LECTIONES.

250 5364 297 5443 δ’
328 5362 365 5429 ἦ
390 5379 506 5443 Ῐπθο
675 5368 1230 5443 ’ξργτονθηλάζοντος
1261 5372 1300 5424 Β
1332 5373 1622 5441 δεχομένη
1648 5375 1941 5441 θηλάζειν.
2015 5380 2062 5409 ⁸¹
2090 5375 2178 5428 ΑΒ
2210 5374 2543 5443 όρῤύσσων.
2617 5377 2661 5407 ⁸³
2684 5375 2724 5428 Β
2749 5379 2781 5429 ό
2812 5375 3097 5441 μακάριος
3153 5381 3202 5415 ⁸⁵
3228 5383 3407 5438 συντ..

300 5437 736 5515 κε-ιυνγίωτιξε
767 5442 809 5491 Α
835 5434 1299 5515 ᾁξτοσζέλαντρς,
1328 5445 1370 5515 Β
1396 5434 1897 5515 ἆέοστέλλοντος.
1973 5448 2020 5480 ³⁸
2067 5447 2109 5497 Α
2143 5447 2207 5515 τῇ
2230 5434 2299 5498 ἐῶ·
2322 5444 2618 5515 ἐνδοτέρᾳ.
2696 5448 2741 5480 ⁸⁷
2772 5434 2874 5497 Pro
2903 5434 3048 5514 μίαν
3073 5434 3159 5510 ὲις
3196 5434 3414 5513 alarm}

179 5504 223 5575 Β
248 5504 459 5568 ἑτέραν
471 5504 555 5575 -ὲν
581 5508 778 5575 λιόύῃ.
853 5511 898 5541 ⁸⁸
931 5510 968 5562 Β

180 5574 226 5604 ⁸³
288 5573 564 5648 συχνῶςε
597 5591 703 5648 om.
743 5573 820 5629 Β.
897 5582 942 5613 ⁸⁸
968 5573 1253 5648 Βκώμην.

994 5508 1155 5585 ἦσαν
1248 5514 1292 5545 ⁵⁹
1326 5514 1360 5564 li
1398 5514 1724 5585 καθεύδειν.
1804 5508 2017 5578 ⁸ο-τοὺς-
2062 5508 2267 5585 οῐηξἉ.
2344 5517 2384 5547 ⁸³
2418 5508 2931 5585 ΑΒπττητυστέρᾰ.
3018 5517 3060 5548 ⁶¹
3096 5508 3148 5568 Βῆ
3181 5519 3249 5570 ἐν
3288 5508 3405 5585 βίω.

1330 5585 1375 5615 ⁸⁸
1406 5582 1444 5635 Β
1467 5583 1854 5645 βαδίζουσαν.

1930 5589 1973 5617 “
2002 5586 2039 5638 Β
2073 5584 2394 5639 ἀπέσταλε.
2513 5586 2554 5615 ⁸⁷
2580 5584 2619 5636 Β
2645 5587 2930 5649 ἀκηκοώς.
3008 5586 3052 5617 ⁶¹¹
3087 5586 3172 5637 ΑΒ
3196 5584 3413 5654 μεταμ-

178 5641 571 5723 ερεατζάειενςιςί
592 5712 603 5723 _
647 5647 689 5681 ⁶⁹
712 5648 819 5723 Pro
845 5650 939 5723 διὰ
960 5651 1070 5723 τῆς
1102 5641 1322 5723 ἓρῆμον
1348 5641 1603 5717 ὁδεύσας
1625 5641 1672 5705 Β
1703 5654 1926 5709 ὁδεύων·
1950 5656 2042 5707 διὰ
2066 5655 2175 5720 τῆς
2198 5654 2433 5723 ἐρήμου.
2508 5655 2556 5723 Ϊθ
2585 5658 2616 5704 Α
2654 5641 2965 5721 ἁπέκρύϐε.
3042 5657 3085 5687 ⁷⁸
3134 5655 3170 5706 Β
3196 5641 3261 5710 δὲ
3281 5641 3411 5710 τότε

178 5711 439 5833 ξὲῧάνίφ
477 5712 702 5785 ἐκεινῳ,
780 5720 823 5749 ⁷³
859 5721 900 5772 Α
930 5711 1091 5794 μετά.
1126 5711 1143 5720 ’
1166 5711 1221 5752 ’δ’
1233 5722 1424 5790 μέγαν
1451 5738 1557 5775 om.
1581 5711 1664 5778 'B.

255 5804 293 5833 (ἳ
317 5821 330 5833 ι

255 5804 330 5836 (1ο

1784 5726 1829 5755 ’δ
1890 5726 1929 5777 Β
1990 5724 2273 5791 ἐντυχών.

2387 5724 2431 5753 ⁷⁸
2502 5722 2542 5774 Β
2609 5725 2704 5775 καὶ
2764 5727 2964 5791 μόλις,
3072 5726 3195 5779 ⁷⁶Β
3247 5730 3397 5794 ever
