4274 6358
208 362 312 418 193

1709 355 1916 414 ACTA.

3322 358 3420 416 I94

201 478 473 547 ορθώσας,
514 473 633 526 τότε
678 473 699 504 ³
743 474 820 536 είς
855 473 1020 542 ἀλλην
1073 472 1366 542 ἐπιθυμίαν
1402 474 1773 543 πνευματικὴν
1798 477 1889 534 Α(

1733 490 1773 543 ιν
1798 477 1847 534 Α
1875 474 2210 541 expetebam,
2240 478 2497 543 expertus
2520 471 2583 525 ad
2615 472 2759 525 aliud
2792 472 3006 528 tandem
3029 474 3305 542 spirituale
3327 476 3421 530 de—

203 563 367 637 ἧλθον
398 566 461 627 ³⁸,
516 565 611 616 καὶ
666 563 937 631 ἠθέλησα,
989 562 1157 632 φησί,
1214 563 1373 614 πέντε
1419 562 1631 632 ἡμέρας
1679 564 1767 615 τὸν

204 656 329 708 νοῦν
355 657 396 686 ¹¹
430 672 530 724 μου
545 654 652 706 ἀπὸ
676 654 770 705 τοῦ
810 654 946 706 Θεοῦ
971 654 1374 723 ἀπερίσπαστον
1401 654 1652 723 ποιῆσαι,
1676 654 1769 706 xal

207 748 374 817 μηδὲν
415 747 548 807 ὅλως
579 746 705 799 ἀλλο
731 763 783 796 τι
812 747 854 776 ¹³
884 746 1135 813 ἐννοῆσαι
1159 745 1223 808 ⁸³,
1257 745 1371 797 ἀλλ’
1403 745 1592 812 ἐκείνῳ
1623 744 1767 813 μόνῳ

203 839 602 906 προσανασχεῖν
659 836 719 888 ³⁵.
769 837 862 887 καὶ
914 835 1071 887 τοῦτο
1126 835 1317 904 κρίνας
1355 836 1414 885 ὲν
1456 833 1676 902 ἐμαυτῷ
1724 834 1766 863 ⁸⁸

202 929 503 981 ἀπέκλεισά
539 946 640 996 μου
672 929 771 997 τὴν
805 928 998 980 κέλλαν
1031 927 1125 979 καὶ
1152 927 1350 991 ἔξωθεν
1380 924 1478 994 τὴν
1508 925 1675 995 αὐλήν
1701 925 1762 987 ⁸⁸,

205 1022 344 1072 ὥστε
400 1020 474 1088 μὴ
514 1019 695 1071 δοῦναι
744 1018 1014 1089 ἀνθρώπῳ
1056 1016 1262 1069 ἐλθόντι
1308 1016 1617 1087 ἀπόκρισιν.
1675 1014 1768 1067 καὶ

203 1112 369 1181 ἔστην
392 1108 696 1180 ἀρξάμενος
722 1110 829 1161 ἀπὸ
847 1108 944 1177 τῆς
974 1108 1249 1179 δευτέρας,
1270 1105 1641 1176 παραγγείλας
1668 1122 1766 1174 μου

200 1200 279 1268 τῷ
309 1200 383 1269 νῷ
418 1202 512 1251 καὶ
552 1198 719 1251 εἰπὼν
753 1197 899 1267 αὐτῷ
921 1214 935 1227 ν
977 1196 1140 1265 βλέπε
1171 1197 1246 1265 μὴ
1282 1194 1545 1265 κατέλθῃς
1573 1196 1636 1246 ὲκ
1661 1193 1768 1246 τῶν

201 1289 447 1361 οὐρανῶν
465 1306 479 1320 ν
504 1289 646 1357 ἔχεις
676 1291 790 1341 ἐκεῖ
814 1287 1097 1355 ἀγγέλους,
1128 1287 1220 1339 καὶ
1250 1286 1645 1355 ἀρχαγγέλους,
1671 1284 1769 1364 τὰς

203 1382 317 1433 ἄνω
357 1379 613 1448 δυνάμεις
634 1419 647 1440 ,
676 1378 744 1429 τὰ
773 1376 1037 1447 χερουϐιμ
1081 1377 1174 1427 καὶ
1208 1375 1276 1428 τὰ
1307 1377 1345 1406 ¹⁷
1379 1375 1648 1445 σεραφίμ,
1679 1374 1769 1426 τὸν

204 1472 336 1523 Θεὸν
362 1470 471 1521 τῶν
516 1469 769 1522 ἁπάντων
798 1469 840 1500 ¹⁸
883 1468 1085 1520 τούτων
1125 1468 1387 1536 ποιητήν·
1420 1467 1535 1518 ἐκεῖ
1564 1465 1767 1534 διάτρι-

201 1560 301 1627 ψον
322 1576 337 1590 θ
372 1559 446 1628 μὴ
481 1559 751 1629 κατέλθης
782 1558 1038 1610 ὑποκάτω
1066 1556 1157 1608 τοῦ
1186 1554 1411 1624 οὐρανοῦ
1434 1571 1446 1583 °
1483 1553 1558 1623 μὴ
1597 1554 1767 1622 ἐμπέ-

203 1667 305 1719 an;
338 1652 380 1681 η
430 1652 510 1711 εἰς
554 1650 843 1717 λογισμοὺς
883 1649 1162 1717 ψυχικούς.
1213 1649 1307 1699 καί⁵
1369 1647 1656 1715 διαρκέσας
1687 1647 1765 1709 ²⁰,

205 1742 357 1810 φησί,
404 1742 496 1794 δύο
533 1742 747 1811 ἡμέρας
792 1742 885 1793 καὶ
921 1740 1117 1803 νύκτας
1151 1738 1320 1801 οὕτως
1362 1736 1653 1805 παρώξυνα
1678 1736 1769 1788 τὸν

1869 561 2128 615 siderium
2162 561 2300 615 veni.
2331 560 2508 615 Statui
2544 563 2685 615 enim
2720 562 2785 615 ad
2814 562 2919 615 tale
2956 577 3180 631 operum
3209 564 3425 617 deside-

1872 653 2012 705 rium
2058 654 2334 707 accedere.
2369 652 2546 717 Volui,
2584 653 2778 722 inquit,
2808 654 3046 722 quinque
3086 653 3202 708 dies
3254 656 3424 709 solam

1869 750 2099 797 mentem
2145 759 2315 797 meam
2363 744 2589 799 reddere
2634 761 2662 797 a
2706 745 2815 800 Deo
2846 746 3201 809 individuam,
3247 764 3424 817 neque

1868 835 2011 887 aliud
2049 834 2341 904 quidquam
2391 836 2613 889 omnino
2656 837 2913 907 cogitare,
2951 839 3046 893 sed
3094 840 3144 894 ei
3190 840 3293 895 soli
3331 839 3426 893 ad-

1869 925 2111 980 haerere.
2146 924 2299 989 Quod
2332 942 2496 994 quum
2530 927 2671 995 apud
2721 945 2805 982 me
2852 930 3188 991 statuissem,
3232 931 3423 983 cellam

1868 1034 2041 1072 meam
2069 1026 2230 1087 atque
2260 1020 2603 1073 extrinsecus
2635 1021 2811 1073 aulam
2859 1022 3054 1080 clausi.
3090 1029 3149 1075 ut
3170 1022 3303 1074 nulli
3334 1021 3427 1073 ad-

1868 1107 2104 1160 venienti
2134 1123 2453 1176 responsum
2493 1109 2697 1163 darem.
2726 1110 2802 1163 Ac
2830 1112 2953 1165 steti
2992 1112 3256 1180 incipiens
3285 1128 3313 1165 a
3340 1129 3429 1167 se-

1870 1198 2068 1262 cunda,
2106 1200 2271 1253 menti
2302 1215 2451 1253 meae
2483 1201 2822 1269 praecipiens
2856 1212 2909 1255 et
2942 1202 3131 1258 dicens
3164 1222 3178 1257 :
3207 1204 3340 1258 Vide
3362 1219 3432 1259 ne

1868 1289 2164 1344 descendas
2197 1306 2225 1343 e
2263 1292 2467 1356 coelis;
2518 1292 2589 1344 ibi
2636 1294 2855 1361 angelos
2893 1293 3061 1347 habes
3098 1304 3151 1348 et
3200 1297 3431 1349 archan.

1871 1380 2038 1448 gelos,
2066 1395 2330 1449 supernas
2362 1390 2675 1448 potestates,
2710 1384 2990 1437 cherubim
3032 1400 3094 1438 ac
3132 1387 3427 1453 seraphim,

1870 1468 2040 1522 Deum
2078 1471 2267 1524 horum
2307 1472 2550 1523 omnium
2582 1472 2908 1527 eﬂ'ectorem.
2941 1475 3052 1528 Illic
3084 1492 3321 1530 versare.
3354 1477 3432 1531 Ne

1872 1561 1974 1613 sub
2010 1562 2217 1613 coelum
2249 1561 2568 1626 descendas;
2604 1579 2671 1616 ne
2692 1564 2903 1618 incidas
2936 1566 2988 1618 in
3012 1568 3311 1621 mundanas
3340 1583 3434 1621 co-

1870 1650 2175 1717 gitationes.
2231 1650 2341 1713 Sic,
2400 1653 2595 1718 inquit,
2644 1670 2807 1722 quum
2861 1658 3073 1711 duobus
3123 1659 3314 1712 diebus
3368 1678 3431 1712 ac

1870 1739 2082 1795 duabus
2109 1742 2357 1797 noctibus
2386 1759 2840 1811 perseverassem,
2865 1748 2936 1798 ita
2969 1748 3283 1800 daemonem
3317 1750 3432 1801 irri-

198 1805 450 1903 δαίμονα,
482 1805 753 1898 (ὓς-ᾐφλόγα
780 1830 948 1899 πυρὸς
976 1829 1227 1897 γενέσθαι
1262 1826 1449 1879 τοῦτον
1482 1827 1574 1878 καὶ
1606 1844 1768 1878 κατα·
1800 1805 1841 1858 Β
1873 1839 1886 1880 l

1740 1844 1768 1874 ι·
1800 1805 1841 1858 Β
1873 1831 2002 1893 tavi,
2033 1842 2089 1884 ut
2110 1830 2325 1885 ﬂamma
2350 1835 2492 1902 ignis
2524 1835 2694 1897 ﬁeret,
2721 1837 2961 1905 mihique
2982 1840 3183 1901 omnia,
3206 1855 3345 1908 quae
3376 1841 3428 1893 in

201 1925 401 1981 καῦσαί
430 1941 529 1994 μου
560 1924 736 1976 πάντα
759 1924 801 1952 ’⁸
832 1923 900 1974 τὰ
940 1923 996 1973 ὲν
1026 1921 1103 1990 τῷ
1145 1919 1360 1987 κελλίῳ,
1386 1919 1460 1979 ώς
1482 1920 1525 1947 ’³
1560 1918 1653 1970 καὶ
1678 1917 1768 1968 τὸν

199 2019 425 2085 ψίαθον,
474 2017 559 2085 ἐφ’
612 2015 670 2068 ὃν
722 2015 1022 2084 εἱστήκειν,
1083 2011 1520 2081 καταφλεχθῆναι
1544 2010 1617 2071 ’³,
1676 2010 1769 2060 καὶ

198 2113 345 2165 οὕτω
379 2110 425 2142 ⁸⁸⁵
484 2108 701 2178 νομίσαι
739 2125 828 2177 με,
880 2107 962 2159 ὅτι
1012 2103 1167 2172 κάγὼ
1217 2105 1351 2166 ὅλως
1390 2103 1765 2171 ὲμπίπραμαι.

201 2203 356 2264 τέλος
375 2243 390 2267 ,
424 2199 652 2269 πληγεὶς
678 2197 788 2266 ὲγὼ
832 2196 909 2267 τῷ
944 2196 1091 2266 φόϐῳ
1111 2236 1125 2259 ,
1158 2195 1399 2263 ἀπέστην
1426 2194 1524 2262 τῆς
1552 2194 1597 2224 ’⁸
1639 2210 1767 2263 προ-

198 2295 404 2355 θέσεως
428 2291 628 2360 ταῦτης
649 2292 713 2360 τῇ
740 2288 897 2360 τρίτῃ
928 2288 1130 2358 ἡμέρᾳ,
1161 2286 1353 2356 μηκέτι
1378 2282 1623 2353 δυνηθεὶς
1656 2283 1763 2334 λοι-

200 2386 302 2436 πὸν
335 2380 736 2451 ἀπερίσπαστον
778 2395 878 2448 μου
910 2380 1129 2446 ποιῆσαι
1167 2375 1258 2427 τὸν
1289 2373 1409 2428 νοῦν
1437 2375 1483 2405 ’⁸
1509 2412 1524 2437 ,
1556 2373 1693 2425 ἀλλά
1722 2374 1764 2404 ⁸⁷

200 2472 468 2541 κατῆλθον
521 2472 600 2533 εἰς
651 2468 882 2539 θεωρίαν
930 2466 1025 2518 τοῦ
1071 2466 1278 2536 κόσμου
1308 2464 1530 2529 τούτου,
1561 2463 1646 2517 ἵνα
1692 2462 1766 2534 μὴ

199 2563 422 2632 λογισϐῇ
451 2578 538 2630 μοι
563 2560 719 2613 τοῦτο
746 2562 825 2620 είς
849 2558 1015 2625 τῦφον
1037 2558 1103 2613 ⁸⁸.

272 2651 612 2723 Παραϐαλὼν
642 2667 770 2702 ποτε
792 2652 835 2681 ³⁵³
864 2650 942 2720 τῷ
971 2650 1112 2717 ἁγίῳ
1134 2649 1178 2679 ³ο
1209 2640 1364 2717 εὗρον
1396 2646 1499 2711 ἔξω
1526 2648 1624 2716 τῆς
1645 2644 1767 2697 κέλ-

198 2746 299 2813 λης
323 2742 485 2795 αὑτοῦ
512 2740 880 2811 πρεσϐύτερον
897 2738 1085 2809 κώμης
1112 2739 1255 2799 τινὸς
1275 2738 1687 2805 κατακείμενον,
1706 2729 1765 2788 οὗ

197 2840 231 2897 ἠ
263 2836 473 2903 κεφαλὴ
506 2833 807 2904 ὲ6έ6ρωτο,
842 2832 917 2895 ὼς
954 2831 1050 2883 καὶ
1088 2830 1217 2881 αὐτὸ
1252 2830 1312 2881 τὸ
1345 2828 1532 2881 ὀστοῦν
1581 2827 1687 2880 ἀπὸ
1719 2826 1763 2857 ³¹

195 2929 298 2994 τῆς
328 2926 569 2995 κορυφῆς
600 2924 882 2993 φαίνεσθαι
917 2923 1061 2975 ἆπαν
1099 2919 1202 2972 ὑπὸ
1244 2919 1449 2978 πάθους
1482 2918 1575 2969 τοῦ
1612 2917 1766 2983 λεγο-

199 3019 367 3087 μένου
393 3018 671 3086 καρκίνου,
693 3016 788 3068 καὶ
808 3014 997 3066 τοῦτον
1026 3013 1147 3065 οὐδὲ
1170 3014 1227 3064 ὲν
1258 3010 1515 3081 συντυχίᾳ
1530 3010 1761 3078 ἐδέχετο·

199 3108 590 3179 παρακαλέσας
614 3110 657 3139 ³³
689 3107 868 3159 τοίνυν
905 3105 1066 3158 αὑτὸν
1107 3104 1249 3171 λέγω
1276 3104 1340 3134 ³³⁸
1384 3100 1764 3169 κατοικτείρη-

198 3222 315 3264 σον,
352 3201 541 3270 δέομαί
586 3217 700 3263 σου,
743 3198 929 3251 τοῦτον
975 3198 1066 3248 τὸν
1108 3197 1325 3257 ἄθλιον,
1356 3195 1451 3247 καὶ
1485 3194 1575 3255 δὸς
1620 3191 1769 3261 αὐτῷ

194 3295 301 3347 κᾶν
331 3294 639 3360 ἀπόκρισιν.
676 3291 770 3343 καὶ⁹
792 3290 838 3320 ⁸⁸
867 3290 1012 3356 λέγει
1054 3304 1173 3356 μοι·
1226 3287 1307 3339 ὅτι
1340 3287 1382 3317 ³⁸
1408 3284 1623 3349 ἀνάξιός
1655 3286 1769 3337 ἐστι

195 3385 293 3438 τοῦ
333 3384 565 3452 ἰαθῆναι.
605 3380 819 3433 παιδεία
868 3379 975 3449 γὰρ
1014 3376 1162 3447 αὐτῷ
1199 3376 1471 3445 ἀπεστάλη
1514 3375 1674 3444 αὓτη.
1723 3378 1770 3428 εί

193 3475 251 3527 δὲ
274 3474 446 3534 θέλεις
463 3472 622 3523 αὑτὸν
646 3470 857 3538 ἰαθῆναι
893 3469 979 3530 ³⁸⁸,
993 3472 1176 3520 πεῖσον
1191 3465 1771 3535 αὑτὸνάποστῆναιτῆς

194 3563 558 3632 λειτουργίας.
600 3562 693 3614 καὶ
721 3556 871 3612 εἷπον
900 3558 1009 3625 ἐγώ
1035 3574 1047 3585 ·
1076 3556 1162 3609 διά
1190 3556 1275 3618 τί,
1311 3556 1498 3625 δέομαί
1534 3572 1653 3619 σου;
1685 3554 1771 3607 λέ-

195 3672 283 3721 γει
317 3673 405 3724 μοι
432 3668 444 3681 ·
473 3653 751 3721 πορνεύων
768 3651 1068 3718 λειτουργεί
1096 3648 1206 3710 ³⁵“,
1231 3648 1325 3700 καὶ
1356 3648 1442 3699 διὰ
1469 3647 1625 3698 τοῦτο
1646 3664 1771 3697 παι-

192 3746 411 3799 δεύεται
453 3744 567 3797 νῦν.
601 3745 692 3796 ἐὰν
724 3739 815 3795 οὖν
844 3744 1051 3811 ἀποστῇ
1084 3740 1261 3807 φόὸῳ,
1293 3732 1366 3791 ὧν
1413 3736 1768 3807 καταφρονῶν

197 3838 603 3905 κατετόλμησεν
624 3836 689 3897 ³⁸,
713 3838 740 3887 ό
763 3833 890 3893 Θεὸς
918 3834 1060 3884 ίᾶται
1099 3831 1259 3883 αὐτόν
1289 3831 1351 3882 ³⁷.
1379 3828 1531 3895 κάγὼ
1545 3830 1587 3859 ³⁸
1618 3823 1769 3880 εἷπον

199 3928 277 3996 τῷ
310 3929 591 3995 πάσχοντι.
630 3927 657 3976 ὁ
687 3924 742 3976 δὲ
764 3921 1010 3975 συνέθετο
1030 3921 1233 3990 ὀμόσας
1270 3918 1361 3970 ἐπὶ
1383 3917 1539 3981 Θεοῦ,
1573 3918 1767 3986 μηκέτι

201 4018 535 4089 ἱερατεῦσαι.
586 4017 679 4068 καὶ
720 4016 839 4067 τότε
884 4014 1100 4078 ἐδέξατο
1141 4013 1235 4064 καὶ
1266 4011 1410 4077 λέγει
1456 4009 1631 4077 αὐτῷ’
1674 4026 1770 4060 πι-

200 4110 433 4170 στεύεις,
465 4109 547 4159 ὅτι
579 4105 693 4159 ἐστι
725 4106 886 4168 Θεὸς,
914 4105 971 4157 ὃν
1015 4103 1165 4155 οὐδὲν
1205 4101 1481 4163 λανθάνεις
1525 4100 1618 4153 καὶ
1665 4101 1768 4152 ἀπ-

198 4201 457 4269 εκρίνατο
480 4198 556 4228 ³’·
600 4197 694 4248 καὶ
731 4195 920 4265 δέομαί
947 4211 1083 4246 σσου.
1124 4190 1241 4245 εἶτα
1286 4191 1431 4257 λέγει
1476 4192 1657 4258 αὐτῷ’
1695 4189 1768 4259 μὴ

196 4292 473 4360 ἠδυνήθης
501 4290 778 4352 διαπαίξαι
806 4289 897 4340 τὸν
931 4287 1094 4350 Θεόν;
1128 4288 1220 4336 καὶ
1241 4285 1387 4351 λέγει
1411 4286 1635 4346 ἐκεῖνος·
1670 4285 1767 4335 οὐκ

194 4382 497 4451 ἠδυνήθην,
550 4379 705 4449 κύριέ
747 4396 867 4449 μου.
904 4377 1049 4445 λέγει
1088 4378 1116 4427 ὁ
1156 4376 1355 4444 μέγας’
1394 4375 1442 4425 εί
1480 4373 1762 4444 γνωρίζεις

1873 1918 2065 1971 cellula
2116 1929 2287 1981 erant,
2330 1924 2691 1988 combureret,
2721 1924 2793 1977 ita
2837 1934 2895 1978 ut
2933 1929 3093 1981 etiam
3133 1940 3332 1990 storea,
3376 1932 3428 1983 in

1870 2025 1978 2077 qua
2004 2011 2235 2073 stabam,
2262 2024 2723 2078 concremarctur,
2745 2025 2798 2071 et
2826 2018 2905 2071 sic
2922 2034 3007 2071 me
3024 2034 3237 2087 quoque
3259 2029 3430 2075 totum

1871 2100 2025 2153 aduri
2042 2102 2432 2158 existimarem.
2451 2105 2788 2164 Postremum
2809 2109 3001 2163 timore
3030 2109 3253 2165 alTectus
3271 2114 3433 2165 tertio

1870 2190 1959 2245 die
1992 2190 2174 2247 destiti
2200 2194 2266 2247 ab
2302 2196 2402 2249 hoc
2434 2200 2709 2266 proposito
2738 2214 2858 2253 meo
2887 2208 3069 2269 atque,
3092 2219 3257 2270 quum
3285 2219 3434 2257 men-

1868 2289 1977 2336 tem
2012 2298 2186 2338 meam
2212 2286 2446 2354 amplius
2477 2287 2803 2343 indivulsam
2843 2298 3027 2345 tenere
3055 2309 3161 2347 non
3194 2310 3431 2363 possem,

1869 2372 2030 2444 260
2055 2375 2309 2431 descendi
2349 2377 2403 2431 in
2450 2381 2961 2448 contemplationem
3010 2384 3172 2451 hujus
3221 2387 3431 2449 mundi,

1868 2480 1937 2519 ne
1976 2466 2029 2519 id
2068 2467 2200 2520 mihi
2224 2476 2569 2537 reputaretur
2595 2471 2648 2523 in
2678 2474 3005 2541 superbiam.

1937 2643 2219 2708 Quondam
2244 2660 2407 2713 quum
2442 2647 2505 2700 ad
2528 2648 2671 2703 hune
2695 2658 2940 2704 sanctum
2966 2653 3255 2717 venissem,
3282 2664 3434 2710 extra

1868 2734 2061 2787 cellam
2095 2734 2212 2801 ejus
2239 2736 2505 2803 jacentem
2540 2737 2719 2791 inveni
2758 2739 2860 2792 vici
2895 2740 3178 2807 cujusdam
3210 2745 3435 2813 presby-

1867 2831 2061 2887 terum,
2081 2826 2237 2893 cujus
2255 2835 2417 2895 caput
2438 2828 2510 2879 ita
2528 2837 2645 2881 erat
2660 2844 2879 2883 exesum
2903 2832 3111 2893 morbo,
3132 2834 3221 2900 qui
3238 2848 3437 2888 cancer

1866 2915 2084 2977 dicitur,
2116 2928 2174 2969 ut
2212 2924 2265 2971 et
2301 2918 2481 2985 ipsum
2515 2933 2577 2971 os
2608 2926 2780 2971 totum
2808 2930 3088 2987 appareret
3121 2924 3174 2975 in
3210 2926 3431 2978 vertice.

1865 3004 2051 3076 Neque
2072 3022 2194 3061 eum
2227 3009 2293 3062 ad
2316 3010 2647 3078 colloquium
2675 3012 3009 3065 admittebat.
3041 3011 3241 3083 Rogavi
3270 3017 3436 3085 igitur

1871 3111 1935 3151 ac
1966 3114 1979 3148 :
2005 3097 2224 3164 Precor,
2267 3099 2510 3169 inquam,
2537 3102 2793 3155 miserere
2816 3103 2979 3171 hujus
3010 3106 3213 3169 miseri,
3244 3114 3299 3158 et
3320 3109 3433 3161 sal-

1871 3193 1978 3241 tem
2003 3202 2325 3254 respousum
2352 3190 2399 3241 ei
2424 3190 2512 3242 da.
2538 3192 2836 3259 Respondit
2861 3193 2989 3245 mihi
3012 3212 3024 3246 :
3046 3194 3305 3263 Indignus
3328 3206 3433 3259 est,

1870 3277 1963 3344 qui
1988 3285 2230 3330 sanetur.
2266 3277 2407 3332 Haec
2455 3282 2600 3333 enim
2642 3282 2691 3333 ei
2739 3284 3093 3355 immissaest
3127 3285 3432 3355 disciplina.

1874 3367 1971 3420 Sin
2004 3383 2127 3421 eum
2154 3371 2239 3421 vis
2270 3373 2477 3433 sanari,
2506 3372 2674 3425 suade
2704 3374 2773 3437 ei,
2798 3381 2857 3426 ut
2887 3376 3141 3445 deinceps
3166 3377 3435 3431 abstineat

1871 3474 1900 3511 a
1917 3460 2206 3514 sacriﬁcio.
2226 3460 2337 3531 Ego
2360 3480 2373 3515 :
2396 3461 2526 3527 Cur,
2550 3464 2791 3531 inquam,
2813 3465 3076 3519 obsecro?
3090 3466 3430 3535 Respondet:

1872 3549 2171 3605 Fornicans
2198 3568 2415 3606 sacrum
2468 3555 2675 3624 peregit
2717 3556 3105 3621 ministerium,
3141 3560 3287 3613 unde
3320 3562 3432 3627 jam

1871 3644 2188 3712 castigatur.
2226 3643 2432 3709 Quodsi
2472 3653 2616 3698 metu
2658 3646 2885 3699 desistat
2932 3650 2999 3700 ab
3028 3650 3113 3711 iis,
3154 3665 3291 3717 quae
3341 3666 3436 3718 per

1871 3740 2239 3801 contemptum
2275 3749 2443 3789 ausus
2473 3744 2555 3790 est
2604 3735 2801 3797 facere,
2836 3736 2979 3792 Deus
3022 3755 3143 3793 eum
3195 3745 3430 3797 sanabit.

1872 3823 1984 3877 lloc
2007 3824 2077 3886 ei,
2102 3826 2191 3893 qui
2224 3826 2580 3894 amigebatur,
2617 3828 2748 3880 dixi.
2778 3828 2880 3893 Qui
2909 3830 3263 3898 jurejurando
3292 3839 3434 3904 apud

1872 3913 2041 3967 Deum
2074 3914 2345 3981 pollicitus
2381 3924 2485 3976 est,
2507 3930 2564 3968 se
2591 3931 2696 3969 non
2725 3918 2958 3985 amplius
2988 3920 3291 3976 sacerdotis
3316 3939 3434 3977 mu-

1871 4020 2001 4058 nera
2023 4020 2147 4059 esse
2174 4006 2464 4058 obiturum.
2494 4005 2628 4058 Tum
2659 4022 2780 4061 eum
2806 4013 3047 4077 suscepit
3072 4012 3230 4080 eique
3258 4028 3271 4064 :
3303 4014 3434 4068 Cres

1871 4096 2046 4158 disne,
2084 4097 2279 4165 inquit,
2332 4112 2455 4151 esse
2510 4097 2700 4161 Deum,
2754 4116 2913 4167 quem
2956 4103 3090 4154 nihil
3140 4104 3309 4157 latet?
3342 4104 3435 4158 Ille

1872 4188 2162 4257 respondet
2184 4204 2197 4239 :
2219 4187 2468 4250 Maxime,
2505 4204 2635 4256 rogo
2658 4199 2730 4243 te.
2764 4190 3000 4246 Deinde:
3034 4192 3197 4260 Num,
3234 4197 3431 4265 inquit,

1873 4280 2096 4346 potuisti
2143 4279 2368 4331 illudere
2402 4278 2549 4331 Deo?
2596 4279 2909 4347 Respondet
2939 4299 2954 4337 :
2989 4282 3107 4336 Non
3153 4288 3324 4352 potui,
3360 4287 3434 4339 mi

1870 4368 2104 4421 domine.
2143 4366 2415 4436 Magnus:
2454 4368 2510 4421 Si
2563 4370 2843 4438 agnoscis,
2893 4370 3097 4439 inquit,
3152 4382 3432 4441 peccatum

197 4491 293 4527 σου
326 4476 424 4543 τὴν
458 4474 729 4541 ἁμαρτίαν
762 4471 854 4522 καὶ
882 4468 981 4538 τὴν
1018 4467 1109 4520 τοῦ
1141 4466 1275 4518 Θεοῦ
1294 4466 1543 4517 παιδείαν
1564 4506 1577 4525 ,
1608 4465 1670 4517 δι’
1699 4466 1767 4533 ἢν
1798 4470 1845 4526 D
1874 4466 1885 4509 Ι

1746 4482 1767 4515 ν
1798 4470 1845 4526 Ι)
1874 4466 2046 4519 tuum,
2072 4471 2135 4509 ac
2161 4456 2504 4523 disciplinam
2532 4456 2645 4518 Dei,
2670 4472 2773 4525 qua
2808 4458 2939 4511 haec
2970 4460 3207 4523 subiisti,
3241 4474 3293 4517 te
3312 4477 3434 4515 cor-

192 4563 370 4615 ταῦτα
406 4562 645 4628 ὑπέστης
668 4599 682 4620 ,
722 4559 1010 4627 διόρθωσαι
1047 4559 1125 4619 εἰς
1154 4556 1214 4607 τὸ
1248 4555 1403 4623 ὲξῆς’
1440 4557 1532 4606 καὶ
1562 4554 1767 4623 ἐξωμο-

197 4652 471 4720 λογήσατο
492 4650 592 4718 τὴν
626 4649 897 4718 ἁμαρτίαν
930 4648 996 4709 ⁸ο,
1023 4647 1116 4698 καὶ
1153 4645 1317 4697 ἔδωκε
1356 4644 1509 4711 λόγον
1538 4644 1630 4695 τοῦ
1661 4662 1767 4713 μη-

196 4743 318 4792 γέτι
354 4741 668 4809 ἀμαρτῆσαι
701 4743 836 4809 μήτε
868 4738 1244 4805 λειτουργῆσαι
1275 4733 1351 4803 τῷ
1378 4734 1765 4803 θυσιαστηρίῳ,

194 4831 335 4884 ἀλλά
391 4831 481 4881 τὸν
533 4830 715 4881 λαῖκὺν
770 4828 1117 4881 ἀσπάσασθαι
1168 4826 1398 4894 κλῆρον·
1454 4821 1549 4876 εἷθ’
1594 4825 1769 4887 οὕτως

192 4922 466 4991 ἐπέθηκεν
500 4920 647 4989 αὐτῷ
679 4922 865 4988 χεῖρας
901 4920 929 4971 ὁ
962 4920 1136 4985 ἆγιος,
1167 4918 1261 4968 καὶ
1294 4918 1349 4967 ὲν
1383 4916 1589 4981 ὀλίγαις
1627 4916 1760 4984 ὴμέ-

1872 4548 2019 4615 rigas
2056 4547 2107 4598 in
2141 4556 2441 4614 posterum.
2474 4546 2575 4609 Qui
2619 4548 2904 4601 confessus
2932 4560 3013 4602 est
3045 4562 3343 4618 peccatum,
3380 4561 3435 4606 et

1873 4637 2029 4688 tidem
2058 4636 2226 4698 dedit,
2251 4650 2309 4689 se
2337 4651 2440 4687 non
2467 4635 2698 4702 amplius
2720 4651 2841 4689 esse
2861 4646 3232 4703 peccaturum,
3259 4654 3433 4707 neque

1871 4726 2023 4779 altari
2046 4726 2502 4789 ministraturum,
2534 4725 2625 4778 sed
2660 4726 2778 4778 laici
2810 4735 3008 4779 sortem
3035 4730 3428 4796 amplexurum.

1872 4818 2073 4872 Deinde
2096 4828 2318 4872 sanctus
2334 4820 2381 4870 ei
2406 4831 2599 4869 manus
2625 4818 2898 4885 imposuit.
2915 4818 3014 4881 Qui
3038 4821 3223 4886 paucis
3239 4820 3433 4875 diebus

1871 4917 2095 4963 sanatus
2136 4920 2249 4972 est;
2303 4906 2593 4975 capillique
2630 4906 2825 4975 capitis
2855 4907 2903 4959 ei
2939 4918 3259 4973 creverunt,
3288 4917 3342 4962 et
3378 4911 3430 4962 in

1463 5039 1719 5092 VARIAE
1750 5035 2150 5094 LECTIONES.

265 5168 288 5197 ο
332 5157 368 5208 Β
407 5156 767 5209 τελευταῖον.
849 5157 893 5186 ’⁸
923 5156 1029 5208 Pro
1060 5151 1219 5225 ἦλθον
1252 5155 1288 5206 Α
1325 5150 1505 5225 ἦλθον,
1531 5154 1598 5204 ἐν
1632 5149 1721 5225 οἷς
1751 5152 1952 5225 ἔκρινά
2002 5167 2156 5225 ποτεΔ
2187 5150 2273 5211 εὶς
2298 5142 2687 5225 ,ταύτηγ-ζῶν
2728 5142 3071 5225 ἕργωιςὶτὴν
3110 5142 3430 5222 ἐπιθυμζαν

192 5230 415 5283 ἐλθεῖν.
494 5228 534 5256 ¹¹
566 5227 607 5278 A
640 5228 823 5283 μόνον
844 5226 933 5277 τὸν
963 5224 1107 5277 νοῦν.
1189 5229 1229 5254 ¹⁸
1254 5241 1307 5275 τι
1334 5239 1441 5277 om.
1473 5224 1527 5274 Β.

197 5304 239 5332 ’⁵
280 5301 351 5351 ἐν
387 5293 763 5363 ἐμαυτῷοιη.
796 5295 856 5349 Β.

194 5375 241 5403 ³⁸
273 5368 525 5429 Emend,
558 5364 643 5416 ΑΒ
685 5365 1047 5432 διαρκείσας.

194 5440 255 5493 Β.
289 5439 336 5467 ’⁵
379 5437 421 5488 Α
453 5437 519 5487 ἐκ
550 5434 664 5501 τῆς.

634 5228 823 5294 μόνον
844 5226 933 5277 τὸν
963 5224 1107 5277 νοῦν.

194 5508 372 5562 τοῦτο
404 5508 489 5567 εἰς
520 5499 707 5569 “(ﬁgor
739 5504 780 5553 Β
815 5506 899 5567 εἰς
928 5506 1117 5570 τύρον
1158 5501 1427 5572 ἐμπέσωχ
1470 5501 1525 5572 __’°
1561 5502 1599 5550 Β
1627 5499 1693 5551 δέ
1710 5518 1863 5572 ποτε.
1944 5500 1987 5529 ³ο
2084 5499 2219 5572 ἀγίῳ
2244 5499 2447 5572 τούτῳ.
2526 5499 2564 5522 ³¹
2603 5499 2719 5572 άπερ
2742 5507 2850 5572 om:
3168 5511 3185 5572 ,ί

459 5562 559 5623 1"B
591 5562 803 5639 λέγων.
877 5562 924 5603 ³⁵
963 5562 1060 5623 κᾶὶ
1104 5562 1210 5625 οιῐῖ.
1257 5572 1314 5623 Β.
1386 5571 1430 5600 ³⁸
1458 5570 1545 5621 ὅτι
1574 5585 1680 5621 oin.
1710 5570 1764 5621 Β.
1799 5571 1863 5601 ³⁵·
1919 5562 2239 5639 παιδείάέ-
2268 5564 2500 5630 ἰαθῆναι
2528 5578 2633 5639 o_m.
2664 5562 2720 5612 Β.
2757 5562 2894 5639 “"__
2910 5563 2998 5639 Sic
3024 5562 3308 5639 AB,lort_e_
3335 5574 3433 5627 pro

195 5585 376 5631 .1800).

1618 5224 1656 5252 ’³
1686 5226 1758 5276 Ex
1804 5217 1972 5281 conL,
2011 5221 2097 5273 AB
2133 5217 2411 5281 ἐννοήσε.

936 5296 979 5325 ¹⁶
1014 5295 1052 5347 Β
1107 5296 1325 5360 ἀλλην.
1403 5296 1443 5323 ¹⁷
1486 5292 1556 5343 τὰ
1598 5308 1705 5344 om.
1744 5294 1785 5344 A

1127 5367 1166 5394 ¹¹
1200 5350 1467 5415 Β’πάγτα
1505 5380 1643 5426 μου,
1718 5364 1761 5391 ²²¹
1800 5363 1878 5425 ὼς
1916 5377 2023 5412 θιιι.
2072 5360 2128 5409 Β.
2208 5356 2253 5386 ’³
2279 5350 2763 5421 καταφλεχθῆναι
2796 5350 2987 5426 (ἮΙᾏΒ.
3063 5353 3110 5426 ξι
3136 5352 3293 5426 οὕτω
3316 5350 3425 5407 oni.

738 5426 794 5465 ’θ’
817 5433 918 5486 Pro
968 5426 1219 5498 ποιῆσαι
1262 5432 1366 5484 τόν
1408 5430 1558 5484 νοῦν
1593 5432 1631 5480 Β
1670 5432 1775 5483 τὸν
1806 5430 1954 5482 γοῦν
1991 5427 2267 5494 τηρῆσαι.
2308 5428 2385 5498 .γ²⁷
2416 5426 2457 5475 Β
2507 5426 2739 5498 λοιπόν.

2493 5217 2533 5245 ’⁵
2557 5214 2629 5267 Ex
2662 5216 2827 5272 coni.,
2852 5215 2939 5264 AB
2963 5214 3424 5280 πρωανασχῶν.

1866 5292 1909 5323 ¹⁸
1949 5294 1988 5342 Α
2043 5290 2279 5341 πάντων
2356 5289 2397 5316 ¹⁹
2429 5290 2469 5337 Α
2509 5285 2774 5351 ἐμπέσις.
2812 5281 2891 5336 sic
2930 5284 3152 5353 saepius
3184 5301 3203 5353 ι
3246 5299 3341 5350 pro
3370 5303 3425 5353 η.

2817 5422 2862 5451 ⁸⁸
2901 5420 3005 5474 Pro
3038 5420 3293 5489 λογισθῇ
3327 5440 3430 5490 μοι

1944 5500 1987 5529 ³ο
2017 5490 2219 5565 Ε’ἁγίῳ
2244 5497 2447 5565 τούτῳ.
2526 5494 2564 5522 ³⁸
2603 5492 2719 5565 ἀπὸ
2742 5507 2850 5565 om.
2888 5493 2959 5565 ΒΑ..
3174 5490 3431 5565 παρεχά-

197 5628 598 5710 ἓῖλὲιτούργειν
651 5628 694 5673 ³³
728 5642 832 5694 Pro
873 5642 1224 5709 καταφρονῶν
1279 5641 1724 5710 κατετόλμησεν
1774 5640 1813 5689 Β
1864 5636 2249 5710 κατατολμῶν
2310 5628 2772 5710 κατεφρόνησεν..
2853 5632 2894 5661 ³⁷
3022 5631 3205 5710 αὑτὸν
3254 5628 3431 5710 ἰᾶται.

199 5698 520 5775 “Emend...
548 5713 636 5764 AB
658 5712 709 5765 κ’
730 5712 861 5779 ἐγώ.
918 5714 960 5745 ³⁸
991 5698 1170 5771 (Σάι-ιη,
1198 5713 1240 5762 Λ
1260 5698 1628 5775 ἁποκρίνὲτο,
1649 5709 1689 5759 Β
1713 5708 1881 5776 λέγει.
1938 5710 1980 5741 ⁵ο
2004 5706 2101 5761 καὶ
2118 5698 2247 5773 ⁷τὴν
2267 5704 2372 5758 τοῦ
2404 5698 2546 5756 Θεοῦ
2567 5701 2841 5755 παιδείαν
2855 5701 3204 5769 -ἁμαρτίαν
3235 5712 3343 5753 om.
3372 5698 3430 5754 Β.

521 5809 785 5866 l’n'nOL.
829 5805 942 5861 Gn.
987 5802 1266 5861 XXXIV.

3108 5792 3143 5849 7
