4274 6358
857 340 958 396 195

1666 338 1764 392 SS.
1807 334 2262 392 MACAllIORUM
2306 333 2629 390 AEGYPTII
2669 334 2758 388 ET
2802 334 3268 389 ALEXANDIUNI

3971 341 4076 396 196

853 461 1068 511 domum
1100 471 1251 510 suam
1284 472 1533 511 reversus
1556 456 1871 528 gloriﬁcavit
1893 456 2162 524 Deum,ae
2200 457 2405 527 gratias
2435 468 2481 520 Α
2514 474 2541 525 ρ

2396 473 2405 511 i
2435 468 2481 520 Α
2514 473 2631 525 ραις
2674 456 2796 523 ἰάθη
2844 456 2938 506 καὶ
2971 457 3232 525 ἐτρὶχωσε
3279 457 3371 508 καὶ
3412 455 3655 526 ἀπῆλθεν
3680 456 3763 519 είς
3799 458 3889 508 τὸν
3933 450 4084 511 οἰκον

852 551 960 619 egit
995 556 1204 603 sancto.

925 642 1131 695 Rursus
1151 641 1256 695 vidi
1283 640 1349 693 ad
1370 655 1493 695 eum
1519 638 1710 693 adduci
1733 654 1957 710 puerum
1989 653 2018 691 a
2045 639 2235 707 spiritu
2259 637 2410 690 mali-

851 747 958 801 gno
984 740 1255 785 vexatum.
1280 730 1376 786 Cui
1407 736 1630 786 sanctus
1652 744 1869 783 manum
1892 728 2135 782 dextram
2168 730 2220 781 in
2247 736 2409 796 caput

853 823 1113 889 imposuit
1154 821 1309 898 261
1358 830 1411 875 et
1440 822 1719 875 sinistram
1750 835 1914 890 supra
1958 835 2078 882 eor,
2109 834 2172 873 ac
2207 820 2406 872 tamdiu

849 916 1046 976 oravit,
1079 916 1251 966 donec
1298 913 1517 967 fecisset
1556 928 1678 966 eum
1712 913 1944 981 pendere
1987 912 2043 964 in
2096 925 2239 965 aere.
2273 909 2410 962 Puer

850 1004 1033 1073 igitur,
1071 1009 1211 1057 sicut
1262 1016 1383 1056 uter
1416 1001 1659 1065 inﬂatus,
1684 1002 1738 1055 in
1774 1016 2001 1070 corpore
2042 1003 2408 1069 maximopere

850 1094 1126 1154 intumuit,
1176 1093 1391 1153 deinde,
1444 1107 1611 1161 quum
1662 1091 1845 1145 subito
1900 1091 2282 1151 exclamasset,
2314 1106 2409 1159 per

850 1198 1039 1237 omnes
1075 1198 1267 1237 sensus
1294 1196 1487 1250 aquam
1518 1181 1717 1246 emisit;
1754 1196 1892 1249 quae
1935 1196 2100 1250 quum
2132 1182 2407 1244 desiisset,

851 1276 904 1326 in
933 1290 1074 1335 eam,
1105 1274 1383 1340 quainitio
1407 1273 1597 1336 fuerat,
1626 1288 1937 1327 mensuram
1967 1273 2146 1327 rediit.
2170 1272 2409 1343 Eumque

850 1381 1014 1434 quum
1047 1366 1165 1419 oleo
1191 1375 1380 1418 sancto
1420 1365 1669 1418 unxisset
1694 1375 1743 1418 ct
1791 1379 1929 1432 aqua
1970 1365 2252 1418 benedicta
2288 1379 2411 1432 per-

850 1454 1100 1516 fudisset,
1146 1455 1284 1522 patri
1330 1454 1585 1515 reddidit,
1636 1469 1699 1506 ac
1731 1458 1924 1519 vetuit,
1958 1470 2024 1508 ne
2060 1470 2277 1508 carnem
2309 1469 2410 1508 nec

851 1550 1033 1601 vinum
1066 1551 1352 1617 attingeret
1373 1546 1722 1615 quadraginta
1745 1547 1954 1601 diebus.
1982 1546 2155 1600 Puero
2188 1546 2407 1614 quidem

850 1642 919 1690 ita
950 1648 1145 1692 sanato
1176 1653 1269 1693 eos
1313 1638 1537 1691 dimisit.

926 1814 1078 1866 llune
1117 1812 1411 1865 Maearium
1448 1825 1699 1878 magnum
1725 1809 1998 1877 quondam
2038 1816 2302 1862 vexarunt
2331 1824 2416 1861 co-
2449 1828 2489 1880 Β

2518 546 2680 599 αὐτοῦ
2713 545 3004 612 δοξάζων⁸¹
3034 549 3124 599 τὸν
3158 548 3291 599 Θεὸν
3320 550 3413 601 καὶ
3440 549 3775 619 εὐχαριστῶν
3800 548 3878 619 τῷ
3917 550 4080 618 ἁγίῳ.

2584 635 2737 691 Εἶδον
2782 638 2942 691 πάλιν
2966 640 3047 702 δ’,
3100 641 3182 691 ὅτι
3237 640 3579 709 προσηνέχθη
3630 639 3778 709 αὑτῷ
3826 641 4082 710 παιδαρί-

2518 746 2643 791 σκος
2655 731 2698 759 ⁸³
2712 728 2935 797 ἐνεργού
2943 746 3099 798 μενος
3114 730 3218 783 ὑπὸ
3236 730 3543 800 πνεύματος
3558 731 3817 800 πονηροῦ.
3844 731 4085 794 Ἐπιθεὶς

2512 821 2569 873 δὲ
2589 820 2734 891 αὺτῴ
2753 822 2853 890 τὴν
2872 820 3048 885 δεξιὰν
3074 823 3170 873 ἐπὶ
3187 822 3286 891 τῆς
3302 823 3542 892 κεφαλῆς
3573 825 3667 876 καὶ
3686 826 3784 894 τὴν
3803 823 4083 893 εὐώνυμον

2515 910 2606 962 ἐπὶ
2625 911 2722 980 τὴν
2745 911 3001 981 καρδίαν,
3027 912 3118 964 ἐπὶ
3140 912 3392 965 τοσοῦτον
3420 916 3448 966 6
3476 914 3629 982 ᾰγιος
3651 914 3696 945 ⁸⁵
3717 915 4083 985 προσηύξατο,

2514 1000 2615 1064 ἕως
2644 995 2704 1054 οὗ
2741 1000 2903 1053 αὐτὸν
2930 1003 3038 1055 ἀπὸ
3071 1004 3234 1072 ἀέρος
3260 1005 3483 1074 ἐποίησε
3504 1005 3884 1076 κρεμασθῆναι
3907 1006 3974 1059 ⁸⁵.
4012 1008 4087 1058 οἱ.

2513 1091 2682 1161 δήσας
2706 1087 2797 1144 οὖν
2814 1094 2842 1145 6
2860 1095 2989 1155 παῖς
3012 1094 3088 1156 ὡς
3108 1095 3274 1157 ἀσκὸς
3297 1095 3677 1165 ὑπερμεγέθης
3696 1096 3742 1125 ⁵⁸
3762 1096 3839 1164 τῷ
3865 1096 4083 1166 σώματι

2514 1182 2748 1250 ώγκώθη
2774 1186 2843 1247 δ’,
2870 1186 2965 1238 καὶ
3000 1187 3261 1254 αἰφνίδιον
3282 1187 3592 1257 ἀνακράξας
3631 1188 3718 1241 διά
3748 1191 3937 1241 πασῶν
3970 1190 4082 1241 τών

2514 1275 2816 1345 αἰσθήσεων
2841 1276 2983 1347 ὕδωρ
3003 1278 3233 1348 ήνεγκεν
3252 1278 3318 1342 ⁸⁸,
3339 1280 3432 1331 καὶ
3456 1279 3713 1350 λωφήσας
3734 1282 3813 1343 είς
3838 1282 3866 1332 ὂ
3892 1277 3962 1350 ἦν
3984 1281 4081 1333 ἀπ’

2516 1367 2689 1436 ἀρχῆς
2723 1368 2945 1435 γέγονεν
2967 1370 3031 1421 ⁵⁸.
3070 1370 3164 1422 καὶ
3207 1370 3431 1438 ἀλείψας
3472 1371 3632 1422 αὐτὸν
3672 1372 3811 1440 ἁγίῳ
3838 1372 3883 1403 ⁵⁸
3918 1372 4082 1441 ἐλαίῳ

2516 1458 2883 1528 ηύλογημένον
2914 1461 2958 1491 ἰ
2994 1459 3135 1529 ὕδωρ
3167 1462 3400 1530 ἐπιχέων
3433 1463 3797 1531 παραδίδωσιν
3833 1464 3878 1495 ⁵³
3917 1465 4083 1515 αὑτὸν

2515 1549 2594 1619 τῷ
2631 1552 2794 1621 πατρὶ
2823 1550 3008 1613 αὐτοῦ,
3042 1552 3434 1621 παραγγείλας,
3468 1553 3541 1623 μὴ
3585 1554 3782 1623 κρεῶν,
3827 1555 3901 1624 μὴ
3938 1556 4081 1607 οἴνου

2518 1642 2755 1710 ἅψασθαι
2793 1644 2954 1695 αὑτὸν
2994 1644 3085 1695 ἐπὶ
3113 1646 3327 1713 ἡμέρας
3363 1652 3434 1714 μ’.
3469 1646 3561 1698 καὶ
3594 1645 3766 1710 οὔτως
3792 1647 4085 1716 ἰασάμενος

2518 1734 2785 1786 ἀπέλυσεν
2806 1736 3002 1796 αὐτούς
3025 1736 3091 1790 ⁸³.

2592 1826 2862 1896 Ὥχλησαν
2909 1827 3081 1895 τούτῳ
3116 1827 3244 1879 ποτὲ
3287 1825 3364 1895 τῷ
3400 1827 3618 1897 μεγάλῳ
3667 1829 3940 1897 Μακαρὶῳ
3995 1830 4084 1880 λοστ

856 1905 1145 1977 gitationes
1184 1917 1355 1955 vanae
1404 1902 1629 1972 gloriae,
1670 1914 1808 1968 quae
1837 1914 1961 1952 eum
1998 1913 2028 1951 e
2060 1900 2196 1951 cella
2224 1900 2421 1966 ejicere
2520 1936 2544 1985 τ

2393 1915 2421 1953 θ
2520 1918 2708 1987 γισμοὶ
2755 1920 3057 1983 κενοδοξίας
3102 1919 3427 1989 πειρώμενοι
3469 1920 3656 1971 τοῦτον
3697 1920 3944 1973 ἐκϐαλεῖν
3983 1923 4081 1989 τῆς

852 2008 1152 2060 tentarunt,
1168 2007 1221 2051 et
1238 2006 1619 2066 suggesserunt
1641 1996 1711 2058 ei,
1727 2002 1787 2047 ut
1802 1994 2227 2062 dispensationis
2245 1996 2417 2063 gratia

852 2094 1079 2147 Romam
1114 2102 1379 2162 pergeret,
1407 2092 1715 2159 justamque
1744 2106 1966 2145 causam
1994 2092 2297 2161 allegarunt
2330 2107 2417 2146 sa-

854 2188 1129 2242 nationem
1176 2202 1388 2247 eorum,
1422 2184 1514 2254 qui
1558 2185 1629 2237 ibi
1663 2195 1810 2249 sunt,
1852 2184 2214 2239 inﬁrmorum.
2250 2184 2417 2238 Valde

850 2280 995 2332 enim
1034 2279 1088 2331 in
1111 2293 1175 2331 eo
1201 2278 1463 2331 adversus
1498 2276 1717 2343 spiritus
1746 2278 2075 2345 operabatur
2098 2280 2271 2347 gratia
2306 2276 2412 2330 Do-

847 2372 1002 2423 mini.
1035 2370 1217 2439 Longo
1239 2378 1415 2423 autem
1447 2376 1688 2436 tempore
1713 2368 1780 2422 ab
1827 2369 1895 2422 iis
1924 2376 2215 2433 tentatum,
2245 2383 2412 2439 quum

846 2476 955 2514 non
1006 2460 1322 2523 obediisset,
1374 2468 1433 2512 ut
1480 2459 1843 2527 egrederetur,
1896 2459 2079 2513 acrius
2114 2460 2408 2529 agitarunt.

845 2550 1158 2604 Prostratus
1180 2551 1342 2619 igitur
1366 2558 1587 2602 sanctus
1616 2550 1670 2603 in
1690 2550 1871 2603 limine
1896 2550 2065 2603 cellae
2089 2564 2224 2603 suae
2246 2550 2411 2619 pedes

844 2640 995 2693 foras
1021 2640 1222 2701 emisit,
1242 2638 1703 2709 daemonibusque
1723 2654 1891 2694 vanae
1902 2640 2139 2707 gloriae:
2165 2639 2408 2703 Trahite,

847 2732 1044 2802 inquit,
1090 2747 1175 2785 me
1212 2738 1265 2785 et
1312 2731 1508 2793 vellite,
1551 2731 1867 2794 daemones,
1916 2734 1961 2784 si
2010 2733 2262 2800 potestis.
2298 2732 2409 2803 Ego

841 2823 989 2877 enim
1038 2822 1171 2875 meis
1231 2821 1457 2890 pedibus
1486 2822 1622 2874 alias
1670 2836 1775 2875 non
1821 2822 1999 2875 abibo.
2037 2821 2131 2875 Sin
2184 2825 2411 2891 potestis

846 2916 1010 2969 talem
1039 2930 1123 2967 me
1154 2915 1460 2982 deportare,
1502 2929 1610 2982 quo
1637 2913 1839 2977 dicitis,
1874 2918 2203 2983 perveniam.
2234 2916 2409 2984 Atque

841 3007 1042 3076 juravit
1073 3006 1139 3060 iis
1170 3023 1182 3058 :
1220 3006 1331 3068 Sic,
1368 3006 1563 3073 inquit,
1591 3005 1785 3073 jacebo
1819 3022 1989 3074 usque
2012 3008 2076 3060 ad
2105 3022 2405 3075 vesperam.

843 3097 960 3152 Nisi
996 3112 1081 3151 me
1114 3096 1417 3159 moveritis,
1446 3097 1599 3150 vobis
1627 3111 1736 3149 non
1756 3097 2029 3153 obediam.
2070 3097 2247 3163 Quum
2280 3115 2407 3154 vero

2520 2007 2734 2075 κέλ).ης,
2780 2008 3160 2077 ὑποτιθέμενοι
3194 2006 3502 2075 οἰκονομίας
3538 2007 3698 2074 χάριν
3730 2008 4083 2075 καταλαμϐά-

2517 2114 2629 2149 νειν
2657 2098 2754 2168 τὴν
2794 2096 3033 2167 Ῥώμην,
3067 2097 3143 2160 ὼς
3167 2097 3259 2149 ἐπὶ
3288 2096 3555 2165 προφάσει
3577 2095 3735 2165 δῆθεν
3763 2097 4082 2167 εὐεργεσίας

2515 2190 2622 2243 τῶν
2652 2191 2769 2242 ἐκεῖ
2799 2188 3242 2260 ἀρρωστούντων.
3274 2190 3455 2257 ἄκρως
3488 2188 3593 2257 γὰρ
3626 2186 3766 2239 κατὰ
3785 2187 3890 2239 τῶν
3916 2206 4077 2240 πνευ-

2519 2280 2701 2349 μάτων
2733 2282 2811 2343 εἰς
2844 2280 3007 2332 αὐτὸν
3044 2282 3263 2350 ἐνήργει
3291 2280 3338 2309 ⁸⁸
3359 2283 3390 2349 ή
3411 2280 3570 2349 χάρις
3602 2279 3698 2331 τοῦ
3726 2281 3950 2349 Κυρίου.
3986 2284 4081 2334 καὶ

2514 2374 2589 2433 ώς
2622 2372 2713 2422 ἐπὶ
2744 2370 2877 2422 πολὺ
2907 2369 3189 2439 ὀχλοῦντες
3220 2371 3317 2438 οὐχ
3354 2372 3592 2439 ὑπήκουε
3618 2371 3685 2433 ⁸³,
3710 2370 4081 2441 σφοδροτέροις

2515 2462 2660 2529 αὐτῷ
2710 2461 3147 2531 προσελάσαντες
3191 2458 3379 2512 τοῦτον
3413 2459 3725 2528 ἐξήλαυνον.
3775 2460 3958 2512 πεσὼν
3987 2460 4080 2513 οὖν

2513 2555 2604 2605 ἐπὶ
2646 2554 2745 2623 τὴν
2803 2553 2964 2619 φλιὰν
3009 2553 3108 2620 τῆς
3151 2551 3342 2603 ἐαυτοῦ
3379 2551 3573 2617 κέλλης
3621 2554 3649 2604 6
3684 2551 3835 2619 ἆγιος
3875 2553 4000 2616 τοὺς
4034 2555 4080 2583 ⁵⁸

2512 2644 2678 2705 πόδας
2708 2644 2951 2704 ἐκτείνας
2991 2640 3205 2709 ἀφῆκεν
3232 2642 3323 2693 ἐπὶ
3367 2641 3433 2693 τὰ
3480 2641 3603 2705 ἐξω,
3633 2642 3805 2708 λέγων
3836 2645 3948 2704 τοῖς
3976 2644 4081 2712 τῆς

2513 2735 2814 2799 κενοδοξίας
2838 2735 3088 2803 δαίμοσιν
3110 2750 3121 2763 ’
3143 2733 3329 2785 ἐλκετέ
3354 2751 3417 2802 με
3451 2732 3701 2802 σύροντες
3718 2736 3783 2797 ⁸⁷,
3804 2734 4077 2803 δαίμονες,

2510 2826 2605 2877 ἐὰν
2643 2825 2867 2877 δύνασθε
2902 2826 2968 2876 ³⁸⁸.
3004 2825 3114 2893 ἐγὼ
3157 2825 3265 2895 γάρ
3294 2829 3406 2887 τοῖς
3446 2827 3597 2894 ἐμοῖς
3642 2828 3799 2878 ποσὶν
3842 2826 4079 2895 ἀλλαχοῦ

2510 2917 2609 2966 οὑκ
2634 2916 2961 2985 ἀπέρχομαι.
2998 2917 3046 2967 εἰ
3080 2912 3172 2968 οὖν
3204 2915 3433 2968 δύνασθέ
3460 2917 3504 2946 ⁸⁸
3547 2933 3611 2983 με
3646 2916 3818 2977 οὕτως
3851 2917 4082 2982 άπενεγυ

2511 3009 2645 3071 κεῖν,
2679 3007 2810 3058 ὅπου
2830 3006 3040 3073 λέγετε,
3065 3004 3459 3073 ἀπελεύσομαι,
3481 3006 3838 3075 διομνύμενος
3857 3007 4044 3070 αὐτοῖς
4063 3024 4077 3037 ·

2508 3099 2591 3149 ὅτι
2625 3097 2797 3160 οὕτως
2834 3098 3025 3165 έσομαι
3054 3095 3305 3165 κείμενος
3340 3096 3443 3155 ἓως
3473 3096 3743 3164 ἑσπέρας·
3777 3095 3871 3147 ἐάν
3905 3096 3979 3163 μή
4010 3112 4079 3163 με

846 3194 1101 3243 immotus
1140 3190 1453 3251 mansisset,
1490 3204 1612 3241 sero
1644 3190 1853 3257 vesperi
1882 3188 2095 3243 tandem
2144 3192 2407 3243 surrexit.
2438 3182 2479 3237 C
2515 3206 2534 3240 c

2394 3230 2407 3242 .
2438 3182 2479 3237 C
2515 3188 2834 3258 σαλεύσητε,
2865 3189 2927 3240 οὐ
2956 3190 3031 3259 μὴ
3064 3190 3215 3259 ὑμῶν
3255 3190 3568 3243 ὑπακούσω.
3602 3190 3694 3242 καὶ
3738 3189 3926 3259 μείνας
3955 3190 4081 3242 ἀσά-

847 3284 953 3337 Sed
970 3292 1130 3336 nocte
1151 3281 1475 3335 adventante
1496 3295 1686 3333 rursus
1710 3295 1831 3333 eum
1860 3282 2230 3334 vehementius
2249 3281 2410 3333 etiam

844 3374 1095 3430 inseetati
1122 3381 1268 3427 sunt.
1302 3371 1480 3437 Quare
1517 3378 1740 3425 sanctus
1763 3370 2024 3431 surrexit,
2062 3370 2409 3438 duorumque

844 3465 956 3520 fere
978 3464 1284 3518 modiorum
1307 3471 1545 3532 sportam
1567 3476 1729 3515 arena
1750 3461 2008 3529 implevit,
2030 3476 2135 3528 qua
2166 3462 2411 3516 humeris

845 3557 1100 3624 imposita
1135 3564 1301 3607 totam
1361 3553 1709 3608 solitudinem
1744 3553 1999 3621 pervasit.
2043 3552 2140 3605 Cui
2171 3553 2412 3605 occurrit

846 3648 1007 3717 262
1026 3645 1370 3700 'Tbeosebius
1406 3644 1691 3699 Cosmetor
1721 3642 2114 3706 Antiochenus,
2134 3651 2220 3697 et:
2245 3643 2407 3708 Quid,

847 3739 1043 3808 inquit,
1086 3746 1293 3807 portas,
1338 3736 1511 3791 abba?
1551 3734 1693 3789 Cede
1735 3735 1865 3787 mihi
1901 3750 2063 3796 onus,
2118 3749 2252 3787 neve
2296 3735 2412 3803 ipse

843 3832 1089 3883 vereris!
1131 3829 1223 3880 Ille
1255 3836 1434 3879 autem
1472 3847 1484 3879 :
1532 3824 1706 3886 Vexo,
1741 3822 1947 3892 inquit,
1988 3840 2148 3885 eum,
2185 3826 2277 3892 qui
2326 3838 2410 3878 me

843 3929 1019 3973 vexat.
1048 3918 1165 3988 ipse
1192 3920 1334 3972 enim
1365 3931 1531 3985 quum
1560 3916 1795 3968 lascivus
1822 3915 1915 3970 sit.
1944 3915 2073 3966 mihi
2100 3915 2409 3983 peregrina-

843 4014 1020 4066 tiones
1065 4012 1323 4080 suggerit.
1373 4010 1463 4063 Sic
1503 4024 1630 4062 vero
1674 4024 1841 4077 quum
1894 4024 1952 4063 se
2001 4010 2229 4059 multum
2279 4023 2406 4075 per-

841 4107 1126 4167 movisset,
1164 4105 1217 4156 in
1257 4102 1445 4156 cellam
1471 4102 1697 4154 intravit
1736 4102 1978 4153 contrito
2009 4114 2257 4168 corpore.

928 4280 1001 4333 De
1063 4288 1253 4333 saneto
1346 4278 1525 4331 Marco
1599 4293 1795 4348 magno
1876 4278 2235 4331 exercitatore
2319 4278 2407 4332 hic

841 4367 1178 4420 admirabilis
1196 4364 1464 4420 Macarius
1489 4368 1593 4420 hoc
1621 4368 1935 4421 incredibile
1956 4368 2113 4421 nobis
2136 4369 2404 4422 narravit:

840 4458 1015 4523 Quum
1054 4470 1231 4516 sacro,
1256 4457 1452 4524 inquit,
1482 4472 1705 4510 munere
1731 4455 2003 4524 fungerer.
2032 4464 2272 4525 tempore
2301 4458 2407 4510 dis-

2514 3280 2700 3341 λευτος
2745 3280 2789 3311 ⁸⁸
2839 3278 3036 3348 ἀνέστη
3076 3279 3258 3331 λοιπὸν
3322 3279 3563 3348 ἑσπέρας
3613 3278 3777 3347 οὔσης
3836 3278 4076 3345 βαθείας,

2512 3370 2705 3431 νυκτὸς
2721 3370 2776 3421 δὲ
2801 3369 2963 3421 πάλιν
2986 3369 3381 3437 ἐπιγενομένης
3405 3368 3775 3437 σφοδροτέρως
3790 3368 4077 3436 ἐνώχλουν.

2511 3461 2752 3522 ἀναστὰς
2775 3457 2868 3511 οὖν
2895 3461 2924 3511 ὁ
2952 3459 3106 3527 ἆγιος
3133 3460 3200 3525 “,
3224 3460 3317 3511 καὶ
3348 3461 3391 3490 ⁶¹
3421 3458 3599 3510 λαϐὼν
3626 3459 3860 3528 σπυρίδα
3895 3460 3970 3520 ὡς
3988 3460 4082 3511 δύο

2515 3551 2711 3621 μοδίων
2737 3550 2990 3620 ψάμμου,
3019 3550 3225 3619 ταύτην
3246 3549 3551 3619 ἐπλήρωσε,
3578 3550 3671 3601 καὶ
3698 3550 3960 3612 τεθεικώς
3990 3553 4082 3602 ἐπὶ

2510 3643 2601 3694 τὸν
2632 3640 2825 3694 ἑαυτοῦ
2856 3635 3003 3710 ὦμον
3032 3641 3251 3693 διεκίνει
3280 3643 3323 3671 ⁶³
3347 3642 3447 3711 τὴν
3478 3642 3703 3711 ἔρημον.
3752 3641 3927 3710 τούτῳ
3958 3659 4081 3693 συν-

2510 3732 2739 3800 ήντησεν
2792 3731 2836 3761 ⁸⁵
2884 3729 3168 3792 Θεοσέϐιος
3228 3734 3256 3782 6
3313 3734 3606 3800 κοσμήτωρ
3676 3731 3981 3797 Ἀντιοχεύς
4035 3733 4079 3761 ⁸³

2511 3819 2604 3870 καὶ
2627 3818 2773 3884 λέγει
2801 3818 2949 3888 αὐτῷ
2973 3834 2985 3846 ·
3020 3819 3072 3870 τί
3108 3819 3417 3887 βαστάζεις,
3453 3820 3632 3881 άϐϐᾶς
3674 3820 4079 3889 παραχώρησον

2510 3911 2632 3978 ἐμοὶ
2672 3912 2732 3962 τὸ
2760 3911 2979 3979 φορτίον
3008 3911 3100 3962 καὶ
3130 3912 3204 3981 μὴ
3239 3911 3465 3964 σκύλλου
3495 3912 3658 3973 αὐτός
3681 3930 3694 3943 ο
3726 3914 3755 3964 6
3799 3912 3857 3965 δὲ
3889 3913 4077 3980 ἔλεγε·

2512 4000 2723 4075 σκύλλω
2738 4001 2828 4052 τὸν
2855 4000 3153 4053 σκύλλοντά
3180 4018 3248 4071 με
3272 4018 3286 4032 °
3320 4002 3507 4065 ἄνετος
3534 4004 3640 4071 γὰρ
3666 4003 3740 4054 ὢν
3766 4005 3938 4075 άποδη
3948 4007 4080 4073 μίας

2514 4110 2603 4160 μοι
2659 4070 2969 4144 ῦποϐάλλει.
3032 4094 3125 4143 καὶ
3188 4092 3279 4143 ἐπὶ
3337 4094 3473 4145 πολὺ
3525 4070 3845 4161 διακινήσας
3903 4070 4079 4158 οῦτως

2508 4183 2756 4253 εἰσῆλθεν
2782 4185 2860 4244 είς
2900 4182 2995 4252 τὴν
3033 4181 3228 4233 κέλλαν
3258 4184 3551 4251 συντρίψας
3578 4184 3636 4235 τὸ
3671 4183 3847 4251 σῶμα.

2582 4275 2715 4343 Περὶ
2746 4274 2791 4303 ⁸⁸
2816 4272 3043 4341 Μάρκου
3076 4271 3169 4324 τοῦ
3201 4272 3298 4339 μὲν
3328 4272 3566 4340 άσκητοῦ
3597 4274 3657 4326 τὸ
3696 4274 3996 4343 παράδοξον
4034 4277 4077 4305 ⁶¹

2508 4364 2665 4417 τοῦτο
2690 4366 2717 4416 ὁ
2742 4363 3043 4432 θαυμάσιος
3064 4357 3218 4426 οὗτος
3252 4365 3535 4434 Μακάριος
3561 4365 3857 4434 διηγήσατο
3878 4367 4076 4433 λέγων·

2508 4457 2588 4507 ὅτι
2623 4457 2680 4506 ἐν
2725 4454 2802 4523 τῷ
2844 4455 3180 4523 λειτουργεῖν
3232 4471 3298 4523 με
3331 4455 3763 4525 ἐπεσημηνάμην
3792 4456 3902 4523 ἐγὼ
3935 4460 4080 4512 κατὰ

841 4546 1158 4599 tributionis
1208 4546 1587 4615 mysteriorum
1661 4546 1862 4601 Christi
1927 4562 2027 4616 ego
2081 4546 2402 4611 observavi,
2440 4537 2529 4598 D'z

2388 4591 2402 4611 ,
2440 4537 2479 4588 ῧ
2508 4548 2598 4598 τὸν
2626 4546 2813 4617 καιρὸν
2856 4546 2955 4613 τῆς
2995 4544 3283 4606 διαδόσεως
3312 4545 3422 4597 τῶν
3450 4545 3543 4597 τοῦ
3585 4547 3819 4616 Χριστοῦ
3865 4566 4076 4620 μυστη-

840 4637 1023 4690 Ilarco
1038 4637 1384 4691 exercitatori
1402 4652 1677 4707 nunquam
1708 4653 1793 4690 me
1812 4636 2030 4691 dedisse
2053 4637 2402 4699 oblationem,

842 4728 937 4782 sed
978 4729 1202 4797 angelus
1252 4729 1301 4782 ei
1352 4728 1517 4782 dabat
1564 4729 1632 4783 de
1685 4730 1872 4786 altari.
1916 4728 2029 4796 Ego
2070 4744 2198 4781 vero
2230 4729 2403 4782 solum

843 4821 1181 4888 splendorem
1238 4836 1431 4875 manus
1485 4822 1593 4874 vidi
1642 4822 1780 4891 ejus,
1831 4824 1923 4891 qui
1981 4823 2028 4875 ei
2077 4822 2405 4875 oblationem

2509 4639 2659 4709 ρίων.
2710 4640 2793 4691 ἔτι
2843 4638 3055 4705 Μάρκῳ
3115 4637 3193 4706 τῷ
3231 4638 3441 4707 άσκητῇ
3495 4637 3750 4690 οὐδέποτε
3801 4638 3977 4692 ἔδωκα
4031 4643 4077 4672 ⁸⁸

2511 4728 2622 4792 ἐγὼ
2653 4730 2695 4759 ⁸⁸
2731 4728 3071 4799 προσφοράν,
3101 4728 3216 4781 ἀλλ’
3258 4730 3488 4796 ἄγγελος
3529 4732 3676 4801 αὐτῷ
3703 4733 3855 4785 ὲδίδω
3881 4734 3927 4764 ⁷⁸
3967 4735 4079 4787 ἀπὸ

2506 4820 2599 4871 τοῦ
2636 4819 3022 4889 θυσιαστηρίου
3052 4819 3366 4879 λαμϐάνων.
3393 4821 3502 4887 ἐγὼ
3533 4823 3587 4875 δὲ
3613 4824 3704 4875 τὸν
3729 4825 4081 4893 ἀστράγαλον

2107 5046 2358 5101 VARIAE
2402 5043 2804 5098 LECTIONES.

907 5218 947 5286 ἐι
980 5214 1020 5266 Β
1072 5217 1635 5293 χαίρων,νδοξάζων.ῌ
1685 5221 1729 5252 δ’
1769 5222 1856 5273 ΑΒ
1906 5222 2119 5293 πάλλιν,
2148 5237 2227 5277 διο
2271 5234 2385 5278 lere
2440 5225 2657 5293 ubique.
2737 5224 2846 5275 ⁶³Β
2874 5222 3033 5288 παῖς.

3124 5224 3169 5255 ⁸⁵
3202 5228 3233 5277 ό
3260 5225 3427 5290 ἅγιος
3471 5240 3580 5279 om.
3616 5226 3676 5277 B.
3750 5227 3796 5257 "
3833 5225 3938 5279 Pro
3966 5228 4075 5290 ἕως

836 5281 1021 5363 δῦνε-τ
1071 5281 1566 5363 κρέμαρνβῆνιξιΒ
1613 5288 1715 5351 ἕως
1775 5292 1961 5363 ριύῌτὸλν
1993 5281 2114 5363 -είς⁷
2145 5293 2325 5363 ἀέραγ
2352 5281 2755 5361 κρεμαάθῆναι
2814 5281 3118 5359 ἐποίησεν.
3190 5294 3235 5324 ⁵⁸
3282 5281 3471 5355 (ξω-πῖ..
3537 5294 3624 5346 ΑΒ
3677 5281 4069 5363 ὑπερμεγέθηί

841 5353 955 5429 ξ’-Β
981 5356 1216 5429 ώγοκώθη
1239 5357 1357 5429 ὅλῳ
1388 5357 1465 5429 τῷ
1491 5357 1732 5429 σώματι,
1774 5361 1817 5391 ⁸⁸
1840 5361 1879 5410 Β
1905 5353 2223 5429 ἐξένεγνιε.⁷
2240 5364 2281 5397 ⁴⁹
2311 5353 2558 5425 Emend“
2584 5353 2723 5429 Α’γέ

2733 5380 2885 5430 rore,
2910 5363 2951 5414 Β
2969 5364 3253 5430 κατέστη.
3303 5364 3349 5393 ⁸⁸
3373 5364 3518 5431 ἁγίῳ
3547 5379 3655 5417 om.
3677 5366 3736 5417 Β.
3808 5366 3851 5395 ⁸¹
3882 5364 4070 5423 Corn.

839 5424 926 5475 ΔΒ
952 5427 1399 5499 ερλογῖειέιένον.-
1457 5428 1513 5499 ⁵⁸7
1543 5428 1646 5499 Pro
1682 5430 1932 5499 ἐπιχέων
1989 5424 2390 5495 παραδίδωσιν
2420 5433 2458 5482 Β
2498 5424 2746 5499 ἐπιχέας(
2795 5424 3230 5495 παραδέδωκεν.
3306 5432 3351 5463 ⁵³
3380 5424 3496 5485 καί
3518 5434 3703 5497 οὕτως
3751 5463 3819 5472 -
3845 5436 4075 5499 αὐτοὺς

840 5509 948 5565 om.
992 5494 1050 5547 Β.
1120 5496 1163 5524 ⁸⁴
1198 5494 1456 5557 Emend.,
1491 5498 1577 5548 AB
1628 5494 1865 5565 ἐγήργλη.

838 5560 1149 5633 δύνασθαι.
1227 5565 1271 5594 ⁶⁰
1299 5565 1547 5627 Emend.,
1590 5568 1676 5617 ΛΒ
1719 5560 2083 5633 ἱὶάιὶλεύτως.

840 5648 989 5705 τηᾳε
1024 5632 1099 5705 δὲ
1134 5634 1340 5705 τούτῳ.
1376 5636 1457 5705 ᾉ⁶⁵
1550 5639 1580 5687 ό
1612 5637 1909 5705 ἀντιοχεύς.

840 5702 1109 5775 Scripsit;
1152 5703 1399 5775 περὶτοῦ
1442 5704 1652 5775 μάρκου
1700 5702 1793 5756 τοῦ
1839 5708 2098 5775 ἁσκητοῦ.

1941 5501 1986 5530 ⁸⁵
2025 5502 2114 5553 Sic
2157 5502 2261 5551 ΑΒ.
2334 5503 2378 5531 ⁸⁸
2411 5503 2452 5551 Β
2491 5504 2587 5553 καὶ
2626 5502 2771 5566 τούς.

2848 5503 2891 5532 ⁸⁷
2921 5504 2964 5554 Δ
3011 5504 3318 5569 σύραντες.
3385 5503 3494 5554 ⁸³Α
3550 5502 3861 5555 δύνασθαι.
3940 5504 3984 5537 ⁵⁸
4028 5508 4074 5557 Α

2163 5571 2200 5600 ⁶¹
2234 5574 2265 5623 ό
2299 5570 2462 5637 ἅγιος
2501 5586 2610 5623 om.
2647 5570 2704 5623 Β.
2783 5572 2827 5601 ⁸³
2864 5572 2960 5623 καὶ
2997 5586 3104 5623 om.
3141 5573 3203 5623 A.
3284 5572 3326 5602 ⁸³
3363 5571 3404 5623 Β
3436 5573 3605 5639 διῄει.
3686 5572 3730 5603 ⁸⁸
3762 5570 3803 5623 Β
3836 5572 4072 5636 συν-ἠν-

1987 5638 2102 5712 “_A
2136 5640 2307 5712 literis
2341 5641 2583 5712 miniatis
2612 5640 2677 5712 ad
2703 5642 3022 5712 marginem
3073 5640 3364 5712 adscripsit
3399 5641 3583 5712 τίπερὶ
3624 5642 3861 5712 μάρκου,
3911 5641 3953 5693 Β
3983 5644 4072 5712 in_-

2176 5710 2217 5738 “'
2250 5711 2292 5761 A
2323 5710 2580 5779 περὶτοῦ
2612 5710 2781 5777 ἁγίου
2816 5710 3033 5779 ταύτου
3063 5710 3294 5776 μάρκου
3346 5711 3450 5764 τοῦ
3494 5710 3760 5779 μεγάλου
3794 5710 4070 5779 damma?

838 5768 1194 5838 παράδοξον.
1227 5768 1237 5772 ’
1273 5773 1316 5803 ⁸⁸
1352 5775 1392 5824 Β
1433 5768 1674 5827 δέδωκα.
1756 5778 1797 5806 δ’
1837 5776 1947 5843 ἐγὼ
1972 5768 2094 5831 ὐιη.
2141 5777 2199 5831 Β.
2280 5779 2324 5809 ⁷⁸
2354 5768 2535 5846 Corn,
2563 5768 2820 5833 ΑΒάὐτὸ
2847 5768 3067 5831 ἐδίδου.
