4274 6358
253 395 361 453 ιθτ

1799 391 2000 446 ACTA.

3367 389 3470 443 198

253 515 412 585 μόνον
435 513 534 581 τῆς
566 510 747 581 χειρὸς
774 509 1039 581 ἐθεώρουν
1063 510 1157 563 τοῦ
1183 512 1506 577 ἐπιδιδόντος
1539 514 1685 584 αὐτῷ
1708 516 1805 583 τὴν
1839 523 1879 574 Α
1908 515 1938 567 d

1781 532 1805 567 ν
1839 523 1879 574 Α
1908 514 2091 567 dabat.
2146 511 2239 565 llic
2275 525 2400 565 vero
2427 509 2642 563 Marcus
2688 523 2853 579 quum
2896 507 3084 578 junior
3113 517 3277 574 esset,
3315 522 3469 568 vetns

241 602 547 657 κοινωνίαν.
577 596 728 664 οὗτος
749 602 805 653 δὲ
828 602 856 653 6
876 600 1100 669 Μάρκος
1127 603 1171 633 τί
1202 604 1461 673 νεώτερος
1494 603 1569 657 ὢν
1598 605 1665 635 τι·
1697 621 1803 657 πα,

240 695 400 747 λαιὰν
424 693 517 747 καὶ
539 694 730 763 καινὴν
756 696 976 765 γραφὴν
995 695 1364 765 ἀπεστήθισεν
1397 698 1571 765 πρᾶος
1588 697 1661 749 ὢν
1681 698 1802 750 καθ’

242 787 568 856 ὑπερϐολήν,
598 788 757 853 ἁγνὸς
776 787 832 838 δὲ
868 788 918 839 ει
957 789 1051 841 καί
1080 805 1162 850 τις
1187 788 1365 852 ἄλλος.

311 879 457 937 Μιᾶς
494 878 550 929 δὲ
579 879 686 929 τῶν
728 878 952 948 ἡμερῶν
997 880 1354 949 καιρούμενος
1392 882 1436 911 ⁷⁸
1476 879 1584 948 ἐγὼ
1625 883 1703 944 είς
1743 882 1804 933 τὸ

241 970 470 1038 ἔσχατον
498 968 662 1021 αὐτοῦ
699 969 876 1040 γῆρας
903 970 1088 1023 λοιπὸν
1117 971 1426 1041 ἀπέρχομαι
1459 973 1590 1042 πρὸς
1620 973 1798 1026 αὐτόν.

241 1059 337 1110 καὶ
373 1058 826 1128 παρακαθέζομαι
870 1063 935 1130 τῇ
966 1059 1105 1131 θύρᾳ
1154 1062 1250 1131 τῆς
1280 1062 1473 1132 κέλλης
1503 1064 1687 1128 αὑτοῦ,
1729 1065 1803 1126 ώς

240 1150 337 1203 ᾶτε
381 1151 491 1218 ἐγὼ
517 1153 780 1222 ἀρχάριος
809 1154 856 1183 ⁷³
886 1153 961 1205 ὢν
991 1154 1226 1222 νομίζων
1252 1156 1297 1185 ⁷⁵
1325 1156 1486 1209 αὑτὸν
1527 1158 1666 1227 ὑπὲρ
1712 1159 1804 1211 ἀν-

242 1244 462 1314 θρωπον
490 1241 650 1307 εἶναι,
690 1244 878 1316 ὥσπερ
905 1246 998 1297 καὶ
1039 1241 1126 1315 ἦν,
1159 1248 1251 1299 καὶ
1280 1247 1594 1319 ἠκροώμην,
1615 1249 1667 1301 τί
1698 1250 1803 1317 ἄρα

240 1333 451 1403 λαλεῖῆ
496 1335 546 1386 τί
590 1336 913 1406 διαπράττει
958 1336 1024 1387 ⁷⁸.
1062 1337 1154 1389 καί
1198 1336 1507 1405 μονώτατος
1552 1339 1625 1391 ὢν
1658 1340 1803 1391 ἔνδον

241 1426 369 1492 περὶ
422 1426 488 1476 τὰ
534 1427 730 1479 έκατὸν
773 1427 865 1495 ἔτη
902 1428 1100 1488 ἐλάσας
1147 1427 1246 1497 ἤδη
1295 1429 1387 1479 καὶ
1431 1432 1556 1492 τοὺς
1588 1430 1803 1493 ὀδόντας

240 1515 515 1578 ἀπολέσας
545 1517 720 1585 ἑαυτῴ
740 1517 1026 1586 διεμάχετο
1051 1518 1141 1569 καὶ
1164 1518 1241 1586 τῷ
1270 1518 1517 1588 διαϐόλῳ,
1545 1518 1716 1585 λέγων
1734 1521 1799 1550 ⁷⁸·

240 1604 291 1653 τί
332 1604 506 1667 Θέλεις
541 1606 758 1671 λοιπόν,
802 1608 1114 1677 κακόγηρε;
1160 1608 1267 1660 ἰδοὺ
1310 1610 1403 1661 καὶ
1439 1609 1581 1661 οἴνου
1616 1609 1801 1674 ἔλαϐες

240 1698 333 1748 καὶ
358 1698 540 1750 ἐλαίου
568 1699 711 1767 ἥψω.
747 1700 933 1752 λοιπὸν
964 1701 1015 1751 τί
1044 1699 1220 1763 Θέλεις
1246 1702 1291 1732 ⁷⁷
1322 1703 1531 1772 ποιήσω
1555 1720 1666 1767 σοι,
1704 1718 1802 1755 πο-

237 1788 497 1856 λιοςράγε,
551 1791 872 1843 κοιλιόδουλε
927 1792 1115 1843 ἐαυτὸν
1179 1791 1510 1862 ἐξυϐρίζωνς
1557 1788 1674 1845 εἶτα
1724 1793 1800 1863 τῷ

236 1880 486 1949 δαίμονι·
522 1882 745 1945 ἄπελθε,
777 1884 970 1951 λέγων,
1003 1886 1095 1937 ἀπ’
1132 1882 1266 1952 ἐμοῦ
1294 1885 1360 1948 ⁷⁸,
1400 1884 1609 1937 διάϐολε
1669 1902 1798 1954 συγ-

238 1974 563 2042 γεγήρακάς
607 1992 697 2043 μοι
736 1978 792 2027 ἐν
840 1975 1201 2046 ἀδιαφορίαις,
1241 1976 1523 2028 ἀσθένειάν
1568 1993 1655 2045 μοι
1703 1975 1795 2027 τοῦ

236 2063 490 2135 σώματος
515 2066 824 2135 ἐπιῤῥίψας.
862 2067 1001 2119 οἴνου
1027 2083 1091 2136 με
1121 2068 1163 2098 ¹¹⁹
1191 2068 1450 2136 ἐποίησας
1478 2065 1798 2136 μεταλαϐεῖν

235 2158 329 2209 καὶ¹
384 2158 589 2218 ἐλαίου,
632 2158 913 2227 φιλήδονόν
967 2176 1031 2228 με
1085 2160 1557 2230 ἀπεργασάμενος.
1621 2158 1695 2229 μὴ
1751 2159 1797 2195 ⁸ο

232 2251 420 2319 ἀκμήν
462 2250 545 2302 σοί
574 2268 628 2302 τι
672 2249 959 2320 χρεωστῶ;
1012 2250 1162 2301 οὐδὲν
1200 2251 1473 2319 εὑρίσκεις
1510 2250 1568 2301 ἐν
1610 2248 1731 2319 ἐμοὶ⁹
1768 2250 1798 2303 ὃ

235 2343 412 2407 θέλεις
461 2343 692 2412 συλῆσαι
734 2343 799 2397 ⁸⁸,
835 2342 1036 2395 ἄπελθε
1070 2341 1253 2394 λοιπὸν
1284 2343 1380 2395 ἀπ’
1416 2341 1572 2411 ἐμοῦ,
1600 2342 1797 2413 μισάν-

235 2435 444 2505 θρωπε.
490 2437 583 2488 καὶ
616 2435 691 2497 ώς
749 2434 1011 2507 στερίζων
1062 2434 1237 2505 ἐαυτῷ
1286 2434 1583 2502 διελέγετο·
1637 2434 1799 2505 δεῦρο

235 2527 441 2589 λοιπόν,
473 2529 627 2597 λῆρε,
664 2529 981 2597 πολιοφάγε,
1028 2529 1331 2598 φαγόγηρε,
1378 2527 1481 2591 ἕως
1516 2528 1644 2581 πότε
1679 2526 1798 2579 ἐσο-

239 2636 337 2670 μαι
372 2619 509 2687 μετὰ
538 2619 630 2671 σοῦ
653 2636 667 2683 ;

306 2712 614 2780 Διηγήσατο
643 2713 685 2743 ³³
725 2712 780 2763 δὲ
813 2713 942 2781 ἡμῖν
978 2712 1070 2762 καὶ
1097 2712 1124 2763 6
1150 2709 1335 2773 δοῦλος
1368 2711 1461 2763 τοῦ
1490 2711 1727 2782 Χριστοῦ
1752 2711 1797 2741 ⁸³

237 2802 575 2868 Παφνούτιος
615 2804 642 2853 ὁ
679 2803 771 2853 τοῦ
805 2803 1051 2870 γενναίου
1082 2803 1129 2832 ⁸⁸
1172 2802 1360 2855 τούτου
1399 2803 1661 2873 μαθητής,
1717 2805 1797 2856 ὅτι

240 2895 371 2962 μιᾶς
399 2893 509 2945 τῶν
557 2894 782 2964 ἡμερῶν
821 2892 1185 2962 καθεζομένου
1218 2893 1310 2945 τοῦ
1340 2895 1623 2963 Μακαρίου
1652 2897 1696 2925 ⁸⁸
1724 2897 1799 2948 οἵ·

237 3000 336 3034 κου
386 2982 434 3012 “
479 2984 537 3033 ἐν
584 2985 649 3051 τῇ
698 2981 852 3051 αὐλῇ,
917 2981 1011 3034 καὶ
1059 2981 1136 3050 τῷ
1174 2980 1291 3051 Θεῷ
1351 2982 1799 3051 προσομιλοῦντος

236 3074 399 3128 ὓαινα
428 3074 662 3125 λαϐοῦσα
696 3074 786 3126 τὸν
834 3073 1033 3141 ἑαυτῆς
1070 3072 1307 3141 σκύμνον
1356 3074 1397 3103 ⁸⁷
1433 3074 1628 3140 τυφλὸν
1670 3075 1797 3126 ὄντα

1906 617 1959 658 et
1989 619 2187 659 novum
2240 609 2623 656 testamentum
2662 601 2974 654 memoriter
3012 600 3225 666 didicit,
3260 602 3470 672 fuitque

1907 696 2193 765 insigniter
2223 695 2371 749 mitis
2406 701 2571 763 atque
2604 703 2810 757 castus,
2860 694 2906 747 si
2941 696 3062 762 quis
3092 696 3254 749 alius.

1974 874 2215 939 Quodam
2250 875 2335 928 die
2362 890 2528 943 quum
2566 876 2733 927 otium
2784 876 2915 928 mihi
2965 887 3127 940 esset,
3158 878 3222 930 ad
3250 894 3371 934 eum
3410 880 3465 934 in

1903 977 2143 1020 extrema
2182 967 2301 1032 ejus
2338 976 2618 1021 senectute
2656 968 2888 1035 perrexi.
2920 968 3088 1032 Quem
3120 985 3286 1038 quum
3344 987 3464 1039 ego,

1905 1066 2091 1126 utpote
2119 1059 2209 1126 qui
2240 1060 2389 1113 rudis
2414 1076 2612 1122 essem,
2632 1075 2796 1128 supra
2828 1060 3098 1113 hominem
3130 1078 3250 1115 esse
3280 1063 3469 1117 existi—

1903 1163 2126 1212 marem,
2165 1159 2221 1201 ut
2249 1152 2405 1203 etiam
2432 1151 2554 1213 fuit,
2586 1153 2730 1205 ostio
2766 1154 2934 1206 cellae
2966 1154 3139 1221 ipsius
3171 1154 3356 1208 adsedi
3387 1166 3463 1219 et,

1903 1240 2032 1309 quid
2062 1241 2375 1309 loqueretur
2404 1245 2485 1296 vel
2516 1252 2720 1313 ageret,
2757 1246 3079 1303 auscultavi.
3115 1246 3273 1300 Solus
3303 1248 3468 1315 igitur

1904 1333 2049 1386 intus
2075 1349 2238 1402 quum
2289 1335 2399 1402 jam
2436 1348 2655 1389 centum
2690 1338 2801 1391 fere
2849 1354 3020 1392 annos
3057 1339 3297 1397 haberet,
3338 1340 3468 1392 den-

1905 1434 2093 1494 tesque
2134 1428 2429 1491 amisisset,
2462 1444 2645 1482 secum
2690 1441 2742 1483 et
2788 1446 2911 1483 cum
2946 1431 3163 1484 diabolo
3207 1434 3470 1499 pugnavit

1902 1533 1966 1570 ac
2001 1536 2010 1568 :
2047 1516 2183 1581 Quid
2223 1520 2461 1580 tandem,
2496 1520 2693 1587 inquit,
2726 1521 2832 1583 vis,
2865 1523 3005 1575 male
3046 1524 3240 1575 senex!
3279 1522 3357 1575 En
3389 1526 3469 1575 vi-

1903 1619 2031 1655 num
2057 1604 2239 1658 bibisti
2267 1614 2321 1660 et
2348 1607 2526 1659 oleum
2555 1610 2801 1677 tetigisti.
2840 1611 2977 1675 Quid
3009 1612 3089 1664 vis
3113 1612 3342 1679 amplius
3370 1614 3462 1665 tibi

1903 1694 2118 1760 faciam,
2169 1712 2338 1751 vorax
2390 1698 2445 1751 in
2488 1701 2709 1759 canitie,
2762 1704 3004 1755 serviens
3046 1704 3258 1755 ventri?
3298 1702 3373 1755 Ita
3408 1720 3467 1759 sc

1901 1789 2018 1858 ipse
2046 1790 2388 1844 contumeliis
2420 1792 2723 1857 castigavit.
2746 1791 2967 1847 Diabolo
2996 1802 3172 1847 autem
3198 1812 3209 1846 :
3232 1793 3464 1859 Recede,

1902 1880 2096 1948 inquit,
2117 1896 2145 1933 a
2167 1897 2270 1947 me,
2290 1881 2518 1935 diabolo.
2545 1882 2895 1937 Consenuisti
2915 1901 3124 1939 mecum
3152 1888 3202 1939 in
3221 1887 3459 1956 pigritia.

1899 1970 2268 2026 Inﬁrmitatem
2288 1976 2530 2043 corporis
2554 1976 2686 2028 mihi
2711 1975 2977 2029 inllixisti.
2999 1977 3189 2031 Vinum
3209 1987 3262 2031 et
3285 1980 3462 2033 oleum

1898 2077 1984 2117 me
2017 2063 2178 2134 263
2208 2067 2488 2133 percipere
2523 2066 2723 2123 fecisti.
2758 2068 3133 2138 Voluptarium
3170 2087 3256 2126 me
3290 2072 3463 2127 reddi-

1898 2153 2046 2208 disti.
2080 2156 2215 2221 Quid
2247 2158 2344 2211 tibi
2374 2160 2595 2229 insuper
2617 2161 2821 2216 debeo?
2849 2163 2991 2217 Nihil
3028 2165 3237 2219 invenis
3274 2168 3326 2219 in
3354 2181 3460 2229 me,

1897 2245 2042 2314 quod
2080 2247 2326 2316 deripere
2356 2251 2507 2306 velis.
2536 2250 2744 2307 Recede
2769 2269 2896 2324 ergo
2920 2271 2949 2308 a
2972 2271 3076 2320 me,
3108 2257 3327 2311 inimice
3361 2257 3461 2311 ho—

1898 2338 2127 2392 minum.
2154 2339 2232 2393 Ac
2254 2341 2416 2394 veluti
2451 2343 2587 2396 latro
2626 2345 2730 2397 sibi
2779 2345 2934 2413 ipse:
2962 2348 3227 2417 Agedum,
3261 2349 3458 2419 inquit,

1897 2442 2150 2497 nugator,
2184 2430 2239 2482 in
2271 2432 2470 2485 canitie
2500 2444 2743 2498 vorator,
2776 2443 2829 2489 et
2851 2436 2906 2488 in
2932 2435 3248 2492 heluatione
3269 2454 3456 2493 senex.

1897 2520 2167 2584 Quamdiu
2199 2522 2359 2577 etiam
2388 2535 2565 2578 tecum
2596 2526 2724 2580 ero?

1967 2702 2305 2771 Paphnutius
2351 2718 2567 2774 quoque
2609 2704 2813 2761 Christi
2864 2722 3057 2762 servus
3089 2713 3143 2761 et
3195 2709 3459 2777 praeclari

1899 2796 2062 2864 hujus
2080 2796 2180 2848 viri
2210 2796 2512 2866 discipulus
2539 2798 2672 2851 haec
2700 2798 2857 2853 nobis
2888 2800 3157 2853 narravit:
3191 2801 3457 2866 Quodam,

1899 2888 2094 2955 inquit,
2128 2887 2233 2949 die,
2286 2904 2451 2956 quum
2490 2888 2759 2942 Macarius
2786 2890 2932 2943 domi
2978 2890 3032 2943 in
3064 2892 3186 2945 aula
3227 2894 3459 2955 sederet,

1898 2990 1950 3032 et
1983 2980 2221 3033 animum
2254 2979 2364 3033 Deo
2390 2982 2655 3035 intentum
2687 2982 2931 3044 haberet,
2965 2983 3172 3054 hyaena
3219 2986 3458 3039 catulum

1898 3084 2116 3123 caecum
2148 3086 2304 3123 suum
2338 3072 2541 3135 attulit,
2576 3079 2627 3125 et
2654 3073 2796 3126 ostio
2838 3074 2994 3126 aulae
3024 3074 3200 3142 capite
3247 3076 3462 3144 pulsato

233 3168 454 3235 ἡνεγκε,
489 3165 686 3235 καὶτῷ
715 3164 932 3235 θυριδίῳ
953 3166 1051 3233 τῆς
1086 3164 1255 3232 αὐλῆς
1288 3164 1563 3234 κρούσασα
1599 3168 1664 3235 τῇ
1707 3183 1797 3217 κε-
1825 3178 1866 3235 c
1902 3160 1915 3213 i

1774 3196 1797 3205 -
1825 3178 1866 3235 c
1902 3160 2145 3230 ingressa
2179 3172 2280 3220 est,
2320 3162 2411 3215 illo
2442 3163 2604 3215 etiam
2646 3164 2896 3217 sedente.
2929 3164 3099 3232 Cujus
3146 3174 3271 3219 ante
3297 3168 3459 3234 pedes

234 3259 380 3327 φαλῇ
430 3258 673 3327 εἰσῆλθεν
727 3258 805 3311 ἔτι
862 3257 1025 3310 αὐτοῦ
1083 3258 1198 3308 ἐκεῖ
1252 3256 1643 3326 καθεζομένου.
1702 3259 1799 3310 καὶ

236 3351 418 3417 ῥίπτει
449 3349 610 3401 αὑτὸν
634 3349 737 3401 ὑπὸ
759 3349 882 3411 τοὺς
916 3348 1081 3410 πόδας
1111 3347 1272 3399 αὑτοῦ
1294 3366 1306 3377 ·
1338 3347 1523 3400 τοῦτον
1548 3350 1638 3400 τὸν
1666 3348 1799 3400 σκύ-

238 3458 371 3507 μνον
403 3439 580 3491 λαϐὼν
615 3442 642 3492 6
672 3440 824 3505 ἆγιος
847 3439 1129 3507 Μακάριος
1155 3439 1199 3470 ⁸⁸
1235 3439 1327 3492 καὶ
1362 3439 1666 3502 ἐπιπτύσας
1688 3442 1801 3502 τοῖς

234 3531 531 3600 ὀφθαλμοῖς
580 3530 743 3583 αὑτοῦ
793 3530 1065 3598 ἐπηύξατο
1095 3570 1111 3593 ,
1172 3531 1264 3583 καὶ
1316 3531 1656 3600 παραχρῆμα
1709 3531 1802 3581 ἀν-

235 3620 452 3688 έϐλεψε,
476 3621 569 3673 καὶ
593 3619 900 3688 θηλάσαντα
922 3620 1085 3671 αὐτὸν
1108 3620 1151 3649 ⁸⁸
1175 3618 1332 3672 ὖαινα
1352 3618 1582 3687 ἀπῆλθε.
1612 3620 1702 3672 καὶ
1730 3621 1796 3688 τῇ

236 3712 364 3780 ἑξῆς
402 3711 587 3780 ἡμέρᾳ
633 3711 823 3763 κώδιον
874 3712 1105 3780 μεγάλου
1164 3711 1433 3780 προϐάτου
1485 3712 1680 3781 ἤνεγκε
1724 3710 1801 3779 τῷ

237 3802 379 3869 ἁγίῳ
415 3801 683 3871 Μακαρίῳ
716 3802 790 3831 ⁹⁰·
826 3802 960 3871 ὅπερ
1016 3800 1207 3853 κώδιον
1237 3802 1396 3863 αὐτὸς
1435 3802 1687 3853 κατέλιπε
1724 3800 1802 3869 τῷ

234 3888 376 3955 ἁγίῳ
437 3888 733 3957 ’Λθανασίῳ
782 3890 859 3957 τῷ
909 3891 1211 3959 ὲπισκόπῳ.
1256 3892 1411 3959 καὶὴ
1461 3890 1705 3961 μακαρία
1747 3891 1802 3942 δὲ

236 3980 456 4047 Μελάνη
494 3976 613 4031 εἶπέ
666 3998 788 4050 μοι⁹
825 3981 905 4032 ὅτι
950 3982 1099 4049 παρὰ
1145 3980 1237 4032 τοῦ
1282 3981 1435 4047 ἁγίου
1480 3981 1794 4033 Ἀθανασίου

238 4071 415 4121 ἐκεῖνο
448 4071 505 4121 τὸ
535 4070 724 4123 κώδιον
758 4071 947 4122 ἔλαϐον
977 4074 1019 4102 ⁹¹
1057 4112 1069 4132 ,
1102 4070 1273 4134 ξένιον
1298 4071 1395 4139 τῆς
1426 4071 1613 4139 ὑαίνης
1643 4072 1796 4140 λεγό-

1895 3268 2016 3306 eum
2046 3252 2289 3321 projecit.
2315 3252 2547 3307 Sanctus
2570 3253 2732 3321 igitur
2748 3252 3015 3309 Macarius
3032 3271 3195 3323 quum
3222 3259 3457 3309 catulum

1898 3342 2219 3409 accepisset,
2272 3340 2497 3409 ejusque
2547 3342 2601 3394 in
2637 3342 2828 3397 oculos
2868 3343 3125 3411 spuisset,
3162 3345 3360 3408 oravit,
3406 3355 3461 3397 et

1897 3432 2077 3484 statim
2110 3432 2323 3485 catulus
2366 3432 2517 3486 vidit.
2550 3432 2719 3498 Quem
2750 3449 2916 3503 quum
2952 3435 3225 3498 lactasset,
3254 3438 3459 3507 hyaena

1898 3522 2047 3574 abiit.
2070 3521 2163 3575 Die
2197 3530 2374 3577 autem
2408 3525 2652 3592 sequenti
2672 3526 2863 3593 pellem
2884 3540 3109 3595 magnae
3134 3530 3252 3582 ovis
3272 3540 3461 3583 sancto

1897 3611 2076 3666 Marco
2102 3615 2298 3676 attulit,
2328 3630 2489 3683 quam
2524 3616 2741 3683 quidem
2768 3618 2959 3686 pellem
2991 3619 3035 3673 is
3069 3629 3261 3674 sancto
3294 3621 3462 3673 Atha-

1898 3708 2053 3767 nasio
2079 3707 2331 3775 episcopo
2363 3708 2600 3776 reliquit;
2637 3708 2794 3762 beata
2842 3718 3021 3763 autem
3058 3711 3285 3765 Melania
3328 3713 3460 3765 mihi

1898 3798 2055 3859 dixit,
2099 3812 2160 3851 se
2203 3813 2233 3851 a
2279 3808 2464 3852 sancto
2506 3798 2808 3854 Athanasio
2857 3800 3004 3854 illam
3062 3804 3277 3871 pellem,
3324 3820 3464 3871 quae

1900 3903 2099 3940 munus
2127 3888 2365 3957 hyaenae
2414 3890 2809 3958 appellabatur,
2855 3892 3152 3960 accepisse.
3184 3890 3239 3944 ld
3282 3902 3461 3947 autem

1901 3977 2162 4030 Dominus
2192 3978 2336 4043 fecit,
2363 3990 2416 4031 ut
2438 3981 2734 4048 gloriosum
2766 3982 3012 4035 redderet
3041 3998 3253 4037 servum
3281 4000 3460 4049 suum,

1901 4070 2042 4123 sicut
2071 4071 2231 4123 etiam
2267 4071 2316 4122 in
2349 4070 2460 4122 Elia
2487 4080 2537 4123 et
2570 4072 2622 4123 in
2652 4072 2867 4126 Daniele
2896 4073 3039 4127 fecit.

239 4179 401 4230 μενον
432 4165 496 4215 ’³.
526 4162 684 4213 τοῦτο
715 4163 822 4230 γάρ
853 4162 1149 4230 πεποίηκεν
1172 4164 1199 4214 6
1247 4160 1454 4231 κύριος,
1505 4160 1643 4213 ὥστε
1700 4163 1916 4228 δοξάσαι
1977 4163 2066 4215 τὸν
2103 4162 2283 4216 δοῦλον
2339 4163 2523 4228 αὑτοῦ,
2581 4164 2656 4226 ώς
2691 4166 2783 4217 καὶ
2827 4166 2920 4218 ἐπὶ
2950 4167 3043 4219 τοῦ
3096 4168 3274 4221 Ἡλίου
3298 4168 3344 4201 ³³
3373 4172 3465 4222 καὶ

234 4251 330 4306 τοῦ
368 4253 563 4321 Δανιὴλ
594 4252 910 4321 πεποίηκεν.

321 4346 567 4411 Ἐλέγετο
613 4345 669 4396 δὲ
699 4346 744 4375 ’⁸
785 4346 913 4415 περὶ
946 4344 1109 4395 αὑτοῦ
1140 4344 1233 4395 τοῦ
1267 4345 1311 4375 ⁸⁵
1345 4342 1522 4411 ἁγίου,
1558 4345 1661 4403 ὅτι,
1705 4346 1796 4413 ἀφ’
1830 4350 1872 4403 D
1974 4345 2009 4396 D

1772 4346 1796 4391 ›’
1830 4350 1872 4403 ι)
1974 4345 2262 4398 Dicebatur
2316 4343 2405 4396 hic
2448 4354 2693 4406 sanctus,
2723 4359 2787 4397 ex
2829 4360 2937 4413 quo
2971 4345 3274 4411 baptizatus
3296 4356 3460 4413 esset,

233 4428 297 4489 οὗ
347 4434 671 4504 ἐϐαπτίσθη,
706 4435 805 4487 οὐκ
857 4435 1053 4486 ἕπτυσε
1100 4436 1146 4465 ⁸⁸
1192 4434 1365 4503 χαμαὶ
1398 4435 1489 4485 ἐπὶ
1538 4434 1799 4504 ἐξήκοντα

236 4528 354 4596 ἔτη.
393 4526 929 4593 τεσσαρακονταετὴς
976 4524 1083 4594 γὰρ
1113 4523 1414 4593 ἐϐαπτίσθη
1448 4525 1511 4576 ’⁷.
1551 4520 1619 4593 ἦν
1647 4525 1703 4577 δὲ
1738 4526 1801 4576 τὸ

236 4614 377 4679 εἶδος
407 4617 505 4687 τῆς
547 4617 711 4669 αὑτοῦ
756 4617 799 4648 ⁸⁸
839 4616 1053 4686 ἡλικίας
1100 4614 1447 4677 ὑποκόλοϐον,
1493 4616 1697 4666 σπανὸν
1733 4618 1798 4680 ’9,

238 4709 332 4760 ἐπὶ
361 4706 452 4759 τοῦ
483 4706 693 4775 χείλους
724 4707 880 4773 μόνον
910 4706 1029 4774 ἕχον
1061 4706 1269 4775 τρίχας,
1303 4705 1395 4756 καὶ
1434 4708 1512 4767 εἰς
1538 4706 1599 4757 τὸ
1636 4706 1803 4775 ἄκρον

235 4802 294 4855 δὲ
325 4800 418 4853 τοῦ
455 4800 661 4867 γενείου
688 4796 832 4868 εἶχεν
877 4799 1090 4865 ὀλίγαςο
1128 4797 1397 4865 ὑπερϐολῇ
1446 4797 1553 4867 γὰρ
1585 4800 1805 4868 ἀσκητι-

240 4893 355 4944 κῶν
386 4892 562 4943 πόνων
588 4891 708 4943 οὐδὲ
745 4893 799 4942 αἱ
839 4891 1019 4959 τρίχες
1050 4889 1147 4957 τῆς
1191 4887 1462 4955 γενειάδος
1500 4888 1664 4941 αὑτοῦ
1721 4890 1806 4953 ἐξ·

240 4975 466 5029 ἐφυσαν.

1908 4435 2057 4488 humi
2088 4450 2191 4487 non
2217 4434 2432 4501 spuisse
2459 4449 2552 4502 per
2584 4435 2863 4502 sexaginta
2887 4451 3081 4489 annos.
3106 4439 3296 4492 Annos
3317 4439 3462 4491 enim

1907 4526 2265 4595 quadraginta
2315 4533 2474 4578 natus
2522 4525 2828 4594 baptizatus
2872 4534 2970 4579 est.
3010 4525 3232 4580 Statura
3283 4538 3461 4583 autem

1908 4616 1998 4669 illa
2034 4624 2206 4669 aetate
2248 4616 2381 4668 satis
2427 4616 2631 4667 minuta
2666 4631 2727 4668 ac
2762 4631 2883 4668 rara
2915 4616 3048 4683 fuit;
3084 4619 3222 4686 pilos
3250 4619 3304 4671 in
3348 4621 3465 4673 solo

1909 4706 2059 4757 labro
2090 4704 2297 4764 habuit,
2330 4712 2490 4771 atque
2530 4703 2691 4775 264
2728 4704 2782 4757 in
2834 4722 3084 4774 suprema
3120 4717 3272 4777 parte
3300 4711 3462 4761 menzi

1902 4796 2091 4849 habuit
2122 4810 2343 4863 paucos.
2374 4794 2504 4847 Nam
2555 4804 2772 4864 propter
2820 4797 3017 4851 nimios
3056 4800 3464 4854 exercitationis

1906 4888 2119 4941 labores
2159 4903 2227 4941 ne
2255 4887 2348 4956 pili
2380 4887 2595 4954 quidem
2632 4888 2794 4941 menti
2822 4888 2939 4957 ejus
2973 4890 3117 4942 enati
3148 4898 3296 4944 sunt.

1510 5064 1763 5120 VARIAE
1804 5063 2184 5121 LECTIONES

312 5185 355 5213 ⁷¹
394 5184 435 5234 Β
464 5173 617 5243 οὗτος
643 5182 697 5233 δὲ
724 5183 751 5232 6
776 5178 1063 5247 μακάριος
1093 5179 1324 5246 μάρκον
1350 5196 1365 5237 ;
1394 5181 1485 5234 sed
1525 5180 1664 5234 haud
1714 5179 1874 5233 dubie
1919 5178 1990 5230 ibi
2031 5176 2312 5245 legendum
2337 5183 2420 5247 est
2449 5180 2477 5228 6
2514 5176 2778 5246 μακάριος
2816 5176 3063 5247 μάρκος.
3137 5179 3206 5209 ⁷¹⁶
3232 5178 3318 5232 ὢν
3354 5196 3464 5235 om.

237 5256 300 5307 B.
324 5257 368 5293 7'
390 5254 431 5302 Β
456 5252 899 5317 ἀκαιρούμενος-

236 5325 280 5376 Β
313 5323 608 5389 διελέγετο
653 5319 731 5383 τῷ
781 5318 1035 5389 διαϐόλῳ
1088 5321 1447 5386 μαχόμενος.

979 5248 1024 5278 ⁷³
1046 5250 1133 5300 Sic
1153 5250 1259 5300 AB.
1334 5251 1379 5279 ⁷⁵
1408 5250 1589 5309 (Iorr..
1624 5250 1710 5301 AB
1738 5250 1974 5318 νόμιζον.
2052 5250 2067 5273 ⁷

979 5321 1035 5375 [ω
1090 5321 1447 5375 μαχόμενος.
1557 5323 1598 5352 ""
1634 5319 1827 5375 θέλεις
1875 5334 1983 5371 om.
2037 5317 2074 5368 Β

1776 5339 1827 5384 ις
1875 5334 1983 5371 om.
2038 5334 2093 5369 ι).

2052 5249 2097 5277 ⁷⁸
2120 5248 2161 5297 Β
2190 5246 2621 5317 διαπράττεται.
2682 5248 2735 5317 7"
2763 5247 2867 5317 Pro
2893 5246 3470 5317 διεμάχετο-λέγων

2192 5317 2238 5387 [⁸
2268 5318 2319 5387 ,Β
2352 5316 2549 5368 ἄπελθε
2594 5316 2693 5368 ἀπ’
2727 5316 2869 5387 ἐμοῦ
2899 5316 3078 5387 λέγει.
3106 5386 3109 5387 ν
3190 5318 3233 5349 ’³
3267 5320 3310 5369 Α
3342 5316 3466 5387 μοι.

237 5396 282 5424 ⁸⁸
311 5392 397 5460 μὴ
434 5386 541 5445 om.
575 5390 634 5441 Β.
710 5390 752 5420 ⁸¹
785 5388 963 5460 οὐδὲν
999 5390 1296 5460 εὑρίσκεις
1318 5419 1386 5460 —_—
1411 5391 1681 5458 συλῆσαι
1713 5406 1821 5443 οιη.
1853 5390 1923 5460 Β.
1987 5387 2043 5460 ξ’.
2066 5388 2164 5460 llic
2198 5386 2425 5460 B_ha_bet
2463 5387 2678 5460 titulum
2705 5404 2717 5439 :
2749 5386 2875 5460 περὶ
2895 5386 2997 5460 τῆς
3025 5386 3211 5460 ὑαίνης
3245 5386 3353 5460 τῆς
3377 5390 3469 5441 τὸν

234 5457 435 5530 τυῇολὸν
485 5459 719 5527 σκύμνον
750 5457 995 5530 ἐχοῦῃς.
1089 5459 1147 5530 ξ³
1178 5458 1403 5530 Β-θεοῦ.

230 5667 443 5739 μενον.
481 5670 552 5723 De
600 5668 700 5739 hac
751 5669 906 5739 pellis
963 5667 1573 5739 donationeJdisputavi

233 5809 423 5863 αὑτοῦ
456 5808 587 5876 τῆς.
664 5809 708 5840 ⁸⁸
748 5807 817 5860 90
857 5807 1037 5871 Corn,
1072 5805 1159 5857 AB
1194 5807 1411 5868 σπενός.

1509 5456 1665 5511 “AB
1719 5458 1927 5527 γενεθῦ
1980 5456 2125 5526 (sic).

237 5533 284 5564 ⁸⁸
320 5526 491 5585 οἶκου
530 5526 637 5582 om.
670 5530 726 5579 Β.
803 5529 846 5559 ⁸⁷
878 5528 918 5577 Β
962 5526 1150 5598 αὐτῆς
1180 5527 1286 5598 τὸν
1335 5531 1588 5598 σκύμνον.
1666 5526 1783 5580 ⁸³Β
1822 5528 2067 5598 μάρκος.

238 5603 483 5670 praefers
507 5615 649 5651 corr.
685 5599 962 5666 θηλάσασα
1000 5597 1198 5649 aera»)?
1271 5598 1315 5627 ⁹⁰
1346 5594 1527 5663 Corn,
1562 5600 1648 5652 AB
1674 5594 1881 5667 ydpzitp
1906 5594 1983 5649 Bcf.
2032 5610 2195 5664 supra
2236 5611 2285 5663 p.
2324 5594 2393 5648 75
2429 5610 2547 5662 sqq.

238 5688 443 5719 μενον.
481 5670 552 5719 De
600 5668 700 5719 hac
751 5669 906 5719 ncllis
963 5667 1254 5719 donatione
1301 5668 1573 5719 disnutavi
1628 5686 1679 5719 ι).
1716 5671 1780 5719 16
1825 5676 1936 5719 not.
1966 5667 2019 5719 2.
2126 5665 2168 5695 ⁸³
2209 5664 2295 5715 AB
2343 5665 2504 5719 ἰἰλιά.

237 5688 443 5739 μενον.
481 5672 552 5723 De
600 5672 700 5721 hac
751 5672 906 5734 pellis
963 5672 1254 5720 donatione
1301 5672 1573 5735 disputavi
1628 5686 1679 5736 p.
1716 5672 1780 5721 16
1825 5676 1936 5721 not.
1966 5672 2019 5719 ‘2.
2126 5672 2168 5695 "
2209 5672 2295 5715 ΑΒ
2343 5672 2504 5743 quia.
2617 5672 2663 5695 "
2704 5672 2950 5744 timenda
2994 5672 3265 5747 Ab'éxéye

237 5742 284 5771 ⁸⁵
324 5741 428 5791 τοῦ
463 5755 571 5791 om.
610 5738 673 5789 A.
750 5740 795 5768 "
834 5738 907 5789 Ex
946 5735 1237 5807 coni.,kAB
1266 5736 1444 5791 ἔπεσε.
1521 5742 1563 5773 ⁸⁷
1604 5739 1645 5793 Β
1674 5738 1972 5807 ἐϐαπτίσθη
2003 5740 2035 5791 ὁ
2084 5735 2333 5803 γνήσιος
2364 5752 2468 5788 του
2492 5736 2745 5802 Χριστου
2775 5735 2994 5797 δουλος
3020 5749 3265 5801 μαρκος.

2237 5456 2279 5535 [⁸³
2316 5456 2356 5505 Β
2390 5456 2682 5535 μακαρίου
2741 5454 2839 5535 καὶ
2876 5454 3177 5535 ἁ-θανάτοιί
3212 5454 3464 5535 μάρκοιυ.

2144 5526 2187 5556 ’θ
2223 5523 2311 5577 Sic
2363 5525 2466 5576 ΑΒ.
2506 5523 2662 5577 Forte
2715 5525 3019 5578 addendum
3075 5523 3334 5578 λαϐοῦσα.
3386 5528 3466 5580 Αη

2144 5610 2195 5646 ra
2236 5611 2285 5663 p.
2324 5594 2393 5648 75
2429 5610 2547 5662 sqq.
2624 5596 2666 5625 ⁹¹
2710 5595 2747 5645 Β
2773 5596 2968 5648 ἔλαϐε.
3043 5595 3088 5624 ⁹¹
3130 5593 3170 5645 Β
3202 5596 3470 5663 ἐπιλεγόρ

2617 5664 2663 5695 οι
2704 5663 2950 5725 Emend,
2994 5663 3083 5715 AB
3125 5664 3277 5733 ἐλέγε
3324 5635 3466 5722 τόδε.

2617 5735 2745 5787 γτοῦ
2775 5734 2994 5787 δοῦλος
3026 5732 3265 5787 ιιάοκοσ.
3344 5737 3389 5768 ⁸⁸
3429 5736 3470 5787 Β

2126 5665 2168 5695 ⁸³
2209 5664 2295 5715 AB
2343 5665 2504 5731 ᾐλία.
