4274 6358
784 356 883 411 199

775 560 978 618 animo,
1029 564 1123 608 ct:
1157 555 1329 617 Abba,
1380 554 1626 622 inquam,
1674 550 1875 614 Marce,
1927 549 2056 617 quid
2111 546 2345 600 faciam?

776 666 901 705 nam
932 647 1175 716 amigunt
1206 661 1286 700 me
1321 644 1675 715 cogitationes
1707 643 2116 696 insusurrantes
2163 638 2295 691 mihi
2326 653 2340 688 :

777 740 920 795 Nihil
951 737 1118 803 lacis;
1148 736 1341 791 recede
1366 736 1513 789 hinc.
1544 733 1941 787 Sanctissimus
1968 730 2183 783 Marcus
2210 728 2343 779 mihi

780 831 1061 900 respondit
1106 847 1119 883 :
1173 826 1271 882 Dic
1316 837 1394 891 tu,
1446 826 1644 895 inquit,
1703 821 2125 891 cogitationibus
2173 818 2279 872 tuis
2326 835 2340 870 :

778 922 1007 992 Propter
1035 920 1312 975 Christum
1343 918 1576 987 parietes
1616 913 1884 970 custodio.

850 1116 994 1157 haec
1023 1102 1242 1172 quidem
1274 1116 1305 1155 e
1347 1097 1537 1153 multis
1580 1095 1897 1166 magnisque
1930 1093 2104 1163 signis
2132 1108 2195 1146 ac
2225 1106 2343 1146 cer-

780 1197 1078 1251 taminibus
1120 1193 1307 1261 inclyti
1341 1202 1394 1246 et
1428 1192 1627 1245 virtute
1658 1188 1836 1243 ornati
1870 1185 2039 1240 Marci
2079 1184 2334 1238 indicavi.

1586 346 1683 402 SS.
1726 342 2180 399 MACABIORUM
2221 341 2541 397 AEGYPTII
2583 342 2669 396 ET
2710 342 3177 398 ALEXANDRINI

850 464 1005 519 Hunc
1035 471 1282 518 sanetum
1333 462 1421 516 die
1449 460 1681 531 quodam
1712 458 1941 512 conveni
1974 456 2129 509 valde
2181 457 2343 509 anxio
2374 468 2414 518 Α

3899 339 4007 398 200

2512 458 2696 527 Τούτῳ
2732 458 2808 526 τῷ
2837 458 2976 528 ἁγίῳ
2998 458 3109 525 ἐγὼ
3139 457 3442 528 προσῆλθον
3483 460 3611 527 μιᾶς
3628 458 3736 510 τῶν
3758 458 4007 528 ἡμερῶν,

2446 548 2617 615 λέγων
2664 548 2839 617 αὐτῷ,
2884 550 2942 599 ὲν
2984 548 3183 619 ἀκηδίᾳ
3222 567 3321 617 μου
3371 551 3577 619 σφόδρα
3627 550 3901 617 διάγοντος
3948 551 3965 580 ί
3992 567 4006 578 ο

2446 638 2589 691 ἀϐϐᾶ
2617 640 2868 710 Μακάριε
2897 641 2940 701 ¹,
2970 640 3022 690 τί
3050 641 3297 710 ποιήσω;
3331 642 3411 692 ὅτι
3444 640 3714 691 θλίόλουσί
3748 657 3814 708 με
3840 641 3890 692 οἱ
3923 639 4012 691 λο-

2446 731 2634 799 γισμοὶ
2662 730 2907 798 λέγοντές
2942 746 3054 799 μοι,
3084 732 3164 783 ὅτι
3193 731 3342 783 οὐδὲν
3372 733 3564 792 ποιεῖς,
3595 730 3793 782 ἄπελθε
3824 731 4010 783 tvvs?»-

2445 820 2538 874 θεν
2560 821 2599 874 ³.
2632 820 2985 891 ἀποκρίνεταί
3022 838 3110 889 μοι
3151 822 3179 873 ὁ
3214 821 3513 888 ἁγιώτατος
3544 822 3827 890 Μακάριος
3850 820 3872 851 ⁵
3892 838 3905 849 ·
3933 824 4012 873 εξ-

2448 911 2546 963 πὸν
2587 911 2649 962 σὺ
2683 912 2792 971 τοῖς
2822 910 3117 979 λογισμοῖς,
3145 910 3227 963 ὅτι
3250 910 3338 963 διὰ
3365 910 3455 962 τὸν
3489 910 3721 980 Χριστὸν
3755 912 3877 973 τοὺς
3902 910 4013 963 τοί-

2446 1017 2574 1071 χους
2602 999 2769 1070 τηρῶ.

2522 1090 2709 1144 Ταῦτα
2735 1092 2800 1143 ὲκ
2824 1092 3033 1145 πολλῶν
3055 1094 3149 1145 καὶ
3174 1094 3423 1160 μεγάλων
3447 1094 3685 1164 σημείων
3711 1096 3806 1146 καὶ
3831 1094 4013 1148 ἄθλων

2442 1184 2536 1235 τοῦ
2570 1182 2814 1253 ἀοιδίμου
2849 1184 2942 1236 καὶ
2972 1184 3226 1254 ἐναρέτου
3266 1187 3550 1256 Μακαρίου
3582 1188 3603 1217 ⁸
3626 1188 3872 1267 ἐσήμανα
3895 1188 3935 1239 ‘.

2035 1321 2291 1375 VAIHAE
2329 1315 2622 1373 LECTION
2630 1316 2731 1371 ES.

851 1469 865 1495 ί
905 1465 974 1516 ἐν
1016 1462 1232 1529 ἀκηδίᾳ
1250 1460 1668 1530 -νδιάγυγτοςλ
1693 1473 1801 1509 om.
1945 1453 2219 1530 λῦσεν..
2258 1448 2353 1501 ΑΒ
2375 1448 2582 1530 Βμέρξιε.
2608 1449 2678 1502 cl.
2713 1466 2873 1530 supra
2900 1466 2950 1520 p.
2983 1452 3049 1505 75
3077 1469 3199 1522 sqq.

1576 1530 1593 1558 ⁸
1632 1516 1705 1579 Ex
1733 1527 1900 1587 coni.,
1931 1522 2017 1576 AB
2042 1521 2296 1589 μάρχου.
2374 1520 2393 1548 θ
2424 1516 2464 1568 Β
2488 1516 2904 1588 ἑσημανάᾑηνζ

781 1539 798 1562 ⁸
841 1533 915 1587 Ex
946 1534 1114 1590 coni..
1141 1531 1229 1583 AB
1254 1529 1497 1599 μάρκος.

3298 1454 3317 1483 ³
3350 1454 3527 1516 (Σοί-Γ..
3570 1453 3657 1505 ΑΒ
3697 1453 4008 1509 ἐνταῦθεν.

2227 1884 2385 1955 265
2440 1888 2544 1945 lll.

1646 2060 1782 2116 ἘΙ
1804 2056 1928 2115 ERI
1979 2051 2413 2113 HISTORIAE
2458 2051 2898 2112 LAUSIACAE
2934 2052 3141 2124 LOCI,

782 2234 980 2300 Quibus
1006 2230 1171 2283 sancti
1210 2224 1433 2279 Macarii
1465 2225 1809 2300 Aegyptius}!
1843 2220 2461 2300 Aleaandrinusnne'cnon
2490 2214 2856 2300 Nucerinis.
2896 2220 3116 2300 Antonii
3148 2221 3387 2274 minister
3405 2234 3791 2289 memorantur,
3824 2226 3892 2278 ad
3924 2242 4017 2280 co.

1720 2291 1894 2343 dicunt
1924 2290 2149 2342 duorum
2203 2286 2678 2340 Vindobonenst'um
2720 2288 2876 2356 ﬁdem
2916 2290 3069 2344 editi.

2381 2429 2449 2438 ε.-

780 2529 895 2583 Cod.
920 2540 1010 2573 ms.
1040 2527 1151 2571 hist.
1174 2533 1335 2584 graec.
1364 2519 1636 2584 LXXXIVL
1633 2518 1748 2584 olli]:
1770 2514 1949 2584 £1;le
1953 2515 2057 2563 Bibl
2080 2521 2246 2584 _§;aes._
2268 2514 2536 2584 Vindqbon.
2564 2516 2886 2565 membranae.
2913 2522 3235 2579 pervetustus
3303 2558 3313 2568 .
3383 2557 3394 2567 .
3463 2559 3475 2569 .
3545 2559 3555 2569 .
3628 2560 3639 2569 .
3707 2561 3720 2571 .
3790 2561 3800 2572 .
3876 2562 3886 2571 ,
3977 2526 4021 2573 Α

781 2577 896 2643 Cod.
921 2602 1011 2635 ms.
1034 2587 1146 2634 bist.
1171 2577 1333 2644 graec.
1362 2582 1577 2641 lX,olim
1599 2579 1742 2637 XLII,
1770 2578 2048 2629 BiblCaes.
2080 2577 2349 2627 Vindobon.
2378 2578 2587 2625 chartae.
2609 2584 2877 2640 antiquus.
2916 2577 2929 2579 “
2977 2616 2988 2627 .
3062 2615 3073 2628 .
3141 2615 3154 2627 .
3224 2619 3235 2628 .
3305 2619 3317 2631 .
3388 2620 3397 2629 .
3469 2620 3479 2629 .
3548 2617 3560 2629 .
3631 2622 3642 2631 .
3717 2622 3727 2632 .
3798 2624 3809 2633 .
3881 2624 3891 2633 .
3981 2589 4023 2635 Β

784 2780 909 2828 Sum
932 2764 2184 2838 iidemedissa.tnse-ata}‘°.§9£f?Jesaihnimi
2223 2766 2315 2835 loci
2337 2767 2576 2838 ιθευηιμτ
2594 2782 2733 2830 catm-
2760 2770 2931 2838 Χνιιῐν
2954 2770 3077 2838 xix.
3102 2772 3242 2838 XXX,
3270 2773 3415 2838 XX}!
3440 2772 3522 2838 [ετ.
3549 2777 3634 2824 Ed.
3665 2776 3844 2825 Meum.
3873 2792 4017 2838 capp.

848 2836 1011 2893 xxw,
1036 2833 1176 2889 xxv,
1202 2828 1367 2899 χω,
1397 2825 1583 2896 xxvn,
1607 2825 2042 2935 xxxit,xxx_nq.
2070 2825 2602 2901 Macariorumquidem
2624 2825 2815 2901 ¹ιίιέεηιίο
2837 2825 2935 2880 non
2955 2835 3007 2881 ﬁt
3027 2825 3077 2881 ui
3099 2825 3259 2896 capite
3286 2850 3304 2881 ι
3333 2836 3407 2883 De
3430 2825 3626 2885 Herone
3656 2854 3697 2896 ι,
3722 2840 3850 2899 quod
3878 2825 4024 2887 ςιιὶἐι

848 2899 1116 2935 mmimns:
1139 2892 1225 2935 sed
1251 2891 1297 2935 id
1322 2896 1554 2935 omittere
1583 2888 1845 2935 uolutatus.
1863 2900 1975 2935 ama
2024 2890 2262 2935 loswcido
2287 2897 2475 2935 testem
2500 2891 2660 2935 lamus
2679 2894 2965 2935 umhnsriam
2984 2894 4024 2935 “islnrian[.mlcinnnpplnmnlnrihucllom

910 2886 1117 2947 animus;
1139 2886 1225 2940 sed
1251 2891 1297 2937 id
1322 2886 1554 2937 omittere
1583 2886 1845 2945 noluimus,
1863 2889 1975 2948 quia

2024 2888 2411 2960 tosvvcidqteste
2422 2888 2475 2960 in
2494 2891 2660 2960 latinis
2679 2893 2966 2960 quibusdam
2984 2888 3227 2960 Historiae
3242 2896 3500 2949 Lausiacae
3515 2913 3571 2947 ex
3582 2888 3873 2960 emplaiibus
3886 2901 4025 2948 Hero

944 2964 1043 3021 tum
1067 2948 1657 3021 Macarium_eontumelia
1686 2949 1907 3021 affecisse
1933 2950 2230 3021 tradebatur,
2268 2949 2316 2999 id
2336 2953 2467 3012 quod
2490 2951 2663 3002 falsum
2683 2948 2794 3003 esse
2813 2967 2875 3003 ex
2904 2956 2996 3003 hoc
3035 2957 3253 3006 codicum
3284 2965 3423 3009 textu
3469 2948 3745 3021 elucetfde
3770 2962 4023 3011 Rosvveidi

848 3009 963 3070 vero
980 3013 1322 3067 observatione
1343 3012 1563 3061 breviter
1585 3010 1939 3071 disputavimus
1962 3024 2011 3071 p.
2035 3009 2142 3058 109.

1538 3261 1586 3311 1.

1202 3378 1282 3431 De
1320 3376 1517 3428 sanctis
1551 3375 1606 3425 in
1648 3373 1885 3425 I’Iterme.

1419 3465 1491 3519 De
1525 3464 1719 3519 Paulo.

858 3570 1017 3622 ﬂens
1049 3572 1131 3617 est
1167 3563 1220 3615 in
1256 3561 1500 3628 Aegypto
1535 3556 1808 3609 abducens
1844 3558 1895 3608 in
1934 3566 2141 3612 vastam
2178 3557 2351 3611 Sectis

790 3658 1159 3718 solitudinem,
1211 3652 1303 3721 qui
1342 3650 1573 3702 Phern‘te
1617 3647 1957 3715 appellatur;
2013 3650 2069 3702 in
2102 3664 2210 3718 quo
2248 3650 2349 3702 viri

792 3754 902 3805 lere
937 3745 1217 3818 quingenti
1250 3742 1462 3802 sedent,
1512 3739 1605 3809 qui
1636 3748 1981 3793 exercentur.
2023 3742 2101 3794 Ex
2149 3740 2349 3810 quibus

791 3842 1011 3901 Paulus.
1040 3835 1338 3891 monachus
1364 3831 1628 3899 optimus,
1671 3838 1783 3883 toto
1815 3839 2056 3899 tempore
2085 3847 2186 3886 suo
2211 3832 2352 3884 hanc

790 3937 953 3986 vitam
987 3930 1197 3998 agebat.
1229 3924 1516 3991 Nunquam
1547 3935 1685 3988 Opus
1715 3919 1915 3989 attigit,
1942 3937 2041 3974 nec
2072 3922 2348 3991 negotium

788 4020 1047 4090 suscepit,
1098 4031 1273 4085 neque
1316 4014 1381 4066 ab
1422 4013 1608 4080 aliquo
1653 4027 1891 4079 unquam
1934 4014 2145 4081 accepit
2197 4012 2354 4081 quid-

789 4129 975 4185 quam,
1009 4118 1221 4180 praeter
1257 4106 1403 4176 quod
1431 4106 1550 4171 ipso
1594 4104 1681 4156 die
1717 4104 2044 4158 comederet.
2078 4103 2226 4173 Opus
2256 4120 2352 4156 au-

792 4219 897 4260 tem
930 4199 1335 4256 exercitationis
1370 4196 1487 4249 eius
1526 4194 1625 4247 fuit
1659 4210 1819 4247 orare
1854 4203 2135 4263 perpetuo.
2176 4198 2353 4262 Atque

791 4304 1027 4351 statutas
1059 4291 1291 4345 habebat
1325 4302 1515 4356 preces
1552 4294 1848 4347 trecentas,
1883 4300 2019 4354 quas
2056 4285 2159 4339 hoc
2190 4288 2351 4339 modo

789 4385 1139 4442 numeravit:
1173 4381 1416 4435 calculos
1462 4377 1724 4431 collectos
1774 4375 1900 4430 sinu
1958 4376 2164 4437 tenuit,
2216 4390 2351 4444 quo-

789 4494 907 4531 rum
947 4490 1113 4529 unum
1157 4479 1281 4541 post
1308 4482 1749 4538 unamquamque
1783 4468 2080 4521 orationem
2130 4467 2350 4521 abiecit.

790 4572 890 4624 Hic
914 4571 999 4623 vir
1027 4567 1120 4620 Dei
1153 4565 1405 4619 utilitatis
1436 4575 1499 4615 ac
1536 4558 1793 4627 colloquii
1840 4556 2144 4626 spiritualis
2180 4558 2353 4626 gratia

790 4661 1042 4718 convenit
1072 4665 1321 4712 sanctum
1351 4653 1651 4708 hlacarium
1689 4648 1983 4709 πολιτικόν,
2012 4648 2100 4701 cui
2134 4664 2147 4699 :
2179 4645 2353 4707 Abba,

791 4754 989 4823 inquit,
1010 4749 1233 4813 Μυσοί-ί,
1253 4745 1458 4814 aﬂligor
1482 4743 1658 4796 valde.
1677 4740 1780 4805 Qui
1811 4740 1993 4793 dicere
2023 4751 2147 4790 eum
2180 4735 2358 4803 coegit

789 4858 1034 4905 causam,
1087 4840 1158 4893 ob
1198 4853 1359 4907 quam
1405 4835 1735 4887 tristaretur.
1792 4830 1841 4883 ls
1888 4830 2052 4897 igitur
2086 4846 2098 4879 :
2128 4828 2186 4880 ln
2236 4827 2357 4878 vico

787 4934 1044 5006 quodam.
1073 4930 1269 4997 inquit,
1293 4927 1443 4995 virgo
1468 4926 1695 4985 habitat,
1725 4935 1863 4989 quae
1892 4919 2169 4971 tricesimo
2196 4916 2357 4985 266

790 5043 934 5081 anno
970 5026 1076 5076 iam
1116 5030 1421 5075 exercetur.
1470 5016 1643 5080 Quam
1688 5013 1841 5066 multi
1884 5010 2015 5064 mihi
2064 5018 2359 5062 narrarunt

792 5118 941 5171 nullo
971 5114 1076 5167 alio
1108 5113 1194 5165 die
1228 5111 1333 5164 nisi
1376 5110 1601 5163 sabbato
1636 5114 1688 5160 et
1717 5103 1990 5159 dominica
2031 5102 2211 5155 cibum
2259 5118 2350 5155 su-

790 5222 956 5265 mere.
980 5205 1073 5259 sed
1093 5212 1206 5257 toto
1229 5213 1471 5271 tempore
1498 5201 1722 5254 trahens
1744 5196 2113 5253 hebdomadas
2147 5212 2209 5250 ac
2232 5205 2356 5265 post

790 5299 1031 5367 quinque
1076 5296 1191 5349 dies
1226 5293 1518 5348 comedens
1555 5290 1835 5344 orationes
1867 5287 1999 5341 facit
2048 5288 2354 5355 septingen-

791 5399 894 5443 tas.
929 5388 1041 5441 lloc
1069 5402 1236 5456 quum
1266 5384 1576 5444 didicerim,
1622 5380 1911 5449 reprobavi
1956 5393 2042 5431 me
2072 5378 2189 5445 ipse
2225 5393 2351 5446 per-

793 5478 1054 5547 pendens,
1097 5491 1201 5538 me,
1229 5476 1501 5528 hominem
1540 5472 1860 5532 maioribus,
1895 5484 2057 5537 quam
2092 5469 2204 5530 illa,
2235 5482 2358 5521 cor-

2811 3381 2950 3447 Hepl
2980 3379 3097 3433 τῶν
3119 3380 3188 3433 ὲν
3215 3382 3411 3450 Φέρμῃ
3463 3382 3666 3451 ἁγίων.

2978 3473 3119 3539 Περὶ
3148 3474 3391 3527 Παύλου
3421 3476 3463 3526 ⁷.

2526 3561 2686 3630 Ὄρος
2715 3561 2859 3613 ἐστὶν
2888 3563 2945 3614 ὲν
2989 3563 3247 3633 Αἰγύπτῳ
3277 3566 3486 3633 ὰπάγον
3516 3567 3608 3620 ἐπὶ
3638 3567 3738 3638 τὴν
3774 3571 4025 3643 πανέρη-

2457 3667 2553 3718 μον
2585 3652 2683 3720 τὴν
2729 3653 2925 3723 Σκῆτιν
2958 3654 2999 3718 ⁸,
3046 3656 3074 3707 ὃ
3113 3658 3352 3709 καλεῖται
3396 3659 3603 3730 Φέρμη,
3649 3662 3741 3713 καὶ
3770 3665 3828 3715 ἑν
3874 3666 4026 3734 αὑτῷ

2455 3743 2773 3807 καθέζονται
2814 3747 3004 3819 ἄνδρες
3036 3747 3167 3800 ὡσεὶ
3196 3752 3539 3803 πεντακόσιοι
3572 3753 3922 3823 ἀσκούμενοι,
3964 3760 4024 3807 ὲν

2452 3830 2533 3897 οἷς
2570 3837 2686 3889 ἐστι
2723 3838 2953 3907 μοναχδς
2985 3839 3203 3909 ἄριστος
3234 3842 3443 3904 Παῦλος
3480 3843 3831 3913 καλούμενος,
3860 3847 3919 3909 ὃς
3964 3848 4024 3898 ἐν

2455 3927 2617 3979 παντὶ
2662 3928 2739 3997 τῷ
2767 3928 2943 3999 χρόνῳ
2975 3929 3138 3981 αὐτοῦ
3179 3930 3383 4000 ταύτην
3423 3928 3535 4001 εἶχε
3580 3935 3680 4001 τὴν
3711 3934 4020 3989 πολιτείαν·

2454 4017 2554 4069 οὐκ
2598 4017 2757 4088 ἔργου
2796 4018 2971 4088 ἥψατό
3008 4037 3160 4081 ποτε,
3196 4022 3256 4072 οὑ
3300 4024 3679 4091 πραγματείας
3721 4027 3885 4088 τινός,
3923 4027 4025 4079 οὐκ

2455 4109 2613 4161 ἔλαϐε
2666 4112 2815 4178 παρά
2861 4128 3003 4173 τινος
3042 4111 3261 4163 πώποτε
3309 4115 3579 4183 παρεκτὸς
3620 4116 3649 4167 ὃ
3695 4119 3751 4168 ὲν
3784 4119 3920 4187 αὐτῇ
3953 4122 4021 4187 τῇ

2457 4202 2639 4269 ἡμέρᾳ
2668 4201 2867 4253 ἐσθίειν
2900 4201 3138 4270 ἔμελλεν.
3170 4204 3327 4274 ἔργον
3348 4206 3404 4256 δὲ
3433 4206 3597 4259 αὑτοῦ
3618 4209 3717 4277 τῆς
3738 4210 4023 4277 ἀσκήσεως

2458 4291 2680 4357 γέγονεν
2717 4292 2778 4342 τὸ
2820 4292 3178 4355 ἀδιαλείπτως
3213 4294 3630 4365 προσεύχεσθαι.
3682 4293 3832 4360 οὗτος
3863 4315 4016 4349 τετυ-

2458 4384 2715 4453 πωμένας
2751 4382 2863 4453 εἶχε
2896 4384 2994 4446 τὰς
3028 4385 3189 4455 εὐχὰς
3218 4388 3555 4456 τριακοσίας,
3581 4388 3799 4457 ἠρίθμει
3828 4389 3883 4441 δὲ
3920 4390 4023 4441 αὺ-

2456 4468 2556 4530 τὰς
2587 4467 2787 4530 οὕτως’
2821 4468 2983 4521 λίθων
3005 4469 3211 4539 ψήφους
3242 4472 3487 4537 συνάγων
3526 4474 3619 4525 καὶ
3647 4474 3705 4524 ὲν
3734 4472 3811 4542 τῷ
3841 4473 4027 4543 κόλπῳ

2460 4558 2723 4627 κατέχων,
2765 4560 2885 4612 καθ’
2918 4560 3154 4629 ἑκάστην
3186 4563 3351 4630 εὐχὴν
3382 4564 3586 4631 ῥίπτων
3618 4564 3796 4631 ψῆφον
3819 4564 3950 4633 μίαν
3976 4566 4023 4618 ⁵.

2454 4644 2610 4710 οὗτος
2635 4650 2662 4701 ὁ
2686 4648 2780 4702 τοῦ
2802 4649 2937 4702 Θεοῦ
2962 4651 3244 4722 ἄνθρωπος
3271 4653 3455 4704 ἕνεκεν
3480 4654 3745 4720 ὠφελείας
3776 4655 3868 4707 καὶ
3897 4672 4026 4707 συν-

2456 4740 2643 4808 τυχίας
2669 4743 3050 4811 πνευματικῆς
3082 4742 3355 4812 παρέϐαλε
3380 4743 3456 4813 τῷ
3478 4744 3615 4814 ἁγίῳ
3648 4746 3918 4815 Μακαρῑῳ
3946 4746 4026 4815 τῷ

2458 4830 2735 4900 πολιτικῷ,
2771 4833 2865 4885 καλ⁹
2896 4832 3043 4900 λέγει
3069 4833 3214 4902 αὑτῷ
3237 4851 3249 4864 ·
3289 4834 3432 4887 ὰόὅᾶ
3464 4837 3741 4906 Μακάριε,
3772 4836 4026 4907 θλίόομαι

2460 4921 2693 4990 σφόδρα·
2737 4923 2829 4973 καὶ
2858 4923 3167 4990 ἠνάγκασεν
3192 4924 3350 4975 αὑτὸν
3381 4925 3424 4956 ¹⁰
3454 4926 3647 4989 εἰπεῖν,
3674 4926 3739 4978 δι’
3759 4928 3822 4996 ἣν
3845 4927 4028 4980 αἰτίαν

2458 5012 2727 5065 λυπεῖται,
2765 5015 2792 5065 ὁ
2825 5013 2880 5065 δὲ
2918 5013 3063 5079 λέγει
3109 5015 3285 5085 αὐτῷ·
3321 5018 3377 5068 ὲν
3424 5016 3581 5087 κώμῃ
3623 5020 3727 5070 τινὶ
3761 5019 4027 5087 παρθένος

2458 5120 2540 5164 τις
2573 5103 2613 5133 ¹¹
2646 5107 2909 5167 κατοικεῖ,
2957 5107 3275 5175 τριακοστὸν
3308 5106 3425 5170 ἔτος
3454 5107 3555 5176 ἤδη
3579 5108 3775 5177 ἔχουσα
3824 5110 4026 5161 ἀσκου-

2463 5198 2618 5267 μένη,
2665 5197 2789 5267 περὶ
2813 5193 2879 5269 ἦς
2924 5215 3012 5267 μοι
3041 5199 3223 5251 πολλοὶ
3265 5201 3610 5270 διηγήσαντο,
3642 5203 3721 5253 ὅτι
3754 5204 4030 5270 παρεκτὸς

2463 5288 2730 5342 σαϐϐάτου
2760 5291 2854 5341 καὶ
2898 5294 3169 5360 κυριακῆς
3198 5292 3453 5345 οὐδέποτε
3485 5291 3653 5344 ἐσθίει
3690 5293 3857 5361 ἄλλην
3884 5295 4027 5363 ἡμέ-

2467 5397 2585 5449 ραν,
2616 5379 2751 5432 am
2776 5381 2865 5432 τὸν
2887 5381 3174 5447 σύμπαντα
3198 5383 3385 5451 χρόνον
3411 5384 3642 5435 ἕλκουσα
3667 5384 3764 5446 τὰς
3791 5385 4028 5453 ἑϐδομὰ-

2463 5469 2576 5532 δας,
2614 5470 2700 5522 διὰ
2733 5472 2891 5523 πέντε
2925 5472 3147 5541 ἡμερῶν
3180 5474 3454 5539 ἐσθίουσα,
3492 5478 3636 5527 ποιεῖ
3668 5475 3831 5544 εὐχὰς
3865 5477 4031 5531 ἑπτα-

2061 5598 2315 5654 νΑῐιιΑΕ
2349 5597 2751 5653 LECTIONES.

867 5698 888 5729 ν
928 5698 1019 5751 Sic
1050 5698 1127 5762 A;
1159 5700 1197 5749 Β
1227 5700 1351 5766 περὶ
1380 5698 1581 5750 παύλου
1610 5696 1704 5749 τοῦ
1743 5699 1803 5747 ἐκ
1837 5696 1933 5764 τῆς
1965 5694 2179 5767 φέρμης
2214 5691 2550 5767 ὁρμωμένου.
2629 5694 2650 5724 ⁸
2688 5695 2864 5762 Corn,
2895 5700 2937 5748 Α
2966 5698 3063 5765 τὴν
3094 5698 3347 5763 σκήτην,
3391 5698 3429 5752 Β
3465 5699 3573 5767 τῆς
3597 5700 3853 5767 quin,“
3927 5702 3948 5731 ο
3991 5700 4033 5753 Β

811 5765 1017 5833 ῥίπτων
1040 5770 1184 5836 μίαν
1212 5765 1460 5835 ψηφῖδα.
1537 5768 1576 5797 ³ο
1617 5767 1655 5819 Β
1682 5766 1915 5819 ἑαυτὸν.

1996 5761 2049 5793 ¹¹⁷
2074 5761 2162 5826 τις
2189 5778 2296 5815 Olli.
2331 5761 2389 5813 Β.
