4274 6358
220 390 324 447 SOI

1754 384 1959 441 ACTA.

3346 387 3454 444 202

223 512 435 572 κοσιας,
462 508 555 561 καὶ
584 508 627 539 ⁸³
657 503 998 571 ἀπευδόκησα
1023 502 1133 571 ἐγὼ
1159 498 1393 571 ἐμαυτοῦ
1420 498 1574 553 τοῦτο
1602 496 1785 568 μαθὼν
1815 506 1863 558 Α
1890 513 1911 566 ι

1761 515 1785 549 ν
1815 506 1863 558 Α
1890 496 2041 566 poris
2076 496 2283 551 viribus
2323 498 2673 560 instructum,
2719 497 2905 565 plures
2951 497 3209 553 trecentis
3247 500 3449 554 oratio-

218 600 589 669 λογιζόμενος,
620 598 701 650 ὅτι
740 597 879 664 ἀνὴρ
912 592 1276 663 δυνατώτερος
1312 592 1435 643 κατ’
1475 588 1687 658 ἐκείνην
1719 589 1784 657 τῇ
1889 606 1906 642 ι

1765 589 1784 657 ᾖ
1889 590 2053 644 nibus
2108 588 2287 643 facere
2327 604 2435 642 non
2502 590 2761 658 potuisse.
2824 588 3181 657 ltespondens
3230 600 3453 645 sanctus

224 688 383 758 ῥώμῃ
410 686 505 739 τοῦ
539 683 785 753 σώματος
815 679 1235 753 δημιουργηθεὶς
1257 679 1396 749 ὑπὲρ
1433 676 1532 740 τὰς
1568 692 1787 747 τριακο-

222 780 349 841 σίας
385 778 553 847 εὐχὰς
580 777 679 829 οὑκ
712 774 983 846 ἠδυνήθην
1009 772 1179 825 πλείω
1209 770 1431 839 ποιῆσαι
1464 768 1530 822 ⁸³.
1561 765 1788 836 ἀποκρί-

219 884 372 920 νεται
398 866 546 936 αὑτῷ
578 868 606 919 6
633 866 785 933 ἆγιος
808 864 1092 933 Μακάριος
1116 861 1288 931 λέγων
1321 857 1469 929 αὐτῷ
1490 874 1502 887 ·
1528 856 1639 925 ἐγὼ
1667 856 1789 925 ἐξη-

220 957 416 1011 κοστὸν
459 957 578 1020 ἔτος
619 954 757 1025 ἔχω,
791 956 882 1022 ἀφ’
922 948 981 1007 οὗ
1022 950 1357 1021 τεταγμένας
1390 948 1579 1002 ἑκατὸν
1625 946 1789 1015 εὐχὰς

220 1049 385 1111 ποιῶ,
433 1049 527 1101 καὶ
575 1046 643 1100 τὰ
690 1045 825 1117 πρὸς
869 1045 966 1115 τὴν
1012 1043 1218 1114 τροφὴν
1265 1036 1627 1111 ἐργαζόμενος
1671 1036 1789 1099 ταῖς

222 1140 401 1211 χερσί,
439 1141 531 1193 καὶ
570 1142 682 1202 τοῖς
712 1138 959 1206 ἀδελφοῖς
990 1135 1088 1206 τὴν
1118 1132 1467 1203 ὀφειλομένην
1501 1127 1789 1208 συντυχίαν

220 1231 527 1295 ἀποδιδούς,
556 1232 648 1282 καὶ
676 1230 736 1283 οὐ
760 1230 935 1299 κρίνει
966 1245 1034 1298 με
1067 1226 1128 1279 τὸ
1161 1224 1403 1285 συνειδός
1440 1239 1539 1293 μου
1563 1219 1638 1281 ὡς
1658 1220 1791 1287 ἀμε-

224 1322 502 1392 λήσαντα·
544 1324 609 1375 σὺ
641 1322 697 1375 δὲ
732 1320 827 1392 [εί]
863 1321 908 1352 ’⁵
946 1319 1262 1391 τριακοσίας
1299 1313 1463 1385 εὐχὰς
1490 1311 1657 1365 ποιῶν
1689 1308 1791 1362 ὑπὸ

223 1412 320 1464 τοῦ
358 1413 653 1475 συνειδότος
680 1413 862 1483 κρίνῃ,
896 1411 1053 1481 δῆλος
1079 1406 1130 1462 εἷ
1165 1409 1198 1477 ἢ
1234 1406 1485 1476 καθαρῶς
1516 1400 1684 1463 αὑτὰς
1716 1400 1789 1469 μὴ

223 1502 538 1572 εὐχόμενος,
581 1500 617 1573 ἢ
663 1502 914 1565 πλείονας
944 1501 1239 1571 δυνάμενος
1285 1494 1542 1566 εὔχεσθαι
1575 1490 1669 1543 καὶ
1717 1488 1790 1559 μὴ

225 1610 415 1646 ποιων.

991 1723 1052 1777 2.

224 1861 367 1930 Περὶ
391 1862 693 1930 Εὐλοτίου
724 1861 820 1914 καὶ
847 1859 952 1914 τοῦ
968 1858 1311 1930 λελωϐημένα

518 1928 672 1998 σὲως
707 1931 812 1985 τοῦ
839 1932 1010 2001 ἁγίου
1057 1928 1363 1983 Ἀντωνίου
1402 1928 1467 1981 ¹⁸.

290 2106 311 2121 .
342 2103 357 2119 .
393 2100 410 2117 .
448 2106 462 2120 .
492 2064 684 2117 ἔστιδὲ
704 2065 1029 2138 (τὺὸροςτοῦ
1052 2064 1209 2131 ἁγίου
1252 2061 1559 2131 Ἀντωνίου)
1587 2057 1787 2131 μεταξὺ

1894 680 2163 733 Macarius
2195 698 2207 733 :
2242 680 2373 751 Ego,
2420 679 2617 749 inquit,
2654 682 3050 750 sexagesimum
3093 695 3194 751 ago
3228 697 3449 747 annum,

1892 786 1956 823 ex
2004 784 2113 837 quo
2167 778 2399 824 statutas
2443 777 2660 839 centum
2715 771 2994 824 orationes
3036 769 3197 831 facio,
3258 786 3451 839 eaque,

1892 875 2031 928 quae
2085 868 2216 912 sunt
2259 859 2326 913 ad
2380 860 2699 913 alimentum
2749 860 3083 923 necessaria,
3140 860 3274 914 meis
3319 860 3452 913 mihi

1893 950 2145 1005 manibus
2169 964 2445 1019 comparo,
2471 966 2533 1003 ac
2558 950 2820 1005 fratribus
2849 951 3084 1005 debitam
3115 965 3200 1003 me
3219 950 3452 1004 adeundi

1893 1040 2102 1107 copiam
2135 1038 2322 1099 reddo,
2355 1054 2451 1092 nec
2483 1053 2568 1092 me
2600 1053 2720 1091 mea
2751 1038 3084 1093 conscientia
3116 1039 3320 1092 iudicat
3353 1055 3451 1093 ne-

1896 1129 2188 1198 gligentem
2221 1143 2360 1182 esse.
2397 1127 2479 1180 Tu
2506 1142 2655 1188 vero,
2684 1142 2848 1193 quum
2881 1133 3151 1180 trecentas
3178 1126 3455 1179 orationes

1895 1218 2101 1275 faciens
2148 1234 2177 1271 a
2223 1218 2556 1272 conscientia
2590 1218 2872 1281 iudicaris,
2918 1224 3010 1270 aut
3047 1232 3154 1269 non
3190 1232 3322 1285 pure
3359 1231 3455 1270 eas

1894 1319 1947 1365 tc
1992 1310 2171 1365 facere
2218 1310 2426 1379 prodis,
2470 1318 2584 1373 aut,
2615 1310 2863 1377 quamvis
2914 1310 3098 1377 plures
3132 1306 3311 1362 facere
3338 1322 3457 1376 pos.

1897 1402 1994 1465 sis,
2024 1414 2131 1453 non
2159 1398 2337 1452 facere

2644 1723 2699 1776 2.

1312 1876 1383 1912 ου
1404 1856 1500 1911 καί
1528 1854 1639 1925 τῆς
1662 1857 1792 1926 κρι-
1823 1836 1866 1891 Β
1897 1855 1975 1912 De
2005 1856 2231 1924 Eulogto
2264 1864 2315 1907 et
2349 1858 2625 1918 mutilata.
2666 1867 2714 1912 et
2754 1858 2818 1911 de
2861 1859 3000 1913 diser

1774 1880 1792 1892 -
1823 1836 1866 1891 Β
1897 1855 1975 1912 De
2005 1856 2231 1924 Eulogto
2264 1864 2315 1907 et
2349 1858 2625 1918 mutilata.
2666 1867 2714 1912 et
2754 1858 2818 1911 de
2861 1859 3165 1913 discrimine
3202 1875 3234 1911 a
3275 1866 3462 1913 sancto

2468 1930 2695 1981 Antonio
2729 1929 2888 1996 facta.

1958 2060 2055 2117 Est
2087 2069 2268 2116 autem
2298 2062 2478 2130 (mons
2509 2060 2567 2114 S.
2598 2061 2845 2128 Antonii)
2878 2061 3019 2114 inter
3048 2060 3373 2131 Babylonem
3405 2070 3459 2117 et

226 2155 544 2218 Βαϐυλῶνος
576 2157 670 2209 καὶ.
725 2156 1053 2226 Ἡρακλέους
1083 2157 1162 2217 είς
1192 2154 1291 2224 τὴν
1317 2152 1654 2222 πανέρημον,
1688 2150 1791 2223 τὴν
1889 2155 1914 2205 Ι

1769 2168 1791 2203 ν
1889 2153 2206 2206 Heracleam
2242 2153 2381 2207 situs
2416 2153 2471 2205 in
2510 2159 2665 2205 vasta
2712 2152 3029 2216 solitudine,
3060 2166 3199 2219 quae
3229 2152 3334 2207 fert
3390 2152 3457 2207 ad

224 2246 497 2317 φέρουσαν
524 2248 665 2301 κατὰ
696 2248 796 2318 τὴν
832 2246 1067 2317 ἐρυθρὰν
1101 2245 1392 2311 θάλασσαν,
1424 2245 1497 2308 ὡς
1515 2244 1622 2296 ἀπὸ
1636 2244 1791 2314 τριά-

223 2356 392 2393 κοντα
430 2339 671 2409 σημείων
692 2337 787 2391 τοῦ
817 2337 1087 2407 ποταμοῦ.
1120 2335 1287 2389 ἐλθὼν
1318 2338 1396 2400 εἰς
1423 2336 1484 2389 τὸ
1520 2338 1790 2407 μοναστή-

229 2448 345 2501 ριον
367 2430 429 2481 τὸ
462 2429 618 2500 παρὰ
644 2429 735 2483 τὸν
761 2430 1025 2499 ποταμόν,
1051 2431 1106 2483 ἐν
1129 2422 1174 2497 ᾧ
1205 2431 1254 2484 oi
1286 2428 1524 2499 μαθηταὶ
1552 2428 1717 2482 αὐτοῦ
1743 2431 1785 2468 ¹⁶

226 2522 572 2586 ἐκαθέζοντο,
610 2523 689 2585 είς
736 2521 796 2573 τὸ
827 2521 1114 2591 λεγόμενον
1164 2522 1369 2590 Πίσπιρ
1409 2521 1475 2581 ν’,
1510 2521 1792 2592 Μακάριος

226 2614 324 2666 καὶ
373 2612 635 2682 Ἀμάτας,
681 2612 729 2665 οἳ
761 2614 853 2666 καὶ
899 2613 1101 2683 ἔθαψαν
1138 2613 1229 2665 τὸν
1278 2613 1544 2683 μακάριον
1600 2612 1795 2665 Ἀντώ-

228 2721 341 2757 νιον
378 2706 421 2735 ³⁸
471 2703 827 2774 κοιμηθέντα,
871 2704 1199 2775 ἐξεδεξάμην
1240 2705 1451 2775 ἡμέρας
1498 2704 1678 2768 πέντε,
1706 2705 1796 2758 ἴνα

228 2793 481 2865 συντύχω
502 2793 579 2863 τῷ
610 2794 749 2864 ἁγίῳ
790 2794 1076 2866 Ἀντωνίῳ.
1106 2794 1320 2863 ἐλέγετο
1341 2795 1398 2847 δὲ
1432 2794 1795 2865 παραϐάλλειν

232 2886 401 2939 αὐτὸν
424 2884 504 2955 τῷ
535 2886 878 2956 μοναστηρίῳ
902 2885 1077 2955 τούτῳ
1102 2887 1231 2940 ποτέ
1259 2887 1356 2957 μὲν
1381 2887 1468 2942 διὰ
1487 2885 1553 2956 ιβ’
1577 2888 1642 2951 ¹⁹,
1664 2885 1796 2940 ποτέ

227 2978 287 3031 δὲ
324 2979 414 3032 διὰ
439 2976 487 3031 κ’
516 2979 584 3038 ⁸⁸,
625 2978 757 3031 ποτέ
791 2978 850 3030 δέ
879 2978 966 3031 διὰ
1004 2986 1044 3031 ν’
1081 2979 1123 3009 ¹¹
1154 2979 1395 3049 ἡμερῶν,
1424 2977 1603 3042 καθὼς
1634 2978 1797 3032 αὑτὸν

229 3071 262 3121 6
294 3069 433 3131 Θεὸς
463 3070 555 3122 ἐπὶ
582 3052 869 3140 εὐεργεσίᾳ.
890 3070 999 3122 τῶν
1032 3070 1552 3140 παρατυγχανόντων
1581 3066 1713 3140 ἦγεν
1738 3072 1797 3122 ἐν

1891 2258 2043 2299 mare
2081 2244 2327 2298 Rubrum
2380 2259 2445 2298 ac
2490 2244 2716 2312 triginta
2770 2242 2883 2297 fere
2925 2244 3176 2298 milliaria
3218 2244 3386 2299 distat
3428 2258 3458 2297 a

1891 2339 2079 2393 fluvio.
2142 2339 2223 2392 Ad
2288 2338 2677 2393 monasterium
2741 2339 2907 2407 igitur
2962 2354 3129 2407 quum
3187 2340 3458 2392 venissem

1895 2447 2062 2501 prope
2094 2431 2314 2485 ﬂuvmm
2357 2432 2522 2485 situm
2563 2445 2626 2483 ac
2666 2430 2845 2500 Pispir
2870 2439 3146 2494 vocatum,
3173 2431 3264 2485 ubi
3294 2430 3461 2485 disci-

1894 2524 2008 2593 puli
2043 2523 2160 2578 eius
2197 2522 2462 2577 sedebant
2496 2520 2766 2577 Macarius
2806 2531 2859 2576 et
2892 2522 3134 2586 Amatas,
3162 2524 3255 2592 qui
3298 2524 3461 2576 etiam

1896 2622 2145 2669 sanctum
2172 2614 2471 2667 Antonium
2496 2612 2812 2668 defunctum
2840 2614 3194 2683 sepelierunt,
3222 2614 3463 2683 quinque

1897 2705 2115 2771 diebus,
2160 2717 2219 2760 ut
2265 2717 2516 2761 sanctum
2557 2707 2856 2759 Antonium
2901 2706 3269 2767 convenirem,
3302 2719 3463 2773 expe-

1897 2799 2061 2851 ctavi.
2100 2796 2203 2862 Qui
2230 2796 2298 2849 ad
2343 2796 2448 2849 hoc
2482 2796 2876 2851 monasterium
2911 2795 3075 2849 modo
3098 2802 3219 2864 post
3250 2794 3460 2860 decem,

1898 2888 2060 2942 modo
2090 2897 2214 2956 post
2250 2888 2461 2958 viginti,
2495 2887 2769 2941 interdum
2806 2894 2862 2939 et
2900 2895 3023 2954 post
3063 2886 3462 2955 quinquaginta

1898 2979 2016 3033 dies
2044 2979 2304 3033 accedere
2333 2978 2637 3039 dicebatur,
2673 2985 2835 3047 prout
2866 2976 3008 3030 Deus
3038 2992 3160 3039 eum
3189 2984 3369 3045 ageret
3396 2976 3462 3028 ad

1902 3072 2332 3125 subveniendum
2382 3070 2470 3134 iis,
2506 3070 2599 3139 qui
2649 3085 2714 3123 eo
2752 3069 3100 3123 advenerant.
3132 3068 3289 3137 267
3315 3065 3463 3119 Varii

227 3156 308 3224 τῷ
364 3159 730 3229 μοναστηρίῳ.
772 3160 1018 3230 διάφοροι
1063 3156 1154 3212 οὖν
1195 3158 1535 3229 συνήχθημεν
1582 3159 1798 3228 ἀδελφοὶ
1825 3170 1867 3229 (ζ
1903 3177 1915 3215 :

1772 3161 1798 3212 τί
1825 3170 1867 3229 (1
1903 3169 2082 3216 autem
2110 3162 2309 3217 fratres
2334 3163 2405 3216 ob
2430 3162 2609 3215 varias
2636 3161 2992 3215 necessitates
3011 3173 3460 3219 conveneramus,

226 3249 517 3320 διαφόρους
559 3250 773 3321 ἔχοντες
816 3249 1024 3321 χρείας,
1076 3251 1133 3303 ἐν
1164 3245 1246 3313 οἷς
1285 3251 1380 3303 καὶ
1413 3250 1667 3315 Εὐλόγιός
1713 3267 1797 3313 τις

229 3358 366 3396 κ.τ.
398 3340 449 3395 λ.

348 3508 365 3523 .
411 3511 425 3525 .
466 3471 661 3540 συνέϐη
689 3472 744 3525 δέ
766 3471 864 3541 τὴν
890 3472 1054 3545 ἄλλην
1075 3472 1289 3544 ἡμέραν
1315 3472 1486 3526 ἐλθεῖν
1510 3473 1599 3526 τὸν
1626 3474 1798 3544 μέγαν

242 3562 525 3615 ’Λντώνιον
557 3564 794 3634 ἑσπέρας
820 3563 1058 3633 βαθείας,
1086 3564 1162 3627 ὡς
1186 3564 1288 3636 ἔφη
1313 3567 1341 3617 6
1360 3564 1611 3635 Κρόνιος,
1631 3566 1799 3635 ἐμπε-

228 3654 579 3725 φιόλωμένην
611 3657 685 3686 ²¹⁹
724 3656 970 3726 χλαμύδα
1009 3656 1334 3726 δερματίνην
1386 3656 1585 3727 φορῶν.
1617 3658 1797 3727 εἰσήρ-

227 3763 357 3816 χετο
384 3750 463 3809 είς
498 3748 558 3800 τὸ
592 3750 947 3819 μοναστήριον
980 3750 1165 3813 αὑτοῦ,
1198 3749 1293 3801 καὶ
1325 3750 1528 3818 ταύτην
1561 3746 1674 3819 εἶχε
1702 3749 1798 3819 τὴν

231 3838 521 3908 συνήθειαν
561 3842 618 3892 ἐν
641 3840 719 3909 τῷ
758 3842 967 3911 ἐρωτᾷν
992 3841 1083 3895 τὸν
1116 3840 1362 3911 μαθητὴν
1403 3839 1568 3891 αὑτοῦ
1602 3840 1798 3891 Μακά-

232 3946 349 4002 ριον
382 3931 509 4001 περὶ
540 3932 647 3985 τῶν
675 3933 1003 4003 ἐρχομένων,
1050 3933 1173 3995 τοὺς
1200 3934 1297 4001 μέν
1334 3932 1598 4001 μοναχοὺς
1639 3931 1797 4001 Ἱερο-

231 4022 526 4090 σολυμίτας
571 4024 776 4089 καλεῖν,
823 4026 951 4087 τοὺς
999 4024 1057 4076 δέ
1103 4026 1399 4094 κοσμικοὺς
1445 4024 1795 4091 Αἰγυπτίους.

230 4114 424 4182 ⁴Ινγρώτα
469 4109 559 4167 οὖν
615 4116 645 4166 6
686 4116 885 4183 μέγας·
921 4115 1113 4184 άδελφὲ
1154 4116 1428 4187 Μακάριε,
1460 4112 1621 4185 ἦλθόν
1657 4132 1799 4177 τινες

231 4205 451 4273 ἀδελφοὶ
507 4206 724 4271 ἐνθάδε;
767 4208 859 4259 καὶ
900 4206 1204 4277 ἀπεκρίθη’
1251 4204 1433 4278 ἦλθον.
1484 4209 1577 4260 καὶ
1622 4206 1796 4274 λέγει·

230 4298 519 4363 Αἰγύπτιοί
542 4300 677 4349 είσιν
706 4298 738 4365 ἢ
777 4299 1227 4368 Ἱεροσολυμίταις
1259 4300 1424 4352 ἔδωκε
1445 4299 1501 4352 δὲ
1529 4299 1676 4368 αὐτῷ
1706 4317 1799 4368 ση-

236 4392 387 4458 μεῖον
431 4390 557 4450 τοὺς
595 4389 999 4457 ἀπραγοτέρους
1032 4391 1126 4441 καὶ
1154 4390 1198 4421 ³⁸
1251 4374 1681 4459 ἀεργεῖς’λέγειν
1719 4391 1798 4442 ὅτι

1899 3270 1964 3308 ex
1990 3254 2191 3323 quibus
2221 3262 2273 3307 et
2305 3252 2563 3323 Eulogius
2588 3252 2993 3305 Alexandrinus
3024 3248 3289 3304 fuit.......

2087 3469 2298 3528 Evenit,
2333 3476 2391 3519 ut
2417 3467 2589 3521 altero
2626 3466 2712 3519 die
2750 3480 2982 3534 magnus
3005 3464 3299 3529 Antonius,
3322 3464 3465 3519 chla-

1897 3560 2077 3630 myde,
2102 3560 2247 3613 sicut
2270 3556 2503 3612 Cronius
2540 3557 2802 3615 narravit,
2832 3556 3054 3624 pellicea
3079 3558 3310 3611 amictus
3342 3572 3466 3611 sero

1898 3651 2111 3719 vesperi
2144 3650 2369 3702 veniret.
2403 3650 2581 3716 Atque
2620 3648 2898 3715 ingressus
2930 3655 3014 3701 est
3072 3648 3463 3703 monasterium

1900 3757 2081 3797 suum.
2119 3740 2231 3793 Hac
2261 3750 2441 3793 autem
2478 3740 2533 3791 in
2575 3738 2813 3793 Macario
2835 3738 3103 3806 discipulo
3146 3754 3246 3793 suo
3275 3738 3341 3793 de
3374 3740 3462 3803 iis,

1899 3835 1990 3903 qui
2044 3833 2395 3895 advenerant,
2431 3830 2817 3899 interrogando
2872 3830 3129 3884 utebatur
3175 3842 3468 3885 consuetu-

1899 3928 2044 3988 dine,
2080 3934 2139 3979 ut
2174 3923 2472 3977 monachos
2506 3928 2725 3975 vocaret
2767 3920 3314 3991 Hierosolymitanos.
3342 3936 3465 3975 sae-

1900 4018 2113 4071 culares
2144 4030 2272 4069 vero
2329 4015 2642 4084 Aegyptios.
2707 4012 2933 4082 Magnus
3001 4012 3213 4081 igitur:
3262 4012 3466 4066 Macari

1901 4108 2087 4171 frater,
2123 4106 2321 4174 inquit,
2361 4113 2701 4159 veneruntne
2738 4103 2844 4155 huc
2885 4103 3053 4172 aliqui
3089 4101 3326 4157 fratres?
3369 4102 3466 4157 Re-

1901 4200 2117 4268 spondit
2148 4219 2159 4251 :
2188 4196 2492 4252 Venerunt.
2532 4194 2623 4249 llle
2657 4213 2669 4249 :
2707 4192 2914 4248 Suntne
2944 4194 3211 4264 Aegyptii,
3246 4209 3314 4246 an
3344 4192 3467 4245 Hie-

1900 4290 2322 4361 rosolymitani?
2351 4288 2520 4356 Eique
2571 4287 2785 4355 signum
2818 4286 3060 4348 dederat,
3096 4293 3156 4337 ut
3194 4299 3309 4345 eos,
3345 4282 3469 4351 qui-

1900 4381 2004 4435 bus
2052 4381 2232 4433 minus
2282 4379 2480 4448 negotii
2516 4385 2681 4437 esset,
2732 4374 3026 4443 Aegyptios
3074 4388 3197 4428 esse
3237 4373 3462 4426 diceret.

230 4479 518 4544 Αίγυπτιοί
553 4479 706 4539 εἰσιν,
751 4481 844 4531 καὶ
878 4479 1059 4547 ἔλεγεν
1105 4479 1252 4548 αὐτῷ
1306 4481 1432 4549 περὶ
1480 4480 1588 4533 τῶν
1641 4482 1800 4549 Αίγυ-
1836 4488 1918 4553 ολ

1775 4511 1800 4519 -
1836 4501 1874 4553 D
1906 4472 2081 4540 Atque
2111 4471 2176 4523 ad
2218 4469 2512 4539 Aegyptios
2554 4466 2699 4537 quod
2733 4475 2966 4533 spectat,
2998 4464 3272 4517 Macario:
3304 4462 3462 4525 Para,

233 4570 408 4621 πτίων
437 4570 505 4599 ³³·
536 4570 759 4638 ποίησον
793 4571 962 4637 φακὸν
997 4572 1090 4623 καὶ
1122 4572 1209 4633 δὸς
1248 4572 1427 4633 αὐτοῖς
1461 4574 1671 4639 φαγεῖν.
1707 4572 1798 4624 καὶ

231 4661 411 4713 ἐποίει
466 4663 650 4723 αὐτοῖς
704 4662 866 4731 εὐχὴν
906 4664 951 4693 ’⁸
997 4665 1090 4715 καὶ
1141 4664 1370 4717 ἀπέλυεν
1420 4665 1634 4726 αὐτούς.
1683 4666 1788 4717 ἀπ-

233 4750 494 4817 εκρίνατο
524 4751 579 4801 δέ
601 4751 721 4803 τότε
750 4754 777 4804 ὁ
810 4753 1090 4823 Μακάριος
1124 4755 1248 4825 περὶ¹
1274 4754 1427 4823 ἡμῶν
1470 4753 1556 4806 διὰ
1593 4754 1681 4806 τὸν
1710 4754 1798 4805 λε-

232 4841 567 4911 λωϐημένον,
619 4844 698 4895 ὃτι
748 4844 967 4912 μιγάδες
1009 4844 1165 4897 είσίν.
1223 4845 1317 4897 ἐὰν
1370 4845 1425 4897 δὲ
1472 4846 1673 4912 ἔλεγεν.
1718 4848 1798 4898 ὅτι

242 4931 668 5000 ἰεροσολυμῖταί
702 4935 837 4985 εἰσιν
870 4935 936 4996 ’⁸,
968 4935 1256 4999 ἐκαθέζετο
1286 4936 1373 4988 διὰ
1398 4936 1576 5006 πάσης
1608 4937 1799 4999 νυκτὸς

230 5023 329 5075 καὶ
363 5023 541 5075 ἐλάλει
587 5024 767 5085 αὐτοῖς
807 5024 874 5077 τὰ
908 5026 1043 5094 πρὸς
1079 5027 1371 5096 σωτηρίαν.
1407 5029 1463 5079 ἐν
1493 5028 1674 5100 ἐκείνῃ
1705 5025 1798 5081 οὖν

230 5118 302 5185 τῇ
330 5115 537 5185 ἑσπέρα
566 5115 852 5181 καθεσθείς
870 5157 884 5182 ,
918 5117 1071 5189 φησί,
1109 5120 1491 5190 προσκαλεῖται
1538 5122 1742 5184 πάντας
1771 5124 1798 5174 ό

238 5208 414 5278 μέγας
444 5225 497 5260 κ.
533 5225 583 5261 τ.
612 5209 658 5260 λ.

1904 4565 2107 4634 inquit,
2162 4563 2381 4626 lentem,
2430 4568 2483 4614 et
2529 4560 2597 4612 da
2646 4559 2712 4613 iis
2754 4558 3060 4611 comedere.
3102 4554 3307 4609 Deinde
3340 4569 3465 4607 eum

1906 4658 1975 4713 iis
2021 4657 2321 4711 orationem
2377 4652 2632 4713 faciebat,
2688 4664 2890 4717 eosque
2932 4648 3259 4703 dimittebat.
3314 4645 3467 4700 Tunc

1906 4748 2177 4802 Macarius
2217 4747 2282 4800 de
2314 4745 2471 4799 nobis
2510 4743 2581 4796 ob
2621 4742 2925 4793 mutilatum
2961 4741 3111 4793 illum
3143 4739 3461 4808 respondit:

1905 4842 2057 4896 Mixti
2102 4840 2319 4894 adsunt.
2370 4837 2466 4888 Sin
2500 4833 2715 4888 dicebat
2751 4851 2764 4885 :
2796 4831 3273 4900 llierosolymitani
3315 4838 3464 4894 sunt,

1906 4942 2128 4988 sanctus
2174 4946 2272 4998 per
2318 4936 2483 4979 totam
2538 4932 2756 4975 noctem
2810 4921 3063 4982 sedebat,
3114 4922 3182 4974 ad
3227 4936 3461 4990 eosque,

1904 5042 2043 5097 quae
2083 5024 2147 5077 ad
2185 5024 2411 5077 salutem
2442 5016 2734 5085 pertinent,
2775 5013 3122 5080 loquebatur.
3164 5011 3255 5066 llla
3286 5020 3466 5066 autem

1912 5132 2139 5187 vespera
2164 5114 2385 5181 Magnus
2422 5108 2615 5163 sedens
2650 5120 2841 5159 omnes
2866 5106 3266 5159 arcessivit.....

1497 5366 1753 5421 VARIAE
1790 5364 2189 5422 LECTIONES.

308 5509 356 5581 ξ’
395 5509 493 5561 καὶ
522 5526 630 5563 om.
664 5512 726 5564 A.
807 5512 848 5543 "
885 5510 990 5565 Pro
1024 5518 1149 5566 κατ’
1178 5512 1419 5580 ἐκείνην
1441 5544 1507 5552 -—
1530 5512 1781 5578 ποιῆσαι
1815 5512 1853 5564 Β
1880 5514 2031 5581 ὑπὲρ

235 5577 361 5646 χῶν
385 5582 495 5632 οὐκ
529 5581 844 5648 ἠδυνήθην
877 5582 1117 5650 ποιῆσαι.
1198 5585 1243 5616 ίδ
1278 5587 1326 5637 εί
1361 5577 1467 5637 um.
1500 5584 1541 5635 A
1571 5584 1627 5641 Β.
1658 5577 1844 5636 addidi
1878 5599 1944 5636 ex
1977 5577 2120 5636 coni.
2202 5582 2242 5612 ¹⁸
2275 5582 2312 5631 Β

231 5652 644 5721 σχολ-ιιστικοῦ
684 5653 781 5703 καὶ
827 5653 931 5705 τοῦ
973 5649 1407 5720 λελωϐημένου.
1486 5655 1529 5684 ¹⁶
1568 5653 1609 5704 Β
1641 5653 1875 5721 μαθηταὶ
1923 5653 2027 5705 τοῦ
2063 5651 2327 5719 μεγάλου
2360 5649 2669 5721 ἀντ-ωνζυυ-

862 5724 1156 5791 μακάριον
1190 5723 1493 5776 Ἀντώνιον
1528 5723 1565 5774 Β
1593 5722 1775 5774 αὑτὸν
1811 5723 1933 5773 τόν.
2012 5723 2050 5753 ³⁸
2082 5722 2120 5774 Β
2146 5721 2307 5773 δέκα.

236 5733 343 5769 nm.
384 5717 446 5770 B.
525 5720 568 5750 ⁸⁸
602 5720 704 5773 Pro
737 5722 843 5773 τὸν

2062 5512 2314 5580 γυναῖκα
2340 5510 2435 5561 καὶ
2461 5509 2574 5577 ἐγὼ
2605 5507 2789 5580 ,πλείω
2832 5502 2950 5556 τῶν
2984 5500 3335 5580 τριακοσίων
3370 5502 3467 5576 si):

2348 5570 2553 5648 profert
2596 5577 2808 5648 titulum
2834 5592 2857 5648 _:
2887 5570 3329 5648 ngplsbloﬂog
3360 5570 3465 5619 τοῦ

2751 5646 2788 5673 ¹⁷
2830 5644 3146 5704 ἐκαθέζοντο
3172 5668 3239 5677 -
3264 5639 3467 5703 Πὶσπιρ

2385 5720 2429 5749 ¹⁰
2454 5718 2491 5768 Β
2516 5717 2727 5769 εἴκοσι.
2805 5716 2847 5744 ἰ
2870 5714 2908 5763 Β
2937 5712 3289 5763 πεντίκοντα
3318 5706 3461 5775 (sic).

237 5789 304 5861 ¹¹έ
334 5791 376 5840 Α
409 5790 573 5861 verbo
598 5792 836 5855 φιϐλοῦν.
862 5776 945 5844 ’ρῆ
979 5776 1234 5861 Stephani
1272 5794 1535 5849 Thesaur.
1614 5794 1656 5823 ²²
1697 5793 1792 5845 καὶ
1849 5808 1954 5847 om.
1984 5791 2045 5846 Λ.
2124 5793 2168 5825 ’³
2206 5792 2333 5859 περὶ
2376 5788 2492 5842 τῶν
2514 5784 2847 5855 Αἰγυπτίων
2871 5798 2977 5838 om.
3009 5781 3066 5833 Β.
3144 5782 3190 5811 ³⁵
3228 5778 3268 5831 Β
3301 5776 3465 5847 εὐχὴν

230 5860 397 5925 μίαν.
487 5860 529 5890 ³⁸
570 5865 722 5915 εἰσιν
746 5878 851 5917 οω.
886 5865 945 5915 Λ.
