4274 6358
785 361 891 416 203
1606 371 1705 429 SS.
1746 375 2205 436 MACARIORUM
2275 381 2595 441 AEGYPTII
2647 386 2733 441 ET
2774 386 3239 443 ALEXANDRINI
3936 386 4040 442 τοι

1545 486 1598 539 5.
2388 509 2433 560 Α
3231 505 3265 557 3

1393 616 1466 671 De
1522 618 1756 677 Valente.
2982 645 3081 710 Πει

2982 642 3120 710 Περὶ
3146 642 3504 707 Οὐάλεντος.

865 766 1062 825 Valens
1091 771 1334 841 quidam,
1374 791 1572 846 genere
1610 778 1979 849 Palaestinus,
2020 785 2076 839 in
2117 788 2362 843 solitudi-
2533 796 2553 845 (

2347 820 2362 830 -
2533 792 2745 864 Οὐάλης
2768 813 2851 859 τις
2882 811 2943 849 το
2974 812 3131 865 γενος
3171 798 3532 860 Παλαιστινὸς
3573 798 3672 866 τὴν
3707 796 3915 867 ἔρημον
3945 812 4035 848 κα-

793 873 918 913 nem
948 862 1227 930 profectus
1251 866 1468 937 longum
1506 878 1719 942 tempus
1751 874 2036 930 nobiscum
2072 877 2359 937 habitavit.
2460 900 2481 935 τ

2343 924 2359 937 .
2460 862 2709 938 ταλαϐὼν
2757 886 2938 957 ῷκησε
2987 862 3107 960 μεθ’
3160 891 3319 960 ἡμῶν
3370 892 3463 944 ἐπὶ
3515 862 3763 941 πλείστον
3795 862 4025 958 χρόνον.

791 950 893 1016 Qui
943 970 1112 1025 quum
1172 960 1409 1014 maxima
1472 962 1691 1019 vivendi
1748 969 2039 1025 severitate
2086 988 2359 1030 summam
2462 975 2479 1027 ε

2344 991 2359 1030 I
2462 975 2607 1038 ὅστις
2639 950 3031 1051 μεγάλῃ-βιούς
3052 983 3098 1013 ¹⁶
3130 950 3525 1052 σκληραγωγίᾳ.
3563 981 3624 1033 τὸ
3654 950 3889 1049 ἄκρονῒ⁷
3932 980 4032 1048 τῆς

794 1045 1084 1102 asceticam
1124 1050 1292 1105 vitam
1333 1058 1690 1126 suscepisset.
1722 1076 1861 1115 vana
1900 1064 1967 1118 de
2004 1080 2063 1120 se
2106 1068 2363 1137 opinione
2461 1066 2482 1119 Α

2346 1085 2363 1125 3
2461 1045 2746 1138 ἀσκήσεως
2768 1045 3115 1142 κατορθώσας
3145 1074 3211 1139 ’⁸,
3255 1045 3324 1127 ’ἐν
3357 1045 3550 1143 voltis-st
3584 1073 3676 1126 καὶ
3723 1045 3890 1142 τύφῳ
3930 1045 4034 1123 ὑπὸ

793 1150 857 1187 ac
904 1141 1157 1207 superbia
1208 1158 1240 1197 a
1284 1145 1550 1202 daemone
1579 1151 1771 1206 irrisus
1822 1162 1875 1207 et
1917 1157 2011 1209 tali
2049 1161 2360 1227 perniciosa
2461 1158 2481 1211 ε

2344 1175 2360 1213 ι
2461 1158 2713 1230 δαίμονος
2740 1141 3077 1232 χλευασθείς,
3108 1168 3202 1221 καὶ
3247 1167 3350 1220 ὑπὸ
3386 1141 3481 1219 τού
3516 1165 3755 1218 τοιούτου
3786 1141 4032 1233 ὀλεθρίου

791 1227 958 1281 animi
994 1233 1305 1290 calamitate
1339 1238 1490 1293 brevi
1537 1249 1783 1312 tempore
1833 1246 2093 1317 deceptus
2150 1260 2257 1320 est,
2302 1262 2362 1308 ut
2463 1271 2479 1305 1

2345 1262 2362 1307 ι
2463 1255 2668 1319 πάθους
2692 1257 2833 1309 κατὰ
2864 1258 3058 1329 μικρὸν
3082 1259 3458 1330 ἀπατώμενος,
3488 1258 3584 1329 τὴν
3605 1257 3840 1309 διάνοιαν
3866 1253 4033 1307 αὑτοῦ

792 1323 1016 1390 angelos
1046 1340 1169 1379 cum
1194 1328 1311 1396 ipso
1339 1338 1675 1402 conversari,
1720 1347 1772 1392 et
1802 1340 1855 1392 in
1886 1344 2081 1410 quovis
2109 1346 2361 1402 ministe-
2464 1364 2480 1397 1

2346 1377 2361 1387 -
2464 1347 2841 1417 παρεσκεύασε
2865 1323 2878 1326 ἠ
2897 1323 3366 1421 μεγαλοφρονῆσαι
3386 1390 3400 1413 ,
3459 1323 3553 1412 ὡς.
3588 1348 3832 1416 ἀγγέλων
3882 1346 4034 1415 αὐτῷ

795 1414 876 1464 rio
931 1414 1033 1483 ipsi
1087 1418 1349 1476 inservire
1400 1425 1649 1481 iactaret.
1699 1429 1748 1484 ls
1800 1435 2073 1501 quondam
2118 1447 2359 1508 sportam
2465 1455 2483 1489 ε

2346 1456 2359 1493 ι
2465 1440 2931 1509 συντυγχανόντων
2956 1443 3137 1495 καὶτὰ
3162 1441 3297 1512 πρὸς
3319 1442 3553 1509 ἑκάστην
3578 1439 3848 1492 διακονίαν
3884 1436 4034 1505 αὐτῷ

791 1517 1088 1571 consuens,
1134 1520 1192 1563 ut
1234 1513 1355 1567 eius
1398 1517 1533 1569 socii
1577 1533 1894 1589 narrarunt,
1933 1526 2098 1595 268
2127 1531 2358 1599 vesperi,
2463 1548 2479 1583 ε

2345 1571 2358 1593 ,
2463 1531 2907 1600 εύτρεπιζόντων.
2954 1534 3049 1586 καί
3105 1551 3235 1586 ποτε
3295 1532 3530 1602 σπυρίδα
3583 1530 3879 1601 ράπτοντος
3928 1528 4030 1580 αὖ·

791 1609 960 1661 quum
980 1600 1178 1656 multae
1206 1606 1461 1661 tenebrae
1483 1621 1691 1677 essent,
1710 1628 2016 1684 acum,qua
2037 1622 2360 1685 consuebat,
2461 1640 2479 1674 ι

2345 1663 2360 1685 ,
2461 1621 2553 1674 τοῦ
2579 1623 2643 1688 ⁸⁸,
2665 1622 2740 1685 ὡς
2759 1624 3039 1693 διηγοῦντο
3062 1628 3110 1677 οἱ
3132 1624 3321 1678 τούτου
3346 1623 3611 1691 συνήθεις.
3635 1622 3717 1673 ὅτι
3740 1621 3796 1671 ἐν
3820 1619 4033 1686 ἑσπέρα

792 1687 995 1743 amisit.
1027 1690 1141 1755 Qua
1183 1709 1292 1748 non
1327 1698 1563 1765 inventa,
1596 1702 1827 1785 daemon.
1862 1707 1911 1760 ei
1946 1708 2246 1777 lampadem
2282 1711 2363 1767 fe-
2464 1712 2480 1782 ἑ

2341 1742 2363 1752 -
2464 1687 2685 1782 βαθείας
2720 1687 2937 1777 σκοτίας
2966 1714 3133 1785 οῠσης
3169 1715 3269 1783 τῆς
3320 1687 3541 1783 βελόνης
3591 1709 3931 1774 ἐκπεσούσης
3962 1707 4029 1768 ³⁸.

792 1779 888 1843 cit,
934 1794 1041 1847 qua
1101 1798 1255 1838 acum
1304 1791 1528 1859 reperit,
1582 1794 1655 1845 ita
1710 1805 1771 1848 ut
1810 1776 1977 1853 miser
2029 1776 2130 1855 iste
2187 1803 2362 1873 magis
2392 1802 2480 1903 Βὲ

792 1870 953 1903 “iam
978 1890 1114 1903 ..η-υ.
1146 1886 1355 1903 ......,.--
1395 1884 1619 1903 senm”,
1724 1887 1762 1903 -ι
1802 1891 1812 1900 .
1932 1899 1943 1903 -
2201 1895 2212 1903 .
2238 1895 2252 1903 .
2462 1890 2479 1903 .

2342 1818 2362 1858 5
2392 1848 2433 1903 Β
2464 1776 2520 1851 ἐν
2558 1776 3120 1875 ᾖκατέρῤαπτ[ασ]εν,
3140 1776 3238 1853 καί
3258 1776 3334 1873 μη
3360 1776 3705 1872 εὑρίσκοντος
3756 1796 3927 1863 αὑτήν
3961 1794 4030 1903 ³⁵.

790 1870 955 1925 etiam
978 1890 1116 1930 vano
1146 1886 1359 1936 tumore
1395 1884 1814 1943 inﬂareturpDei
1856 1899 2035 1945 autem
2064 1870 2357 1963 providen-
2392 1870 2431 1903 υ
2462 1890 2478 1941 ἳ

2346 1927 2357 1937 .
2392 1870 2431 1903 υ
2462 1890 2717 1960 λαμπάδα
2750 1870 2965 1961 αὐτῷό
2994 1870 3203 1963 δαίμων
3251 1870 3570 1961 πεποίηκεν,
3610 1887 3685 1951 ὡς
3717 1888 3811 1939 καὶ
3849 1886 4034 1955 εὑρεῖν

791 1963 865 2016 tia
895 1964 1221 2024 fraternitati
1244 1976 1528 2032 calamitas
1560 1980 1679 2035 eius
1708 1982 1871 2036 citius
1899 1984 2186 2039 manifesta
2219 1986 2358 2042 facta
2459 1995 2479 2029 τ

2347 2007 2358 2042 ι
2459 1978 2555 2048 τὴν
2582 1979 2822 2048 βελόνην,
2853 1980 2945 2031 καὶ
2980 1981 3070 2032 ἐπὶ
3105 1980 3279 2049 τούτῳ
3310 1980 3471 2033 πάλιν
3496 1979 3540 2009 ⁸⁹
3580 1978 3728 2045 ὄγκῳ
3759 1973 3900 2043 κενῷ
3932 1991 4035 2041 φν-

790 2064 893 2145 est.
940 2058 1074 2115 Nam
1124 2066 1343 2131 accidit,
1406 2078 1465 2123 ut
1522 2072 1765 2142 hospites
1819 2078 2038 2145 quidam
2097 2078 2358 2136 fratribus
2461 2084 2478 2119 ε

2346 2099 2358 2136 ς
2461 2068 2685 2137 σηθῆναι
2706 2070 2795 2123 τὸν
2819 2070 3019 2123 ἄθλιον.
3052 2074 3170 2123 κατ’
3199 2072 3506 2140 οἰκονομίαν
3536 2068 3593 2121 δὲ
3619 2066 3713 2118 τοῦ
3743 2065 3877 2117 Θεοῦ
3902 2065 4034 2116 θᾶτ-

793 2143 1003 2204 fructus
1037 2155 1276 2211 aestivos
1305 2157 1580 2215 afferrent.
1612 2143 1853 2229 Quorum
1890 2169 2225 2237 manipulum
2256 2170 2358 2224 do-
2458 2176 2481 2210 τ

2342 2202 2358 2212 .
2458 2176 2547 2210 τον
2573 2162 2639 2229 τῇ
2668 2160 2984 2233 ἀδελφότητι
3012 2163 3045 2231 ἡ
3075 2162 3265 2214 τούτου
3302 2161 3471 2231 βλάϐη
3496 2158 3791 2228 κατάδηλος
3815 2156 4030 2224 γέτονε.

790 2237 972 2294 minus
1018 2241 1283 2302 Macarius
1332 2252 1617 2322 presbyter
1667 2256 1960 2326 unicuique
2006 2258 2061 2311 in
2108 2260 2358 2314 cellulam
2461 2266 2478 2300 ε

2345 2276 2358 2314 ι
2461 2251 2656 2320 συνέϐη
2703 2250 2885 2315 ξένους
2930 2253 3083 2316 τινάς
3128 2252 3348 2324 ὀπώρας
3400 2254 3640 2321 ἐνεγκεῖν
3682 2252 3749 2320 τῇ
3801 2247 4033 2314 ἁδελφό-

790 2329 970 2394 misit,
1016 2336 1327 2408 pariterque
1370 2341 1572 2397 misero
1608 2343 1843 2401 Valenti.
1895 2347 1995 2402 Hic
2040 2364 2163 2403 eum
2193 2390 2208 2413 ,
2265 2353 2357 2420 qui
2456 2358 2478 2393 ἰ

2349 2353 2357 2405 ί
2456 2343 2667 2409 τητι³³.
2702 2346 2731 2396 6
2785 2345 2842 2397 δὲ
2878 2347 3064 2415 κύριος
3112 2346 3397 2416 Μακάριος
3441 2347 3469 2397 6
3512 2342 3876 2414 πρεσϐύτερος
3927 2340 4037 2391 άπ-

789 2423 1063 2490 attulerat,
1109 2430 1419 2485 verberavit
1450 2444 1503 2488 et
1544 2440 1875 2492 contumelia
1930 2439 2170 2497 afﬁciens
2201 2461 2213 2495 :
2241 2442 2358 2510 Dic,
2459 2432 2477 2484 έ

2348 2485 2358 2509 ,
2459 2432 2665 2485 έστειλε
2698 2435 2835 2505 πρὸς
2863 2436 3040 2507 δράκα
3057 2437 3271 2506 ἑκάστῳ
3292 2438 3370 2499 είς
3388 2435 3456 2489 τὰ
3475 2434 3683 2498 κελλία,
3712 2433 3911 2503 ὁμοίως
3936 2431 4036 2483 καὶ

790 2511 990 2583 inquit,
1046 2518 1331 2578 Macario:
1364 2533 1419 2579 te
1462 2526 1702 2583 deterior
1751 2546 1860 2585 non
1914 2548 2058 2598 sum,
2108 2534 2253 2604 quod
2300 2544 2358 2588 tu
2457 2543 2478 2577 ἰ

2346 2551 2358 2588 ι
2457 2525 2633 2594 τούτῳ
2658 2525 2735 2596 τῷ
2775 2526 2942 2597 ἀθλίῳ
2966 2528 3146 2600 υύάλῃ
3173 2528 3239 2582 ³⁵.
3278 2531 3305 2581 6
3343 2529 3400 2582 δέ
3422 2529 3515 2581 τὸν
3542 2528 3841 2598 κομίσαντα
3865 2525 4034 2593 ἔτυψε

790 2608 922 2661 mihi
967 2626 1193 2667 munera
1241 2617 1449 2673 mittas.
1486 2619 1663 2686 Quum
1699 2623 1865 2692 igitur
1912 2635 2137 2681 sanctus
2179 2626 2359 2681 Maca-
2460 2635 2478 2669 ³

2348 2656 2359 2667 .
2460 2620 2552 2670 καὶ
2592 2618 2776 2689 ὕϐρισε
2801 2620 2843 2651 ³³
2876 2620 3067 2688 λέγων·
3106 2622 3225 2673 εἰπὲ
3256 2621 3333 2692 τῷ
3363 2622 3408 2652 ³⁸
3454 2620 3755 2691 Μακαρίῳ,
3784 2619 3884 2671 οὐκ
3916 2615 4036 2686 εἰμι

790 2697 906 2753 rius
933 2716 1056 2755 eum
1088 2705 1374 2776 deceptum
1406 2726 1529 2767 esse
1561 2717 1930 2785 cognovisset,
1977 2718 2111 2772 abiit
2140 2719 2206 2772 ad
2236 2734 2359 2773 eum
2462 2723 2478 2758 ε

2348 2735 2359 2771 ι
2462 2723 2555 2760 σου
2598 2710 2791 2779 χείρων
2818 2711 2882 2773 ³⁷,
2919 2710 3004 2762 ἵνα
3047 2711 3111 2763 σύ
3155 2728 3243 2779 μοι
3283 2711 3529 2779 εὐλογίαν
3558 2712 3603 2742 ³⁸
3650 2710 3889 2779 πέμπῃς.
3937 2708 4036 2760 καὶ

789 2790 1209 2861 cohortandum,
1237 2807 1291 2852 et
1319 2817 1332 2853 :
1363 2799 1560 2860 Valens
1594 2804 1785 2873 frater,
1812 2809 2008 2877 inquit,
2043 2811 2238 2865 ilwsus
2264 2826 2358 2875 es;
2462 2817 2477 2867 Ἰ

2346 2827 2358 2875 ;
2462 2802 2621 2867 γνοὺς
2670 2802 2697 2851 ὁ
2746 2800 2898 2867 ἅγιος
2941 2803 3221 2872 Μακάριος
3266 2803 3365 2873 τὴν
3413 2803 3621 2872 πλάνην
3670 2800 3873 2863 αὑτοῦ,
3911 2798 4034 2869 μεθ’

789 2880 977 2938 desine
1006 2895 1059 2940 et
1089 2888 1385 2960 deprecare
1410 2895 1612 2951 Deum!
1653 2898 1756 2964 Qui
1785 2901 2210 2956 admonitionem
2242 2903 2360 2957 eius
2464 2892 2477 2940 ί

2348 2919 2360 2957 ς
2464 2891 2673 2961 ἡμέρας
2699 2892 2741 2921 ³⁹
2800 2892 3005 2962 ἀπῆλθε
3068 2894 3442 2963 παρακαλέσαι
3491 2895 3672 2952 αὐτόν.
3710 2893 3839 2973 οιαὶ
3883 2892 4036 2957 λέγει

790 2988 900 3027 non
924 2977 1150 3045 audivit,
1185 2985 1279 3038 sed
1308 2986 1629 3043 inobediens
1652 2992 1943 3046 oblocutus
1971 3000 2075 3047 est.
2103 2991 2361 3048 Diabolus
2462 3000 2478 3034 ι

2350 3010 2361 3048 ι
2462 2983 2610 3051 αὐτῷ
2636 2999 2646 3009 ·
2678 2984 2873 3053 ἀδελφέ
2905 2985 3084 3056 Ούάλη
3105 3026 3120 3049 ,
3162 2987 3487 3056 ἐνεπαίχθης
3511 3003 3524 3015 ·
3554 2986 3759 3038 παῦσαι
3792 2985 3885 3036 καὶ
3912 2984 4038 3055 δεή-

790 3065 959 3136 igitur
1006 3086 1175 3140 quum
1223 3090 1561 3147 compertum
1608 3082 1858 3149 haberet,
1909 3085 2199 3137 maximam
2256 3084 2361 3137 sibi
2465 3074 2478 3125 ε

2347 3086 2361 3137 ί
2465 3074 2586 3142 θητι
2638 3075 2731 3127 τοῦ
2781 3077 2936 3132 Θεοῦ.
2966 3082 2996 3131 6
3040 3080 3096 3131 δὲ
3144 3082 3203 3133 οὐ
3236 3082 3537 3152 προσέσχεν
3588 3084 3654 3151 τῇ
3691 3082 4035 3150 παραινέσει,

791 3159 951 3215 fidem
990 3179 1115 3218 eum
1155 3166 1436 3233 habuisse,
1473 3170 1699 3241 figuram
1734 3173 2037 3230 Salvatoris
2076 3175 2275 3239 induit,
2310 3185 2431 3245 etc
2464 3166 2479 3217 ε

2350 3185 2362 3229 ι
2389 3188 2431 3245 c
2464 3165 2704 3219 ἀπειθῶν
2733 3168 2826 3221 καὶ
2857 3171 3176 3239 ἀντιλέγων.
3212 3172 3646 3243 πληροφορηθεὶς
3682 3169 3773 3225 οὖν
3795 3175 3824 3225 6
3854 3171 4038 3224 διάϐο-

790 3259 960 3304 noctu
1000 3254 1069 3308 ad
1106 3270 1231 3309 eum
1284 3258 1339 3311 in
1377 3261 1759 3328 phantasmate
1792 3278 1915 3317 cum
1954 3266 2099 3318 mille
2138 3266 2361 3318 daemo-
2466 3258 2478 3307 ῖ

2349 3294 2361 3305 .
2466 3258 2574 3321 λος,
2614 3258 2695 3310 ὅτι
2729 3262 2807 3323 είς
2836 3262 3001 3334 ἄκρον
3028 3264 3173 3332 αύτῷ
3203 3263 3467 3328 πείθεται,
3496 3263 3819 3335 σχηματίζει
3844 3262 4037 3316 ἑαυτὸν

790 3341 954 3397 nibus
980 3343 1260 3413 lampadas
1293 3347 1593 3405 ferentibus
1626 3354 1801 3417 venit,
1834 3365 2121 3424 rotamque
2152 3357 2363 3424 igneam
2465 3366 2478 3399 ε

2351 3371 2363 3407 ι
2465 3351 2545 3411 είς
2576 3352 2621 3381 δ’
2649 3351 2740 3404 τὸν
2774 3354 3028 3425 Σωτῆρα,
3062 3357 3158 3408 καὶ
3198 3357 3551 3426 παραγίνεται
3591 3357 3725 3425 πρὸς
3748 3356 3914 3409 αὑτὸν
3941 3373 4039 3407 vu-

791 3436 1055 3501 ostendit,
1093 3440 1147 3492 in
1187 3456 1295 3509 qua
1341 3444 1516 3497 Inedia
1550 3444 1851 3502 Salvatoris
1889 3448 2115 3517 ﬁguram
2148 3449 2369 3503 simula-
2466 3459 2479 3493 π

2352 3476 2369 3488 .
2466 3443 2593 3504 κτὸς
2625 3445 2683 3495 ἐν
2727 3446 2998 3517 φαντασίᾳ
3043 3449 3180 3517 μετά
3228 3450 3495 3519 δαιμόνων
3532 3449 3715 3519 χιλίων
3749 3447 4040 3517 λαμπαδη-

792 3526 893 3579 vit.
943 3526 1095 3583 Unus
1131 3542 1312 3587 autem
1357 3537 1582 3590 accito:
1620 3537 1816 3591 Dilexit
1856 3548 1927 3604 te,
1976 3541 2173 3609 inquit,
2209 3542 2369 3594 Chri-
2466 3553 2480 3601 ς

2352 3566 2369 3581 ο
2466 3535 2645 3606 φόρων
2675 3538 2742 3599 ⁸¹,
2768 3538 3027 3593 δεικνύων
3055 3543 3245 3611 τροχὸν
3278 3542 3522 3612 πύρινον,
3552 3543 3647 3594 καὶ
3673 3542 3731 3593 ἐν
3765 3541 3915 3611 μέσῳ
3945 3540 4040 3592 τὸν

792 3628 913 3675 stus
942 3621 1013 3675 ob
1028 3624 1170 3679 vitae
1186 3637 1307 3681 tuae
1330 3628 1700 3698 integritatem
1734 3632 2157 3702 institutumque
2188 3640 2362 3699 tuum,
2466 3629 2480 3678 1

2352 3674 2362 3699 ,
2466 3628 2693 3698 Σωτῆρα
2724 3630 3093 3700 σχηματίζων,
3119 3634 3211 3685 καὶ
3232 3634 3327 3686 ἕνα
3352 3632 3834 3703 προσλαμϐάνοντα
3867 3634 3908 3662 δ’
3946 3632 4040 3683 καὶ

791 3717 849 3764 et
877 3712 1097 3767 advenit
1136 3725 1195 3769 ut
1237 3725 1288 3771 te
1320 3718 1535 3785 videat;
1582 3724 1843 3791 egredere
1882 3739 1912 3777 e
1943 3725 2079 3777 cella
2108 3739 2363 3793 eumque,
2464 3721 2479 3772 λ

2348 3762 2363 3786 ,
2464 3721 2690 3788 λέγοντα
2727 3722 2875 3793 αύτῷ
2900 3739 2914 3754 ·
2961 3724 3170 3795 ἠράσθη
3210 3741 3300 3777 σου
3347 3727 3374 3776 ό
3418 3724 3646 3794 Χριστὸς
3680 3726 3745 3793 τῇ
3783 3722 3877 3781 τοῦ
3920 3722 4036 3791 βίου

792 3801 840 3855 si
894 3806 1087 3872 procul
1152 3815 1388 3863 stantem
1451 3813 1686 3879 videris,
1743 3815 2109 3881 procumbens
2176 3814 2363 3867 adora.
2466 3829 2480 3863 π

2350 3853 2363 3867 .
2466 3813 2793 3883 καθαρότητι
2833 3815 2926 3866 καὶ
2968 3816 3213 3886 πολιτείᾳ
3248 3834 3363 3880 σου,
3408 3818 3504 3868 καὶ
3540 3816 3873 3886 παρεγένετο
3901 3814 4038 3882 πρὸς

796 3894 1062 3964 Egressus
1102 3900 1273 3969 igitur
1307 3916 1338 3955 e
1384 3903 1520 3956 cella
1561 3905 1881 3958 comitatum
1914 3906 2049 3959 vidit
2083 3905 2364 3974 lampadas
2468 3919 2484 3952 ε

2350 3922 2364 3960 ι
2468 3899 2528 3952 σὲ
2558 3901 2651 3955 τοῦ
2683 3903 2807 3955 ίδεῖν
2852 3922 2931 3958 σε.
2977 3905 3156 3971 ἔξελθε
3200 3907 3297 3974 τῆς
3338 3907 3529 3976 κέλλης
3581 3923 3695 3968 σου,
3730 3907 3823 3958 καὶ
3849 3903 4038 3956 τοῦτον

793 3984 1085 4042 ferentium
1124 4000 1177 4045 et
1208 3994 1385 4061 spatio
1414 3994 1528 4048 fere
1557 3995 1722 4049 stadii
1750 3996 2170 4061 Antichristum,
2201 4013 2362 4067 quem
2466 4013 2481 4046 1

2348 4013 2362 4049 I
2466 3995 2745 4065 πόρρωθεν
2793 3997 3000 4049 ἑστῶτα
3050 3998 3172 4049 ἰδὼν
3214 3998 3390 4066 κύψας
3441 3998 3837 4067 προσκύνησον.
3888 3999 3916 4049 ὁ
3977 3996 4036 4048 δὲ

797 4082 1162 4148 promnnbens
1194 4084 1463 4137 adoravit.
1502 4085 1668 4139 Miser
1703 4098 1884 4141 autem
1924 4097 2204 4157 tantopere
2234 4090 2365 4144 sub-
2464 4088 2485 4137 ὲ

2348 4118 2365 4129 -
2464 4086 2697 4152 ἐξελθὼν
2743 4084 2848 4140 εἶδε
2901 4089 3201 4158 παράταξιν
3242 4088 3681 4158 λαμπαδηφόρων
3720 4088 3787 4150 ⁸³,
3837 4088 3928 4139 καὶ
3958 4086 4036 4145 ὡς

792 4187 950 4225 acm-
983 4182 1035 4227 et
1062 4174 1325 4246 deceptae
1360 4180 1560 4232 mentis
1600 4179 1719 4242 fuit,
1764 4188 1822 4232 ut
1866 4179 1953 4233 die
1997 4181 2366 4249 subsequente
2465 4179 2480 4231 ἐ

2347 4195 2366 4235 3
2465 4177 2573 4231 ἀπὸ
2598 4177 2809 4230 σταδίου
2840 4178 2931 4229 τὸν
2965 4179 3325 4248 ἀντίχριστον,
3356 4179 3449 4230 καὶ
3482 4177 3658 4229 πεσὼν
3691 4175 4035 4246 προσεκύνη-

792 4268 1008 4323 veniret
1050 4270 1105 4323 in
1150 4272 1443 4325 ecclesiam
1484 4283 1538 4327 et
1578 4288 1763 4327 coram
1817 4273 2077 4328 omnibus
2111 4272 2358 4327 diceret:
2468 4288 2480 4321 ‹

2350 4291 2358 4324 :
2468 4287 2578 4322 σεν.
2632 4271 2722 4322 ἐπὶ
2778 4269 3029 4322 τοσοῦτον
3088 4270 3141 4321 δὲ
3188 4269 3654 4339 ὲφρενοϐλάϐησεν
3703 4268 4038 4338 αἰχμαλωτι-

790 4359 925 4415 Mihi
971 4365 1363 4419 communione
1404 4381 1540 4435 opus
1585 4382 1695 4419 non
1735 4376 1853 4429 est;
1903 4364 2179 4420 Christum
2219 4364 2364 4418 enim
2468 4381 2478 4413 ι

2350 4381 2364 4417 ι
2468 4361 2613 4425 σθεὶς
2651 4362 2679 4413 6
2708 4360 2889 4424 ἄθλιος
2912 4401 2925 4424 ,
2954 4362 3029 4424 ὡς
3067 4361 3184 4431 μεθ’
3212 4363 3423 4432 ἡμέραν
3450 4361 3672 4413 ἐλθόντα
3704 4362 3781 4423 είς
3813 4360 3912 4427 τὴν
3944 4361 4038 4411 ἐκ·

795 4453 905 4506 vidi
939 4454 1124 4509 hodie.
1170 4454 1325 4509 Tunc
1374 4466 1559 4526 patres
1606 4458 2061 4526 comprehensum
2112 4471 2235 4509 eum
2269 4470 2365 4523 per
2467 4470 2483 4504 ι

2348 4471 2365 4507 r
2467 4452 2693 4523 κλησίαν
2743 4454 2835 4506 ἐπὶ
2868 4454 3082 4505 πάντων
3119 4456 3322 4506 εἰπεῖν’
3360 4453 3470 4520 ἐγὼ
3516 4452 3798 4515 κοινωνίας
3844 4452 4036 4522 χρείαν

795 4553 1010 4614 tempus
1042 4547 1262 4615 aliquod
1296 4548 1441 4603 ferro
1464 4548 2060 4619 vinxerunt.269(1ui
2086 4547 2361 4601 continuis
2394 4549 2435 4601 ι)
2464 4562 2483 4595 c

2349 4563 2361 4601 ι
2394 4549 2435 4601 D
2464 4547 2563 4596 οὐκ
2607 4544 2750 4612 ἔχω·
2794 4546 2885 4598 τὸν
2930 4546 3160 4615 Χριστὸν
3202 4546 3309 4614 γάρ
3350 4545 3569 4615 ἑώρακα
3609 4546 3865 4615 σήμερον.
3913 4543 4037 4596 τότε

792 4636 995 4691 deinde
1029 4640 1288 4707 precibus
1316 4655 1414 4709 pro
1444 4656 1510 4694 eo
1540 4641 1698 4695 factis
1730 4654 1785 4695 et
1813 4632 2132 4693 multimoda
2165 4640 2361 4708 despe—
2470 4636 2480 4687 ἒ

2350 4668 2361 4678 -
2470 4636 2724 4699 λαϐόντες
2755 4638 2917 4690 αὐτὸν
2960 4641 3008 4690 οἱ
3040 4637 3272 4706 πατέρες
3312 4639 3357 4667 δ’
3406 4636 3661 4705 δεσμοῦσι
3699 4636 3897 4705 σιδήρῳ
3942 4638 4038 4687 ἐπὶ

794 4730 973 4782 ctione
996 4730 1217 4800 vitaque
1252 4734 1561 4785 austeriore
1589 4748 1783 4786 vanam
1808 4733 2117 4801 opinionem
2144 4732 2362 4785 ademe-
2470 4729 2482 4778 ἒ

2351 4761 2362 4771 -
2470 4728 2565 4779 ’ένα
2593 4731 2801 4798 χρόνον,
2833 4728 2927 4780 καὶ
2964 4728 3210 4795 συνεχέσι
3239 4730 3356 4789 ταῖς
3386 4729 3522 4796 ὑπὲρ
3548 4726 3711 4779 αὑτοῦ
3734 4726 3919 4794 εύχαῖς
3943 4729 4039 4778 καὶ

797 4832 944 4883 runt,
973 4822 1047 4875 ita
1087 4830 1145 4875 ut
1187 4834 1501 4879 sanaretur.
1538 4825 1850 4878 Contrariis
1893 4828 2040 4879 enim
2083 4823 2363 4876 contraria
2472 4839 2485 4871 τ

2352 4838 2363 4873 ι
2472 4821 2686 4891 ποικίλῃ
2706 4821 2967 4889 ἀδιαφορή
2978 4837 3055 4871 σει
3080 4821 3146 4851 ⁸⁵·
3164 4822 3256 4872 καὶ
3279 4817 3634 4890 ἀπραγοτέρῳ
3670 4819 3769 4888 βίῳ
3789 4819 3847 4871 τὸ
3868 4820 4040 4889 οἴημα

796 4915 1129 4968 conveniunt
1159 4916 1574 4971 medicamenta.
2468 4931 2484 4965 ε

2468 4912 2629 4965 αὑτοῦ
2659 4912 2975 4975 καθελόντες
3017 4912 3465 4983 ἁπεθεράπευσαν
3492 4913 3557 4964 ⁸⁵.
3588 4915 3699 4974 τοῖς
3747 4911 3853 4982 γάρ
3884 4912 4039 4965 ἐναν-

793 5007 928 5067 τίοις
960 5007 1027 5058 τὰ
1059 5007 1277 5059 ἐναντία
1330 5008 1553 5077 ἰάματα.
1587 5008 1882 5075 ἀναγκαῖον
1920 5001 2012 5058 οὖν
2046 5005 2344 5075 ἡγησάμην
2394 5005 2484 5057 καὶ
2515 5005 2638 5064 τοὺς
2674 5004 2781 5056 τῶν
2820 5006 3182 5074 ἠπατημένων
3228 5004 3376 5073 βίους
3413 5004 3640 5055 ἐνθεῖναι
3702 5003 3780 5072 τῷ
3848 5003 4039 5074 βιϐλίῳ

794 5096 930 5168 πρὸς
964 5097 1260 5164 ἀσφάλειαν
1291 5100 1397 5151 τῶν
1432 5099 1528 5166 μὲν
1560 5098 2009 5167 ἐντυγχανόντων,
2041 5097 2122 5148 ὅτι
2161 5098 2254 5149 καὶ
2281 5096 2474 5165 ἀρεταὶ
2518 5095 2771 5157 ὑπόθεσις
2798 5096 3037 5163 γίνονται
3068 5096 3328 5158 πτώσεως
3374 5098 3483 5159 τοῖς
3507 5096 3833 5165 άδιακρίτως
3866 5099 4038 5161 αὑτάς

801 5189 1245 5259 μετερχομένοις.

2062 5389 2319 5444 VARIAE
2356 5388 2761 5447 LECTIONES.

798 5591 839 5638 -__
865 5561 911 5638 ’ξ
943 5560 1255 5638 βιοὺςμοπι.
1288 5560 1349 5612 Β.
1381 5630 1417 5638 __
1446 5560 1490 5638 ς
1526 5560 1571 5612 Α
1606 5559 1901 5638 τδνιάκρον
1936 5562 2099 5638 βίοις.
2135 5630 2146 5638 _
2192 5562 2311 5638 ἐ’-Β
2340 5562 2734 5638 κατορθωκώς.
2823 5562 2878 5638 1’
2916 5560 3021 5638 Pro
3045 5560 3379 5638 ράπτοντος
3422 5561 3694 5638 αὐτοῦ-Β
3717 5559 4029 5638 ρᾼᾴπξοντέ.

797 5630 857 5701 ³⁸7
882 5633 922 5683 Δ
947 5632 1277 5695 πεσοῦσας.
1330 5699 1351 5701 ι
1380 5630 1420 5660 ⁸¹
1452 5628 1557 5683 Pro
1592 5628 1979 5701 εὑρίσκοντος
2010 5630 2204 5695 αὐτὴν
2234 5633 2275 5683 Β
2298 5628 2745 5701 εὑρισκομένοις.
2821 5632 2864 5662 ³⁸
2902 5632 2999 5701 ἐπὶ
3034 5628 3220 5696 τούτῳ
3258 5633 3444 5686 πάλιν
3481 5650 3586 5685 oin.
3614 5632 3671 5684 Β.
3750 5632 3793 5660 ³³
3832 5630 3872 5679 Β
3904 5629 4032 5694 τοῖς

795 5700 1081 5773 άδελφοῖς
1116 5699 1441 5773 ἐνεγκεζγζ
1480 5701 1523 5729 ³⁸
1560 5700 1919 5773 Β-ούάτὶεντι.
1962 5702 2041 5773 ’7³⁵
2075 5702 2113 5753 Β
2145 5702 2331 5773 ὕϐρισε
2366 5699 2467 5773 καὶ
2497 5699 2702 5773 ἔτυψε.
2778 5701 2823 5732 ³⁸
2862 5699 2941 5765 τῷ
2966 5718 3073 5755 om.
3101 5704 3172 5773 ᾼ.
3250 5705 3287 5735 ³⁷
3332 5704 3407 5755 Ex
3437 5705 3605 5763 coni.,
3638 5705 3687 5773 AA
3709 5702 3762 5773 AB
3790 5700 4025 5773 χρείων.

797 5770 846 5801 ⁸³
949 5773 1252 5845 εὐλογίας.Δ
1480 5771 1607 5845 μεθ’
1636 5770 1883 5845 ἡμέραν.
1959 5770 2011 5845 ‘_°r
2043 5770 2225 5845 ring;
2281 5773 2324 5802 δι
2356 5772 2444 5845 ΑΒ
2468 5772 2947 5845 λαμταδψόρων.
3024 5773 3068 5803 ⁸¹
3099 5772 3139 5825 Β
3165 5774 3601 5845 προσλαϐόντα.
3678 5770 3724 5798 ⁸³
3751 5772 3839 5825 AB
3872 5773 4023 5839 ,ιαμ-

797 5841 1166 5912 παδεφόρων,
1241 5841 1286 5873 ⁸⁵
1328 5840 1367 5891 Β
1401 5842 1449 5893 οἱ
1478 5840 1627 5908 ἅγιοι
1661 5842 1908 5911 πατέρες.
1978 5843 2043 5875 ιδ’
2071 5843 2111 5898 Β
2136 5843 2469 5911 ἀδιαφορία.
2548 5840 2593 5877 ⁸⁵
2620 5841 3108 5913 Βὲθεράπευσαν.
