4274 6358
235 387 342 440 205

1019 503 1053 555 4

799 615 940 686 Περὶ
982 617 1258 685 Ἦρωνος.

308 727 497 799 Ἥρων
528 745 610 792 τις
658 729 878 798 γέγονεν
933 731 1351 802 Ἀλεξανδρεύς,
1402 732 1653 800 γειτνιῶν
1700 750 1809 802 μοι,

236 821 472 886 ἀστεῖος,
501 821 783 894 νεώτερος,
815 823 1028 894 εύφυὴς
1060 825 1157 894 τὴν
1175 825 1434 888 διάνοιαν,
1461 825 1695 894 καθαρὸς
1723 825 1811 878 τὸν

239 913 373 981 βίον,
404 912 523 965 καθ’
555 914 860 985 ὑπερϐολὴν
885 915 1079 978 λεπτὸς
1110 918 1175 986 τῇ
1212 916 1411 989 ἀρίστῃ
1443 916 1705 985 πολιτείᾳ,
1737 917 1812 980 ὡς

237 1005 469 1068 πολλοὺς
503 1006 618 1048 “-"
646 1006 754 1058 τῶν
778 1007 1021 1076 συνήθων
1043 1007 1204 1060 αὑτοῦ
1232 1008 1428 1076 λέγειν,
1451 1010 1531 1061 ὅτι
1558 1009 1811 1072 πολλάκις

235 1096 326 1148 διὰ
357 1097 523 1166 τριῶν
551 1097 735 1167 μηνῶν
759 1099 943 1167 ἢσθιεν
964 1099 1031 1162 ⁸⁸,
1075 1099 1209 1169 μόνῃ
1236 1102 1300 1169 τῇ
1337 1100 1592 1168 κοινωνίᾳ
1611 1099 1809 1170 άρκού-

239 1203 400 1256 μενος
444 1189 533 1240 καὶ
561 1188 615 1239 εἴ
644 1207 744 1241 που
780 1191 1125 1260 παραφανείη
1172 1189 1578 1261 ἀγριολάχανον.
1620 1192 1810 1260 πεῖραν

235 1278 292 1330 δὲ
323 1280 511 1331 τούτου
538 1280 693 1349 ἔσχον
723 1281 876 1349 κάγὼ
905 1283 1000 1335 σὺν
1033 1282 1109 1352 τῷ
1145 1282 1422 1353 μακαρίτῃ
1467 1281 1694 1352 Ἀλϐίνῳ
1717 1283 1809 1334 ἐπὶ

237 1367 338 1437 τὴν
370 1370 567 1438 Σκῆτιν
588 1371 800 1423 ἀπιόντι
829 1371 1136 1439 ἀπέχουσαν
1159 1372 1251 1440 ἀφ’
1297 1372 1454 1442 ἡμῶν
1477 1372 1519 1403 ⁸⁸
1549 1373 1640 1424 ἐπὶ
1683 1372 1735 1442 μ’
1765 1373 1810 1405 ⁵ο

237 1460 506 1528 σημείοις.
551 1462 644 1512 καὶ
689 1463 746 1512 ἐν
793 1461 1000 1523 τούτοις
1047 1461 1321 1524 ὁδεύοντες
1370 1464 1527 1532 ἡμεῖς
1564 1463 1809 1534 δεύτερον

238 1549 516 1620 ἐφάγομεν
544 1553 637 1604 καὶ⁸
658 1551 840 1620 τρίτον
871 1552 914 1583 ⁵¹
941 1553 1186 1622 ἐπίομεν,
1211 1554 1415 1616 ἐκεῖνος
1438 1554 1493 1606 δὲ
1525 1554 1650 1624 μηδ’
1675 1555 1808 1617 ὅλως

235 1643 573 1711 γευσάμενος
619 1643 861 1707 πεξεύων
909 1645 954 1676 ⁸¹
1007 1643 1369 1712 ἀπεστήθιζεν
1427 1644 1673 1714 ψαλμοὺς
1720 1645 1807 1697 τὸν

238 1733 413 1803 μέγαν
438 1734 531 1786 καὶ
566 1735 753 1796 ἄλλους
783 1734 861 1796 ιε’,
892 1736 988 1802 τὴν
1029 1735 1164 1805 πρὸς
1212 1735 1491 1804 Ἐϐραίους
1522 1736 1805 1804 ἐπιστολὴν

235 1825 334 1876 καῖ¹
364 1825 611 1889 Ἡσαΐαν,
644 1826 734 1877 καὶ
767 1825 931 1895 μέρος
969 1827 1230 1896 Ἰερεμίου
1260 1827 1355 1878 τοῦ
1386 1830 1683 1898 προφήτου,
1715 1831 1806 1881 καὶ
1840 1843 1878 1895 Β

235 1919 452 1970 Λουκᾶν
485 1917 574 1968 τὸν
612 1918 1036 1986 Εὑαγγελιστὴν,
1080 1917 1176 1970 καὶ
1218 1917 1314 1980 τὰς
1347 1918 1654 1988 Παροιμίας
1674 1959 1688 1982 ,
1717 1925 1809 1972 καὶ

234 2008 425 2061 τοῦτον
475 2008 796 2061 καταλαϐεῖν
865 2009 964 2062 οὑκ
1007 2009 1352 2078 ἠδυνήθημεν
1407 2009 1704 2078 βαδίζοντα.
1753 2013 1809 2074 ὂς

235 2099 335 2151 καὶ
369 2099 530 2161 αὐτὸς
582 2100 719 2168 μετὰ
763 2101 956 2164 πόνους
1005 2100 1273 2170 μεγάλους
1304 2101 1394 2152 καὶ
1426 2102 1652 2172 ἱδρῶτας
1685 2121 1806 2170 γεν-

234 2190 422 2252 ναίους
445 2190 524 2261 τῷ
551 2192 704 2261 τύφῳ
729 2193 830 2262 τῆς
847 2191 1104 2254 ἀπονοίας
1129 2192 1314 2262 ἀρθεὶς
1335 2196 1415 2256 εἰς
1445 2192 1576 2262 ὕψος
1609 2196 1808 2264 μετέω-

235 2297 353 2352 ρον,
381 2281 632 2335 κάκεῖθεν
666 2283 894 2336 ἐλεεινὸν
924 2285 1057 2337 πᾶσι
1097 2283 1294 2353 πτῶμα
1318 2286 1656 2355 κατενεχθεὶς
1676 2327 1688 2349 ,
1722 2288 1809 2340 καὶ

235 2370 383 2425 κατὰ
415 2373 521 2426 τῶν
553 2374 723 2441 ἁγίων
755 2374 1006 2445 πατέρων
1035 2376 1208 2445 οίήσει
1239 2376 1442 2447 ματαίᾳ
1474 2379 1808 2449 μεγαλοφρο-

235 2465 428 2531 νήσας,
475 2465 684 2528 πάντας
729 2465 980 2537 ἐξύϐρισε
1030 2467 1234 2537 λέγων·
1285 2471 1367 2522 ὅτι
1410 2471 1458 2522 οί
1505 2471 1809 2541 πειθόμενοι

241 2555 397 2623 ὑμῶν
435 2559 502 2626 τῇ
541 2557 854 2628 διδασκαλίᾳ
892 2560 1238 2612 ἀπατῶνται·
1281 2561 1343 2613 ού
1377 2562 1479 2632 χρὴ
1514 2562 1620 2632 γὰρ
1666 2563 1810 2615 διδα-

240 2646 460 2710 σκάλοις
485 2648 691 2718 ἑτέροις
723 2650 952 2719 χρῆσθαι
978 2651 1017 2682 ⁸*
1043 2653 1312 2721 παρεκτὸς
1331 2653 1424 2705 τοῦ
1452 2653 1684 2723 Χριστοῦ
1718 2657 1809 2723 μό-

237 2754 353 2801 νου,
384 2739 466 2790 ὅτι
498 2741 660 2803 αὐτὸς
683 2742 711 2792 ὁ
739 2743 927 2812 Σωτὴρ
942 2738 1114 2796 εἶπεν
1138 2760 1156 2790 ι
1178 2743 1253 2813 μὴ
1273 2743 1539 2814 καλέσητέ
1559 2745 1810 2798 διδάσκα-

235 2827 330 2880 λον
357 2830 450 2881 ἐπὶ
478 2830 578 2897 τῆς
599 2830 721 2899 γῆς.
758 2849 777 2882 ι
811 2831 872 2894 ὃς
893 2831 985 2883 ἐπὶ
1028 2831 1279 2885 τοσοῦτον
1310 2833 1404 2886 καὶ
1455 2834 1616 2897 αὐτὸς
1667 2836 1809 2886 ἐσκο-

232 2917 392 2988 τίσθη
443 2920 542 2990 τὴν
598 2920 831 2973 διάνοιαν
873 2922 922 2953 ³⁸
966 2924 1032 2993 τῇ
1090 2923 1362 2994 κενοδοξίᾳ
1416 2925 1515 2994 τῆς
1561 2927 1808 2996 ῗοίήσεως

232 3007 442 3061 ἄνωθεν
481 3010 629 3062 κάτω
660 3010 829 3065 ἐλθών
850 3012 918 3077 ⁸⁸,
957 3013 1033 3076 ὼς
1062 3013 1226 3067 αὐτὸν
1256 3015 1389 3086 μηδὲ
1419 3018 1466 3047 ⁵⁸
1488 3019 1602 3080 τοῖς
1649 3018 1808 3081 θείοις

236 3100 559 3170 μυστηρίοις
593 3101 766 3156 θέλειν
809 3105 1225 3176 προσέρχεσθαι.
1273 3107 1578 3162 τελευταῖον
1618 3110 1693 3173 δέ,
1734 3112 1808 3172 ὡς

233 3194 343 3246 ὑπὸ
387 3196 743 3266 σφοδροτάτου
778 3200 948 3269 πυρὸς
983 3200 1086 3251 ὑπὸ
1116 3200 1209 3252 τοῦ
1253 3199 1502 3269 δαίμονος
1540 3200 1805 3264 ἐλασθεὶς,

230 3285 503 3354 κατῆλθεν
540 3291 619 3350 εἰς
657 3288 1064 3360 Ἀλεξάνδρειαν
1095 3291 1321 3361 προνοίᾳ
1357 3294 1457 3361 τῆς
1486 3290 1634 3354 θείας
1667 3294 1808 3345 οἰκο-

230 3376 428 3445 νομίας
452 3378 516 3442 ⁸⁷,
545 3378 685 3431 ὥστε
724 3381 838 3450 ἥλῳ
879 3382 983 3433 τὸν·
997 3377 1124 3451 ἧλον
1153 3382 1621 3452 ἀποκρούσασθαι·
1654 3403 1808 3455 περι-

231 3469 428 3520 έπεσεν
492 3469 600 3540 γὰρ
663 3471 1034 3542 ἀδιαφορίαις,
1085 3473 1180 3524 καὶ
1219 3472 1530 3543 θεατρικαῖς
1559 3475 1605 3506 ⁵⁸
1645 3478 1805 3528 ίππο-

230 3560 505 3631 δρομίαις,
546 3565 641 3614 καὶ
674 3564 990 3634 καπηλείοις
1022 3567 1120 3628 τὰς
1146 3566 1425 3636 διατριϐάς
1458 3563 1600 3637 εἶχεν
1624 3568 1688 3618 ⁸⁹.
1720 3568 1797 3618 τέ-

231 3654 324 3715 λος
354 3652 447 3706 καὶ
473 3655 550 3716 είς
568 3657 665 3725 τὴν
692 3656 985 3725 ἐπιθυμίαν
1014 3658 1112 3726 τῆς
1136 3658 1562 3727 γυναικομανίας
1586 3658 1807 3729 ληφθεὶς

232 3747 350 3810 καὶ,
377 3747 452 3808 ῶς
475 3747 520 3777 ⁸⁰
549 3748 840 3800 ἐσκέπτετο
863 3748 1198 3818 ἁμαρτῆσαι,
1227 3749 1415 3818 μιμάδι
1439 3750 1548 3802 τινὶ
1575 3751 1808 3819 συνεχῶς

229 3839 301 3889 τά
339 3838 475 3905 πρὸς
516 3838 576 3890 τὸ
621 3839 772 3901 ἕλκος
821 3839 985 3892 αὑτοῦ
1021 3839 1290 3907 διελέγετο
1331 3842 1395 3894 ⁶¹.
1447 3843 1539 3893 καὶ
1584 3844 1640 3892 ἐν
1694 3844 1806 3903 τοῖς

229 3925 492 3987 τοιούτοις
510 3928 552 3957 ⁸³
572 3926 686 3978 ὅντι
712 3928 756 3958 ⁸³
776 3929 998 3995 γέγονεν
1016 3929 1164 3998 αὐτῷ
1186 3930 1327 3982 κατά
1347 3947 1467 3983 τινα
1498 3934 1806 4001 οἰκονομίαν

230 4016 438 4085 ἄνθραξ
478 4020 616 4070 κατὰ
661 4020 761 4087 τῆς
795 4020 1044 4089 βαλάνου,
1080 4023 1174 4074 καὶ
1207 4023 1297 4074 ἐπὶ
1330 4022 1389 4086 ἒξ
1417 4022 1589 4091 μῆνας
1626 4023 1802 4075 τοσοῦτ

230 4127 324 4160 τον
349 4110 395 4140 ⁸⁸
421 4111 696 4180 ἐνόσησεν,
724 4111 798 4173 ὼς
827 4112 1211 4181 κατασαπῆναι
1239 4114 1404 4166 αὑτοῦ
1427 4115 1494 4167 τά
1525 4120 1686 4184 μόρια
1715 4117 1806 4167 καὶ

229 4200 555 4267 αὐτομάτως
587 4201 902 4256 ἀποπεσεῖν.
948 4201 1173 4272 ὕστερον
1205 4204 1263 4255 δὲ
1315 4203 1542 4270 ὑγιάνας
1593 4206 1684 4256 καὶ
1727 4207 1804 4266 είς

233 4291 585 4361 συναίσθησιν
627 4292 795 4344 ἐλθὼν
823 4293 1121 4362 ἐπανῆλθεν
1155 4293 1283 4347 ἄνευ
1329 4295 1437 4346 τῶν
1474 4295 1651 4363 μελῶν
1680 4296 1802 4347 τούο

228 4399 360 4446 των,
399 4384 492 4436 καὶ
521 4385 599 4445 είς
627 4385 842 4454 μνήμην
869 4384 967 4453 τῆς
999 4385 1248 4452 οὐρανίου
1285 4386 1558 4448 πολιτείας
1589 4388 1645 4440 ἐν
1677 4386 1802 4456 θείῳ

229 4477 538 4544 φρονήματι
563 4474 815 4542 γεγονώς,
838 4477 933 4528 καὶ
954 4475 1482 4548 ἐξομολογησάμενος
1503 4482 1612 4540 τοῖς
1628 4478 1801 4544 άγίοις
1832 4511 1876 4564 D

229 4565 471 4633 πατράσι
505 4564 678 4617 πάντα
734 4565 799 4617 τά
867 4565 1248 4634 συμϐεϐηκότα
1311 4567 1477 4636 αὐτῷ,
1507 4566 1799 4636 ἐνεργῆσαι

225 4659 296 4725 τῇ
326 4654 569 4726 πολιτείᾳ
602 4655 676 4725 μὴ
705 4656 909 4724 φθάσας
946 4659 1062 4726 μετ’
1087 4657 1274 4726 ὀλίγας
1298 4659 1511 4730 ἡμέρας
1543 4658 1801 4727 κεκοίμη-

225 4765 338 4804 ται.

1756 391 1960 455 ACTA.

3376 395 3481 449 206

2673 503 2722 556 4.

2529 598 2601 650 De
2644 597 2860 649 Ileronc.

1986 690 2110 742 Fuit
2146 690 2288 745 Hero
2329 690 2546 759 quidam
2597 689 3016 750 Alexandrinus,
3069 686 3200 740 mihi
3241 689 3473 750 vicinus.

1915 781 2176 843 urbanus,
2219 782 2561 842 adolescens,
2609 781 2749 831 bono
2804 780 3042 845 ingenio,
3083 779 3295 848 integra
3343 782 3476 844 vita,

1913 874 2333 926 conversatione
2370 888 2539 940 supra
2575 872 2788 924 modum
2826 871 3007 922 subtili
3043 886 3213 939 caque
3246 872 3473 941 optima,

1913 964 1985 1016 ita
2043 973 2099 1016 ut
2157 965 2307 1016 multi
2361 980 2390 1017 ο
2445 964 2810 1018 familiaribus
2866 967 2979 1017 suis
3035 966 3301 1026 dicerent,
3349 980 3472 1018 eum

1913 1070 2072 1124 saepe
2105 1057 2245 1107 intra
2282 1067 2391 1107 tres
2423 1072 2639 1108 menses
2671 1057 2837 1107 semel
2867 1056 3169 1119 comedere,
3203 1057 3318 1107 sola
3344 1073 3473 1109 con-

1912 1156 2117 1202 tentum
2174 1151 2557 1201 connnunione
2613 1160 2662 1200 et
2719 1149 2892 1201 sicubi
2957 1150 3300 1215 apparuisset
3353 1151 3474 1202 olus

1912 1247 2145 1305 agreste.
2187 1237 2632 1305 Experimentum
2691 1237 2853 1290 huius
2906 1239 2979 1290 rei
3039 1239 3151 1304 ipse
3208 1239 3305 1290 feci
3348 1255 3472 1290 cum

1911 1330 2069 1383 beato
2125 1330 2320 1382 Albino
2365 1330 2597 1383 abeunte
2648 1330 2698 1381 in
2741 1330 2963 1386 Scetun,
3007 1310 3146 1398 quae
3206 1332 3391 1382 aberat
3444 1345 3474 1382 a

1910 1422 2068 1473 nobis
2113 1419 2227 1474 fere
2258 1421 2619 1490 quadraginta
2666 1422 3009 1474 milliaiibus.
3041 1423 3216 1489 Atque
3265 1423 3318 1473 in
3371 1422 3474 1475 hoc

1912 1511 2107 1565 itinere
2165 1528 2264 1566 nos
2317 1513 2404 1566 bis
2460 1513 2800 1566 comedimus
2847 1519 2897 1564 et
2950 1523 3028 1563 ter
3067 1514 3347 1566 bibimus:
3383 1513 3474 1566 ille

1909 1618 2040 1657 vero
2068 1619 2232 1671 quum
2268 1604 2406 1656 nihil
2447 1619 2671 1672 prorsus
2709 1611 3005 1672 gustasset,
3052 1605 3193 1656 inter
3227 1604 3472 1658 eundum

1909 1695 2226 1748 memoriter
2257 1696 2646 1764 pronuntiabat
2677 1696 2942 1764 psalmum
2971 1711 3225 1764 magnum
3256 1704 3308 1749 et
3339 1697 3473 1749 alios

1909 1786 2238 1853 quindecim,
2261 1788 2541 1855 epistolam
2562 1787 2624 1839 ad
2646 1786 2939 1848 Hebraeos,
2969 1797 3020 1840 et
3045 1787 3253 1852 ls:iiam,
3273 1795 3325 1840 et
3353 1803 3474 1857 par-

1911 1889 2012 1931 tem
2033 1878 2289 1932 leremiae
2311 1880 2626 1947 prophetae,
2644 1880 2840 1932 deinde
2864 1879 3061 1930 Lucam
3081 1880 3472 1948 evangelistam

1911 1978 1963 2024 et
1997 1971 2286 2025 Proverbia
2322 1989 2331 2022 :
2365 1987 2540 2040 neque
2565 1987 2685 2025 eum
2715 1980 3024 2039 poteramus
3052 1971 3311 2038 Consequi
3344 1986 3473 2039 pro-

1912 2066 2268 2134 gredientem.
2299 2063 2443 2116 Idem
2477 2072 2600 2132 post
2633 2079 2858 2133 magnos
2894 2063 3107 2115 labores
3141 2070 3193 2116 et
3227 2062 3473 2130 praecla-

1910 2174 2001 2212 ros
2044 2157 2278 2211 sudores
2327 2157 2472 2211 fastu
2510 2166 2565 2211 et
2616 2159 2851 2212 stultitia
2902 2160 2954 2210 in
2996 2172 3271 2211 summum
3316 2156 3474 2211 fasti-

1910 2250 2058 2319 gium
2106 2250 2305 2315 elatus,
2347 2260 2401 2303 et
2441 2250 2641 2304 dehinc
2690 2251 2986 2304 miserabili
3039 2250 3296 2303 omnibus
3339 2264 3473 2303 casu

1909 2341 2072 2410 270
2105 2343 2519 2412 praecipitatus,
2550 2345 2710 2398 etiam
2742 2353 2966 2398 sanctos
2997 2351 3177 2412 patres
3206 2357 3345 2395 vana
3387 2343 3474 2396 sui

1909 2435 2167 2502 opinione
2208 2435 2279 2488 ita
2307 2438 2643 2505 contemptui
2678 2437 2891 2499 habuit,
2927 2445 2983 2489 ut
3012 2437 3265 2489 omnibus
3299 2436 3474 2489 insul-

1912 2535 2048 2579 taret
2094 2527 2281 2581 dicens
2318 2549 2328 2581 τ
2364 2529 2466 2592 Qui
2503 2537 2694 2598 parent
2733 2539 2944 2583 vestrae
2975 2530 3277 2592 doctrinae,
3330 2529 3473 2582 deci-

1911 2619 2165 2688 piuntur;
2217 2635 2392 2689 neque
2437 2622 2582 2674 enim
2628 2630 2841 2690 oportet
2894 2623 3172 2691 magistris
3222 2623 3344 2676 aliis
3396 2624 3470 2675 uti

1913 2721 2128 2779 praeter
2154 2713 2336 2766 solum
2368 2711 2669 2775 Christum,
2701 2714 2826 2783 quia
2866 2715 2979 2781 ipse
3007 2714 3257 2767 Salvator
3289 2713 3425 2767 dixit
3457 2733 3468 2766 :

1916 2801 1997 2854 Ne
2024 2804 2328 2856 vocaveritis
2354 2804 2666 2872 magistrum
2694 2820 2846 2871 super
2876 2815 3092 2856 terram.
3123 2803 3267 2858 Idem
3295 2814 3477 2860 mente

1911 2901 2195 2962 tantopere
2228 2895 2559 2949 obcaecatus
2591 2905 2675 2950 est
2711 2911 2844 2947 vana
2877 2896 3233 2960 persuasione
3260 2895 3475 2963 opinio—

1912 2987 2020 3044 nis.
2065 2987 2319 3039 deorsum
2351 3002 2613 3055 praeceps
2662 2986 2834 3039 factus
2913 2996 2968 3038 ut
3015 2986 3182 3039 nollet
3217 2985 3475 3040 accedere

1913 3079 1979 3130 ad
2014 3078 2198 3131 divina
2231 3080 2515 3148 mysteria.
2565 3077 2906 3132 Postremum
2950 3079 3091 3131 sicut
3122 3093 3151 3130 a
3185 3079 3474 3131 vehemen-

1835 3169 1876 3227 C
1911 3171 2126 3224 tissime
2172 3171 2295 3239 igne
2345 3185 2375 3223 a
2424 3171 2686 3225 daemone
2737 3172 2995 3239 agitatus,
3043 3171 3194 3223 venit
3240 3171 3474 3222 Alexan-

1909 3263 2081 3314 driam
2125 3262 2311 3316 divino
2365 3262 2600 3331 quodam
2653 3263 2906 3326 consilio,
2963 3273 3012 3316 ut
3058 3263 3212 3315 clavo
3260 3264 3474 3315 clavum

1911 3354 2245 3406 extruderet.
2290 3355 2537 3407 lncidens
2573 3355 2716 3406 enim
2763 3355 2815 3405 iu
2860 3353 3258 3408 indilTerentem
3291 3369 3472 3406 rerum

1909 3461 2093 3508 usmn,
2120 3444 2175 3498 in
2205 3446 2442 3499 scenicis
2471 3446 2863 3514 hippodmmis.
2897 3456 2948 3498 et
2982 3451 3034 3498 in
3064 3447 3324 3514 cauponis
3351 3461 3472 3497 ver-

1910 3538 2151 3590 sabatur.
2189 3537 2430 3605 Denique
2476 3548 2527 3592 et
2559 3539 2612 3589 in
2652 3542 3002 3605 cupiditatem
3039 3537 3473 3590 mulieriositatis

1910 3628 2095 3694 lapsus
2128 3642 2293 3693 quum
2331 3629 2688 3680 meditaretur
2716 3643 2960 3695 peccare,
2997 3643 3118 3679 cum
3146 3628 3306 3678 mima
3338 3643 3475 3694 qua—

1908 3719 2028 3776 dam
2061 3720 2279 3773 assidue
2306 3721 2691 3775 conl‘abulatus
2724 3723 2772 3774 ei
2809 3723 3008 3774 vulnus
3042 3737 3200 3774 suum
3234 3722 3469 3789 aperuit.

1911 3810 2087 3878 Atque
2134 3828 2299 3879 quum
2352 3813 2446 3863 tali
2497 3813 2891 3866 consuetudine
2950 3821 3215 3876 uteretur,
3274 3823 3472 3865 enatus

1909 3916 1994 3957 est
2055 3905 2104 3956 ei
2162 3906 2347 3957 divino
2407 3906 2639 3972 quodam
2712 3907 2941 3957 consilio
2993 3907 3362 3958 carbunculus
3417 3906 3472 3957 in

1910 3997 2124 4064 glande,
2154 4004 2208 4049 et
2237 4013 2332 4065 per
2361 4013 2454 4050 sex
2490 4013 2706 4050 menses
2731 3999 2864 4049 adeo
2889 4000 3211 4064 aegrotavit,
3243 4005 3300 4048 ut
3329 4012 3474 4049 con;-

1913 4090 2223 4155 putruerint
2274 4089 2390 4142 eius
2443 4089 2616 4140 virilia
2663 4098 2715 4140 et
2761 4104 2856 4138 sua
2907 4096 3100 4155 sponte
3145 4088 3467 4140 deciderint.

1908 4178 2258 4231 Postmodum
2299 4195 2428 4231 vero
2473 4196 2639 4245 quum
2681 4183 3051 4234 convaluisset
3093 4188 3145 4234 et
3187 4181 3251 4232 ad
3286 4179 3474 4232 melio—

1909 4286 2020 4324 rem
2079 4272 2284 4340 frugem
2342 4287 2398 4324 se
2441 4273 2757 4339 recepisset,
2817 4288 3070 4325 reversus
3125 4280 3209 4325 est
3267 4272 3471 4339 absque

1906 4362 2167 4415 membris
2222 4364 2350 4424 illis,
2402 4373 2453 4415 et
2510 4379 2632 4415 cum
2689 4365 2739 4414 in
2800 4365 3113 4415 memoriam
3156 4371 3471 4416 revocasset

1907 4461 2196 4512 coelestem
2224 4461 2722 4520 conversationem,
2768 4470 2824 4512 ut
2855 4475 2912 4512 ea
2946 4464 3174 4512 sentiret
3197 4472 3335 4525 quae
3374 4456 3468 4509 Dei

1911 4565 2057 4612 sunt,
2113 4563 2164 4604 et
2225 4552 2513 4606 confessus
2565 4564 2709 4606 esset
2763 4553 2968 4603 sanrtis
3025 4551 3287 4619 patribus,
3331 4563 3470 4617 quae

1909 4643 2221 4695 acciderant
2275 4645 2346 4702 ei,
2409 4643 2472 4694 ad
2526 4658 2663 4711 Opus
2722 4643 3156 4695 conversationis
3201 4657 3308 4694 non
3348 4655 3467 4692 am:

1908 4733 2048 4800 plius
2080 4734 2346 4801 pervenit,
2388 4732 2481 4786 sed
2515 4732 2704 4800 paucis
2739 4743 2856 4800 post
2893 4732 3085 4786 diebus
3116 4731 3465 4785 obdormivit.

1496 4929 1746 4985 VARIAE
1808 4930 2209 4988 LECTIONES.

300 5084 420 5122 "-‘7
457 5085 498 5135 Α
533 5086 742 5149 πολύς.

226 5153 700 5225 τεσσαράκοντα.
779 5157 820 5186 ⁵¹
863 5157 1061 5222 τρίτον
1086 5171 1194 5207 0111.
1220 5156 1281 5207 A.
1359 5157 1403 5187 "
1443 5155 1698 5215 πεζεύων
1728 5172 1835 5208 om.
1864 5157 1922 5208 B.
1950 5153 1979 5154 ⁷⁷
2002 5158 2047 5187 ⁸³
2086 5158 2126 5208 Β
2155 5153 2515 5225 χρήσασθαι.

819 5086 864 5117 ⁸⁸
902 5086 945 5137 Δ
986 5084 1026 5136 Β
1054 5086 1274 5140 ἐσθίεν.
1352 5086 1397 5117 ⁸⁸
1438 5085 1723 5156 Εκηοοῐιίη
1758 5089 1801 5137 Α
1832 5087 2095 5154 ἀπεχοὺς
2122 5089 2221 5156 ἀφ’
2252 5089 2492 5156 ήμῶν,Β
2528 5089 2710 5156 ἁγίων
2740 5089 3048 5154 ἀπεχούσῃ
3096 5089 3257 5156 (sic).

2594 5092 2710 5140 ·ἰων
2740 5092 3048 5154 ἀπεχούσῃ
3096 5092 3257 5156 (sic).
3343 5092 3390 5121 ⁵ο
3425 5092 3463 5141 Β

2594 5160 2639 5188 ⁵⁸
2676 5157 2780 5210 Pro
2812 5158 2877 5220 ὃς
2910 5159 3006 5209 ἐπὶ
3035 5189 3102 5197 —-
3135 5159 3400 5212 διάνοιαν
3423 5162 3462 5213 lt

226 5223 533 5295 thoﬁrm:
553 5223 620 5274 δὲ
657 5226 981 5290 ἐσκοτίσθη
1007 5228 1113 5277 τὸν
1157 5228 1466 5294 λογισμόν.
1544 5226 1589 5256 ³⁸
1615 5226 1687 5291 τῇ
1719 5226 2031 5293 aer-0805a
2061 5258 2122 5265 —
2153 5223 2340 5279 ἐλθών
2368 5243 2475 5280 om.
2504 5229 2562 5279 B.
2639 5228 2684 5260 ⁸⁸
2717 5228 2789 5279 Ex
2823 5229 2989 5289 eoni.,
3032 5230 3072 5278 A
3101 5229 3173 5290 ὡς
3207 5230 3460 5295 ὕστερον

226 5293 631 5381 σιδηρωθῇναι
660 5295 756 5346 καὶ
775 5296 960 5381 (αὐ-τρῖ
979 5295 1218 5381 magno
1238 5296 1490 5381 ῶςμηςὲ
1519 5296 1896 5381 ςαὺτὼς.ο)ιι.).
1973 5297 2017 5381 δῖ
2031 5295 2150 5381 ’ξεο
2178 5295 2880 5381 κατίῆλ-θεγῖοίκῳὊμέας
2901 5297 3030 5379 Β.τῇ

226 5365 692 5432 οὶκονομήμενος
714 5365 1011 5430 κατῆλθεν
1036 5368 1122 5430 εἰς
1161 5365 1632 5433 Ἀλεξανδρειάν.
1699 5366 1744 5397 ⁵⁸
1772 5366 1952 5428 (Iern,
1982 5367 2068 5418 ΑΒ
2091 5369 2430 5431 θεατρικοῖς.
2485 5369 2529 5399 ⁸9
2554 5369 2595 5420 A
2622 5365 2744 5431 εἶχε
2780 5368 2818 5418 Β
2844 5369 3111 5421 ἐποιεῖτο.

227 5447 341 5488 οιιι.
373 5433 432 5487 Β.
508 5435 550 5466 ⁶¹
586 5433 784 5488 utadd;
813 5435 924 5488 τινὶ
956 5463 1025 5479 -—
1051 5434 1343 5488 διελέγετο
1372 5451 1480 5488 om.
1513 5437 1571 5488 Β.
1651 5435 1692 5466 ⁶²
1718 5435 1757 5488 Β
1783 5435 1852 5486 ἐν
1879 5439 2128 5488 τούτοις.
2206 5437 2249 5467 ⁶³
2283 5437 2327 5488 Α
2360 5438 2520 5488 ὄντα.
2600 5437 2642 5468 ⁵⁸
2669 5438 2847 5488 Cum.
2878 5441 2917 5488 A
2956 5440 2996 5488 Β
3029 5456 3111 5488 τοι

1815 5452 1852 5486 ν
1879 5453 2128 5500 τούτοις.

227 5447 341 5488 οιιι.
373 5433 432 5487 Β.
508 5435 550 5466 ⁶¹
581 5433 784 5502 μιμάὸι
813 5435 924 5489 τινὶ
956 5463 1025 5479 -—
1051 5434 1343 5504 διελέγετο
1372 5451 1480 5492 om.
1513 5437 1571 5488 B.

1973 5297 2017 5328 ³⁷
2046 5295 2150 5349 Pro
2178 5295 2880 5367 κατῆλθεν-οἰκονομίας
2901 5300 2941 5349 Β
2967 5297 3040 5364 τῇ
3061 5300 3185 5366 θείῃ
3213 5301 3458 5367 προνοίᾳ

3183 5371 3224 5398 ⁶⁰
3262 5370 3358 5421 καὶ
3379 5372 3458 5435 ὡς

2206 5437 2249 5467 ⁶³
2283 5437 2327 5489 Α
2360 5438 2520 5490 ὄντα.
2600 5437 2642 5468 ⁵⁵
2669 5438 2847 5503 Corn,
2877 5441 2918 5492 A
2955 5440 2996 5493 Β
3029 5439 3317 5492 τοιοῦτον.
