4274 6358
804 368 902 422 211

1575 362 1675 420 SS.
1712 361 2168 419 MACARIORUM
2201 362 2520 421 AEGYPTII
2560 363 2646 419 ET
2686 361 3160 418 ALEXANDRINI

3927 364 4036 419 21!

804 481 992 535 multis
1023 487 1076 534 et
1103 479 1320 550 quidem
1370 480 1533 533 variis
1575 494 1802 549 prorsus
1853 479 2030 535 modis
2058 481 2351 550 loquendo,
2385 494 2429 548 Α
2457 501 2490 535 κ

2347 484 2550 548 ,Ακαὶ
2600 481 2844 551 εὑρέσεις
2894 482 2985 533 καὶ
3030 480 3299 543 ἀποϐολάς
3351 480 3584 533 θανάτου
3646 482 3703 532 ἐν
3754 480 4035 550 διαφόροις

806 572 1082 625 interitum
1129 571 1356 635 scilicet,
1404 570 1620 624 inventa
1669 572 1967 641 mortisque
2011 571 2350 640 despectum.

801 662 911 717 Nec
953 679 1062 715 non
1124 663 1408 716 daemonia
1459 663 1690 730 ejecisse
1729 663 2001 719 ferebatur
2052 664 2352 719 secundum

801 753 933 806 illud
975 754 1028 805 in
1063 751 1370 821 Evangeliis
1405 772 1417 806 :
1449 750 1612 822 Signa
1648 752 1849 808 facient
1876 763 1929 808 et
1972 755 2238 823 prodigia,
2271 763 2350 818 ut,

801 845 848 897 si
889 844 1000 896 ﬁeri
1048 845 1238 912 possit,
1294 844 1455 897 etiam
1504 845 1660 898 electi
1715 848 2068 900 seducantur.
2123 846 2350 898 Multum

799 935 943 987 enim
979 935 1251 1001 principes
1301 932 1623 986 daemonum
1670 935 1724 986 in
1773 935 1874 987 hoc
1929 950 2122 1002 genere
2171 935 2354 987 valent

799 1025 867 1078 ad
924 1026 1010 1078 illa
1070 1024 1326 1076 nimirum
1406 1024 1522 1092 ipsa
1599 1024 1899 1087 abolenda;
1949 1041 2075 1078 nam
2121 1026 2352 1079 libenter

797 1118 1148 1170 consentiunt
1189 1119 1242 1171 in
1297 1118 1575 1171 interitum
1623 1119 1948 1172 animarum.
2006 1117 2134 1170 Loci
2184 1119 2351 1187 igitur

796 1212 1087 1280 episcopus
1122 1227 1244 1266 cum
1275 1213 1423 1266 clero
1455 1228 1554 1266 suo
1579 1212 1757 1264 virum
1794 1213 1883 1265 Dei
1919 1213 2209 1266 Macarium
2253 1215 2350 1267 ab-

796 1300 974 1354 batem
1007 1303 1162 1365 adiit,
1191 1318 1299 1372 quo
1326 1319 1534 1356 summa
1562 1320 1684 1356 cum
1721 1307 2022 1358 reverentia
2069 1308 2306 1359 salutato
2335 1326 2347 1359 :

800 1391 857 1444 Si
897 1395 995 1457 vis,
1035 1394 1233 1462 inquit,
1264 1395 1386 1448 veni
1419 1393 1685 1463 nobisque
1734 1410 2019 1448 succurre.
2051 1395 2182 1448 Nam
2225 1398 2271 1451 si
2303 1406 2354 1451 te

797 1486 1090 1553 superstite
1113 1485 1447 1538 vicinitatem
1479 1495 1719 1537 nostram
1749 1502 1854 1539 non
1885 1503 2199 1556 purgamus,
2236 1505 2353 1542 om-

796 1589 892 1627 nes
935 1575 1010 1626 illi
1051 1575 1448 1636 adhaerebunt,
1501 1589 1552 1627 et
1602 1576 1857 1628 facillime
1900 1577 2010 1639 ﬁet,
2060 1589 2116 1630 ut
2168 1582 2350 1647 plures

795 1665 982 1723 etiam,
1009 1679 1167 1730 quam
1202 1665 1505 1732 hucusque,
1531 1667 1704 1718 errori
1737 1667 1965 1734 subjecti
1991 1669 2348 1724 seducantur.

796 1756 896 1808 Cui
942 1756 1032 1808 ille
1076 1758 1368 1824 respondet
1397 1775 1408 1808 :
1437 1755 1575 1811 Ecce
1610 1773 1708 1826 ego
1746 1759 1989 1827 plebejus
2031 1761 2192 1814 homo
2219 1763 2350 1829 quid

2461 574 2700 644 τρόποις.
2737 573 2872 626 ἀλλὰ
2893 574 2988 625 καὶ
3019 572 3292 642 δαιμόνια,
3317 573 3500 643 φησίν,
3530 571 3751 635 ἐξέϐαλε
3791 573 3932 624 κατὰ
3974 572 4036 624 τὸ

2460 668 2517 718 ἐν
2548 665 2896 733 Εύαγγελίοις
2929 665 3238 734 εἰρημένον,
3279 665 3361 716 ὅτι
3410 663 3640 716 δώσουσι
3687 666 3886 732 σημεῖα
3941 667 4037 715 καὶ

2458 758 2679 827 τέρατα,
2707 756 2845 808 ὥστε
2865 758 2912 807 εί
2929 755 3147 809 δυνατὸν
3164 755 3432 824 πλανῆσαι
3458 755 3550 806 καὶ
3575 755 3699 816 τοὺς
3719 754 4031 814 ἐκλεκτούς·

2463 849 2666 917 σφόδρα
2686 849 2792 918 γὰρ
2814 847 2881 900 τὰ
2907 848 3202 916 ἁρχοντικά
3215 847 3462 915 δαιμόνια
3486 847 3612 916 περὶ
3632 845 3804 898 ταῦτα
3836 844 4032 912 ἰσχύει,

2458 942 2516 993 τὸ
2535 941 2674 992 αὐτὰ
2696 942 2876 992 ἐκεῖνα
2905 939 3064 1007 δῆθεν
3090 939 3135 969 ⁷⁸
3163 940 3476 1007 καταργεῖν.
3508 939 3647 989 πάνυ
3674 937 3781 1006 γάρ
3810 952 4036 1005 συμφω-

2459 1032 2640 1084 νοῦσιν
2669 1033 2759 1083 ἐπὶ
2787 1030 3060 1084 ἀπώλειαν
3088 1030 3293 1100 ψυχῶν.
3324 1032 3352 1081 ὁ
3381 1025 3474 1082 οὖν
3506 1029 3596 1081 τοῦ
3627 1029 3790 1080 τόπον
3817 1028 4030 1079 ἐκείνου

2460 1123 2750 1186 ἐπίσκοπος
2792 1123 2925 1192 μετὰ
2972 1122 3066 1175 τοῦ
3116 1122 3315 1193 κλήρου
3365 1123 3722 1190 παραγίνεται
3752 1122 3887 1190 πρὸς
3938 1120 4032 1171 τὸν

2461 1215 2739 1284 ἄνθρωπον
2781 1214 2873 1267 τοῦ
2905 1214 3037 1266 Θεοῦ
3078 1215 3251 1266 ἀϐϐἇν
3299 1215 3599 1282 Μακάριον,
3638 1213 3801 1278 ἀξιῶν
3843 1212 4031 1263 αὐτόν·

2459 1305 2538 1356 ὅτι
2571 1305 2644 1368 ὼς
2677 1305 2848 1366 Θέλεις
2872 1305 2992 1356 ἐλθέ
3025 1307 3117 1356 καὶ
3161 1305 3423 1374 βοήθησον
3464 1306 3615 1371 ἡμῖν.
3655 1303 3748 1354 ἐὰν
3793 1303 3902 1369 γὰρ
3953 1303 4031 1372 μὴ

2461 1397 2560 1450 σοῦ
2592 1395 2790 1458 ζῶντος
2817 1396 2912 1464 τὴν
2950 1396 3218 1462 γειτονίαν
3246 1398 3276 1462 ἡ
3288 1395 3400 1462 μῶν
3446 1394 3794 1462 καθάρωμεν,
3829 1391 4032 1452 πάντες

2460 1487 2606 1556 αὐτῷ
2638 1489 3014 1557 πρόσκεινται,
3049 1487 3138 1539 καὶ
3191 1485 3427 1555 εὐχερῶς
3480 1485 3606 1552 περὶ
3632 1484 3699 1535 τὰ
3731 1483 4032 1551 φαινόμενα

2458 1579 2523 1645 τῇ
2549 1575 2721 1644 πλάνη
2749 1572 3408 1642 ὑπαγόμενοιάπάγονται.
3435 1573 3461 1621 0
3482 1571 3537 1621 δὲ
3563 1569 3694 1638 πρὸς
3713 1570 3872 1620 αὑτὸν
3899 1569 4026 1635 ἔφη’

2460 1672 2551 1719 καὶ
2574 1668 2679 1719 ἰδοὺ
2711 1665 2938 1735 ἔρχομαι
2969 1663 3179 1732 ἰδιώτης
3201 1663 3498 1730 ἄνθρωπος,
3529 1661 3579 1712 τί
3607 1660 3755 1729 αύτῷ
3783 1662 4028 1728 ποιήσω;

2458 1762 2486 1811 ὁ
2510 1759 2564 1810 δὲ
2597 1759 2892 1819 ἐπίσκοπος
2931 1756 3190 1825 ἐπέμενεν
3225 1754 3388 1818 ἀξιῶν
3410 1753 3502 1805 καὶ
3527 1752 3718 1818 λέγων,
3741 1753 3822 1803 ὅτι
3853 1751 4029 1812 οὕτως

795 1848 845 1900 ei
890 1846 1126 1900 faciam?
1158 1847 1458 1916 Episcopus
1501 1857 1680 1901 autem
1733 1850 1973 1917 perstitit
2009 1855 2351 1906 venerabun-
2385 1849 2424 1902 Β
2454 1869 2483 1901 τ

2337 1882 2351 1891 -
2385 1849 2424 1902 Β
2454 1850 2712 1914 πιστεύω,
2760 1849 2864 1913 ὅτι,
2915 1846 3010 1899 ἐὰν
3063 1847 3242 1915 ἔλθῃς,
3275 1848 3303 1898 ὁ
3354 1845 3488 1905 Θεὸς
3520 1842 3823 1912 εἰρηνεύσει
3849 1843 3891 1872 ’⁷
3924 1843 4025 1912 τὴν

794 1941 898 1996 dus
949 1953 1000 1996 et
1033 1962 1043 1996 :
1083 1945 1179 2006 lta,
1213 1945 1405 2013 inquit,
1442 1945 1677 2010 conﬁdo,
1724 1948 1768 2000 si
1813 1955 1870 1999 tu
1913 1948 2147 2009 veneris,
2185 1947 2352 2002 Deum

795 2035 1210 2102 paciﬁcaturum
1259 2036 1544 2090 ecclesiam
1602 2053 1793 2100 suam;
1849 2053 2012 2106 saepe
2036 2039 2177 2091 enim
2224 2040 2354 2092 mihi

794 2141 1210 2194 proposueram,
1251 2127 1317 2179 ad
1360 2135 1413 2181 te
1449 2128 1739 2195 proficisci,
1784 2130 1876 2181 sed
1926 2130 2204 2196 prohibuit
2245 2133 2356 2185 cle—

793 2233 913 2282 rus,
947 2234 1013 2271 ne
1050 2218 1338 2272 mundanis
1383 2220 1696 2274 hominibus
1744 2221 1948 2275 derisui
1996 2222 2199 2278 ﬁerem.
2235 2223 2352 2277 Jam

793 2327 927 2365 vero
973 2326 1083 2364 non
1124 2312 1358 2380 amplius
1405 2310 1584 2364 ferens
1616 2312 1800 2379 populi
1851 2315 2257 2381 corruptionem
2302 2321 2355 2368 et

793 2403 957 2455 etiam
1008 2401 1123 2466 Dei,
1172 2403 1263 2470 qui
1304 2403 1416 2453 ait:
1448 2400 1775 2468 Sanguinem
1810 2403 1982 2470 ipsius
2017 2419 2277 2471 quaeram
2323 2420 2353 2458 e

794 2507 958 2544 manu
990 2501 1189 2552 vestra,
1220 2495 1625 2546 accusationem
1658 2493 1858 2548 timens
1896 2503 1947 2547 te
1986 2496 2117 2558 adii,
2152 2496 2354 2550 missus

793 2595 823 2632 a
858 2580 985 2634 Deo.
1021 2580 1157 2633 Tum
1195 2583 1284 2636 ille
1314 2584 1569 2646 surrexit,
1613 2598 1848 2651 eumque
1896 2584 1961 2637 ad
2013 2587 2352 2640 seductorem

793 2681 1017 2726 secutus
1071 2683 1175 2725 est.
1222 2673 1391 2737 Quem
1445 2674 1533 2726 ubi
1573 2674 1726 2735 vidit,
1775 2677 2032 2744 episcopo
2066 2697 2076 2730 :
2108 2677 2228 2742 Hic,
2275 2679 2356 2730 in-

795 2764 938 2831 quit,
978 2765 1227 2831 spiritum
1277 2765 1576 2833 principem
1615 2766 1799 2828 habet,
1844 2782 2077 2835 eumque
2106 2768 2357 2836 ejiciendi

793 2870 974 2906 meum
1010 2870 1147 2922 opus
1181 2870 1286 2907 non
1319 2870 1438 2909 esse
1462 2857 1637 2919 scito;
1675 2873 1796 2910 nam
1841 2869 2028 2909 contra
2061 2859 2158 2912 hos
2193 2861 2353 2927 spiri-

794 2953 884 2997 tus
938 2945 1182 2997 noudum
1227 2946 1450 2997 omnino
1503 2946 1726 2998 certavi.
1785 2945 1900 2998 Duo
1939 2948 2084 2999 enim
2135 2949 2354 3016 agmina

793 3035 1118 3088 daemonum
1161 3051 1283 3090 esse
1337 3036 1509 3090 sancti
1561 3038 1734 3106 ajunt,
1783 3053 1952 3090 unum
2000 3053 2210 3103 eorum,
2261 3040 2353 3108 qui

793 3124 1050 3179 libidines
1095 3127 1308 3192 corpori
1352 3125 1665 3190 infundunt,
1712 3129 1941 3180 alterum
1998 3143 2209 3189 eorum,
2255 3130 2350 3197 qui

2455 1941 2747 2009 ἐκκλησίαν
2775 1937 2959 1991 αὑτοῦ.
3011 1936 3267 1998 πολλάκις
3319 1935 3427 2004 γὰρ
3475 1934 3803 2003 προθέμενος
3852 1933 4027 1984 ἐλθεῖν

2455 2031 2731 2099 ἐκωλύθην
2753 2029 2860 2080 ἀπὸ
2885 2026 2977 2080 τοῦ
3009 2026 3232 2097 κλήρου,
3258 2027 3332 2087 ὡς
3374 2024 3817 2093 καταγελώμενος
3852 2024 3894 2054 ⁷⁸
3920 2023 4029 2075 ἀπὸ

2455 2121 2560 2173 τῶν
2589 2120 2884 2190 κοσμικῶν.
2920 2121 3013 2173 νῦν
3037 2116 3128 2172 οὖν
3167 2119 3237 2190 μὴ
3265 2120 3444 2188 φέρων
3486 2119 3584 2187 τὴν
3616 2117 3890 2170 ἀπώλειαν
3931 2115 4025 2168 τοῦ

2459 2212 2607 2276 λαοῦ,
2640 2211 2812 2274 ἄλλως
2835 2213 2890 2264 δέ
2928 2211 3022 2264 καὶ
3057 2211 3117 2262 τὸ
3137 2211 3384 2279 ἔγκλημα
3409 2210 3500 2261 τοῦ
3520 2209 3652 2261 Θεοῦ
3684 2208 4022 2276 φοϐούμενος

2454 2302 2696 2370 λέγοντος
2722 2320 2735 2334 ’
2765 2303 2844 2354 ὅτι
2873 2303 2932 2355 τὸ
2954 2297 3093 2371 αἷμα
3135 2301 3296 2355 αὑτοῦ
3332 2302 3614 2371 ἐκζητήσω
3653 2303 3715 2352 ἐκ
3764 2299 3862 2365 τῆς
3910 2316 4028 2367 χει-

2459 2394 2545 2464 ρὸς
2576 2393 2744 2463 ὑμῶν,
2777 2390 2939 2464 ἦλθον
2968 2395 3101 2464 πρὸς
3124 2396 3179 2446 σὲ
3225 2393 3539 2462 πέμψαντός
3580 2409 3643 2460 με
3686 2390 3777 2441 τοῦ
3800 2389 3961 2442 Θεοῦ.
3995 2390 4026 2441 ὁ

2452 2484 2508 2536 δὲ
2542 2485 2774 2545 ἀναστὰς
2801 2483 3128 2553 ἠκολούθησε
3155 2483 3318 2550 αὐτῷ.
3349 2482 3442 2534 καὶ
3473 2481 3712 2551 ἔρχονται
3749 2481 3850 2540 ἓως
3877 2479 4026 2530 ἐκεί-

2455 2592 2544 2626 νου
2569 2576 2660 2627 τοῦ
2697 2575 2919 2628 πλάνου.
2950 2576 3042 2628 καὶ
3078 2577 3178 2646 ὁρᾷ
3203 2575 3360 2626 αὑτὸν
3387 2575 3480 2624 καὶ
3518 2573 3663 2638 λέγει
3694 2571 3770 2638 τῷ
3804 2571 4028 2622 ἐπισκό-

2455 2682 2578 2736 πῳο
2628 2660 2779 2727 οὗτος
2829 2665 3043 2734 πνεῦμα
3081 2666 3189 2733 ἔχει
3225 2664 3562 2734 ἁρχοντικὸν,
3607 2664 3699 2714 καὶ
3734 2663 3815 2713 ἵνα
3853 2657 4022 2725 οἶδας,

2452 2758 2533 2808 ὃτι
2582 2758 2711 2826 ἐμὸν
2753 2756 2911 2826 ἔργον
2952 2755 3108 2807 τοῦτο
3158 2756 3256 2806 ούκ
3298 2756 3463 2806 ἐστιν.
3520 2753 3637 2803 οὐδὲ
3679 2752 3785 2821 γάρ
3813 2753 3857 2781 ⁷⁹
3886 2751 4026 2821 πρὸς

2452 2849 2621 2901 ταῦτα
2641 2847 2706 2900 τὰ
2735 2848 3014 2915 πνεύματα
3042 2848 3175 2909 ὅλως
3205 2847 3492 2898 ἐπάλαισα.
3521 2844 3612 2895 δύο
3634 2844 3738 2912 γὰρ
3769 2844 4027 2910 τάγματα

2453 2937 2699 3004 λέγουσιν
2728 2938 2774 2988 οἱ
2809 2936 2950 3002 amt
2979 2936 3268 3004 δαιμόνων,
3293 2935 3349 2985 ἓν
3389 2935 3445 2984 τὸ
3473 2934 3568 2995 τὰς
3595 2933 3784 3001 ἡδονάς
3821 2931 4025 3000 ἐμϐάλ-

2458 3029 2547 3081 λον
2595 3028 2670 3097 τῷ
2711 3029 2956 3096 σώματι,
2993 3027 3084 3077 καὶ
3130 3025 3186 3075 ἓν
3213 3025 3271 3075 τὸ
3302 3025 3400 3086 τὰς
3446 3024 3676 3092 ψυχικὰς
3715 3021 3953 3091 ἐμπνοῦν
3976 3021 4026 3052 ⁸⁸

2456 3119 2680 3181 πλάνας,
2706 3119 2733 3170 ὃ
2759 3119 2850 3169 καὶ
2877 3117 3077 3186 σφόδρα
3121 3117 3234 3167 ἐστὶ
3259 3115 3676 3166 δυσυπότακτον.
3726 3113 3894 3164 ταῦτα
3913 3113 4025 3184 γάρ

792 3218 1104 3284 spirituales
1138 3217 1368 3270 aﬁ'erunt
1397 3233 1631 3271 errores.
1672 3217 1825 3280 Quod
1861 3219 2078 3286 quidem
2122 3221 2349 3272 alterum
2382 3184 2422 3240 Ο
2457 3215 2480 3264 ὀ

2335 3236 2349 3270 ι
2382 3184 2422 3240 C
2457 3212 2700 3280 ἀφορίζει
2729 3213 2756 3263 0
2783 3211 3012 3272 σατανᾶς
3042 3212 3152 3270 τοῖς
3171 3209 3330 3276 γόησι
3361 3207 3452 3258 καὶ
3481 3207 3704 3266 πλάνοις
3731 3207 3823 3256 καὶ
3865 3207 4023 3274 αἰρε-

791 3321 964 3374 genus
989 3307 1207 3360 diﬁicile
1235 3318 1317 3361 est
1347 3307 1413 3360 ad
1459 3308 1842 3375 subigendum.
1883 3309 1986 3363 Eos
2021 3311 2166 3363 enim
2211 3319 2358 3363 sata-

791 3413 894 3453 nas
926 3399 1168 3450 immittit
1208 3401 1378 3467 magis
1422 3411 1474 3453 et
1520 3401 1902 3455 seductoribus
1951 3411 2004 3454 ct
2054 3402 2357 3455 haeresiar-

792 3486 911 3538 chis
955 3495 1008 3537 et
1055 3488 1312 3539 veneficis
1356 3495 1408 3538 et
1463 3487 1505 3538 si
1558 3488 1652 3554 qui
1702 3489 1793 3541 alii
1845 3489 1894 3541 id
1933 3490 2150 3556 generis
2207 3499 2352 3543 sunt.

793 3574 861 3626 At
890 3577 1178 3643 episcOpus
1211 3595 1222 3629 :
1251 3576 1388 3640 Quid
1427 3594 1583 3646 ergo,
1636 3579 1840 3646 inquit,
1900 3579 2203 3634 faciemus?
2253 3579 2355 3634 Re-

793 3665 1020 3732 spondet
1047 3680 1208 3717 senex
1247 3684 1259 3719 :
1291 3667 1548 3719 Precibus
1576 3683 1713 3734 opus
1739 3676 1853 3731 est;
1885 3684 2006 3720 nam
2035 3685 2215 3721 sermo
2247 3686 2353 3722 non

795 3756 1026 3822 proﬁcit.
1070 3755 1270 3809 Juhent
1304 3759 1466 3825 igitur
1488 3758 1647 3826 275
1668 3760 1960 3825 procedere
1987 3760 2350 3822 seductorem,

795 3847 950 3914 isque
978 3848 1041 3899 ad
1088 3863 1182 3901 eos
1213 3865 1467 3916 egressus
1503 3861 1603 3902 est.
1645 3850 1814 3914 Quem
1850 3852 2031 3903 statim
2063 3851 2353 3919 cpiscopus

794 3937 973 4007 lingua
1017 3939 1239 3993 adortus
1270 3961 1282 3993 :
1314 3940 1442 4003 Cur,
1488 3942 1692 4008 inquit,
1724 3951 1870 3995 tanto
1900 3943 2156 4010 temporis
2179 3945 2353 4011 spatio

793 4029 1075 4082 nobiscum
1121 4047 1227 4082 non
1278 4033 1732 4085 communicasti?
1769 4032 1868 4084 Cui
1901 4032 1989 4085 ille
2024 4050 2034 4083 :
2064 4032 2220 4096 Quia,
2273 4034 2345 4085 in~

793 4120 928 4186 quit,
976 4136 1082 4172 non
1127 4130 1274 4173 recte
1323 4123 1558 4175 sentitis.
1595 4121 1734 4174 Tum
1781 4133 2002 4177 sanctus
2037 4123 2348 4177 Macarius:

791 4207 944 4262 Tune
997 4209 1180 4277 igitur,
1222 4211 1415 4278 inquit,
1471 4221 1616 4263 recte
1669 4213 1882 4264 sentis?
1938 4213 2078 4266 Sane
2111 4214 2348 4281 quidem,

789 4299 879 4352 ille
913 4301 1222 4366 respondet.
1275 4300 1580 4354 Macarius:
1611 4301 1748 4364 Quid
1795 4317 1922 4356 vero
1952 4310 2054 4363 est,
2104 4305 2246 4370 quod
2295 4313 2350 4356 tu

790 4391 995 4443 sentis?
1039 4391 1131 4443 lllc
1161 4409 1172 4442 :
1202 4391 1337 4443 Num
1372 4401 1514 4444 recte
1562 4393 1826 4455 creditur,
1871 4409 2089 4446 carnem
2132 4403 2184 4446 et
2226 4396 2350 4447 o'ssa

2461 3303 2706 3371 σιάρκαις
2730 3302 2822 3353 καὶ
2845 3300 3330 3369 φαρμακομάντεσι
3357 3300 3421 3362 ⁸⁸,
3453 3298 3544 3348 καὶ
3571 3298 3743 3348 εἴτινι
3770 3297 4020 3366 τοιούτῳ.

2457 3395 2602 3460 λέγει
2627 3397 2653 3444 0
2677 3393 2970 3455 ἐπίσκοπος
2990 3409 3003 3423 ⁸
3038 3391 3088 3443 τί
3109 3387 3199 3442 οὖν
3227 3393 3520 3458 ποιήσομεν
3543 3408 3556 3454 ;
3587 3389 3734 3455 λέγει
3762 3391 3787 3440 0
3809 3390 4018 3457 γέρων·

2458 3486 2628 3553 εύχῶν
2661 3485 2820 3553 χρεία
2842 3501 2853 3512 ·
2893 3484 3046 3548 λόγος
3079 3484 3184 3552 γὰρ
3215 3484 3313 3534 οὐκ
3351 3482 3542 3550 ἰσχύει.
3585 3480 3897 3531 κελεύουσιν
3925 3475 4020 3532 οὖν

2458 3576 2723 3639 ἐξελθεῖν·
2770 3577 2796 3626 ὀ
2838 3575 2890 3626 δὲ
2931 3575 3206 3644 ἐξέρχεται
3266 3574 3399 3641 πρὸς
3449 3572 3660 3633 αὐτούς.
3714 3573 3805 3622 καὶ
3845 3589 4022 3640 παρα-

2457 3667 2647 3736 χρῆμα
2681 3666 2891 3734 δέχεται
2926 3664 3085 3716 αὑτὸν
3117 3664 3143 3714 0
3173 3665 3466 3725 ἐπίσκοπος
3496 3664 3726 3732 χείλεσιν
3752 3667 3843 3716 καὶ
3871 3665 4019 3732 λέγει

2458 3757 2591 3827 πρὸς
2627 3757 2671 3787 ⁸⁸
2705 3757 2891 3807 αὐτόν·
2937 3755 3050 3816 πῶς
3091 3754 3340 3805 τοσοῦτον
3374 3755 3561 3824 χρόνον
3608 3756 3667 3806 ού
3706 3757 4019 3824 παρέλαϐες

2456 3853 2583 3918 ἡμῖν
2617 3849 2694 3914 ⁸³;
2738 3851 2764 3900 0
2802 3848 2858 3899 δὲ
2897 3845 3073 3898 εἶπεν·
3117 3848 3196 3898 ὅτι
3242 3848 3300 3898 ού
3341 3850 3585 3916 φρονεῖτε
3627 3848 3818 3916 ὀρθῶς.
3860 3849 4011 3916 λέγει

2455 3941 2597 4008 αὐτῷ
2640 3943 2666 3992 0
2699 3940 2850 4005 ἅγιος
2896 3938 3176 4008 Μακάριος
3198 3953 3208 3963 ·
3250 3939 3311 3988 σὺ
3346 3932 3437 3988 οὖν
3473 3937 3650 3999 καλῶς
3682 3943 3940 4008 φρονεϊς;
3985 3941 4015 3993 0

2453 4032 2538 4082 δέ·
2577 4031 2668 4082 καὶ
2717 4031 2885 4090 πάνυ,
2936 4028 3085 4096 φησί.
3129 4028 3177 4078 τί
3224 4027 3278 4078 δέ
3325 4029 3476 4090 ἐστι,
3525 4028 3706 4096 φησίν,
3742 4029 3768 4080 ὃ
3817 4031 4014 4098 ύμεῖς;

2453 4121 2753 4190 Φρονοῦμεν
2772 4119 2965 4187 ὀρθῶς,
2987 4119 3067 4170 ὅτι
3093 4118 3269 4185 σάρκα
3291 4119 3381 4170 καὶ
3408 4119 3541 4170 ὀστᾶ
3561 4119 3909 4186 ἀνειληφέναι
3933 4120 4014 4187 “;

2453 4211 2616 4276 Λέγει
2648 4212 2675 4261 0
2703 4210 2854 4276 ἅγιος
2891 4209 3172 4278 Μακάριος
3199 4223 3211 4236 ·
3245 4210 3292 4259 εἰ
3341 4210 3439 4276 μέν
3483 4210 3573 4277 ἀφ’
3609 4210 3814 4262 ἐαυτῶν
3845 4212 4016 4278 λέγω·

2457 4320 2574 4369 μεν,
2607 4302 2815 4362 καλῶς·
2859 4302 2904 4351 εί
2937 4299 2992 4351 δέ
3023 4301 3245 4368 ἀλήθεια
3283 4300 3453 4362 οὕτως
3493 4301 3746 4370 ἠθέλησε,
3783 4303 3845 4353 σὺ
3872 4302 3924 4354 τί
3947 4302 4016 4355 ἂν

2451 4392 2628 4458 λέγεις
2650 4407 2662 4453 ;
2687 4391 2771 4442 ἵνα
2794 4390 2848 4441 δὲ
2877 4390 2947 4458 μὴ
2974 4390 3196 4451 πολλοὺς
3217 4389 3582 4457 ἀναλώσωμεν
3611 4392 3820 4459 λόγους,
3852 4392 4015 4458 λέγω·

791 4481 1091 4533 suscitari?
1125 4481 1362 4534 Sanctus
1407 4484 1700 4549 respondet
1734 4501 1747 4536 :
1781 4482 1836 4536 Si
1883 4500 1946 4535 cx
1983 4485 2142 4537 nobis
2174 4485 2348 4553 loqui-
2382 4505 2424 4557 ι)
2457 4504 2479 4552 μ

2327 4514 2348 4523 -
2382 4505 2424 4557 D
2457 4486 2556 4552 μέν
2595 4501 2694 4544 σοι,
2722 4483 2795 4544 ὡς
2828 4481 3149 4550 φρονοῦμεν,
3183 4481 3343 4533 καὶεί
3377 4483 3474 4550 μὲν
3499 4483 3792 4552 πεισθείης,
3832 4481 4015 4548 καλῶς

789 4587 934 4635 mur,
978 4573 1114 4624 bene
1159 4573 1418 4638 loqueris.
1476 4573 1570 4625 Sin
1621 4574 1822 4627 veritas
1877 4575 1930 4626 id
1985 4577 2176 4637 voluit,
2218 4576 2344 4644 quid

788 4662 1100 4729 ohloqueris
1123 4663 1144 4714 ?
1169 4662 1272 4715 Sed
1317 4679 1385 4716 ne
1416 4663 1583 4715 multa
1622 4664 1785 4716 verba
1827 4665 2137 4731 perdamus,
2172 4665 2346 4717 dicam

788 4751 909 4812 tibi,
941 4753 1073 4820 quid
1120 4754 1452 4818 sentiamus;
1501 4754 1696 4822 quibus
1745 4755 1788 4807 si
1833 4757 2169 4819 assentieris,
2213 4756 2348 4808 bene

788 4841 977 4907 facies,
1027 4844 1109 4896 sin
1160 4845 1361 4904 minus,
1421 4844 1529 4897 Deo
1573 4861 1867 4914 repugnas,
1902 4845 2060 4912 cujus
2095 4846 2344 4914 dogmata

793 4934 1026 4999 spernis.
1090 4935 1156 4986 At
1202 4935 1290 4986 illo
1324 4954 1334 4987 :
1364 4933 1494 5003 Ego.
1541 4936 1739 5003 inquit,
1796 4939 1942 5003 prior
1974 4935 2128 4989 ﬁdem
2172 4951 2346 4987 meam

790 5039 1077 5092 exponam.
1113 5023 1246 5078 Tum
1292 5026 1560 5079 Macarius
1594 5047 1604 5079 :
1634 5027 1823 5086 Prava,
1863 5029 1954 5091 ait,
1992 5029 2122 5081 ﬁdes
2154 5044 2219 5080 ne
2251 5044 2347 5080 no-

790 5116 1044 5175 minetur,
1077 5118 1169 5168 sed
1207 5118 1453 5170 dicamus
1498 5119 1821 5172 catholicam
1853 5121 2117 5171 ecclesiae
2165 5119 2342 5171 ﬁdem.

787 5204 854 5256 Et
884 5208 1061 5258 statim
1108 5208 1285 5260 innuit
1327 5210 1604 5278 episcopo,
1643 5220 1839 5263 uteam
1881 5212 2213 5278 proﬁteatur.
2245 5211 2346 5274 Qui

786 5298 1175 5353 circumstante
1222 5303 1420 5369 populo
1467 5304 1656 5370 incipit
1699 5303 1855 5355 ﬁdem
1913 5305 1983 5354 ita
2033 5318 2343 5370 exponere:

785 5390 956 5443 Credo
981 5392 1032 5443 in
1068 5408 1232 5445 unum
1268 5393 1452 5458 Deum,
1495 5405 1699 5463 patrem
1730 5397 2176 5464 omnipotentem,
2204 5403 2258 5446 ct-
2285 5396 2336 5445 in

2454 4575 2644 4636 ποιεῖς,
2671 4575 2718 4624 εἰ
2750 4573 2805 4623 δὲ
2841 4573 2936 4640 μή,
2963 4572 3094 4639 πρὸς
3126 4571 3214 4622 τὸν
3245 4571 3373 4622 Θεὸν
3396 4571 3566 4640 ἔχεις,
3600 4565 3660 4624 οὗ
3683 4575 3750 4625 τὰ
3773 4574 4016 4643 δόγματα

2454 4666 2681 4726 ἀθετεῖς.
2713 4666 2740 4715 0
2759 4665 2814 4716 δὲ
2836 4663 2936 4732 ἔφη
2958 4681 2970 4694 ο
2998 4663 3107 4730 ἐγὼ
3141 4663 3354 4733 πρῶτος
3383 4665 3524 4730 λέγω
3553 4682 3650 4733 μου
3673 4665 3769 4734 τὴν
3801 4666 4011 4718 πίστιν.

2452 4752 2568 4809 εἶτα
2596 4757 2740 4822 λέγει
2761 4759 2788 4807 0
2814 4756 2965 4819 ἅγιος
2985 4770 2997 4782 ·
3027 4754 3167 4822 κακὴ
3200 4755 3376 4816 πίστις
3400 4755 3444 4784 ⁸⁸
3478 4755 3608 4822 μηδὲ
3633 4755 4008 4823 ὀνομαζέσθω.

2452 4849 2587 4901 ἀλλὰ
2617 4848 2866 4913 λέγωμεν
2885 4847 2979 4914 τὴν
3015 4844 3306 4912 καθολικὴν
3333 4845 3428 4912 τῆς
3456 4844 3777 4911 Ἐκκλησίας
3807 4845 4011 4898 πίστιν.

2451 4939 2544 4991 καὶ
2577 4938 2720 5004 λέγει
2751 4937 2827 5004 τῷ
2857 4936 3134 5004 ἐπισκόπῳ
3163 4937 3354 4987 εἰπεῖν.
3383 4934 3615 4997 ἑστῶτος
3641 4931 3732 4987 οὖν
3758 4934 3850 4987 τοῦ
3882 4935 4014 4989 λαοῦ

2452 5031 2677 5100 ἄρχεται
2708 5027 3014 5080 ἐκτίθεσθαι
3054 5027 3150 5094 τὴν
3188 5026 3368 5078 πίστιν
3409 5025 3609 5088 οὕτως·
3653 5025 3891 5078 πιστεύω
3934 5027 4016 5089 είς

2454 5124 2548 5174 ἕνα
2580 5121 2713 5172 Θεὸν
2749 5119 2961 5186 πατέρα
2994 5117 3430 5186 παντοκράτορα,
3467 5118 3559 5168 καὶ
3583 5118 3662 5178 εἰς
3692 5117 3782 5168 τὸν
3815 5117 4014 5186 ὁμοού-

2452 5227 2563 5264 σιον
2595 5209 2759 5262 αὐτοῦ
2778 5208 2969 5272 Λόγον,
3001 5206 3066 5256 δι’
3101 5199 3160 5257 οὗ
3193 5205 3414 5273 ἐποίησε
3437 5207 3559 5266 τοὺς
3592 5206 3636 5235 ⁸⁸
3675 5205 3899 5267 αἰῶνας,
3921 5207 4014 5258 τὸν

2452 5302 2544 5354 ἐπὶ
2575 5299 2851 5366 συντελείᾳ
2871 5297 2978 5349 τῶν
3004 5295 3213 5348 αἰώνων
3237 5299 3314 5357 εἰς
3337 5297 3590 5364 ἀθέτησιν
3612 5295 3711 5364 τῆς
3741 5297 4016 5365 ἁμαρτίας

2450 5393 2866 5461 ἐπιδημήσαντα
2908 5391 2965 5440 ἐν
2998 5388 3190 5458 σαρκί,
3220 5389 3282 5456 ῆν
3317 5388 3380 5439 ἐκ
3425 5389 3522 5456 τῆς
3555 5387 3714 5454 ἁγίας
3743 5388 4012 5455 παρθένου

2018 5510 2274 5562 'V'AliIAE
2316 5505 2713 5563 LECTIONES.

859 5624 904 5654 "‘
938 5622 1077 5701 llaec
1109 5641 1207 5701 vox
1262 5629 1313 5680 in
1376 5628 1562 5701 codice
1602 5637 1684 5682 est
1736 5628 2056 5701 difﬁcillima
2095 5630 2158 5682 ad
2211 5631 2515 5698 legendum.
2591 5629 2635 5657 '”
2666 5624 2994 5701 Corr.._cod.
3038 5626 3400 5701 εἰῃηιιοῡσαι.

2298 5702 2341 5730 "°
2376 5701 2554 5760 Corr.,
2587 5697 2708 5749 cod.
2743 5697 2991 5762 ἐμπϊοῦν.

2154 5771 2197 5800 ⁸³
2235 5770 2322 5822 Sic
2369 5770 2484 5823 cod.

788 5695 1319 5762 καταγγελόμενος,

790 5779 937 5836 erat.
972 5834 981 5836 _
1015 5767 1057 5794 δ’
1092 5765 1238 5836 πρὸς
1270 5785 1378 5823 om.
1417 5769 1565 5836 cod,
1602 5769 1778 5823 addidi
1820 5785 1882 5824 cx
1934 5772 2074 5823 cuni.

793 5834 837 5866 ιο
875 5834 1004 5890 Cod.
1040 5833 1162 5902 τάς.

1394 5700 1436 5728 ⁷³
1471 5700 1648 5759 (ΞΟΠ-η
1683 5701 1803 5751 end.
1851 5699 1969 5750 οὐδὲ
2001 5699 2066 5749 δὲ
2094 5706 2218 5766 γάρ.

3477 5623 3521 5653 ⁷⁸
3564 5623 3638 5676 Ex
3690 5625 3856 5684 coni.,
3888 5627 4012 5677 cod.

3080 5695 3120 5721 ⁸⁸
3151 5693 3329 5750 Corn.
3356 5693 3474 5746 cod.
3509 5695 3832 5761 φαρμακοῖς
3860 5695 4011 5761 μάν-

2582 5769 2626 5799 ⁸⁸
2659 5768 2838 5826 Corn,
2881 5763 2999 5817 cod.
3046 5764 3440 5830 ἀνελειφέναι.
3518 5763 3562 5794 ⁸⁸
3606 5764 3738 5818 Cod.
3770 5766 4014 5831 πίστης.
