4274 6358
180 366 291 426 215

1684 382 1888 438 ACTA.

3310 385 3418 441 εει

182 478 405 548 Μαρίας
449 479 628 550 ἐαυτῷ
675 480 1036 554 ὑπεστήσατο,
1087 486 1180 539 τὸν
1230 490 1609 561 σταυρωθέντα
1660 496 1753 548 καὶ
1779 510 1870 564 At

1730 496 1753 548 ὶ
1779 510 1827 564 Α
1858 495 2218 549 coessentiale
2242 494 2363 563 ejus
2383 493 2642 559 Verbum,
2666 509 2762 565 per
2791 496 2933 566 quod
2957 508 3087 550 aeva
3106 494 3253 561 fecit,
3270 499 3416 568 quod

182 568 525 623 ἀποθανόντα
562 572 655 624 καὶ
698 573 939 641 ταφέντα
988 577 1081 630 καὶ
1131 578 1443 634 ἀναστάντα
1492 585 1558 655 τῇ
1592 585 1752 658 τρίτῃ

182 660 408 731 ᾑμέρᾳ,
447 663 544 715 καὶ
590 664 955 736 καθεζόμενον
994 669 1054 722 ἐν
1095 668 1245 740 δεξιᾷ
1273 672 1367 725 τοῦ
1400 676 1628 746 πατρός,
1659 676 1755 728 καὶ

183 751 352 807 πάλιν
381 755 676 825 ἐρχόμενον
704 758 762 809 ἐν
800 757 878 829 τῷ
917 759 1160 830 μέλλοντι
1193 763 1370 828 αίῶνι,
1398 769 1579 836 κρίναι
1614 768 1752 833 ζῶν-

183 863 285 910 τας
328 848 427 900 καὶ
464 849 710 919 νεκρούς.
750 851 847 904 καὶ
878 853 960 916 είς
990 853 1054 907 τὸ
1088 855 1315 925 Πνεῦμα
1362 857 1425 911 τὸ
1456 858 1646 929 ἅγιον,
1693 862 1754 915 τὸ

183 937 557 1011 όμοοῦσιοντῷ
577 942 751 1014 Πατρὶ
762 942 856 997 καὶ
866 943 945 1015 τῷ
955 946 1114 1018 Λόγῳ
1124 948 1306 1002 αὑτοῦ.
1327 952 1664 1025 πιστεύωμεν
1695 953 1753 1006 δὲ

184 1033 283 1084 καὶ
305 1033 387 1095 εἰς
414 1033 706 1089 ἀνάστασιν
733 1034 912 1107 ψυχῆς
940 1038 1035 1092 καὶ
1051 1039 1318 1111 σώματος,
1342 1043 1522 1108 καθὼς
1551 1044 1696 1113 λέγει
1724 1049 1753 1100 6

186 1122 489 1187 ἀπόστολος
506 1140 519 1153 ·
550 1126 832 1198 σπείρεται
853 1129 1009 1199 σῶμα
1030 1130 1277 1201 ψυχικόν,
1304 1134 1572 1206 ἐγείρεται
1596 1137 1757 1208 σῶμα

184 1216 580 1283 πνευματικόν.
626 1218 720 1271 καὶ
749 1218 909 1272 πάλιν
928 1234 944 1249 ’
970 1220 1054 1274 δεῖ
1093 1223 1202 1294 γάρ
1241 1225 1304 1278 τὸ
1329 1227 1568 1297 φθαρτὸν
1596 1229 1754 1282 τοῦτο

185 1304 517 1358 ἐνδύσασθαι
541 1306 866 1377 ἀφθαρσίαν.
901 1310 1060 1380 ὁρᾷς,
1096 1313 1211 1376 πῶς
1243 1314 1390 1383 λέγει
1423 1317 1611 1384 τοῦτο;
1642 1322 1670 1372 6
1697 1320 1753 1372 δὲ

186 1394 327 1464 πρὸς
350 1396 511 1449 αὐτὸν
540 1398 809 1469 ἀπεκρίθη
828 1415 845 1431 ⁸
869 1402 991 1470 ἐμοὶ
1019 1403 1064 1434 ⁸⁷
1098 1404 1198 1473 τὴν
1222 1405 1286 1458 ἐκ
1310 1405 1480 1474 λόγων
1507 1409 1686 1463 πίστιν
1707 1410 1755 1442 ⁸³

190 1485 270 1554 μὴ
299 1486 574 1557 πρόσφερε
593 1526 609 1551 ,
641 1489 756 1542 ἀλλ’
785 1491 1107 1562 ἀπέλθωμεν
1134 1497 1213 1559 είς
1245 1497 1313 1549 τὰ
1339 1500 1577 1567 μνημεῖα
1598 1540 1614 1565 ,
1662 1502 1755 1553 καὶ

187 1573 288 1626 ἕνα
312 1574 423 1626 τῶν
448 1577 564 1628 ἐκεῖ
592 1578 859 1647 κειμένοιν
896 1582 1196 1652 ἀνάστησόν
1236 1602 1346 1655 μοι,
1385 1587 1477 1640 καὶ
1505 1583 1641 1656 οἶδα,
1669 1591 1752 1643 ὅτι

188 1662 375 1726 καλῶς
408 1670 655 1735 φρονεῖτε
678 1683 692 1698 ·
727 1669 850 1721 ἐπεὶ
881 1669 991 1738 ἐγὼ
1030 1672 1207 1744 ψυχὴν
1236 1675 1404 1745 χωρὶς
1429 1677 1475 1709 ⁸⁸
1503 1678 1753 1749 σώματος

187 1754 328 1820 ἄγω.
375 1758 634 1826 στραφεὶς
664 1757 720 1809 δὲ
758 1761 786 1811 6
819 1759 973 1829 άγιος
1002 1764 1287 1835 Μακάριος
1328 1768 1475 1837 λέγει
1523 1772 1600 1841 τῷ
1630 1774 1751 1825 ἐπι-

1856 587 1910 640 in
1948 586 2421 642 consummatione
2461 595 2767 659 temporum
2806 589 2861 643 in
2905 589 3255 645 abolitionem
3292 605 3419 660 pec-

1860 677 1972 731 cati
2001 677 2259 747 apparuit
2304 677 2359 730 in
2396 692 2583 742 carne,
2615 693 2777 745 quam
2816 693 2847 732 e
2886 687 3075 733 sancta
3108 677 3275 733 Maria
3304 681 3418 734 vir-

1852 769 1979 839 gine
2009 776 2351 839 susceperat,
2380 768 2525 837 quod
2558 769 2905 833 cruciﬁxum,
2932 778 3208 825 mortuum
3244 780 3298 824 et
3327 787 3415 826 se-

1849 858 2060 928 pultum
2110 867 2195 914 est
2237 870 2291 915 et
2337 860 2640 914 resurrexit
2680 860 2843 915 tertia
2888 860 2998 925 die,
3048 861 3307 931 sedetque
3348 861 3417 915 ad

1851 952 2101 1005 dextram
2127 951 2320 1019 patris,
2349 934 2413 1007 ac
2437 952 2617 1006 denuo
2651 961 2940 1007 venturum
2964 960 3050 1008 est
3078 954 3134 1007 in
3172 963 3418 1024 tempore

1852 1041 2060 1106 futuro,
2104 1044 2350 1113 judicare
2376 1046 2527 1100 vivos
2553 1053 2608 1099 et
2651 1054 2933 1111 mortuos;
2979 1054 3033 1101 et
3070 1046 3122 1100 in
3153 1044 3417 1115 Spiritum

1854 1144 2128 1202 sanctum,
2155 1135 2301 1190 Patri
2321 1137 2549 1207 ejusque
2564 1137 2744 1192 Verbo
2770 1139 3221 1202 coessentialem;
3252 1138 3417 1193 credo

1852 1226 1908 1281 in
1963 1229 2421 1283 resurrectionem
2481 1245 2698 1298 quoque
2755 1230 2971 1284 animae
3020 1238 3074 1301 et
3120 1230 3414 1299 corporis,

1854 1320 1996 1375 sicut
2047 1323 2328 1391 apostolus
2377 1321 2494 1375 ait:
2533 1321 2847 1376 Seminatur
2891 1337 3092 1391 corpus
3143 1323 3414 1383 naturale,

1852 1414 2152 1467 suscitatur
2200 1428 2400 1483 corpus
2459 1414 2777 1483 spirituale;
2812 1421 2867 1468 et
2910 1430 3107 1468 rursus
3148 1433 3159 1468 :
3193 1412 3418 1483 Oportet

1852 1505 1997 1558 enim
2030 1505 2387 1573 corruptibile
2426 1504 2527 1558 hoc
2559 1504 2785 1557 induere
2814 1501 3413 1580 incorruptibilitatem.

1853 1594 1985 1647 Post
2018 1593 2153 1647 haec
2172 1591 2441 1648 Macarius
2473 1593 2783 1647 haeretico:
2821 1590 3005 1655 Vides,
3047 1592 3245 1661 inquit,
3278 1590 3411 1659 quid

1852 1683 2014 1736 dicat.
2070 1681 2121 1737 Is
2180 1698 2308 1737 vero
2361 1682 2649 1751 respondet
2677 1700 2688 1734 :
2716 1682 2844 1735 Mihi
2893 1682 3110 1750 quidem
3156 1697 3185 1734 e
3233 1681 3415 1735 verbis

1854 1770 1965 1823 noli
2016 1769 2177 1823 [idem
2225 1769 2442 1835 alI‘erre,
2492 1770 2587 1825 sed
2644 1785 2833 1825 eamus
2878 1771 2943 1823 ad
3000 1770 3291 1839 sepulchra
3325 1769 3416 1823 :si

190 1845 380 1914 σκόπῳ
405 1861 420 1876 ο
449 1847 594 1917 μέγα
620 1850 805 1916 κακόν,
832 1852 912 1905 ὅτι
947 1855 1291 1926 πειράζωμεν
1320 1860 1409 1912 τὸν
1442 1861 1592 1927 Θεόν,
1626 1864 1742 1916 ἀλλ’
1782 1852 1823 1906 Β
1857 1874 1878 1912 l1

1729 1865 1742 1885 ’
1782 1852 1823 1906 Β
1857 1874 2022 1912 unum
2045 1874 2111 1913 ex
2141 1860 2213 1914 ibi
2235 1861 2547 1929 jacentibus
2571 1861 2944 1924 suscitaveris,
2970 1862 3138 1915 sciam
3156 1876 3253 1913 vos
3276 1860 3417 1915 bene

184 1936 310 1987 οὐδὲ
329 1936 437 2005 εχω
460 1940 799 2009 παρρησίαν,
822 1943 1049 2009 ἀξιῶσαι
1080 1946 1172 1999 τὸν
1192 1947 1323 2001 Θεὸν
1341 1950 1408 2003 δι’
1433 1952 1528 2005 Eva
1551 1954 1745 2024 δαιμο⁶

188 2027 379 2079 νιακὸν
401 2029 717 2099 τηλικοῦτον
743 2037 965 2105 σημεῖον
982 2037 1253 2103 γενέσθαι.
1290 2039 1435 2108 λέγει
1469 2045 1497 2095 6
1528 2044 1747 2098 ἐπίσκο-

188 2135 328 2182 πος·
363 2122 518 2191 οὐχί,
566 2124 759 2195 πάτερ,
814 2127 949 2182 ἀλλά
997 2129 1063 2183 δι’
1113 2131 1404 2205 ὀλόκληρον
1434 2140 1743 2207 παροικίαν.

185 2209 311 2300 τότε
342 2211 668 2284 ἀπέρχονται
696 2217 799 2280 ἐως
835 2218 943 2274 τῶν
987 2224 1302 2293 μνημάτων,
1338 2229 1431 2280 καὶ
1473 2230 1696 2300 ἄρχεται
1721 2236 1748 2287 6

199 2297 501 2372 Ίερακίτης
528 2305 902 2368 ἐπικαλεῖσθαι
933 2309 1182 2380 δαίμονα.
1215 2316 1274 2367 ού
1298 2315 1405 2387 γὰρ
1430 2317 1491 2389 δή
1650 2320 1748 2390 ψυ-

189 2391 291 2462 χὴν
336 2394 569 2462 ἠδύνατο
604 2398 897 2465 ἀναγαγεῖν
938 2402 1098 2473 ψιλὴν
1144 2407 1237 2458 καὶ
1276 2410 1508 2479 γυμνήν.
1541 2412 1633 2464 καὶ
1674 2413 1748 2477 ὼς

190 2484 340 2537 οὐδὲν
367 2486 606 2555 ἴσχυσεν,
639 2490 914 2544 ἀντέκειτο
935 2492 991 2545 δὲ
1015 2495 1163 2566 αὑτῷ
1184 2497 1400 2567 ἀληθῶς
1430 2500 1491 2552 τὸ
1524 2502 1748 2573 Πνεῦμα

189 2577 251 2629 τὸ
278 2577 452 2645 ἅγιον,
480 2580 626 2649 λέγει
652 2582 832 2645 αὐτοῖς
850 2601 865 2614 ·
896 2583 981 2637 διά
1000 2586 1098 2657 τὴν
1121 2589 1373 2644 ἀπιστίαν
1398 2592 1548 2661 ὑμῶν
1572 2596 1631 2646 ού
1656 2595 1749 2648 δύ-

192 2686 361 2736 ναμαι
384 2671 607 2737 ἀνάγειν
648 2674 714 2726 ".
743 2675 1083 2747 παραχρῆμα
1114 2677 1170 2731 δὲ
1200 2679 1464 2751 δριμύξας
1508 2686 1696 2738 ἐαυτὸν
1721 2686 1750 2738 6

192 2759 478 2829 Μακάριος
525 2761 737 2832 ἔκαμψε
781 2765 849 2818 τά
888 2767 1106 2834 γόνατα,
1158 2772 1322 2842 μηδὲν
1366 2775 1748 2846 ὑποσχόμενος,

195 2851 291 2900 καὶ
316 2849 466 2920 ὥραν
498 2853 625 2921 μίαν
654 2858 987 2925 παρατείνας
1022 2863 1081 2913 ὲν
1105 2866 1174 2933 τῇ
1203 2865 1332 2935 εὐχῇ
1370 2868 1506 2935 μετὰ
1535 2869 1751 2922 πάντων

193 2939 414 3010 ἀνέστη.
448 2943 544 2993 καὶ
585 2943 757 3013 τύψας
796 2948 837 2979 ⁹¹
873 2947 949 3017 τῷ
993 2949 1129 3021 βαΐῳ
1159 2953 1219 3005 τὸ
1249 2958 1436 3025 μνῆμα
1467 2985 1536 2997 —-
1564 2959 1613 3010 oi
1646 2959 1752 3030 γὰρ

196 3031 383 3101 ῥάϐδοι
414 3032 522 3086 τῶν
550 3035 668 3090 ἐκεῖ
716 3040 961 3109 μοναχῶν
998 3043 1063 3095 ἐκ
1093 3043 1258 3113 βαῖων
1287 3047 1424 3099 εἰσίν
1452 3077 1523 3087 -
1551 3048 1750 3121 ἐγείρει

194 3123 501 3197 ἄνθρωπον,
544 3130 642 3200 οὐχ
688 3131 937 3201 ὑπόγειόν
975 3151 1096 3187 τινα
1144 3136 1266 3207 ἄρτι
1311 3137 1707 3209 τελευτήσαντα
1734 3181 1749 3205 ,

1854 1951 2075 2019 sentire,
2138 1953 2252 2022 ipse
2304 1968 2405 2024 ego
2444 1954 2679 2006 animam
2733 1954 2849 2007 sine
2895 1968 3125 2021 corpore
3171 1950 3413 2005 aderam.

1856 2041 2089 2097 Sanctus
2130 2059 2260 2099 vero
2301 2044 2569 2099 Macarius
2609 2045 2674 2098 ad
2715 2046 3031 2114 episcOpum
3071 2058 3413 2098 conversus:

1857 2131 2107 2197 Multum,
2138 2134 2337 2203 inquit,
2372 2134 2527 2189 nefas
2572 2149 2724 2199 sane,
2763 2132 2931 2188 Deum
2959 2141 3191 2195 tentare,
3239 2148 3418 2200 neque

1854 2223 2203 2294 dignaturum
2243 2242 2365 2281 esse
2394 2241 2517 2281 eum
2547 2234 2765 2296 propter
2793 2241 2959 2278 unum
3000 2225 3416 2277 daemoniacum

1855 2318 2018 2388 276
2033 2325 2246 2371 tantum
2274 2316 2452 2372 facere
2468 2319 2681 2387 signum
2704 2317 2940 2371 conﬁdo.
2966 2315 3277 2385 Respondet
3302 2315 3418 2384 epi-

1856 2423 2055 2476 scopus
2080 2426 2093 2462 :
2130 2406 2370 2475 Minime,
2395 2419 2573 2477 pater;
2603 2419 2972 2461 verumtamen
2998 2418 3217 2476 propter
3246 2415 3415 2458 totam

1854 2500 2212 2554 vicinitatem.
2265 2498 2417 2553 Tunc
2450 2500 2703 2552 abierunt
2756 2498 2823 2551 ad
2873 2499 3186 2565 sepulchra.
3226 2497 3419 2566 Incipit

1856 2588 2127 2643 Hieracita
2158 2590 2414 2644 invocare
2451 2589 2795 2651 daemonem,
2843 2588 2936 2642 scd
2982 2588 3205 2641 minime
3244 2590 3419 2657 potuit

1855 2682 2088 2734 animam
2134 2695 2361 2734 evocare
2400 2689 2614 2735 tenuem
2661 2691 2715 2735 et
2767 2681 2988 2733 nudam.
3033 2680 3209 2745 Quum
3255 2682 3420 2749 igitur

1856 2768 1992 2822 nihil
2014 2768 2477 2838 effecisset—ipsi
2503 2770 2646 2824 enim
2674 2772 3009 2841 repugnabat
3041 2772 3266 2840 spiritus
3288 2787 3418 2825 san-

1857 2866 1997 2923 ctus,
2018 2888 2086 2898 —
2102 2860 2169 2912 iis
2191 2877 2204 2912 :
2228 2858 2456 2928 Propter
2479 2861 2936 2926 incredulitatem,
2958 2862 3158 2931 inquit,
3182 2871 3419 2916 vestram

1857 2962 1969 3001 non
1997 2962 2219 3016 possum
2251 2949 2486 3001 animam
2528 2964 2780 3004 evocare.
2809 2948 3001 3002 Statim
3034 2950 3305 3004 Macarius
3343 2951 3422 3004 in-

1859 3036 2113 3105 dignatus
2166 3051 2339 3105 genua
2403 3038 2597 3104 ﬂectit,
2658 3040 2790 3092 nihil
2842 3056 2972 3094 vero
3032 3041 3312 3109 promisit,
3366 3050 3422 3096 et

1858 3142 2025 3195 quum
2059 3141 2222 3179 unam
2273 3127 2460 3180 horam
2514 3129 2569 3181 in
2620 3131 2870 3185 oratione
2900 3142 3323 3200 perseverasset,
3363 3134 3420 3187 in

194 3217 331 3270 ἀλλά
357 3218 466 3270 τῶν
504 3220 763 3291 ἀρχαίων.
800 3224 895 3276 καὶ
916 3228 1084 3292 φωνεῖ
1112 3202 1202 3278 τὸν
1245 3225 1461 3297 Ἰέρακα
1489 3202 1583 3283 καὶ
1608 3202 1751 3298 λέγει
1780 3202 1822 3260 C'
1855 3231 1882 3270 ε

1736 3202 1822 3285 ,C
1855 3224 2149 3286 conspectu
2216 3219 2458 3272 omnium
2512 3220 2751 3273 surrexit
2799 3228 2853 3275 et
2894 3223 3188 3290 sepulchro
3241 3223 3420 3291 palma

194 3310 375 3379 αύτῷ’
404 3310 650 3373 ἐξέτασον
675 3312 880 3380 τοῦτον,
908 3316 956 3366 εί
978 3316 1248 3386 ἐγείρεται
1277 3316 1454 3387 σῶμα.
1483 3321 1511 3371 6
1540 3320 1597 3371 δὲ
1620 3322 1754 3373 ἀπο-

193 3400 371 3467 ψύξας
415 3402 460 3432 “
488 3402 579 3455 τοῦ
607 3403 855 3473 δαίμονος
878 3406 1041 3458 αὐτοῦ
1071 3408 1519 3478 ὑποχωρήσαντος
1559 3410 1650 3462 ἐπὶ
1678 3410 1755 3481 τῷ

195 3491 503 3564 τηλικούτῳ
547 3496 754 3564 σημείῳ
790 3495 975 3549 πίπτει
1019 3498 1098 3560 είς
1126 3499 1250 3561 τοὺς
1278 3499 1443 3563 πόδας
1480 3501 1571 3553 τοῦ
1602 3503 1755 3569 ἁγίου

201 3584 342 3652 μετά
376 3585 576 3648 παντὸς
597 3586 688 3638 τοῦ
715 3586 861 3641 λαοῦ.
901 3588 1203 3657 ζητούντων
1230 3589 1287 3642 δέ
1315 3590 1473 3643 αὐτὸν
1506 3592 1757 3660 φονεῦσαι

204 3674 269 3726 ού
302 3675 695 3745 συνεχώρησεν,
730 3677 843 3730 ἀλλ’
873 3679 1159 3749 ἀπήγαγεν
1196 3680 1356 3732 αὑτὸν
1386 3683 1465 3743 είς
1502 3680 1598 3751 τὴν
1634 3682 1757 3753 ἔρη-

204 3783 326 3834 μον.
354 3770 488 3834 φησι
516 3767 592 3833 δέ,
622 3769 702 3821 ὃτι
736 3770 1028 3841 ἐρωτηθεὶς
1048 3770 1076 3822 6
1104 3773 1357 3835 ἀναστάς,
1398 3774 1446 3823 εί
1476 3774 1757 3827 ἐπίσταται

198 3856 293 3909 τὸν
328 3859 583 3927 Χριστόν,
616 3859 717 3930 ἔφη
746 3899 761 3923 ,
790 3861 871 3913 ὃτι
918 3862 1026 3914 οὐδ’
1064 3864 1353 3934 ἀκηκοέναι
1389 3867 1550 3918 αὐτὸν
1579 3866 1755 3940 [ξῶν].

201 3947 403 4017 Φαραὼ
439 3947 549 4018 γὰρ
592 3948 855 4017 βασιλέως
889 3952 1095 4023 εἰρήκει
1127 3954 1583 4025 τετελευτηκέναι.
1630 3956 1758 4029 [πρὸ

196 4040 300 4107 τῆς
342 4040 641 4108 παρουσίας
687 4040 777 4093 τοῦ
812 4040 1044 4112 Χριστοῦ
1086 4039 1153 4114 ἦν
1204 4044 1312 4116 ".]
1352 4046 1615 4115 βαπτίσας
1666 4045 1758 4103 οὖν

201 4130 367 4182 αὑτὸν
404 4125 516 4199 εἶχε
551 4132 667 4201 μεθ’
712 4133 902 4186 ἐαυτοῦ
952 4134 1044 4204 ἐτη
1076 4136 1200 4205 τρία
1240 4138 1338 4207 τὴν
1376 4140 1549 4209 ἀληθῆ
1579 4140 1760 4194 λοιπὸν

203 4220 461 4291 κοίμησιν
494 4223 849 4292 κοιμηθέντα,
877 4224 952 4288 ὡς
978 4225 1236 4295 ἁρμόζειν
1264 4230 1348 4281 ἐπ’
1378 4229 1536 4282 αὑτὸν
1566 4232 1656 4284 τὸν
1684 4231 1763 4283 λό-

200 4329 297 4378 γον
322 4311 415 4363 τοῦ
444 4313 668 4383 Κυρίου,
698 4314 779 4366 ὅτι
796 4314 917 4367 οῦτε
942 4309 1096 4378 οὗτος
1122 4318 1365 4388 ἥμαρτεν
1383 4318 1502 4371 οὔτε
1524 4322 1572 4372 οί
1588 4324 1763 4389 γονεῖς

200 4403 391 4466 αὑτοῦ,
427 4404 541 4457 ἀλλ’
571 4405 657 4457 ἴνα
686 4405 968 4477 φανερωθῇ
1001 4408 1047 4439 ’⁸
1071 4409 1103 4476 ὴ
1129 4408 1253 4474 δόξα
1272 4408 1367 4461 τοῦ
1387 4408 1542 4463 Θεοῦ.
1565 4411 1756 4481 ⁴ὴρώτα

1856 3306 2344 3374 pulsato—baculi
2377 3308 2544 3369 enim,
2568 3310 2768 3376 quibus
2799 3312 3050 3363 monachi
3078 3312 3225 3366 illius
3250 3313 3423 3380 regio-

1857 3398 1943 3451 nis
1970 3406 2216 3462 utuntur,
2240 3399 2378 3452 rami
2406 3400 2704 3469 palmarum
2725 3403 3219 3456 sunt—hominem
3250 3403 3423 3457 susci-

1859 3496 1935 3542 tat
1965 3504 2070 3541 non
2099 3488 2154 3542 in
2186 3498 2328 3543 terra
2353 3489 2650 3555 defossum,
2678 3507 2849 3561 nuper
2881 3506 3177 3555 mortuum.
3229 3495 3321 3547 sed
3353 3509 3420 3547 ex

1860 3581 2095 3649 antiquis
2134 3582 2391 3650 aliquem.
2437 3581 2573 3635 Tum
2620 3582 2893 3637 Hieracita
2924 3583 3417 3650 vocato:Quaere.

1860 3670 2058 3739 inquit,
2094 3687 2161 3726 ex
2192 3672 2315 3736 hoc,
2354 3687 2483 3725 num
2529 3673 2826 3727 suscitetur
2855 3689 3073 3744 corpus.
3124 3674 3226 3739 Qui
3266 3683 3422 3730 tanto

1861 3764 2016 3833 signo
2044 3765 2409 3829 exanimatus,
2439 3772 2724 3833 postquam
2749 3766 2978 3819 daemon
3013 3767 3081 3819 ab
3122 3782 3187 3821 eo
3216 3766 3422 3820 disces—

1862 3857 1953 3919 sit,
2008 3856 2074 3909 ad
2113 3858 2277 3925 pedes
2321 3859 2497 3911 sancti
2545 3858 2865 3927 provolutus
2917 3868 2997 3911 est
3044 3873 3167 3911 cum
3217 3866 3420 3912 cuncto

1863 3947 2085 4016 populo.
2113 3946 2289 4011 Quum
2312 3962 2444 4001 vero
2483 3962 2605 4001 eum
2645 3948 2893 4003 occidere
2926 3956 3279 4017 quaererent,
3312 3947 3422 3999 Ma-

1862 4038 2045 4090 carius
2076 4051 2170 4091 eos
2221 4036 2520 4105 prohibuit,
2564 4046 2727 4105 atque
2780 4038 2835 4089 in
2885 4052 3129 4091 eremum
3164 4052 3285 4090 eum
3326 4038 3421 4089 ab-

1861 4129 2035 4183 duxit.
2074 4126 2382 4181 Suscitatus
2416 4137 2595 4181 autem
2651 4129 3040 4197 interrogatus,
3089 4142 3218 4180 num
3257 4127 3419 4181 Chri-

1862 4229 2004 4274 stum
2038 4218 2400 4289 profiteretur,
2446 4219 2652 4274 dixisse
2698 4219 2889 4282 fertur,
2925 4234 2983 4273 se
3042 4233 3108 4271 ne
3150 4219 3423 4273 audivisse

1862 4310 2076 4380 quidem
2112 4310 2180 4364 de
2218 4325 2283 4364 eo
2334 4310 2387 4362 in
2421 4311 2531 4363 vita
2573 4326 2691 4365 sua.
2738 4310 3039 4363 Pharaonis
3086 4310 3230 4363 enim
3282 4313 3421 4378 regis

1862 4408 2104 4471 tempore
2147 4418 2204 4457 se
2251 4400 2453 4455 ohiisse
2485 4402 2644 4463 dixit,
2691 4402 2923 4470 ideoque
2960 4408 3085 4453 ante
3130 4401 3419 4453 adventum

199 4491 296 4549 οὖν
327 4499 356 4549 6
398 4498 694 4559 ἐπίσκοπος
730 4499 822 4551 τὸν
847 4499 1000 4565 ἆγιον
1036 4501 1341 4571 Μακάριον,
1374 4504 1423 4555 εί
1458 4503 1625 4573 ἀνέϐη
1668 4505 1759 4556 ἐπὶ
1789 4494 1887 4591 υ(

1731 4505 1759 4556 εὶ
1789 4494 2069 4591 DChristi
2122 4495 2272 4548 vixit.
2320 4494 2493 4560 Quem
2538 4509 2703 4564 quum
2753 4493 3085 4562 baptizasset
3131 4490 3419 4555 Macarius,

200 4590 299 4657 τὴν
336 4589 563 4660 καρδίαν
589 4590 751 4642 αὐτοῦ
778 4591 903 4657 δόξα
928 4592 1193 4646 τοσούτων
1216 4594 1591 4647 ὑποπεσόντων
1614 4594 1760 4665 αύτῷ
1789 4582 1833 4591 ”
1864 4602 1888 4641 5

1731 4582 1833 4665 ῤ’
1864 4599 2046 4641 secum
2094 4584 2282 4638 habuit
2328 4593 2439 4639 tres
2493 4598 2687 4646 annos,
2737 4582 2935 4651 quibus
2986 4583 3188 4651 elapsis
3237 4596 3419 4634 veram

200 4681 295 4732 ἐπὶ
324 4679 402 4748 τῷ
430 4680 730 4749 τηλικούτῳ
766 4681 1008 4750 σημείῳ;
1044 4683 1137 4734 καὶ
1175 4683 1442 4755 ἀπεκρίθη
1482 4684 1658 4753 αὐτῷ·
1700 4681 1760 4739 οὗ

199 4769 234 4837 ἠ
270 4768 464 4835 καρδία
489 4770 680 4837 σχολὴν
736 4768 846 4836 ἔχει
874 4769 1027 4833 δόξαν
1070 4772 1368 4842 ἀνθρώπων
1412 4774 1761 4844 παραϐλέψα-

202 4856 351 4917 σθαι,
383 4858 465 4909 ὅτι
498 4850 651 4918 οὗτος
671 4858 802 4910 Θεὸν
840 4858 936 4926 μὲν
956 4857 1106 4911 οὔπω
1145 4858 1305 4926 ἔγνω.
1338 4860 1366 4912 ὃ
1388 4860 1443 4912 δὲ
1476 4864 1634 4925 ποιεῖ,
1670 4864 1763 4915 ἀν-

198 4949 443 5022 θρώποις
466 4952 624 5003 ποιεῖ.
654 4952 682 5003 6
705 4950 758 5001 δὲ
782 4949 1027 5014 ἀξιωθεὶς
1062 4950 1313 5021 ἐπιπνοίᾳ
1332 4951 1485 5015 Θεοῦ,
1504 4953 1559 5003 ἐν
1585 4952 1762 5023 πολλῷ

200 5040 376 5107 ἀγῶνί
406 5044 551 5093 ἐστιν
582 5040 769 5112 ὥσπερ
797 5042 886 5093 ἐπὶ
918 5040 1076 5112 ξυροῦ
1101 5040 1293 5104 ἑστώς,
1318 5042 1649 5112 φοϐούμενος
1688 5045 1761 5115 μὴ

199 5134 429 5201 ἐκπέσῃ.
470 5133 498 5184 6
531 5132 765 5194 τοιοῦτος
816 5131 941 5201 μίαν
979 5133 1145 5201 μόνην
1183 5132 1476 5202 ἐπιθυμίαν
1509 5134 1619 5203 ἕχει
1643 5175 1658 5196 ,
1701 5136 1762 5188 τὸ

200 5226 435 5291 ἐξελθεῖν
485 5227 549 5278 ἐκ
592 5224 686 5278 τοῦ
722 5224 987 5287 σώματος.
1018 5226 1146 5295 περὶ
1184 5225 1290 5293 γὰρ
1336 5225 1491 5292 δόξης
1520 5228 1640 5279 οὐδὲ
1683 5230 1760 5290 είς

1865 4679 1955 4732 ille
2015 4677 2395 4730 dormitionem
2456 4676 2736 4738 dormivit,
2804 4676 2917 4741 ita,
2985 4684 3044 4727 ut
3092 4676 3141 4727 ci
3208 4682 3423 4741 aptetur

1860 4769 2085 4823 verbum
2156 4766 2426 4821 Domini:
2474 4767 2661 4835 Neque
2724 4766 2813 4819 hic
2881 4766 3167 4835 peccavit,
3246 4780 3421 4832 neque

1863 4873 2115 4932 parentes
2181 4862 2338 4929 ejus,
2417 4860 2510 4915 sed
2590 4868 2647 4912 ut
2718 4860 2988 4913 reveletur
3065 4858 3233 4925 gloria
3304 4856 3415 4910 Dei.

1863 4950 2220 5021 Interrogavit
2264 4960 2442 5004 autem
2488 4950 2777 5019 episcopus
2812 4956 3062 5001 sanctum
3104 4947 3419 5007 Macarium,

1862 5058 1930 5095 an
1986 5058 2094 5095 non
2140 5042 2309 5111 gloria
2356 5042 2410 5094 in
2456 5055 2550 5094 cor
2593 5039 2711 5107 ejus
2748 5038 3079 5102 ascenderit,
3122 5046 3232 5090 tam
3280 5039 3433 5089 null--

1862 5135 1935 5187 tis
1969 5142 2093 5188 ante
2126 5149 2245 5187 eum
2293 5130 2776 5201 procumbentibus
2824 5131 2894 5183 ob
2926 5137 3136 5182 tantum
3182 5130 3418 5197 signum.

1866 5227 1965 5280 Cui
2024 5226 2351 5296 respondet:
2383 5225 2552 5293 Cujus
2614 5240 2707 5278 cor
2768 5225 2938 5278 otium
2988 5222 3149 5275 habet
3196 5222 3419 5291 gloriam

1457 5370 1545 5424 VA
1554 5370 1711 5424 RIAE
1746 5369 2145 5425 LECTIONES.

299 5503 320 5533 '
337 5500 516 5557 Corr..
540 5499 662 5554 cod.
686 5498 819 5567 ἐμὴ.

200 5573 405 5639 τίψας.

894 5498 942 5572 ’ἦ
979 5498 1109 5553 Cod.
1154 5499 1519 5572 alatur.__"
1546 5500 1676 5555 Cod.
1728 5500 1939 5569 χωρῆς.
2015 5500 2060 5531 ’⁸
2092 5500 2163 5552 Ex
2199 5500 2363 5572 coni.,
2401 5502 2521 5553 cod.
2576 5498 2838 5572 ἀνοίγειν,
2914 5498 2957 5525 ἰ
3006 5498 3131 5572 Eme

482 5571 525 5601 "
555 5566 734 5630 Corn,
765 5569 883 5621 cod.
913 5570 1253 5637 ἀποψύχαρ.
1326 5566 1373 5604 ⁵³
1413 5570 1585 5625 Verba
1618 5566 1774 5624 uncis
1807 5566 2014 5624 inclusa
2055 5578 2146 5623 aut
2189 5569 2367 5638 glossa
2412 5585 2477 5638 ex
2508 5566 2833 5638 marginejn
2879 5574 3083 5638 textum
3120 5566 3419 5638 illata,__a_ut

2015 5500 2060 5531 "
2092 5500 2163 5552 Ex
2199 5500 2363 5565 coni.,
2401 5502 2521 5553 cod.
2576 5496 2838 5564 ἀνάγειν,
2914 5494 2957 5525 ⁸¹
3004 5491 3253 5565 Emend,
3294 5490 3419 5547 cod.

205 5631 326 5721 loco
352 5631 454 5727 sruo
483 5650 627 5694 mota
660 5654 780 5727 esse
820 5631 1103 5727 videntur;
1123 5631 1335 5727 'Yocem’
1366 5640 1473 5705 ζῶν
1498 5641 1755 5727 ad'verba
1787 5640 1890 5727 προ
1922 5641 2018 5719 τῇς
2054 5631 2351 5727 παρουσίας
2375 5637 2474 5716 τοῦ
2503 5631 2744 5727 ξρισέοῦ
2764 5631 2847 5727 ην..
2868 5632 3415 5727 pext'ti-n‘crenc‘red‘ide-

207 5713 331 5764 rim.
367 5710 528 5790 Eone
552 5726 694 5790 co‘rr.
730 5709 858 5790 ἔφη,
886 5710 967 5790 ὅτι
998 5709 1103 5790 οὐδ’
1136 5698 1427 5790 ἀκηκοέναι
1456 5710 1639 5790 αὐτόν,
1665 5714 1781 5790 *δτεἸ
1794 5698 1898 5789 π’ρὸ
2053 5698 2344 5790 παρουσίας
2386 5698 2747 5790 τοῦρςριστοῦ
2781 5698 2886 5769 ζῶν
2914 5698 3012 5773 ἦν’
3042 5700 3233 5772 φαραὼ
3265 5698 3409 5768 (cod.

206 5778 437 5851 φαραοῦ)
470 5781 575 5854 γὰρ
606 5780 865 5852 βασιλέως
900 5782 1107 5853 εἰρήκει
1134 5782 1590 5851 τετελευτηκέναι.
1664 5782 1710 5815 ⁸⁵
1741 5778 1992 5845 Emend.,
2023 5781 2139 5834 cod.
2171 5778 2612 5846 ἠναφανερὼθη.
