4274 6358
788 379 897 432 9J5

1610 380 1709 434 SS.
1749 377 2219 434 MACARIORUM
2258 379 2586 436 AEGYPTII
2646 381 2732 436 ET
2771 381 3241 440 ALEXANDRINI

3940 382 4049 438 216

789 493 1067 545 hominum
1103 491 1448 560 respicicndi,
1489 490 1534 544 is
1563 489 1728 545 Deum
1784 493 2023 546 nondum
2069 495 2346 562 cognovit.
2382 503 2424 556 Α
2457 495 2477 546 ἔ

2382 503 2424 556 Α
2457 495 2664 547 ἔννοιαν
2685 495 2924 566 ἔρχεται.
2947 498 3250 568 ὑπόδειγμα
3274 497 3320 528 ’⁸
3346 496 3401 548 δὲ
3422 495 3633 548 δίδωσιν
3649 493 3796 563 αὐτῷ
3817 493 4049 562 τοιοῦτο,

787 585 950 656 277
979 586 1024 638 Is
1057 585 1221 644 enim,
1249 584 1512 653 quidquid
1539 583 1687 647 facit,
1721 585 2033 641 hominibus
2070 586 2218 640 facit.
2255 587 2358 652 Qui

787 691 918 728 vero
943 676 1138 744 dignus
1169 684 1253 729 cst
1275 675 1492 728 habitus
1521 674 1707 727 afﬂatu
1733 674 1848 736 Dei,
1877 677 1923 729 is
1953 677 2005 728 in
2039 678 2210 729 multo
2239 693 2360 730 cer-

789 769 993 819 tamine
1023 776 1296 827 versatur,
1331 767 1488 835 quasi
1521 767 1576 820 in
1614 768 1878 820 novacula
1919 777 2108 830 staret,
2139 769 2356 834 timens,

791 873 859 911 ne
892 858 1125 910 decidat.
1184 857 1332 911 Talis
1371 873 1536 909 unum
1580 859 1755 912 solum
1797 858 1959 911 habet
2000 858 2357 924 desiderium,

790 949 1102 1018 egredieudi
1130 949 1341 1002 scilicet
1370 964 1400 1001 e
1420 963 1669 1017 corpore.
1696 948 1850 1013 Quod
1885 962 2014 1000 vero
2043 949 2109 1000 ad
2130 949 2359 1017 gloriam

791 1043 1004 1106 attinet,
1041 1041 1174 1094 haec
1202 1041 1251 1093 ei
1282 1056 1349 1094 ne
1382 1042 1434 1093 in
1469 1048 1708 1093 mentem
1745 1040 1965 1108 quidem
2003 1039 2169 1092 venit.
2208 1039 2358 1093 Hanc

791 1141 971 1186 autem
1028 1133 1077 1186 ei
1132 1133 1445 1185 doctrinam
1493 1130 1900 1185 deditzAdduc
1957 1130 2112 1195 mihi,
2161 1130 2357 1199 inquit,

791 1227 1026 1293 aliquem
1077 1225 1131 1277 in
1186 1225 1322 1277 mari
1380 1224 1742 1278 ambulantem
1800 1232 1853 1277 et
1907 1223 2118 1276 coelum
2169 1237 2360 1277 versus

791 1317 982 1369 oculos
1019 1317 1071 1368 in
1103 1315 1294 1376 solem,
1337 1315 1495 1382 cujus
1531 1315 1698 1366 radiis
1728 1323 2084 1376 sustentetur,
2122 1313 2363 1381 deﬁgen—

793 1417 923 1468 tem,
957 1410 1041 1462 cui
1078 1408 1200 1475 quis
1239 1407 1576 1475 praecipiat:
1608 1405 1662 1458 Si
1697 1406 1898 1467 locum,
1937 1405 1990 1457 in
2022 1420 2128 1473 quo
2173 1405 2364 1458 ambu-

791 1498 895 1560 las,
927 1498 1147 1566 aspicis,
1178 1499 1228 1550 in
1267 1512 1413 1549 mare
1447 1496 1830 1564 submergeris,
1854 1494 1983 1562 quid
2041 1495 2091 1548 ei
2133 1495 2364 1558 accidet,

2465 587 2557 640 καί
2599 603 2791 657 φησιν·
2839 589 3047 657 ἦγησαί
3090 589 3184 658 μοί
3235 605 3354 641 τινα
3396 588 3486 638 ἐπὶ
3537 586 3777 656 θαλάσσῃ
3815 602 4053 657 περιπα-

2466 679 2660 731 τοῦντα
2690 681 2784 731 καὶ
2827 681 2908 742 εἰς
2939 679 3163 749 οὐρανὸν
3197 680 3508 743 ἀτενίζοντα
3541 676 3618 746 τῷ
3644 677 3779 746 ἡλίῳ
3807 677 3914 728 ὑπὸ
3939 676 4052 728 τῶν

2469 771 2704 823 ἀκτίνων
2749 771 2913 824 αὑτοῦ
2959 771 3388 840 βασταζόμενον
3431 769 3507 839 τῷ
3538 768 3762 836 τοιούτῳ
3803 767 4052 819 ὑποτίθε-

2472 863 2560 916 ταί
2601 881 2711 926 τις,
2743 864 2846 926 ὅτι,
2893 864 2986 916 ὲὰν
3015 863 3130 934 ἴδῃς
3164 865 3210 894 ⁹⁶
3235 862 3327 915 τὸν
3353 862 3539 926 τόπον,
3571 861 3654 928 ἐφ’
3683 854 3729 925 ᾧ
3757 861 3800 890 ’⁷
3830 859 4050 912 ἐπιϐαι-

2468 972 2608 1020 νεις,
2641 955 2908 1008 ποντώσει
2953 955 3022 1019 ⁸⁸,
3054 956 3105 1008 τι
3141 954 3206 1008 ἂν
3235 955 3395 1007 πάθοι
3433 952 3827 1023 παρακούσαςς
3865 950 4045 1012 οὕτως

2476 1045 2505 1095 ὁ
2551 1048 2615 1115 τῇ
2648 1047 2692 1077 θ’
2721 1045 2816 1097 τοῦ
2870 1045 3006 1096 Θεοῦ
3059 1045 3183 1115 δόξῃ
3212 1043 3530 1106 ὲνατενίζων
3564 1044 3728 1095 πατεῖ
3762 1041 3862 1111 τὴν
3897 1041 4049 1110 παρὰ

2466 1135 2767 1205 ἀνθρώπων
2795 1136 2972 1199 δόξαν.
3001 1136 3095 1188 ὲάν
3119 1137 3174 1188 δὲ
3191 1137 3319 1206 περὶ
3339 1135 3540 1205 ταύτην
3562 1134 3803 1204 στραφῇ,
3823 1133 4045 1199 ἐκείνης

2467 1225 2741 1278 ἐκπίπτει.
2774 1226 3023 1278 ἐκπεσὼν
3055 1225 3110 1277 δὲ
3141 1226 3354 1294 ἐκείνης
3375 1266 3390 1289 ,
3418 1225 3482 1276 ὲκ
3504 1223 3716 1276 πολλῶν
3737 1222 3914 1274 ἄλλων
3940 1236 4048 1273 πα-

2468 1313 2576 1366 θῶν
2630 1312 3028 1376 κλυδωνίζεται.
3069 1315 3138 1367 τὰ
3182 1315 3237 1367 δὲ
3287 1315 3448 1366 λοιπὰ
3493 1314 3588 1365 τοῦ
3636 1313 3794 1379 ἁγίου
3826 1312 4045 1372 τούτου,

2469 1405 2607 1474 ὅπερ
2633 1400 2701 1474 ἦν
2738 1407 2986 1475 ἐλεήμων
3011 1407 3104 1458 καὶ
3135 1406 3456 1474 φιλάδελφος
3479 1405 3576 1455 καὶ
3597 1403 3770 1473 πόσην
3800 1403 3870 1434 ⁸⁸⁸
3901 1397 4047 1470 εῖχεν

2471 1495 2740 1566 διάκρισιν
2768 1499 2895 1569 περὶ
2914 1496 2985 1549 τά
3012 1497 3335 1567 πράγματα,
3360 1497 3421 1548 τὸ
3449 1494 3694 1557 mem,-
3725 1495 4042 1563 σιγήσομαι.

792 1595 840 1648 si
872 1595 1184 1651 inobedieus
1216 1593 1411 1645 fuerit?
1439 1591 1534 1656 lta,
1569 1592 1661 1660 qui
1685 1593 1739 1643 in
1771 1591 1997 1659 gloriam
2023 1590 2114 1644 Dei
2142 1592 2329 1645 oculos
2365 1592 2613 1656 intendit,
2640 1592 2889 1661 gloriam,
2918 1607 3057 1661 quae
3085 1593 3152 1646 ab
3179 1593 3490 1646 hominibus
3518 1590 3788 1661 provenit,
3812 1587 4047 1657 pedibus

793 1688 990 1742 calcat.
1016 1687 1165 1739 Hanc
1191 1695 1368 1739 autem
1405 1689 1449 1738 si
1481 1685 1724 1754 respicit,
1764 1687 1832 1738 ab
1873 1685 1963 1736 illa
1995 1685 2217 1738 decidit.
2249 1688 2293 1737 Α
2321 1702 2424 1754 qua
2457 1687 2503 1740 si
2534 1687 2821 1752 deciderit,
2859 1688 3046 1740 multis
3082 1687 3206 1741 aliis
3238 1686 3523 1740 atfectibus
3568 1686 3822 1754 agitatur.
3849 1682 4047 1736 Cetera

793 1799 1012 1853 quoque
1060 1784 1221 1851 hujus
1272 1783 1481 1844 sancti,
1510 1797 1673 1850 quam
1723 1781 2037 1835 misericors
2083 1780 2250 1836 fuerit
2282 1790 2336 1836 et
2375 1781 2672 1846 fraternus,
2717 1792 2771 1837 et
2801 1791 3058 1852 quantam
3109 1782 3360 1837 habuerit
3389 1781 3768 1836 discretionem
3805 1777 3859 1830 in
3909 1789 4047 1844 ope-

793 1880 971 1942 ribus,
1006 1895 1151 1932 nunc
1190 1878 1407 1948 quidem
1438 1877 1628 1931 silebo.

2057 1983 2319 2039 VARIAE
2358 1983 2763 2038 LECTIONES.

865 2105 911 2136 ’⁵
934 2103 1067 2158 Cod.
1097 2103 1428 2172 ὑπόδειγμα.
1482 2103 1550 2172 ί⁹⁶
1573 2101 1705 2155 (ὲού.
1734 2100 1922 2172 ἴδεςςη
1971 2099 2015 2130 ⁸⁷
2044 2091 2087 2165 ᾧ
2113 2097 2391 2172 om.cod.,
2424 2095 2605 2172 addidi
2626 2112 2689 2150 ex
2713 2097 2858 2150 coni.
2936 2097 2983 2129 "
3011 2095 3147 2151 Cod.
3169 2095 3520 2160 ποντοῦσαι,
3548 2098 3682 2149 forte
3709 2093 3880 2148 mavis
3897 2107 4043 2148 corr.

795 2175 1128 2244 ποντωΟήσει
1168 2175 1248 2228 vel
1282 2165 1644 2242 στοντισθήσει.
1746 2173 1788 2203 θ’
1813 2169 1946 2224 Cod.
1971 2179 2047 2222 tt.
2127 2169 2192 2197 ²⁰⁰
2224 2165 2356 2221 Cod.
2390 2168 2595 2220 πόσιν.

825 2394 1015 2410 _————

2286 2531 2450 2600 278
2491 2532 2596 2598 VI.

993 2703 1387 2764 SPECIMEN
1440 2700 2217 2763 INTERPRETATIONIS
2265 2699 2791 2761 GERMANICAE
2832 2699 3242 2774 ANTIQUAE
3297 2700 3845 2764 HISTORIARUM

1657 2867 1740 2916 DE
1765 2865 2024 2916 SANCTIS
2049 2862 2344 2913 MACARIIS
2369 2862 2686 2913 AEGYPTIO
2711 2863 2793 2912 ET
2819 2863 3268 2914 ALEXANDRINO

1492 2980 1541 3035 E
1595 2982 1769 3034 codice
1815 2980 2148 3034 bibliothecae
2185 2976 2513 3031 Jesuitarum
2570 2979 2896 3032 Coloniensi:
2950 2977 3328 3048 depromptum.

797 3243 912 3294 Cod.
939 3258 1026 3292 ms.
1056 3245 1180 3292 Bibl.
1204 3245 1500 3293 Jesuitarum
1522 3242 1687 3293 Colon.
1713 3243 1922 3291 chartae.
1946 3256 2075 3291 saec.
2102 3256 2179 3290 xw
2200 3244 2277 3292 vel
2300 3258 2360 3292 xv
2381 3245 2499 3294 satis
2524 3244 2652 3293 bene
2678 3249 2906 3292 exaratos
2925 3236 3029 3290 ΙΙΙ-1

799 3468 888 3519 Est
919 3469 1071 3516 codex
1098 3468 1430 3529 ms._foliorum
1450 3467 1557 3516 300.
1592 3468 1642 3515 In
1671 3467 1809 3514 cuius
1831 3469 2063 3529 operculo
2113 3469 2296 3529 legitur
2317 3467 2571 3529 inscriptio
2598 3483 2609 3515 :
2640 3463 2762 3515 Bibl.
2790 3465 2850 3529 de
2878 3462 3116 3529 Cgoisiers
3143 3476 3160 3522 ;
3187 3476 3338 3529 quare
3362 3464 3422 3529 ad
3458 3463 3804 3529 bibliothecam
3845 3461 4050 3529 fratrum

861 3533 1019 3578 crucis
1042 3527 1403 3578 Coloniensium
1427 3529 1540 3590 olim
1566 3523 1878 3590 pertinuisse
1905 3531 2112 3578 videtur.
2139 3523 2307 3577 insunt
2341 3534 2384 3577 ei
2410 3523 2769 3590 pulcherrimae
2809 3526 3134 3590 de__Barlaam
3169 3533 3220 3572 et
3262 3527 3493 3590 Josaphat
3531 3527 3809 3586 sanctisque
3843 3523 4050 3590 senibus

860 3591 1109 3644 historiae,
1134 3593 1412 3651 germauico
1434 3585 1641 3652 quidem
1667 3589 1897 3638 idiomate
1939 3591 2237 3647 elaboratae,
2265 3593 2312 3640 in
2336 3585 2492 3652 iisq'ue
2529 3589 2854 3652 plurimaede
2883 3587 3102 3636 Macariis
3149 3600 3210 3636 ex
3232 3587 3407 3635 auibus
3437 3595 3647 3637 ouatuor
3674 3585 3858 3636 tantum
3880 3587 3961 3634 hic
3981 3585 4048 3633 ad

860 3653 1040 3701 codicis
1062 3650 1208 3701 ﬁdem
1232 3653 1592 3701 accuratissime
1614 3650 1882 3712 descriptas
1903 3654 2234 3714 proponimus.

1564 3907 1613 3960 1.

1398 4014 1498 4052 EYN
1527 4013 1774 4052 ZEICBEN.

872 4091 1075 4145 Darna
1143 4091 1367 4143 sacbten
1423 4105 1484 4158 sy
1532 4105 1632 4143 ons
1666 4090 1807 4142 ouch
1851 4105 1952 4160 eyn
2010 4093 2216 4146 selsscn
2269 4095 2370 4148 zei-

805 4185 964 4238 ciien.
1011 4184 1056 4236 lt
1088 4197 1203 4235 was
1235 4198 1338 4251 eyn
1373 4183 1500 4250 rych
1534 4196 1658 4233 man
1689 4182 1754 4234 de
1793 4182 1967 4235 haddc
2000 4199 2135 4252 eyne
2165 4186 2372 4240 schone

804 4275 1050 4328 dochter.
1081 4272 1200 4326 Vnd
1233 4273 1361 4326 omb
1393 4272 1459 4325 de
1488 4286 1550 4325 so
1577 4271 1736 4324 warﬂ'
1759 4288 1861 4341 eyn
1898 4275 2242 4343 yungelinck.
2275 4274 2370 4328 Ind

805 4369 876 4418 do
903 4381 962 4434 sy
982 4379 1100 4418 eme
1133 4379 1262 4432 syns
1290 4363 1455 4415 bosen
1485 4363 1665 4415 willen
1697 4363 1810 4414 neit
1840 4363 1894 4415 in
1917 4364 2128 4417 wolden
2153 4365 2364 4433 volgen.

807 4457 885 4508 Do
918 4454 1146 4508 machde
1180 4455 1276 4521 hey
1309 4454 1399 4506 dat
1434 4462 1545 4522 myt
1577 4470 1912 4524 zouueryen.
1972 4455 2073 4508 Dat
2113 4473 2173 4526 sy
2202 4457 2248 4509 ir
2280 4473 2373 4508 va-

808 4543 905 4594 der
933 4541 1021 4592 ind
1053 4542 1101 4592 ir
1131 4541 1337 4593 moder.
1368 4540 1461 4592 ind
1493 4541 1580 4608 vyl
1614 4541 1842 4596 auderre
1878 4545 1999 4597 lude
2031 4545 2372 4614 neytauders

808 4632 863 4684 in
900 4646 1098 4699 saegen
1142 4631 1247 4684 dan
1294 4647 1393 4682 vur
1425 4647 1527 4700 eyn
1571 4635 1697 4702 wylt
1744 4641 1883 4702 pert.
1918 4634 2032 4687 End
2074 4637 2140 4689 da
2180 4651 2282 4690 van
2328 4639 2374 4690 ir

809 4722 977 4774 vader
1025 4720 1115 4774 ind
1154 4723 1199 4773 ir
1226 4721 1413 4775 moder
1445 4722 1532 4774 ind
1566 4723 1613 4776 ir
1641 4723 1811 4777 andcr
1869 4734 2032 4778 vrunt
2085 4742 2266 4780 waren
2319 4728 2372 4780 iu

811 4814 1077 4882 groissem
1105 4813 1285 4882 lyden.
1315 4813 1411 4867 lnd
1446 4815 1656 4868 voirten
1711 4831 1771 4883 sy
1815 4825 2098 4885 gezoumet
2143 4818 2234 4872 ind
2281 4834 2374 4885 ge-

811 4904 1028 4956 bunden
1079 4921 1180 4956 vur
1210 4906 1312 4958 den
1353 4906 1602 4975 heyligen
1650 4909 1819 4960 vadcr
1855 4917 2012 4962 sante
2067 4912 2371 4965 machario.

811 4991 909 5046 laid
939 4993 1147 5060 veyllen
1182 5009 1282 5046 vur
1312 5009 1446 5064 syne
1478 5010 1672 5064 voysse
1698 5003 1809 5066 myt
1839 4998 2105 5064 groissein
2146 5014 2372 5069 weynen

813 5085 906 5136 ind
956 5085 1220 5154 sprachen
1268 5103 1330 5140 zo
1372 5103 1506 5141 eme.
1562 5087 1729 5141 Ouwe
1769 5089 1979 5159 heylige
2029 5090 2196 5145 vader
2242 5093 2373 5148 dese

815 5186 994 5245 maget
1023 5176 1088 5229 de
1123 5177 1193 5231 du
1237 5179 1353 5233 heir
1385 5196 1515 5247 suys
1551 5180 1645 5232 dat
1676 5196 1788 5234 was
1821 5197 1956 5235 onse
1982 5181 2227 5236 dochter.
2279 5183 2373 5238 Ind

2403 3916 2443 3971 lt
2476 3909 2638 3979 279
2657 3909 2769 3961 neit
2793 3904 3100 3976 deirlyches
3118 3920 3187 3958 an
3211 3904 3278 3958 ir.
3315 3904 3422 3957 dan
3450 3919 3584 3974 eyns
3614 3904 3912 3974 mynschen
3945 3920 4046 3959 na-

2472 4010 2610 4054 ture.
2659 4001 2798 4053 ouch
2831 4000 2884 4052 in
2924 4000 2970 4053 is
3002 4015 3067 4051 an
3101 3998 3234 4050 irme
3269 3998 3390 4066 lyue
3423 3997 3535 4049 neit
3567 3995 3879 4050 deirliches.
3925 3995 4044 4050 Mer

2475 4094 2516 4146 it
2546 4092 2592 4146 is
2632 4093 2686 4144 in
2721 4092 2816 4146 der
2850 4090 2975 4144 lude
2998 4104 3171 4157 ougen
3197 4088 3263 4142 de
3294 4103 3354 4157 sy
3387 4103 3454 4139 an
3500 4087 3619 4140 sien
3647 4087 3753 4140 den
3801 4086 4048 4142 duncket

2472 4183 2561 4236 dat
2591 4183 2637 4236 is
2660 4198 2763 4234 van
2796 4181 2892 4234 des
2920 4180 3115 4234 duuels
3145 4178 3375 4231 wercke.
3409 4177 3527 4229 Vnd
3556 4178 3627 4230 do
3664 4178 3765 4247 hey
3779 4178 3870 4231 dat
3898 4178 4043 4231 had-

2473 4274 2538 4328 de
2565 4273 2920 4343 gesprochen.
2955 4275 3023 4326 da
3045 4271 3221 4325 voirte
3243 4271 3342 4340 hey
3384 4285 3446 4340 sy
3478 4271 3531 4322 in
3561 4285 3693 4339 syne
3735 4270 3891 4324 celle.
3942 4270 4044 4323 lnd

2473 4379 2542 4418 na
2575 4365 2657 4433 vyl
2687 4363 2918 4432 gebedes
2945 4361 3039 4414 dat
3069 4363 3172 4431 hey
3196 4376 3331 4414 ouer
3355 4376 3418 4430 sy
3451 4360 3604 4414 dede.
3637 4359 3715 4413 Do
3740 4359 3915 4414 saifde
3943 4362 4049 4432 hey

2474 4473 2534 4526 sy
2569 4455 2821 4525 mytolye
2850 4455 2903 4507 in
2946 4457 3100 4507 deme
3136 4468 3328 4506 namen
3373 4466 3506 4505 ones
3545 4452 3712 4505 heren
3745 4449 3865 4505 lhs
3904 4451 4047 4520 Xp‘s

2475 4545 2639 4598 Want
2673 4560 2733 4615 sy
2762 4560 2864 4596 van
2893 4544 3156 4611 groissem
3189 4543 3424 4612 arbeyde
3457 4541 3561 4595 alie
3591 4557 3655 4611 yr
3689 4541 3868 4596 kraeft
3902 4543 4045 4595 had-

2474 4637 2540 4691 de
2572 4637 2845 4689 verloren.
2873 4633 2949 4686 D0
2981 4632 3088 4703 gat}
3127 4634 3228 4704 hey
3273 4635 3319 4686 ir
3351 4649 3416 4686 zo
3447 4649 3604 4687 essen
3643 4633 3736 4685 ind
3770 4634 3946 4686 voirte
3982 4650 4046 4704 sy

2477 4729 2574 4781 her
2602 4744 2663 4781 vs
2683 4741 2747 4779 zo
2770 4742 2900 4780 eren
2935 4725 3204 4779 vrundeu.
3227 4724 3305 4777 Do
3332 4740 3498 4794 sagen
3529 4740 3587 4794 sy
3603 4739 3662 4792 sy
3686 4740 3754 4778 an
3781 4741 3882 4777 vur
3907 4740 4050 4795 eyne

2477 4817 2817 4872 iunm'ouwe.
2853 4816 2946 4870 Als
2982 4830 3044 4886 sy
3074 4818 3127 4869 in
3160 4816 3257 4869 dcr
3287 4815 3538 4868 wairheit
3572 4830 3707 4869 was.
3753 4813 3870 4868 End
3892 4815 3964 4868 do
3998 4816 4048 4868 ir

2476 4909 2642 4962 vader
2672 4909 2760 4960 ind
2786 4908 2866 4962 eir
2887 4915 3052 4959 vrunt
3085 4906 3412 4975 groislichen
3445 4905 3731 4959 danckden
3762 4906 4047 4959 machario

2477 5003 2631 5054 deme
2667 5001 2914 5069 lieyligen
2960 4999 3125 5052 vader
3173 4998 3274 5051 end
3317 5005 3405 5065 got
3447 4996 3699 5050 loueden.
3739 4997 3816 5050 Do
3842 4999 4045 5065 sprach

2479 5092 2564 5144 hei
2597 5107 2659 5144 zo
2693 5092 2788 5143 der
2827 5088 3224 5159 yuniirouwen.
3267 5085 3370 5140 Des
3405 5086 3600 5140 duuels
3635 5087 3830 5155 gewalt
3861 5090 3933 5142 ist
3975 5087 4046 5139 da

2482 5197 2580 5233 van
2615 5196 2682 5233 an
2715 5181 2798 5232 dir
2830 5179 3098 5249 schynbcr
3124 5177 3432 5248 geworden.
3462 5176 3626 5229 Want
3658 5175 3729 5229 du
3748 5178 3865 5231 hais
3894 5177 4053 5230 vunﬂ'

817 5269 948 5322 buse
980 5271 1102 5323 lude
1133 5282 1254 5338 syut
1279 5287 1342 5325 zo
1370 5287 1606 5340 geuaren
1634 5273 1722 5325 ind
1755 5275 1922 5342 haynt
1957 5291 2017 5343 sy
2049 5275 2147 5326 mit
2174 5291 2374 5329 zouue-
2404 5254 2445 5311 (ἶ
2481 5275 2700 5327 wcclien
2732 5289 2833 5341 ayn
2866 5273 2966 5325 dcn
2993 5272 3238 5340 heyligen
3269 5271 3464 5324 licham
3502 5280 3627 5337 gotz
3659 5270 3903 5338 geweist.
3925 5270 4046 5323 End

817 5376 951 5432 ryen
981 5365 1330 5417 vcrwandclt.
1360 5364 1460 5417 Dat
1501 5381 1561 5435 sy
1595 5366 1639 5418 is
1680 5366 1968 5433 geworden
2010 5367 2090 5419 als
2129 5365 2200 5418 du
2249 5369 2376 5421 wail

822 5463 962 5506 sust.
991 5452 1110 5506 Wir
1136 5455 1350 5525 byddcn
1377 5456 1499 5509 dich
1533 5457 1706 5509 durcli
1729 5457 1831 5511 den
1864 5457 2131 5524 schepper
2169 5458 2375 5513 hemel-

819 5543 968 5597 richs
995 5543 1085 5597 ind
1121 5546 1353 5600 ertrichs
1387 5546 1475 5598 ind
1502 5548 1567 5600 de
1600 5547 1702 5601 alie
1745 5532 2033 5600 creaturcn
2067 5549 2372 5613 geschaﬂcn

820 5631 955 5686 hait.
989 5633 1088 5687 Dat
1122 5635 1190 5686 du
1227 5637 1325 5703 god
1360 5636 1563 5705 byddcs
1598 5637 1689 5688 dat
1735 5652 1788 5705 sy
1827 5637 2006 5689 weder
2042 5637 2242 5690 werde.
2279 5639 2372 5690 Als

821 5722 907 5776 hci
942 5739 1141 5794 syvvan
1173 5727 1375 5780 eirsten
1415 5727 1529 5780 hait
1571 5727 1901 5796 gcscliaﬂ‘cn.
1947 5727 2020 5778 Do
2053 5728 2243 5782 lachde
2278 5729 2374 5783 der

824 5811 1033 5886 hcyiigc
1066 5818 1228 5871 vadcr
1256 5833 1349 5888 gar
1383 5818 1672 5889 goitlicbcn
1710 5818 1803 5871 ind
1830 5815 2138 5887 spt‘achJclI
2171 5818 2224 5871 in
2260 5818 2372 5873 sic"

2482 5368 2599 5419 also
2624 5366 2834 5418 voirtcn
2887 5379 2947 5433 sy
2988 5364 3054 5416 de
3089 5363 3313 5417 dochter
3349 5361 3710 5414 mitvrouden
3757 5361 3938 5414 weder
3979 5378 4046 5417 zo

2479 5459 2688 5527 hcyme.

3231 5547 3264 5584 ς)

2553 5638 2658 5690 Dar
2686 5654 2753 5691 na
2786 5638 3014 5707 begcrde
3043 5638 3139 5690 der
3163 5638 3373 5706 lieylige
3396 5637 3560 5690 vader
3588 5637 3677 5690 dat
3715 5637 3816 5707 hey
3845 5653 4042 5706 queme

2482 5732 2535 5784 in
2566 5731 2666 5784 den
2692 5729 3028 5800 hongarden.
3067 5727 3261 5782 Janme
3311 5728 3402 5780 ind
3454 5729 3668 5782 manbe.
3713 5729 3814 5781 Dat
3855 5744 4041 5784 wareu

2482 5824 2569 5878 dic
2605 5838 2785 5877 zwcnc
2813 5838 3087 5877 zonucncr
3121 5822 3186 5877 de
3230 5823 3297 5892 by
3344 5820 3592 5893 Lonynck
3631 5822 3872 5892 pliarone
3918 5835 4045 5877 wa~
