4274 6358
159 369 259 419 εει

1616 675 1779 747 285
1815 677 1951 739 VII.

564 837 899 900 MACARII
932 840 1336 903 CUIUSDAM
1367 841 1701 903 ABBATIS
1751 841 2118 903 VISIONES
2152 842 2260 904 DE
2296 842 2619 905 SANCTIS
2664 844 3003 905 ANGELIS

1185 1004 1233 1059 E
1272 1006 1449 1060 codice
1504 1005 1893 1061 Vindobanenu‘
1926 1007 2152 1074 primum
2191 1006 2381 1063 editae.

162 1321 280 1371 Cod.
308 1334 401 1369 ms.
428 1320 580 1369 theol.
607 1331 770 1381 graec.
790 1320 879 1379 CC,
914 1319 1031 1368 olim
1053 1316 1365 1380 CLXXXVII,
1390 1317 1519 1369 Bibl.
1553 1316 1691 1367 Caes.
1715 1314 1987 1365 Vindobon.
2011 1316 2297 1367 cbartaceus
2315 1316 2457 1366 in-P.

226 1579 290 1627 de
315 1578 493 1626 Nessel
512 1579 567 1626 '1‘.

164 1516 395 1567 Codirem
446 1517 763 1624 negligenter
801 1521 1071 1572 exaratum,
1098 1513 1145 1561 in
1190 1527 1295 1586 quo
1318 1514 1357 1561 εἰ
1384 1527 1470 1574 pro
1496 1532 1509 1561 ι
1532 1515 1608 1562 vel
1630 1532 1658 1561 υ
1679 1515 2203 1586 saepissimescriplum
2231 1516 2437 1568 invenis.
2460 1515 2716 1587 descripsit
2744 1515 3027 1587 Lambecius
3044 1518 3099 1567 Τ.
3128 1518 3191 1587 iV
3214 1533 3259 1580 p.
3287 1517 3396 1576 ΗΞ,

226 1579 290 1627 de
315 1578 493 1626 Nessel
512 1579 567 1626 '1‘.
637 1592 679 1637 p.
709 1577 815 1623 294,
848 1576 941 1623 ista
963 1586 1127 1624 autem
1159 1590 1370 1625 Visiones
1393 1584 1586 1625 exstant
1610 1580 1787 1624 codicis
1810 1590 1951 1637 pagg.
1974 1577 2054 1637 97,
2083 1577 2247 1634 1-100,
2268 1579 2315 1624 2.
2340 1578 2469 1635 Quas
2511 1578 2802 1637 descriptas,
2838 1584 2929 1627 etsi
2963 1580 3276 1629 Macariorum
3300 1583 3396 1629 Ae-

672 1614 679 1622 .
709 1577 815 1623 294.
848 1576 941 1623 lSIa
963 1586 1127 1624 autem
1159 1576 1370 1625 visiones
1393 1584 1586 1625 exstant
1610 1580 1787 1624 codicis
1810 1590 1951 1638 pagg.
1974 1577 2054 1637 97,
2083 1577 2247 1634 1—100,
2268 1579 2315 1624 2.
2340 1578 2469 1635 Quas
2511 1578 2802 1638 descriptas,
2838 1582 2929 1627 etsi
2963 1576 3276 1629 Macariorum
3300 1583 3399 1629 Ae-

230 1638 389 1701 gyptii
417 1641 495 1687 vel
518 1638 839 1689 Alexandrini
864 1651 960 1685 non
983 1651 1095 1686 esse
1120 1639 1374 1696 videntur,
1400 1639 1612 1686 adiicere
1634 1639 1907 1686 statuimus.

270 1884 536 1951 Διήγημα
582 1885 829 1951 φρικτόν
868 1885 965 1940 καί
1014 1885 1246 1948 ξενίζον
1282 1886 1388 1939 τὸν
1415 1890 1431 1919 ¹
1461 1889 1630 1942 γοῦν.

236 1974 405 2029 Εἶπεν
426 1978 454 2028 6
482 1975 653 2037 ἀ66ἄς
673 1976 972 2047 Μακάριος,
998 1979 1077 2030 ὅτι
1107 1978 1350 2041 ἐλθόντος
1378 1998 1476 2049 μου
1508 1982 1563 2033 ἐν
1591 1982 1741 2033 Κων-

170 2069 489 2122 σταντίνου¹
522 2067 705 2129 πόλει,
744 2067 1040 2137 ἐπιθυμοῦν
1066 2068 1086 2099 ³
1126 2070 1233 2140 γάρ
1272 2087 1360 2140 μοι
1388 2066 1455 2141 ἦν
1494 2072 1585 2124 τοῦ
1616 2072 1740 2125 θεά-

172 2159 365 2212 σασθαι
396 2159 565 2229 αὑτήν
587 2199 599 2222 ,
627 2160 719 2212 καὶ
750 2159 1066 2228 περιπατῶν
1087 2160 1108 2190 ⁸
1139 2160 1195 2212 ἐν
1233 2179 1339 2213 τινι
1370 2162 1580 2233 ἐμϐόλῳ
1599 2203 1612 2227 ,
1642 2164 1741 2233 τῆς

170 2251 430 2322 ἀληθείας
475 2250 854 2322 μαρτυρούσης
904 2268 990 2319 μοι
1033 2253 1108 2315 είς
1142 2251 1313 2306 ταῦτα
1340 2253 1407 2307 τὰ
1442 2255 1742 2325 λαλούμενα

171 2344 304 2413 παρ’
337 2341 503 2413 ἐμοῦ,
540 2342 717 2411 βλέπω
744 2344 856 2403 τοῖς
888 2344 1092 2412 νοεροῖς
1119 2344 1409 2413 ὀφθαλμοῖς
1440 2348 1549 2408 τοῖς
1579 2346 1738 2399 δεδω-

176 2436 431 2507 ρημένοις
461 2452 548 2504 μοι
581 2433 729 2503 παρά
754 2432 955 2502 Κυρίου
982 2434 1115 2502 πρὸς
1152 2432 1212 2485 τὸ
1239 2436 1376 2487 νοεῖν
1416 2453 1482 2505 με
1515 2438 1581 2489 τά
1609 2436 1737 2489 θαυ-

177 2529 348 2597 μάσια
380 2524 565 2585 αὐτοῦ.
592 2523 874 2593 ἄνθρωπόν
899 2541 1018 2575 τινα
1046 2523 1232 2594 ὥσπερ
1270 2524 1520 2593 εὐνοῦχον
1545 2524 1739 2590 ἔξωθεν

173 2620 267 2672 τοῦ
295 2616 639 2685 καταγωγίου
657 2617 677 2647 ³
700 2614 793 2667 τοῦ
824 2614 1081 2684 πορνικοῦ
1102 2615 1329 2678 ἑστῶτα,
1354 2616 1492 2667 πάνυ
1523 2619 1739 2687 κατηφῆ

174 2712 487 2781 κρύπτοντα
515 2710 535 2739 ⁶
558 2708 619 2760 τὸ
652 2708 940 2778 πρόσωπον
967 2704 1129 2757 αὐτοῦ
1162 2708 1278 2767 ταῖς
1316 2706 1433 2757 δυσὶ
1463 2706 1742 2777 παλάμαις

174 2804 363 2865 αὐτοῦ,
399 2803 492 2854 καὶ
529 2800 742 2871 ἐθρήνει
780 2798 857 2867 τῷ
900 2798 1158 2867 σχήματι,
1194 2797 1332 2850 ὥστε
1372 2798 1627 2867 νομίζειν,
1661 2800 1741 2851 ὅτι

176 2898 270 2949 καὶ
320 2898 348 2947 6
392 2894 617 2965 οὐρανὸς
660 2891 1051 2960 συνεθρήνησεν
1080 2890 1098 2918 ⁷
1148 2889 1323 2959 αὐτῷ·
1378 2891 1743 2959 προσεγγίσας

174 2987 231 3038 δέ
268 2986 411 3052 λέγω
443 2984 577 3053 πρὸς
625 2983 819 3036 αὐτόν·
849 2979 901 3031 τί
943 2981 1089 3032 ἐστιν
1125 2982 1152 3031 ό
1183 2981 1379 3049 τρόπος
1420 2980 1512 3032 τοῦ
1547 2980 1741 3050 θρήνου

178 3094 274 3128 σου
308 3075 401 3127 καὶ
428 3076 461 3143 ἡ
492 3073 733 3142 κατηφία
754 3074 795 3137 ⁸,
832 3072 924 3124 καὶ
948 3071 1047 3123 οὐκ
1076 3072 1377 3142 ἀναχωρεῖς
1404 3072 1509 3123 τῶν
1535 3071 1738 3135 ἐνθάδε,

175 3166 259 3217 ὅτι
309 3162 525 3233 πορνῶν
576 3163 671 3215 καὶ
729 3161 975 3228 ἀσελγῶν
1028 3159 1366 3228 καταγώγιον
1396 3162 1416 3192 ⁸
1470 3160 1742 3227 γυναικῶν

178 3255 447 3326 ὐπάρχει;
479 3253 599 3305 είπέ
626 3268 744 3321 μοι,
770 3250 1089 3321 παρακαλῶ·
1123 3250 1233 3321 ἔχει
1264 3250 1371 3320 γὰρ
1403 3251 1741 3319 συμπάθειαν
1771 3234 1815 3291 Β

176 3347 379 3417 πολλὴν
418 3348 447 3398 6
473 3344 668 3415 θρῆνός
698 3360 810 3395 σου.
847 3342 940 3395 καὶ
978 3340 1290 3412 ἀποκριθεὶς
1320 3341 1466 3407 λέγει
1499 3357 1587 3409 μοι
1606 3358 1619 3370 ο
1647 3340 1747 3409 φύ-

178 3459 284 3501 σει,
322 3438 496 3503 ἐνδοξε
534 3436 681 3489 δοῦλε
707 3434 802 3487 τοῦ
835 3433 991 3496 Θεοῦ,
1038 3432 1263 3499 ἄγγελός
1309 3434 1453 3501 εἰμι,
1490 3431 1676 3502 ὥσπερ
1703 3432 1745 3462 ⁸⁸

178 3533 380 3593 πάντες
416 3530 465 3582 οἱ
506 3526 819 3598 Χριστιανοὶ
859 3527 915 3577 ἐν
955 3528 1021 3594 τῇ
1073 3524 1190 3595 ὥρᾳ
1240 3524 1333 3575 τοῦ
1381 3524 1747 3593 βαπτίσματος

178 3621 410 3680 ἕκαστος
436 3616 700 3685 λαμϐάνει
732 3614 960 3681 ἄγγελον
991 3614 1140 3682 παρὰ
1172 3612 1265 3665 τοῦ
1292 3612 1426 3665 Θεοῦ
1447 3655 1459 3674 ,
1482 3613 1615 3683 πρὸς
1646 3630 1745 3680 φυ-

178 3713 352 3781 λακὴν
376 3712 470 3764 καὶ
492 3710 699 3777 σκέπην
724 3708 815 3760 τοῦ
840 3708 990 3769 ὄντος
1011 3701 1109 3758 ὧδε
1132 3706 1311 3776 ἀνθρώ
1321 3724 1436 3767 που,
1463 3708 1555 3759 καὶ
1582 3707 1747 3759 πολλά

180 3802 434 3869 θλίϐομαι
467 3798 607 3869 ὁρῶν
634 3798 793 3850 αὐτὸν
821 3789 909 3848 ὧδ’
948 3796 1311 3865 ἐργαζόμενον
1336 3799 1455 3858 ταῖς
1501 3797 1750 3865 ἀνομίαις

182 3895 279 3947 καὶ
327 3892 617 3952 ἀσωτείαις
649 3892 712 3950 ¹¹,
755 3890 828 3950 ὡς
866 3888 958 3941 καὶ
996 3888 1091 3939 νῦν
1137 3890 1193 3938 ἐν
1234 3886 1311 3956 τῷ
1354 3888 1678 3956 καταγωγίῳ
1708 3890 1748 3918 ³³

178 3984 355 4053 τούτῳ
384 3981 633 4050 κείμενον
659 3979 702 4010 ¹⁸
735 3980 814 4040 εἰς
848 3980 1075 4048 ἀνομίαν
1094 4018 1107 4040 ,
1139 3977 1213 4039 ὠς
1242 3978 1392 4046 ὁρᾷς,
1428 3977 1561 4045 μετά
1590 3976 1748 4043 τῆσδε

181 4072 278 4137 τῆς
312 4068 513 4137 πόρνης
538 4083 550 4094 '
583 4067 674 4118 καὶ
710 4064 827 4127 πῶς
872 4069 946 4136 μὴ
993 4065 1248 4136 θρηνήσω
1296 4064 1394 4133 τὴν
1437 4065 1621 4116 εἰκόνα
1657 4064 1749 4116 τοῦ

182 4159 319 4213 Θεοῦ
384 4161 464 4220 εἰς
520 4156 756 4210 τοιοῦτον
813 4157 999 4217 σκότος
1076 4155 1535 4217 κατασταθεῖσαν;
1611 4154 1751 4221 λέγω

181 4251 372 4325 [πρὸς]
403 4252 445 4283 ⁸⁸
470 4252 631 4304 αὐτὸν
675 4250 785 4317 ἐγώ
807 4267 819 4280 °
854 4251 946 4303 καὶ
978 4250 1065 4302 διὰ
1112 4249 1164 4300 τί
1202 4248 1259 4300 οὐ
1304 4248 1568 4308 νουθετεῖς
1595 4248 1752 4299 αὐτὸν

181 4345 277 4399 τοῦ
310 4347 500 4412 φυγεῖν
531 4343 621 4395 τὸν
652 4343 814 4410 ζόφον
839 4346 935 4411 τῆς
970 4341 1238 4410 ἁμαρτίας
1269 4340 1503 4407 ταύτης;
1539 4341 1630 4391 καὶ
1669 4340 1753 4391 λέ-

181 4454 269 4506 γει
309 4454 397 4508 μοι
426 4438 455 4488 6
500 4434 758 4504 ἄγγελος·
803 4432 988 4503 ἐπειδὴ
1026 4432 1123 4484 οὐκ
1164 4430 1270 4499 ἔχω
1309 4429 1489 4499 χώραν
1542 4430 1753 4496 ἐγγίσαι

184 4529 320 4598 πρὸς
344 4526 528 4580 αὐτόν.
562 4523 654 4593 ἀφ’
683 4516 744 4576 οὗ
774 4522 880 4592 γὰρ
909 4522 1110 4593 ἤρξατο
1143 4523 1313 4573 ποιεῖν
1337 4521 1434 4588 τὴν
1462 4519 1751 4589 ἁμαρτίαν,

180 4621 367 4683 δοῦλός
398 4620 514 4669 ἐστι
542 4616 832 4686 δαιμόνων,
868 4615 961 4666 καὶ
988 4613 1238 4682 οὐδεμίαν
1272 4609 1516 4674 ἐξουσίαν
1543 4612 1649 4680 ἔχω
1676 4612 1754 4672 εἰς

181 4712 366 4764 αὐτόν.
398 4708 515 4779 [καὶ
539 4705 648 4775 ἐγὼ
672 4706 813 4772 λέγω
846 4704 980 4771 πρὸς
1009 4700 1229 4772 αὐτόν’]
1262 4700 1424 4752 πόθεν
1459 4700 1633 4770 δῆλον,
1675 4700 1754 4751 8m.

182 4801 441 4869 οὐδεμίαν
468 4798 712 4862 ἐξουσίαν
731 4795 895 4865 [ἔχεις
916 4792 982 4863 ¹⁸]
1007 4795 1063 4844 ὲν
1087 4791 1253 4860 αὐτῷ,
1284 4790 1375 4842 τοῦ
1399 4790 1531 4842 Θεοῦ
1555 4807 1634 4841 σοι
1658 4791 1723 4841 αύ
1739 4818 1755 4829 ο

183 4895 277 4945 τὸν
311 4888 802 4961 ἐμπιστεύσαντος;
837 4886 929 4938 καὶ
954 4885 1098 4951 λέγει
1130 4901 1217 4953 μοι
1240 4882 1399 4935 πάλιν
1432 4884 1460 4934 6
1491 4882 1715 4949 ἄγγελος
1736 4900 1748 4913 ·

184 4987 213 5035 6
235 4983 367 5043 Θεὸς
395 4984 427 5050 ἡ
438 4979 553 5049 μῶν
582 4978 781 5044 ἀγαθὸς
798 4976 872 5028 ὢν
898 4978 989 5027 καὶ¹
1016 4974 1387 5043 φιλάνθρωπος
1414 4974 1751 5037 αὐτεξούσιον

184 5072 413 5141 ἐποίησε
443 5070 533 5122 τὸν
566 5069 867 5138 ἄνθρωπον,
890 5068 984 5120 καὶ
1027 5067 1181 5119 ἔασεν
1211 5066 1369 5118 αὐτὸν
1403 5069 1466 5135 τῇ
1497 5066 1753 5136 ἀρεσκείᾳ

187 5162 516 5235 πορεύεσθαι
546 5160 682 5224 ὁδόν,
710 5157 888 5224 δείξας
913 5158 1059 5227 αὐτῷ
1082 5157 1179 5218 τὰς
1205 5156 1295 5208 δύο
1316 5155 1485 5217 ὁδοὺς,
1515 5155 1610 5224 τὴν
1638 5172 1754 5207 στε-

187 5257 285 5325 νὴν
313 5255 406 5305 καὶ
431 5253 529 5321 τὴν
560 5250 835 5315 πλατεῖαν,
868 5248 1100 5318 εἰρηκὼς
1134 5246 1279 5316 αὐτῷ
1308 5244 1627 5315 ἀμφοτέρων
1656 5246 1752 5315 τὴν

1764 1772 1831 1781 ...-

1934 1886 2193 1940 Narratio
2224 1886 2485 1939 Iiarrenda
2518 1895 2567 1939 et
2599 1886 3016 1955 obstupefaciens
3052 1890 3306 1941 animant.

1914 1979 2059 2032 Dixit
2090 1980 2255 2032 abbas
2292 1978 2562 2031 Macarius
2591 1996 2603 2032 :
2638 1979 2811 2043 Quum
2850 1982 3114 2035 venissem
3138 1982 3402 2037 Constan-

1844 2070 2149 2138 tinopolim,
2177 2070 2503 2124 desiderium
2546 2071 2688 2124 enim
2733 2087 2817 2124 me
2857 2073 3152 2126 incesserat
3193 2076 3401 2129 visendi

1839 2178 1981 2225 eam,
2007 2171 2059 2217 et
2087 2164 2419 2216 ambularem
2439 2162 2489 2213 in
2512 2162 2744 2231 quodam
2772 2150 3011 2233 porticu,
3032 2167 3256 2221 veritate
3273 2183 3403 2221 con-

1841 2262 2075 2308 testante
2116 2254 2245 2306 mihi
2298 2251 2364 2305 ad
2397 2252 2529 2307 haec
2559 2268 2697 2322 quae
2744 2263 3039 2307 narrantur
3074 2272 3103 2308 a
3131 2274 3237 2321 me,
3267 2274 3401 2313 con-

1840 2346 2011 2413 spicio
2036 2344 2235 2398 mentis
2258 2344 2453 2408 oculis,
2483 2343 2623 2399 datis
2656 2345 2785 2399 mihi
2816 2362 2845 2399 a
2880 2346 3108 2401 Domino
3138 2349 3204 2403 ad
3245 2352 3404 2405 intel-

1841 2436 2051 2505 ligenda
2074 2436 2345 2489 mirabilia
2367 2435 2506 2499 eius,
2536 2437 2809 2491 hominem
2837 2439 3108 2508 quendam
3145 2449 3405 2509 tanquam

1841 2528 2157 2582 eunuchum
2195 2535 2351 2581 extra
2383 2528 2743 2582 diversorium
2773 2531 3116 2584 meretricum
3150 2540 3401 2596 stantem.

1839 2618 1999 2669 valde
2027 2617 2435 2680 contristatum,
2482 2618 2828 2687 obtegentem
2868 2618 3060 2672 faciem
3102 2634 3254 2674 suam
3289 2638 3397 2675 am-

1841 2708 2016 2762 babus
2045 2708 2242 2776 palmis
2275 2710 2412 2770 suis,
2449 2708 2502 2761 in
2542 2709 2776 2777 speciem
2808 2709 3095 2777 gementis,
3126 2720 3185 2763 ut
3218 2711 3364 2765 credi

1842 2815 1931 2855 res
1979 2811 2034 2854 et
2078 2800 2289 2853 coelum
2341 2801 2746 2869 congemiscere
2793 2816 2917 2854 cum
2968 2816 3053 2855 eo.
3107 2802 3393 2870 Appropin

1842 2906 2015 2959 quans
2047 2900 2226 2944 autem
2264 2890 2388 2944 dico
2427 2890 2494 2944 ad
2532 2908 2655 2945 eum
2683 2910 2694 2944 :
2728 2891 3004 2956 Quaenam
3036 2902 3119 2948 est
3150 2895 3288 2946 ratio
3319 2910 3381 2963 ge

1841 2982 2007 3035 mitus
2032 2982 2109 3033 tui
2141 2992 2193 3034 et
2222 2997 2363 3051 quae
2387 2982 2770 3036 contristatio?
2807 2998 2905 3035 cur
2939 2999 3047 3037 non
3081 2986 3289 3039 recedis
3316 2988 3378 3039 dc

1842 3072 1992 3134 hinc,
2025 3072 2171 3141 quod
2210 3074 2560 3128 meretricum
2592 3084 2649 3128 et
2685 3074 3009 3127 lascivarum
3050 3074 3407 3129 diversorium

1842 3165 2130 3219 mulierum
2171 3166 2289 3219 est?
2321 3164 2416 3219 Dic
2446 3165 2602 3228 mihi,
2643 3166 2893 3220 obsecro.
2931 3165 3103 3220 liabet
3132 3167 3273 3220 enim
3306 3184 3375 3220 nn

1845 3256 2199 3310 scricordiam
2246 3257 2469 3309 multam
2516 3256 2749 3325 gemitus
2778 3264 2923 3311 tuus.
2972 3260 3041 3309 At
3078 3257 3409 3326 respondens

1847 3345 1983 3396 dixit
2010 3344 2139 3397 mihi
2168 3362 2182 3398 :
2214 3342 2441 3407 Natura,
2475 3342 2674 3415 inclyte
2706 3360 2859 3399 serve
2879 3344 2992 3407 Dei,
3021 3348 3243 3415 angelus
3268 3361 3409 3407 sum,

1850 3436 1994 3489 sicut
2040 3425 2232 3489 omnes
2268 3435 2569 3489 Christiani
2604 3437 2659 3489 in
2699 3436 2832 3489 hora
2879 3436 3223 3505 baptismatis
3254 3452 3413 3490 suum

1846 3527 2078 3595 quisque
2111 3526 2314 3595 accipit
2349 3528 2601 3594 angelum
2652 3542 2681 3578 a
2736 3525 2867 3589 Deo,
2904 3526 2970 3579 ad
3010 3526 3318 3580 custodiam
3359 3536 3412 3579 ct

1848 3618 2075 3671 tutelam
2115 3618 2387 3671 versatilis
2416 3618 2568 3671 hicce
2599 3618 2869 3682 hominis;
2901 3625 2953 3669 et
2980 3620 3206 3669 multum
3241 3615 3412 3670 tribu-

1848 3707 2173 3769 lor,,videns
2207 3722 2329 3761 eum
2367 3706 2457 3760 hic
2490 3706 2733 3760 deditum
2765 3705 3081 3761 libidinibus
3113 3716 3166 3760 et
3201 3707 3416 3775 spurci.

1850 3799 1958 3861 tiis,
1992 3806 2052 3849 ut
2090 3806 2142 3851 et
2177 3813 2322 3851 nunc
2374 3798 2427 3849 in
2472 3798 2777 3851 diversorio
2825 3797 2927 3851 hoc
2954 3797 3117 3867 286
3150 3811 3414 3850 concum-

1849 3889 2061 3941 bentem
2087 3887 2326 3941 libidinis
2348 3902 2537 3949 causa,
2556 3895 2617 3938 ut
2638 3886 2809 3949 vides,
2828 3901 2951 3940 cum
2978 3888 3078 3941 hac
3098 3888 3411 3947 meretrit-r;

1849 3986 1902 4031 et
1921 3977 2011 4045 qui
2031 3992 2137 4030 non
2166 3977 2441 4045 deplorem
2470 3977 2759 4046 imaginem
2783 3975 2873 4030 Dei
2896 3978 2948 4029 in
2964 3985 3139 4031 tantas
3164 3983 3414 4031 tenebras

1851 4070 2118 4123 deiectam
2138 4072 2160 4120 ἰ
2198 4066 2327 4121 Dico
2362 4068 2409 4121 ei
2444 4083 2543 4136 ego
2576 4086 2587 4121 :
2636 4066 2701 4119 Et
2728 4082 2829 4119 cur
2854 4082 2960 4119 non
2993 4068 3251 4121 admones
3288 4083 3412 4120 eum

1852 4161 2042 4229 iugere
2066 4160 2354 4228 caliginem
2391 4159 2554 4213 huius
2599 4158 2851 4226 peccati?
2879 4156 2945 4209 Et
2975 4158 3113 4211 dixit
3142 4159 3274 4210 mihi
3312 4174 3405 4212 an-

1853 4254 2043 4322 gelus:
2085 4252 2352 4317 Quonram
2393 4266 2499 4304 non
2530 4251 2701 4303 habeo
2734 4251 2909 4304 locum
2940 4250 3413 4319 appmpinqnandi

1854 4344 1957 4397 illi.
1994 4343 2068 4395 Ex
2101 4358 2210 4410 quo
2245 4343 2390 4395 enim
2422 4342 2631 4408 occepit
2670 4340 2850 4394 facere
2879 4349 3184 4408 peccatum.
3223 4354 3415 4393 servus

1853 4440 1938 4487 est
1965 4433 2398 4495 daemoniorum,
2444 4440 2497 4484 et
2536 4431 2738 4484 nullam
2773 4438 3095 4498 potestatem
3148 4432 3321 4484 habeo
3358 4434 3411 4484 in

1855 4538 1999 4577 eum.
2055 4521 2142 4593 [Et
2168 4537 2267 4590 ego
2314 4521 2437 4575 dico
2485 4520 2550 4574 ad
2598 4536 2721 4575 eum
2751 4518 2791 4591 :]
2837 4518 2990 4574 Unde
3030 4520 3222 4588 liquet,
3269 4522 3415 4590 quod

1860 4614 2062 4667 nullam
2092 4620 2413 4681 potestatem
2444 4610 2658 4683 [habes]
2691 4612 2745 4665 in
2775 4628 2922 4676 cum,
2955 4628 3120 4682 quum
3148 4612 3291 4669 Deus
3317 4615 3416 4668 tibi

1859 4719 1981 4756 cum
2018 4703 2355 4757 crediderit?
2387 4702 2451 4754 Et
2486 4701 2778 4771 respondet
2812 4704 2941 4757 mihi
2978 4705 3241 4774 angelus:
3273 4705 3416 4761 Deus

1859 4804 2129 4860 nostrum,
2174 4797 2264 4863 qui
2298 4797 2475 4849 bonus
2505 4804 2589 4850 est
2617 4805 2669 4850 et
2714 4798 2990 4851 hominum
3031 4813 3242 4864 amans,
3277 4798 3414 4852 libe-

1858 4904 1977 4941 rum
2008 4890 2217 4943 creavit
2258 4890 2556 4952 hominem,
2591 4896 2644 4941 et
2679 4890 2803 4943 sivit
2849 4904 2973 4943 eum
3013 4892 3241 4944 arbitrio
3278 4891 3414 4944 insi-

1858 4987 2001 5032 stcre
2037 4979 2203 5041 viam,
2251 4987 2563 5035 monstrans
2596 4981 2644 5033 ei
2688 4980 2826 5034 duas
2862 4983 2998 5045 vias,
3050 4998 3211 5035 unam
3247 4995 3417 5049 angu-

1850 5075 2020 5131 stam,
2094 5070 2318 5123 alteram
2384 5072 2582 5134 latam,
2636 5073 2977 5127 constituens
3033 5074 3081 5127 ei
3130 5073 3417 5141 utriusque

1851 5161 2032 5221 ﬁnem,
2070 5170 2334 5229 angustae
2370 5161 2587 5230 quidem
2624 5170 2677 5215 et
2704 5163 2868 5216 tritae
2890 5163 3009 5215 viae
3044 5169 3254 5215 meatus
3286 5176 3414 5230 par-

1850 5266 1971 5303 vum
2002 5252 2221 5321 quidem
2268 5253 2510 5307 laborem
2552 5254 2816 5309 habentes
2854 5255 2907 5307 in
2939 5268 3222 5322 praesens,
3267 5260 3321 5305 at
3361 5253 3415 5305 in

1455 5380 1707 5435 VARIAE
1736 5386 2137 5444 LECTIONES.

267 5482 283 5511 ⁸
313 5479 391 5532 Ex
426 5478 593 5538 coni..

669 5492 727 5530 ro
762 5476 988 5541 ξενίζον
1043 5491 1148 5547 τον
1192 5472 1332 5547 COAd-_
1368 5472 1707 5547 ξενίζοντας
1764 5481 1784 5510 ί
1818 5480 1950 5535 Cod.
2006 5484 2419 5537 κοσταντίνου.
2497 5484 2519 5515 ⁸
2563 5483 2639 5537 Ex
2686 5484 2855 5547 coni.,
2915 5483 3036 5536 cod.
3097 5480 3411 5546 ὲπεθύμον.

188 5550 211 5581 ⁸
252 5549 343 5621 Sic
372 5550 492 5603 cod.
570 5542 748 5621 '_Cod.
779 5546 1191 5621 xatgﬁovléov._
1248 5544 1267 5574 ‘
1295 5542 1368 5595 Ex
1411 5544 1579 5621 coni.,
1610 5546 1755 5621 coda
1776 5554 2125 5621 κρατοῦντα.
2188 5553 2207 5581 ⁷
2241 5552 2491 5617 Emend,
2520 5554 2641 5606 cod.
2682 5542 3020 5621 συνεθρήνῃ
3054 5552 3224 5621 (sic)._
3250 5542 3295 5621 »δ
3325 5550 3415 5601 Sic

190 5619 441 5692 pro
465 5617 771 5692 κατήφεια.
827 5611 1641 5692 '_Corr..ucod._xatardi.l_elor.
1714 5620 1761 5692 ff
1793 5611 1927 5692 Cod.
1970 5621 2303 5692 xalt'ocnap;
2331 5638 2433 5676 vox
2474 5611 2566 5676 καὶ
2596 5611 3413 5692 ευρετνεοέιηείεὲεθ’νῇᾴςιυικ

195 5690 235 5718 ³¹
269 5686 362 5742 Sié
406 5689 530 5742 cod.
564 5686 665 5755 pro
694 5686 967 5747 ἀσωτίαις.

194 5759 342 5813 coni.
420 5760 463 5789 "
499 5752 671 5812 Verba
708 5756 860 5810 uncis
894 5755 1102 5808 inclusa
1131 5769 1195 5808 ex
1234 5754 1376 5806 coni.
1411 5752 1613 5806 addidi.

1049 5684 1089 5713 “
1118 5683 1251 5737 Cod.
1282 5683 1630 5763 καταγωλεξῳ.
1710 5689 1751 5720 ’³
1781 5688 1961 5758 Corn,
1996 5690 2115 5746 cod.
2166 5683 2455 5763 κείμενος.

2538 5695 2580 5723 ’δ
2603 5687 2752 5762 πρὸς
2802 5707 2910 5747 om.
2939 5690 3087 5757 cod.,
3124 5687 3305 5744 addidi
3346 5700 3419 5743 ex
