4274 6358
881 397 989 452 225

1682 397 1779 452 SS.
1821 397 2271 454 MACARIORUM
2309 394 2631 452 AEGYPTII
2683 397 2768 451 ΕΤ
2812 396 3272 452 ALEXANDRl-Nl

4005 391 4110 447 εει

888 510 1097 562 intinita
1147 513 1490 564 saeculorum
1539 512 1753 565 saecula
1801 512 2067 580 requiem,
2122 513 2261 566 latae
2313 527 2516 592 veroA
2546 513 2574 562 λ

2418 529 2443 565 ι)
2471 539 2516 592 Α
2546 513 2714 575 λύσιν,
2759 512 2856 580 τῆς
2903 513 3000 580 μὲν
3039 513 3230 581 στενῆς
3276 511 3369 564 καὶ
3402 509 3762 580 τεθλιμμένης
3793 509 3837 540 ⁸⁸
3871 506 3996 559 ὁδοὺ
4046 514 4106 556 τά

884 600 1220 669 punitionem
1244 611 1516 655 aeternam
1552 609 1603 654 et
1627 602 1802 670 ignem
1827 603 2112 670 gehennae
2148 610 2201 656 et
2231 611 2441 654 ceteras

882 707 1072 745 omnes
1113 707 1338 760 poenas.
1374 692 1651 757 Quaenam
1704 695 2001 747 admonitio
2043 695 2176 748 mihi
2231 695 2441 763 reliqua

881 788 984 842 est,
1012 796 1118 850 qua
1154 791 1276 835 utar
1313 783 1367 836 in
1400 784 1545 836 hunc
1580 784 1873 848 hominem,
1914 799 2075 852 quem
2105 786 2235 838 mihi
2275 784 2440 838 tradi-

879 871 962 925 dit
1013 874 1152 928 Deus
1202 875 1661 929 custodiendum?
1707 875 1828 946 lpse
1874 879 2019 931 enim
2082 877 2345 932 Dominus
2389 885 2443 930 et

882 962 1025 1015 Deus
1058 971 1244 1017 noster
1275 963 1435 1018 Jesus
1466 966 1734 1030 Christus,
1766 966 1936 1020 Filius
1969 967 2063 1022 Dei
2093 969 2221 1031 vivi,
2254 970 2442 1021 admo-

880 1062 978 1108 net
995 1062 1048 1108 et
1074 1055 1396 1108 cohortatur
1422 1063 1475 1109 et
1503 1057 1660 1111 decet
1681 1073 1888 1122 omnes,
1922 1059 2197 1114 abstinere
2222 1060 2443 1115 obscoe-

881 1148 970 1201 nis
1000 1148 1279 1216 operibus,
1323 1163 1387 1201 ac
1425 1149 1510 1202 vix
1555 1165 1795 1217 unquam
1838 1151 1932 1204 ulli
1985 1152 2275 1207 observant
2322 1153 2445 1205 dili-

879 1250 1069 1308 genter
1094 1240 1274 1292 divina
1301 1242 1463 1293 verba
1492 1241 1631 1293 eius.
1659 1239 1790 1294 Dico
1820 1243 1984 1311 igitur
2005 1244 2052 1295 ei
2081 1262 2093 1298 :
2120 1243 2230 1297 Cur
2261 1253 2445 1298 exten-

881 1329 1012 1382 disti
1043 1345 1235 1382 manus
1253 1339 1373 1382 tuas
1394 1344 1615 1398 gemens
1646 1346 1837 1385 versus
1861 1333 2107 1386 coelum?
2128 1332 2192 1385 Et
2219 1349 2446 1403 respon-

881 1421 972 1474 det
1000 1421 1128 1474 mihi
1175 1422 1441 1489 angelus:
1484 1421 1775 1490 Conspicio
1813 1423 2106 1478 daemones
2142 1426 2288 1478 circa
2320 1442 2443 1480 eum

884 1511 1223 1578 plaudentes,
1257 1519 1310 1564 et
1351 1511 1490 1564 alios
1524 1511 1810 1580 tragoedos
1842 1523 2084 1581 agentes,
2118 1516 2255 1569 alios
2297 1515 2444 1568 deri-

882 1601 1070 1654 dentes
1102 1617 1224 1654 eum
1264 1601 1542 1665 indecore,
1589 1612 1643 1654 et
1689 1603 1892 1654 idcirco
1936 1603 2251 1657 frendebam
2284 1620 2448 1673 super

882 1692 1188 1746 insolentiis
1229 1691 1355 1754 illis,
1389 1701 1444 1744 et
1481 1693 1743 1760 precabar
1777 1693 1842 1745 ad
1877 1694 2066 1758 Deum,
2103 1703 2161 1747 ut
2195 1710 2444 1749 servare-

881 1789 972 1832 tur
1017 1793 1047 1831 a
1100 1779 1457 1834 daemonibus
1509 1788 1755 1833 creatura
1802 1783 1952 1847 eius,
1996 1791 2049 1835 et
2101 1784 2267 1836 donet
2314 1784 2443 1836 mihi

2543 602 2847 671 διαδήματα
2875 604 3063 672 μικρὸν
3087 604 3183 672 μὲν
3209 603 3367 654 πόνον
3390 602 3578 671 ἔχοντα
3605 601 3738 671 πρὸς
3757 601 3816 652 τὸ
3839 598 4019 666 παρόν
4045 598 4109 657 ³⁷,

2543 696 2634 746 καὶ¹
2664 697 2742 756 εἰς
2769 696 3154 763 ἀτελευτήτους
3183 694 3390 746 αἰώνων
3417 694 3617 754 αἰῶνας
3644 692 3742 760 τὴν
3775 691 4107 749 ἀνάπαυσιν,

2541 787 2638 856 τῆς
2658 785 2713 836 δὲ
2744 785 3000 847 πλατείας
3023 785 3238 837 κόλασιν
3263 785 3475 837 αἰώνιον
3497 784 3588 836 καὶ
3613 783 3671 834 τὸ
3704 781 3813 851 πῦρ
3833 782 3933 849 τῆς
3955 777 4112 846 γεέν-

2542 893 2636 944 νης
2665 876 2756 926 καὶ
2781 875 2878 936 τὰς
2901 874 3089 937 λοιπὰς
3120 875 3298 937 πάσας
3326 875 3592 936 κολάσεις.
3632 873 3789 925 ποίαν
3820 870 4110 923 νουθεσίαν

2542 965 2648 1035 ἔχω
2688 966 2907 1034 ποιῆσαι
2941 967 3119 1019 λοιπὸν
3153 967 3284 1036 πρὸς
3315 967 3404 1018 τὸν
3431 966 3560 1036 ὲμδν
3583 966 3890 1035 ἄνθρωπον,
3917 964 3980 1014 ὃν
4020 980 4112 1030 μοι

2542 1056 2866 1126 ἐνεχείρισεν
2897 1058 2939 1088 ¹⁸
2964 1057 2992 1108 6
3036 1058 3165 1121 Θεὸς
3200 1057 3293 1109 τοῦ
3337 1060 3556 1110 σκέπειν
3582 1057 3773 1118 αὑτόν;
3802 1055 3967 1116 αὐτὸς
3998 1055 4113 1123 γάρ

2541 1150 2569 1200 6
2608 1149 2793 1218 κύριος
2827 1150 2919 1202 καὶ
2955 1149 3084 1213 Θεὸς
3116 1152 3272 1221 ἡμῶν
3314 1152 3519 1219 Ἰησοῦς
3547 1149 3778 1219 Χριστὸς
3809 1149 3837 1197 ὁ
3869 1148 3997 1207 Υἱὸς
4013 1144 4113 1197 τοῦ

2543 1237 2674 1289 Θεοῦ
2702 1239 2792 1291 τοῦ
2815 1239 3010 1302 ζῶντος
3035 1241 3268 1293 νουθετεῖ
3296 1242 3388 1294 καὶ
3417 1240 3719 1310 παρακαλεῖ
3741 1239 3832 1290 καὶ
3862 1238 4115 1290 διδάσκει

2541 1329 2750 1391 πάντας
2779 1330 3072 1400 ἀπέχεσθαι
3106 1331 3214 1384 τῶν
3245 1331 3463 1401 σαπρῶν
3503 1332 3781 1400 πράξεων,
3827 1331 3921 1380 καὶ
3953 1329 4114 1396 μόλις

2543 1421 2672 1472 ποτέ
2709 1439 2849 1485 τινες
2893 1424 3210 1475 σκέπτονται
3245 1423 3483 1493 ἀκριϐῶς
3525 1423 3650 1483 τοὺς
3691 1421 3863 1482 θείους
3913 1419 4116 1484 λόγους

2543 1511 2728 1564 αὑτοῦ.
2753 1513 2895 1578 λέγω
2923 1511 3013 1565 οὖν
3047 1515 3180 1584 πρὸς
3210 1515 3368 1566 αὐτόν
3389 1531 3401 1543 ·
3425 1513 3476 1565 τί
3497 1513 3763 1575 ἐξέτεινας
3784 1512 3880 1572 τὰς
3916 1510 4115 1579 χεῖράς

2546 1617 2637 1651 σου
2668 1602 2935 1664 στενάζων
2966 1604 3099 1670 πρὸς
3126 1605 3215 1654 τὸν
3246 1604 3504 1672 οὐρανόνς
3531 1602 3624 1654 καὶ
3649 1603 3797 1668 λέγει
3827 1619 3916 1670 μοι
3952 1602 3983 1650 6
4015 1600 4116 1666 ἆγ-

2545 1690 2729 1756 γελος·
2770 1691 2877 1760 ὁρῶ
2909 1693 3032 1752 τοὺς
3062 1692 3317 1759 δαίμονας
3345 1692 3527 1760 κύκλῳ
3559 1691 3720 1742 αὐτοῦ
3755 1689 4112 1758 κροτοῦντας,

2547 1779 2639 1830 καὶ
2682 1780 2894 1846 ἑτέρους
2927 1781 3330 1848 τραγῳδοῦντας
3366 1782 3428 1840 ⁸⁸,
3462 1780 3711 1850 [ἐτέρους
3734 1779 3802 1849 ²⁰]
3833 1780 4114 1846 γελῶντας

882 1886 1045 1923 imam
1078 1869 1220 1924 diem
1255 1872 1442 1924 laetari
1474 1872 1528 1924 in
1558 1887 1621 1926 eo
1651 1873 1716 1926 de
1742 1874 2076 1941 poenitentia
2111 1875 2230 1929 eius
2264 1883 2320 1929 et
2355 1892 2441 1930 re-
2475 1880 2515 1933 Β
2546 1888 2570 1923 α

2424 1906 2441 1916 -
2475 1880 2515 1933 Β
2546 1870 2708 1923 αὑτοῦ
2742 1871 3008 1939 ἀσέμνως,
3036 1873 3128 1923 καὶ
3156 1872 3343 1924 τούτου
3379 1872 3561 1924 ἕνεκεν
3584 1872 3902 1940 διεπριόμην
3939 1872 3983 1899 ¹¹
4019 1870 4112 1920 ἐπὶ

881 1961 999 2014 ditu
1043 1961 1108 2013 ad
1147 1962 1424 2014 meliorem
1453 1963 1618 2015 vitam
1646 1971 1699 2016 et
1739 1966 2103 2033 confessione,
2135 1975 2188 2020 et
2221 1967 2441 2037 dignmn

880 2050 1067 2103 haberi
1101 2067 1208 2113 me,
1239 2052 1328 2104 cui
1364 2051 1609 2106 tradatur
1640 2055 1820 2108 anima
1853 2057 1973 2112 eius
2007 2057 2060 2109 in
2097 2058 2444 2114 confessione

879 2151 933 2196 et
957 2142 1289 2211 poenitentia
1315 2144 1734 2198 incontaminata
1766 2155 1819 2200 et
1845 2163 1979 2216 pura
2011 2165 2107 2217 per
2135 2149 2442 2216 Dominum,

883 2232 1177 2288 iustificata
1226 2233 1560 2302 benignitate
1609 2235 1726 2290 Dei.
1773 2239 1935 2308 287
1980 2240 2122 2295 Haec
2176 2242 2266 2295 uhi
2308 2243 2444 2295 dixit

881 2327 1124 2394 angelus,
1147 2325 1412 2393 disparuit
1437 2342 1503 2379 ex
1524 2328 1697 2382 oculis
1722 2332 1877 2384 meis.
1902 2331 2030 2385 Dico
2057 2343 2235 2388 autem
2264 2335 2442 2398 vobis,

881 2415 1079 2466 fratres
1101 2415 1223 2476 mei,
1241 2415 1384 2482 quod
1403 2427 1550 2469 certo
1578 2417 1714 2481 scio,
1740 2420 1947 2472 nullum
1965 2437 2088 2476 esse
2111 2423 2446 2478 immundius

882 2513 1184 2572 peccatum,
1222 2505 1325 2558 nisi
1353 2507 1706 2572 adulterium,
1743 2517 1795 2561 et
1823 2508 2239 2566 fornicationem
2269 2524 2322 2567 et
2352 2516 2447 2567 So-

882 2595 1210 2647 domitarum
1244 2596 1425 2648 scelus
1454 2595 1792 2652 detestabile.
1832 2598 1886 2652 Si
1923 2609 2104 2658 autem
2135 2603 2192 2656 in
2222 2604 2306 2657 his
2331 2621 2448 2673 pec-

882 2687 1022 2739 catis
1057 2701 1283 2740 versans
1326 2687 1392 2740 ad
1449 2689 1724 2744 meliorem
1771 2691 1980 2760 frugem
2026 2696 2300 2749 rediturus
2340 2706 2444 2758 est,

883 2778 1172 2846 benignius
1209 2793 1336 2831 eum
1371 2781 1568 2848 recipit
1602 2781 1745 2836 Deus
1780 2799 1942 2852 supra
1965 2800 2156 2840 omnes
2194 2796 2446 2854 peccato-

883 2883 995 2934 res,
1027 2869 1154 2936 quia
1185 2885 1251 2921 ex
1283 2869 1532 2924 libertate
1566 2873 1742 2925 oritur
1767 2875 1952 2940 passio
1979 2915 1993 2937 ,
2026 2875 2325 2929 veliﬁcatur
2351 2893 2449 2928 au-

882 2963 990 3009 tem
1027 2957 1074 3010 ei
1107 2957 1356 3011 diabolus
1392 2974 1488 3027 per
1534 2961 1825 3028 prurituln.
1869 2961 1964 3016 Sin
2009 2973 2190 3017 autem
2219 2975 2448 3019 conetur

882 3045 1008 3113 quis
1055 3047 1383 3101 mortificare
1428 3050 1712 3116 passiones
1759 3054 1921 3107 hasce
1968 3054 2025 3107 in
2066 3055 2345 3123 vigilantia
2395 3064 2449 3108 et

883 3137 1236 3201 continentia,
1266 3137 1411 3193 Deus
1443 3142 1743 3211 exstinguit
1773 3158 1887 3198 eas.

2541 1960 2610 2011 τὰ
2657 1959 2980 2029 ὲλελίσματα
3009 1962 3050 1991 ²¹
3081 1962 3262 2013 ἐκεῖνα
3308 1962 3400 2013 καὶ
3440 1961 3689 2030 ηὐχόμην
3721 1959 3798 2028 τῷ
3826 1958 3968 2027 θεῷ,
4025 1960 4111 2009 ἵνα

2544 2051 2712 2121 ῥυσοῇ
2745 2052 2850 2104 ἀπὸ
2881 2052 2986 2104 τῶν
3019 2052 3285 2121 δαιμόνων
3310 2053 3369 2105 τὸ
3404 2051 3631 2120 πλάσμα
3663 2049 3846 2110 αὑτοῦ,
3877 2051 3974 2101 καὶ
4003 2049 4109 2101 δω-

2545 2143 2774 2211 ρήσηταί
2802 2145 2849 2174 "
2885 2161 2972 2212 μοι
3009 2144 3134 2213 μίαν
3167 2144 3378 2213 ἡμέραν
3421 2145 3654 2212 χαρῆναι
3675 2144 3718 2173 ’⁸
3748 2143 3804 2193 ἐν
3836 2141 3988 2210 αὑτῷ
4020 2141 4113 2192 ἐπὶ

2541 2237 2606 2303 τῇ
2637 2235 2888 2304 μετανοίᾳ
2914 2235 3075 2287 αὐτοῦ
3102 2235 3196 2287 καὶ
3227 2238 3294 2305 τῇ
3325 2237 3625 2305 ἐπιστροφῇ
3664 2233 3771 2285 τῶν
3801 2233 3978 2301 ἔργων
4015 2235 4115 2284 αὐ-

2541 2326 2634 2379 τοῦ
2677 2328 2769 2378 καὶ¹
2810 2330 2872 2396 τῇ
2908 2326 3321 2397 ἐξομολογήσει,
3354 2328 3446 2378 καὶ
3491 2325 3783 2395 ἀξιωθῆναί
3815 2326 3858 2354 ’³
3911 2342 3978 2393 με
4016 2324 4113 2377 τοῦ

2543 2419 2906 2488 παραδοθῆναι
2930 2420 2974 2450 ³⁸
3013 2420 3111 2488 τὴν
3158 2418 3332 2488 ψυχὴν
3386 2417 3549 2470 αὐτοῦ
3607 2419 3663 2468 ἐν
3714 2417 4116 2485 ἐξομολογήσει

2544 2509 2637 2562 καὶ
2682 2509 2936 2579 μετανοίᾳ
2975 2509 3198 2562 ἄσπιλον
3233 2512 3324 2562 καὶ
3367 2509 3609 2577 καθαρὰν
3645 2508 3731 2562 διὰ
3761 2508 3854 2559 τοῦ
3895 2508 4115 2576 κυρίου,

2544 2602 2827 2670 ἄμεμπτον
2854 2603 2894 2634 ⁸⁷
2918 2606 2984 2671 τῇ
3002 2601 3293 2670 ἀγαθότητι
3318 2602 3410 2652 τοῦ
3441 2601 3598 2654 Θεοῦ.
3631 2601 3724 2652 καὶ
3745 2599 3913 2652 ταῦτα
3941 2598 4116 2650 εἰπὼν

2543 2695 2570 2744 ό
2599 2693 2824 2760 ἄγγελος
2855 2693 3086 2759 ἄφαντος
3125 2692 3338 2759 ἐγένετο
3370 2692 3476 2744 ἀπὸ
3510 2692 3614 2742 τῶν
3659 2689 3948 2759 ὀφθαλμῶν
3986 2706 4116 2758 μου.

2545 2785 2685 2851 λέγω
2737 2786 2793 2836 δὲ
2832 2786 2977 2853 ὑμῖν,
3031 2785 3245 2852 ἀδελφοί
3287 2802 3408 2852 μου,
3452 2787 3532 2836 ὅτι
3568 2782 3808 2852 ἀκριϐῶς
3843 2779 3982 2842 οἴδα,
4030 2781 4117 2832 ὅτι

2545 2876 2644 2927 οὐκ
2677 2875 2820 2928 ἐστιν
2851 2876 2980 2943 ἄλλη
3013 2875 3381 2944 δυσωδεστέρα
3419 2874 3696 2942 ἁμαρτία,
3736 2874 3784 2924 εἰ
3819 2873 3893 2947 μὴ
3927 2874 3958 2939 ἡ
3999 2889 4118 2940 μοι-

2547 2967 2667 3036 χεία
2693 2968 2738 2998 ’⁸
2762 2969 2904 3035 καὶή
2930 2968 3154 3036 πορνεία
3188 2968 3279 3018 καὶ
3311 2969 3342 3036 ὴ
3367 2969 3410 2998 ³⁸
3441 2968 3549 3016 τῶν
3573 2966 3822 3035 Σοδόμων
3851 2967 4117 3018 ἐπικατά-

2550 3074 2736 3128 ρατος’
2769 3061 2864 3111 ὲάν
2891 3059 2946 3111 δὲ
2974 3059 3115 3111 θέλει
3152 3061 3209 3109 ἐν
3237 3059 3445 3118 τούτοις
3480 3061 3589 3120 τοῖ,
3618 3058 4008 3127 ἁμαρτήμασιν
4038 3055 4117 3106 ῶν

2550 3153 2905 3221 μετανοῆσαι,
2952 3152 3278 3223 θερμότερον
3325 3152 3537 3220 δέχεται
3559 3153 3602 3182 ³⁰
3634 3152 3794 3204 αὑτὸν
3822 3152 3862 3181 ³¹
3906 3152 3935 3202 6
3979 3149 4113 3209 Θεὸς

885 3229 1027 3298 ὑπὲρ
1071 3231 1278 3292 πάντας
1326 3234 1449 3295 τοὺς
1483 3235 1869 3303 ἁμαρτωλούς,
1922 3237 2053 3289 διότι
2094 3238 2157 3289 ὲκ
2190 3238 2565 3309 προαιρέσεώς
2591 3245 2706 3296 ἐστι
2737 3245 2797 3297 τὸ
2825 3246 3016 3308 πάθος,
3050 3246 3304 3314 πληθύνει
3336 3247 3378 3276 ³⁸
3413 3247 3468 3298 δὲ
3498 3245 3646 3315 αὐτῷ
3679 3247 3707 3297 6
3745 3243 3991 3305 διάϐολος
4025 3243 4114 3294 διὰ

879 3321 972 3374 τὸν
1010 3321 1405 3393 γαργαλισμόνο
1435 3322 1529 3375 ἐὰν
1571 3324 1627 3375 δὲ
1662 3324 1789 3397 θέλῃ
1819 3343 1903 3388 τις
1924 3327 1967 3356 ³⁸
1993 3327 2306 3379 ἀποκτεῖναι
2344 3327 2412 3380 τὰ
2445 3329 2590 3398 πάθη
2635 3334 2805 3386 ταῦτα
2833 3337 2889 3387 ὲν
2927 3336 3200 3405 ἀγρυπνίᾳ
3234 3335 3327 3386 καὶ
3391 3335 3719 3405 ἐγκρατείᾳ,
3791 3334 4038 3402 ξηραίνει
4068 3333 4118 3363 ³⁸

882 3411 1042 3467 αὑτά.

1645 3521 1699 3574 2.

1268 3631 1516 3686 Eiusdem
1551 3634 1688 3685 aliae
1717 3636 2071 3687 narrationes.

955 3724 1100 3778 Dixit
1120 3740 1310 3778 rursus
1357 3725 1498 3778 idem
1537 3733 1761 3779 sanctus
1808 3725 2115 3779 Macarius:
2170 3727 2266 3781 Die
2312 3741 2448 3795 qua-

884 3819 1009 3872 dam
1050 3820 1311 3885 precabar
1365 3815 1430 3867 ad
1479 3815 1765 3869 Dominum
1812 3816 2000 3869 Deum.
2045 3817 2179 3870 Dein
2222 3818 2446 3886 su5pexi

886 3911 942 3964 in
973 3911 1181 3963 coelum
1211 3909 1450 3969 intuens,
1477 3916 1530 3961 et
1560 3923 1707 3969 ecce,
1732 3916 1848 3961 erat
1875 3919 2143 3976 apertum,
2176 3918 2228 3962 et
2271 3909 2443 3978 angeli

885 4002 980 4055 Dei
1012 4002 1102 4054 alii
1133 4017 1350 4055 sursum
1384 4000 1637 4053 meabant
1664 4000 1755 4052 alii
1800 4001 2078 4064 deorsum,
2125 4004 2338 4054 animas
2368 4002 2447 4055 ef-

885 4095 1141 4148 ferentes.
1175 4095 1394 4161 Aliquot
1433 4103 1612 4147 autem
1643 4093 1786 4161 nigri
1829 4101 1882 4147 et
1909 4095 2181 4148 tenebrosi
2226 4096 2279 4146 in
2324 4097 2447 4149 aére

885 4199 1131 4253 magnam
1161 4185 1430 4237 habebant
1459 4184 1899 4237 colluctationem
1926 4185 2174 4253 rapiendi
2201 4196 2254 4239 et
2275 4185 2448 4238 detra-

885 4277 1047 4330 hendi
1077 4277 1286 4329 animas
1322 4277 1622 4328 hominum.
1657 4276 1851 4345 Angeli
1896 4287 2082 4330 contra
2119 4277 2447 4331 resistebant

887 4371 1102 4422 fortiter
1126 4379 1180 4422 et
1214 4369 1412 4431 valide,
1454 4377 1640 4436 utpote
1685 4370 1842 4422 valde
1881 4371 2230 4423 verberantes
2268 4385 2362 4423 eos
2395 4381 2447 4423 et

883 4462 1158 4516 salvantes
1182 4461 1414 4513 animas.
1441 4459 1658 4515 Rursus
1689 4462 1950 4529 suspicio,
1983 4469 2036 4512 et
2064 4476 2190 4513 ecce
2222 4461 2330 4514 duo
2351 4478 2445 4513 an-

884 4553 990 4620 geli
1034 4553 1087 4604 in
1129 4553 1342 4604 coelum
1390 4551 1627 4606 hominis
1668 4556 1903 4605 animam
1938 4561 2301 4621 asportantes.
2345 4553 2442 4605 Ubi

886 4643 1053 4710 igitur
1113 4641 1626 4710 appropinquabant
1686 4644 1888 4696 telonio
1946 4643 2324 4696 fornicationis
2391 4656 2445 4696 et

885 4732 1280 4786 moechationis
1309 4741 1363 4786 et
1408 4733 1798 4787 andromaniae
1831 4763 1899 4774 —
1932 4735 2066 4787 haec
2123 4735 2267 4787 enim
2317 4743 2445 4788 sunt

2471 3497 2518 3554 C

3297 3546 3349 3592 ‘z.

2859 3646 2966 3698 Τοῦ
3009 3647 3191 3700 αὑτοῦ
3240 3647 3409 3713 ἕτερα
3442 3646 3790 3714 διηγήματα.

2621 3736 2811 3803 Ἔλεγε
2842 3737 3001 3788 πάλιν
3032 3739 3060 3789 6
3097 3738 3256 3801 αὐτὸς
3288 3738 3440 3803 ἅγιος
3472 3739 3752 3806 Μακάριος
3774 3777 3786 3798 ,
3821 3738 3901 3789 ὅτι
3930 3738 3987 3789 ὲν
4018 3740 4115 3807 μιᾷ

2545 3828 2731 3898 ἡμέρα
2760 3824 2825 3897 ἦν
2854 3832 2986 3896 πρὸς
3009 3827 3208 3897 Κύριον
3230 3829 3321 3880 τόν
3351 3829 3479 3880 Θεὸν
3514 3829 3963 3898 προσευχόμενος.
3997 3826 4111 3880 εἶτα

2547 3918 2824 3986 ἀνέϐλεψαν
2844 3919 2887 3949 ³⁵
2938 3921 3016 3981 είς
3068 3919 3157 3970 τὸν
3210 3919 3436 3989 οὐρανὸν
3483 3919 3632 3982 ἰδών,
3686 3920 3778 3971 καὶ
3820 3919 3928 3971 ἰδοὺ
3961 3920 4006 3950 ³⁸
4046 3916 4111 3989 ἦν

2547 4010 2908 4078 ἀνεῳγμένος,
2928 4010 3021 4061 καὶ
3050 4011 3268 4077 ἄγγελοι
3299 4010 3391 4061 τοῦ
3421 4010 3554 4061 Θεοῦ
3583 4011 3630 4061 ol
3666 4010 3761 4078 μὲν
3789 4010 3888 4078 ἀνή
3901 4027 4108 4078 ρχοντο.

2545 4101 2594 4150 οἱ
2637 4100 2692 4151 δὲ
2727 4102 3076 4169 κατήρχοντο,
3123 4100 3218 4162 τὰς
3246 4100 3421 4169 ψυχὰς
3456 4100 3834 4169 ἀναφέροντες.
3870 4102 4012 4162 τινὲς
4056 4101 4111 4152 δὲ

2551 4190 2774 4258 μέλανες
2812 4191 2904 4240 καὶ
2933 4189 3186 4256 ζοφώδεις
3220 4191 3276 4240 ἐν
3305 4189 3381 4258 τῷ
3409 4190 3529 4255 ἀέρι
3559 4185 3700 4256 εἶχον
3731 4190 4110 4256 περισπασμὸν

2548 4282 2713 4334 πολὺν
2744 4282 2784 4312 ³⁷
2816 4281 2906 4333 τοῦ
2935 4282 3198 4350 ἁρπάζειν
3233 4281 3323 4332 καὶ
3351 4281 3634 4350 κατασπᾷν
3666 4281 3761 4342 τὰς
3794 4279 3970 4347 ψυχὰς
4004 4279 4109 4331 τῶν

2546 4372 2843 4442 ἀνθρώπων
2868 4414 2881 4437 ,
2929 4375 2977 4425 οἱ
3023 4373 3078 4424 δὲ
3111 4372 3327 4440 ἄγγελοι
3358 4372 3675 4424 ἀνθίσταντο
3713 4371 3987 4440 κραταιῶς
4020 4373 4111 4423 καὶ

2550 4463 2780 4532 ἰσχυρῶς
2806 4464 2882 4524 ὡς
2911 4464 3109 4532 σφόδρα
3138 4463 3484 4531 μαστίςοντες
3511 4463 3704 4521 αὐτοὺς
3729 4462 3819 4512 καὶ
3850 4459 4109 4523 σώζοντες

2545 4555 2642 4615 τὰς
2673 4555 2867 4622 ψυχάς.
2905 4555 3083 4622 βλέπω
3114 4555 3168 4605 δὲ
3200 4555 3380 4617 πάλιν,
3413 4555 3501 4605 καὶ
3541 4554 3646 4605 ἰδοὺ
3679 4553 3721 4582 ³⁸
3763 4553 3854 4604 δύο
3893 4554 4109 4619 ἄγγελοι

2546 4647 2624 4707 εἰς
2669 4646 2758 4696 τὸν
2791 4645 3016 4714 οὐρανὸν
3052 4644 3228 4713 ψυχὴν
3275 4645 3559 4715 ἀνθρώπου
3594 4646 3866 4712 φέροντες.
3906 4644 3980 4705 ὡς
4019 4641 4111 4695 οὖν

2547 4737 2911 4807 προσέγγισαν
2955 4736 3030 4806 τῷ
3077 4737 3310 4806 τελωνίῳ
3344 4737 3386 4766 ³³
3431 4737 3530 4804 τῆς
3568 4737 3824 4806 πορνείας
3873 4737 3965 4787 καὶ
4012 4735 4110 4802 τῆς

884 4824 1128 4876 omnium
1186 4823 1512 4876 teloniorunt
1555 4825 1899 4892 turpissima;
1928 4825 2090 4876 invia
2119 4833 2297 4879 autem
2332 4843 2447 4880 sur—
2477 4823 2520 4875 D
2556 4846 2572 4896 ι

2420 4843 2447 4866 ὀ
2477 4823 2520 4875 D
2556 4828 2795 4896 μοιχείας
2820 4828 2862 4856 ⁶⁰
2917 4829 3008 4878 καὶ
3048 4827 3405 4896 ἀνδρομανίας
3435 4828 3476 4858 ⁸¹
3529 4858 3595 4865 —
3635 4826 3805 4879 ταῦτα
3847 4826 3952 4894 γάρ
4008 4831 4108 4877 εἰσι

885 4930 1009 4969 sum
1068 4914 1273 4968 ferente
1339 4915 1845 4982 appropinquabant
1906 4915 2138 4966 animam
2197 4922 2442 4968 tenentes

888 5007 1062 5074 angeli
1109 5005 1202 5059 Dei
1247 5037 1315 5048 —
1365 5008 1543 5073 coepit
1586 5007 1843 5074 princeps
1897 5005 2081 5057 telonii
2131 5006 2443 5073 obstrepere

888 5098 1222 5152 horribiliter
1257 5107 1311 5152 et
1342 5099 1690 5152 vehementer
1716 5097 2026 5166 perturbari
2061 5112 2121 5150 ac
2159 5097 2341 5152 dicere
2379 5101 2444 5153 ad

2549 4919 2764 4971 πάντων
2792 4920 2895 4970 τῶν
2928 4919 3189 4971 τελωνίων
3230 4920 3551 4988 αἱσχρότερα
3573 4935 3586 4948 ⁸
3616 4921 3671 4971 ἐν
3703 4920 3804 4988 ὁδῷ
3836 4919 3942 4986 γὰρ
3979 4919 4110 4986 πρὶς

2549 5008 2614 5059 τὰ
2647 5008 2756 5059 ἄνω
2780 5011 3001 5077 ἤγγιζον
3028 5011 3076 5061 οἱ
3106 5010 3421 5077 κατέχοντες
3450 5011 3545 5077 τὴν
3571 5009 3745 5077 ψυχὴν
3775 5009 4108 5076 ἄγγελοιτοῦ

2556 5100 2689 5151 Θεοῦ
2715 5100 3000 5168 -ἥρξατο
3043 5103 3071 5152 6
3113 5101 3294 5169 ἄρχων
3335 5099 3425 5152 τοῦ
3468 5101 3718 5152 τελωνίου
3751 5099 4110 5169 ταράττεσθαι

2142 5209 2392 5264 VARIAE
2431 5212 2828 5266 LECTIONES.

963 5323 1006 5353 "
1039 5322 1217 5382 Corn.
1252 5323 1371 5375 cod.
1414 5323 1766 5388 τετλιϐἐνης.

893 5393 1008 5460 γωδ
1013 5393 1266 5454 ιοῦντας.

891 5463 1274 5539 ὀιεςτρισάμην.

892 5531 995 5583 τοῦ
1026 5531 1334 5598 ἀξιωθῆναι.
1412 5535 1454 5562 ’⁵
1477 5535 1570 5586 Ex.
1604 5535 1768 5594 cuni.,
1801 5533 1919 5586 cod.
1952 5531 2313 5600 πιιρὶισοηναι
2352 5537 2498 5601 (sic).
2534 5556 2539 5561 ·

888 5602 1154 5672 μοιχίαη,
1188 5605 1237 5672 "7
1269 5601 1342 5654 Ex
1393 5604 1568 5661 coni..
1612 5603 1731 5655 cod.
1925 5603 1966 5631 ³ο
2007 5605 2138 5656 Cod.
2199 5606 2480 5672 δέχαιτίιι.

897 5668 1020 5742 ῖής.
1111 5670 1162 5742 1⁸
1203 5671 1330 5742 Cod.
1368 5672 1636 5738 ξηραίνη.
1716 5674 1757 5702 ³⁵
1799 5674 2042 5730 Emend.
2083 5674 2199 5725 eod.
2235 5668 2602 5742 (ﬁliaeﬁléij'ac.

893 5741 1032 5804 ,ιι-ἠν.
1106 5740 1151 5772 ³³
1190 5741 1320 5795 Cod.
1365 5742 1510 5795 l6e'r.
1582 5747 1623 5772 "
1663 5742 1839 5806 Cornu,
1872 5744 1994 5797 eod.
2031 5743 2104 5809 τῷ
2131 5747 2407 5798 telo)er
2436 5740 2574 5815 (sic).

1846 5326 1886 5355 ¹⁷
1914 5325 2089 5385 (Σίπτη
2125 5327 2244 5380 cod.
2270 5332 2517 5395 σταυρόν.

1340 5394 1385 5422 ¹⁰
1416 5392 1609 5445 Vocem
1654 5397 1867 5463 ἑτέρους
1915 5397 2068 5447 trucis
2112 5392 2476 5450 inclusam'ex
2519 5399 2662 5450 coiri.
2701 5398 2900 5451 addidi.

1363 5464 1405 5491 ²¹
1450 5465 1539 5516 Sic
1592 5467 1736 5526 cod.,
1793 5469 1928 5517 lorte
1979 5466 2338 5533 épeOiapata‘.’
2413 5469 2455 5497 ²³
2494 5468 2626 5520 Cod.
2685 5467 3044 5533 δορείσηται.

3539 5330 3578 5361 ¹⁹
3609 5328 3792 5388 Corr.,
3820 5328 3939 5381 cod.
3983 5345 4110 5393 rra-

2979 5400 3020 5428 "
3054 5400 3184 5450 Cod.
3226 5400 3594 5465 δίεπριώμην.
3647 5404 3724 5450 An
3760 5400 3930 5451 nmis
3965 5415 4108 5451 corr.

3122 5471 3165 5498 "'
3207 5469 3339 5520 (Iud.
3393 5471 3680 5535 laps/rut.
3759 5471 3804 5498 εδ
3839 5469 3974 5520 (ξιιιι.
4019 5473 4110 5520 καί

2577 5538 2616 5567 ²⁷
2656 5537 2727 5588 Ex
2758 5539 2921 5595 coni..
2951 5539 3070 5590 eod.
3103 5539 3255 5605 ιὶμμε
3282 5555 3434 5589 πτωγ
3476 5539 3619 5602 (sic).
3696 5539 3739 5568 ’⁸
3773 5538 3953 5592 (Ἴθι-τ..
3987 5541 4107 5588 end.

2562 5608 2601 5637 ³¹
2648 5607 2780 5659 (20d.
2826 5609 2988 5658 αὑτό.
3069 5607 3109 5637 ³²
3144 5609 3278 5661 (Iud.
3314 5609 3612 5673 πληθύι-η.
3693 5607 3736 5638 ³³
3777 5608 3909 5660 (λιιι.
3953 5610 4106 5673 (iniri

2703 5678 2745 5706 ³⁶
2784 5675 2857 5727 lix
2882 5678 3047 5728 coni..
3085 5679 3211 5730 cod.
3246 5679 3391 5729 ἰδών.
3496 5679 3536 5706 ³⁷
3577 5677 3759 5736 Corn,
3792 5681 3910 5729 cod.
3963 5683 4110 5728 πολ-

2656 5748 2699 5777 ⁵⁰
2735 5745 2864 5800 Cod.
2889 5749 3146 5814 μοιχίας.
3227 5749 3267 5778 δι
3304 5748 3436 5802 Cod.
3470 5748 3923 5816 ἀνδρομανείας.

2599 5329 2842 5388 H1Com,
2878 5329 2998 5381 cod.
3033 5329 3457 5396 érerzeipnaer.
