4274 6358
196 404 303 457 295

1715 397 1921 455 ACTA.

3329 391 3435 450 926

194 524 383 585 δεινως
420 519 515 575 καὶ
543 519 882 574 ἀλλοιοῦσθαι
911 522 1006 575 καὶ
1050 522 1227 591 λέγειν
1270 523 1406 593 πρὸς
1438 524 1563 586 τοὺς
1604 520 1771 589 ἀγγέο
1802 521 1845 575 Δ
1876 532 1882 566 ε

1754 550 1771 560 .
1802 521 1845 575 Α
1876 515 2099 585 angelos
2118 507 2211 570 Dei
2235 534 2247 571 :
2279 509 2400 582 Quo
2430 521 2590 583 pacto
2608 526 2707 567 vos
2741 510 2978 566 animam
2997 505 3140 564 hanc
3162 507 3353 578 rapitis
3370 508 3438 562 ad

197 616 322 676 λους
353 612 448 665 τοῦ
476 612 631 665 Θεοῦ’
666 612 802 681 ποίῳ
836 612 1022 683 τρόπῳ
1054 614 1210 684 ὑμεῖς
1237 614 1338 684 τὴν
1566 611 1773 682 ταύτην

194 707 384 758 ἕλκετε
416 703 688 775 ἡμετέραν
714 706 1060 776 ὑπάρχουσαν
1082 706 1126 737 ⁸³
1149 723 1164 767 ;
1198 706 1447 773 λέγουσιν
1479 706 1526 757 οί
1552 703 1773 772 ἄγγελοι

195 797 335 858 πρὸς
360 795 551 851 αὐτόν·
587 795 639 847 τί
680 813 762 847 σοι
792 797 852 848 τὸ
882 796 1125 865 σόφισμα
1149 798 1207 849 ἐν
1235 797 1372 867 αὐτῇ
1394 836 1409 861 ,
1440 796 1595 858 εἶπές
1624 795 1774 863 λέγει

193 887 288 944 οὖν
330 891 539 951 αὐτοῖς’
578 889 659 942 ὃτι
704 889 809 952 ἕως
852 890 953 958 τῆς
994 890 1251 959 τελευτῆς
1291 888 1456 942 αὑτοῦ
1492 888 1772 959 ἐπόρνευε,

196 984 297 1035 καὶ
326 983 422 1051 τὴν
446 978 733 1051 σοδομινὴν
754 981 1027 1052 ἁμαρτίαν
1049 982 1307 1045 πολλάκις
1334 980 1438 1053 ἰδίᾳ
1462 981 1774 1051 προαιρέσει

195 1077 506 1146 εἰργάζετο.
543 1075 605 1127 οὐ
642 1075 802 1145 μόνον
844 1074 900 1127 δὲ
946 1074 1124 1138 τοῦτο,
1165 1074 1298 1127 ἀλλὰ
1344 1074 1436 1127 καὶ
1473 1073 1653 1144 ἔκρινε
1685 1070 1775 1124 τὸν

194 1166 426 1236 πλησίον
451 1163 613 1217 αὐτοῦ
636 1164 911 1233 λοιδόρως,
936 1164 1030 1217 καὶ
1058 1164 1109 1216 τί
1132 1158 1223 1218 οὖν
1249 1164 1546 1235 δεινότερον
1570 1160 1775 1215 τούτων

195 1260 305 1311 τῶν
347 1257 706 1327 ἐγκλημάτων
740 1256 890 1327 ἐχετε
924 1258 1104 1327 εὑρεῖν
1137 1260 1195 1309 ἐν
1234 1256 1412 1326 αὐτῷξ
1449 1256 1697 1323 λέγουσιν
1726 1255 1775 1307 οἱ

194 1350 451 1417 ἄγγελοι·
496 1351 544 1400 εί
590 1348 684 1400 καὶ
716 1342 785 1417 ἦν
824 1346 1193 1417 δεδουλωμένη
1231 1347 1263 1413 ἠ
1299 1346 1444 1415 ψυχὴ
1481 1343 1620 1413 αὕτη
1665 1344 1775 1405 τοῖς

198 1443 459 1504 τοιούτοις
490 1439 737 1501 πάθεσιν,
767 1440 878 1491 ἀλλ’
915 1439 1137 1507 ἐξέκοψε
1167 1438 1337 1491 ταῦτα
1368 1439 1424 1503 ἐξ
1455 1436 1621 1507 αὐτῆς
1648 1435 1777 1505 πρὶν

196 1532 229 1600 ἢ
264 1531 325 1583 τὸ
365 1529 515 1591 τέλος
545 1529 711 1597 αὐτῆς
752 1528 944 1580 ἐλθεῖν.
978 1527 1124 1596 λέγει
1167 1528 1222 1580 δέ
1267 1528 1295 1579 ὁ
1331 1525 1604 1589 διάϐολος·
1636 1524 1776 1595 οὐχί,

197 1624 301 1675 οὐκ
333 1623 470 1686 ἐστι,
506 1621 579 1682 ὡς
613 1621 797 1686 λέγετε
830 1620 896 1683 ⁸³,
928 1619 1065 1673 ἀλλὰ
1101 1619 1467 1690 ἀμετανόητος
1498 1616 1778 1687 ἐτελεύτη-

200 1729 291 1763 σεν
334 1712 439 1772 ἓως
491 1710 725 1779 ἐσχάτης
760 1710 1065 1779 ἀναπνοῆς,
1103 1711 1224 1779 μηδ’
1253 1710 1387 1772 ὅλως
1434 1709 1777 1780 παυσάμενος

197 1803 294 1863 τὰς
324 1801 581 1869 ἀνομίας·
610 1799 848 1869 οὐδαμοῦ
875 1800 1071 1870 εὑρέθη
1102 1799 1448 1870 ἐξαγόρευσιν
1474 1800 1776 1869 ποιησάμε-

196 1911 287 1955 νος
317 1892 363 1924 ιδ
394 1892 503 1944 τῶν
532 1891 815 1961 ἁμαρτιῶν
846 1890 1009 1943 αὐτοῦ
1051 1891 1239 1944 πασῶν
1272 1891 1337 1951 ⁸⁵.
1370 1891 1403 1961 ἢ
1433 1890 1641 1960 ἀποχὴν
1667 1889 1777 1943 τῶν

203 1984 455 2056 πονηρῶν
477 1983 861 2055 ποιησάμενος,
892 1982 1003 2035 ἀλλ’
1032 1982 1203 2045 οὕτως
1229 1981 1564 2051 ἐτελεύτησε,
1595 1980 1777 2042 δοῦλος

203 2075 279 2127 ῶν
319 2077 420 2145 τῆς
461 2074 733 2145 ἁμαρτίας
767 2074 861 2125 καὶ
892 2072 1023 2142 ἐμὸς
1072 2072 1425 2142 συνεργάτης.
1467 2071 1589 2123 τότε
1630 2070 1778 2137 λέγει

198 2162 279 2231 εἷς
342 2166 454 2219 τῶν
509 2165 756 2233 ἀγγέλων
818 2164 912 2217 τοῦ
954 2163 1091 2216 Θεοῦ
1127 2179 1141 2193 ·
1188 2162 1402 2234 άληθῶς
1463 2181 1544 2216 σοι
1603 2162 1648 2193 ⁸⁸
1699 2162 1778 2233 τῷ

198 2259 383 2329 ἐχθρῷ
432 2260 493 2311 οὐ
542 2256 902 2331 πιστεύομεονο
942 2256 1076 2319 ὅλως
1122 2256 1230 2325 γὰρ
1260 2255 1451 2323 ψεῦδος
1492 2255 1775 2325 ὑπάρχεις,

200 2352 480 2421 ἀκάθαρτε
502 2368 516 2381 ο
544 2351 679 2403 άλλά
708 2348 959 2420 κληθήτω
982 2348 1025 2380 ⁸⁷
1051 2351 1079 2401 ὁ
1106 2348 1339 2416 ἄγγελος
1362 2349 1391 2399 ό
1421 2346 1529 2400 ἀπὸ
1557 2346 1648 2399 τοῦ
1684 2346 1778 2415 βα-

202 2444 511 2512 πτίσματος
548 2442 722 2503 δοθεὶς
765 2440 912 2509 αὐτῷ
955 2442 1033 2503 είς
1069 2438 1493 2508 παραφυλακήν,
1529 2440 1779 2502 κάκεῖνος

202 2534 405 2603 φράσει
435 2532 532 2602 τὴν
557 2530 835 2601 ἀλήθειαν,
865 2530 940 2592 ὡς
971 2529 1137 2581 ἐστιν.
1163 2529 1237 2590 ὼς
1264 2529 1319 2580 δέ
1350 2527 1548 2597 ἐκλήθη
1578 2529 1775 2589 ἐκεῖσε,

199 2620 268 2691 ἦν
312 2623 422 2692 γὰρ
462 2620 857 2690 ἀσχολούμενος
889 2620 1015 2688 περὶ
1051 2618 1148 2687 τῆς
1190 2616 1367 2685 ταφῆς
1408 2616 1503 2669 τοῦ
1532 2615 1780 2684 σώματος

204 2712 409 2773 αὐτοῦ,
457 2712 705 2777 λέγουσιν
743 2709 789 2740 ⁸⁸
848 2711 897 2761 οἱ
950 2709 1171 2775 ἄγγελοι
1226 2708 1409 2777 αὐτῷ·
1458 2707 1577 2759 είπὲ
1624 2709 1776 2777 ἡμῖν,

202 2804 389 2872 ἑταῖρε
416 2801 459 2831 δ’
481 2817 494 2830 ’
528 2802 560 2869 ὴ
605 2799 753 2869 ψυχὴ
781 2798 919 2868 αῦτη
957 2798 1281 2867 μετενόησεν
1322 2796 1415 2849 ἐπὶ
1444 2801 1565 2859 ταῖς
1596 2798 1778 2867 άμαρυ

206 2893 354 2952 τίαις
391 2889 555 2958 αὐτῆς
589 2890 620 2958 ἦ
667 2888 1033 2941 συναπέθανεν
1068 2888 1294 2950 αὑταῖς;
1331 2887 1424 2939 καὶ
1464 2886 1778 2958 ἀποκριθεὶς

212 2982 398 3042 αὐτοῖς
428 2976 579 3031 εἶπεν
608 2982 636 3031 ὁ
684 2979 936 3047 ἀγγελοςο
982 2978 1089 3031 ἀπὸ
1130 2979 1227 3049 τῆς
1261 2978 1427 3049 ὥρας,
1470 2980 1528 3030 ἐν
1650 2997 1779 3032 κατ-

212 3077 413 3128 έπεσεν
461 3076 517 3125 ἐν
559 3076 625 3142 τῇ
668 3073 845 3141 νόσῳ,
882 3072 1009 3142 πρὶν
1052 3071 1085 3140 ἢ
1130 3071 1290 3124 αὑτὸν
1330 3071 1659 3142 βαρυνθῆναι
1697 3075 1780 3137 εἰς

215 3168 439 3236 μνήμην
466 3168 512 3197 ⁵ο
554 3164 723 3216 ἐλθὼν
768 3162 861 3215 τοῦ
895 3162 1155 3223 θανάτου,
1198 3161 1399 3231 ἧρξατο
1433 3163 1648 3233 θρηνεῖν
1686 3166 1779 3217 καὶ

204 3255 495 3323 δακρύειν,
530 3254 624 3306 καὶ
658 3252 913 3306 ἐκάλεσεν
954 3252 1126 3303 ἐλθεῖν
1164 3253 1253 3305 τὸν
1282 3253 1647 3323 πρεσϐύτερον
1679 3255 1776 3323 τῆς

204 3349 536 3416 ἐκκλησίας,
570 3348 663 3399 καὶ
695 3344 833 3397 κατὰ
865 3344 1035 3413 μόνας
1070 3342 1272 3412 ἠρξατο
1311 3342 1525 3412 θρηνεῖν
1555 3344 1648 3395 καὶ
1686 3345 1777 3396 δα-

206 3438 395 3508 κρύειν
450 3439 544 3490 καὶ
603 3432 1037 3504 ἐξομολογεῖσθαι
1094 3433 1272 3494 πάσας
1301 3434 1345 3463 ⁸¹
1396 3431 1473 3501 τῷ
1522 3432 1639 3503 Θεῷ
1680 3432 1777 3496 τὰς

207 3530 485 3599 ἁμαρτίας
531 3528 693 3581 αὐτοῦ
726 3526 956 3579 ἐνώπιον
991 3524 1084 3576 τοῦ
1124 3526 1346 3594 ἱερέως,
1393 3525 1643 3577 ἐκτείνων
1680 3526 1777 3587 τὰς

206 3625 395 3692 χεῖρας
440 3620 604 3672 αὐτοῦ
656 3619 791 3689 πρὸς
830 3618 919 3669 τὸν
958 3617 1205 3684 οὐρανόν,
1248 3616 1460 3686 πικρῶς
1508 3616 1778 3679 στενάζων

208 3716 304 3767 καὶ
328 3714 668 3783 ὀδυρόμενος.
700 3713 745 3761 εἰ
773 3705 863 3761 οὖν
889 3708 1265 3777 συνεχώρησεν
1294 3709 1322 3760 ό
1342 3708 1471 3771 Θεὸς
1507 3708 1709 3777 ταύτην
1733 3710 1776 3740 ⁸²

204 3809 271 3875 τῇ
304 3805 469 3858 αὑτοῦ
515 3801 752 3871 ἐξουσίᾳ,
798 3802 889 3852 καὶ
922 3800 1065 3869 μάλα
1093 3800 1335 3860 εἰκότως,
1372 3794 1471 3851 εἶτ’
1494 3800 1613 3869 οὐχὶ
1654 3798 1779 3861 δόξα

204 3898 271 3963 τῇ
311 3894 682 3962 δικαιοκρισίᾳ.
706 3893 751 3923 ³³
780 3892 978 3954 αὑτοῦ;
1009 3890 1180 3942 ταῦτα
1216 3889 1546 3952 ἀκούσαντες
1586 3892 1633 3942 οἱ
1682 3890 1775 3942 τοῦ

209 3986 389 4052 φωτὸς
418 3985 637 4052 ἄγγελοι
668 3979 1048 4050 κατεγέλέλετο
1084 3980 1160 4051 τῷ
1195 3980 1423 4049 διαϐόλῳ
1453 3980 1711 4043 ἐάσαντες
1734 3980 1777 4029 ’Ψ

208 4078 391 4131 αὐτόν.
428 4079 519 4129 καὶ
556 4078 724 4138 δντως
762 4073 1037 4143 παρῆλθεν
1084 4072 1117 4141 ὴ
1163 4071 1308 4141 ψυχὴ
1352 4072 1533 4141 ἐκείνη
1580 4074 1643 4123 ἐκ
1682 4072 1779 4139 τῆς

208 4168 435 4236 παγίδος
462 4169 508 4200 ⁵⁸
547 4169 655 4220 τῶν
700 4164 1054 4236 θηρευόντων.
1096 4164 1188 4214 καὶ
1229 4164 1388 4216 πάλιν
1421 4162 1637 4233 θεωρῶ,
1686 4163 1779 4215 καὶ

208 4260 461 4329 ἐφαίνετο
488 4259 648 4329 ἑτέρα
675 4258 841 4327 ψυχή·
862 4252 931 4327 ἦν
957 4255 1011 4308 δέ
1043 4254 1201 4322 φύσει
1228 4252 1499 4324 εὐνοῦχος,
1528 4255 1620 4306 καὶ
1650 4270 1781 4308 κατ-

207 4354 443 4424 ηγόρουν
486 4351 635 4420 αὐτῷ
665 4350 915 4419 μεγάλως
966 4350 1015 4401 οἱ
1052 4347 1301 4416 δαίμονες
1340 4346 1649 4415 ἐλέγχοντες
1684 4346 1780 4398 αὒ-

207 4442 303 4494 τοῦ
351 4442 479 4510 μιᾶς
513 4441 751 4507 ἑκάστης
784 4435 1054 4508 ἁμαρτίας
1086 4438 1204 4489 κατ’
1242 4433 1376 4498 εἶδος
1413 4438 1503 4489 καὶ
1534 4437 1623 4488 τὸν
1656 4438 1781 4507 τρόο

210 4545 310 4579 πον
341 4527 436 4579 καί
468 4526 561 4578 τὸν
596 4525 793 4585 τόπον,
826 4525 1073 4593 λέγοντες
1100 4524 1198 4586 τὰς
1235 4524 1399 4576 αὑτοῦ
1435 4526 1698 4596 πονηρίας
1735 4529 1780 4559 ⁸⁸

208 4620 303 4669 καὶ
323 4618 552 4687 πράξεις
578 4617 829 4686 αἰσχράς.
862 4616 953 4667 καὶ
973 4616 1023 4667 οἱ
1048 4614 1266 4682 ἄγγελοι
1292 4614 1384 4667 τοῦ
1412 4615 1544 4667 Θεοῦ
1570 4618 1781 4670 ἀντέλε-

208 4727 305 4775 γον
329 4750 343 4771 ,
374 4707 722 4776 δικαιώματά
756 4723 875 4759 τινα
914 4706 1056 4777 ἔχειν
1092 4708 1252 4761 αὐτόν
1280 4722 1293 4736 ο
1324 4709 1381 4758 ἐν
1418 4710 1482 4776 τῇ
1520 4706 1631 4779 ξωῇ
1672 4710 1780 4780 γὰρ

210 4798 376 4852 αὐτοῦ
415 4798 675 4859 πολλάκις
704 4798 798 4850 καὶ
832 4800 1067 4867 πτωχοῖς
1094 4814 1145 4850 τι
1178 4796 1331 4850 ἐδίδω
1350 4798 1417 4862 ⁵⁷,
1446 4798 1560 4850 ἀλλ’
1600 4801 1648 4852 εί
1685 4803 1779 4853 καὶ

208 4890 447 4958 πονηρόν
485 4906 537 4939 τι
580 4889 861 4958 ἐποίησεν,
908 4887 1107 4949 εὐθέως
1147 4890 1438 4958 ἐστρέφετο
1486 4890 1779 4958 μετανοῶν,

209 4980 303 5031 καὶ
333 4978 603 5041 ὠνείδιζεν
632 4979 818 5031 ἐαυτὸν
844 4978 939 5031 καὶ
971 4979 1247 5049 ἐμέμφετο
1289 4980 1382 5032 καὶ
1414 4981 1663 5044 ἐστέναξε
1689 4983 1781 5034 δα-

210 5073 416 5141 κρύων.
451 5073 545 5124 καὶ
588 5070 759 5124 ταῦτα
797 5072 1044 5137 λέγοντες
1076 5074 1123 5124 ot
1153 5072 1369 5140 ἄγγελοι
1390 5072 1484 5125 τοῦ
1512 5073 1646 5126 Θεοῦ
1676 5075 1775 5128 διιο

210 5162 531 5233 σχυρίζοντο
554 5164 598 5195 ⁸⁸
650 5162 745 5214 καὶ
798 5161 1105 5230 κατεγέλων
1132 5164 1177 5193 ⁸⁹
1227 5162 1301 5232 μὴ
1359 5164 1703 5235 κτερίζοντας
1733 5167 1778 5197 ⁶⁰

207 5256 335 5316 τοὺς
367 5252 625 5322 δαίμονας
652 5252 1031 5322 ἁνθιστάμενοι
1061 5252 1156 5305 καὶ
1196 5252 1474 5317 πείθοντες
1498 5255 1564 5321 ⁶¹ο
1591 5254 1707 5326 {dxi
1732 5257 1775 5289 θ’

1876 622 1978 661 nos
2000 608 2362 676 pertinentem
2384 606 2407 659 ?
2428 604 2781 673 Respondent
2810 602 2985 672 angeli
3005 605 3053 655 ei
3076 620 3089 656 :
3115 600 3236 666 Quo
3256 600 3443 669 sophi-

1874 705 2048 753 smate
2064 698 2236 753 uteris
2254 699 2306 752 in
2324 711 2412 759 ua,
2431 697 2551 751 dic!
2578 694 2889 765 Respondet
2906 694 2972 747 iis
2994 712 3007 747 :
3028 692 3164 757 Quia
3181 706 3352 762 usque
3372 690 3440 745 ad

1872 788 2035 843 ﬁnem
2066 790 2209 843 vitae
2240 789 2618 843 fornicabatur
2655 797 2709 841 ct
2742 786 3123 842 sodomiticum
3157 791 3440 852 peccatum

1873 894 2034 948 saepe
2048 878 2267 948 propria
2287 880 2564 933 voluntate
2578 877 2944 947 perpetrabat.
2963 873 3150 942 Neque
3162 873 3212 925 id
3228 874 3437 927 solum:

1873 977 1927 1024 et
1952 968 2227 1022 iudicabat
2249 969 2556 1038 proximum
2583 981 2741 1020 suum
2769 964 3144 1027 calumnians;
3181 968 3235 1013 et
3266 956 3442 1027 quod-

1874 1077 2001 1116 nam
2037 1061 2258 1130 gravius
2291 1061 2439 1115 hisce
2478 1052 2803 1113 criminibus
2842 1055 3071 1126 potestis
3107 1051 3350 1108 invenire
3384 1049 3439 1103 in

1874 1154 1973 1209 eo?
1997 1152 2192 1206 Dicunt
2214 1154 2389 1223 angeli
2414 1166 2427 1203 :
2449 1149 2673 1203 Etiamsi
2698 1148 2830 1201 haec
2849 1146 3015 1215 288
3037 1144 3217 1196 anima
3242 1142 3298 1194 in
3322 1154 3441 1195 ser-

1874 1246 2050 1299 vitute
2071 1253 2189 1299 erat
2209 1244 2398 1297 talium
2434 1242 2747 1304 libidinum,
2788 1246 2971 1293 tamen
3010 1235 3307 1291 eradicavit
3346 1247 3441 1287 eas

1877 1350 1940 1388 ex
1980 1349 2039 1388 se
2079 1343 2371 1400 antequam
2423 1332 2545 1385 linis
2599 1332 2721 1385 eius
2774 1328 3015 1384 advenit.
3069 1323 3214 1379 Dixit
3260 1332 3439 1376 autem

1877 1424 2130 1479 diabolus
2158 1443 2170 1478 :
2206 1423 2451 1484 Minime,
2480 1437 2584 1475 non
2613 1428 2697 1475 est
2730 1428 2787 1472 ut
2822 1419 3023 1481 dicitis,
3049 1416 3143 1470 sed
3172 1416 3288 1467 sine
3309 1427 3442 1465 con-

1876 1517 2100 1571 tritione
2139 1516 2445 1585 permansit
2482 1513 2550 1565 ad
2594 1522 2897 1565 extremum
2948 1523 3122 1577 usque
3164 1504 3436 1573 spiritum,

1878 1624 1981 1663 nec
2026 1623 2250 1678 prorsus
2296 1622 2325 1659 a
2378 1606 2597 1675 ﬂagitiis
2632 1602 2920 1657 abstinuit.
2970 1599 3322 1665 Nequaquam
3355 1595 3439 1647 in-

1878 1700 2199 1753 veniebatur
2254 1696 2655 1751 abrenuntians
2711 1693 2965 1747 omnibus
3016 1689 3254 1759 peccatis
3302 1686 3436 1747 suis,

1879 1800 1971 1843 aut
2004 1791 2286 1844 abstinens
2321 1804 2353 1841 a
2381 1789 2556 1849 malis,
2590 1785 2684 1841 sed
2712 1785 2792 1839 sic
2817 1782 3077 1843 decessit,
3110 1786 3294 1847 utpote
3321 1792 3439 1831 ser-

1805 1869 1851 1928 Β
1877 1899 1979 1938 vus
2017 1882 2229 1953 peccati
2263 1890 2318 1935 et
2356 1896 2509 1935 meus
2543 1884 2885 1947 cooperator.
2915 1874 3052 1928 Tum
3101 1873 3175 1925 ait
3205 1885 3347 1923 unus
3374 1885 3442 1922 ex

1880 1973 2087 2042 angelis
2117 1972 2214 2027 Dei
2250 1990 2263 2026 :
2294 1970 2433 2025 Vere
2474 1971 2570 2023 tibi
2596 1966 2912 2022 adversario
2946 1965 3102 2019 iidem
3138 1978 3243 2016 non
3277 1960 3442 2015 habe-

1878 2079 2022 2118 mus.
2064 2061 2299 2117 Omnino
2328 2062 2473 2116 enim
2513 2058 2854 2113 mendacium
2885 2072 2967 2119 es,
3004 2052 3300 2107 immunde.
3334 2050 3443 2104 Sed

1880 2156 2175 2211 arcessitur
2219 2154 2444 2225 angelus
2493 2151 2620 2206 inde
2663 2166 2692 2203 a
2739 2148 3064 2219 baptismate
3100 2145 3258 2199 datus
3293 2144 3341 2198 ei
3386 2143 3444 2196 in

1878 2248 2208 2311 custodiam,
2238 2255 2292 2301 et
2328 2245 2420 2299 ille
2466 2242 2735 2297 indicabit
2769 2242 3074 2303 veritatem,
3118 2239 3299 2307 qualis
3338 2248 3440 2291 est.

1879 2339 1982 2406 Qui
2011 2346 2070 2393 ut
2096 2345 2328 2392 vocatus
2354 2342 2440 2390 est
2469 2334 2621 2396 illuc,
2647 2342 2768 2387 erat
2798 2333 2944 2386 enim
2970 2337 3274 2399 occupatus
3297 2328 3445 2382 circa

1880 2430 2219 2499 sepulturam
2262 2426 2514 2497 corporis
2558 2425 2701 2489 cius,
2756 2424 2946 2478 dicunt
2993 2422 3042 2477 ei
3083 2421 3258 2491 angeli
3301 2438 3313 2474 :
3351 2420 3448 2472 Dic

1882 2521 2064 2583 nobis,
2114 2522 2323 2585 amice;
2356 2520 2564 2573 haecne
2606 2518 2787 2570 anima
2810 2530 3075 2571 conversa
3119 2524 3205 2570 est
3246 2530 3275 2567 a
3322 2530 3449 2585 pec~

1882 2614 2025 2668 catis
2058 2614 2195 2673 suis,
2228 2628 2295 2665 an
2327 2613 2383 2665 in
2423 2611 2491 2664 iis
2521 2610 2691 2664 obiit?
2717 2611 2793 2662 Ac
2832 2608 3167 2677 respondens
3200 2609 3268 2662 iis
3309 2610 3448 2662 dixit

1884 2705 2110 2773 angelus
2128 2720 2144 2757 :
2163 2705 2243 2758 Ab
2259 2704 2413 2765 hora,
2435 2718 2541 2772 qua
2564 2702 2618 2755 in
2648 2702 2897 2755 morbum
2919 2701 3131 2764 incidit,
3156 2710 3447 2771 antequam

1885 2796 2311 2865 ingravesceret,
2358 2796 2753 2850 recordabatur
2796 2794 3013 2857 mortis,
3053 2803 3108 2847 et
3152 2794 3450 2863 incipiebat

1886 2903 2103 2957 gemere
2137 2895 2193 2941 et
2229 2888 2528 2950 lacrimari,
2568 2896 2623 2941 et
2654 2887 2837 2940 vocari
2873 2888 3033 2941 iussit
3068 2888 3448 2957 presbyterum

1884 2982 2177 3044 ecclesiae,
2220 2988 2273 3035 et
2305 2980 2624 3049 singillatim
2659 2981 2837 3047 coepit
2862 2980 3119 3049 plangere
3157 2987 3211 3033 ct
3254 2979 3450 3034 deﬂere

1885 3084 1938 3128 et
1983 3072 2228 3127 conﬁteri
2261 3073 2443 3124 omnia
2473 3080 2700 3139 peccata
2748 3086 2846 3125 sua
2891 3070 3003 3124 Deo
3038 3086 3225 3124 coram
3265 3086 3449 3126 sacer-

1885 3164 2034 3228 dote,
2068 3163 2368 3217 extendens
2396 3178 2592 3217 manus
2616 3177 2744 3217 suas
2779 3178 2973 3218 versus
3005 3165 3240 3228 coelum,
3269 3180 3451 3219 amare

1884 3256 2173 3324 suspirans
2188 3263 2241 3308 et
2256 3255 2687 3322 congemisccns.
2708 3253 2764 3307 Si
2783 3255 2946 3324 igitur
2958 3256 3166 3308 remisit
3184 3255 3324 3309 Deus
3348 3257 3450 3310 hoc

1884 3355 2171 3415 peccatum
2208 3361 2273 3399 ex
2308 3354 2577 3415 potestate
2598 3360 2719 3412 sua,
2748 3355 2803 3399 et
2835 3347 2936 3399 hoc
2972 3347 3125 3401 valde
3154 3356 3449 3402 consentaa

1885 3453 2044 3492 neum
2063 3445 2170 3501 est,
2188 3452 2364 3491 nonne
2386 3447 2498 3490 tum
2519 3438 2691 3506 gloria
2710 3438 2854 3491 iusto
2870 3438 3040 3506 ipsius
3060 3438 3451 3493 iudicio?llaec

1884 3529 2167 3583 audientes
2192 3528 2331 3581 lucis
2364 3529 2541 3597 angeli
2573 3529 2865 3581 irriserunt
2889 3530 3189 3593 diabolum,
3225 3530 3452 3584 mitten-

1886 3627 1967 3672 tes
1997 3632 2145 3671 eum.
2191 3617 2269 3669 Ac
2300 3632 2425 3671 vere
2457 3618 2631 3671 evasit
2670 3618 2852 3670 anima
2893 3618 2983 3670 illa
3014 3634 3043 3671 e
3081 3619 3276 3688 laqueo
3315 3620 3451 3674 insi-

1885 3709 2179 3762 diatorum.
2228 3709 2303 3761 Ac
2336 3709 2465 3761 dum
2499 3724 2691 3762 rursus
2721 3709 3023 3775 conspicio,
3059 3712 3308 3779 apparuit
3344 3712 3451 3766 alia

1885 3800 2084 3852 anima.
2116 3798 2244 3852 Erat
2273 3809 2453 3853 autem
2485 3810 2677 3854 natura
2710 3801 3015 3869 eunuchus,
3044 3814 3095 3855 et
3118 3805 3451 3857 accusabant

1883 3905 2008 3943 eum
2030 3890 2249 3958 copiose
2272 3890 2588 3952 daemones,
2611 3893 3002 3960 exprobrantes
3022 3894 3071 3947 ci
3098 3896 3450 3950 uniuscuius-

1883 3996 1990 4051 que
2008 3982 2220 4050 peccati
2248 3983 2531 4051 speciatim
2549 3993 2603 4037 et
2620 3984 2839 4037 modum
2858 3994 2911 4039 et
2930 3985 3131 4051 locum,
3157 4001 3451 4040 recensens

1884 4081 1969 4129 tes
1999 4075 2120 4128 eius
2147 4074 2526 4142 improbitates
2546 4082 2599 4127 et
2624 4077 2763 4127 tacta
2801 4076 3000 4144 turpia.
3046 4075 3111 4129 Et
3152 4078 3326 4147 angeli
3355 4078 3449 4133 Dei

1884 4165 2361 4234 obloquebantur,
2424 4166 2664 4220 iustitiae
2718 4181 2883 4235 opera
2925 4168 3190 4236 quaedam
3253 4170 3453 4224 habere

1885 4272 2033 4311 eum.
2083 4256 2143 4310 In
2176 4258 2282 4310 vita
2327 4258 2471 4311 enim
2516 4258 2734 4327 saepius
2775 4267 2829 4312 et
2867 4260 3198 4328 pauperibus
3240 4262 3450 4330 aliquid

1885 4349 2176 4416 erogabat;
2197 4364 2259 4401 ac
2273 4349 2400 4401 licet
2417 4349 2542 4401 mali
2564 4350 2695 4418 quid
2715 4348 2861 4412 fecit,
2892 4353 3073 4403 statim
3090 4355 3451 4407 converteba-

1886 4447 1976 4492 tur
1994 4440 2047 4492 in
2063 4438 2474 4500 contritionem,
2494 4446 2548 4493 et
2566 4438 2888 4506 obiurgabat
2905 4454 2963 4492 se
2982 4440 3155 4508 ipsum
3177 4452 3229 4495 et
3247 4444 3452 4511 vitupe-

1893 4531 2049 4584 rabat
2073 4537 2128 4585 et
2158 4529 2554 4599 ingemiscebat
2596 4530 2913 4583 lacrimans.
2945 4531 3010 4582 Et
3041 4532 3172 4585 haec
3203 4533 3450 4588 dicentes

1886 4623 2064 4691 angeli
2096 4620 2190 4674 Dei
2217 4621 2487 4681 vicerunt,
2534 4617 2698 4687 289
2722 4626 2776 4671 et
2798 4618 3108 4672 deriserunt
3132 4621 3447 4685 daemones,

1885 4715 1978 4785 qui
2028 4728 2137 4767 non
2175 4713 2471 4780 sepelirent
2508 4726 2654 4772 eum,
2698 4710 3059 4780 obloquentes
3109 4720 3271 4781 atque
3301 4713 3447 4767 obti-

1886 4815 2099 4867 nentes,
2122 4804 2293 4859 Deum
2324 4802 2524 4855 habere
2547 4808 2871 4869 potestatem
2906 4803 3198 4856 miserendi
3233 4805 3448 4859 animae

1882 4896 2024 4950 eius.
2055 4890 2271 4946 Rursus
2298 4897 2477 4944 autem
2504 4890 2756 4943 dicebant
2780 4892 3072 4944 daemones
3106 4907 3447 4964 conqueren-

1883 4993 1997 5041 tes:
2030 4985 2074 5036 A
2114 4984 2394 5037 iuventute
2439 4994 2559 5043 sua,
2605 4979 2879 5049 inquiunt,
2920 4983 3091 5036 multa
3124 4982 3249 5038 fecit
3278 4988 3442 5049 mala,

1881 5078 2067 5149 qualia
2110 5074 2664 5141 dedecebantipsum,
2702 5074 2795 5141 qui
2834 5073 3180 5130 Christianus
3208 5086 3356 5133 esset
3391 5090 3449 5133 et

1882 5166 2192 5229 eunuchus,
2237 5163 2539 5224 fornicans,
2566 5163 2901 5231 adulterans,
2943 5174 2998 5220 et
3036 5171 3445 5225 cornmaculana

1884 5275 1942 5313 se
1971 5260 2113 5321 istis,
2142 5257 2233 5326 qui
2274 5254 2654 5310 sudomiticum
2690 5265 2974 5325 peccatum
3015 5259 3443 5324 committerent,

1474 5393 1731 5451 VARIAE
1769 5398 2165 5453 LECTIONES.

278 5510 324 5539 δ’
364 5507 498 5562 Cod.
526 5506 778 5574 ἡμετέρα
833 5505 1209 5575 ὑπάρχουσα.
1287 5510 1331 5539 ⁸³
1372 5511 1447 5563 Ex
1502 5513 1646 5567 coni.
1670 5552 1684 5571 .
1737 5516 1859 5570 cod.
1888 5516 2139 5584 λέγεται.

278 5579 508 5649 ἱντωνη
592 5580 852 5649 "portu,
885 5580 1019 5649 cuti:
1044 5579 1143 5630 σύ.
1218 5647 1226 5649 _
1272 5579 1313 5609 ⁸⁷
1353 5580 1486 5634 God.
1520 5584 1813 5649 κληθεῖτο.
1949 5589 1992 5617 ⁸⁸³
2031 5586 2139 5639 Cod

209 5579 474 5632 πάντων.
592 5582 636 5606 ⁸*
677 5580 852 5638 Corn,
885 5580 1007 5629 cmi.
1044 5579 1143 5630 σύ.

211 5645 834 5715 ‹οιιί,,‹ὀ(1.μνὴ(εὶε).
899 5647 940 5677 ¹¹
981 5646 1115 5701 Cod.
1147 5647 1395 5713 πάντας.

216 5736 315 5782 τες
343 5718 491 5785 (sic).
590 5716 635 5746 "
670 5717 804 5769 (ῥοαί.
856 5716 1143 5784 παγήὸος.

2221 5515 2266 5545 ⁸⁵
2317 5514 2451 5570 Cod.
2487 5518 2943 5585 ποιουσάμενος.
3012 5514 3057 5547 ⁸⁸
3103 5516 3280 5581 Corr.,
3317 5515 3443 5570 cod.

1949 5589 1992 5617 "'
2031 5586 2166 5639 Cod.
2201 5586 2298 5655 κτιὶ
2350 5587 2615 5655 λέγουσιν.
2736 5590 2780 5617 δ’
2818 5588 2953 5642 Cod.
2998 5587 3180 5653 ἐτέρε.
3276 5586 3323 5619 ⁸⁸
3364 5588 3441 5640 Εἰ

1470 5653 1515 5682 ⁵¹
1557 5656 1774 5725 Scilicet
1796 5657 2089 5725 ἁμαρτίαν.
2164 5656 2211 5687 ⁵³
2251 5654 2343 5708 Sic
2365 5653 2487 5712 cod.
2564 5659 2610 5688 “
2650 5660 2723 5708 Ex
2750 5658 2922 5719 cuni.,
2950 5658 3072 5710 cod.
3103 5656 3442 5720 εαπτήσανι

1252 5720 1298 5749 ⁵⁸
1336 5721 1466 5774 Cnd.
1508 5724 1827 5791 πονειρίας.

1947 5728 1990 5757 ⁵⁷
2038 5725 2233 5778 Vocem
2262 5742 2326 5794 ex
2363 5736 2515 5794 parte
2542 5728 2862 5780 exstinctam
2912 5742 2977 5780 ex
3020 5728 3165 5779 coni.
3204 5727 3441 5780 restitui.

217 5790 259 5864 ξ
290 5784 923 5864 ϐοὰ-διῃσχυρίζοντο.
1000 5787 1045 5864 '_’
1076 5787 1211 5864 Cod.
1241 5790 1601 5864 καταγέλων.
1668 5784 1710 5823 ³⁰
1733 5784 1912 5861 Corn,
1940 5796 2057 5849 cod.
2085 5784 2477 5864 κτηρίζονὲεο.
2543 5799 2582 5828 ⁶¹
2610 5796 2744 5850 Cod.
2768 5796 3078 5859 πήθοντες.
3158 5798 3201 5827 ⁶¹
3246 5794 3441 5850 Vocem

214 5861 293 5922 ὡς
322 5856 484 5912 uncis
517 5858 784 5909 inclusam
809 5871 874 5908 ex
904 5856 1049 5909 coni.
1092 5858 1297 5909 addidi.

578 5952 844 6011 ΡΑτιιοι..
878 5954 993 6013 Gn.
1030 5954 1321 6016 XXXIV.

3057 5964 3093 6019 ἢ
