  <div class='ocr_page' id='page_1' title='image "/cluster/home/n/w/nwhite01/storage/ocr_20150623/34/nnc1.0046978860/123.png"; bbox 0 0 4274 6358; ppageno 0'>
   <div class='ocr_carea' id='block_1_1' title="bbox 831 402 939 458">
    <p class='ocr_par' dir='ltr' id='par_1_1' title="bbox 831 402 939 458">
     <span class='ocr_line' id='line_1_1' title="bbox 831 402 939 458; baseline -0.019 1"><span class='ocrx_word' id='word_1_1' title='bbox 831 402 939 458; x_wconf 73' lang='lat'><strong>227</strong></span> 
     </span>
    </p>
   </div>
   <div class='ocr_carea' id='block_1_2' title="bbox 1614 378 3237 450">
    <p class='ocr_par' dir='ltr' id='par_1_2' title="bbox 1614 378 3237 450">
     <span class='ocr_line' id='line_1_2' title="bbox 1614 378 3237 450; baseline -0.01 -1"><span class='ocrx_word' id='word_1_2' title='bbox 1614 396 1713 450; x_wconf 86' lang='lat' dir='ltr'><strong>SS.</strong></span> <span class='ocrx_word' id='word_1_3' title='bbox 1782 388 2240 450; x_wconf 78' lang='lat' dir='ltr'><strong>MACARIORUM</strong></span> <span class='ocrx_word' id='word_1_4' title='bbox 2280 382 2597 440; x_wconf 76' lang='lat' dir='ltr'><strong>AEGYPTII</strong></span> <span class='ocrx_word' id='word_1_5' title='bbox 2638 382 2726 437; x_wconf 84' lang='lat' dir='ltr'><strong>ET</strong></span> <span class='ocrx_word' id='word_1_6' title='bbox 2767 378 3237 436; x_wconf 77' lang='lat' dir='ltr'><strong>ALEXANDRINI</strong></span> 
     </span>
    </p>
   </div>
   <div class='ocr_carea' id='block_1_3' title="bbox 3964 370 4075 427">
    <p class='ocr_par' dir='ltr' id='par_1_3' title="bbox 3964 370 4075 427">
     <span class='ocr_line' id='line_1_3' title="bbox 3964 370 4075 427; baseline 0 0"><span class='ocrx_word' id='word_1_7' title='bbox 3964 370 4075 427; x_wconf 67' lang='grc' dir='ltr'><strong>ω</strong></span> 
     </span>
    </p>
   </div>
   <div class='ocr_carea' id='block_1_4' title="bbox 832 485 2520 589">
    <p class='ocr_par' dir='ltr' id='par_1_4' title="bbox 832 498 2520 589">
     <span class='ocr_line' id='line_1_4' title="bbox 832 498 2520 589; baseline -0.013 -14"><span class='ocrx_word' id='word_1_8' title='bbox 832 529 996 589; x_wconf 89' lang='lat' dir='ltr'><strong>atque</strong></span> <span class='ocrx_word' id='word_1_9' title='bbox 1017 516 1070 572; x_wconf 93' lang='lat' dir='ltr'><strong>in</strong></span> <span class='ocrx_word' id='word_1_10' title='bbox 1094 530 1282 572; x_wconf 89' lang='lat' dir='ltr'><strong>omnes</strong></span> <span class='ocrx_word' id='word_1_11' title='bbox 1303 515 1597 577; x_wconf 84' lang='lat' dir='ltr'><strong>insultans.</strong></span> <span class='ocrx_word' id='word_1_12' title='bbox 1627 514 1705 566; x_wconf 89' lang='lat' dir='ltr'><strong>ira</strong></span> <span class='ocrx_word' id='word_1_13' title='bbox 1728 511 2096 566; x_wconf 85' lang='lat' dir='ltr'><strong>exardescens</strong></span> <span class='ocrx_word' id='word_1_14' title='bbox 2124 517 2177 562; x_wconf 91' lang='lat' dir='ltr'><strong>et</strong></span> <span class='ocrx_word' id='word_1_15' title='bbox 2198 508 2392 560; x_wconf 88' lang='lat' dir='ltr'><strong>imma-</strong></span> <span class='ocrx_word' id='word_1_16' title='bbox 2422 509 2467 563; x_wconf 79' lang='grc' dir='ltr'><strong>Α</strong></span> <span class='ocrx_word' id='word_1_17' title='bbox 2491 498 2520 553; x_wconf 73' lang='grc' dir='ltr'>ἷι</span> 
     </span>
    </p>
   </div>
   <div class='ocr_carea' id='block_1_5' title="bbox 2386 485 4074 589">
    <p class='ocr_par' dir='ltr' id='par_1_5' title="bbox 2386 485 4074 569">
     <span class='ocr_line' id='line_1_5' title="bbox 2386 485 4074 569; baseline -0.01 -16"><span class='ocrx_word' id='word_1_18' title='bbox 2386 534 2392 545; x_wconf 80' lang='grc' dir='ltr'><strong>ι</strong></span> <span class='ocrx_word' id='word_1_19' title='bbox 2422 509 2467 563; x_wconf 78' lang='grc' dir='ltr'>Α</span> <span class='ocrx_word' id='word_1_20' title='bbox 2491 498 2580 553; x_wconf 78' lang='grc' dir='ltr'>ἶνα</span> <span class='ocrx_word' id='word_1_21' title='bbox 2604 502 2648 533; x_wconf 83' lang='grc'><strong>⁸³</strong></span> <span class='ocrx_word' id='word_1_22' title='bbox 2679 504 2707 553; x_wconf 90' lang='lat'><strong>6</strong></span> <span class='ocrx_word' id='word_1_23' title='bbox 2732 500 2863 561; x_wconf 89' lang='grc' dir='ltr'>Θεὸς</span> <span class='ocrx_word' id='word_1_24' title='bbox 2902 499 3013 569; x_wconf 74' lang='grc' dir='ltr'>ἔχει</span> <span class='ocrx_word' id='word_1_25' title='bbox 3050 496 3269 566; x_wconf 76' lang='grc' dir='ltr'>ἐλεῆσαι</span> <span class='ocrx_word' id='word_1_26' title='bbox 3306 493 3405 564; x_wconf 77' lang='grc' dir='ltr'><strong>τὴν</strong></span> <span class='ocrx_word' id='word_1_27' title='bbox 3434 491 3611 561; x_wconf 80' lang='grc' dir='ltr'>ψυχὴν</span> <span class='ocrx_word' id='word_1_28' title='bbox 3658 485 3843 541; x_wconf 82' lang='grc' dir='ltr'>αὐτοῦ.</span> <span class='ocrx_word' id='word_1_29' title='bbox 3887 486 4074 551; x_wconf 74' lang='grc' dir='ltr'>ελεγον</span> 
     </span>
    </p>
   </div>
   <div class='ocr_carea' id='block_1_6' title="bbox 830 578 2518 672">
    <p class='ocr_par' dir='ltr' id='par_1_6' title="bbox 830 578 2518 672">
     <span class='ocr_line' id='line_1_6' title="bbox 830 578 2518 672; baseline -0.011 -7"><span class='ocrx_word' id='word_1_30' title='bbox 830 578 975 665; x_wconf 50' lang='lat' dir='ltr'><strong>nit-er</strong></span> <span class='ocrx_word' id='word_1_31' title='bbox 993 608 1290 663; x_wconf 81' lang='lat' dir='ltr'><strong>verberans</strong></span> <span class='ocrx_word' id='word_1_32' title='bbox 1310 606 1480 660; x_wconf 89' lang='lat' dir='ltr'><strong>multa</strong></span> <span class='ocrx_word' id='word_1_33' title='bbox 1494 602 1782 659; x_wconf 88' lang='lat' dir='ltr'><strong>homicidia</strong></span> <span class='ocrx_word' id='word_1_34' title='bbox 1804 600 2154 672; x_wconf 89' lang='lat' dir='ltr'><strong>perpetravit.</strong></span> <span class='ocrx_word' id='word_1_35' title='bbox 2177 596 2334 662; x_wconf 86' lang='lat' dir='ltr'><strong>Quod</strong></span> <span class='ocrx_word' id='word_1_36' title='bbox 2349 596 2394 650; x_wconf 88' lang='lat' dir='ltr'><strong>si</strong></span> <span class='ocrx_word' id='word_1_37' title='bbox 2494 595 2518 646; x_wconf 82' lang='lat'><strong>6</strong></span> 
     </span>
    </p>
   </div>
   <div class='ocr_carea' id='block_1_7' title="bbox 2389 578 4077 672">
    <p class='ocr_par' dir='ltr' id='par_1_7' title="bbox 2389 578 4077 661">
     <span class='ocr_line' id='line_1_7' title="bbox 2389 578 4077 661; baseline -0.014 -11"><span class='ocrx_word' id='word_1_38' title='bbox 2389 599 2394 650; x_wconf 73' lang='grc' dir='ltr'>ἱ</span> <span class='ocrx_word' id='word_1_39' title='bbox 2494 595 2551 646; x_wconf 87' lang='grc' dir='ltr'>δὲ</span> <span class='ocrx_word' id='word_1_40' title='bbox 2588 594 2749 647; x_wconf 86' lang='grc' dir='ltr'>πάλιν</span> <span class='ocrx_word' id='word_1_41' title='bbox 2777 592 2828 643; x_wconf 89' lang='grc' dir='ltr'><strong>οί</strong></span> <span class='ocrx_word' id='word_1_42' title='bbox 2858 592 3110 661; x_wconf 89' lang='grc' dir='ltr'>δαίμονες</span> <span class='ocrx_word' id='word_1_43' title='bbox 3137 586 3598 656; x_wconf 84' lang='grc' dir='ltr'>ὲνθρηνησάμενοι</span> <span class='ocrx_word' id='word_1_44' title='bbox 3616 581 3691 612; x_wconf 71' lang='grc'><strong>⁸⁸⁸</strong></span> <span class='ocrx_word' id='word_1_45' title='bbox 3726 582 3792 631; x_wconf 82' lang='grc' dir='ltr'>ὲκ</span> <span class='ocrx_word' id='word_1_46' title='bbox 3818 578 4077 646; x_wconf 88' lang='grc' dir='ltr'>νεότητος</span> 
     </span>
    </p>
   </div>
   <div class='ocr_carea' id='block_1_8' title="bbox 831 690 2394 765">
    <p class='ocr_par' dir='ltr' id='par_1_8' title="bbox 831 690 2394 765">
     <span class='ocr_line' id='line_1_8' title="bbox 831 690 2394 765; baseline -0.011 -8"><span class='ocrx_word' id='word_1_47' title='bbox 831 700 963 757; x_wconf 78' lang='lat' dir='ltr'><strong>huic</strong></span> <span class='ocrx_word' id='word_1_48' title='bbox 985 701 1216 755; x_wconf 85' lang='lat' dir='ltr'><strong>debetur</strong></span> <span class='ocrx_word' id='word_1_49' title='bbox 1240 699 1410 761; x_wconf 89' lang='lat' dir='ltr'><strong>salus,</strong></span> <span class='ocrx_word' id='word_1_50' title='bbox 1434 696 1667 765; x_wconf 90' lang='lat' dir='ltr'><strong>accipite</strong></span> <span class='ocrx_word' id='word_1_51' title='bbox 1689 701 1744 750; x_wconf 90' lang='lat' dir='ltr'><strong>et</strong></span> <span class='ocrx_word' id='word_1_52' title='bbox 1768 692 2033 747; x_wconf 91' lang='lat' dir='ltr'><strong>mundum</strong></span> <span class='ocrx_word' id='word_1_53' title='bbox 2057 690 2394 750; x_wconf 90' lang='lat' dir='ltr'><strong>universum,</strong></span> 
     </span>
    </p>
   </div>
   <div class='ocr_carea' id='block_1_9' title="bbox 831 777 2397 861">
    <p class='ocr_par' dir='ltr' id='par_1_9' title="bbox 831 777 2397 861">
     <span class='ocr_line' id='line_1_9' title="bbox 831 777 2397 861; baseline -0.01 -15"><span class='ocrx_word' id='word_1_54' title='bbox 831 800 887 846; x_wconf 83' lang='lat' dir='ltr'><strong>et</strong></span> <span class='ocrx_word' id='word_1_55' title='bbox 929 806 1121 846; x_wconf 89' lang='lat' dir='ltr'><strong>omnes</strong></span> <span class='ocrx_word' id='word_1_56' title='bbox 1153 796 1471 861; x_wconf 88' lang='lat' dir='ltr'><strong>peccatores</strong></span> <span class='ocrx_word' id='word_1_57' title='bbox 1514 797 1694 840; x_wconf 88' lang='lat' dir='ltr'><strong>terrae</strong></span> <span class='ocrx_word' id='word_1_58' title='bbox 1733 784 1974 855; x_wconf 83' lang='lat' dir='ltr'><strong>gratuito</strong></span> <span class='ocrx_word' id='word_1_59' title='bbox 2028 782 2255 837; x_wconf 88' lang='lat' dir='ltr'><strong>salvate.</strong></span> <span class='ocrx_word' id='word_1_60' title='bbox 2302 777 2397 831; x_wconf 82' lang='lat' dir='ltr'><strong>Et-</strong></span> 
     </span>
    </p>
   </div>
   <div class='ocr_carea' id='block_1_10' title="bbox 832 871 2403 944">
    <p class='ocr_par' dir='ltr' id='par_1_10' title="bbox 832 871 2403 944">
     <span class='ocr_line' id='line_1_10' title="bbox 832 871 2403 944; baseline -0.01 -5"><span class='ocrx_word' id='word_1_61' title='bbox 832 885 978 939; x_wconf 91' lang='lat' dir='ltr'><strong>enim</strong></span> <span class='ocrx_word' id='word_1_62' title='bbox 1032 900 1133 939; x_wconf 88' lang='lat' dir='ltr'><strong>nos</strong></span> <span class='ocrx_word' id='word_1_63' title='bbox 1184 881 1388 936; x_wconf 77' lang='lat' dir='ltr'><strong>frustra</strong></span> <span class='ocrx_word' id='word_1_64' title='bbox 1422 879 1756 935; x_wconf 83' lang='lat' dir='ltr'><strong>laboramus.</strong></span> <span class='ocrx_word' id='word_1_65' title='bbox 1788 876 1929 931; x_wconf 88' lang='lat' dir='ltr'><strong>Tum</strong></span> <span class='ocrx_word' id='word_1_66' title='bbox 1968 875 2018 930; x_wconf 94' lang='lat' dir='ltr'><strong>ei</strong></span> <span class='ocrx_word' id='word_1_67' title='bbox 2064 871 2403 944; x_wconf 82' lang='lat' dir='ltr'><strong>respondent,</strong></span> 
     </span>
    </p>
   </div>
   <div class='ocr_carea' id='block_1_11' title="bbox 832 966 2399 1045">
    <p class='ocr_par' dir='ltr' id='par_1_11' title="bbox 832 966 2399 1045">
     <span class='ocr_line' id='line_1_11' title="bbox 832 966 2399 1045; baseline -0.007 -17"><span class='ocrx_word' id='word_1_68' title='bbox 832 974 1054 1045; x_wconf 78' lang='lat' dir='ltr'><strong>angeli:</strong></span> <span class='ocrx_word' id='word_1_69' title='bbox 1108 973 1405 1037; x_wconf 85' lang='lat' dir='ltr'><strong>Attendite,</strong></span> <span class='ocrx_word' id='word_1_70' title='bbox 1444 971 1653 1034; x_wconf 90' lang='lat' dir='ltr'><strong>miseri,</strong></span> <span class='ocrx_word' id='word_1_71' title='bbox 1686 968 1833 1039; x_wconf 89' lang='lat' dir='ltr'><strong>quod</strong></span> <span class='ocrx_word' id='word_1_72' title='bbox 1876 966 2059 1022; x_wconf 88' lang='lat' dir='ltr'><strong>omnia</strong></span> <span class='ocrx_word' id='word_1_73' title='bbox 2096 966 2211 1028; x_wconf 83' lang='lat' dir='ltr'><strong>illa,</strong></span> <span class='ocrx_word' id='word_1_74' title='bbox 2258 977 2399 1034; x_wconf 89' lang='lat' dir='ltr'><strong>quae</strong></span> 
     </span>
    </p>
   </div>
   <div class='ocr_carea' id='block_1_12' title="bbox 834 1056 2395 1135">
    <p class='ocr_par' dir='ltr' id='par_1_12' title="bbox 834 1056 2395 1135">
     <span class='ocr_line' id='line_1_12' title="bbox 834 1056 2395 1135; baseline -0.008 -15"><span class='ocrx_word' id='word_1_75' title='bbox 834 1065 1075 1135; x_wconf 79' lang='lat' dir='ltr'><strong>peccavit</strong></span> <span class='ocrx_word' id='word_1_76' title='bbox 1100 1080 1166 1120; x_wconf 81' lang='lat' dir='ltr'><strong>ex</strong></span> <span class='ocrx_word' id='word_1_77' title='bbox 1200 1064 1477 1118; x_wconf 91' lang='lat' dir='ltr'><strong>iuventute</strong></span> <span class='ocrx_word' id='word_1_78' title='bbox 1511 1076 1632 1122; x_wconf 86' lang='lat' dir='ltr'><strong>sua,</strong></span> <span class='ocrx_word' id='word_1_79' title='bbox 1668 1059 1989 1122; x_wconf 89' lang='lat' dir='ltr'><strong>eradicavit,</strong></span> <span class='ocrx_word' id='word_1_80' title='bbox 2025 1064 2079 1112; x_wconf 86' lang='lat' dir='ltr'><strong>et</strong></span> <span class='ocrx_word' id='word_1_81' title='bbox 2119 1056 2395 1111; x_wconf 84' lang='lat' dir='ltr'><strong>abrenun-</strong></span> 
     </span>
    </p>
   </div>
   <div class='ocr_carea' id='block_1_13' title="bbox 834 1147 2401 1223">
    <p class='ocr_par' dir='ltr' id='par_1_13' title="bbox 834 1147 2401 1223">
     <span class='ocr_line' id='line_1_13' title="bbox 834 1147 2401 1223; baseline -0.008 -11"><span class='ocrx_word' id='word_1_82' title='bbox 834 1160 988 1212; x_wconf 89' lang='lat' dir='ltr'><strong>tiavit</strong></span> <span class='ocrx_word' id='word_1_83' title='bbox 1022 1159 1110 1223; x_wconf 89' lang='lat' dir='ltr'><strong>iis,</strong></span> <span class='ocrx_word' id='word_1_84' title='bbox 1143 1166 1196 1212; x_wconf 90' lang='lat' dir='ltr'><strong>et</strong></span> <span class='ocrx_word' id='word_1_85' title='bbox 1229 1158 1373 1211; x_wconf 83' lang='lat' dir='ltr'><strong>Deus</strong></span> <span class='ocrx_word' id='word_1_86' title='bbox 1407 1155 1457 1209; x_wconf 92' lang='lat' dir='ltr'><strong>ei</strong></span> <span class='ocrx_word' id='word_1_87' title='bbox 1499 1156 1633 1208; x_wconf 87' lang='lat' dir='ltr'><strong>haec</strong></span> <span class='ocrx_word' id='word_1_88' title='bbox 1663 1151 1900 1207; x_wconf 89' lang='lat' dir='ltr'><strong>remisit.</strong></span> <span class='ocrx_word' id='word_1_89' title='bbox 1949 1150 2128 1219; x_wconf 80' lang='lat' dir='ltr'><strong>Atque</strong></span> <span class='ocrx_word' id='word_1_90' title='bbox 2162 1147 2401 1203; x_wconf 88' lang='lat' dir='ltr'><strong>eleemo-</strong></span> 
     </span>
    </p>
   </div>
   <div class='ocr_carea' id='block_1_14' title="bbox 833 1236 2399 1319">
    <p class='ocr_par' dir='ltr' id='par_1_14' title="bbox 833 1236 2399 1319">
     <span class='ocr_line' id='line_1_14' title="bbox 833 1236 2399 1319; baseline -0.009 -16"><span class='ocrx_word' id='word_1_91' title='bbox 833 1262 1000 1319; x_wconf 82' lang='lat' dir='ltr'><strong>synas</strong></span> <span class='ocrx_word' id='word_1_92' title='bbox 1035 1254 1087 1301; x_wconf 91' lang='lat' dir='ltr'><strong>et</strong></span> <span class='ocrx_word' id='word_1_93' title='bbox 1122 1246 1431 1300; x_wconf 83' lang='lat' dir='ltr'><strong>oblationes</strong></span> <span class='ocrx_word' id='word_1_94' title='bbox 1464 1258 1562 1314; x_wconf 89' lang='lat' dir='ltr'><strong>per</strong></span> <span class='ocrx_word' id='word_1_95' title='bbox 1593 1240 1912 1295; x_wconf 89' lang='lat' dir='ltr'><strong>sacerdotes</strong></span> <span class='ocrx_word' id='word_1_96' title='bbox 1947 1238 2076 1293; x_wconf 80' lang='lat' dir='ltr'><strong>fecit</strong></span> <span class='ocrx_word' id='word_1_97' title='bbox 2108 1236 2176 1292; x_wconf 92' lang='lat' dir='ltr'><strong>ad</strong></span> <span class='ocrx_word' id='word_1_98' title='bbox 2213 1236 2399 1292; x_wconf 85' lang='lat' dir='ltr'><strong>Domi-</strong></span> 
     </span>
    </p>
   </div>
   <div class='ocr_carea' id='block_1_15' title="bbox 834 1329 2402 1407">
    <p class='ocr_par' dir='ltr' id='par_1_15' title="bbox 834 1329 2402 1407">
     <span class='ocr_line' id='line_1_15' title="bbox 834 1329 2402 1407; baseline -0.009 -13"><span class='ocrx_word' id='word_1_99' title='bbox 834 1355 966 1394; x_wconf 90' lang='lat' dir='ltr'><strong>num</strong></span> <span class='ocrx_word' id='word_1_100' title='bbox 994 1338 1161 1393; x_wconf 89' lang='lat' dir='ltr'><strong>Deum</strong></span> <span class='ocrx_word' id='word_1_101' title='bbox 1191 1352 1289 1407; x_wconf 84' lang='lat' dir='ltr'><strong>pro</strong></span> <span class='ocrx_word' id='word_1_102' title='bbox 1317 1336 1492 1391; x_wconf 91' lang='lat' dir='ltr'><strong>salute</strong></span> <span class='ocrx_word' id='word_1_103' title='bbox 1518 1333 1733 1388; x_wconf 87' lang='lat' dir='ltr'><strong>animae</strong></span> <span class='ocrx_word' id='word_1_104' title='bbox 1762 1347 1914 1387; x_wconf 88' lang='lat' dir='ltr'><strong>suae.</strong></span> <span class='ocrx_word' id='word_1_105' title='bbox 1944 1330 2089 1397; x_wconf 87' lang='lat' dir='ltr'><strong>Quid</strong></span> <span class='ocrx_word' id='word_1_106' title='bbox 2121 1329 2290 1400; x_wconf 90' lang='lat' dir='ltr'><strong>igitur</strong></span> <span class='ocrx_word' id='word_1_107' title='bbox 2311 1341 2402 1381; x_wconf 59' lang='lat' dir='ltr'><strong>voc</strong></span> 
     </span>
    </p>
   </div>
   <div class='ocr_carea' id='block_1_16' title="bbox 834 1419 2401 1491">
    <p class='ocr_par' dir='ltr' id='par_1_16' title="bbox 834 1419 2401 1491">
     <span class='ocr_line' id='line_1_16' title="bbox 834 1419 2401 1491; baseline -0.01 -4"><span class='ocrx_word' id='word_1_108' title='bbox 834 1432 918 1487; x_wconf 86' lang='lat' dir='ltr'><strong>bis</strong></span> <span class='ocrx_word' id='word_1_109' title='bbox 973 1429 1205 1491; x_wconf 87' lang='lat' dir='ltr'><strong>videtur,</strong></span> <span class='ocrx_word' id='word_1_110' title='bbox 1263 1427 1470 1482; x_wconf 84' lang='lat' dir='ltr'><strong>bestiae</strong></span> <span class='ocrx_word' id='word_1_111' title='bbox 1530 1422 1803 1479; x_wconf 82' lang='lat' dir='ltr'><strong>foetidae?</strong></span> <span class='ocrx_word' id='word_1_112' title='bbox 1861 1420 2199 1478; x_wconf 88' lang='lat' dir='ltr'><strong>Convenitne</strong></span> <span class='ocrx_word' id='word_1_113' title='bbox 2257 1419 2401 1472; x_wconf 88' lang='lat' dir='ltr'><strong>hanc</strong></span> 
     </span>
    </p>
   </div>
   <div class='ocr_carea' id='block_1_17' title="bbox 835 1511 2400 1589">
    <p class='ocr_par' dir='ltr' id='par_1_17' title="bbox 835 1511 2400 1589">
     <span class='ocr_line' id='line_1_17' title="bbox 835 1511 2400 1589; baseline -0.006 -14"><span class='ocrx_word' id='word_1_114' title='bbox 835 1523 1073 1576; x_wconf 89' lang='lat' dir='ltr'><strong>animam</strong></span> <span class='ocrx_word' id='word_1_115' title='bbox 1112 1521 1287 1576; x_wconf 89' lang='lat' dir='ltr'><strong>salute</strong></span> <span class='ocrx_word' id='word_1_116' title='bbox 1340 1519 1500 1589; x_wconf 89' lang='lat' dir='ltr'><strong>potiri</strong></span> <span class='ocrx_word' id='word_1_117' title='bbox 1552 1532 1653 1571; x_wconf 86' lang='lat' dir='ltr'><strong>nec</strong></span> <span class='ocrx_word' id='word_1_118' title='bbox 1701 1515 1812 1570; x_wconf 76' lang='lat' dir='ltr'><strong>ne?</strong></span> <span class='ocrx_word' id='word_1_119' title='bbox 1857 1513 2068 1567; x_wconf 87' lang='lat' dir='ltr'><strong>Etenim</strong></span> <span class='ocrx_word' id='word_1_120' title='bbox 2116 1511 2400 1577; x_wconf 84' lang='lat' dir='ltr'><strong>Dominus,</strong></span> 
     </span>
    </p>
   </div>
   <div class='ocr_carea' id='block_1_18' title="bbox 838 1601 2402 1675">
    <p class='ocr_par' dir='ltr' id='par_1_18' title="bbox 838 1601 2402 1675">
     <span class='ocr_line' id='line_1_18' title="bbox 838 1601 2402 1675; baseline -0.009 -8"><span class='ocrx_word' id='word_1_121' title='bbox 838 1614 1115 1668; x_wconf 87' lang='lat' dir='ltr'><strong>hominum</strong></span> <span class='ocrx_word' id='word_1_122' title='bbox 1144 1619 1374 1675; x_wconf 80' lang='lat' dir='ltr'><strong>amator,</strong></span> <span class='ocrx_word' id='word_1_123' title='bbox 1400 1612 1503 1664; x_wconf 88' lang='lat' dir='ltr'><strong>ista</strong></span> <span class='ocrx_word' id='word_1_124' title='bbox 1540 1608 1766 1672; x_wconf 85' lang='lat' dir='ltr'><strong>iudicat,</strong></span> <span class='ocrx_word' id='word_1_125' title='bbox 1800 1620 1940 1675; x_wconf 87' lang='lat' dir='ltr'><strong>quae</strong></span> <span class='ocrx_word' id='word_1_126' title='bbox 1968 1619 2064 1674; x_wconf 91' lang='lat' dir='ltr'><strong>per</strong></span> <span class='ocrx_word' id='word_1_127' title='bbox 2091 1601 2402 1657; x_wconf 80' lang='lat' dir='ltr'><strong>confessio-</strong></span> 
     </span>
    </p>
   </div>
   <div class='ocr_carea' id='block_1_19' title="bbox 838 1694 2402 1762">
    <p class='ocr_par' dir='ltr' id='par_1_19' title="bbox 838 1694 2402 1762">
     <span class='ocr_line' id='line_1_19' title="bbox 838 1694 2402 1762; baseline -0.009 -4"><span class='ocrx_word' id='word_1_128' title='bbox 838 1720 960 1759; x_wconf 87' lang='lat' dir='ltr'><strong>nem</strong></span> <span class='ocrx_word' id='word_1_129' title='bbox 994 1705 1049 1757; x_wconf 89' lang='lat' dir='ltr'><strong>in</strong></span> <span class='ocrx_word' id='word_1_130' title='bbox 1098 1705 1272 1756; x_wconf 90' lang='lat' dir='ltr'><strong>lucem</strong></span> <span class='ocrx_word' id='word_1_131' title='bbox 1316 1716 1426 1755; x_wconf 91' lang='lat' dir='ltr'><strong>non</strong></span> <span class='ocrx_word' id='word_1_132' title='bbox 1457 1700 1703 1754; x_wconf 85' lang='lat' dir='ltr'><strong>veniunt.</strong></span> <span class='ocrx_word' id='word_1_133' title='bbox 1752 1697 1927 1752; x_wconf 87' lang='lat' dir='ltr'><strong>Omne</strong></span> <span class='ocrx_word' id='word_1_134' title='bbox 1966 1694 2111 1749; x_wconf 90' lang='lat' dir='ltr'><strong>enim</strong></span> <span class='ocrx_word' id='word_1_135' title='bbox 2152 1701 2402 1762; x_wconf 91' lang='lat' dir='ltr'><strong>apertum</strong></span> 
     </span>
    </p>
   </div>
   <div class='ocr_carea' id='block_1_20' title="bbox 838 1783 2404 1859">
    <p class='ocr_par' dir='ltr' id='par_1_20' title="bbox 838 1783 2404 1859">
     <span class='ocr_line' id='line_1_20' title="bbox 838 1783 2404 1859; baseline -0.008 -10"><span class='ocrx_word' id='word_1_136' title='bbox 838 1797 932 1849; x_wconf 88' lang='lat' dir='ltr'><strong>lux</strong></span> <span class='ocrx_word' id='word_1_137' title='bbox 958 1804 1062 1849; x_wconf 91' lang='lat' dir='ltr'><strong>est.</strong></span> <span class='ocrx_word' id='word_1_138' title='bbox 1106 1792 1239 1846; x_wconf 79' lang='lat' dir='ltr'><strong>Nam</strong></span> <span class='ocrx_word' id='word_1_139' title='bbox 1280 1792 1483 1855; x_wconf 86' lang='lat' dir='ltr'><strong>omnia,</strong></span> <span class='ocrx_word' id='word_1_140' title='bbox 1523 1804 1663 1859; x_wconf 89' lang='lat' dir='ltr'><strong>quae</strong></span> <span class='ocrx_word' id='word_1_141' title='bbox 1696 1786 2106 1843; x_wconf 81' lang='lat' dir='ltr'><strong>conﬁtebuntur</strong></span> <span class='ocrx_word' id='word_1_142' title='bbox 2152 1783 2404 1837; x_wconf 84' lang='lat' dir='ltr'><strong>homines</strong></span> 
     </span>
    </p>
   </div>
   <div class='ocr_carea' id='block_1_21' title="bbox 2494 667 4080 753">
    <p class='ocr_par' dir='ltr' id='par_1_21' title="bbox 2494 667 4080 753">
     <span class='ocr_line' id='line_1_21' title="bbox 2494 667 4080 753; baseline -0.013 -15"><span class='ocrx_word' id='word_1_143' title='bbox 2494 685 2657 738; x_wconf 83' lang='grc' dir='ltr'>αὑτοῦ</span> <span class='ocrx_word' id='word_1_144' title='bbox 2700 682 2867 737; x_wconf 86' lang='grc' dir='ltr'>πολλά</span> <span class='ocrx_word' id='word_1_145' title='bbox 2906 681 3139 753; x_wconf 74' lang='grc' dir='ltr'>ἔπραξεν</span> <span class='ocrx_word' id='word_1_146' title='bbox 3168 678 3335 741; x_wconf 83' lang='grc' dir='ltr'>κακὰ,</span> <span class='ocrx_word' id='word_1_147' title='bbox 3374 674 3461 729; x_wconf 77' lang='grc' dir='ltr'>οἷα</span> <span class='ocrx_word' id='word_1_148' title='bbox 3497 675 3597 727; x_wconf 87' lang='grc' dir='ltr'><strong>οὐκ</strong></span> <span class='ocrx_word' id='word_1_149' title='bbox 3633 671 3869 741; x_wconf 72' lang='grc' dir='ltr'>ἔπρεπεν</span> <span class='ocrx_word' id='word_1_150' title='bbox 3908 667 4080 721; x_wconf 76' lang='grc' dir='ltr'>αὑτὸν</span> 
     </span>
    </p>
   </div>
   <div class='ocr_carea' id='block_1_22' title="bbox 2496 762 4081 850">
    <p class='ocr_par' dir='ltr' id='par_1_22' title="bbox 2496 762 4081 850">
     <span class='ocr_line' id='line_1_22' title="bbox 2496 762 4081 850; baseline -0.013 -18"><span class='ocrx_word' id='word_1_151' title='bbox 2496 776 2821 850; x_wconf 83' lang='grc' dir='ltr'><strong>Χριστιανὸν</strong></span> <span class='ocrx_word' id='word_1_152' title='bbox 2845 775 2973 829; x_wconf 76' lang='grc' dir='ltr'>ὄντα</span> <span class='ocrx_word' id='word_1_153' title='bbox 2998 774 3091 826; x_wconf 76' lang='grc' dir='ltr'>καὶ</span> <span class='ocrx_word' id='word_1_154' title='bbox 3117 770 3355 841; x_wconf 80' lang='grc' dir='ltr'><strong>εὐνούχῳ</strong></span> <span class='ocrx_word' id='word_1_155' title='bbox 3372 770 3439 834; x_wconf 89' lang='grc'><strong>⁸⁸,</strong></span> <span class='ocrx_word' id='word_1_156' title='bbox 3468 765 3771 839; x_wconf 84' lang='grc' dir='ltr'>πορνεύων,</span> <span class='ocrx_word' id='word_1_157' title='bbox 3799 762 4081 833; x_wconf 79' lang='grc' dir='ltr'><strong>μοιχεύων</strong></span> 
     </span>
    </p>
   </div>
   <div class='ocr_carea' id='block_1_23' title="bbox 2500 854 4082 940">
    <p class='ocr_par' dir='ltr' id='par_1_23' title="bbox 2500 854 4082 940">
     <span class='ocr_line' id='line_1_23' title="bbox 2500 854 4082 940; baseline -0.013 -15"><span class='ocrx_word' id='word_1_158' title='bbox 2500 872 2595 925; x_wconf 74' lang='grc' dir='ltr'><strong>καὶ</strong></span> <span class='ocrx_word' id='word_1_159' title='bbox 2647 868 2872 940; x_wconf 85' lang='grc' dir='ltr'><strong>μιαίνων</strong></span> <span class='ocrx_word' id='word_1_160' title='bbox 2925 864 3102 935; x_wconf 79' lang='grc' dir='ltr'>ἑαυτῷ</span> <span class='ocrx_word' id='word_1_161' title='bbox 3152 865 3277 927; x_wconf 76' lang='grc' dir='ltr'>τοὺς</span> <span class='ocrx_word' id='word_1_162' title='bbox 3321 862 3418 933; x_wconf 85' lang='grc' dir='ltr'><strong>τὴν</strong></span> <span class='ocrx_word' id='word_1_163' title='bbox 3466 854 3750 929; x_wconf 85' lang='grc' dir='ltr'>σοδομινὴν</span> <span class='ocrx_word' id='word_1_164' title='bbox 3797 854 4082 925; x_wconf 80' lang='grc' dir='ltr'><strong>ἁμαρτίαν</strong></span> 
     </span>
    </p>
   </div>
   <div class='ocr_carea' id='block_1_24' title="bbox 2499 946 4083 1032">
    <p class='ocr_par' dir='ltr' id='par_1_24' title="bbox 2499 946 4083 1032">
     <span class='ocr_line' id='line_1_24' title="bbox 2499 946 4083 1032; baseline -0.013 -16"><span class='ocrx_word' id='word_1_165' title='bbox 2499 959 2900 1032; x_wconf 74' lang='grc' dir='ltr'><strong>ἐργαζομένους</strong></span> <span class='ocrx_word' id='word_1_166' title='bbox 2934 958 3001 1023; x_wconf 90' lang='grc'><strong>⁸⁸,</strong></span> <span class='ocrx_word' id='word_1_167' title='bbox 3044 958 3251 1018; x_wconf 82' lang='grc' dir='ltr'>πάντας</span> <span class='ocrx_word' id='word_1_168' title='bbox 3284 954 3341 1008; x_wconf 84' lang='grc' dir='ltr'>δὲ</span> <span class='ocrx_word' id='word_1_169' title='bbox 3380 949 3615 1023; x_wconf 73' lang='grc' dir='ltr'>ὑϐρίζων</span> <span class='ocrx_word' id='word_1_170' title='bbox 3644 954 3740 1002; x_wconf 65' lang='grc' dir='ltr'>καὶ</span> <span class='ocrx_word' id='word_1_171' title='bbox 3781 946 4083 1015; x_wconf 81' lang='grc' dir='ltr'>ὀργιζόμε-</span> 
     </span>
    </p>
   </div>
   <div class='ocr_carea' id='block_1_25' title="bbox 2500 1038 4082 1118">
    <p class='ocr_par' dir='ltr' id='par_1_25' title="bbox 2500 1038 4082 1118">
     <span class='ocr_line' id='line_1_25' title="bbox 2500 1038 4082 1118; baseline -0.011 -12"><span class='ocrx_word' id='word_1_172' title='bbox 2500 1071 2588 1118; x_wconf 90' lang='grc' dir='ltr'><strong>νος</strong></span> <span class='ocrx_word' id='word_1_173' title='bbox 2620 1052 2713 1105; x_wconf 72' lang='grc' dir='ltr'>καὶ</span> <span class='ocrx_word' id='word_1_174' title='bbox 2740 1052 2957 1104; x_wconf 82' lang='grc' dir='ltr'>τύπτων</span> <span class='ocrx_word' id='word_1_175' title='bbox 2978 1048 3167 1112; x_wconf 80' lang='grc' dir='ltr'>δεινῶς</span> <span class='ocrx_word' id='word_1_176' title='bbox 3192 1046 3417 1107; x_wconf 84' lang='grc' dir='ltr'>πολλοὺς</span> <span class='ocrx_word' id='word_1_177' title='bbox 3450 1042 3644 1111; x_wconf 85' lang='grc' dir='ltr'>φόνους</span> <span class='ocrx_word' id='word_1_178' title='bbox 3678 1038 3998 1110; x_wconf 71' lang='grc' dir='ltr'>εἰργάσατο.</span> <span class='ocrx_word' id='word_1_179' title='bbox 4030 1038 4082 1089; x_wconf 81' lang='grc' dir='ltr'>εἰ</span> 
     </span>
    </p>
   </div>
   <div class='ocr_carea' id='block_1_26' title="bbox 2500 1126 4083 1214">
    <p class='ocr_par' dir='ltr' id='par_1_26' title="bbox 2500 1126 4083 1214">
     <span class='ocr_line' id='line_1_26' title="bbox 2500 1126 4083 1214; baseline -0.013 -17"><span class='ocrx_word' id='word_1_180' title='bbox 2500 1140 2594 1197; x_wconf 87' lang='grc' dir='ltr'><strong>οῦν</strong></span> <span class='ocrx_word' id='word_1_181' title='bbox 2627 1141 2827 1214; x_wconf 80' lang='grc' dir='ltr'>πρέπει</span> <span class='ocrx_word' id='word_1_182' title='bbox 2870 1140 3046 1210; x_wconf 87' lang='grc' dir='ltr'>τούτῳ</span> <span class='ocrx_word' id='word_1_183' title='bbox 3089 1136 3359 1207; x_wconf 87' lang='grc' dir='ltr'>σωτηρία,</span> <span class='ocrx_word' id='word_1_184' title='bbox 3393 1134 3585 1188; x_wconf 79' lang='grc' dir='ltr'>λάϐετε</span> <span class='ocrx_word' id='word_1_185' title='bbox 3621 1130 3716 1183; x_wconf 79' lang='grc' dir='ltr'>καὶ</span> <span class='ocrx_word' id='word_1_186' title='bbox 3748 1128 3838 1181; x_wconf 85' lang='grc' dir='ltr'><strong>τὸν</strong></span> <span class='ocrx_word' id='word_1_187' title='bbox 3870 1126 4083 1195; x_wconf 79' lang='grc' dir='ltr'>κόσμον</span> 
     </span>
    </p>
   </div>
   <div class='ocr_carea' id='block_1_27' title="bbox 2501 1216 4083 1299">
    <p class='ocr_par' dir='ltr' id='par_1_27' title="bbox 2501 1216 4083 1299">
     <span class='ocr_line' id='line_1_27' title="bbox 2501 1216 4083 1299; baseline 0.002 -12"><span class='ocrx_word' id='word_1_188' title='bbox 2501 1234 2641 1299; x_wconf 84' lang='grc' dir='ltr'>ὅλον,</span> <span class='ocrx_word' id='word_1_189' title='bbox 2689 1232 2784 1286; x_wconf 79' lang='grc' dir='ltr'>καὶ</span> <span class='ocrx_word' id='word_1_190' title='bbox 2825 1232 3032 1294; x_wconf 84' lang='grc' dir='ltr'>πάντας</span> <span class='ocrx_word' id='word_1_191' title='bbox 3063 1230 3185 1292; x_wconf 80' lang='grc' dir='ltr'>τοὺς</span> <span class='ocrx_word' id='word_1_192' title='bbox 3219 1224 3571 1297; x_wconf 78' lang='grc' dir='ltr'>ἁμαρτωλοὺς</span> <span class='ocrx_word' id='word_1_193' title='bbox 3596 1222 3693 1291; x_wconf 84' lang='grc' dir='ltr'><strong>τῆς</strong></span> <span class='ocrx_word' id='word_1_194' title='bbox 3725 1219 3829 1288; x_wconf 83' lang='grc' dir='ltr'><strong>γῆς</strong></span> <span class='ocrx_word' id='word_1_195' title='bbox 3865 1216 4083 1294; x_wconf 67' lang='grc' dir='ltr'>σώσατὲ</span> 
     </span>
    </p>
   </div>
   <div class='ocr_carea' id='block_1_28' title="bbox 2501 1306 4085 1395">
    <p class='ocr_par' dir='ltr' id='par_1_28' title="bbox 2501 1306 4085 1395">
     <span class='ocr_line' id='line_1_28' title="bbox 2501 1306 4085 1395; baseline -0.013 -18"><span class='ocrx_word' id='word_1_196' title='bbox 2501 1324 2747 1395; x_wconf 87' lang='grc' dir='ltr'>δωρεάν·</span> <span class='ocrx_word' id='word_1_197' title='bbox 2808 1323 2967 1391; x_wconf 83' lang='grc' dir='ltr'>ἡμεῖς</span> <span class='ocrx_word' id='word_1_198' title='bbox 2996 1321 3038 1351; x_wconf 83' lang='grc'><strong>⁸⁷</strong></span> <span class='ocrx_word' id='word_1_199' title='bbox 3096 1320 3202 1389; x_wconf 83' lang='grc' dir='ltr'>γὰρ</span> <span class='ocrx_word' id='word_1_200' title='bbox 3258 1318 3337 1379; x_wconf 84' lang='grc' dir='ltr'><strong>είς</strong></span> <span class='ocrx_word' id='word_1_201' title='bbox 3392 1316 3566 1385; x_wconf 81' lang='grc' dir='ltr'>μάτην</span> <span class='ocrx_word' id='word_1_202' title='bbox 3624 1309 3923 1379; x_wconf 81' lang='grc' dir='ltr'>κοπιῶμεν.</span> <span class='ocrx_word' id='word_1_203' title='bbox 3985 1306 4085 1359; x_wconf 73' lang='grc' dir='ltr'><strong>καὶ</strong></span> 
     </span>
    </p>
   </div>
   <div class='ocr_carea' id='block_1_29' title="bbox 2502 1398 4082 1483">
    <p class='ocr_par' dir='ltr' id='par_1_29' title="bbox 2502 1398 4082 1483">
     <span class='ocr_line' id='line_1_29' title="bbox 2502 1398 4082 1483; baseline -0.01 -16"><span class='ocrx_word' id='word_1_204' title='bbox 2502 1415 2717 1483; x_wconf 90' lang='grc' dir='ltr'>λέγουσι</span> <span class='ocrx_word' id='word_1_205' title='bbox 2772 1412 2893 1465; x_wconf 85' lang='grc' dir='ltr'>τότε</span> <span class='ocrx_word' id='word_1_206' title='bbox 2943 1410 3075 1481; x_wconf 87' lang='grc' dir='ltr'>πρὸς</span> <span class='ocrx_word' id='word_1_207' title='bbox 3127 1408 3287 1463; x_wconf 82' lang='grc' dir='ltr'>αὑτὸν</span> <span class='ocrx_word' id='word_1_208' title='bbox 3353 1408 3401 1457; x_wconf 81' lang='grc' dir='ltr'>οἱ</span> <span class='ocrx_word' id='word_1_209' title='bbox 3458 1402 3713 1471; x_wconf 64' lang='grc' dir='ltr'>ἄγγελον</span> <span class='ocrx_word' id='word_1_210' title='bbox 3756 1398 4082 1469; x_wconf 79' lang='grc' dir='ltr'>προσέχετε,</span> 
     </span>
    </p>
   </div>
   <div class='ocr_carea' id='block_1_30' title="bbox 2503 1490 4085 1571">
    <p class='ocr_par' dir='ltr' id='par_1_30' title="bbox 2503 1490 4085 1571">
     <span class='ocr_line' id='line_1_30' title="bbox 2503 1490 4085 1571; baseline -0.013 -12"><span class='ocrx_word' id='word_1_211' title='bbox 2503 1506 2698 1568; x_wconf 76' lang='grc' dir='ltr'>ἄθλιοι,</span> <span class='ocrx_word' id='word_1_212' title='bbox 2747 1505 2859 1567; x_wconf 82' lang='grc' dir='ltr'>ὅτι,</span> <span class='ocrx_word' id='word_1_213' title='bbox 2896 1502 3037 1571; x_wconf 80' lang='grc' dir='ltr'>άπερ</span> <span class='ocrx_word' id='word_1_214' title='bbox 3071 1501 3321 1570; x_wconf 77' lang='grc' dir='ltr'>ἥμαρτεν</span> <span class='ocrx_word' id='word_1_215' title='bbox 3356 1499 3421 1550; x_wconf 84' lang='grc' dir='ltr'>ὲκ</span> <span class='ocrx_word' id='word_1_216' title='bbox 3457 1495 3710 1564; x_wconf 83' lang='grc' dir='ltr'>νεότητος</span> <span class='ocrx_word' id='word_1_217' title='bbox 3760 1490 3924 1544; x_wconf 79' lang='grc' dir='ltr'>αὑτοῦ</span> <span class='ocrx_word' id='word_1_218' title='bbox 3946 1530 3962 1551; x_wconf 89' lang='grc'><strong>,</strong></span> <span class='ocrx_word' id='word_1_219' title='bbox 4018 1491 4085 1540; x_wconf 80' lang='grc' dir='ltr'>ὲκ</span> 
     </span>
    </p>
   </div>
   <div class='ocr_carea' id='block_1_31' title="bbox 2506 1575 4084 1659">
    <p class='ocr_par' dir='ltr' id='par_1_31' title="bbox 2506 1575 4084 1659">
     <span class='ocr_line' id='line_1_31' title="bbox 2506 1575 4084 1659; baseline -0.015 -7"><span class='ocrx_word' id='word_1_220' title='bbox 2506 1598 2723 1652; x_wconf 87' lang='grc' dir='ltr'>πάντων</span> <span class='ocrx_word' id='word_1_221' title='bbox 2748 1594 2969 1650; x_wconf 78' lang='grc' dir='ltr'>ἐκείνων</span> <span class='ocrx_word' id='word_1_222' title='bbox 2995 1591 3217 1659; x_wconf 77' lang='grc' dir='ltr'>ἐξέκοψε</span> <span class='ocrx_word' id='word_1_223' title='bbox 3240 1590 3332 1643; x_wconf 75' lang='grc' dir='ltr'><strong>καὶ</strong></span> <span class='ocrx_word' id='word_1_224' title='bbox 3354 1575 3585 1654; x_wconf 87' lang='grc' dir='ltr'>ἀπέστη,</span> <span class='ocrx_word' id='word_1_225' title='bbox 3620 1583 3714 1635; x_wconf 73' lang='grc' dir='ltr'>καὶ</span> <span class='ocrx_word' id='word_1_226' title='bbox 3745 1583 3773 1634; x_wconf 98' lang='lat'><strong>6</strong></span> <span class='ocrx_word' id='word_1_227' title='bbox 3792 1580 3922 1642; x_wconf 84' lang='grc' dir='ltr'>Θεὸς</span> <span class='ocrx_word' id='word_1_228' title='bbox 3955 1596 4084 1631; x_wconf 68' lang='grc' dir='ltr'>συν-</span> 
     </span>
    </p>
   </div>
   <div class='ocr_carea' id='block_1_32' title="bbox 2504 1671 4086 1759">
    <p class='ocr_par' dir='ltr' id='par_1_32' title="bbox 2504 1671 4086 1759">
     <span class='ocr_line' id='line_1_32' title="bbox 2504 1671 4086 1759; baseline -0.012 -17"><span class='ocrx_word' id='word_1_229' title='bbox 2504 1690 2751 1759; x_wconf 88' lang='grc' dir='ltr'>εχώρησε</span> <span class='ocrx_word' id='word_1_230' title='bbox 2798 1686 3000 1740; x_wconf 88' lang='grc' dir='ltr'>ταῦτα·</span> <span class='ocrx_word' id='word_1_231' title='bbox 3052 1685 3146 1738; x_wconf 80' lang='grc' dir='ltr'>καὶ</span> <span class='ocrx_word' id='word_1_232' title='bbox 3192 1679 3559 1750; x_wconf 79' lang='grc' dir='ltr'>ἐλεημοσύνας</span> <span class='ocrx_word' id='word_1_233' title='bbox 3606 1677 3699 1729; x_wconf 75' lang='grc' dir='ltr'><strong>καὶ</strong></span> <span class='ocrx_word' id='word_1_234' title='bbox 3762 1671 4086 1743; x_wconf 72' lang='grc' dir='ltr'>προσφοράς</span> 
     </span>
    </p>
   </div>
   <div class='ocr_carea' id='block_1_33' title="bbox 2506 1764 4085 1849">
    <p class='ocr_par' dir='ltr' id='par_1_33' title="bbox 2506 1764 4085 1849">
     <span class='ocr_line' id='line_1_33' title="bbox 2506 1764 4085 1849; baseline -0.013 -14"><span class='ocrx_word' id='word_1_235' title='bbox 2506 1782 2595 1835; x_wconf 82' lang='grc' dir='ltr'><strong>διὰ</strong></span> <span class='ocrx_word' id='word_1_236' title='bbox 2642 1781 2750 1833; x_wconf 88' lang='grc' dir='ltr'><strong>τῶν</strong></span> <span class='ocrx_word' id='word_1_237' title='bbox 2783 1780 2973 1849; x_wconf 85' lang='grc' dir='ltr'>ίερέων</span> <span class='ocrx_word' id='word_1_238' title='bbox 3004 1776 3226 1843; x_wconf 83' lang='grc' dir='ltr'>ἐποίησε</span> <span class='ocrx_word' id='word_1_239' title='bbox 3266 1774 3402 1843; x_wconf 87' lang='grc' dir='ltr'>πρὸς</span> <span class='ocrx_word' id='word_1_240' title='bbox 3443 1771 3632 1841; x_wconf 87' lang='grc' dir='ltr'>κύριον</span> <span class='ocrx_word' id='word_1_241' title='bbox 3682 1767 3773 1819; x_wconf 91' lang='grc' dir='ltr'><strong>τὸν</strong></span> <span class='ocrx_word' id='word_1_242' title='bbox 3804 1766 3938 1819; x_wconf 87' lang='grc' dir='ltr'>Θεὸν</span> <span class='ocrx_word' id='word_1_243' title='bbox 3976 1764 4085 1817; x_wconf 80' lang='grc' dir='ltr'><strong>ὑπὸ</strong></span> 
     </span>
    </p>
   </div>
   <div class='ocr_carea' id='block_1_34' title="bbox 838 1857 2526 1943">
    <p class='ocr_par' dir='ltr' id='par_1_34' title="bbox 838 1857 2526 1942">
     <span class='ocr_line' id='line_1_34' title="bbox 838 1857 2526 1942; baseline -0.009 -1"><span class='ocrx_word' id='word_1_244' title='bbox 838 1886 1215 1941; x_wconf 88' lang='lat' dir='ltr'><strong>sacerdotibus</strong></span> <span class='ocrx_word' id='word_1_245' title='bbox 1258 1886 1313 1938; x_wconf 93' lang='lat' dir='ltr'><strong>in</strong></span> <span class='ocrx_word' id='word_1_246' title='bbox 1356 1857 1664 1937; x_wconf 42' lang='lat' dir='ltr'><strong>humili—tate</strong></span> <span class='ocrx_word' id='word_1_247' title='bbox 1710 1881 1883 1935; x_wconf 90' lang='lat' dir='ltr'><strong>multa</strong></span> <span class='ocrx_word' id='word_1_248' title='bbox 1927 1886 1982 1933; x_wconf 82' lang='lat' dir='ltr'><strong>et</strong></span> <span class='ocrx_word' id='word_1_249' title='bbox 2027 1892 2153 1932; x_wconf 90' lang='lat' dir='ltr'><strong>cum</strong></span> <span class='ocrx_word' id='word_1_250' title='bbox 2192 1874 2404 1929; x_wconf 91' lang='lat' dir='ltr'><strong>contri-</strong></span> <span class='ocrx_word' id='word_1_251' title='bbox 2438 1860 2526 1942; x_wconf 70' lang='lat' dir='ltr'><strong>Bq</strong></span> 
     </span>
    </p>
   </div>
   <div class='ocr_carea' id='block_1_35' title="bbox 2396 1857 4084 1943">
    <p class='ocr_par' dir='ltr' id='par_1_35' title="bbox 2396 1857 4084 1943">
     <span class='ocr_line' id='line_1_35' title="bbox 2396 1857 4084 1943; baseline -0.014 -12"><span class='ocrx_word' id='word_1_252' title='bbox 2396 1904 2404 1914; x_wconf 94' lang='lat'><strong><em>-</em></strong></span> <span class='ocrx_word' id='word_1_253' title='bbox 2438 1860 2478 1915; x_wconf 76' lang='grc' dir='ltr'><strong>Β</strong></span> <span class='ocrx_word' id='word_1_254' title='bbox 2505 1873 2739 1943; x_wconf 78' lang='grc' dir='ltr'>ψυχικῆς</span> <span class='ocrx_word' id='word_1_255' title='bbox 2772 1870 3043 1941; x_wconf 79' lang='grc' dir='ltr'>σωτηρίας</span> <span class='ocrx_word' id='word_1_256' title='bbox 3072 1867 3255 1923; x_wconf 88' lang='grc' dir='ltr'>αὑτοῦ.</span> <span class='ocrx_word' id='word_1_257' title='bbox 3287 1865 3340 1918; x_wconf 91' lang='grc' dir='ltr'><strong>τί</strong></span> <span class='ocrx_word' id='word_1_258' title='bbox 3369 1860 3463 1918; x_wconf 84' lang='grc' dir='ltr'><strong>οῦν</strong></span> <span class='ocrx_word' id='word_1_259' title='bbox 3492 1864 3620 1932; x_wconf 78' lang='grc' dir='ltr'>ὑμῖν</span> <span class='ocrx_word' id='word_1_260' title='bbox 3643 1861 3688 1892; x_wconf 84' lang='grc'><strong>⁸⁸</strong></span> <span class='ocrx_word' id='word_1_261' title='bbox 3719 1860 3887 1922; x_wconf 85' lang='grc' dir='ltr'>δοκεῖ,</span> <span class='ocrx_word' id='word_1_262' title='bbox 3916 1857 4084 1927; x_wconf 83' lang='grc' dir='ltr'>θηρία</span> 
     </span>
    </p>
   </div>
   <div class='ocr_carea' id='block_1_36' title="bbox 837 1964 2406 2039">
    <p class='ocr_par' dir='ltr' id='par_1_36' title="bbox 837 1964 2406 2039">
     <span class='ocr_line' id='line_1_36' title="bbox 837 1964 2406 2039; baseline -0.008 -8"><span class='ocrx_word' id='word_1_263' title='bbox 837 1979 985 2031; x_wconf 91' lang='lat' dir='ltr'><strong>tione</strong></span> <span class='ocrx_word' id='word_1_264' title='bbox 1015 1993 1082 2031; x_wconf 90' lang='lat' dir='ltr'><strong>ex</strong></span> <span class='ocrx_word' id='word_1_265' title='bbox 1123 1984 1235 2029; x_wconf 93' lang='lat' dir='ltr'><strong>toto</strong></span> <span class='ocrx_word' id='word_1_266' title='bbox 1274 1976 1439 2028; x_wconf 90' lang='lat' dir='ltr'><strong>corde</strong></span> <span class='ocrx_word' id='word_1_267' title='bbox 1488 1988 1611 2039; x_wconf 91' lang='lat' dir='ltr'><strong>suo,</strong></span> <span class='ocrx_word' id='word_1_268' title='bbox 1650 1972 1991 2026; x_wconf 87' lang='lat' dir='ltr'><strong>abstinentes</strong></span> <span class='ocrx_word' id='word_1_269' title='bbox 2027 1967 2187 2022; x_wconf 88' lang='lat' dir='ltr'><strong>malis</strong></span> <span class='ocrx_word' id='word_1_270' title='bbox 2224 1964 2406 2035; x_wconf 86' lang='lat' dir='ltr'><strong>operi-</strong></span> 
     </span>
    </p>
   </div>
   <div class='ocr_carea' id='block_1_37' title="bbox 836 2055 2407 2130">
    <p class='ocr_par' dir='ltr' id='par_1_37' title="bbox 836 2055 2407 2130">
     <span class='ocr_line' id='line_1_37' title="bbox 836 2055 2407 2130; baseline -0.008 -11"><span class='ocrx_word' id='word_1_271' title='bbox 836 2066 960 2130; x_wconf 87' lang='lat' dir='ltr'><strong>bus,</strong></span> <span class='ocrx_word' id='word_1_272' title='bbox 984 2064 1298 2119; x_wconf 88' lang='lat' dir='ltr'><strong>misericors</strong></span> <span class='ocrx_word' id='word_1_273' title='bbox 1328 2061 1473 2117; x_wconf 91' lang='lat' dir='ltr'><strong>Deus</strong></span> <span class='ocrx_word' id='word_1_274' title='bbox 1498 2077 1605 2115; x_wconf 89' lang='lat' dir='ltr'><strong>non</strong></span> <span class='ocrx_word' id='word_1_275' title='bbox 1638 2062 1892 2129; x_wconf 87' lang='lat' dir='ltr'><strong>imputat.</strong></span> <span class='ocrx_word' id='word_1_276' title='bbox 1924 2058 2029 2124; x_wconf 86' lang='lat' dir='ltr'><strong>Qui</strong></span> <span class='ocrx_word' id='word_1_277' title='bbox 2060 2070 2190 2110; x_wconf 84' lang='lat' dir='ltr'><strong>vero</strong></span> <span class='ocrx_word' id='word_1_278' title='bbox 2221 2055 2407 2109; x_wconf 88' lang='lat' dir='ltr'><strong>occul-</strong></span> 
     </span>
    </p>
   </div>
   <div class='ocr_carea' id='block_1_38' title="bbox 839 2148 2408 2225">
    <p class='ocr_par' dir='ltr' id='par_1_38' title="bbox 839 2148 2408 2225">
     <span class='ocr_line' id='line_1_38' title="bbox 839 2148 2408 2225; baseline -0.007 -15"><span class='ocrx_word' id='word_1_279' title='bbox 839 2164 955 2210; x_wconf 88' lang='lat' dir='ltr'><strong>tant</strong></span> <span class='ocrx_word' id='word_1_280' title='bbox 984 2164 1223 2225; x_wconf 83' lang='lat' dir='ltr'><strong>peccata,</strong></span> <span class='ocrx_word' id='word_1_281' title='bbox 1280 2161 1337 2206; x_wconf 89' lang='lat' dir='ltr'><strong>ut</strong></span> <span class='ocrx_word' id='word_1_282' title='bbox 1385 2153 1624 2215; x_wconf 89' lang='lat' dir='ltr'><strong>luceant,</strong></span> <span class='ocrx_word' id='word_1_283' title='bbox 1660 2149 1770 2205; x_wconf 90' lang='lat' dir='ltr'><strong>Deo</strong></span> <span class='ocrx_word' id='word_1_284' title='bbox 1809 2158 1864 2204; x_wconf 91' lang='lat' dir='ltr'><strong>et</strong></span> <span class='ocrx_word' id='word_1_285' title='bbox 1900 2148 2131 2212; x_wconf 83' lang='lat' dir='ltr'><strong>homini,</strong></span> <span class='ocrx_word' id='word_1_286' title='bbox 2163 2160 2259 2202; x_wconf 91' lang='lat' dir='ltr'><strong>eos</strong></span> <span class='ocrx_word' id='word_1_287' title='bbox 2291 2159 2408 2199; x_wconf 85' lang='lat' dir='ltr'><strong>om-</strong></span> 
     </span>
    </p>
   </div>
   <div class='ocr_carea' id='block_1_39' title="bbox 840 2236 2405 2302">
    <p class='ocr_par' dir='ltr' id='par_1_39' title="bbox 840 2236 2405 2302">
     <span class='ocr_line' id='line_1_39' title="bbox 840 2236 2405 2302; baseline -0.008 0"><span class='ocrx_word' id='word_1_288' title='bbox 840 2264 937 2302; x_wconf 90' lang='lat' dir='ltr'><strong>nes</strong></span> <span class='ocrx_word' id='word_1_289' title='bbox 967 2247 1173 2299; x_wconf 89' lang='lat' dir='ltr'><strong>iudicat</strong></span> <span class='ocrx_word' id='word_1_290' title='bbox 1213 2243 1355 2299; x_wconf 90' lang='lat' dir='ltr'><strong>Deus</strong></span> <span class='ocrx_word' id='word_1_291' title='bbox 1388 2250 1443 2297; x_wconf 89' lang='lat' dir='ltr'><strong>et</strong></span> <span class='ocrx_word' id='word_1_292' title='bbox 1480 2242 1731 2297; x_wconf 81' lang='lat' dir='ltr'><strong>confutat</strong></span> <span class='ocrx_word' id='word_1_293' title='bbox 1763 2249 1820 2295; x_wconf 89' lang='lat' dir='ltr'><strong>et</strong></span> <span class='ocrx_word' id='word_1_294' title='bbox 1858 2238 2191 2295; x_wconf 84' lang='lat' dir='ltr'><strong>contumelia</strong></span> <span class='ocrx_word' id='word_1_295' title='bbox 2223 2236 2405 2299; x_wconf 71' lang='lat' dir='ltr'><strong>allicit,</strong></span> 
     </span>
    </p>
   </div>
   <div class='ocr_carea' id='block_1_40' title="bbox 840 2331 2410 2409">
    <p class='ocr_par' dir='ltr' id='par_1_40' title="bbox 840 2331 2410 2409">
     <span class='ocr_line' id='line_1_40' title="bbox 840 2331 2410 2409; baseline -0.008 -15"><span class='ocrx_word' id='word_1_296' title='bbox 840 2339 1060 2409; x_wconf 78' lang='lat' dir='ltr'><strong>ignique</strong></span> <span class='ocrx_word' id='word_1_297' title='bbox 1104 2337 1270 2391; x_wconf 88' lang='lat' dir='ltr'><strong>tradit</strong></span> <span class='ocrx_word' id='word_1_298' title='bbox 1311 2336 1368 2390; x_wconf 91' lang='lat' dir='ltr'><strong>in</strong></span> <span class='ocrx_word' id='word_1_299' title='bbox 1411 2335 1622 2388; x_wconf 89' lang='lat' dir='ltr'><strong>intinita</strong></span> <span class='ocrx_word' id='word_1_300' title='bbox 1658 2334 1895 2389; x_wconf 88' lang='lat' dir='ltr'><strong>saecula.</strong></span> <span class='ocrx_word' id='word_1_301' title='bbox 1933 2331 2079 2387; x_wconf 86' lang='lat' dir='ltr'><strong>Haec</strong></span> <span class='ocrx_word' id='word_1_302' title='bbox 2115 2345 2281 2401; x_wconf 86' lang='lat' dir='ltr'><strong>quum</strong></span> <span class='ocrx_word' id='word_1_303' title='bbox 2312 2343 2410 2382; x_wconf 72' lang='lat' dir='ltr'><strong>an-</strong></span> 
     </span>
    </p>
   </div>
   <div class='ocr_carea' id='block_1_41' title="bbox 840 2420 2412 2497">
    <p class='ocr_par' dir='ltr' id='par_1_41' title="bbox 840 2420 2412 2497">
     <span class='ocr_line' id='line_1_41' title="bbox 840 2420 2412 2497; baseline -0.006 -14"><span class='ocrx_word' id='word_1_304' title='bbox 840 2430 945 2497; x_wconf 82' lang='lat' dir='ltr'><strong>geli</strong></span> <span class='ocrx_word' id='word_1_305' title='bbox 980 2430 1267 2491; x_wconf 77' lang='lat' dir='ltr'><strong>dixissent,</strong></span> <span class='ocrx_word' id='word_1_306' title='bbox 1302 2427 1625 2496; x_wconf 91' lang='lat' dir='ltr'><strong>repulerunt</strong></span> <span class='ocrx_word' id='word_1_307' title='bbox 1654 2424 1833 2478; x_wconf 90' lang='lat' dir='ltr'><strong>malos</strong></span> <span class='ocrx_word' id='word_1_308' title='bbox 1873 2422 2124 2492; x_wconf 87' lang='lat' dir='ltr'><strong>spiritus,</strong></span> <span class='ocrx_word' id='word_1_309' title='bbox 2151 2432 2201 2477; x_wconf 92' lang='lat' dir='ltr'><strong>et</strong></span> <span class='ocrx_word' id='word_1_310' title='bbox 2233 2420 2315 2475; x_wconf 92' lang='lat' dir='ltr'><strong>sic</strong></span> <span class='ocrx_word' id='word_1_311' title='bbox 2344 2420 2412 2474; x_wconf 92' lang='lat' dir='ltr'><strong>il-</strong></span> 
     </span>
    </p>
   </div>
   <div class='ocr_carea' id='block_1_42' title="bbox 841 2511 2408 2586">
    <p class='ocr_par' dir='ltr' id='par_1_42' title="bbox 841 2511 2408 2586">
     <span class='ocr_line' id='line_1_42' title="bbox 841 2511 2408 2586; baseline -0.006 -11"><span class='ocrx_word' id='word_1_312' title='bbox 841 2522 951 2575; x_wconf 91' lang='lat' dir='ltr'><strong>linc</strong></span> <span class='ocrx_word' id='word_1_313' title='bbox 972 2521 1364 2575; x_wconf 89' lang='lat' dir='ltr'><strong>discesserunt.</strong></span> <span class='ocrx_word' id='word_1_314' title='bbox 1398 2515 1465 2570; x_wconf 87' lang='lat' dir='ltr'><strong>Et</strong></span> <span class='ocrx_word' id='word_1_315' title='bbox 1494 2515 1731 2586; x_wconf 89' lang='lat' dir='ltr'><strong>ingressi</strong></span> <span class='ocrx_word' id='word_1_316' title='bbox 1764 2520 1897 2570; x_wconf 90' lang='lat' dir='ltr'><strong>sunt</strong></span> <span class='ocrx_word' id='word_1_317' title='bbox 1926 2514 1981 2568; x_wconf 90' lang='lat' dir='ltr'><strong>in</strong></span> <span class='ocrx_word' id='word_1_318' title='bbox 2005 2522 2219 2584; x_wconf 88' lang='lat' dir='ltr'><strong>portam</strong></span> <span class='ocrx_word' id='word_1_319' title='bbox 2248 2511 2408 2567; x_wconf 92' lang='lat' dir='ltr'><strong>coeli.</strong></span> 
     </span>
    </p>
   </div>
   <div class='ocr_carea' id='block_1_43' title="bbox 843 2601 2411 2672">
    <p class='ocr_par' dir='ltr' id='par_1_43' title="bbox 843 2601 2411 2672">
     <span class='ocr_line' id='line_1_43' title="bbox 843 2601 2411 2672; baseline -0.008 -5"><span class='ocrx_word' id='word_1_320' title='bbox 843 2612 1093 2667; x_wconf 87' lang='lat' dir='ltr'><strong>Liberata</strong></span> <span class='ocrx_word' id='word_1_321' title='bbox 1131 2621 1215 2665; x_wconf 92' lang='lat' dir='ltr'><strong>est</strong></span> <span class='ocrx_word' id='word_1_322' title='bbox 1260 2618 1443 2663; x_wconf 87' lang='lat' dir='ltr'><strong>autem</strong></span> <span class='ocrx_word' id='word_1_323' title='bbox 1475 2615 1530 2663; x_wconf 91' lang='lat' dir='ltr'><strong>et</strong></span> <span class='ocrx_word' id='word_1_324' title='bbox 1564 2608 1698 2662; x_wconf 89' lang='lat' dir='ltr'><strong>haec</strong></span> <span class='ocrx_word' id='word_1_325' title='bbox 1730 2605 1916 2659; x_wconf 89' lang='lat' dir='ltr'><strong>anima</strong></span> <span class='ocrx_word' id='word_1_326' title='bbox 1949 2619 1981 2658; x_wconf 89' lang='lat' dir='ltr'><strong>a</strong></span> <span class='ocrx_word' id='word_1_327' title='bbox 2012 2604 2173 2659; x_wconf 90' lang='lat' dir='ltr'><strong>malis</strong></span> <span class='ocrx_word' id='word_1_328' title='bbox 2204 2601 2411 2672; x_wconf 87' lang='lat' dir='ltr'><strong>spiriti-</strong></span> 
     </span>
    </p>
   </div>
   <div class='ocr_carea' id='block_1_44' title="bbox 844 2692 2411 2766">
    <p class='ocr_par' dir='ltr' id='par_1_44' title="bbox 844 2692 2411 2766">
     <span class='ocr_line' id='line_1_44' title="bbox 844 2692 2411 2766; baseline -0.008 -7"><span class='ocrx_word' id='word_1_329' title='bbox 844 2706 944 2759; x_wconf 89' lang='lat' dir='ltr'><strong>bus</strong></span> <span class='ocrx_word' id='word_1_330' title='bbox 974 2702 1231 2765; x_wconf 85' lang='lat' dir='ltr'><strong>malitiae,</strong></span> <span class='ocrx_word' id='word_1_331' title='bbox 1268 2709 1321 2756; x_wconf 91' lang='lat' dir='ltr'><strong>et</strong></span> <span class='ocrx_word' id='word_1_332' title='bbox 1353 2701 1574 2753; x_wconf 90' lang='lat' dir='ltr'><strong>inventa</strong></span> <span class='ocrx_word' id='word_1_333' title='bbox 1610 2706 1695 2753; x_wconf 88' lang='lat' dir='ltr'><strong>est</strong></span> <span class='ocrx_word' id='word_1_334' title='bbox 1736 2698 1933 2753; x_wconf 89' lang='lat' dir='ltr'><strong>salutis</strong></span> <span class='ocrx_word' id='word_1_335' title='bbox 1964 2694 2240 2766; x_wconf 87' lang='lat' dir='ltr'><strong>particeps</strong></span> <span class='ocrx_word' id='word_1_336' title='bbox 2268 2692 2411 2763; x_wconf 88' lang='lat' dir='ltr'><strong>apud</strong></span> 
     </span>
    </p>
   </div>
   <div class='ocr_carea' id='block_1_45' title="bbox 842 2785 2413 2864">
    <p class='ocr_par' dir='ltr' id='par_1_45' title="bbox 842 2785 2413 2864">
     <span class='ocr_line' id='line_1_45' title="bbox 842 2785 2413 2864; baseline -0.008 -13"><span class='ocrx_word' id='word_1_337' title='bbox 842 2796 1036 2856; x_wconf 89' lang='lat' dir='ltr'><strong>Deum,</strong></span> <span class='ocrx_word' id='word_1_338' title='bbox 1071 2794 1164 2864; x_wconf 91' lang='lat' dir='ltr'><strong>qui</strong></span> <span class='ocrx_word' id='word_1_339' title='bbox 1194 2794 1369 2847; x_wconf 87' lang='lat' dir='ltr'><strong>salvat</strong></span> <span class='ocrx_word' id='word_1_340' title='bbox 1403 2797 1715 2845; x_wconf 86' lang='lat' dir='ltr'><strong>creaturam</strong></span> <span class='ocrx_word' id='word_1_341' title='bbox 1751 2802 1928 2842; x_wconf 86' lang='lat' dir='ltr'><strong>suam.</strong></span> <span class='ocrx_word' id='word_1_342' title='bbox 1964 2785 2031 2840; x_wconf 84' lang='lat' dir='ltr'><strong>Et</strong></span> <span class='ocrx_word' id='word_1_343' title='bbox 2061 2800 2189 2841; x_wconf 87' lang='lat' dir='ltr'><strong>ecce</strong></span> <span class='ocrx_word' id='word_1_344' title='bbox 2216 2799 2413 2839; x_wconf 88' lang='lat' dir='ltr'><strong>rursus</strong></span> 
     </span>
    </p>
   </div>
   <div class='ocr_carea' id='block_1_46' title="bbox 843 2877 2412 2948">
    <p class='ocr_par' dir='ltr' id='par_1_46' title="bbox 843 2877 2412 2948">
     <span class='ocr_line' id='line_1_46' title="bbox 843 2877 2412 2948; baseline -0.007 -8"><span class='ocrx_word' id='word_1_345' title='bbox 843 2888 950 2940; x_wconf 90' lang='lat' dir='ltr'><strong>alia</strong></span> <span class='ocrx_word' id='word_1_346' title='bbox 981 2886 1162 2939; x_wconf 88' lang='lat' dir='ltr'><strong>anima</strong></span> <span class='ocrx_word' id='word_1_347' title='bbox 1202 2898 1425 2939; x_wconf 91' lang='lat' dir='ltr'><strong>sursum</strong></span> <span class='ocrx_word' id='word_1_348' title='bbox 1468 2880 1770 2945; x_wconf 83' lang='lat' dir='ltr'><strong>ferebatur,</strong></span> <span class='ocrx_word' id='word_1_349' title='bbox 1798 2893 1939 2948; x_wconf 82' lang='lat' dir='ltr'><strong>quae</strong></span> <span class='ocrx_word' id='word_1_350' title='bbox 1968 2884 2087 2932; x_wconf 89' lang='lat' dir='ltr'><strong>erat</strong></span> <span class='ocrx_word' id='word_1_351' title='bbox 2124 2877 2412 2929; x_wconf 88' lang='lat' dir='ltr'><strong>admodum</strong></span> 
     </span>
    </p>
   </div>
   <div class='ocr_carea' id='block_1_47' title="bbox 843 2969 2417 3048">
    <p class='ocr_par' dir='ltr' id='par_1_47' title="bbox 843 2969 2417 3048">
     <span class='ocr_line' id='line_1_47' title="bbox 843 2969 2417 3048; baseline -0.006 -17"><span class='ocrx_word' id='word_1_352' title='bbox 843 2979 1099 3048; x_wconf 83' lang='lat' dir='ltr'><strong>religiosa</strong></span> <span class='ocrx_word' id='word_1_353' title='bbox 1148 2992 1211 3029; x_wconf 92' lang='lat' dir='ltr'><strong>ac</strong></span> <span class='ocrx_word' id='word_1_354' title='bbox 1243 2975 1443 3029; x_wconf 85' lang='lat' dir='ltr'><strong>timens</strong></span> <span class='ocrx_word' id='word_1_355' title='bbox 1478 2972 1671 3035; x_wconf 88' lang='lat' dir='ltr'><strong>Deum,</strong></span> <span class='ocrx_word' id='word_1_356' title='bbox 1711 2978 1900 3041; x_wconf 89' lang='lat' dir='ltr'><strong>utpote</strong></span> <span class='ocrx_word' id='word_1_357' title='bbox 1932 2983 2072 3040; x_wconf 88' lang='lat' dir='ltr'><strong>quae</strong></span> <span class='ocrx_word' id='word_1_358' title='bbox 2118 2969 2417 3039; x_wconf 84' lang='lat' dir='ltr'><strong>eleemosy-</strong></span> 
     </span>
    </p>
   </div>
   <div class='ocr_carea' id='block_1_48' title="bbox 845 3057 2416 3136">
    <p class='ocr_par' dir='ltr' id='par_1_48' title="bbox 845 3057 2416 3136">
     <span class='ocr_line' id='line_1_48' title="bbox 845 3057 2416 3136; baseline -0.008 -14"><span class='ocrx_word' id='word_1_359' title='bbox 845 3082 971 3122; x_wconf 81' lang='lat' dir='ltr'><strong>nam</strong></span> <span class='ocrx_word' id='word_1_360' title='bbox 1008 3066 1229 3136; x_wconf 75' lang='lat' dir='ltr'><strong>largiter</strong></span> <span class='ocrx_word' id='word_1_361' title='bbox 1258 3067 1314 3117; x_wconf 93' lang='lat' dir='ltr'><strong>in</strong></span> <span class='ocrx_word' id='word_1_362' title='bbox 1345 3064 1455 3117; x_wconf 87' lang='lat' dir='ltr'><strong>vita</strong></span> <span class='ocrx_word' id='word_1_363' title='bbox 1496 3076 1593 3116; x_wconf 89' lang='lat' dir='ltr'><strong>sua</strong></span> <span class='ocrx_word' id='word_1_364' title='bbox 1624 3060 2008 3115; x_wconf 89' lang='lat' dir='ltr'><strong>distribuerat.</strong></span> <span class='ocrx_word' id='word_1_365' title='bbox 2037 3057 2279 3112; x_wconf 80' lang='lat' dir='ltr'><strong>Habebat</strong></span> <span class='ocrx_word' id='word_1_366' title='bbox 2318 3072 2416 3110; x_wconf 91' lang='lat' dir='ltr'><strong>au-</strong></span> 
     </span>
    </p>
   </div>
   <div class='ocr_carea' id='block_1_49' title="bbox 845 3148 2417 3229">
    <p class='ocr_par' dir='ltr' id='par_1_49' title="bbox 845 3148 2417 3229">
     <span class='ocr_line' id='line_1_49' title="bbox 845 3148 2417 3229; baseline -0.008 -17"><span class='ocrx_word' id='word_1_367' title='bbox 845 3168 953 3214; x_wconf 89' lang='lat' dir='ltr'><strong>tem</strong></span> <span class='ocrx_word' id='word_1_368' title='bbox 986 3165 1042 3212; x_wconf 90' lang='lat' dir='ltr'><strong>et</strong></span> <span class='ocrx_word' id='word_1_369' title='bbox 1079 3156 1364 3212; x_wconf 84' lang='lat' dir='ltr'><strong>caritatem</strong></span> <span class='ocrx_word' id='word_1_370' title='bbox 1409 3166 1540 3229; x_wconf 88' lang='lat' dir='ltr'><strong>erga</strong></span> <span class='ocrx_word' id='word_1_371' title='bbox 1584 3166 1775 3205; x_wconf 90' lang='lat' dir='ltr'><strong>omnes</strong></span> <span class='ocrx_word' id='word_1_372' title='bbox 1802 3150 2071 3213; x_wconf 82' lang='lat' dir='ltr'><strong>homines,</strong></span> <span class='ocrx_word' id='word_1_373' title='bbox 2114 3158 2169 3202; x_wconf 87' lang='lat' dir='ltr'><strong>et</strong></span> <span class='ocrx_word' id='word_1_374' title='bbox 2194 3148 2417 3202; x_wconf 87' lang='lat' dir='ltr'><strong>castita—</strong></span> 
     </span>
    </p>
   </div>
   <div class='ocr_carea' id='block_1_50' title="bbox 848 3238 2415 3304">
    <p class='ocr_par' dir='ltr' id='par_1_50' title="bbox 848 3238 2415 3304">
     <span class='ocr_line' id='line_1_50' title="bbox 848 3238 2415 3304; baseline -0.007 -2"><span class='ocrx_word' id='word_1_375' title='bbox 848 3263 957 3304; x_wconf 89' lang='lat' dir='ltr'><strong>tem</strong></span> <span class='ocrx_word' id='word_1_376' title='bbox 994 3256 1049 3301; x_wconf 88' lang='lat' dir='ltr'><strong>et</strong></span> <span class='ocrx_word' id='word_1_377' title='bbox 1089 3247 1461 3302; x_wconf 85' lang='lat' dir='ltr'><strong>sanctitatem.</strong></span> <span class='ocrx_word' id='word_1_378' title='bbox 1510 3242 1798 3296; x_wconf 90' lang='lat' dir='ltr'><strong>lnhiabant</strong></span> <span class='ocrx_word' id='word_1_379' title='bbox 1838 3255 1970 3295; x_wconf 91' lang='lat' dir='ltr'><strong>vero</strong></span> <span class='ocrx_word' id='word_1_380' title='bbox 2007 3240 2057 3294; x_wconf 87' lang='lat' dir='ltr'><strong>ei</strong></span> <span class='ocrx_word' id='word_1_381' title='bbox 2108 3238 2415 3297; x_wconf 86' lang='lat' dir='ltr'><strong>daemones.</strong></span> 
     </span>
    </p>
   </div>
   <div class='ocr_carea' id='block_1_51' title="bbox 847 3332 2418 3410">
    <p class='ocr_par' dir='ltr' id='par_1_51' title="bbox 847 3332 2418 3410">
     <span class='ocr_line' id='line_1_51' title="bbox 847 3332 2418 3410; baseline -0.006 -18"><span class='ocrx_word' id='word_1_382' title='bbox 847 3340 1011 3410; x_wconf 71' lang='lat'><strong>290</strong></span> <span class='ocrx_word' id='word_1_383' title='bbox 1028 3338 1281 3393; x_wconf 81' lang='lat' dir='ltr'><strong>dentibus</strong></span> <span class='ocrx_word' id='word_1_384' title='bbox 1309 3336 1424 3390; x_wconf 91' lang='lat' dir='ltr'><strong>suis</strong></span> <span class='ocrx_word' id='word_1_385' title='bbox 1451 3334 1764 3389; x_wconf 81' lang='lat' dir='ltr'><strong>frendentes</strong></span> <span class='ocrx_word' id='word_1_386' title='bbox 1780 3333 1835 3385; x_wconf 92' lang='lat' dir='ltr'><strong>in</strong></span> <span class='ocrx_word' id='word_1_387' title='bbox 1857 3346 1997 3386; x_wconf 90' lang='lat' dir='ltr'><strong>eam.</strong></span> <span class='ocrx_word' id='word_1_388' title='bbox 2018 3332 2212 3384; x_wconf 85' lang='lat' dir='ltr'><strong>Anima</strong></span> <span class='ocrx_word' id='word_1_389' title='bbox 2241 3338 2418 3383; x_wconf 91' lang='lat' dir='ltr'><strong>autem</strong></span> 
     </span>
    </p>
   </div>
   <div class='ocr_carea' id='block_1_52' title="bbox 848 3419 2421 3497">
    <p class='ocr_par' dir='ltr' id='par_1_52' title="bbox 848 3419 2421 3497">
     <span class='ocr_line' id='line_1_52' title="bbox 848 3419 2421 3497; baseline -0.01 -10"><span class='ocrx_word' id='word_1_390' title='bbox 848 3430 1225 3487; x_wconf 88' lang='lat' dir='ltr'><strong>contremebat</strong></span> <span class='ocrx_word' id='word_1_391' title='bbox 1242 3427 1556 3497; x_wconf 83' lang='lat' dir='ltr'><strong>conspicata</strong></span> <span class='ocrx_word' id='word_1_392' title='bbox 1574 3425 1916 3477; x_wconf 88' lang='lat' dir='ltr'><strong>atrocitatem</strong></span> <span class='ocrx_word' id='word_1_393' title='bbox 1936 3437 2147 3485; x_wconf 91' lang='lat' dir='ltr'><strong>eorum,</strong></span> <span class='ocrx_word' id='word_1_394' title='bbox 2162 3429 2215 3476; x_wconf 91' lang='lat' dir='ltr'><strong>et</strong></span> <span class='ocrx_word' id='word_1_395' title='bbox 2234 3419 2421 3475; x_wconf 79' lang='lat' dir='ltr'><strong>conlu-</strong></span> 
     </span>
    </p>
   </div>
   <div class='ocr_carea' id='block_1_53' title="bbox 850 3513 2421 3591">
    <p class='ocr_par' dir='ltr' id='par_1_53' title="bbox 850 3513 2421 3591">
     <span class='ocr_line' id='line_1_53' title="bbox 850 3513 2421 3591; baseline -0.007 -15"><span class='ocrx_word' id='word_1_396' title='bbox 850 3524 1034 3591; x_wconf 77' lang='lat' dir='ltr'><strong>giebat</strong></span> <span class='ocrx_word' id='word_1_397' title='bbox 1062 3525 1117 3575; x_wconf 93' lang='lat' dir='ltr'><strong>in</strong></span> <span class='ocrx_word' id='word_1_398' title='bbox 1152 3519 1377 3575; x_wconf 90' lang='lat' dir='ltr'><strong>brachia</strong></span> <span class='ocrx_word' id='word_1_399' title='bbox 1414 3518 1734 3586; x_wconf 84' lang='lat' dir='ltr'><strong>angelorum</strong></span> <span class='ocrx_word' id='word_1_400' title='bbox 1766 3513 1882 3569; x_wconf 86' lang='lat' dir='ltr'><strong>Dei.</strong></span> <span class='ocrx_word' id='word_1_401' title='bbox 1912 3513 2016 3578; x_wconf 89' lang='lat' dir='ltr'><strong>Qui</strong></span> <span class='ocrx_word' id='word_1_402' title='bbox 2046 3528 2174 3566; x_wconf 91' lang='lat' dir='ltr'><strong>vero</strong></span> <span class='ocrx_word' id='word_1_403' title='bbox 2193 3513 2421 3567; x_wconf 88' lang='lat' dir='ltr'><strong>descen-</strong></span> 
     </span>
    </p>
   </div>
   <div class='ocr_carea' id='block_1_54' title="bbox 849 3605 2420 3678">
    <p class='ocr_par' dir='ltr' id='par_1_54' title="bbox 849 3605 2420 3678">
     <span class='ocr_line' id='line_1_54' title="bbox 849 3605 2420 3678; baseline -0.008 -13"><span class='ocrx_word' id='word_1_404' title='bbox 849 3612 1053 3665; x_wconf 82' lang='lat' dir='ltr'><strong>debant</strong></span> <span class='ocrx_word' id='word_1_405' title='bbox 1106 3608 1283 3678; x_wconf 86' lang='lat' dir='ltr'><strong>angeli</strong></span> <span class='ocrx_word' id='word_1_406' title='bbox 1332 3614 1556 3677; x_wconf 87' lang='lat' dir='ltr'><strong>propter</strong></span> <span class='ocrx_word' id='word_1_407' title='bbox 1598 3605 1733 3657; x_wconf 87' lang='lat' dir='ltr'><strong>alias</strong></span> <span class='ocrx_word' id='word_1_408' title='bbox 1776 3605 2009 3667; x_wconf 88' lang='lat' dir='ltr'><strong>animas,</strong></span> <span class='ocrx_word' id='word_1_409' title='bbox 2068 3609 2420 3655; x_wconf 90' lang='lat' dir='ltr'><strong>occurrentes</strong></span> 
     </span>
    </p>
   </div>
   <div class='ocr_carea' id='block_1_55' title="bbox 847 3690 2414 3761">
    <p class='ocr_par' dir='ltr' id='par_1_55' title="bbox 847 3690 2414 3761">
     <span class='ocr_line' id='line_1_55' title="bbox 847 3690 2414 3761; baseline -0.008 -5"><span class='ocrx_word' id='word_1_410' title='bbox 847 3718 969 3756; x_wconf 86' lang='lat' dir='ltr'><strong>eam</strong></span> <span class='ocrx_word' id='word_1_411' title='bbox 1005 3699 1336 3754; x_wconf 89' lang='lat' dir='ltr'><strong>salutabant.</strong></span> <span class='ocrx_word' id='word_1_412' title='bbox 1370 3693 1594 3749; x_wconf 88' lang='lat' dir='ltr'><strong>Factum</strong></span> <span class='ocrx_word' id='word_1_413' title='bbox 1628 3701 1712 3748; x_wconf 90' lang='lat' dir='ltr'><strong>est</strong></span> <span class='ocrx_word' id='word_1_414' title='bbox 1746 3700 1928 3745; x_wconf 89' lang='lat' dir='ltr'><strong>autem</strong></span> <span class='ocrx_word' id='word_1_415' title='bbox 1956 3706 2123 3761; x_wconf 91' lang='lat' dir='ltr'><strong>quum</strong></span> <span class='ocrx_word' id='word_1_416' title='bbox 2158 3690 2414 3760; x_wconf 85' lang='lat' dir='ltr'><strong>ingrede-</strong></span> 
     </span>
    </p>
   </div>
   <div class='ocr_carea' id='block_1_56' title="bbox 848 3782 2417 3860">
    <p class='ocr_par' dir='ltr' id='par_1_56' title="bbox 848 3782 2417 3860">
     <span class='ocr_line' id='line_1_56' title="bbox 848 3782 2417 3860; baseline -0.008 -15"><span class='ocrx_word' id='word_1_417' title='bbox 848 3801 1039 3847; x_wconf 86' lang='lat' dir='ltr'><strong>rentur</strong></span> <span class='ocrx_word' id='word_1_418' title='bbox 1066 3788 1241 3860; x_wconf 85' lang='lat' dir='ltr'><strong>angeli</strong></span> <span class='ocrx_word' id='word_1_419' title='bbox 1280 3789 1501 3843; x_wconf 89' lang='lat' dir='ltr'><strong>ianuam</strong></span> <span class='ocrx_word' id='word_1_420' title='bbox 1526 3784 1686 3848; x_wconf 89' lang='lat' dir='ltr'><strong>coeli,</strong></span> <span class='ocrx_word' id='word_1_421' title='bbox 1715 3791 1967 3838; x_wconf 90' lang='lat' dir='ltr'><strong>tenentes</strong></span> <span class='ocrx_word' id='word_1_422' title='bbox 1997 3791 2245 3839; x_wconf 87' lang='lat' dir='ltr'><strong>sanctam</strong></span> <span class='ocrx_word' id='word_1_423' title='bbox 2271 3782 2417 3834; x_wconf 87' lang='lat' dir='ltr'><strong>illam</strong></span> 
     </span>
    </p>
   </div>
   <div class='ocr_carea' id='block_1_57' title="bbox 850 3874 2419 3945">
    <p class='ocr_par' dir='ltr' id='par_1_57' title="bbox 850 3874 2419 3945">
     <span class='ocr_line' id='line_1_57' title="bbox 850 3874 2419 3945; baseline -0.01 -7"><span class='ocrx_word' id='word_1_424' title='bbox 850 3886 1109 3945; x_wconf 90' lang='lat' dir='ltr'><strong>animam,</strong></span> <span class='ocrx_word' id='word_1_425' title='bbox 1137 3883 1352 3935; x_wconf 87' lang='lat' dir='ltr'><strong>obviam</strong></span> <span class='ocrx_word' id='word_1_426' title='bbox 1390 3883 1661 3933; x_wconf 89' lang='lat' dir='ltr'><strong>venerunt</strong></span> <span class='ocrx_word' id='word_1_427' title='bbox 1700 3891 1889 3931; x_wconf 91' lang='lat' dir='ltr'><strong>omnes</strong></span> <span class='ocrx_word' id='word_1_428' title='bbox 1920 3882 2215 3943; x_wconf 88' lang='lat' dir='ltr'><strong>potestates</strong></span> <span class='ocrx_word' id='word_1_429' title='bbox 2239 3874 2419 3927; x_wconf 85' lang='lat' dir='ltr'><strong>coelo-</strong></span> 
     </span>
    </p>
   </div>
   <div class='ocr_carea' id='block_1_58' title="bbox 849 3966 2417 4041">
    <p class='ocr_par' dir='ltr' id='par_1_58' title="bbox 849 3966 2417 4041">
     <span class='ocr_line' id='line_1_58' title="bbox 849 3966 2417 4041; baseline -0.008 -9"><span class='ocrx_word' id='word_1_430' title='bbox 849 3992 992 4041; x_wconf 86' lang='lat' dir='ltr'><strong>rum,</strong></span> <span class='ocrx_word' id='word_1_431' title='bbox 1026 3983 1081 4030; x_wconf 94' lang='lat' dir='ltr'><strong>et</strong></span> <span class='ocrx_word' id='word_1_432' title='bbox 1106 3971 1523 4029; x_wconf 88' lang='lat' dir='ltr'><strong>consalutabant</strong></span> <span class='ocrx_word' id='word_1_433' title='bbox 1543 3984 1662 4024; x_wconf 87' lang='lat' dir='ltr'><strong>eam</strong></span> <span class='ocrx_word' id='word_1_434' title='bbox 1694 3967 1994 4037; x_wconf 88' lang='lat' dir='ltr'><strong>gaudentes</strong></span> <span class='ocrx_word' id='word_1_435' title='bbox 2036 3981 2099 4020; x_wconf 80' lang='lat' dir='ltr'><strong>ac</strong></span> <span class='ocrx_word' id='word_1_436' title='bbox 2127 3966 2373 4019; x_wconf 88' lang='lat' dir='ltr'><strong>dicentes</strong></span> <span class='ocrx_word' id='word_1_437' title='bbox 2404 3983 2417 4019; x_wconf 92' lang='lat'><strong>:</strong></span> 
     </span>
    </p>
   </div>
   <div class='ocr_carea' id='block_1_59' title="bbox 849 4059 2419 4133">
    <p class='ocr_par' dir='ltr' id='par_1_59' title="bbox 849 4059 2419 4133">
     <span class='ocr_line' id='line_1_59' title="bbox 849 4059 2419 4133; baseline -0.007 -11"><span class='ocrx_word' id='word_1_438' title='bbox 849 4068 1034 4123; x_wconf 84' lang='lat' dir='ltr'><strong>Gloria</strong></span> <span class='ocrx_word' id='word_1_439' title='bbox 1064 4066 1184 4130; x_wconf 91' lang='lat' dir='ltr'><strong>tibi,</strong></span> <span class='ocrx_word' id='word_1_440' title='bbox 1231 4063 1391 4127; x_wconf 91' lang='lat' dir='ltr'><strong>Deus,</strong></span> <span class='ocrx_word' id='word_1_441' title='bbox 1440 4062 1583 4133; x_wconf 90' lang='lat' dir='ltr'><strong>quod</strong></span> <span class='ocrx_word' id='word_1_442' title='bbox 1618 4061 1898 4129; x_wconf 87' lang='lat' dir='ltr'><strong>redempta</strong></span> <span class='ocrx_word' id='word_1_443' title='bbox 1944 4070 2028 4115; x_wconf 85' lang='lat' dir='ltr'><strong>est</strong></span> <span class='ocrx_word' id='word_1_444' title='bbox 2067 4060 2203 4115; x_wconf 85' lang='lat' dir='ltr'><strong>haec</strong></span> <span class='ocrx_word' id='word_1_445' title='bbox 2235 4059 2419 4113; x_wconf 90' lang='lat' dir='ltr'><strong>anima</strong></span> 
     </span>
    </p>
   </div>
   <div class='ocr_carea' id='block_1_60' title="bbox 852 4150 2419 4225">
    <p class='ocr_par' dir='ltr' id='par_1_60' title="bbox 852 4150 2419 4225">
     <span class='ocr_line' id='line_1_60' title="bbox 852 4150 2419 4225; baseline -0.005 -12"><span class='ocrx_word' id='word_1_446' title='bbox 852 4161 921 4215; x_wconf 90' lang='lat' dir='ltr'><strong>ab</strong></span> <span class='ocrx_word' id='word_1_447' title='bbox 958 4160 1067 4212; x_wconf 89' lang='lat' dir='ltr'><strong>ima</strong></span> <span class='ocrx_word' id='word_1_448' title='bbox 1091 4156 1349 4225; x_wconf 86' lang='lat' dir='ltr'><strong>voragine</strong></span> <span class='ocrx_word' id='word_1_449' title='bbox 1370 4162 1425 4208; x_wconf 89' lang='lat' dir='ltr'><strong>et</strong></span> <span class='ocrx_word' id='word_1_450' title='bbox 1457 4153 1524 4207; x_wconf 89' lang='lat' dir='ltr'><strong>ab</strong></span> <span class='ocrx_word' id='word_1_451' title='bbox 1552 4150 1829 4206; x_wconf 89' lang='lat' dir='ltr'><strong>horrendo</strong></span> <span class='ocrx_word' id='word_1_452' title='bbox 1860 4152 2122 4208; x_wconf 90' lang='lat' dir='ltr'><strong>dracone.</strong></span> <span class='ocrx_word' id='word_1_453' title='bbox 2151 4151 2217 4205; x_wconf 88' lang='lat' dir='ltr'><strong>Et</strong></span> <span class='ocrx_word' id='word_1_454' title='bbox 2245 4166 2419 4221; x_wconf 80' lang='lat' dir='ltr'><strong>quan-</strong></span> 
     </span>
    </p>
   </div>
   <div class='ocr_carea' id='block_1_61' title="bbox 850 4243 2420 4315">
    <p class='ocr_par' dir='ltr' id='par_1_61' title="bbox 850 4243 2420 4315">
     <span class='ocr_line' id='line_1_61' title="bbox 850 4243 2420 4315; baseline -0.007 -9"><span class='ocrx_word' id='word_1_455' title='bbox 850 4262 965 4306; x_wconf 84' lang='lat' dir='ltr'><strong>tum</strong></span> <span class='ocrx_word' id='word_1_456' title='bbox 995 4249 1362 4305; x_wconf 87' lang='lat' dir='ltr'><strong>ascendebant</strong></span> <span class='ocrx_word' id='word_1_457' title='bbox 1403 4260 1648 4312; x_wconf 88' lang='lat' dir='ltr'><strong>sursum,</strong></span> <span class='ocrx_word' id='word_1_458' title='bbox 1680 4252 1833 4298; x_wconf 90' lang='lat' dir='ltr'><strong>tanto</strong></span> <span class='ocrx_word' id='word_1_459' title='bbox 1870 4245 2042 4315; x_wconf 88' lang='lat' dir='ltr'><strong>magis</strong></span> <span class='ocrx_word' id='word_1_460' title='bbox 2075 4243 2420 4314; x_wconf 89' lang='lat' dir='ltr'><strong>congratula-</strong></span> 
     </span>
    </p>
   </div>
   <div class='ocr_carea' id='block_1_62' title="bbox 850 4337 2421 4407">
    <p class='ocr_par' dir='ltr' id='par_1_62' title="bbox 850 4337 2421 4407">
     <span class='ocr_line' id='line_1_62' title="bbox 850 4337 2421 4407; baseline -0.006 -8"><span class='ocrx_word' id='word_1_461' title='bbox 850 4346 1055 4399; x_wconf 88' lang='lat' dir='ltr'><strong>bantur</strong></span> <span class='ocrx_word' id='word_1_462' title='bbox 1099 4356 1217 4397; x_wconf 90' lang='lat' dir='ltr'><strong>eam</strong></span> <span class='ocrx_word' id='word_1_463' title='bbox 1251 4354 1440 4395; x_wconf 89' lang='lat' dir='ltr'><strong>omnes</strong></span> <span class='ocrx_word' id='word_1_464' title='bbox 1478 4338 1701 4393; x_wconf 90' lang='lat' dir='ltr'><strong>ordines</strong></span> <span class='ocrx_word' id='word_1_465' title='bbox 1746 4338 2040 4407; x_wconf 89' lang='lat' dir='ltr'><strong>spirituum</strong></span> <span class='ocrx_word' id='word_1_466' title='bbox 2091 4337 2293 4391; x_wconf 84' lang='lat' dir='ltr'><strong>laetitia</strong></span> <span class='ocrx_word' id='word_1_467' title='bbox 2330 4351 2421 4406; x_wconf 88' lang='lat' dir='ltr'><strong>ge-</strong></span> 
     </span>
    </p>
   </div>
   <div class='ocr_carea' id='block_1_63' title="bbox 853 4429 2422 4499">
    <p class='ocr_par' dir='ltr' id='par_1_63' title="bbox 853 4429 2422 4499">
     <span class='ocr_line' id='line_1_63' title="bbox 853 4429 2422 4499; baseline -0.007 -9"><span class='ocrx_word' id='word_1_468' title='bbox 853 4436 1096 4490; x_wconf 90' lang='lat' dir='ltr'><strong>stientes.</strong></span> <span class='ocrx_word' id='word_1_469' title='bbox 1124 4431 1233 4485; x_wconf 82' lang='lat' dir='ltr'><strong>Hoc</strong></span> <span class='ocrx_word' id='word_1_470' title='bbox 1254 4430 1398 4485; x_wconf 89' lang='lat' dir='ltr'><strong>enim</strong></span> <span class='ocrx_word' id='word_1_471' title='bbox 1426 4429 1705 4499; x_wconf 92' lang='lat' dir='ltr'><strong>proprium</strong></span> <span class='ocrx_word' id='word_1_472' title='bbox 1733 4437 1820 4483; x_wconf 88' lang='lat' dir='ltr'><strong>est</strong></span> <span class='ocrx_word' id='word_1_473' title='bbox 1846 4434 2166 4481; x_wconf 89' lang='lat' dir='ltr'><strong>sanctarum</strong></span> <span class='ocrx_word' id='word_1_474' title='bbox 2191 4434 2422 4496; x_wconf 89' lang='lat' dir='ltr'><strong>potesta-</strong></span> 
     </span>
    </p>
   </div>
   <div class='ocr_carea' id='block_1_64' title="bbox 2512 1950 4085 2035">
    <p class='ocr_par' dir='ltr' id='par_1_64' title="bbox 2512 1950 4085 2035">
     <span class='ocr_line' id='line_1_64' title="bbox 2512 1950 4085 2035; baseline -0.011 -17"><span class='ocrx_word' id='word_1_475' title='bbox 2512 1962 2867 2035; x_wconf 87' lang='grc' dir='ltr'>σαπριώμενα</span> <span class='ocrx_word' id='word_1_476' title='bbox 2896 1963 2974 2026; x_wconf 83' lang='grc'><strong>⁸⁹;</strong></span> <span class='ocrx_word' id='word_1_477' title='bbox 3008 1959 3217 2031; x_wconf 82' lang='grc' dir='ltr'>πρέπον</span> <span class='ocrx_word' id='word_1_478' title='bbox 3249 1957 3367 2010; x_wconf 74' lang='grc' dir='ltr'>ἐστὶ</span> <span class='ocrx_word' id='word_1_479' title='bbox 3396 1959 3460 2026; x_wconf 84' lang='grc' dir='ltr'>τῇ</span> <span class='ocrx_word' id='word_1_480' title='bbox 3496 1955 3641 2024; x_wconf 79' lang='grc' dir='ltr'>ψυχῇ</span> <span class='ocrx_word' id='word_1_481' title='bbox 3686 1950 3858 2021; x_wconf 85' lang='grc' dir='ltr'>ταύτῃ</span> <span class='ocrx_word' id='word_1_482' title='bbox 3902 1966 4085 2017; x_wconf 86' lang='grc' dir='ltr'>σωτη-</span> 
     </span>
    </p>
   </div>
   <div class='ocr_carea' id='block_1_65' title="bbox 2514 2043 4085 2128">
    <p class='ocr_par' dir='ltr' id='par_1_65' title="bbox 2514 2043 4085 2128">
     <span class='ocr_line' id='line_1_65' title="bbox 2514 2043 4085 2128; baseline -0.01 -23"><span class='ocrx_word' id='word_1_483' title='bbox 2514 2056 2634 2128; x_wconf 86' lang='grc' dir='ltr'>ρίας</span> <span class='ocrx_word' id='word_1_484' title='bbox 2659 2056 2841 2124; x_wconf 82' lang='grc' dir='ltr'>τυχεῖν</span> <span class='ocrx_word' id='word_1_485' title='bbox 2873 2054 2907 2123; x_wconf 82' lang='grc' dir='ltr'>ἦ</span> <span class='ocrx_word' id='word_1_486' title='bbox 2938 2051 2998 2105; x_wconf 84' lang='grc' dir='ltr'><strong>οῦ</strong></span> <span class='ocrx_word' id='word_1_487' title='bbox 3024 2068 3038 2117; x_wconf 89' lang='lat'><strong>;</strong></span> <span class='ocrx_word' id='word_1_488' title='bbox 3074 2053 3103 2103; x_wconf 91' lang='lat'><strong>6</strong></span> <span class='ocrx_word' id='word_1_489' title='bbox 3134 2050 3241 2121; x_wconf 80' lang='grc' dir='ltr'>γὰρ</span> <span class='ocrx_word' id='word_1_490' title='bbox 3272 2046 3647 2117; x_wconf 86' lang='grc' dir='ltr'>φιλάνθρωπος</span> <span class='ocrx_word' id='word_1_491' title='bbox 3677 2043 3863 2115; x_wconf 78' lang='grc' dir='ltr'>κύριος</span> <span class='ocrx_word' id='word_1_492' title='bbox 3899 2043 4085 2093; x_wconf 84' lang='grc' dir='ltr'>έκεῖνα</span> 
     </span>
    </p>
   </div>
   <div class='ocr_carea' id='block_1_66' title="bbox 2513 2131 4087 2219">
    <p class='ocr_par' dir='ltr' id='par_1_66' title="bbox 2513 2131 4087 2219">
     <span class='ocr_line' id='line_1_66' title="bbox 2513 2131 4087 2219; baseline -0.014 -16"><span class='ocrx_word' id='word_1_493' title='bbox 2513 2150 2687 2219; x_wconf 86' lang='grc' dir='ltr'>κρίνει</span> <span class='ocrx_word' id='word_1_494' title='bbox 2714 2148 2783 2210; x_wconf 76' lang='grc'><strong>⁷⁸,</strong></span> <span class='ocrx_word' id='word_1_495' title='bbox 2827 2146 2862 2199; x_wconf 79' lang='grc' dir='ltr'>ἃ</span> <span class='ocrx_word' id='word_1_496' title='bbox 2907 2145 2973 2197; x_wconf 90' lang='grc' dir='ltr'>δι’</span> <span class='ocrx_word' id='word_1_497' title='bbox 3002 2138 3403 2210; x_wconf 79' lang='grc' dir='ltr'>έξαγορεύσεως</span> <span class='ocrx_word' id='word_1_498' title='bbox 3459 2138 3539 2201; x_wconf 88' lang='grc' dir='ltr'><strong>είς</strong></span> <span class='ocrx_word' id='word_1_499' title='bbox 3594 2134 3711 2205; x_wconf 83' lang='grc' dir='ltr'>φῶς</span> <span class='ocrx_word' id='word_1_500' title='bbox 3760 2134 3858 2186; x_wconf 75' lang='grc' dir='ltr'><strong>οὐκ</strong></span> <span class='ocrx_word' id='word_1_501' title='bbox 3906 2131 4087 2184; x_wconf 79' lang='grc' dir='ltr'>έλθου-</span> 
     </span>
    </p>
   </div>
   <div class='ocr_carea' id='block_1_67' title="bbox 2516 2223 4082 2308">
    <p class='ocr_par' dir='ltr' id='par_1_67' title="bbox 2516 2223 4082 2308">
     <span class='ocr_line' id='line_1_67' title="bbox 2516 2223 4082 2308; baseline -0.011 -15"><span class='ocrx_word' id='word_1_502' title='bbox 2516 2257 2619 2293; x_wconf 89' lang='grc' dir='ltr'>σιν.</span> <span class='ocrx_word' id='word_1_503' title='bbox 2650 2240 2756 2291; x_wconf 79' lang='grc' dir='ltr'><strong>πᾶν</strong></span> <span class='ocrx_word' id='word_1_504' title='bbox 2784 2237 2891 2308; x_wconf 86' lang='grc' dir='ltr'><strong>γάρ</strong></span> <span class='ocrx_word' id='word_1_505' title='bbox 2914 2235 2974 2287; x_wconf 88' lang='grc' dir='ltr'><strong>τὸ</strong></span> <span class='ocrx_word' id='word_1_506' title='bbox 2999 2232 3398 2304; x_wconf 80' lang='grc' dir='ltr'>φανερούμενον</span> <span class='ocrx_word' id='word_1_507' title='bbox 3422 2229 3533 2299; x_wconf 84' lang='grc' dir='ltr'><strong>φῶς</strong></span> <span class='ocrx_word' id='word_1_508' title='bbox 3557 2229 3724 2280; x_wconf 76' lang='grc' dir='ltr'>ἐστιν·</span> <span class='ocrx_word' id='word_1_509' title='bbox 3751 2226 3929 2279; x_wconf 85' lang='grc' dir='ltr'>πάντα</span> <span class='ocrx_word' id='word_1_510' title='bbox 3948 2223 4082 2293; x_wconf 83' lang='grc' dir='ltr'>γὰρ,</span> 
     </span>
    </p>
   </div>
   <div class='ocr_carea' id='block_1_68' title="bbox 2513 2318 4085 2401">
    <p class='ocr_par' dir='ltr' id='par_1_68' title="bbox 2513 2318 4085 2401">
     <span class='ocr_line' id='line_1_68' title="bbox 2513 2318 4085 2401; baseline -0.012 -15"><span class='ocrx_word' id='word_1_511' title='bbox 2513 2335 2613 2386; x_wconf 85' lang='grc' dir='ltr'>ὅσα</span> <span class='ocrx_word' id='word_1_512' title='bbox 2639 2330 3121 2401; x_wconf 79' lang='grc' dir='ltr'>ὲξομολογήσονται</span> <span class='ocrx_word' id='word_1_513' title='bbox 3147 2328 3195 2379; x_wconf 90' lang='grc' dir='ltr'><strong>οί</strong></span> <span class='ocrx_word' id='word_1_514' title='bbox 3221 2322 3496 2393; x_wconf 82' lang='grc' dir='ltr'>ἄνθρωποι</span> <span class='ocrx_word' id='word_1_515' title='bbox 3531 2319 3619 2374; x_wconf 92' lang='grc' dir='ltr'><strong>διά</strong></span> <span class='ocrx_word' id='word_1_516' title='bbox 3665 2318 3853 2389; x_wconf 86' lang='grc' dir='ltr'>ίερέων</span> <span class='ocrx_word' id='word_1_517' title='bbox 3896 2318 3954 2370; x_wconf 73' lang='grc' dir='ltr'>ὲν</span> <span class='ocrx_word' id='word_1_518' title='bbox 3987 2333 4085 2368; x_wconf 86' lang='grc' dir='ltr'>τα-</span> 
     </span>
    </p>
   </div>
   <div class='ocr_carea' id='block_1_69' title="bbox 2516 2408 4086 2492">
    <p class='ocr_par' dir='ltr' id='par_1_69' title="bbox 2516 2408 4086 2492">
     <span class='ocr_line' id='line_1_69' title="bbox 2516 2408 4086 2492; baseline -0.013 -13"><span class='ocrx_word' id='word_1_519' title='bbox 2516 2424 2770 2479; x_wconf 87' lang='grc' dir='ltr'>πεινώσει</span> <span class='ocrx_word' id='word_1_520' title='bbox 2801 2422 2967 2492; x_wconf 79' lang='grc' dir='ltr'>πολλῇ</span> <span class='ocrx_word' id='word_1_521' title='bbox 3000 2419 3094 2474; x_wconf 76' lang='grc' dir='ltr'>καὶ</span> <span class='ocrx_word' id='word_1_522' title='bbox 3139 2414 3425 2485; x_wconf 83' lang='grc' dir='ltr'>στεναγμῷ</span> <span class='ocrx_word' id='word_1_523' title='bbox 3453 2412 3515 2477; x_wconf 75' lang='grc' dir='ltr'>ἐξ</span> <span class='ocrx_word' id='word_1_524' title='bbox 3552 2412 3679 2481; x_wconf 85' lang='grc' dir='ltr'>ὅλης</span> <span class='ocrx_word' id='word_1_525' title='bbox 3723 2409 3950 2479; x_wconf 83' lang='grc' dir='ltr'>καρδίας</span> <span class='ocrx_word' id='word_1_526' title='bbox 3978 2408 4086 2460; x_wconf 79' lang='grc' dir='ltr'><strong>αὑ-</strong></span> 
     </span>
    </p>
   </div>
   <div class='ocr_carea' id='block_1_70' title="bbox 2515 2501 4085 2578">
    <p class='ocr_par' dir='ltr' id='par_1_70' title="bbox 2515 2501 4085 2578">
     <span class='ocr_line' id='line_1_70' title="bbox 2515 2501 4085 2578; baseline -0.013 -7"><span class='ocrx_word' id='word_1_527' title='bbox 2515 2518 2624 2570; x_wconf 89' lang='grc' dir='ltr'><strong>τῶν</strong></span> <span class='ocrx_word' id='word_1_528' title='bbox 2646 2516 2739 2570; x_wconf 73' lang='grc' dir='ltr'>καὶ</span> <span class='ocrx_word' id='word_1_529' title='bbox 2767 2514 3064 2568; x_wconf 88' lang='grc' dir='ltr'>παύσονται</span> <span class='ocrx_word' id='word_1_530' title='bbox 3083 2510 3191 2563; x_wconf 89' lang='grc' dir='ltr'><strong>τῶν</strong></span> <span class='ocrx_word' id='word_1_531' title='bbox 3216 2506 3466 2578; x_wconf 90' lang='grc' dir='ltr'>πονηρῶν</span> <span class='ocrx_word' id='word_1_532' title='bbox 3487 2503 3759 2575; x_wconf 81' lang='grc' dir='ltr'>πράξεων,</span> <span class='ocrx_word' id='word_1_533' title='bbox 3781 2504 3811 2554; x_wconf 94' lang='lat'><strong>6</strong></span> <span class='ocrx_word' id='word_1_534' title='bbox 3833 2501 4085 2569; x_wconf 76' lang='grc' dir='ltr'>ἐλεήμων</span> 
     </span>
    </p>
   </div>
   <div class='ocr_carea' id='block_1_71' title="bbox 2517 2593 4087 2673">
    <p class='ocr_par' dir='ltr' id='par_1_71' title="bbox 2517 2593 4087 2673">
     <span class='ocr_line' id='line_1_71' title="bbox 2517 2593 4087 2673; baseline -0.013 -10"><span class='ocrx_word' id='word_1_535' title='bbox 2517 2610 2648 2671; x_wconf 85' lang='grc' dir='ltr'>Θεὸς</span> <span class='ocrx_word' id='word_1_536' title='bbox 2697 2609 2757 2662; x_wconf 85' lang='grc' dir='ltr'><strong>ού</strong></span> <span class='ocrx_word' id='word_1_537' title='bbox 2805 2604 3095 2673; x_wconf 74' lang='grc' dir='ltr'>λογίζεται.</span> <span class='ocrx_word' id='word_1_538' title='bbox 3143 2601 3242 2665; x_wconf 80' lang='grc' dir='ltr'><strong>τὰς</strong></span> <span class='ocrx_word' id='word_1_539' title='bbox 3290 2598 3561 2670; x_wconf 87' lang='grc' dir='ltr'>ἁμαρτίας</span> <span class='ocrx_word' id='word_1_540' title='bbox 3610 2594 3922 2666; x_wconf 82' lang='grc' dir='ltr'>κρύψαντας</span> <span class='ocrx_word' id='word_1_541' title='bbox 3944 2593 3987 2623; x_wconf 82' lang='grc'><strong>⁷⁸</strong></span> <span class='ocrx_word' id='word_1_542' title='bbox 4026 2593 4087 2644; x_wconf 82' lang='grc' dir='ltr'><strong>τὸ</strong></span> 
     </span>
    </p>
   </div>
   <div class='ocr_carea' id='block_1_72' title="bbox 2518 2686 4088 2764">
    <p class='ocr_par' dir='ltr' id='par_1_72' title="bbox 2518 2686 4088 2764">
     <span class='ocr_line' id='line_1_72' title="bbox 2518 2686 4088 2764; baseline -0.013 -9"><span class='ocrx_word' id='word_1_543' title='bbox 2518 2702 2693 2755; x_wconf 83' lang='grc' dir='ltr'>δοκεῖν</span> <span class='ocrx_word' id='word_1_544' title='bbox 2726 2698 2834 2752; x_wconf 91' lang='grc' dir='ltr'><strong>ἀπὸ</strong></span> <span class='ocrx_word' id='word_1_545' title='bbox 2863 2696 2997 2751; x_wconf 83' lang='grc' dir='ltr'>Θεοῦ</span> <span class='ocrx_word' id='word_1_546' title='bbox 3032 2696 3124 2749; x_wconf 74' lang='grc' dir='ltr'><strong>καὶ</strong></span> <span class='ocrx_word' id='word_1_547' title='bbox 3156 2693 3464 2764; x_wconf 88' lang='grc' dir='ltr'>ἀνθρώπου,</span> <span class='ocrx_word' id='word_1_548' title='bbox 3504 2690 3709 2751; x_wconf 86' lang='grc' dir='ltr'>πάντας</span> <span class='ocrx_word' id='word_1_549' title='bbox 3740 2686 3933 2748; x_wconf 72' lang='grc' dir='ltr'>αὐτοὺς</span> <span class='ocrx_word' id='word_1_550' title='bbox 3967 2686 4088 2755; x_wconf 83' lang='grc' dir='ltr'>κρί-</span> 
     </span>
    </p>
   </div>
   <div class='ocr_carea' id='block_1_73' title="bbox 2520 2779 4089 2857">
    <p class='ocr_par' dir='ltr' id='par_1_73' title="bbox 2520 2779 4089 2857">
     <span class='ocr_line' id='line_1_73' title="bbox 2520 2779 4089 2857; baseline -0.011 -10"><span class='ocrx_word' id='word_1_551' title='bbox 2520 2811 2599 2847; x_wconf 89' lang='grc' dir='ltr'><strong>νει</strong></span> <span class='ocrx_word' id='word_1_552' title='bbox 2623 2795 2669 2824; x_wconf 84' lang='grc'><strong>⁷⁸</strong></span> <span class='ocrx_word' id='word_1_553' title='bbox 2698 2794 2726 2844; x_wconf 92' lang='lat'><strong>6</strong></span> <span class='ocrx_word' id='word_1_554' title='bbox 2754 2790 2886 2853; x_wconf 87' lang='grc' dir='ltr'>Θεὸς</span> <span class='ocrx_word' id='word_1_555' title='bbox 2912 2789 3007 2843; x_wconf 76' lang='grc' dir='ltr'>καὶ</span> <span class='ocrx_word' id='word_1_556' title='bbox 3039 2788 3249 2857; x_wconf 72' lang='grc' dir='ltr'>ἐλέγχει</span> <span class='ocrx_word' id='word_1_557' title='bbox 3290 2785 3380 2837; x_wconf 80' lang='grc' dir='ltr'><strong>καὶ</strong></span> <span class='ocrx_word' id='word_1_558' title='bbox 3425 2783 3674 2845; x_wconf 77' lang='grc' dir='ltr'>ὀνειδίζει</span> <span class='ocrx_word' id='word_1_559' title='bbox 3722 2782 3815 2834; x_wconf 74' lang='grc' dir='ltr'><strong>καὶ</strong></span> <span class='ocrx_word' id='word_1_560' title='bbox 3842 2780 3922 2850; x_wconf 83' lang='grc' dir='ltr'>τῷ</span> <span class='ocrx_word' id='word_1_561' title='bbox 3950 2779 4089 2847; x_wconf 75' lang='grc' dir='ltr'>πυρὶ</span> 
     </span>
    </p>
   </div>
   <div class='ocr_carea' id='block_1_74' title="bbox 2520 2869 4087 2955">
    <p class='ocr_par' dir='ltr' id='par_1_74' title="bbox 2520 2869 4087 2955">
     <span class='ocr_line' id='line_1_74' title="bbox 2520 2869 4087 2955; baseline -0.013 -14"><span class='ocrx_word' id='word_1_562' title='bbox 2520 2886 2799 2955; x_wconf 79' lang='grc' dir='ltr'>δοκιμάζει</span> <span class='ocrx_word' id='word_1_563' title='bbox 2823 2886 2899 2946; x_wconf 85' lang='grc' dir='ltr'>εἰς</span> <span class='ocrx_word' id='word_1_564' title='bbox 2929 2880 3315 2947; x_wconf 84' lang='grc' dir='ltr'>ἀτελευτήτους</span> <span class='ocrx_word' id='word_1_565' title='bbox 3338 2875 3562 2937; x_wconf 75' lang='grc' dir='ltr'>αἰῶνας.</span> <span class='ocrx_word' id='word_1_566' title='bbox 3594 2872 3765 2926; x_wconf 86' lang='grc' dir='ltr'>ταῦτα</span> <span class='ocrx_word' id='word_1_567' title='bbox 3784 2873 3832 2923; x_wconf 89' lang='grc' dir='ltr'><strong>οί</strong></span> <span class='ocrx_word' id='word_1_568' title='bbox 3862 2869 4087 2937; x_wconf 81' lang='grc' dir='ltr'>ἄγγελοι</span> 
     </span>
    </p>
   </div>
   <div class='ocr_carea' id='block_1_75' title="bbox 2523 2962 4090 3042">
    <p class='ocr_par' dir='ltr' id='par_1_75' title="bbox 2523 2962 4090 3042">
     <span class='ocr_line' id='line_1_75' title="bbox 2523 2962 4090 3042; baseline -0.013 -11"><span class='ocrx_word' id='word_1_569' title='bbox 2523 2980 2765 3038; x_wconf 83' lang='grc' dir='ltr'>εἰπόντες</span> <span class='ocrx_word' id='word_1_570' title='bbox 2813 2974 3144 3042; x_wconf 87' lang='grc' dir='ltr'>κατίσχυσαν</span> <span class='ocrx_word' id='word_1_571' title='bbox 3177 2969 3223 3000; x_wconf 84' lang='grc'><strong>⁷³</strong></span> <span class='ocrx_word' id='word_1_572' title='bbox 3254 2967 3321 3019; x_wconf 86' lang='grc' dir='ltr'><strong>τά</strong></span> <span class='ocrx_word' id='word_1_573' title='bbox 3365 2966 3576 3035; x_wconf 74' lang='grc' dir='ltr'>πονηρὰ</span> <span class='ocrx_word' id='word_1_574' title='bbox 3624 2962 3941 3031; x_wconf 86' lang='grc' dir='ltr'>πνεύματα,</span> <span class='ocrx_word' id='word_1_575' title='bbox 3992 2962 4090 3013; x_wconf 75' lang='grc' dir='ltr'><strong>καὶ</strong></span> 
     </span>
    </p>
   </div>
   <div class='ocr_carea' id='block_1_76' title="bbox 2521 3050 4090 3132">
    <p class='ocr_par' dir='ltr' id='par_1_76' title="bbox 2521 3050 4090 3132">
     <span class='ocr_line' id='line_1_76' title="bbox 2521 3050 4090 3132; baseline -0.011 -14"><span class='ocrx_word' id='word_1_576' title='bbox 2521 3066 2693 3128; x_wconf 77' lang='grc' dir='ltr'>οὕτως</span> <span class='ocrx_word' id='word_1_577' title='bbox 2718 3064 3002 3132; x_wconf 84' lang='grc' dir='ltr'>διέστησαν</span> <span class='ocrx_word' id='word_1_578' title='bbox 3028 3059 3136 3114; x_wconf 90' lang='grc' dir='ltr'><strong>τῶν</strong></span> <span class='ocrx_word' id='word_1_579' title='bbox 3174 3058 3311 3121; x_wconf 72' lang='grc' dir='ltr'>ἐκεῖ,</span> <span class='ocrx_word' id='word_1_580' title='bbox 3340 3056 3436 3108; x_wconf 77' lang='grc' dir='ltr'><strong>καὶ</strong></span> <span class='ocrx_word' id='word_1_581' title='bbox 3469 3054 3720 3124; x_wconf 80' lang='grc' dir='ltr'>εἰσῆλθον</span> <span class='ocrx_word' id='word_1_582' title='bbox 3744 3053 3824 3114; x_wconf 86' lang='grc' dir='ltr'><strong>είς</strong></span> <span class='ocrx_word' id='word_1_583' title='bbox 3861 3050 3961 3119; x_wconf 84' lang='grc' dir='ltr'>τὴν</span> <span class='ocrx_word' id='word_1_584' title='bbox 3990 3050 4090 3101; x_wconf 85' lang='grc' dir='ltr'>πύ-</span> 
     </span>
    </p>
   </div>
   <div class='ocr_carea' id='block_1_77' title="bbox 2522 3140 4086 3226">
    <p class='ocr_par' dir='ltr' id='par_1_77' title="bbox 2522 3140 4086 3226">
     <span class='ocr_line' id='line_1_77' title="bbox 2522 3140 4086 3226; baseline -0.01 -18"><span class='ocrx_word' id='word_1_585' title='bbox 2522 3158 2619 3226; x_wconf 89' lang='grc' dir='ltr'><strong>λην</strong></span> <span class='ocrx_word' id='word_1_586' title='bbox 2663 3154 2757 3208; x_wconf 84' lang='grc' dir='ltr'><strong>τοῦ</strong></span> <span class='ocrx_word' id='word_1_587' title='bbox 2802 3150 3052 3223; x_wconf 87' lang='grc' dir='ltr'>οὐρανοῦ.</span> <span class='ocrx_word' id='word_1_588' title='bbox 3085 3144 3422 3217; x_wconf 78' lang='grc' dir='ltr'>ἐλευθερώθη</span> <span class='ocrx_word' id='word_1_589' title='bbox 3462 3144 3518 3196; x_wconf 85' lang='grc' dir='ltr'>δὲ</span> <span class='ocrx_word' id='word_1_590' title='bbox 3562 3146 3655 3197; x_wconf 53' lang='grc' dir='ltr'><strong>καὶ⁵</strong></span> <span class='ocrx_word' id='word_1_591' title='bbox 3687 3143 3823 3211; x_wconf 80' lang='grc' dir='ltr'>αῦτη</span> <span class='ocrx_word' id='word_1_592' title='bbox 3857 3143 3891 3211; x_wconf 82' lang='grc' dir='ltr'>ἠ</span> <span class='ocrx_word' id='word_1_593' title='bbox 3938 3140 4086 3209; x_wconf 79' lang='grc' dir='ltr'>ψυχὴ</span> 
     </span>
    </p>
   </div>
   <div class='ocr_carea' id='block_1_78' title="bbox 2521 3232 4087 3313">
    <p class='ocr_par' dir='ltr' id='par_1_78' title="bbox 2521 3232 4087 3313">
     <span class='ocr_line' id='line_1_78' title="bbox 2521 3232 4087 3313; baseline -0.012 -12"><span class='ocrx_word' id='word_1_594' title='bbox 2521 3246 2627 3301; x_wconf 80' lang='grc' dir='ltr'><strong>ἀπὸ</strong></span> <span class='ocrx_word' id='word_1_595' title='bbox 2651 3247 2758 3299; x_wconf 90' lang='grc' dir='ltr'><strong>τῶν</strong></span> <span class='ocrx_word' id='word_1_596' title='bbox 2792 3241 3042 3313; x_wconf 84' lang='grc' dir='ltr'>πονηρῶν</span> <span class='ocrx_word' id='word_1_597' title='bbox 3074 3238 3396 3308; x_wconf 85' lang='grc' dir='ltr'>πνευμάτων</span> <span class='ocrx_word' id='word_1_598' title='bbox 3424 3236 3523 3305; x_wconf 81' lang='grc' dir='ltr'>τῆς</span> <span class='ocrx_word' id='word_1_599' title='bbox 3552 3235 3843 3304; x_wconf 87' lang='grc' dir='ltr'>πονηρίας,</span> <span class='ocrx_word' id='word_1_600' title='bbox 3872 3233 3965 3285; x_wconf 77' lang='grc' dir='ltr'><strong>καὶ</strong></span> <span class='ocrx_word' id='word_1_601' title='bbox 3994 3232 4087 3283; x_wconf 80' lang='grc' dir='ltr'>εὑ-</span> 
     </span>
    </p>
   </div>
   <div class='ocr_carea' id='block_1_79' title="bbox 2526 3324 4091 3409">
    <p class='ocr_par' dir='ltr' id='par_1_79' title="bbox 2526 3324 4091 3409">
     <span class='ocr_line' id='line_1_79' title="bbox 2526 3324 4091 3409; baseline -0.01 -19"><span class='ocrx_word' id='word_1_602' title='bbox 2526 3338 2653 3409; x_wconf 80' lang='grc' dir='ltr'>ρέθη</span> <span class='ocrx_word' id='word_1_603' title='bbox 2691 3334 2965 3404; x_wconf 87' lang='grc' dir='ltr'>σωτηρίας</span> <span class='ocrx_word' id='word_1_604' title='bbox 2994 3331 3231 3401; x_wconf 78' lang='grc' dir='ltr'>τυχοῦσα</span> <span class='ocrx_word' id='word_1_605' title='bbox 3265 3329 3413 3397; x_wconf 86' lang='grc' dir='ltr'><strong>παρά</strong></span> <span class='ocrx_word' id='word_1_606' title='bbox 3443 3326 3577 3380; x_wconf 81' lang='grc' dir='ltr'>Θεοῦ</span> <span class='ocrx_word' id='word_1_607' title='bbox 3604 3325 3699 3378; x_wconf 90' lang='grc' dir='ltr'><strong>τοῦ</strong></span> <span class='ocrx_word' id='word_1_608' title='bbox 3736 3326 3999 3387; x_wconf 74' lang='grc' dir='ltr'>σώζοντος</span> <span class='ocrx_word' id='word_1_609' title='bbox 4028 3324 4091 3376; x_wconf 88' lang='grc' dir='ltr'><strong>τὸ</strong></span> 
     </span>
    </p>
   </div>
   <div class='ocr_carea' id='block_1_80' title="bbox 2522 3414 4090 3495">
    <p class='ocr_par' dir='ltr' id='par_1_80' title="bbox 2522 3414 4090 3495">
     <span class='ocr_line' id='line_1_80' title="bbox 2522 3414 4090 3495; baseline -0.011 -14"><span class='ocrx_word' id='word_1_610' title='bbox 2522 3427 2747 3495; x_wconf 84' lang='grc' dir='ltr'>πλάσμα</span> <span class='ocrx_word' id='word_1_611' title='bbox 2782 3422 2969 3478; x_wconf 86' lang='grc' dir='ltr'>αὑτοῦ.</span> <span class='ocrx_word' id='word_1_612' title='bbox 3002 3422 3096 3473; x_wconf 70' lang='grc' dir='ltr'><strong>καὶ</strong></span> <span class='ocrx_word' id='word_1_613' title='bbox 3131 3420 3237 3471; x_wconf 82' lang='grc' dir='ltr'>ἰδοὺ</span> <span class='ocrx_word' id='word_1_614' title='bbox 3268 3419 3314 3449; x_wconf 82' lang='grc'><strong>⁷⁸</strong></span> <span class='ocrx_word' id='word_1_615' title='bbox 3342 3417 3501 3469; x_wconf 86' lang='grc' dir='ltr'>πάλιν</span> <span class='ocrx_word' id='word_1_616' title='bbox 3535 3416 3694 3487; x_wconf 77' lang='grc' dir='ltr'>ἑτέρα</span> <span class='ocrx_word' id='word_1_617' title='bbox 3720 3415 3865 3485; x_wconf 67' lang='grc' dir='ltr'>ψυχὴ</span> <span class='ocrx_word' id='word_1_618' title='bbox 3898 3414 4090 3482; x_wconf 79' lang='grc' dir='ltr'>ἀνεφέ-</span> 
     </span>
    </p>
   </div>
   <div class='ocr_carea' id='block_1_81' title="bbox 2526 3506 4089 3588">
    <p class='ocr_par' dir='ltr' id='par_1_81' title="bbox 2526 3506 4089 3588">
     <span class='ocr_line' id='line_1_81' title="bbox 2526 3506 4089 3588; baseline -0.008 -17"><span class='ocrx_word' id='word_1_619' title='bbox 2526 3535 2665 3588; x_wconf 84' lang='grc' dir='ltr'>ρετο,</span> <span class='ocrx_word' id='word_1_620' title='bbox 2696 3518 2816 3586; x_wconf 77' lang='grc' dir='ltr'>ἥτις</span> <span class='ocrx_word' id='word_1_621' title='bbox 2844 3515 2888 3546; x_wconf 81' lang='grc'><strong>⁷⁸</strong></span> <span class='ocrx_word' id='word_1_622' title='bbox 2916 3510 2983 3583; x_wconf 84' lang='grc' dir='ltr'>ἦν</span> <span class='ocrx_word' id='word_1_623' title='bbox 3022 3512 3162 3564; x_wconf 86' lang='grc' dir='ltr'>πάνυ</span> <span class='ocrx_word' id='word_1_624' title='bbox 3203 3508 3435 3576; x_wconf 76' lang='grc' dir='ltr'>εὐλαϐὴς</span> <span class='ocrx_word' id='word_1_625' title='bbox 3465 3509 3556 3560; x_wconf 75' lang='grc' dir='ltr'><strong>καὶ</strong></span> <span class='ocrx_word' id='word_1_626' title='bbox 3594 3507 3900 3576; x_wconf 77' lang='grc' dir='ltr'>φοϐουμένη</span> <span class='ocrx_word' id='word_1_627' title='bbox 3923 3507 3969 3536; x_wconf 82' lang='grc'><strong>⁷⁸</strong></span> <span class='ocrx_word' id='word_1_628' title='bbox 3999 3506 4089 3559; x_wconf 85' lang='grc' dir='ltr'><strong>τὸν</strong></span> 
     </span>
    </p>
   </div>
   <div class='ocr_carea' id='block_1_82' title="bbox 2520 3598 4091 3677">
    <p class='ocr_par' dir='ltr' id='par_1_82' title="bbox 2520 3598 4091 3677">
     <span class='ocr_line' id='line_1_82' title="bbox 2520 3598 4091 3677; baseline -0.01 -15"><span class='ocrx_word' id='word_1_629' title='bbox 2520 3610 2673 3671; x_wconf 87' lang='grc' dir='ltr'>Θεόν,</span> <span class='ocrx_word' id='word_1_630' title='bbox 2697 3609 2795 3677; x_wconf 83' lang='grc' dir='ltr'>τὴν</span> <span class='ocrx_word' id='word_1_631' title='bbox 2823 3605 3187 3675; x_wconf 76' lang='grc' dir='ltr'>ἐλεημοσύνην</span> <span class='ocrx_word' id='word_1_632' title='bbox 3217 3602 3448 3672; x_wconf 88' lang='grc' dir='ltr'>ἰσχυρῶς</span> <span class='ocrx_word' id='word_1_633' title='bbox 3476 3601 3567 3652; x_wconf 75' lang='grc' dir='ltr'><strong>ἐπὶ</strong></span> <span class='ocrx_word' id='word_1_634' title='bbox 3599 3598 3740 3668; x_wconf 83' lang='grc' dir='ltr'>ζωῆς</span> <span class='ocrx_word' id='word_1_635' title='bbox 3772 3598 4091 3650; x_wconf 82' lang='grc' dir='ltr'>πολιτευσα-</span> 
     </span>
    </p>
   </div>
   <div class='ocr_carea' id='block_1_83' title="bbox 2525 3688 4086 3770">
    <p class='ocr_par' dir='ltr' id='par_1_83' title="bbox 2525 3688 4086 3770">
     <span class='ocr_line' id='line_1_83' title="bbox 2525 3688 4086 3770; baseline -0.01 -17"><span class='ocrx_word' id='word_1_636' title='bbox 2525 3702 2656 3770; x_wconf 89' lang='grc' dir='ltr'>μένη</span> <span class='ocrx_word' id='word_1_637' title='bbox 2682 3700 2749 3730; x_wconf 84' lang='grc'><strong>⁷⁷·</strong></span> <span class='ocrx_word' id='word_1_638' title='bbox 2781 3695 2894 3766; x_wconf 78' lang='grc' dir='ltr'>εἶχε</span> <span class='ocrx_word' id='word_1_639' title='bbox 2914 3697 2969 3749; x_wconf 84' lang='grc' dir='ltr'>δὲ</span> <span class='ocrx_word' id='word_1_640' title='bbox 2993 3695 3086 3748; x_wconf 66' lang='grc' dir='ltr'><strong>καὶ</strong></span> <span class='ocrx_word' id='word_1_641' title='bbox 3109 3695 3327 3763; x_wconf 80' lang='grc' dir='ltr'>ἀγάπην</span> <span class='ocrx_word' id='word_1_642' title='bbox 3354 3691 3491 3763; x_wconf 82' lang='grc' dir='ltr'>πρὸς</span> <span class='ocrx_word' id='word_1_643' title='bbox 3515 3691 3723 3752; x_wconf 77' lang='grc' dir='ltr'>πάντας</span> <span class='ocrx_word' id='word_1_644' title='bbox 3746 3688 4086 3757; x_wconf 74' lang='grc' dir='ltr'>ἀνθρώπους,</span> 
     </span>
    </p>
   </div>
   <div class='ocr_carea' id='block_1_84' title="bbox 2521 3777 4084 3857">
    <p class='ocr_par' dir='ltr' id='par_1_84' title="bbox 2521 3777 4084 3857">
     <span class='ocr_line' id='line_1_84' title="bbox 2521 3777 4084 3857; baseline -0.01 -15"><span class='ocrx_word' id='word_1_645' title='bbox 2521 3789 2742 3857; x_wconf 83' lang='grc' dir='ltr'>ἁγνείαν</span> <span class='ocrx_word' id='word_1_646' title='bbox 2780 3803 2837 3839; x_wconf 88' lang='grc' dir='ltr'><strong>τε</strong></span> <span class='ocrx_word' id='word_1_647' title='bbox 2872 3786 2967 3838; x_wconf 75' lang='grc' dir='ltr'>καὶ</span> <span class='ocrx_word' id='word_1_648' title='bbox 3006 3782 3326 3853; x_wconf 83' lang='grc' dir='ltr'>σεμνότητα.</span> <span class='ocrx_word' id='word_1_649' title='bbox 3384 3778 3738 3849; x_wconf 80' lang='grc' dir='ltr'>ὲνεϐρύκοντο</span> <span class='ocrx_word' id='word_1_650' title='bbox 3764 3778 3811 3808; x_wconf 78' lang='grc'><strong>⁷⁸</strong></span> <span class='ocrx_word' id='word_1_651' title='bbox 3850 3777 3907 3829; x_wconf 85' lang='grc' dir='ltr'>δὲ</span> <span class='ocrx_word' id='word_1_652' title='bbox 3951 3777 4084 3845; x_wconf 76' lang='grc' dir='ltr'>αὐτῇ</span> 
     </span>
    </p>
   </div>
   <div class='ocr_carea' id='block_1_85' title="bbox 2519 3869 4085 3949">
    <p class='ocr_par' dir='ltr' id='par_1_85' title="bbox 2519 3869 4085 3949">
     <span class='ocr_line' id='line_1_85' title="bbox 2519 3869 4085 3949; baseline -0.01 -15"><span class='ocrx_word' id='word_1_653' title='bbox 2519 3884 2569 3934; x_wconf 82' lang='grc' dir='ltr'><strong>οἱ</strong></span> <span class='ocrx_word' id='word_1_654' title='bbox 2601 3880 2853 3949; x_wconf 84' lang='grc' dir='ltr'>δαίμονες</span> <span class='ocrx_word' id='word_1_655' title='bbox 2887 3876 3163 3947; x_wconf 86' lang='grc' dir='ltr'>τρίζοντες</span> <span class='ocrx_word' id='word_1_656' title='bbox 3195 3874 3320 3935; x_wconf 78' lang='grc' dir='ltr'>τοὺς</span> <span class='ocrx_word' id='word_1_657' title='bbox 3351 3871 3570 3932; x_wconf 82' lang='grc' dir='ltr'>ὀδόντας</span> <span class='ocrx_word' id='word_1_658' title='bbox 3609 3869 3787 3923; x_wconf 86' lang='grc' dir='ltr'>αὐτῶν</span> <span class='ocrx_word' id='word_1_659' title='bbox 3828 3869 3952 3921; x_wconf 85' lang='grc' dir='ltr'>κατ’</span> <span class='ocrx_word' id='word_1_660' title='bbox 3986 3869 4085 3921; x_wconf 73' lang='lat' dir='ltr'><strong>a6-</strong></span> 
     </span>
    </p>
   </div>
   <div class='ocr_carea' id='block_1_86' title="bbox 2520 3958 4084 4040">
    <p class='ocr_par' dir='ltr' id='par_1_86' title="bbox 2520 3958 4084 4040">
     <span class='ocr_line' id='line_1_86' title="bbox 2520 3958 4084 4040; baseline -0.01 -16"><span class='ocrx_word' id='word_1_661' title='bbox 2520 3972 2638 4040; x_wconf 83' lang='grc' dir='ltr'>τῆς.</span> <span class='ocrx_word' id='word_1_662' title='bbox 2668 3972 2700 4040; x_wconf 78' lang='grc' dir='ltr'>ἡ</span> <span class='ocrx_word' id='word_1_663' title='bbox 2730 3969 2786 4022; x_wconf 87' lang='grc' dir='ltr'>δὲ</span> <span class='ocrx_word' id='word_1_664' title='bbox 2815 3966 2959 4037; x_wconf 77' lang='grc' dir='ltr'>ψυχὴ</span> <span class='ocrx_word' id='word_1_665' title='bbox 2984 3965 3210 4036; x_wconf 73' lang='grc' dir='ltr'>ἐτρεμεν</span> <span class='ocrx_word' id='word_1_666' title='bbox 3240 3961 3421 4033; x_wconf 87' lang='grc' dir='ltr'>ὁρῶσα</span> <span class='ocrx_word' id='word_1_667' title='bbox 3441 3961 3537 4030; x_wconf 85' lang='grc' dir='ltr'>τὴν</span> <span class='ocrx_word' id='word_1_668' title='bbox 3562 3959 3859 4030; x_wconf 84' lang='grc' dir='ltr'>ἀγριότητα</span> <span class='ocrx_word' id='word_1_669' title='bbox 3885 3958 4084 4019; x_wconf 70' lang='grc' dir='ltr'>αὐτῶν,</span> 
     </span>
    </p>
   </div>
   <div class='ocr_carea' id='block_1_87' title="bbox 2522 4046 4084 4119">
    <p class='ocr_par' dir='ltr' id='par_1_87' title="bbox 2522 4046 4084 4119">
     <span class='ocr_line' id='line_1_87' title="bbox 2522 4046 4084 4119; baseline -0.011 -4"><span class='ocrx_word' id='word_1_670' title='bbox 2522 4063 2613 4115; x_wconf 79' lang='grc' dir='ltr'><strong>καὶ</strong></span> <span class='ocrx_word' id='word_1_671' title='bbox 2656 4071 2988 4111; x_wconf 88' lang='grc' dir='ltr'>συνεστασαν</span> <span class='ocrx_word' id='word_1_672' title='bbox 3051 4056 3130 4116; x_wconf 88' lang='grc' dir='ltr'><strong>είς</strong></span> <span class='ocrx_word' id='word_1_673' title='bbox 3158 4052 3256 4115; x_wconf 83' lang='grc' dir='ltr'>τὰς</span> <span class='ocrx_word' id='word_1_674' title='bbox 3290 4050 3536 4119; x_wconf 84' lang='grc' dir='ltr'>ἀγκάλας</span> <span class='ocrx_word' id='word_1_675' title='bbox 3565 4049 3673 4101; x_wconf 92' lang='grc' dir='ltr'><strong>τῶν</strong></span> <span class='ocrx_word' id='word_1_676' title='bbox 3702 4046 3949 4114; x_wconf 85' lang='grc' dir='ltr'>ἀγγέλων</span> <span class='ocrx_word' id='word_1_677' title='bbox 3993 4046 4084 4098; x_wconf 86' lang='grc' dir='ltr'><strong>τοῦ</strong></span> 
     </span>
    </p>
   </div>
   <div class='ocr_carea' id='block_1_88' title="bbox 2521 4137 4086 4217">
    <p class='ocr_par' dir='ltr' id='par_1_88' title="bbox 2521 4137 4086 4217">
     <span class='ocr_line' id='line_1_88' title="bbox 2521 4137 4086 4217; baseline -0.012 -11"><span class='ocrx_word' id='word_1_678' title='bbox 2521 4151 2677 4206; x_wconf 87' lang='grc' dir='ltr'>Θεοῦ.</span> <span class='ocrx_word' id='word_1_679' title='bbox 2708 4153 2757 4203; x_wconf 78' lang='lat' dir='ltr'><strong>oi</strong></span> <span class='ocrx_word' id='word_1_680' title='bbox 2786 4150 2841 4201; x_wconf 78' lang='grc' dir='ltr'>δὲ</span> <span class='ocrx_word' id='word_1_681' title='bbox 2869 4149 3259 4217; x_wconf 86' lang='grc' dir='ltr'>κατερχόμενοι</span> <span class='ocrx_word' id='word_1_682' title='bbox 3292 4141 3512 4209; x_wconf 79' lang='grc' dir='ltr'>ἄγγελοι</span> <span class='ocrx_word' id='word_1_683' title='bbox 3541 4140 3632 4193; x_wconf 68' lang='grc' dir='ltr'><strong>ἐπὶ</strong></span> <span class='ocrx_word' id='word_1_684' title='bbox 3660 4139 3861 4208; x_wconf 80' lang='grc' dir='ltr'>ἑτέρων</span> <span class='ocrx_word' id='word_1_685' title='bbox 3901 4137 4086 4207; x_wconf 82' lang='grc' dir='ltr'>ψυχῶν</span> 
     </span>
    </p>
   </div>
   <div class='ocr_carea' id='block_1_89' title="bbox 2524 4228 4086 4304">
    <p class='ocr_par' dir='ltr' id='par_1_89' title="bbox 2524 4228 4086 4304">
     <span class='ocr_line' id='line_1_89' title="bbox 2524 4228 4086 4304; baseline -0.011 -8"><span class='ocrx_word' id='word_1_686' title='bbox 2524 4239 2967 4300; x_wconf 89' lang='grc' dir='ltr'>συναπαντῶντες</span> <span class='ocrx_word' id='word_1_687' title='bbox 3007 4235 3315 4304; x_wconf 77' lang='grc' dir='ltr'>ἠσπάζοντο</span> <span class='ocrx_word' id='word_1_688' title='bbox 3347 4233 3535 4302; x_wconf 86' lang='grc' dir='ltr'>αὑτήν.</span> <span class='ocrx_word' id='word_1_689' title='bbox 3573 4230 3789 4299; x_wconf 74' lang='grc' dir='ltr'>ἐγένετο</span> <span class='ocrx_word' id='word_1_690' title='bbox 3818 4228 3874 4280; x_wconf 83' lang='grc' dir='ltr'>δὲ</span> <span class='ocrx_word' id='word_1_691' title='bbox 3912 4231 3970 4282; x_wconf 84' lang='grc' dir='ltr'><strong>έν</strong></span> <span class='ocrx_word' id='word_1_692' title='bbox 4010 4228 4086 4296; x_wconf 81' lang='grc' dir='ltr'>τῷ</span> 
     </span>
    </p>
   </div>
   <div class='ocr_carea' id='block_1_90' title="bbox 2521 4319 4083 4396">
    <p class='ocr_par' dir='ltr' id='par_1_90' title="bbox 2521 4319 4083 4396">
     <span class='ocr_line' id='line_1_90' title="bbox 2521 4319 4083 4396; baseline -0.011 -9"><span class='ocrx_word' id='word_1_693' title='bbox 2521 4334 2777 4387; x_wconf 73' lang='grc' dir='ltr'>εἰσελθεῖν</span> <span class='ocrx_word' id='word_1_694' title='bbox 2821 4331 2945 4392; x_wconf 84' lang='grc' dir='ltr'>τοὺς</span> <span class='ocrx_word' id='word_1_695' title='bbox 2975 4327 3237 4396; x_wconf 78' lang='grc' dir='ltr'>ἀγγέλους</span> <span class='ocrx_word' id='word_1_696' title='bbox 3266 4326 3346 4387; x_wconf 88' lang='grc' dir='ltr'><strong>είς</strong></span> <span class='ocrx_word' id='word_1_697' title='bbox 3379 4324 3475 4395; x_wconf 83' lang='grc' dir='ltr'>τὴν</span> <span class='ocrx_word' id='word_1_698' title='bbox 3520 4322 3693 4391; x_wconf 87' lang='grc' dir='ltr'>πύλην</span> <span class='ocrx_word' id='word_1_699' title='bbox 3722 4319 3818 4374; x_wconf 88' lang='grc' dir='ltr'><strong>τοῦ</strong></span> <span class='ocrx_word' id='word_1_700' title='bbox 3854 4319 4083 4390; x_wconf 87' lang='grc' dir='ltr'>ούρανοῦ</span> 
     </span>
    </p>
   </div>
   <div class='ocr_carea' id='block_1_91' title="bbox 2522 4411 4086 4494">
    <p class='ocr_par' dir='ltr' id='par_1_91' title="bbox 2522 4411 4086 4494">
     <span class='ocr_line' id='line_1_91' title="bbox 2522 4411 4086 4494; baseline -0.012 -16"><span class='ocrx_word' id='word_1_701' title='bbox 2522 4424 2845 4494; x_wconf 89' lang='grc' dir='ltr'>κατέχοντας</span> <span class='ocrx_word' id='word_1_702' title='bbox 2874 4422 2919 4451; x_wconf 83' lang='grc'><strong>⁷⁸</strong></span> <span class='ocrx_word' id='word_1_703' title='bbox 2960 4418 3060 4490; x_wconf 86' lang='grc' dir='ltr'><strong>τὴν</strong></span> <span class='ocrx_word' id='word_1_704' title='bbox 3096 4417 3255 4484; x_wconf 89' lang='grc' dir='ltr'>ἁγίαν</span> <span class='ocrx_word' id='word_1_705' title='bbox 3293 4415 3507 4484; x_wconf 77' lang='grc' dir='ltr'>ἐκείνην</span> <span class='ocrx_word' id='word_1_706' title='bbox 3536 4412 3735 4482; x_wconf 82' lang='grc' dir='ltr'>ψυχήν,</span> <span class='ocrx_word' id='word_1_707' title='bbox 3768 4411 4086 4480; x_wconf 85' lang='grc' dir='ltr'>ἀπήντησαν</span> 
     </span>
    </p>
   </div>
   <div class='ocr_carea' id='block_1_92' title="bbox 853 4501 2541 4595">
    <p class='ocr_par' dir='ltr' id='par_1_92' title="bbox 853 4518 2541 4595">
     <span class='ocr_line' id='line_1_92' title="bbox 853 4518 2541 4595; baseline -0.008 -14"><span class='ocrx_word' id='word_1_708' title='bbox 853 4537 993 4593; x_wconf 88' lang='lat' dir='ltr'><strong>tum,</strong></span> <span class='ocrx_word' id='word_1_709' title='bbox 1022 4522 1167 4595; x_wconf 90' lang='lat' dir='ltr'><strong>quod</strong></span> <span class='ocrx_word' id='word_1_710' title='bbox 1190 4522 1457 4576; x_wconf 88' lang='lat' dir='ltr'><strong>laetantur</strong></span> <span class='ocrx_word' id='word_1_711' title='bbox 1482 4527 1537 4575; x_wconf 88' lang='lat' dir='ltr'><strong>et</strong></span> <span class='ocrx_word' id='word_1_712' title='bbox 1557 4519 1833 4575; x_wconf 82' lang='lat' dir='ltr'><strong>exsultant</strong></span> <span class='ocrx_word' id='word_1_713' title='bbox 1862 4518 1931 4574; x_wconf 93' lang='lat' dir='ltr'><strong>de</strong></span> <span class='ocrx_word' id='word_1_714' title='bbox 1955 4533 2282 4589; x_wconf 89' lang='lat' dir='ltr'><strong>unaquaque</strong></span> <span class='ocrx_word' id='word_1_715' title='bbox 2302 4520 2421 4571; x_wconf 86' lang='lat' dir='ltr'><strong>ani-</strong></span> <span class='ocrx_word' id='word_1_716' title='bbox 2450 4528 2495 4583; x_wconf 84' lang='grc' dir='ltr'>ι)</span> <span class='ocrx_word' id='word_1_717' title='bbox 2525 4534 2541 4567; x_wconf 73' lang='grc' dir='ltr'><strong>ιι</strong></span> 
     </span>
    </p>
   </div>
   <div class='ocr_carea' id='block_1_93' title="bbox 2398 4501 4086 4595">
    <p class='ocr_par' dir='ltr' id='par_1_93' title="bbox 2405 4501 4086 4583">
     <span class='ocr_line' id='line_1_93' title="bbox 2405 4501 4086 4583; baseline -0.01 -14"><span class='ocrx_word' id='word_1_718' title='bbox 2405 4546 2421 4559; x_wconf 79' lang='grc' dir='ltr'><strong>ο</strong></span> <span class='ocrx_word' id='word_1_719' title='bbox 2450 4528 2495 4583; x_wconf 83' lang='grc' dir='ltr'>ι)</span> <span class='ocrx_word' id='word_1_720' title='bbox 2525 4518 2695 4568; x_wconf 78' lang='grc' dir='ltr'>πᾶσαι</span> <span class='ocrx_word' id='word_1_721' title='bbox 2736 4514 2790 4565; x_wconf 90' lang='grc' dir='ltr'><strong>αί</strong></span> <span class='ocrx_word' id='word_1_722' title='bbox 2830 4510 3085 4580; x_wconf 89' lang='grc' dir='ltr'>δυνάμεις</span> <span class='ocrx_word' id='word_1_723' title='bbox 3124 4508 3232 4559; x_wconf 87' lang='grc' dir='ltr'><strong>τῶν</strong></span> <span class='ocrx_word' id='word_1_724' title='bbox 3265 4504 3529 4575; x_wconf 80' lang='grc' dir='ltr'>οὐρανῶν,</span> <span class='ocrx_word' id='word_1_725' title='bbox 3556 4504 3650 4556; x_wconf 60' lang='grc' dir='ltr'><strong>καὶ⁵</strong></span> <span class='ocrx_word' id='word_1_726' title='bbox 3681 4501 4086 4571; x_wconf 81' lang='grc' dir='ltr'>κατησπάζοντο</span> 
     </span>
    </p>
   </div>
   <div class='ocr_carea' id='block_1_94' title="bbox 854 4610 2416 4686">
    <p class='ocr_par' dir='ltr' id='par_1_94' title="bbox 854 4610 2416 4686">
     <span class='ocr_line' id='line_1_94' title="bbox 854 4610 2416 4686; baseline -0.004 -16"><span class='ocrx_word' id='word_1_727' title='bbox 854 4632 941 4670; x_wconf 90' lang='lat' dir='ltr'><strong>ma</strong></span> <span class='ocrx_word' id='word_1_728' title='bbox 982 4630 1121 4686; x_wconf 89' lang='lat' dir='ltr'><strong>quae</strong></span> <span class='ocrx_word' id='word_1_729' title='bbox 1150 4614 1409 4668; x_wconf 89' lang='lat' dir='ltr'><strong>salvatur.</strong></span> <span class='ocrx_word' id='word_1_730' title='bbox 1447 4611 1549 4666; x_wconf 78' lang='lat' dir='ltr'><strong>l‘bi</strong></span> <span class='ocrx_word' id='word_1_731' title='bbox 1600 4626 1729 4665; x_wconf 91' lang='lat' dir='ltr'><strong>vero</strong></span> <span class='ocrx_word' id='word_1_732' title='bbox 1777 4610 2119 4665; x_wconf 89' lang='lat' dir='ltr'><strong>advenerunt</strong></span> <span class='ocrx_word' id='word_1_733' title='bbox 2154 4610 2223 4663; x_wconf 91' lang='lat' dir='ltr'><strong>ad</strong></span> <span class='ocrx_word' id='word_1_734' title='bbox 2264 4610 2416 4664; x_wconf 81' lang='lat' dir='ltr'><strong>thro-</strong></span> 
     </span>
    </p>
   </div>
   <div class='ocr_carea' id='block_1_95' title="bbox 855 4701 2415 4771">
    <p class='ocr_par' dir='ltr' id='par_1_95' title="bbox 855 4701 2415 4771">
     <span class='ocr_line' id='line_1_95' title="bbox 855 4701 2415 4771; baseline -0.003 -11"><span class='ocrx_word' id='word_1_735' title='bbox 855 4723 984 4761; x_wconf 91' lang='lat' dir='ltr'><strong>nnm</strong></span> <span class='ocrx_word' id='word_1_736' title='bbox 1032 4707 1182 4759; x_wconf 88' lang='lat' dir='ltr'><strong>illum</strong></span> <span class='ocrx_word' id='word_1_737' title='bbox 1216 4704 1517 4757; x_wconf 88' lang='lat' dir='ltr'><strong>radiantem</strong></span> <span class='ocrx_word' id='word_1_738' title='bbox 1561 4702 1767 4771; x_wconf 87' lang='lat' dir='ltr'><strong>gloriae</strong></span> <span class='ocrx_word' id='word_1_739' title='bbox 1810 4701 1928 4763; x_wconf 91' lang='lat' dir='ltr'><strong>Dei,</strong></span> <span class='ocrx_word' id='word_1_740' title='bbox 1959 4709 2014 4755; x_wconf 90' lang='lat' dir='ltr'><strong>et</strong></span> <span class='ocrx_word' id='word_1_741' title='bbox 2039 4716 2161 4756; x_wconf 90' lang='lat' dir='ltr'><strong>eam</strong></span> <span class='ocrx_word' id='word_1_742' title='bbox 2200 4702 2415 4756; x_wconf 90' lang='lat' dir='ltr'><strong>beatam</strong></span> 
     </span>
    </p>
   </div>
   <div class='ocr_carea' id='block_1_96' title="bbox 852 4791 2415 4868">
    <p class='ocr_par' dir='ltr' id='par_1_96' title="bbox 852 4791 2415 4868">
     <span class='ocr_line' id='line_1_96' title="bbox 852 4791 2415 4868; baseline -0.004 -16"><span class='ocrx_word' id='word_1_743' title='bbox 852 4798 1241 4868; x_wconf 85' lang='lat' dir='ltr'><strong>praedicarunt</strong></span> <span class='ocrx_word' id='word_1_744' title='bbox 1264 4793 1406 4865; x_wconf 90' lang='lat' dir='ltr'><strong>apud</strong></span> <span class='ocrx_word' id='word_1_745' title='bbox 1429 4792 1643 4847; x_wconf 84' lang='lat' dir='ltr'><strong>Patrem</strong></span> <span class='ocrx_word' id='word_1_746' title='bbox 1675 4809 1858 4856; x_wconf 89' lang='lat' dir='ltr'><strong>suum,</strong></span> <span class='ocrx_word' id='word_1_747' title='bbox 1890 4802 1943 4847; x_wconf 91' lang='lat' dir='ltr'><strong>et</strong></span> <span class='ocrx_word' id='word_1_748' title='bbox 1976 4791 2146 4847; x_wconf 68' lang='lat' dir='ltr'><strong>eﬂusa</strong></span> <span class='ocrx_word' id='word_1_749' title='bbox 2175 4802 2258 4848; x_wconf 88' lang='lat' dir='ltr'><strong>est</strong></span> <span class='ocrx_word' id='word_1_750' title='bbox 2287 4808 2415 4864; x_wconf 89' lang='lat' dir='ltr'><strong>gra-</strong></span> 
     </span>
    </p>
   </div>
   <div class='ocr_carea' id='block_1_97' title="bbox 854 4888 2415 4957">
    <p class='ocr_par' dir='ltr' id='par_1_97' title="bbox 854 4888 2415 4957">
     <span class='ocr_line' id='line_1_97' title="bbox 854 4888 2415 4957; baseline -0.003 -11"><span class='ocrx_word' id='word_1_751' title='bbox 854 4896 927 4946; x_wconf 91' lang='lat' dir='ltr'><strong>tia</strong></span> <span class='ocrx_word' id='word_1_752' title='bbox 955 4892 1049 4945; x_wconf 91' lang='lat' dir='ltr'><strong>Dei</strong></span> <span class='ocrx_word' id='word_1_753' title='bbox 1088 4902 1138 4945; x_wconf 92' lang='lat' dir='ltr'><strong>et</strong></span> <span class='ocrx_word' id='word_1_754' title='bbox 1173 4890 1375 4951; x_wconf 87' lang='lat' dir='ltr'><strong>Patris,</strong></span> <span class='ocrx_word' id='word_1_755' title='bbox 1418 4896 1474 4943; x_wconf 89' lang='lat' dir='ltr'><strong>et</strong></span> <span class='ocrx_word' id='word_1_756' title='bbox 1504 4889 1621 4957; x_wconf 88' lang='lat' dir='ltr'><strong>ipsa</strong></span> <span class='ocrx_word' id='word_1_757' title='bbox 1669 4896 1781 4941; x_wconf 92' lang='lat' dir='ltr'><strong>tota</strong></span> <span class='ocrx_word' id='word_1_758' title='bbox 1823 4890 2027 4956; x_wconf 92' lang='lat' dir='ltr'><strong>repleta</strong></span> <span class='ocrx_word' id='word_1_759' title='bbox 2067 4895 2152 4942; x_wconf 87' lang='lat' dir='ltr'><strong>est</strong></span> <span class='ocrx_word' id='word_1_760' title='bbox 2188 4888 2415 4941; x_wconf 89' lang='lat' dir='ltr'><strong>immor-</strong></span> 
     </span>
    </p>
   </div>
   <div class='ocr_carea' id='block_1_98' title="bbox 854 4977 2417 5038">
    <p class='ocr_par' dir='ltr' id='par_1_98' title="bbox 854 4977 2417 5038">
     <span class='ocr_line' id='line_1_98' title="bbox 854 4977 2417 5038; baseline -0.004 0"><span class='ocrx_word' id='word_1_761' title='bbox 854 4985 947 5038; x_wconf 89' lang='lat' dir='ltr'><strong>tali</strong></span> <span class='ocrx_word' id='word_1_762' title='bbox 978 4983 1185 5036; x_wconf 87' lang='lat' dir='ltr'><strong>lumine</strong></span> <span class='ocrx_word' id='word_1_763' title='bbox 1216 4989 1271 5035; x_wconf 88' lang='lat' dir='ltr'><strong>et</strong></span> <span class='ocrx_word' id='word_1_764' title='bbox 1304 4977 1569 5035; x_wconf 76' lang='lat' dir='ltr'><strong>odOribus</strong></span> <span class='ocrx_word' id='word_1_765' title='bbox 1601 4988 1656 5034; x_wconf 91' lang='lat' dir='ltr'><strong>et</strong></span> <span class='ocrx_word' id='word_1_766' title='bbox 1691 4980 1981 5033; x_wconf 86' lang='lat' dir='ltr'><strong>suavitate.</strong></span> <span class='ocrx_word' id='word_1_767' title='bbox 2007 4979 2074 5032; x_wconf 82' lang='lat' dir='ltr'><strong>Et</strong></span> <span class='ocrx_word' id='word_1_768' title='bbox 2101 4978 2298 5033; x_wconf 91' lang='lat' dir='ltr'><strong>tradita</strong></span> <span class='ocrx_word' id='word_1_769' title='bbox 2330 4986 2417 5033; x_wconf 87' lang='lat' dir='ltr'><strong>est</strong></span> 
     </span>
    </p>
   </div>
   <div class='ocr_carea' id='block_1_99' title="bbox 856 5069 2413 5141">
    <p class='ocr_par' dir='ltr' id='par_1_99' title="bbox 856 5069 2413 5141">
     <span class='ocr_line' id='line_1_99' title="bbox 856 5069 2413 5141; baseline -0.004 -14"><span class='ocrx_word' id='word_1_770' title='bbox 856 5072 1104 5127; x_wconf 84' lang='lat' dir='ltr'><strong>Micbaéli</strong></span> <span class='ocrx_word' id='word_1_771' title='bbox 1137 5070 1367 5141; x_wconf 93' lang='lat' dir='ltr'><strong>principi</strong></span> <span class='ocrx_word' id='word_1_772' title='bbox 1417 5070 1750 5133; x_wconf 90' lang='lat' dir='ltr'><strong>testamenti,</strong></span> <span class='ocrx_word' id='word_1_773' title='bbox 1782 5070 1876 5139; x_wconf 90' lang='lat' dir='ltr'><strong>qui</strong></span> <span class='ocrx_word' id='word_1_774' title='bbox 1924 5069 2149 5122; x_wconf 89' lang='lat' dir='ltr'><strong>duceret</strong></span> <span class='ocrx_word' id='word_1_775' title='bbox 2196 5083 2316 5121; x_wconf 85' lang='lat' dir='ltr'><strong>eam</strong></span> <span class='ocrx_word' id='word_1_776' title='bbox 2360 5069 2413 5121; x_wconf 90' lang='lat' dir='ltr'><strong>in</strong></span> 
     </span>
    </p>
   </div>
   <div class='ocr_carea' id='block_1_100' title="bbox 854 5158 2417 5230">
    <p class='ocr_par' dir='ltr' id='par_1_100' title="bbox 854 5158 2417 5230">
     <span class='ocr_line' id='line_1_100' title="bbox 854 5158 2417 5230; baseline -0.005 -12"><span class='ocrx_word' id='word_1_777' title='bbox 854 5172 1131 5218; x_wconf 80' lang='lat' dir='ltr'><strong>aeternam</strong></span> <span class='ocrx_word' id='word_1_778' title='bbox 1172 5161 1435 5230; x_wconf 91' lang='lat' dir='ltr'><strong>requiem.</strong></span> <span class='ocrx_word' id='word_1_779' title='bbox 1470 5160 1533 5214; x_wconf 89' lang='lat' dir='ltr'><strong>Et</strong></span> <span class='ocrx_word' id='word_1_780' title='bbox 1566 5176 1693 5215; x_wconf 89' lang='lat' dir='ltr'><strong>ecce</strong></span> <span class='ocrx_word' id='word_1_781' title='bbox 1729 5161 1836 5213; x_wconf 91' lang='lat' dir='ltr'><strong>alia</strong></span> <span class='ocrx_word' id='word_1_782' title='bbox 1890 5161 2072 5213; x_wconf 90' lang='lat' dir='ltr'><strong>anima</strong></span> <span class='ocrx_word' id='word_1_783' title='bbox 2109 5158 2417 5213; x_wconf 91' lang='lat' dir='ltr'><strong>ducebatur</strong></span> 
     </span>
    </p>
   </div>
   <div class='ocr_carea' id='block_1_101' title="bbox 856 5250 2417 5321">
    <p class='ocr_par' dir='ltr' id='par_1_101' title="bbox 856 5250 2417 5321">
     <span class='ocr_line' id='line_1_101' title="bbox 856 5250 2417 5321; baseline -0.005 -13"><span class='ocrx_word' id='word_1_784' title='bbox 856 5270 884 5308; x_wconf 89' lang='lat' dir='ltr'><strong>a</strong></span> <span class='ocrx_word' id='word_1_785' title='bbox 908 5252 1263 5310; x_wconf 85' lang='lat' dir='ltr'><strong>daemonibus</strong></span> <span class='ocrx_word' id='word_1_786' title='bbox 1285 5266 1475 5321; x_wconf 90' lang='lat' dir='ltr'><strong>aspere</strong></span> <span class='ocrx_word' id='word_1_787' title='bbox 1499 5252 1565 5305; x_wconf 89' lang='lat' dir='ltr'><strong>ad</strong></span> <span class='ocrx_word' id='word_1_788' title='bbox 1598 5252 1823 5307; x_wconf 80' lang='lat' dir='ltr'><strong>inferos.</strong></span> <span class='ocrx_word' id='word_1_789' title='bbox 1856 5250 1983 5303; x_wconf 89' lang='lat' dir='ltr'><strong>Erat</strong></span> <span class='ocrx_word' id='word_1_790' title='bbox 2016 5257 2196 5303; x_wconf 87' lang='lat' dir='ltr'><strong>autem</strong></span> <span class='ocrx_word' id='word_1_791' title='bbox 2225 5264 2417 5315; x_wconf 83' lang='lat' dir='ltr'><strong>Opera-</strong></span> 
     </span>
    </p>
   </div>
   <div class='ocr_carea' id='block_1_102' title="bbox 2524 4587 4087 4675">
    <p class='ocr_par' dir='ltr' id='par_1_102' title="bbox 2524 4587 4087 4675">
     <span class='ocr_line' id='line_1_102' title="bbox 2524 4587 4087 4675; baseline -0.01 -16"><span class='ocrx_word' id='word_1_792' title='bbox 2524 4606 2689 4675; x_wconf 81' lang='grc' dir='ltr'>αύτὴν</span> <span class='ocrx_word' id='word_1_793' title='bbox 2722 4603 3003 4673; x_wconf 89' lang='grc' dir='ltr'>χαίροντες</span> <span class='ocrx_word' id='word_1_794' title='bbox 3040 4601 3133 4653; x_wconf 72' lang='grc' dir='ltr'><strong>καὶ</strong></span> <span class='ocrx_word' id='word_1_795' title='bbox 3164 4598 3441 4666; x_wconf 85' lang='grc' dir='ltr'>λέγοντες·</span> <span class='ocrx_word' id='word_1_796' title='bbox 3470 4596 3595 4662; x_wconf 82' lang='grc' dir='ltr'>δόξα</span> <span class='ocrx_word' id='word_1_797' title='bbox 3625 4612 3725 4656; x_wconf 89' lang='grc' dir='ltr'>σοι,</span> <span class='ocrx_word' id='word_1_798' title='bbox 3757 4587 3803 4646; x_wconf 78' lang='grc' dir='ltr'><strong>ὦ</strong></span> <span class='ocrx_word' id='word_1_799' title='bbox 3826 4592 3976 4656; x_wconf 84' lang='grc' dir='ltr'>Θεός,</span> <span class='ocrx_word' id='word_1_800' title='bbox 4005 4593 4087 4644; x_wconf 80' lang='grc' dir='ltr'>ὅτι</span> 
     </span>
    </p>
   </div>
   <div class='ocr_carea' id='block_1_103' title="bbox 2524 4685 4087 4767">
    <p class='ocr_par' dir='ltr' id='par_1_103' title="bbox 2524 4685 4087 4767">
     <span class='ocr_line' id='line_1_103' title="bbox 2524 4685 4087 4767; baseline -0.01 -15"><span class='ocrx_word' id='word_1_801' title='bbox 2524 4696 2799 4767; x_wconf 79' lang='grc' dir='ltr'>ἐλυτρώοη</span> <span class='ocrx_word' id='word_1_802' title='bbox 2828 4697 2863 4765; x_wconf 80' lang='grc' dir='ltr'>ἡ</span> <span class='ocrx_word' id='word_1_803' title='bbox 2886 4693 3029 4763; x_wconf 78' lang='grc' dir='ltr'>ψυχὴ</span> <span class='ocrx_word' id='word_1_804' title='bbox 3051 4692 3185 4761; x_wconf 82' lang='grc' dir='ltr'>αῦτη</span> <span class='ocrx_word' id='word_1_805' title='bbox 3212 4691 3318 4743; x_wconf 90' lang='grc' dir='ltr'><strong>ἀπὸ</strong></span> <span class='ocrx_word' id='word_1_806' title='bbox 3344 4689 3538 4759; x_wconf 87' lang='grc' dir='ltr'>βάθους</span> <span class='ocrx_word' id='word_1_807' title='bbox 3566 4688 3875 4741; x_wconf 87' lang='grc' dir='ltr'>κατωτάτου</span> <span class='ocrx_word' id='word_1_808' title='bbox 3903 4685 3996 4737; x_wconf 72' lang='grc' dir='ltr'><strong>καὶ</strong></span> <span class='ocrx_word' id='word_1_809' title='bbox 4024 4686 4087 4737; x_wconf 82' lang='grc' dir='ltr'>ὲκ</span> 
     </span>
    </p>
   </div>
   <div class='ocr_carea' id='block_1_104' title="bbox 2523 4777 4087 4857">
    <p class='ocr_par' dir='ltr' id='par_1_104' title="bbox 2523 4777 4087 4857">
     <span class='ocr_line' id='line_1_104' title="bbox 2523 4777 4087 4857; baseline -0.009 -14"><span class='ocrx_word' id='word_1_810' title='bbox 2523 4791 2617 4843; x_wconf 91' lang='grc' dir='ltr'><strong>τοῦ</strong></span> <span class='ocrx_word' id='word_1_811' title='bbox 2651 4787 2823 4842; x_wconf 88' lang='grc' dir='ltr'>δεινοῦ</span> <span class='ocrx_word' id='word_1_812' title='bbox 2856 4787 3144 4857; x_wconf 87' lang='grc' dir='ltr'>δράκοντος</span> <span class='ocrx_word' id='word_1_813' title='bbox 3163 4802 3178 4814; x_wconf 75' lang='grc' dir='ltr'><strong><em>ο</em></strong></span> <span class='ocrx_word' id='word_1_814' title='bbox 3216 4783 3334 4836; x_wconf 81' lang='grc' dir='ltr'>καθ’</span> <span class='ocrx_word' id='word_1_815' title='bbox 3366 4784 3488 4835; x_wconf 83' lang='grc' dir='ltr'>ὅσον</span> <span class='ocrx_word' id='word_1_816' title='bbox 3520 4780 3577 4833; x_wconf 82' lang='grc' dir='ltr'>δὲ</span> <span class='ocrx_word' id='word_1_817' title='bbox 3608 4778 3885 4833; x_wconf 80' lang='grc' dir='ltr'>ἀνέϐαινον</span> <span class='ocrx_word' id='word_1_818' title='bbox 3908 4777 3953 4808; x_wconf 84' lang='grc'><strong>⁸⁸</strong></span> <span class='ocrx_word' id='word_1_819' title='bbox 3995 4778 4087 4829; x_wconf 75' lang='grc' dir='ltr'><strong>ἐπὶ</strong></span> 
     </span>
    </p>
   </div>
   <div class='ocr_carea' id='block_1_105' title="bbox 2522 4870 4086 4945">
    <p class='ocr_par' dir='ltr' id='par_1_105' title="bbox 2522 4870 4086 4945">
     <span class='ocr_line' id='line_1_105' title="bbox 2522 4870 4086 4945; baseline -0.012 -7"><span class='ocrx_word' id='word_1_820' title='bbox 2522 4884 2591 4938; x_wconf 87' lang='grc' dir='ltr'>τὰ</span> <span class='ocrx_word' id='word_1_821' title='bbox 2616 4884 2747 4945; x_wconf 85' lang='grc' dir='ltr'>ἀνω,</span> <span class='ocrx_word' id='word_1_822' title='bbox 2776 4879 3025 4934; x_wconf 85' lang='grc' dir='ltr'>τοσοῦτον</span> <span class='ocrx_word' id='word_1_823' title='bbox 3050 4874 3558 4944; x_wconf 81' lang='grc' dir='ltr'>ὲπικατησπάζοντο</span> <span class='ocrx_word' id='word_1_824' title='bbox 3584 4872 3756 4941; x_wconf 82' lang='grc' dir='ltr'>αὐτὴν</span> <span class='ocrx_word' id='word_1_825' title='bbox 3786 4870 3963 4922; x_wconf 87' lang='grc' dir='ltr'>πάντα</span> <span class='ocrx_word' id='word_1_826' title='bbox 3993 4871 4086 4921; x_wconf 80' lang='grc' dir='ltr'>τά·</span> 
     </span>
    </p>
   </div>
   <div class='ocr_carea' id='block_1_106' title="bbox 2524 4959 4087 5044">
    <p class='ocr_par' dir='ltr' id='par_1_106' title="bbox 2524 4959 4087 5044">
     <span class='ocr_line' id='line_1_106' title="bbox 2524 4959 4087 5044; baseline -0.012 -16"><span class='ocrx_word' id='word_1_827' title='bbox 2524 4991 2709 5044; x_wconf 90' lang='grc' dir='ltr'>γματα</span> <span class='ocrx_word' id='word_1_828' title='bbox 2758 4972 2865 5027; x_wconf 86' lang='grc' dir='ltr'><strong>τῶν</strong></span> <span class='ocrx_word' id='word_1_829' title='bbox 2924 4968 3228 5038; x_wconf 86' lang='grc' dir='ltr'>ἀσωμάτων</span> <span class='ocrx_word' id='word_1_830' title='bbox 3288 4962 3701 5032; x_wconf 88' lang='grc' dir='ltr'>ἀγαλλιώμενα·</span> <span class='ocrx_word' id='word_1_831' title='bbox 3763 4960 3920 5012; x_wconf 88' lang='grc' dir='ltr'>τοῦτο</span> <span class='ocrx_word' id='word_1_832' title='bbox 3978 4959 4087 5028; x_wconf 85' lang='grc' dir='ltr'>γὰρ</span> 
     </span>
    </p>
   </div>
   <div class='ocr_carea' id='block_1_107' title="bbox 2524 5049 4085 5136">
    <p class='ocr_par' dir='ltr' id='par_1_107' title="bbox 2524 5049 4085 5136">
     <span class='ocr_line' id='line_1_107' title="bbox 2524 5049 4085 5136; baseline -0.012 -18"><span class='ocrx_word' id='word_1_833' title='bbox 2524 5067 2736 5136; x_wconf 72' lang='grc' dir='ltr'>ἔχουσιν</span> <span class='ocrx_word' id='word_1_834' title='bbox 2760 5064 2815 5115; x_wconf 85' lang='grc' dir='ltr'>αἱ</span> <span class='ocrx_word' id='word_1_835' title='bbox 2838 5059 2993 5129; x_wconf 81' lang='grc' dir='ltr'>ἀγιαι</span> <span class='ocrx_word' id='word_1_836' title='bbox 3016 5058 3292 5127; x_wconf 84' lang='grc' dir='ltr'>δυνάμεις,</span> <span class='ocrx_word' id='word_1_837' title='bbox 3316 5054 3378 5107; x_wconf 88' lang='grc' dir='ltr'><strong>τὸ</strong></span> <span class='ocrx_word' id='word_1_838' title='bbox 3399 5053 3609 5124; x_wconf 90' lang='grc' dir='ltr'>χαίρειν</span> <span class='ocrx_word' id='word_1_839' title='bbox 3638 5051 3733 5105; x_wconf 74' lang='grc' dir='ltr'>καὶ</span> <span class='ocrx_word' id='word_1_840' title='bbox 3758 5049 4085 5117; x_wconf 84' lang='grc' dir='ltr'>ἀγάλλεσθαι</span> 
     </span>
    </p>
   </div>
   <div class='ocr_carea' id='block_1_108' title="bbox 2522 5142 4085 5224">
    <p class='ocr_par' dir='ltr' id='par_1_108' title="bbox 2522 5142 4085 5224">
     <span class='ocr_line' id='line_1_108' title="bbox 2522 5142 4085 5224; baseline -0.012 -15"><span class='ocrx_word' id='word_1_841' title='bbox 2522 5156 2607 5224; x_wconf 71' lang='grc' dir='ltr'><strong>ἐφ’</strong></span> <span class='ocrx_word' id='word_1_842' title='bbox 2638 5155 2842 5222; x_wconf 80' lang='grc' dir='ltr'>ἑκάστῃ</span> <span class='ocrx_word' id='word_1_843' title='bbox 2869 5150 3016 5220; x_wconf 82' lang='grc' dir='ltr'>ψυχῇ</span> <span class='ocrx_word' id='word_1_844' title='bbox 3049 5147 3350 5219; x_wconf 81' lang='grc' dir='ltr'>σωζομένῃ.</span> <span class='ocrx_word' id='word_1_845' title='bbox 3392 5147 3479 5198; x_wconf 84' lang='grc' dir='ltr'><strong>ὅτε</strong></span> <span class='ocrx_word' id='word_1_846' title='bbox 3516 5144 3571 5197; x_wconf 80' lang='grc' dir='ltr'>δὲ</span> <span class='ocrx_word' id='word_1_847' title='bbox 3609 5142 3849 5211; x_wconf 71' lang='grc' dir='ltr'>ἔφθασαν</span> <span class='ocrx_word' id='word_1_848' title='bbox 3878 5142 3958 5202; x_wconf 86' lang='grc' dir='ltr'><strong>είς</strong></span> <span class='ocrx_word' id='word_1_849' title='bbox 3995 5142 4085 5191; x_wconf 86' lang='grc' dir='ltr'><strong>τὸν</strong></span> 
     </span>
    </p>
   </div>
   <div class='ocr_carea' id='block_1_109' title="bbox 2524 5230 4086 5317">
    <p class='ocr_par' dir='ltr' id='par_1_109' title="bbox 2524 5230 4086 5317">
     <span class='ocr_line' id='line_1_109' title="bbox 2524 5230 4086 5317; baseline -0.012 -18"><span class='ocrx_word' id='word_1_850' title='bbox 2524 5244 2710 5317; x_wconf 86' lang='grc' dir='ltr'>θρόνον</span> <span class='ocrx_word' id='word_1_851' title='bbox 2731 5245 2937 5295; x_wconf 79' lang='grc' dir='ltr'>ἐκεῖνον</span> <span class='ocrx_word' id='word_1_852' title='bbox 2959 5240 3051 5293; x_wconf 87' lang='grc' dir='ltr'><strong>τὸν</strong></span> <span class='ocrx_word' id='word_1_853' title='bbox 3070 5240 3325 5308; x_wconf 88' lang='grc' dir='ltr'>ἀστραῖον</span> <span class='ocrx_word' id='word_1_854' title='bbox 3344 5237 3385 5268; x_wconf 72' lang='grc'><strong>⁸⁸</strong></span> <span class='ocrx_word' id='word_1_855' title='bbox 3411 5236 3509 5305; x_wconf 83' lang='grc' dir='ltr'>τῆς</span> <span class='ocrx_word' id='word_1_856' title='bbox 3526 5233 3681 5304; x_wconf 75' lang='grc' dir='ltr'>δόξης</span> <span class='ocrx_word' id='word_1_857' title='bbox 3701 5231 3795 5285; x_wconf 87' lang='grc' dir='ltr'><strong>τοῦ</strong></span> <span class='ocrx_word' id='word_1_858' title='bbox 3819 5230 3976 5293; x_wconf 86' lang='grc' dir='ltr'>Θεοῦ,</span> <span class='ocrx_word' id='word_1_859' title='bbox 3994 5230 4086 5282; x_wconf 76' lang='grc' dir='ltr'>καὶ</span> 
     </span>
    </p>
   </div>
   <div class='ocr_carea' id='block_1_110' title="bbox 2146 5350 2835 5411">
    <p class='ocr_par' dir='ltr' id='par_1_110' title="bbox 2146 5350 2835 5411">
     <span class='ocr_line' id='line_1_110' title="bbox 2146 5350 2835 5411; baseline -0.009 -1"><span class='ocrx_word' id='word_1_860' title='bbox 2146 5355 2401 5411; x_wconf 81' lang='lat' dir='ltr'><strong>VARIAE</strong></span> <span class='ocrx_word' id='word_1_861' title='bbox 2433 5350 2835 5411; x_wconf 71' lang='lat' dir='ltr'><strong>LECTIONES.</strong></span> 
     </span>
    </p>
   </div>
   <div class='ocr_carea' id='block_1_111' title="bbox 927 5474 1470 5540">
    <p class='ocr_par' dir='ltr' id='par_1_111' title="bbox 927 5474 1470 5540">
     <span class='ocr_line' id='line_1_111' title="bbox 927 5474 1470 5540; baseline -0.007 -8"><span class='ocrx_word' id='word_1_862' title='bbox 927 5479 973 5509; x_wconf 80' lang='grc'><strong>⁸⁸</strong></span> <span class='ocrx_word' id='word_1_863' title='bbox 1008 5475 1189 5540; x_wconf 73' lang='lat' dir='ltr'><strong>coni.,</strong></span> <span class='ocrx_word' id='word_1_864' title='bbox 1228 5475 1351 5530; x_wconf 86' lang='lat' dir='ltr'><strong>cod.</strong></span> <span class='ocrx_word' id='word_1_865' title='bbox 1401 5474 1470 5538; x_wconf 84' lang='grc' dir='ltr'>ίς.</span> 
     </span>
    </p>
   </div>
   <div class='ocr_carea' id='block_1_112' title="bbox 856 5542 2213 5612">
    <p class='ocr_par' dir='ltr' id='par_1_112' title="bbox 856 5542 2213 5612">
     <span class='ocr_line' id='line_1_112' title="bbox 856 5542 2213 5612; baseline -0.007 -10"><span class='ocrx_word' id='word_1_866' title='bbox 856 5550 901 5581; x_wconf 83' lang='grc'><strong>⁸⁷</strong></span> <span class='ocrx_word' id='word_1_867' title='bbox 946 5548 1126 5607; x_wconf 85' lang='lat' dir='ltr'><strong>Corr.,</strong></span> <span class='ocrx_word' id='word_1_868' title='bbox 1158 5544 1282 5598; x_wconf 92' lang='lat' dir='ltr'><strong>cod.</strong></span> <span class='ocrx_word' id='word_1_869' title='bbox 1318 5545 1495 5612; x_wconf 76' lang='grc' dir='ltr'>ἡμᾶς.</span> <span class='ocrx_word' id='word_1_870' title='bbox 1572 5545 1617 5574; x_wconf 89' lang='grc'><strong>⁸⁸</strong></span> <span class='ocrx_word' id='word_1_871' title='bbox 1655 5547 1838 5609; x_wconf 88' lang='lat' dir='ltr'><strong>Corr.,</strong></span> <span class='ocrx_word' id='word_1_872' title='bbox 1874 5544 1995 5597; x_wconf 84' lang='lat' dir='ltr'><strong>cod.</strong></span> <span class='ocrx_word' id='word_1_873' title='bbox 2026 5542 2213 5610; x_wconf 83' lang='grc' dir='ltr'>ὑμεῖς.</span> 
     </span>
    </p>
   </div>
   <div class='ocr_carea' id='block_1_113' title="bbox 856 5612 2342 5683">
    <p class='ocr_par' dir='ltr' id='par_1_113' title="bbox 856 5612 2342 5683">
     <span class='ocr_line' id='line_1_113' title="bbox 856 5612 2342 5683; baseline -0.004 -13"><span class='ocrx_word' id='word_1_874' title='bbox 856 5616 979 5671; x_wconf 79' lang='lat' dir='ltr'><strong>cod.</strong></span> <span class='ocrx_word' id='word_1_875' title='bbox 1017 5617 1242 5683; x_wconf 71' lang='grc' dir='ltr'>κρείντι.</span> <span class='ocrx_word' id='word_1_876' title='bbox 1329 5616 1373 5644; x_wconf 66' lang='grc'><strong>⁷⁸</strong></span> <span class='ocrx_word' id='word_1_877' title='bbox 1409 5614 1487 5667; x_wconf 85' lang='lat' dir='ltr'><strong>Ex</strong></span> <span class='ocrx_word' id='word_1_878' title='bbox 1515 5615 1690 5672; x_wconf 75' lang='lat' dir='ltr'><strong>coni.,</strong></span> <span class='ocrx_word' id='word_1_879' title='bbox 1720 5614 1843 5667; x_wconf 89' lang='lat' dir='ltr'><strong>cod.</strong></span> <span class='ocrx_word' id='word_1_880' title='bbox 1872 5614 2108 5680; x_wconf 74' lang='grc' dir='ltr'>κρύψας</span> <span class='ocrx_word' id='word_1_881' title='bbox 2136 5612 2342 5683; x_wconf 76' lang='grc' dir='ltr'>αὐτάς.</span> 
     </span>
    </p>
   </div>
   <div class='ocr_carea' id='block_1_114' title="bbox 855 5682 2427 5746">
    <p class='ocr_par' dir='ltr' id='par_1_114' title="bbox 855 5682 2427 5746">
     <span class='ocr_line' id='line_1_114' title="bbox 855 5682 2427 5746; baseline -0.003 -7"><span class='ocrx_word' id='word_1_882' title='bbox 855 5702 996 5739; x_wconf 78' lang='grc' dir='ltr'>σαν.</span> <span class='ocrx_word' id='word_1_883' title='bbox 1098 5685 1145 5714; x_wconf 77' lang='grc'><strong>’⁸</strong></span> <span class='ocrx_word' id='word_1_884' title='bbox 1198 5683 1332 5738; x_wconf 80' lang='lat' dir='ltr'><strong>Cod.</strong></span> <span class='ocrx_word' id='word_1_885' title='bbox 1369 5683 1521 5741; x_wconf 78' lang='grc' dir='ltr'><strong>ῑόον.</strong></span> <span class='ocrx_word' id='word_1_886' title='bbox 1625 5686 1669 5715; x_wconf 83' lang='grc'><strong>⁷⁵</strong></span> <span class='ocrx_word' id='word_1_887' title='bbox 1710 5683 1786 5736; x_wconf 83' lang='lat' dir='ltr'><strong>Ex</strong></span> <span class='ocrx_word' id='word_1_888' title='bbox 1822 5684 2004 5744; x_wconf 92' lang='lat' dir='ltr'><strong>coni.,</strong></span> <span class='ocrx_word' id='word_1_889' title='bbox 2054 5682 2177 5736; x_wconf 87' lang='lat' dir='ltr'><strong>cod.</strong></span> <span class='ocrx_word' id='word_1_890' title='bbox 2219 5682 2275 5733; x_wconf 80' lang='grc' dir='ltr'>ετ</span> <span class='ocrx_word' id='word_1_891' title='bbox 2318 5699 2427 5746; x_wconf 77' lang='grc' dir='ltr'>τις.</span> 
     </span>
    </p>
   </div>
   <div class='ocr_carea' id='block_1_115' title="bbox 856 5750 2512 5821">
    <p class='ocr_par' dir='ltr' id='par_1_115' title="bbox 856 5750 2512 5821">
     <span class='ocr_line' id='line_1_115' title="bbox 856 5750 2512 5821; baseline -0.003 -13"><span class='ocrx_word' id='word_1_892' title='bbox 856 5757 901 5787; x_wconf 79' lang='grc'><strong>⁷⁸</strong></span> <span class='ocrx_word' id='word_1_893' title='bbox 975 5754 1107 5808; x_wconf 83' lang='lat' dir='ltr'><strong>Cod.</strong></span> <span class='ocrx_word' id='word_1_894' title='bbox 1146 5753 1592 5820; x_wconf 71' lang='grc' dir='ltr'>ἐνεϐρυκοῦντο.</span> <span class='ocrx_word' id='word_1_895' title='bbox 1668 5754 1712 5783; x_wconf 78' lang='grc'><strong>’⁸</strong></span> <span class='ocrx_word' id='word_1_896' title='bbox 1747 5754 1931 5815; x_wconf 84' lang='lat' dir='ltr'><strong>Corr.,</strong></span> <span class='ocrx_word' id='word_1_897' title='bbox 1978 5752 2099 5806; x_wconf 91' lang='lat' dir='ltr'><strong>cod.</strong></span> <span class='ocrx_word' id='word_1_898' title='bbox 2137 5750 2512 5821; x_wconf 80' lang='grc' dir='ltr'>κατέχοντες.</span> 
     </span>
    </p>
   </div>
   <div class='ocr_carea' id='block_1_116' title="bbox 854 5822 1834 5894">
    <p class='ocr_par' dir='ltr' id='par_1_116' title="bbox 854 5822 1834 5894">
     <span class='ocr_line' id='line_1_116' title="bbox 854 5822 1834 5894; baseline -0.004 -15"><span class='ocrx_word' id='word_1_899' title='bbox 854 5827 958 5879; x_wconf 64' lang='lat' dir='ltr'><strong>duo:</strong></span> <span class='ocrx_word' id='word_1_900' title='bbox 996 5834 1205 5879; x_wconf 88' lang='lat' dir='ltr'><strong>tantum</strong></span> <span class='ocrx_word' id='word_1_901' title='bbox 1228 5831 1377 5877; x_wconf 85' lang='lat' dir='ltr'><strong>certo</strong></span> <span class='ocrx_word' id='word_1_902' title='bbox 1414 5822 1834 5894; x_wconf 81' lang='lat' dir='ltr'><strong>dignoscuntur.</strong></span> 
     </span>
    </p>
   </div>
   <div class='ocr_carea' id='block_1_117' title="bbox 1572 5472 2670 5541">
    <p class='ocr_par' dir='ltr' id='par_1_117' title="bbox 1572 5472 2670 5541">
     <span class='ocr_line' id='line_1_117' title="bbox 1572 5472 2670 5541; baseline -0.005 -14"><span class='ocrx_word' id='word_1_903' title='bbox 1572 5476 1617 5505; x_wconf 83' lang='lat'><strong>“</strong></span> <span class='ocrx_word' id='word_1_904' title='bbox 1654 5473 1731 5529; x_wconf 87' lang='lat' dir='ltr'><strong>Ex</strong></span> <span class='ocrx_word' id='word_1_905' title='bbox 1776 5474 1944 5537; x_wconf 91' lang='lat' dir='ltr'><strong>coni.,</strong></span> <span class='ocrx_word' id='word_1_906' title='bbox 1994 5474 2119 5527; x_wconf 85' lang='lat' dir='ltr'><strong>cod.</strong></span> <span class='ocrx_word' id='word_1_907' title='bbox 2170 5472 2670 5541; x_wconf 74' lang='grc' dir='ltr'>ἑνδριμισόμενοι.</span> 
     </span>
    </p>
   </div>
   <div class='ocr_carea' id='block_1_118' title="bbox 2310 5530 3695 5601">
    <p class='ocr_par' dir='ltr' id='par_1_118' title="bbox 2310 5530 3695 5601">
     <span class='ocr_line' id='line_1_118' title="bbox 2310 5530 3695 5601; baseline -0.013 -5"><span class='ocrx_word' id='word_1_908' title='bbox 2310 5530 2353 5573; x_wconf 69' lang='grc'><strong>⁸⁸</strong></span> <span class='ocrx_word' id='word_1_909' title='bbox 2393 5530 2676 5601; x_wconf 76' lang='grc' dir='ltr'>Ειιέοιιὶ.,</span> <span class='ocrx_word' id='word_1_910' title='bbox 2708 5540 2760 5591; x_wconf 92' lang='lat' dir='ltr'><strong>in</strong></span> <span class='ocrx_word' id='word_1_911' title='bbox 2787 5537 2979 5590; x_wconf 91' lang='lat' dir='ltr'><strong>codice</strong></span> <span class='ocrx_word' id='word_1_912' title='bbox 3019 5551 3121 5587; x_wconf 77' lang='lat' dir='ltr'><strong>vox</strong></span> <span class='ocrx_word' id='word_1_913' title='bbox 3162 5534 3303 5587; x_wconf 90' lang='lat' dir='ltr'><strong>lectu</strong></span> <span class='ocrx_word' id='word_1_914' title='bbox 3332 5530 3569 5586; x_wconf 82' lang='lat' dir='ltr'><strong>diﬂicilis</strong></span> <span class='ocrx_word' id='word_1_915' title='bbox 3594 5536 3695 5583; x_wconf 90' lang='lat' dir='ltr'><strong>est.</strong></span> 
     </span>
    </p>
   </div>
   <div class='ocr_carea' id='block_1_119' title="bbox 2436 5606 3124 5671">
    <p class='ocr_par' dir='ltr' id='par_1_119' title="bbox 2436 5606 3124 5671">
     <span class='ocr_line' id='line_1_119' title="bbox 2436 5606 3124 5671; baseline -0.01 -7"><span class='ocrx_word' id='word_1_916' title='bbox 2436 5612 2481 5641; x_wconf 78' lang='grc'><strong>’⁷⁸</strong></span> <span class='ocrx_word' id='word_1_917' title='bbox 2513 5612 2692 5668; x_wconf 84' lang='lat' dir='ltr'><strong>Corr..</strong></span> <span class='ocrx_word' id='word_1_918' title='bbox 2731 5608 2853 5661; x_wconf 86' lang='lat' dir='ltr'><strong>cod.</strong></span> <span class='ocrx_word' id='word_1_919' title='bbox 2889 5606 3124 5671; x_wconf 81' lang='grc' dir='ltr'>κρείνει.</span> 
     </span>
    </p>
   </div>
   <div class='ocr_carea' id='block_1_120' title="bbox 2780 5464 3126 5519">
    <p class='ocr_par' dir='ltr' id='par_1_120' title="bbox 2780 5464 3126 5519">
     <span class='ocr_line' id='line_1_120' title="bbox 2780 5464 3126 5519; baseline -0.006 1"><span class='ocrx_word' id='word_1_920' title='bbox 2780 5470 2823 5500; x_wconf 81' lang='grc'><strong>⁸⁵</strong></span> <span class='ocrx_word' id='word_1_921' title='bbox 2866 5465 2960 5519; x_wconf 90' lang='lat' dir='ltr'><strong>Si&#39;c</strong></span> <span class='ocrx_word' id='word_1_922' title='bbox 3006 5464 3126 5519; x_wconf 88' lang='lat' dir='ltr'><strong>cod.</strong></span> 
     </span>
    </p>
   </div>
   <div class='ocr_carea' id='block_1_121' title="bbox 3217 5565 4081 5661">
    <p class='ocr_par' dir='ltr' id='par_1_121' title="bbox 3217 5565 4081 5661">
     <span class='ocr_line' id='line_1_121' title="bbox 3217 5565 4079 5587; baseline -0.01 -3"><span class='ocrx_word' id='word_1_923' title='bbox 3217 5565 3303 5585; x_wconf 72' lang='grc' dir='ltr'><strong>ω..</strong></span> <span class='ocrx_word' id='word_1_924' title='bbox 3332 5565 3569 5586; x_wconf 50' lang='lat' dir='ltr'><strong>unum.”</strong></span> <span class='ocrx_word' id='word_1_925' title='bbox 3594 5565 3695 5583; x_wconf 63' lang='grc' dir='ltr'><strong>νο..</strong></span> <span class='ocrx_word' id='word_1_926' title='bbox 3895 5565 3991 5577; x_wconf 69' lang='grc' dir='ltr'><strong>νυ.</strong></span> <span class='ocrx_word' id='word_1_927' title='bbox 4009 5565 4022 5577; x_wconf 96' lang='grc'>.</span> <span class='ocrx_word' id='word_1_928' title='bbox 4040 5565 4079 5587; x_wconf 92' lang='grc'>.,</span> 
     </span>
     <span class='ocr_line' id='line_1_122' title="bbox 3217 5592 4081 5661; baseline -0.014 -5"><span class='ocrx_word' id='word_1_929' title='bbox 3217 5603 3262 5633; x_wconf 77' lang='grc'><strong>’³</strong></span> <span class='ocrx_word' id='word_1_930' title='bbox 3304 5604 3377 5655; x_wconf 85' lang='lat' dir='ltr'><strong>Ex</strong></span> <span class='ocrx_word' id='word_1_931' title='bbox 3413 5601 3581 5661; x_wconf 88' lang='lat' dir='ltr'><strong>coni.,</strong></span> <span class='ocrx_word' id='word_1_932' title='bbox 3617 5596 3741 5651; x_wconf 89' lang='lat' dir='ltr'><strong>cod.</strong></span> <span class='ocrx_word' id='word_1_933' title='bbox 3773 5592 4081 5661; x_wconf 77' lang='grc' dir='ltr'>κατήσχη-</span> 
     </span>
    </p>
   </div>
   <div class='ocr_carea' id='block_1_122' title="bbox 3272 5662 4078 5732">
    <p class='ocr_par' dir='ltr' id='par_1_122' title="bbox 3272 5662 4078 5732">
     <span class='ocr_line' id='line_1_123' title="bbox 3272 5662 4078 5732; baseline -0.014 -6"><span class='ocrx_word' id='word_1_934' title='bbox 3272 5673 3316 5703; x_wconf 80' lang='grc'>’⁷</span> <span class='ocrx_word' id='word_1_935' title='bbox 3372 5671 3507 5724; x_wconf 86' lang='lat' dir='ltr'><strong>Cod.</strong></span> <span class='ocrx_word' id='word_1_936' title='bbox 3557 5662 4078 5732; x_wconf 71' lang='grc' dir='ltr'>πολητευσαμένα.</span> 
     </span>
    </p>
   </div>
   <div class='ocr_carea' id='block_1_123' title="bbox 2533 5681 2577 5710">
    <p class='ocr_par' dir='ltr' id='par_1_123' title="bbox 2533 5681 2577 5710">
     <span class='ocr_line' id='line_1_124' title="bbox 2533 5681 2577 5710; baseline 0 0"><span class='ocrx_word' id='word_1_937' title='bbox 2533 5681 2577 5710; x_wconf 69' lang='grc'><strong>⁸18</strong></span> 
     </span>
    </p>
   </div>
   <div class='ocr_carea' id='block_1_124' title="bbox 2620 5675 4079 5805">
    <p class='ocr_par' dir='ltr' id='par_1_124' title="bbox 2620 5675 4079 5805">
     <span class='ocr_line' id='line_1_125' title="bbox 2620 5675 4078 5745; baseline -0.012 -13"><span class='ocrx_word' id='word_1_938' title='bbox 2620 5678 2753 5732; x_wconf 85' lang='lat' dir='ltr'><strong>Cod.</strong></span> <span class='ocrx_word' id='word_1_939' title='bbox 2814 5675 3173 5745; x_wconf 60' lang='grc' dir='ltr'>φοϐουμένω</span> <span class='ocrx_word' id='word_1_940' title='bbox 3272 5675 3316 5703; x_wconf 82' lang='grc'><strong>⁷⁷</strong></span> <span class='ocrx_word' id='word_1_941' title='bbox 3372 5675 3507 5724; x_wconf 84' lang='lat' dir='ltr'><strong>Cod.</strong></span> <span class='ocrx_word' id='word_1_942' title='bbox 3557 5675 4078 5732; x_wconf 73' lang='grc' dir='ltr'>πολητευσαμενα.</span> 
     </span>
     <span class='ocr_line' id='line_1_126' title="bbox 2620 5735 4079 5805; baseline -0.01 -2"><span class='ocrx_word' id='word_1_943' title='bbox 2620 5749 2634 5779; x_wconf 81' lang='grc'><strong><em>³</em></strong></span> <span class='ocrx_word' id='word_1_944' title='bbox 2674 5747 3133 5802; x_wconf 75' lang='lat' dir='ltr'><strong>Cod.dré6£ror.</strong></span> <span class='ocrx_word' id='word_1_945' title='bbox 3211 5742 3253 5774; x_wconf 81' lang='grc'><strong>⁸¹</strong></span> <span class='ocrx_word' id='word_1_946' title='bbox 3288 5742 3365 5797; x_wconf 84' lang='lat' dir='ltr'><strong>Ex</strong></span> <span class='ocrx_word' id='word_1_947' title='bbox 3388 5739 3560 5805; x_wconf 91' lang='lat' dir='ltr'><strong>coni.,</strong></span> <span class='ocrx_word' id='word_1_948' title='bbox 3588 5738 3644 5791; x_wconf 92' lang='lat' dir='ltr'><strong>in</strong></span> <span class='ocrx_word' id='word_1_949' title='bbox 3667 5736 3855 5793; x_wconf 87' lang='lat' dir='ltr'><strong>codice</strong></span> <span class='ocrx_word' id='word_1_950' title='bbox 3885 5735 4079 5788; x_wconf 76' lang='lat' dir='ltr'><strong>literae</strong></span> 
     </span>
    </p>
   </div>
   <div class='ocr_carea' id='block_1_125' title="bbox 2588 5747 3133 5802">
    <p class='ocr_par' dir='ltr' id='par_1_125' title="bbox 2588 5747 3133 5802">
     <span class='ocr_line' id='line_1_127' title="bbox 2588 5747 3133 5802; baseline -0.015 1"><span class='ocrx_word' id='word_1_951' title='bbox 2588 5749 2634 5780; x_wconf 82' lang='grc'><strong>⁸⁸</strong></span> <span class='ocrx_word' id='word_1_952' title='bbox 2674 5747 2810 5802; x_wconf 85' lang='lat' dir='ltr'><strong>Cod.</strong></span> <span class='ocrx_word' id='word_1_953' title='bbox 2832 5747 3133 5800; x_wconf 77' lang='grc' dir='ltr'><strong>ἀνέσενον.</strong></span> 
     </span>
    </p>
   </div>
  </div>
