4274 6358
792 388 892 444 231
1590 382 1689 437 SS.
1720 378 2185 436 MACARIORUM
2240 375 2567 435 AEGYPTII
2604 378 2692 433 ET
2734 376 3200 433 ALEXANDRINI
3940 379 4050 433 232

798 508 1031 562 tractum
1077 514 1203 555 cum
1245 495 1504 553 stridore.
1556 492 1671 549 Hoc
1709 503 1892 549 autem
1936 492 2162 557 faciunt,
2194 503 2275 559 ut,
2323 493 2370 546 si
2398 499 2486 556 Ατ

2356 493 2370 546 i
2398 499 2446 556 Α
2473 494 2841 566 παρεμφερῆ·
2888 493 3011 548 ὅθεν
3058 493 3152 546 καὶ
3195 492 3271 557 ὡς
3308 489 3413 545 ὑπὸ
3445 490 3635 555 σικύας
3678 491 4044 563 αἰσθανόμεθα

796 595 1025 650 insitum
1047 591 1235 646 calvae
1263 588 1500 644 calorem
1532 587 1599 641 ad
1641 600 1700 641 se
1740 586 1892 656 ipsos
1921 585 2213 646 traxerint,
2262 585 2377 654 pal-
2474 603 2484 619 σ

2360 612 2377 623 -
2474 585 2576 654 τῆς
2629 584 2869 654 κεφαλῆς
2923 583 3219 654 ἑλκομένης
3279 583 3416 653 μετά
3470 580 3723 653 τρισμοῦ.
3781 582 3942 636 τοῦτο
3989 585 4048 639 δὲ

797 687 998 758 pebrae
1035 683 1266 736 humore
1325 679 1544 734 demum
1590 688 1644 733 et
1682 678 1885 748 frigore
1933 677 2209 730 relaxatae
2265 676 2375 728 cir-
2476 696 2485 727 η

2360 705 2375 714 -
2476 677 2739 742 ποιοῦσιν,
2758 679 2843 731 ἵνα
2867 678 2965 747 τὴν
2980 677 3401 746 ἐναποκειμένην
3417 674 3494 744 τῷ
3517 675 3723 746 κρανίῳ
3738 674 4048 746 θερμότητα

800 770 1102 827 cumfluant
1118 770 1343 840 pupillis
1375 764 1877 831 oculorum.Quare
1896 764 2182 834 palpebras
2213 778 2378 833 saepe
2475 785 2488 819 τ

2358 779 2378 818 3
2475 767 2610 837 πρὸς
2637 767 2861 828 ἑαυτοὺς
2901 765 3300 835 ἐπισπώμενοι,
3342 764 3446 818 ὑπὸ
3478 764 3577 835 τῆς
3609 764 3906 835 ὑγρότητος
3934 763 4046 817 λοι-

801 868 851 921 si
903 863 1265 930 contrectavi,
1309 862 1491 916 inveni
1541 862 1716 915 instar
1754 859 1996 931 crystalli
2043 868 2373 928 compactas,
2476 877 2489 911 τ

2360 899 2373 924 ,
2476 859 2577 911 πὸν
2606 860 2701 911 καὶ
2728 857 3063 929 ψυχρότητος
3095 855 3430 927 χαλασθέντα
3457 856 3527 909 τὰ
3557 855 3820 925 βλέφαρα,
3852 858 4048 926 περιρ-

803 963 1085 1025 totamque
1111 953 1303 1008 faciem
1330 950 1531 1005 mortui
1557 950 1789 1005 similem
1824 956 1877 1004 et
1894 948 2193 1004 horridam.
2230 949 2379 1003 Atta-
2478 969 2491 1020 ι

2358 976 2379 988 -
2478 952 2582 1021 ῥυῇ
2607 951 2728 1013 ταῖς
2760 950 2949 1021 κόραις
2988 948 3095 1003 τῶν
3138 947 3451 1018 ὀφθαλμῶν.
3483 948 3740 1009 πολλάκις
3772 946 3905 1015 γοῦν
3940 947 4046 1015 ψη-

796 1063 926 1104 tnen
966 1061 1193 1101 somnus
1230 1044 1498 1097 naturalis
1518 1055 1747 1110 corpora
1777 1038 2051 1103 calefacit,
2084 1054 2376 1095 sanorum-
2475 1040 2484 1091 1

2357 1069 2376 1081 -
2475 1040 2742 1111 λαφήσας,
2775 1038 3069 1093 κατέλαϐον
3100 1038 3255 1109 δίκην
3284 1038 3618 1110 κρυστάλλου
3656 1037 3945 1108 πεπηγότα
3981 1038 4045 1087 τὰ

798 1156 905 1209 que
938 1140 1125 1193 vultus
1153 1136 1361 1192 nitidos
1390 1135 1587 1199 reddit,
1621 1131 1766 1203 quod
1811 1132 1927 1201 ipsa
1955 1145 2173 1201 quoque
2201 1146 2378 1201 expe—
2480 1137 2486 1202 ι

2358 1161 2378 1172 -
2480 1132 2720 1203 βλέφαρα
2740 1171 2756 1195 ,
2783 1132 2882 1203 τὴν
2917 1132 2973 1185 δὲ
3018 1130 3137 1200 ὄψιν
3165 1130 3572 1200 νενεκρωμένην
3604 1129 3733 1199 ὃλην
3766 1130 3858 1181 καὶ
3886 1128 4046 1199 φρίσ-

796 1233 991 1287 rientia
1040 1231 1327 1285 discimus.
1376 1226 1487 1281 Sed
1534 1226 1610 1278 illi
1656 1232 1848 1278 contra
1900 1232 2151 1277 naturam
2182 1239 2248 1277 ex
2284 1238 2379 1278 ore
2479 1243 2484 1269 ι

2357 1238 2379 1278 Β
2479 1238 2696 1277 σουσαν.
2734 1221 2912 1273 καίτοι
2943 1222 2971 1274 ό
3012 1219 3237 1289 φυσικὸς
3279 1218 3444 1281 ὕπνος
3482 1218 3792 1289 θερμαίνειν
3828 1217 3927 1287 μὲν
3977 1217 4045 1288 τά

794 1326 1023 1380 nimium
1057 1324 1297 1378 distento
1327 1319 1710 1373 oscitationem
1741 1316 2000 1377 efﬁciunt,
2031 1322 2376 1369 attenuantes
2477 1335 2482 1359 ‹

2356 1330 2376 1369 5
2477 1312 2705 1381 σώματα
2727 1312 2968 1379 πέφυκε,
3005 1312 3099 1363 καὶ
3122 1309 3229 1363 τῶν
3269 1310 3617 1378 ὑγιαινόντων
3645 1311 3742 1371 τὰς
3770 1309 3922 1372 ὄψεις
3949 1310 4044 1361 ἀν-

795 1432 874 1481 se,
914 1424 969 1471 et
1005 1414 1269 1468 interiora
1312 1412 1427 1465 oris
1461 1415 1813 1477 occupantes.
1839 1404 1953 1477 Ego
1989 1405 2205 1476 quidem
2234 1420 2376 1460 non-
2477 1405 2483 1446 ε

2360 1435 2376 1447 .
2477 1400 2651 1473 θηράς
2678 1401 3079 1475 ἀπεργάζεται·
3102 1401 3176 1463 ὠς
3199 1399 3312 1453 ἐστι
3341 1400 3435 1453 καὶ
3470 1400 3566 1453 ἀπ’
3600 1400 3769 1469 αὐτῆς
3797 1400 3897 1469 τῆς
3929 1399 4048 1451 πεί-

794 1509 923 1562 dum
966 1508 1072 1561 hoc
1110 1503 1378 1569 intellexi,
1436 1501 1539 1556 etsi
1585 1514 1845 1570 persaepe
1887 1512 2086 1569 passus
2133 1498 2273 1565 sim;
2323 1506 2378 1551 at
2477 1522 2482 1562 ι

2358 1506 2378 1551 ι
2477 1510 2578 1563 ρας
2614 1492 2834 1564 μαθεῖν·
2881 1492 2980 1555 τάς
3032 1491 3090 1543 δὲ
3137 1493 3287 1563 παρὰ
3324 1490 3484 1561 φύσιν
3528 1492 3621 1544 καὶ
3653 1491 4046 1560 διατεταμένας

795 1603 1043 1649 sanctum
1090 1592 1384 1646 llacarium
1442 1589 1627 1643 audivi
1674 1589 1742 1642 de
1762 1590 1867 1642 hoc
1887 1588 2375 1655 mibiloquentem,
2476 1604 2483 1656 ;

2358 1624 2375 1649 ,
2476 1586 2661 1656 χάσμα
2692 1586 2931 1648 ποιοῦσι,
2961 1582 3314 1647 λεπτύνοντες
3355 1584 3579 1645 ἑαυτοὺς
3632 1583 3728 1636 καὶ
3756 1582 3867 1635 τῶν
3898 1581 4046 1634 ἔνδον

794 1685 886 1753 qui
920 1683 987 1736 ad
1015 1697 1127 1736 rem
1157 1678 1494 1751 probandam
1524 1676 1706 1731 attulit
1747 1676 2095 1730 oscitantium
2144 1689 2379 1728 consue-
2475 1697 2482 1713 ι

2359 1701 2379 1713 -
2475 1676 2569 1730 τοῦ
2595 1677 2857 1747 στόματος
2879 1675 3262 1744 ἐφαπτόμενοι.
3288 1674 3425 1727 ἀλλά
3452 1672 3609 1726 τοῦτο
3636 1674 3732 1745 μὲν
3751 1674 3862 1742 ἐγὼ
3881 1673 4047 1743 μέχρι

794 1775 1060 1837 tudinem,
1088 1789 1151 1827 os
1167 1772 1322 1841 signo
1341 1771 1523 1824 crucis
1548 1767 1827 1823 muniendi
1860 1783 1927 1821 ex
1965 1765 2256 1820 traditione
2278 1779 2379 1818 an-
2402 1838 2431 1841 Α
2476 1785 2482 1801 ι

2358 1793 2379 1804 ·
2402 1838 2431 1841 Α
2476 1766 2578 1835 τῆς
2618 1768 2854 1837 σήμερον
2894 1766 2996 1818 οὐκ
3038 1766 3263 1835 ἐνόησα,
3297 1766 3472 1818 καίτοι
3501 1765 3759 1829 πολλάκις
3794 1766 3927 1819 αὐτὸ
3950 1781 4046 1816 πε-

792 1870 941 1939 tiqua
990 1838 1387 1921 immemoriali.
1444 1860 1697 1915 Ceterum
1746 1859 1926 1913 omnia
1966 1858 2058 1911 illa
2110 1858 2367 1927 patimur,
2398 1838 2480 1898 Β·

2357 1896 2367 1919 ,
2398 1838 2445 1898 Β
2474 1854 2712 1919 πονθώς·
2752 1855 2847 1907 τοῦ
2889 1855 2946 1908 δὲ
3001 1854 3157 1922 ἁγίου
3190 1856 3478 1925 Μακαρίου
3516 1858 3725 1927 ἥκουσα
3767 1856 3925 1909 τοῦτό
3954 1874 4045 1926 μοι

793 1961 920 2029 quia
940 1956 1159 2012 lectioni
1181 1969 1288 2009 non
1310 1953 1642 2008 attendimus
1659 1951 1969 2020 vigilanter,
1990 1964 2166 2019 neque
2181 1957 2370 2004 sancta
2475 1946 2481 1998 ἲ

2355 1964 2370 2002 ι
2475 1946 2826 2017 λελαληκότος
2861 1948 2953 1999 καὶ
2982 1948 3062 2009 εἰς
3087 1947 3357 2012 ἀπόδειξιν
3384 1948 3661 2018 φέροντος,
3686 1947 3783 2001 τοῦ
3811 1948 4043 2019 σφραγί-

792 2053 886 2108 Dei
916 2052 1027 2105 vivi
1060 2048 1282 2120 eloquia
1306 2062 1410 2103 nos
1434 2048 1619 2115 legere
1655 2044 1817 2099 nobis
1846 2043 2055 2097 conscii
2087 2057 2299 2097 sumus.
2478 2065 2480 2081 τ

2478 2036 2591 2101 ζειν
2636 2038 2762 2099 τοὺς
2816 2036 3208 2107 χασμωμένους
3249 2036 3309 2089 τὸ
3354 2037 3558 2107 στόμα,
3614 2037 3759 2090 κατά
3813 2037 4045 2108 ἀρχαίαν

793 2144 1095 2216 παράδοσιν
1136 2141 1391 2219 ἄρρητον.
1434 2137 1608 2191 ταῦτα
1643 2137 1701 2189 δὲ
1738 2136 1913 2188 πάντα
1941 2133 2223 2204 πάσχομεν
2264 2131 2350 2185 διὰ
2373 2128 2432 2183 τὺ
2468 2130 2544 2199 μὴ
2577 2127 2861 2201 προσέχειν
2896 2128 3169 2199 νηφόντως
3212 2128 3359 2198 ἡμᾶς
3404 2131 3472 2199 τῇ
3515 2128 3849 2197 ἀναγνώσει,
3909 2127 4045 2199 μηῶ

796 2235 1103 2311 μεμνῆσθαι
1131 2234 1213 2285 ὅτι
1241 2228 1398 2299 λόγια
1426 2229 1557 2297 ἆγια
1584 2226 1720 2280 Θεοῦ
1756 2227 1953 2291 ζῶντος
1977 2224 2451 2292 ἀναγινώσκομεν.

859 2331 914 2384 2.
949 2326 1248 2398 Aegyptius
1275 2338 1443 2379 senex
1472 2320 1769 2385 Macarius,
1805 2333 1904 2374 vas
1942 2317 2077 2372 illud
2108 2318 2364 2378 electum,
2540 2316 2547 2367 ε

2356 2354 2364 2378 ,
2540 2314 2596 2368 2.
2640 2314 2919 2386 Ἦρώτησέ
2966 2333 3033 2385 με
3078 2316 3140 2367 τὸ
3184 2313 3374 2378 σκεῦος
3404 2315 3505 2384 τῆς
3536 2313 3770 2383 ἐκλογῆς⁴
3811 2314 3841 2366 ὁ
3880 2312 4044 2381 Δῑγύ-

793 2420 1150 2491 interrogavit
1171 2432 1278 2480 me,
1310 2430 1474 2485 quam
1496 2414 1568 2468 ob
1588 2427 1812 2468 causam
1860 2420 2203 2480 acceptarum
2247 2409 2371 2478 qui-
2474 2425 2481 2440 ι

2356 2437 2371 2448 -
2474 2423 2630 2470 πτιος
2673 2406 2851 2477 γέρων
2882 2407 3192 2477 Μακάριος·
3238 2408 3291 2459 τί
3332 2408 3530 2478 δήποτε
3589 2404 4044 2476 μνησικακοῦντες

791 2514 916 2570 dem
941 2513 1008 2567 ab
1040 2509 1357 2566 hominibus
1384 2507 1709 2577 iniuriarum
1736 2500 2140 2559 reminiscendo
2164 2512 2372 2554 memo-

2357 2527 2372 2537 -
2479 2498 2577 2568 μὲν
2602 2500 2713 2562 τοῖς
2741 2497 3045 2569 ἀνθρώποις
3098 2497 3193 2567 τὴν
3222 2498 3657 2569 μνημονευτικὴν
3693 2496 3922 2566 δύναμιν
3948 2497 4045 2565 τῆς

790 2608 907 2662 riae
934 2605 1041 2659 vim
1073 2618 1137 2657 ac
1179 2601 1495 2656 facultatem
1534 2598 1592 2651 in
1635 2596 1819 2649 animo
1871 2605 2370 2662 corrumperemus,
2476 2611 2478 2628 ε

2359 2627 2370 2653 ,
2476 2589 2655 2659 ψυχῆς
2681 2589 3035 2658 ἀφανίζομεν,
3056 2587 3271 2657 δαίμοσι
3294 2588 3350 2640 δὲ
3379 2586 3839 2658 μνησικακοῦντες
3888 2585 4047 2639 αὗλα-

796 2703 1046 2764 acceptas
1094 2706 1224 2747 vero
1275 2706 1307 2744 a
1360 2685 1724 2743 daemonibus
1787 2683 2019 2754 injurias
2074 2682 2374 2737 memoriae
2482 2692 2484 2715 ⁴

2360 2696 2374 2736 3
2482 2678 2595 2741 δεῖς
2624 2677 2990 2748 διαμένομεν;
3026 2677 3203 2747 κάμοῦ
3226 2677 3361 2749 πρὸς
3390 2677 3486 2747 τὴν
3518 2677 3808 2747 ἀπόκρισιν
3840 2678 4048 2747 ἀπορή-

795 2785 1240 2844 commendantes
1299 2780 1478 2835 illaesi
1533 2791 1897 2833 maneremus.
1960 2774 2208 2843 Cumque
2256 2787 2359 2841 ego

2482 2786 2697 2833 σαντος,
2731 2769 2825 2821 καὶ
2862 2768 3304 2841 παρακαλοῦντος
3339 2768 3430 2821 τὸν
3461 2768 3617 2837 λόγον
3653 2768 3863 2839 μαθεῖν’
3889 2768 4047 2832 διότι,

797 2878 1156 2932 baesitassem
1186 2873 1409 2942 ignarus
1433 2867 1565 2939 quid
1592 2864 2028 2935 respondendum
2065 2869 2230 2927 esset,
2263 2876 2359 2930 pe-
2484 2889 2485 2901 η

2484 2862 2649 2931 φησὶν
2676 2862 2881 2924 ἐκεῖνος
2902 2901 2917 2926 ,
2946 2862 3009 2915 τὸ
3038 2862 3135 2932 μὲν
3176 2862 3438 2933 πρότερον
3465 2860 3617 2931 παρὰ
3662 2860 3850 2929 φύσιν,
3897 2859 3958 2912 τὸ
3989 2860 4047 2913 δὲ

797 2968 1116 3035 tiissemque
1157 2964 1227 3017 ab
1268 2963 1397 3024 illo,
1453 2968 1514 3014 ut
1547 2961 1663 3029 ipse
1695 2956 1827 3011 mihi
1855 2956 1975 3010 eius
2023 2954 2102 3008 rei
2137 2967 2361 3007 causam
2482 2978 2485 2995 ι

2023 2954 2102 3008 rei
2137 2967 2361 3007 causam
2482 2952 2733 3023 δεύτερον
2762 2952 2903 3006 κατά
2929 2951 3089 3021 φύσιν
3116 2953 3233 3005 ἐστὶ
3264 2952 3357 3004 τοῦ
3390 2951 3563 3022 θυμοῦ
3596 2952 3690 3021 (a).

798 3066 1094 3129 exponeret
1127 3070 1143 3110 :
1171 3054 1331 3123 Quia,
1376 3052 1575 3121 inquit,
1618 3050 1771 3119 prior
1813 3046 2032 3116 quidem
2087 3042 2301 3097 affectio
2343 3050 2533 3096 contra
2578 3050 2852 3106 naturam,
2886 3041 3156 3111 posterior
3190 3055 3318 3094 vero
3356 3039 3656 3095 secundum
3689 3040 3856 3094 animi
3890 3047 4049 3093 natu-

798 3168 916 3207 ram
936 3159 1039 3206 est.

868 3246 921 3299 3.
951 3240 1174 3296 Accessi
1206 3238 1327 3308 ipso
1365 3233 1571 3290 fervido
1602 3232 1830 3287 meridie
1872 3229 1941 3284 ad
1981 3234 2232 3283 sanctum
2266 3240 2363 3294 pa-
2397 3234 2442 3293 ο

2358 3234 2442 3293 ιο
2543 3224 2596 3276 3.
2638 3217 2952 3291 Παρέὸαλον
2997 3219 3119 3271 κατ’
3172 3217 3341 3289 αὐτὴν
3378 3216 3477 3287 τὴν
3523 3216 3790 3287 σταθερὰν
3834 3234 4046 3288 μεσημ-

805 3349 939 3394 trem
961 3332 1285 3396 Macarium,
1305 3336 1361 3382 et
1379 3326 1471 3383 siti
1492 3325 1843 3379 vehementer
1859 3334 2156 3389 Oppressus
2174 3331 2375 3386 aquam
2482 3317 2493 3363 l

2358 3331 2375 3368 ι
2482 3313 2642 3383 δρίαν
2670 3311 2748 3381 τῷ
2787 3310 2927 3379 ἁγίῳ
2972 3311 3139 3377 πατρὶ
3177 3310 3478 3377 Μακαρίῳ,
3514 3309 3607 3360 καὶ
3638 3308 3756 3361 λίαν
3799 3309 3903 3361 ὑπὸ
3945 3308 4046 3376 τῆς

801 3425 933 3497 petii
962 3424 1029 3477 ad
1050 3420 1364 3476 bibendum.
1405 3416 1456 3472 ls
1494 3424 1705 3470 autem:
1744 3411 1969 3475 Umbra,
2011 3409 2210 3478 inquit,
2242 3422 2377 3461 con-
2481 3404 2489 3453 ἑ

2356 3437 2377 3448 -
2481 3404 2639 3473 δίψης
2692 3402 3023 3471 φλεγόμενος
3066 3400 3226 3470 ᾔτουν
3272 3398 3414 3469 ὕδωρ
3456 3402 3617 3451 πιεῖν.
3666 3400 3693 3451 ὁ
3737 3398 3795 3451 δέ
3842 3415 4044 3468 φησιν·

807 3488 985 3571 ientus
1014 3520 1152 3568 esto.
1184 3510 1339 3565 Multi
1379 3508 1546 3569 enim,
1578 3505 1669 3574 qui
1695 3518 1842 3556 nunc
1894 3504 1995 3553 iter
2034 3499 2241 3551 faciunt
2290 3495 2375 3549 vel
2481 3498 2495 3550 ἐ

2359 3495 2375 3548 ι
2481 3494 2777 3567 ἀρκέσθητι
2805 3496 2871 3564 τῇ
2904 3494 3031 3563 σκιᾷ
3052 3508 3066 3522 ο
3096 3490 3280 3542 πολλοὶ
3314 3492 3421 3560 γὰρ
3446 3488 3539 3543 νῦν
3572 3488 3972 3557 ὁδοιποροῦντες
4011 3489 4043 3558 ἢ

805 3610 1080 3675 navigant,
1100 3603 1265 3657 etiam
1288 3600 1449 3655 huius
1468 3603 1657 3652 carent
1685 3595 1900 3650 solatio.
1926 3591 2057 3643 Dein
2078 3586 2376 3657 disputanti
2482 3604 2493 3637 τ

2354 3586 2376 3639 i
2482 3587 2734 3647 πλέοντες
2796 3585 2889 3637 καὶ
2931 3584 3131 3651 ταύτης
3165 3581 3499 3652 ἐστέρηνται.
3537 3575 3655 3632 εἶτα
3696 3579 3883 3647 λόγους
3941 3595 4042 3646 μου

806 3668 1021 3753 rriihiet
1048 3696 1116 3750 de
1139 3693 1468 3748 abstinentia
1500 3704 1625 3745 cum
1656 3702 1721 3741 eo
1751 3682 2091 3739 conferenti:
2124 3678 2372 3740 Conﬁde,
2483 3695 2494 3729 τ

2356 3716 2372 3740 ,
2483 3678 2619 3746 πρὸς
2661 3676 2821 3729 αὑτὸν
2867 3676 2996 3745 περὶ
3033 3673 3355 3742 ἐγκρατείας
3398 3671 3797 3742 γυμνάζοντοςο
3831 3668 4042 3739 θάρσει,

809 3788 1011 3858 inquit,
1038 3786 1146 3852 fili;
1186 3792 1331 3839 totos
1363 3781 1556 3852 viginti
1588 3792 1763 3832 annos
1805 3788 1980 3844 neque
2014 3786 2152 3841 pane
2202 3783 2377 3838 neque
2482 3786 2497 3835 ς

2356 3783 2377 3822 3
2482 3768 2667 3838 φησίν,
2718 3760 2763 3819 ὦ
2787 3767 3007 3831 τέκνον,
3038 3767 3095 3817 ὲν
3123 3764 3262 3827 ὅλοις
3292 3763 3469 3817 ἐτεσιν
3511 3764 3683 3815 εῐκοσι
3728 3759 3851 3812 οὔτε
3879 3762 4044 3829 ἄρτου

808 3894 947 3951 aqua
965 3894 1139 3948 neque
1156 3890 1348 3931 somno
1375 3888 1507 3928 usus
1539 3887 1660 3926 sum
1681 3869 1748 3923 ad
1772 3868 2095 3922 satietatem.
2120 3862 2251 3914 Nam
2279 3875 2375 3929 pa-
2480 3878 2496 3912 ε

2356 3889 2375 3899 -
2480 3859 2601 3912 οὗτε
2631 3859 2819 3921 ὕδατος
2871 3857 2995 3909 οὔτε
3029 3856 3196 3909 ὕπνου
3230 3856 3388 3926 κόρον
3412 3855 3607 3922 εἴληφα
3632 3870 3644 3883 ο
3680 3853 3772 3905 τὸν
3807 3852 3907 3920 μὲν
3938 3852 4044 3920 γὰρ

807 3941 935 4026 nem
962 3941 1142 4024 meum
1168 3974 1319 4021 certo
1344 3964 1586 4035 pondere
1612 3959 1842 4023 comedi,
1865 3970 2061 4028 aquam
2090 3952 2200 4007 bibi
2232 3959 2379 4005 certa
2482 3952 2495 4003 ἐ

2358 3965 2379 4003 a
2482 3952 2642 4021 ἄρτον
2679 3966 2779 4019 μου
2808 3948 2992 4020 ήσθιον
3023 3945 3266 4016 σταθμῷ,
3297 3946 3357 3997 τὸ
3381 3945 3437 3997 δὲ
3468 3944 3609 4014 ὕδωρ
3630 3942 3807 3995 ἔπινον
3840 3941 4046 4010 μέτρῳ,

808 4075 1089 4123 mensura,
1120 4072 1183 4112 ac
1210 4056 1388 4112 somni
1408 4056 1657 4123 exiguam
1688 4058 1895 4121 partem
1918 4046 2216 4102 sulfuratus
2257 4056 2379 4097 sum
2480 4058 2496 4091 ς

2357 4056 2379 4095 3
2480 4042 2593 4102 τοῖς
2624 4039 2822 4109 τοίχοις
2854 4037 2911 4090 δὲ
2951 4035 3185 4105 ἐμαυτὸν
3230 4033 3607 4106 παρακλίνων,
3636 4030 3828 4103 μικρόν
3869 4047 3922 4082 τι
3952 4027 4045 4080 τοῦ

810 4150 1127 4207 inclinando
1158 4164 1245 4203 me
1282 4147 1350 4201 ad
1381 4148 1633 4216 parietes.
2488 4130 2498 4180 ἲ

1623 4183 1633 4196 ,
2488 4128 2657 4182 ὕπνου
2686 4128 2853 4200 μέρος
2872 4123 3193 4197 ἀφήρπαζον
3218 4123 3311 4194 (b).

2304 4246 2559 4304 NOTAE.

878 4384 959 4451 (α)
1000 4383 1083 4439 Cf.
1134 4382 1293 4434 Socr.
1316 4371 2074 4451 gﬂist._-Eccl._lib.__lV_cap.
2106 4365 2364 4451 εδὶ-νν.
2473 4365 2566 4451 Μοι

1345 4371 2074 4451 Hist.__Eccl._lib.__lV_cap.
2106 4365 2364 4451 επὶ-νγ.
2473 4365 2617 4451 Non.
2763 4364 2882 4451 10p.

814 4420 2363 4517 ΡόῗῖιὲἑὲνξνιῖὺῖνῖῗιὶὲιιῗῖὅξδῇἾίιὶ.’νίιἱέρξ37,4;
2474 4420 2941 4517 ν’(ὁζνςίΐ.ωδρρι;.
2988 4426 3315 4517 insunt-Icci.
3344 4427 3386 4485 t.
3431 4425 3512 4495 1.;
3566 4422 3678 4477 vv.
3719 4421 3820 4477 PP.
3856 4420 4042 4477 nam.

818 4499 1153 4599 ἒὲειῖιῖιῖἶίὲίέῖ
1172 4499 1547 4599 Ᾰὲέὶριἷῗιξ
1560 4499 2363 4599 ΔΞΞ..Α.ὶ)9ρΞ¹ἓὲ¹θὲΨξῆι³ρὲέ-Ὶὲ
2474 4504 2506 4559 ¹ί

1502 4499 2363 4599 [ξέὲξηξρορξιιξιθὲφξιερξ.Αἵ.
2474 4499 2568 4559 lib'.
2598 4499 2697 4569 Vt,
2729 4501 3071 4566 libel14,i7.
3105 4499 3190 4554 is.

817 4575 1085 4648 medii...
1114 4575 1416 4660 Αεςείρῖῖιιε,
1443 4586 1471 4657 ς
1506 4575 1989 4647 XXXVI,Coteler.
2007 4575 2152 4630 Eccl.
2176 4575 2369 4630 Graec.

826 4709 4001 4767 ______________________________________

2397 4876 2475 4935 II.

1605 5044 2322 5115 APOPHTHEGMATA
2370 5038 2651 5102 SANCTl
2682 5035 3018 5099 MACARII
3047 5030 3305 5094 MAGNI

2217 5168 2641 5246 [AEGYPTH]

2067 5357 2099 5392 Α
2132 5353 2302 5393 PETRO
2348 5347 2561 5388 POSSINO
2612 5346 2791 5383 EDITA.

1555 5470 1691 5518 Petri
1730 5466 1920 5516 Possini
1940 5465 2219 5515 'l'besaurus
2244 5454 2501 5511 asceticus,
2537 5452 2735 5501 Parisiis
2756 5448 2897 5505 168i,
2920 5448 2986 5506 4°,
3012 5445 3154 5508 μειὸ
3177 5457 3281 5504 sqq.

887 5712 1119 5781 Quidam
1154 5727 1184 5767 e
1233 5708 1491 5767 fratribus
1542 5703 1893 5775 interrogavit
1926 5702 2219 5757 Macarium
2258 5716 2372 5755 ma-
2408 5707 2449 5761 ι)
2550 5696 2575 5763 ε

2363 5707 2449 5761 ·1)
2550 5694 2705 5763 231
2768 5689 3011 5757 Ἀδελφὸς
3084 5685 3333 5756 ἠρώτησε
3390 5682 3479 5735 τὸν
3531 5678 3701 5732 ἀ66ᾶν
3760 5674 4051 5745 Μακάρων

824 5821 985 5874 gnum
1012 5804 1284 5868 abbatem,
1305 5798 1616 5871 exquirens,
1641 5810 1909 5865 quaenam
1938 5803 2101 5862 esset,
2120 5803 2172 5850 et
2196 5795 2248 5849 iu
2270 5808 2375 5861 quo
2484 5806 2512 5841 τ

2367 5810 2375 5844 i
2484 5789 2573 5841 τὸν
2605 5785 2803 5856 μέγαν,
2836 5782 3007 5847 λέγων
3046 5780 3172 5847 περὶ
3204 5774 3558 5843 τελειότητος’
3599 5769 3691 5822 καὶ
3732 5764 4055 5836 ἀποκριθεὶς
