4274 6358
204 345 312 400 9.33

1534 366 2159 432 APOPHTHEGMATA.

3340 400 3447 463 236

198 464 233 516 δ
268 463 448 534 γέρων
484 462 667 587 εἶπεν
698 469 793 522 ἐὰν
837 472 928 587 μὴ’
958 476 1221 546 κτήσηται
1258 481 1540 553 ἄνθρωπος
1581 490 1771 543 ταπεί-
1799 496 1833 553 Α

199 569 365 587 μου...
400 571 502 587 ..ε-υ
572 574 639 587 ...ι
673 560 737 587 ,αι
771 576 835 587 .,-
851 562 906 587 ,ε
936 578 963 587 -
994 564 1153 587 -..με
1186 568 1273 587 μη.
1304 580 1321 587 -
1344 571 1368 582 η
1463 573 1475 587 .
1752 580 1764 587 .

1807 496 1847 553 Α
1873 492 1978 547 sita
1998 495 2279 565 perfectio.
2301 498 2658 571 Respondens
2677 520 2863 563 senex:
2888 506 3025 575 Nisi,
3044 510 3236 581 inquit,
3256 519 3447 587 acqui-

199 569 365 645 νωσιν
397 554 639 626 μεγάλην
672 560 737 628 τῇ
771 560 967 632 καρδίᾳ
990 564 1154 618 αὑτοῦ
1185 568 1280 621 καὶ
1304 571 1379 641 τῷ
1412 573 1653 645 σώματιο
1683 580 1777 632 καὶ

201 641 278 712 μὴ
322 648 542 715 μετρεῖν
588 648 780 703 ἑαυτὸν
806 651 865 704 ἐν
905 670 1013 707 τινι
1046 660 1364 731 πράγματι*
1405 641 1545 720 ἀλλὰ
1576 670 1776 739 μᾶλλον

197 734 409 788 τιθέναι
439 737 631 792 ἑαυτὸν
656 742 717 793 ὲν
750 744 1072 799 ταπεινώσει
1098 748 1354 806 ὑποκάτω
1380 755 1481 825 τῆς
1508 734 1737 824 κτίσεως
1756 776 1771 790 ⁸

199 825 297 878 καὶ
319 826 381 877 τὸ
408 826 483 896 μὴ
509 832 692 899 κρῖναι
715 832 851 898 ὅλως
868 834 990 888 τινά
1006 838 1056 888 εί
1077 838 1152 909 μὴ
1175 840 1363 896 ἑαυτὸν
1386 845 1543 914 μόνον
1557 864 1571 879 ο
1600 849 1775 902 καὶτὸ

200 916 496 1013 ὑποφέρειν
521 919 679 1013 ύϐριν
702 940 716 955 ·
742 925 916 979 καὶτὸ
931 928 1288 1001 ἀπορρίπτειν
1304 935 1412 989 ἀπὸ
1426 939 1526 1009 τῆς
1551 942 1775 1013 καρδίας

198 1007 381 1059 πᾶσαν
405 1008 601 1062 κακίαν
622 1026 637 1039 ⁸
669 1013 761 1065 καὶ
788 1012 1069 1082 βιάζεσθαι
1107 1021 1297 1076 ἑαυτὸν
1324 1019 1464 1081 εἶναι
1481 1007 1490 1009 -
1509 1007 1779 1102 μακρόθυ-

202 1115 325 1167 μον,
345 1101 599 1195 χρηστόν.
619 1104 956 1177 φιλάδελφον,
977 1111 1249 1183 σώφρονα,
1268 1118 1511 1192 ἐγκρατῆ
1528 1140 1542 1154 ο
1576 1101 1771 1195 γέγρα-

197 1205 333 1284 πται
479 1193 864 1284 ςαγνβιαστῶν
874 1200 1006 1257 ἐστι
1029 1204 1343 1270 ίβασιλεία
1356 1193 1769 1284 τῶν

196 1280 293 1334 καὶ
320 1280 381 1332 τὸ
404 1281 538 1351 ὀρθὰ
564 1283 782 1352 βλέπειν
813 1291 924 1353 τοῖς
962 1292 1282 1364 ὀφθαλμοῖς,
1317 1303 1409 1353 καὶ
1435 1302 1498 1355 τὸ
1531 1280 1774 1378 φυλακὴν

195 1371 342 1469 ἔχειν
369 1375 467 1469 τῆς
494 1375 764 1469 γλωσσης,
796 1382 890 1435 καί
913 1384 1259 1458 ἀποστροφὴν
1282 1392 1461 1464 πάσης
1487 1371 1652 1467 ἀκοῆς
1677 1371 1775 1469 μα-

194 1464 355 1526 ταίας
378 1467 472 1518 καὶ
501 1468 741 1540 ὀλεθρίου
760 1488 774 1501 ο
819 1475 915 1527 καὶ
947 1476 1044 1548 τὴν
1074 1479 1182 1535 τῶν
1215 1484 1413 1554 χειρῶν
1430 1464 1773 1562 δικαιοσύνην

194 1556 291 1608 καὶ
313 1556 374 1608 τὸ
388 1559 488 1629 τῆς
504 1561 726 1631 καρδίας
756 1565 996 1637 καθαρὸν
1026 1571 1161 1640 πρὸς
1179 1572 1271 1626 τὸν
1303 1575 1455 1641 Θεὸν,
1487 1579 1657 1633 καὶτὸ
1678 1556 1772 1636 τοῦ

197 1645 454 1744 σωματος
500 1650 759 1744 ἄσπιλονέ
795 1657 888 1709 καὶ
933 1659 1093 1730 232
1138 1662 1201 1716 τὸ
1244 1664 1387 1735 ἔχειν
1420 1669 1517 1740 τὴν
1553 1674 1772 1744 μνήμην

196 1734 291 1785 τοῦ
327 1735 556 1791 θανάτου
600 1742 704 1811 πρὸ
741 1743 1032 1816 ὀφθαλμῶν
1065 1750 1184 1803 καθ’
1220 1734 1588 1826 ἡμέραν,”καὶ

1878 585 2031 642 sierit
2053 587 2217 645 homo
2248 592 2608 653 humilitatem
2632 614 2905 675 magnam,
2934 618 3098 673 quam
3123 620 3234 661 non
3262 585 3442 666 solum

1877 679 2043 733 corde
2086 689 2287 748 teneat,
2321 687 2417 742 sed
2453 697 2509 743 et
2534 705 2767 761 corpore
2792 693 3095 762 praeferat;
3120 697 3175 751 in
3208 700 3357 755 nulla
3387 716 3448 758 re

1876 780 1935 822 se
1958 768 2135 838 ipsum
2168 775 2488 842 aestimans,
2512 779 2607 833 sed
2634 783 2817 849 potius
2847 782 2901 835 in
2930 782 3235 841 humilitate
3260 803 3359 844 sua
3385 805 3447 845 se

1875 859 2018 917 infra
2066 880 2283 921 omnem
2328 880 2635 927 creaturam
2684 888 2929 943 ponens;
2980 890 3090 929 non
3150 876 3447 936 iudicando

1875 969 2116 1025 unquam
2154 959 2377 1016 omnino
2405 978 2754 1034 quemquam,
2782 967 2889 1022 nisi
2928 983 2988 1023 se
3017 967 3231 1034 solum;
3267 971 3446 1027 suffe-

1872 1047 2045 1102 rendo
2070 1054 2477 1117 contumeliam.
2507 1056 2776 1112 eiiciendo
2804 1074 2872 1113 ex
2899 1061 3063 1115 corde
3089 1076 3191 1115 suo
3225 1077 3443 1119 omnem

1873 1140 2172 1210 malitiam;
2213 1143 2320 1197 vim
2351 1146 2453 1201 sibi
2493 1147 2740 1204 faciendo
2771 1150 2839 1204 ad
2879 1150 3003 1213 hoc.
3042 1162 3101 1205 ut
3154 1152 3226 1206 sit
3258 1151 3445 1223 longa-

1872 1229 2059 1297 nimis,
2106 1232 2397 1304 benignus,
2428 1236 2656 1290 fratrum
2696 1247 2927 1304 amator,
2967 1240 3207 1305 sobrius,
3258 1242 3444 1295 conti-

1873 1333 2040 1384 nens;
2077 1322 2342 1393 scriptum
2375 1333 2459 1379 est
2487 1328 2633 1380 enim
2664 1343 2681 1380 :
2722 1326 2838 1380 Vim
2886 1329 2990 1382 sibi
3018 1329 3324 1397 facientium
3364 1339 3443 1385 est

1874 1414 2374 1480 regnumcoelorum,
2394 1425 2543 1471 recta
2573 1424 2779 1471 tantum
2803 1419 3055 1486 videndo,
3083 1422 3319 1492 linguam
3342 1436 3443 1477 ca-

1871 1500 2177 1570 stodiendo,
2210 1506 2626 1577 avertendisque
2667 1508 2893 1565 auribus
2925 1511 2993 1564 ab
3034 1512 3180 1564 omni
3209 1510 3444 1566 auditio-

1869 1600 1939 1640 ne
1962 1603 2099 1643 vana
2127 1598 2181 1644 et
2229 1592 2392 1646 noxia
2422 1609 2438 1659 ;
2497 1609 2695 1651 manus
2762 1599 3019 1661 tenendo,
3053 1614 3123 1654 ne
3147 1600 3446 1670 quidquam

1870 1678 1975 1733 nisi
2024 1679 2228 1734 iustum
2264 1692 2599 1752 operentur;
2657 1700 2753 1740 cor
2795 1688 3056 1742 mundum
3104 1704 3288 1744 coram
3334 1689 3445 1745 Deo

1871 1767 2160 1832 servando,
2184 1783 2491 1839 corpusque
2516 1772 2893 1842 impollutum;
2936 1775 3185 1831 habendo
3206 1778 3446 1847 quotidie

196 1827 372 1897 ταγὴν
396 1830 493 1900 τῆς
519 1833 659 1886 κατά
685 1836 899 1906 πνεῦμα
930 1839 1099 1909 ὀργῆς
1128 1845 1221 1897 καὶ⁸
1248 1849 1467 1917 κακίας,
1503 1854 1597 1905 καὶ
1632 1856 1769 1908 ἀπο-
1801 1847 1833 1901 Ε

2145 1827 2156 1832 -
2284 1827 2299 1839 .
2401 1827 2417 1839 .
2595 1827 2612 1842 .
2718 1827 2724 1828 γ
2937 1827 3177 1831 ys---“
3211 1827 3440 1847 ,ηπ--

1807 1847 1843 1901 Β
1870 1871 1999 1924 prae
2026 1858 2201 1915 oculis
2232 1862 2423 1915 mortis
2451 1866 2805 1932 memoriam;
2836 1868 3155 1939 abnegando
3190 1869 3337 1924 intus
3383 1869 3440 1923 in

195 1921 373 1989 ταγὴν
401 1922 496 1990 τῆς
525 1922 654 1994 ὕλης
673 1965 686 1990 ,
713 1928 803 1979 καὶ
837 1930 944 1982 τῶν
973 1933 1112 1986 κατὰ
1137 1936 1315 2007 σάρκα
1348 1944 1627 2009 συγγενῶν
1651 1946 1766 2016 ἅμα

196 2012 292 2060 καὶ
323 2011 558 2080 ἡδονῶν’
617 2018 708 2069 καὶ
740 2020 1041 2092 ἀποταγὴν,
1074 2025 1151 2094 τῷ
1201 2028 1429 2102 διαϐόλῳ
1493 2036 1586 2087 καὶ
1631 2011 1766 2093 πάσι

192 2103 310 2162 τοῖς
331 2102 512 2172 ἔργοις
536 2107 697 2161 αὑτοῦ
719 2125 732 2139 ο
760 2114 851 2165 καὶ
878 2112 938 2165 τὸ
962 2116 1317 2181 ἀδιαλείπτως
1338 2126 1732 2197 προσεύχεσθαι
1748 2149 1761 2162 ·

197 2192 295 2244 καὶ
350 2194 410 2246 ἐν
443 2198 602 2250 παντὶ
651 2201 827 2273 καιρῷ
862 2205 955 2258 καὶ
993 2207 1139 2279 τόπῳ
1201 2212 1293 2265 καὶ
1344 2192 1624 2288 πράγματι
1672 2222 1765 2276 καὶ

198 2283 364 2388 παντὶ
401 2284 545 2359 ἔργῳ
595 2294 948 2364 παρεδρεύειν
995 2299 1146 2371 Θεῷ·
1202 2304 1263 2356 ού
1308 2283 1529 2364 δύναται
1560 2312 1766 2380 τέλειος

196 2390 363 2429 ειναι.

266 2634 323 2730 2.
377 2636 626 2730 Ἀδελφός
673 2644 919 2716 ἠρώτησε
965 2651 1225 2722 γέρονταο
1259 2658 1434 2724 ἀϐϐἄ,
1475 2665 1594 2730 πῶς
1626 2672 1765 2724 ποιῶ

198 2726 380 2779 πάντα
407 2728 773 2833 τάπρέποντα
800 2738 858 2790 ὲν
886 2741 960 2811 τῷ
986 2744 1177 2816 κελλίῳ
1213 2766 1313 2818 μου
1331 2791 1345 2814 ,
1373 2754 1464 2806 καὶ
1489 2726 1587 2828 οὐχ
1614 2763 1764 2833 εὑρί-

202 2834 321 2918 σκει)
345 2822 699 2925 ,παράκλησιν
731 2830 835 2883 ἀπὸ
880 2834 971 2886 τοῦ
999 2837 1131 2891 Θεοῦ
1155 2857 1168 2903 ;
1200 2840 1345 2910 λέγει
1379 2847 1526 2918 αὐτῷ
1552 2822 1728 2925 γέρων
1746 2875 1760 2887 ·

198 2908 361 3016 τοῦτό
401 2928 480 2963 σοι
520 2916 803 2983 συμϐαίνει
836 2922 922 2975 διὰ
952 2925 1013 2977 τὸ
1060 2908 1446 3004 συνδιατρίϐειν
1490 2908 1765 3016 σε’άιπρα-

199 3002 442 3105 γοτέριρ,
489 3007 581 3058 καὶ
613 3008 893 3077 βούλεσθαί
936 3034 993 3069 σε
1020 3018 1078 3071 τὸ
1103 3002 1312 3093 θέλημά
1352 3044 1442 3080 σου
1476 3002 1761 3105 προϐῆναι.

202 3090 350 3196 λέγει
393 3094 420 3143 ὁ
450 3096 681 3196 άδελφός
719 3104 963 3174 γέροντι⁹
1009 3110 1062 3161 τί
1096 3108 1187 3166 οὖν
1216 3090 1387 3182 θέλεις
1418 3090 1760 3196 ῐναιποιίὶσω,

203 3181 414 3287 fcit-:9;
450 3185 593 3253 λέγει
622 3189 651 3239 ὀ
691 3192 896 3262 γέρωνο
928 3198 1154 3266 ἄπελθε,
1184 3204 1468 3279 κολλήθητι
1498 3181 1765 3287 ἀνθρωπιρ
1793 3191 1833 3245 C

204 3275 365 3344 233
395 3279 707 3353 φοϐουμένῳ
731 3286 823 3339 τὸν
855 3289 986 3345 Θεόν
1004 3333 1018 3357 ,
1058 3295 1149 3347 καὶ
1180 3275 1510 3358 ταπείνωσον
1541 3275 1765 3364 σεαυτὸν

204 3367 355 3469 αὐτῷ
375 3371 522 3469 ,ικαὶ
551 3371 700 3469 ἐκδος
738 3378 796 3428 τὸ
842 3379 1053 3452 θέλημά
1077 3403 1168 3438 σου
1190 3405 1203 3419 ο
1235 3390 1328 3443 καὶ
1363 3392 1482 3446 τότε
1515 3396 1767 3469 εὑρήσεις

206 3458 550 3530 παράκλησιν
576 3463 682 3516 ἀπὸ
706 3467 799 3519 τοῦ
832 3468 986 3525 Θεοῦ.

274 3632 329 3730 3:.
365 3632 500 3730 Είπε
529 3636 733 3730 γέρων·
773 3642 801 3694 ὀ
834 3645 1209 3720 εἰσερχόμενος
1229 3656 1307 3719 είς
1325 3659 1644 3730 μυρεψικόν,
1669 3665 1770 3719 κᾶν

208 3722 375 3824 μηδὲν
397 3726 660 3824 ἀγοράσῃ,
692 3732 826 3785 ἀλλὰ
852 3737 1065 3802 πάντως
1092 3722 1491 3817 μεταλαμϐάνει
1524 3722 1772 3824 τῆςνεύω-

204 3812 359 3875 δίας·
397 3816 537 3869 οὕτω
590 3824 681 3874 καὶ
714 3824 741 3876 ὀ
783 3829 1143 3897 παραϐάλλων
1186 3840 1295 3901 τοῖς
1346 3846 1642 3912 πατράσιν,
1676 3849 1771 3903 ἐὰν

207 3899 412 3974 θελήσῃ
441 3906 797 3977 ἐργάσασθαι,
848 3917 1283 3979 ὑποδεικνύουσιν
1332 3931 1479 4001 αὐτῷ
1525 3935 1622 4006 τὴν
1656 3938 1770 3992 ὀδὸν

206 3994 307 4060 τῆς
342 4001 716 4069 ταπεινώσεως
736 4022 748 4035 ·
792 4011 886 4061 καὶ
915 4018 1090 4085 τεῖχος
1138 4020 1299 4075 αὑτοῦ
1338 4024 1538 4093 γίνεται
1564 4031 1621 4082 ὲν
1653 4033 1771 4095 ταῖς

208 4084 529 4157 ἐπιδρομαῖς
557 4094 662 4146 τῶν
690 4096 974 4167 δαιμόνων.

279 4176 488 4279 dxi-lina
524 4185 729 4279 γέρων·
755 4190 849 4244 ἐὰν
873 4194 1051 4267 φθάσῃ
1079 4215 1157 4251 σοι
1185 4200 1465 4273 ἀρρωστία
1501 4208 1770 4279 σώματος,

210 4268 304 4369 μὴ,
334 4270 585 4369 ὀλιγώρει
605 4292 620 4306 ο
648 4278 758 4369 ᾲὲάν
788 4282 895 4353 γὰρ
936 4284 1061 4359 θέλῃ
1093 4307 1151 4343 σε
1182 4268 1514 4369 ὀδεσπότης
1550 4268 1642 4352 σου

207 4359 436 4412 κοῠσθαι
474 4364 553 4433 τῷ
593 4367 823 4437 σώματι,
870 4374 933 4425 σὺ
976 4376 1059 4438 τίς
1098 4374 1149 4431 εἴ
1185 4381 1213 4433 ὀ
1240 4381 1635 4455 δυσχεραίνων;
1676 4393 1774 4446 οὐκ

206 4450 371 4553 αὐτός
417 4470 510 4553 σου
545 4459 814 4553 φροντίζει
853 4464 909 4516 ὲν
939 4466 1099 4533 πᾶσις
1130 4470 1204 4541 μὴ
1245 4450 1418 4546 παρέξ
1452 4450 1769 4553 αὑτοῦ-ζῇς

208 4539 523 4602 ἀνεξικάκει
566 4541 658 4598 οὖν
690 4549 778 4601 καὶ
813 4556 1116 4622 παρακάλει
1150 4561 1340 4630 αὑτὸν,

209 4632 558 4721 συμφέροντα
575 4653 587 4665 ·
610 4637 767 4692 τοῦτο
792 4642 899 4712 γάρ
920 4644 1035 4697 ἐστι
1061 4647 1119 4699 τὸ
1146 4648 1353 4721 θέλημα
1382 4632 1584 4711 αὐτοῦ’-1
1608 4661 1771 4715 κάθου

210 4720 351 4787 μετά
381 4724 780 4797 μακροθυμίας,
813 4734 950 4801 φάγε
978 4734 1214 4810 ἀγάπην.

256 4921 446 5023 ,234
471 4922 522 4977 5.
554 4921 687 5023 Eine
771 4933 975 5001 γέρωνο
1014 4938 1169 5005 φύσει
1210 4942 1303 4997 έάν
1329 4946 1475 5000 ἐστιν
1508 4950 1536 5001 ὀ
1568 4951 1774 5023 ἄνθρωο

207 5028 310 5074 πος
350 5014 685 5088 ἀγωνιστής,
717 5021 937 5078 ἀπαιτεῖ
976 5030 1003 5081 ὀ
1031 5029 1159 5095 Θεὸς
1194 5037 1322 5105 παρ’
1353 5039 1545 5103 αὐτοῦ,
1577 5043 1663 5097 ἵνα
1697 5045 1770 5115 μὴ

349 5110 715 5205 προσπάθειαν
766 5114 895 5187 ὕλης
936 5125 1248 5195 σωματικῆς
1276 5103 1395 5192 -ἓως
1429 5136 1629 5201 μικρᾶς
1675 5103 1771 5205 da:

208 5194 357 5294 φίδος
416 5198 635 5294 δύναται
668 5204 772 5275 γάρ
803 5207 1086 5274 ἐμποδίσαι
1121 5194 1283 5269 αὐτοῦ
1312 5218 1400 5271 τὸν
1428 5194 1685 5294 λογισμὸν.
1708 5230 1771 5281 ὲκ

206 5286 307 5354 τῆς
335 5287 645 5360 ἀδολεσχίας
672 5294 763 5347 τοῦ
795 5298 981 5370 ἱμέρου
1009 5303 1213 5359 καὶτοῦ
1243 5310 1489 5377 πένθους,

1868 1946 2065 2015 spiritu
2101 1950 2237 2004 iram
2267 1960 2321 2006 et
2346 1954 2629 2020 malitiam,
2660 1957 2903 2012 exterius
2927 1967 3107 2013 autem
3154 1961 3443 2016 materiam

1866 2046 1921 2093 et
1956 2056 2044 2095 res
2074 2042 2385 2107 sensibiles,
2432 2054 2692 2115 cognatos
2737 2063 2954 2117 quoque
2990 2052 3289 2104 secundum
3319 2067 3441 2105 car-

1866 2143 1989 2184 nem
2016 2130 2285 2202 simulque
2307 2135 2646 2204 voluptates;
2682 2139 3043 2195 renuntiando
3068 2141 3194 2195 item
3222 2142 3449 2198 diabolo

1864 2229 1920 2277 et
1965 2225 2179 2281 cunctis
2228 2228 2488 2296 operibus
2541 2231 2697 2298 eius;
2746 2231 2815 2287 ad
2873 2235 3005 2289 haec
3070 2233 3443 2291 indesinenter

1866 2316 2095 2381 orando,
2127 2326 2181 2372 et
2229 2318 2285 2372 in
2314 2321 2463 2373 omni
2516 2329 2762 2392 tempore
2793 2335 2847 2379 et
2880 2324 3000 2380 loco
3047 2332 3101 2380 et
3137 2329 3355 2398 negotio
3388 2334 3442 2383 et

1864 2422 2029 2477 opere
2059 2409 2327 2464 adstando
2367 2409 2498 2476 Deo,
2545 2423 2998 2485 praesentemque
3039 2418 3325 2472 sentiendo
3375 2432 3441 2472 ac

1861 2500 2171 2556 venerando
2199 2516 2357 2557 eum:
2390 2504 2495 2558 nisi
2520 2505 2666 2575 quis,
2702 2506 2946 2577 inquam,
2972 2507 3109 2562 haec
3137 2509 3320 2563 omnia
3356 2509 3439 2564 fe-

1864 2592 2027 2656 cerit,
2064 2591 2343 2659 perfectus
2374 2609 2493 2651 esse
2518 2612 2624 2649 non
2656 2605 2853 2666 potest.

1948 2681 2003 2735 2.
2052 2681 2246 2738 Frater
2301 2686 2645 2757 interrogans
2705 2704 2890 2743 senem
2932 2705 2947 2744 :
3006 2688 3199 2754 Abba,
3240 2690 3437 2759 inquit,

1864 2773 1958 2842 qui
2000 2772 2077 2838 fit,
2114 2784 2193 2840 ut,
2229 2792 2353 2831 cum
2384 2794 2486 2848 ego
2534 2780 2590 2833 in
2617 2780 2811 2834 cellula
2847 2795 2965 2833 mea
3002 2779 3197 2833 faciam
3243 2788 3439 2833 cuncta

1864 2880 2004 2933 quae
2044 2867 2254 2935 decent,
2302 2878 2484 2925 tamen
2515 2886 2623 2924 non
2651 2872 2920 2925 inveniam
2951 2872 3376 2927 consolationem
3407 2887 3440 2925 a

1865 2955 2017 3011 Deo?
2048 2958 2136 3012 Ait
2165 2960 2242 3013 illi
2274 2976 2474 3016 senex:
2533 2962 2645 3017 Hoc
2672 2963 2769 3016 tibi
2824 2964 3091 3033 contingit
3141 2979 3235 3027 eo,
3292 2964 3437 3033 quod

1865 3050 2021 3102 vanis
2042 3064 2164 3103 cum
2189 3051 2364 3105 otioso
2386 3053 2917 3108 confabulationibus
2946 3054 3220 3124 indulges;
3239 3062 3292 3109 et
3315 3057 3439 3124 quia

1866 3140 2085 3194 omnino
2110 3141 2193 3195 vis
2224 3141 2383 3210 potiri
2415 3150 2601 3211 optato
2625 3146 2956 3198 voluntatem
2988 3153 3158 3199 tuam.
3192 3144 3441 3216 Respon-

1867 3227 1958 3283 det
1987 3228 2154 3284 frater
2177 3232 2294 3286 seni
2322 3252 2333 3287 :
2362 3232 2501 3298 Quid
2530 3234 2695 3305 igitur
2724 3234 2903 3290 facere
2928 3252 3013 3290 me
3038 3236 3212 3301 iubes,
3243 3247 3395 3306 pater
3419 3241 3442 3293 ἳ

1870 3321 2182 3390 Respondet
2228 3340 2433 3379 senex:
2486 3323 2656 3392 Vade,
2707 3326 2782 3380 ini
2842 3327 3263 3381 familiaritatem
3317 3344 3440 3384 cum

1868 3412 1988 3466 viro
2011 3414 2235 3468 timente
2266 3415 2457 3479 Deum,
2498 3425 2552 3472 et
2580 3418 2804 3471 bumilia
2833 3427 2885 3472 te
2915 3419 3092 3488 ipsum
3140 3434 3322 3474 coram
3352 3435 3439 3481 eo.

1868 3512 1926 3558 et
1952 3504 2212 3559 renuncia
2251 3507 2519 3561 voluntati
2568 3516 2722 3563 tuae:
2780 3516 2834 3563 et
2866 3516 2998 3564 tunc
3027 3510 3271 3566 invenies
3304 3526 3438 3565 con-

1870 3593 2189 3649 solationem
2222 3610 2252 3647 a
2279 3594 2410 3651 Deo.

1938 3686 1990 3739 5.
2023 3684 2166 3740 Dixit
2215 3702 2422 3741 senex:
2472 3686 2573 3751 Qui
2624 3687 2927 3757 ingreditur
2968 3689 3278 3759 seplasiam,
3330 3690 3433 3745 etsi

1871 3766 2001 3831 nihil
2030 3783 2194 3841 emat,
2244 3778 2467 3832 omnino
2518 3786 2702 3832 tamen
2740 3780 2944 3832 fruitur
2983 3780 3170 3833 odore.
3216 3779 3308 3833 Sic
3346 3780 3440 3849 qui

1871 3874 2229 3921 conversatur
2285 3883 2407 3921 eum
2465 3869 2734 3936 patribus,
2796 3870 3067 3938 siquidem
3121 3870 3248 3924 velit
3295 3880 3441 3925 recte

1871 3973 2051 4027 agere,
2085 3958 2226 4011 viam
2256 3959 2306 4013 ei
2337 3962 2634 4014 ostendunt
2670 3962 3099 4025 humiliationis;
3147 3969 3201 4016 et
3248 3976 3441 4016 eorum

1870 4047 2113 4114 exempla
2140 4047 2413 4115 verbaque
2446 4049 2618 4103 instar
2642 4051 2717 4103 illi
2748 4050 2888 4104 muri
2923 4057 3051 4104 sunt
3079 4050 3146 4103 ad
3168 4051 3435 4106 arcendas

1872 4138 2197 4191 daemonum
2231 4140 2598 4195 incursiones.

1941 4229 1996 4281 4.
2028 4229 2175 4282 Dixit
2228 4246 2435 4285 senex:
2484 4233 2540 4285 Si
2600 4242 2652 4286 te
2702 4232 2994 4288 infirmitas
3041 4243 3271 4303 occupet
3319 4250 3441 4289 cor-

1874 4320 2044 4388 poris,
2075 4336 2143 4373 ne
2184 4322 2437 4375 demittas
2471 4325 2736 4377 animum.
2778 4323 2834 4378 Si
2895 4328 3037 4379 enim
3090 4328 3219 4379 velit
3256 4326 3441 4381 Domi-

1876 4427 1980 4465 nus
2025 4421 2151 4466 tuus
2204 4415 2397 4467 morbo
2457 4424 2509 4467 te
2564 4429 2824 4482 corporeo
2882 4416 3077 4483 afﬂigi,
3112 4424 3168 4469 tu
3199 4416 3322 4485 quis
3355 4431 3437 4480 es,

1807 4545 1847 4597 Β
1878 4504 1970 4570 qui
2003 4518 2161 4572 aegre
2194 4504 2335 4559 ferre
2364 4505 2610 4560 audeas?
2647 4505 2836 4562 Nonne
2872 4508 2988 4576 ipse
3022 4508 3099 4561 tui
3139 4523 3327 4561 curam
3379 4508 3437 4563 in

1367 4574 1666 4639 παρασχεῖν
1692 4590 1773 4624 σοι
1808 4574 1833 4597 ι

1808 4574 1847 4597 ν
1878 4595 2129 4650 omnibus
2160 4597 2295 4664 gerit
2321 4598 2342 4649 ?
2379 4596 2460 4650 An
2486 4598 2604 4651 sine
2636 4597 2755 4666 ipso
2782 4600 2864 4653 vel
2896 4574 3052 4668 potes
3081 4600 3293 4654 vivere?
3330 4598 3436 4652 Pa-

1875 4689 2073 4743 tienter
2090 4704 2220 4757 ergo
2244 4689 2434 4753 tolera,
2462 4697 2516 4743 et
2541 4705 2637 4743 ora
2687 4706 2830 4753 eum,
2866 4699 2925 4744 ut
2964 4691 3059 4745 tibi
3098 4706 3237 4760 quae
3272 4707 3436 4760 expe-

1877 4780 2033 4834 diunt
2064 4782 2338 4849 praebeat.
2374 4780 2515 4835 Haec
2545 4782 2688 4835 enim
2733 4790 2817 4836 est
2847 4783 3101 4836 voluntas
3130 4783 3265 4837 eius.
3299 4780 3439 4837 Sede

1877 4885 1999 4923 cum
2028 4870 2457 4939 longanimitate,
2490 4870 2713 4924 comede.
2743 4872 3085 4925 charitatem.

1946 4962 2000 5015 5.
2036 4960 2179 5014 Dixit
2205 4978 2366 5017 senex
2392 4980 2403 5013 :
2432 4962 2491 5015 Si
2520 4972 2713 5015 natura
2752 4963 2910 5015 homo
2945 4970 3185 5016 certator
3206 4969 3310 5029 est,
3328 4962 3438 5017 exi-

1874 5053 1950 5119 git
1990 5053 2058 5106 ab
2108 5070 2172 5109 eo
2209 5054 2368 5119 Deus,
2397 5068 2465 5108 ne
2501 5052 2695 5108 affectu
2737 5054 2908 5106 nimio
2944 5054 3227 5107 inhaereat
3266 5062 3439 5108 mate-

1876 5144 1987 5198 riae
2019 5160 2311 5213 corporeae
2345 5146 2619 5213 cuiquam,
2652 5160 2823 5213 usque
2854 5144 2919 5197 ad
2950 5145 3208 5197 minutam
3232 5158 3386 5197 acum
3416 5162 3431 5204 ;

1874 5251 1934 5287 ea
1958 5237 2097 5288 enim
2122 5246 2296 5304 potest
2322 5238 2583 5305 impedire
2606 5246 2837 5294 mentem
2863 5238 2979 5291 eius
3005 5250 3097 5304 per
3114 5234 3430 5303 praestigias

1877 5326 2129 5380 desiderii
2162 5338 2209 5381 et
2244 5332 2523 5386 :noerm'is.

1506 5451 1755 5511 VARIAE
1787 5460 2162 5520 LECTIONES

272 5523 453 5589 Corn,
485 5542 583 5597 pro
614 5531 763 5587 ἐστι.
808 5535 905 5593 Ed.
936 5541 1056 5596 ἐπί.

1683 5697 1931 5757 NOTAE.

286 5813 363 5884 (α)
392 5813 577 5871 Matth.
606 5835 679 5884 ιι,
710 5821 790 5877 12.
