4274 6358
819 384 929 439 235

1600 379 1700 434 SS.
1736 380 2191 438 MACARIORUM
2233 381 2556 440 AEGYPTII
2594 384 2680 440 ET
2737 383 3199 441 ALEXANDRINI

889 501 942 555 6.
977 498 1120 554 Dixit
1146 513 1343 555 senex:
1368 497 1554 554 Oratio
1604 508 1658 553 et
1684 516 1879 556 sensus
1905 502 2073 556 sobrii
2114 511 2168 555 et
2192 517 2387 573 corpo-
2416 511 2461 565 Α
2558 504 2577 558 ί

2358 529 2387 546 ›-
2416 511 2461 565 Α
2558 504 2613 558 6.
2658 501 2789 556 Eine
2837 504 3045 574 γέρων·
3083 517 3356 571 προσευχη
3391 498 3484 551 καὶ
3504 498 3752 567 λογισμοὶ
3790 498 4046 570 νήφοντες

822 592 902 652 ris
923 590 1161 654 vexatio,
1199 590 1393 645 maiori
1424 605 1549 646 cum
1584 591 1864 661 diligentia
1892 592 2002 649 Deo
2055 593 2255 659 oblata,
2305 595 2387 648 in-

818 688 1041 736 struunt
1065 688 1332 751 potestate
1354 680 1410 734 in
1436 680 1741 750 passiones.

893 856 945 909 7.
979 853 1345 925 Interrogatus
1388 860 1473 909 est
1503 868 1665 908 senex
1696 873 1708 907 :
1742 853 1885 920 Quid
1925 862 2030 919 est,
2069 855 2250 911 vivere
2288 856 2385 911 ho-

821 948 1025 1002 minem
1081 954 1339 1015 tanquam
1376 944 1642 1015 hospitem
1673 954 1726 999 et
1771 946 2151 1016 peregrinum?
2194 946 2261 1000 Et
2299 962 2386 1002 re-

822 1037 1081 1108 spondit:
1123 1036 1221 1092 Dic
1264 1037 1385 1099 tibi,
1411 1036 1531 1092 Non
1567 1037 1741 1091 habeo
1779 1036 1869 1091 hic
1902 1039 2194 1108 negotium.
2244 1038 2387 1094 Haec

824 1130 960 1182 itera
986 1129 1131 1183 omni
1164 1137 1406 1197 tempore
1435 1134 1489 1180 et
1520 1126 1575 1180 in
1605 1125 1754 1180 omni
1785 1126 1903 1181 loco
1939 1135 1993 1182 et
2037 1130 2382 1197 operatione:

822 1227 956 1275 tunc
980 1220 1091 1275 eris
1120 1234 1243 1275 vere
1272 1220 1326 1275 in
1353 1226 1498 1274 statu
1528 1218 1766 1274 advenae
1792 1224 1847 1272 et
1871 1219 2163 1289 peregrini.

894 1310 946 1365 8.
983 1310 1127 1365 Dixit
1156 1325 1363 1366 senex:
1403 1308 1529 1363 Vita
1572 1319 1760 1365 sancta
1798 1310 1917 1364 sine
1949 1310 2195 1365 doctrina
2234 1314 2388 1381 plura

826 1401 970 1455 bona
1002 1399 1186 1463 eilicit,
1220 1414 1386 1469 quam
1417 1398 1665 1454 doctrina
1689 1400 1808 1454 sine
1841 1400 1972 1453 vita.
2007 1398 2140 1454 Nam
2161 1412 2386 1456 sanctus

826 1488 1084 1545 indoctus
1141 1489 1228 1545 vel
1299 1496 1487 1543 tacens
1536 1487 1795 1557 prodest;
1846 1488 2036 1545 doctus
2081 1506 2209 1546 vero
2269 1494 2389 1548 sine

824 1581 1141 1645 sanctitate,
1180 1582 1343 1637 etiam
1391 1581 1568 1637 solum
1626 1582 1896 1650 cogitans,
1950 1583 2223 1638 obturbat.
2278 1586 2387 1640 Do-

826 1675 1005 1730 ctrina
1039 1681 1217 1728 autem
1249 1686 1383 1728 sana
1415 1681 1471 1728 et
1500 1672 1608 1726 vita
1645 1681 1833 1729 sancta
1876 1675 1925 1729 si
1958 1676 2013 1729 in
2053 1692 2218 1730 unum
2252 1693 2386 1732 con-

826 1771 1075 1831 currant,
1109 1764 1485 1834 philosophiae
1517 1764 1685 1820 totius
1725 1780 1905 1820 veram
1934 1774 1989 1824 et
2013 1769 2227 1836 plenam
2260 1785 2387 1839 spe-

827 1858 965 1918 ciem
992 1858 1297 1915 absolvunt.

898 1950 952 2005 9.
992 1948 1137 2004 Dixit
1164 1964 1331 2005 senex
1356 1969 1371 2005 :
1395 1949 1472 2006 Ne
1500 1953 1727 2015 ambias,
1750 1957 1913 2021 caput
1941 1950 2053 2005 ﬁeri
2088 1966 2383 2024 congrega-

828 2040 995 2097 tionis
1034 2040 1286 2105 fratrum,
1312 2058 1383 2098 ne
1418 2044 1559 2099 forte
1594 2045 1840 2114 imponas
1872 2044 2013 2098 collo
2042 2051 2137 2100 tuo
2174 2047 2381 2101 alieno-

828 2146 952 2186 rum
982 2145 1149 2187 onera
1186 2142 1553 2202 peccatorum.

902 2222 988 2278 10.
1027 2221 1173 2277 Dixit
1206 2238 1369 2278 senex
1404 2242 1419 2279 :
1453 2225 1575 2280 Vim
1614 2226 1721 2281 sibi
1757 2224 1938 2281 facere
1977 2228 2033 2281 in
2070 2229 2300 2294 orando,
2331 2238 2385 2284 et

828 2314 887 2377 in
919 2316 1164 2371 oratione
1193 2316 1504 2386 persistere,
1551 2318 1721 2390 gignit
1758 2332 1915 2374 orare
1948 2333 2069 2374 cum
2109 2320 2307 2390 gaudio
2333 2330 2387 2375 et

828 2424 955 2467 cum
1002 2410 1202 2479 quiete.
1246 2407 1367 2463 Vim
1401 2412 1546 2465 enim
1590 2410 1692 2465 sibi
1729 2410 1908 2466 facere
1948 2412 2077 2466 boni
2123 2414 2383 2483 pr0positi

828 2507 913 2556 est
937 2515 951 2553 :
973 2513 1132 2557 orare
1162 2508 1340 2557 autem
1368 2514 1489 2556 cum
1526 2500 1704 2571 quiete
1739 2517 1938 2558 munus
1970 2513 2053 2559 est
2087 2505 2310 2574 gratiae.

2413 1844 2460 1904 B

2491 595 2585 649 καὶ
2634 594 2880 665 σώματος
2923 591 3298 660 ὑποπιασμὸς,
3333 590 3420 643 διὰ
3452 590 3691 653 πλείονος
3735 589 4047 660 ἐπιμελείας

2490 684 2932 755 προσφερόμενα,
2990 683 3050 736 τὸ
3104 682 3244 735 κατὰ
3305 681 3414 734 τῶν
3472 680 3662 733 παθῶν
3728 681 4045 736 ἀναδύονταο

2490 776 2707 845 κράτος.

2557 864 2611 917 7.
2659 862 2941 933 Ἦρωτήθη
2965 862 2994 915 6
3013 862 3216 932 γέρων⁶
3248 860 3301 914 τί
3321 862 3434 914 ἐστι
3463 858 3731 925 ξενιτείας
3774 854 4047 915 καὶ·εῐπε·

2490 954 2691 1028 [είπὲἾ
2742 956 2841 1009 οὐκ
2861 954 2967 1025 ἔχω
3000 943 3260 1025 πρᾶγμαθ
3289 954 3379 1010 καὶ
3408 953 3563 1006 τοῦτο
3606 952 3746 1005 ποίει
3787 953 3847 1003 ὲν
3887 953 4047 1005 παντὶ

2487 1048 2661 1119 καιρῷ
2705 1049 2799 1100 καὶ
2833 1047 2985 1118 τόπῳ
3046 1047 3140 1099 κα)⁵
3199 1046 3508 1116 πράγματιο
3554 1044 3650 1098 καὶ
3687 1042 3826 1112 αῦτη
3866 1043 3986 1095 ἐστὶ
4012 1044 4047 1112 ή

2487 1139 2690 1212 ἀληθὴς
2724 1137 2967 1204 ξενιτεία.

2556 1308 2609 1364 8.
2648 1304 2781 1361 Εἷπε
2811 1309 2839 1360 6
2869 1307 3042 1379 γέρων
3062 1320 3076 1337 ο
3096 1308 3177 1360 ὅτι
3204 1306 3313 1376 βίος
3340 1306 3465 1360 ἄνευ
3489 1303 3647 1372 λόγου
3685 1302 3868 1356 πλεῖον
3896 1302 4047 1373 ἔνερ-

2488 1404 2604 1469 γεῖν
2646 1400 2805 1470 235
2838 1400 3077 1468 πέφυκεν
3121 1399 3154 1470 ἢ
3198 1398 3352 1468 λόγος
3388 1398 3513 1452 ἄνευ
3552 1396 3698 1467 βίου·
3731 1398 3762 1449 ό
3802 1394 3901 1465 μὲν
3938 1395 4047 1462 γὰρ

2490 1492 2655 1557 σιγῶν
2702 1490 2927 1559 ώφελεϊο
2971 1490 3001 1542 ό
3024 1489 3081 1541 δὲ
3107 1489 3200 1541 καὶ
3234 1488 3370 1541 νοῶν
3404 1488 3643 1557 ἐνοχλεῖ·
3674 1488 3723 1539 εί
3750 1486 3810 1547 δὲ,
3840 1485 3935 1538 καὶ
3960 1484 4047 1536 λό-

2487 1597 2582 1649 γος
2615 1580 2710 1633 καὶ
2742 1579 2855 1648 βίος
2886 1576 3310 1649 συνδραμοῦνται
3336 1579 3414 1641 είς
3442 1576 3521 1648 ἓν,
3567 1573 3881 1646 φιλοσοφίας
3906 1572 4048 1625 ἀπά-

2490 1690 2589 1743 σης
2615 1672 2963 1727 ἀποτελοῦσιν
2989 1672 3241 1742 ἄγαλμα.¹

2554 1957 2608 2011 9.
2633 1951 2769 2011 Εῑπε
2815 1956 3023 2029 γέρων·
3070 1956 3142 2027 μὴ
3194 1954 3429 2025 σπεύσῃς
3470 1951 3797 2023 κεφαλεῦσαι
3828 1952 4050 2021 ἀδελφό-

2485 2065 2641 2118 τητα’
2673 2048 2759 2102 ἵνα
2791 2050 2863 2121 μὴ
2900 2047 3165 2120 ὲπιθήσῃς
3198 2047 3508 2119 ἀλλοτρίους
3534 2046 3762 2117 φόρτους
3794 2048 4049 2118 ἁμαρτη-

2492 2142 2674 2211 μάτων
2702 2141 2793 2193 ὲπὶ
2820 2140 2896 2211 σῷ
2932 2141 3202 2212 τραχήλῳ.

2562 2229 2647 2284 10.
2683 2226 2817 2283 Εῐπε
2840 2232 2868 2285 ό
2896 2231 3071 2301 γέρων
3093 2246 3106 2259 °
3131 2230 3192 2284 τὸ
3227 2229 3363 2299 μετὰ
3391 2229 3509 2300 βίας
3531 2226 3930 2299 προσεύξασθαι
3958 2222 4054 2278 καὶ

2491 2323 2780 2392 ὑπομένειν
2811 2322 2983 2376 τίκτει
3013 2322 3073 2376 τὸ
3127 2321 3264 2393 μετὰ
3295 2324 3468 2393 χαρᾶς
3502 2321 3596 2374 καὶ
3633 2320 3769 2390 μετά
3804 2316 4053 2372 ἀναπαύ-

2492 2434 2628 2480 σεως
2654 2415 3068 2488 προσεύξασθαι»
3100 2413 3277 2467 καὶτὸ
3312 2414 3408 2483 μὲν
3441 2412 3755 2484 μετὰ.βίας,
3789 2410 3887 2479 τῆς
3919 2426 4053 2481 προ-

2490 2506 2769 2577 αιρέσεως,
2796 2507 2857 2561 τὸ
2886 2506 2941 2561 δὲ
2975 2505 3108 2574 μετὰ
3144 2504 3520 2567 ἀναπαύσεως.
3556 2503 3656 2574 τῆς
3682 2501 3917 2571 χάριτος.

2107 2675 2359 2732 VARIAE
2393 2676 2789 2734 LECTIONES.

903 2793 922 2822 '
958 2792 1088 2845 εἰπὲ
1116 2806 1225 2846 om.
1253 2789 1374 2857 Ed.,
1404 2789 1583 2846 addidi
1612 2805 1677 2845 ex
1707 2795 1849 2845 coni.

2394 3160 2503 3219 III.

1494 3346 2211 3408 APOPHTHEGMATA
2281 3346 2557 3409 SANCTI
2622 3346 2957 3408 MACARII
3014 3346 3387 3407 AEGYPTII

1982 3526 2011 3561 Δ
2061 3525 2138 3563 10.
2194 3524 2347 3563 BAP'I‘.
2393 3522 2691 3564 COTELEBIO
2730 3523 2889 3563 EDITA

901 3683 927 3719 ι
953 3670 1237 3720 Sanctorum
1258 3680 1431 3720 senum
1452 3666 1873 3730 Apopbtbegmata
1905 3681 1921 3712 ι
1951 3678 1989 3713 s.
2020 3679 2063 3713 v.
2090 3659 2337 3785 Macarius
2354 3665 2423 3772 Asc:

1160 4047 1242 4101 De
1274 4045 1520 4100 Macario
1559 4045 1745 4098 abbate
1781 4045 2056 4113 Aegyptio.

915 4139 968 4195 l.
1004 4139 1258 4194 Narravit
1290 4136 1358 4192 de
1385 4152 1443 4192 se
1471 4136 1591 4207 ipso
1617 4134 1883 4189 Macarius
1908 4135 2076 4188 abbas
2111 4132 2393 4202 dixitque:

841 4232 1071 4303 Quando
1122 4244 1273 4287 eram
1332 4228 1567 4291 iuvenis,
1605 4235 1660 4283 et
1700 4226 1758 4281 in
1803 4226 1997 4281 cellula
2043 4224 2295 4280 sedebam
2341 4226 2396 4278 in

841 4330 1082 4395 Aegypto
1105 4360 1121 4385 ,
1148 4319 1624 4390 apprehenderunt
1652 4332 1738 4372 me
1768 4331 1831 4371 ac
1858 4315 2104 4371 fecerunt
2136 4314 2397 4369 clericum

841 4417 901 4471 in
942 4415 1093 4479 vico;
1121 4413 1215 4468 sed
1252 4411 1444 4465 nolens
1490 4409 1839 4479 acquiescere
1872 4406 1983 4479 fugi
2018 4406 2085 4461 ad
2120 4406 2283 4460 alium
2318 4406 2397 4460 lo-

842 4523 987 4564 cum.
1019 4505 1086 4561 Et
1117 4505 1263 4559 venit
1292 4503 1362 4557 ad
1395 4517 1480 4557 me
1512 4500 1807 4557 saecularis
1840 4500 1922 4555 vir
1954 4500 2096 4568 pius,
2129 4498 2223 4567 qui
2255 4497 2398 4551 acci-

842 4600 1025 4669 piebat
1082 4596 1224 4666 quod
1284 4592 1536 4648 manibus
1590 4591 1890 4662 operabar,
1941 4599 1995 4644 et
2052 4588 2403 4643 ministrabat

843 4691 997 4745 mihi.
1029 4687 1269 4756 Contigit
1304 4695 1484 4739 autem
1518 4699 1615 4753 per
1646 4682 2022 4745 tentationem,
2047 4688 2107 4733 ut
2135 4679 2401 4751 quaedam

842 4786 997 4851 virgo
1025 4780 1173 4848 lapsa
1200 4778 1272 4832 sit
1305 4777 1359 4830 in
1387 4783 1655 4844 stuprum.
1685 4774 1760 4827 Ea
1781 4788 1903 4830 cum
1929 4780 2141 4825 uterum
2170 4778 2401 4839 gereret,

844 4870 1299 4940 interrogabatur,
1320 4868 1442 4937 quis
1463 4874 1607 4921 esset
1634 4874 1824 4922 auctor
1853 4863 2131 4918 criminis?
2160 4860 2406 4930 Respon-

847 4964 926 5017 dit
975 4961 1360 5015 anachoretam
1386 4972 1528 5013 esse.
1558 4955 1710 5011 Unde
1736 4956 1942 5025 egressi
1976 4952 2402 5023 comprehende-

848 5059 976 5108 runt
1006 5066 1093 5106 me
1120 5050 1568 5119 adduxeruntque
1600 5046 1668 5101 ad
1698 5048 1909 5112 vicum;
1941 5054 2103 5115 atque
2136 5043 2406 5113 appende-

850 5153 976 5198 runt
991 5142 1132 5198 collo
1152 5140 1376 5212 fuligine
1395 5140 1627 5195 infectas
1649 5138 1785 5193 ollas
1801 5152 1923 5192 cum
1948 5136 2098 5191 ansis
2123 5149 2397 5198 vasorum,

2497 3661 2613 3786 ἓξὲξ
2632 3663 2757 3724 apud
2788 3661 3017 3725 Jo.Bapt.
3041 3662 3358 3724 Coteleriutn,
3382 3663 3515 3714 Eccl.
3544 3664 3716 3715 Graec.
3729 3664 3858 3714 Mon.
3882 3663 3938 3715 Τ.
3960 3661 4009 3721 ι,

2636 4044 2772 4111 Περὶ
2798 4042 2905 4097 τοῦ
2932 4042 3079 4098 ἁϐϐᾶ
3107 4044 3409 4109 Μακαρίου
3447 4042 3553 4096 τοῦ
3580 4042 3925 4110 Αἰγυπτίου.

2572 4138 2624 4194 1.
2680 4138 2983 4207 Διηγήσατο
3033 4138 3157 4207 περὶ
3201 4135 3389 4187 ἑαυτοῦ
3432 4137 3460 4188 ό
3511 4135 3682 4198 ἀϐϐἄς
3739 4136 4060 4207 Μακάριος,

2500 4226 2690 4293 λέγων·
2735 4226 2823 4277 ὅτε
2866 4225 3011 4295 ήμην
3059 4223 3315 4293 νεώτερος
3360 4224 3452 4277 καὶ
3501 4223 3781 4294 ἐκαθήμην
3823 4225 3901 4286 είς
3944 4223 4065 4277 κελο

2501 4318 2613 4370 λίον
2676 4318 2752 4379 εἰς
2814 4316 3097 4383 Αἴγυπτον,
3159 4315 3468 4385 ἐκράτησάν
3540 4332 3605 4383 με
3654 4315 3749 4367 καὶ
3806 4314 4066 4384 ἐποίησαν

2504 4409 2666 4479 236
2695 4408 2950 4480 κληρικὺν
2981 4408 3059 4470 εἰς
3086 4408 3183 4478 τὴν
3218 4407 3428 4479 κώμην·
3464 4407 3557 4460 καὶ⁵
3594 4406 3667 4478 μὴ
3703 4406 3868 4459 θέλων
3900 4423 4065 4459 κατα-

2503 4497 2772 4564 δέξασθαι,
2807 4498 3004 4566 ἔφυγον
3032 4499 3109 4560 είς
3137 4498 3320 4567 ἓτερον
3343 4498 3522 4551 τόπον.
3556 4498 3649 4551 καὶ
3675 4493 3805 4568 ἦλθε
3834 4498 3970 4569 πρός
4002 4515 4067 4568 με

2505 4589 2734 4659 εὐλαϐὴς
2769 4588 3047 4657 κοσμικὸς,
3086 4590 3177 4640 καὶ
3202 4587 3469 4658 ἐλάμϐανε
3497 4588 3557 4640 τὸ
3586 4589 3899 4659 ὲργόχειρόν
3939 4606 4065 4657 μου,

2506 4678 2599 4731 καὶ
2627 4678 2859 4747 διηκόνει
2888 4696 2975 4748 μοι
2996 4693 3009 4708 ·
3038 4677 3230 4748 συνέϐη
3256 4677 3313 4730 δὲ
3338 4678 3444 4730 ἀπὸ
3485 4678 3786 4748 πειρασμοῦ
3814 4680 3832 4709 ⁸
3861 4678 4068 4747 παρθέ-

2507 4786 2593 4823 νον
2628 4770 2747 4822 τινὰ
2772 4772 2848 4832 εἰς
2874 4768 2970 4839 τὴν
3003 4770 3193 4839 κώμην
3226 4771 3494 4822 ἐκπεσεῖν·
3536 4769 3629 4821 καὶ
3653 4768 3887 4821 λαϐοῦσα
3931 4770 4069 4821 κατὰ

2507 4859 2739 4927 γαστρὸς
2788 4860 3032 4928 ἠρωτᾶτο
3074 4859 3157 4921 τίς
3184 4861 3266 4930 εἴη
3315 4863 3343 4912 ό
3381 4859 3536 4912 τοῦτο
3569 4860 3908 4928 πεποιηκώς;
3941 4863 3972 4929 ή
4010 4860 4067 4912 δὲ

2502 4952 2703 5019 ἔλεγεν·
2728 4954 2755 5004 ό
2782 4952 3154 5022 ἀναχωρητής.
3175 4954 3269 5003 καὶ
3297 4952 3598 5015 ἐξελθόντες
3626 4953 3911 5005 συνέλαϐόν
3951 4971 4019 5021 με
4051 4955 4069 4985 ⁸

2505 5042 2583 5103 εἰς
2614 5042 2711 5111 τὴν
2754 5041 2963 5111 κώμην,
3006 5043 3098 5095 καὶ
3130 5043 3440 5112 ἐκρέμασαν
3476 5044 3531 5095 ὲν
3563 5042 3641 5112 τῷ
3686 5046 3936 5115 τραχήλῳ
3969 5063 4071 5116 μου

2506 5135 2886 5203 ὴσϐολωμὲνας
2906 5134 3108 5206 χύτρας
3130 5135 3221 5187 καὶ
3247 5135 3382 5188 ὠτία
3410 5134 3624 5203 κούφων
3663 5136 3760 5208 (a),
3795 5137 3884 5189 καὶ
3915 5153 4073 5208 περι-

2129 5274 2382 5328 VARIAE
2420 5274 2823 5332 LECTIONES.

932 5376 951 5406 ³
973 5375 1059 5429 AI.
1088 5376 1249 5428 inser.
1284 5374 1605 5427 διαϐολικοῦ.
1686 5373 1707 5402 ⁸
1745 5372 1827 5425 Al.
1859 5372 1907 5423 οῐ
1932 5372 2027 5440 τῆς
2078 5369 2290 5439 κώμης.

2321 5474 2567 5530 NOTAE.

909 5618 983 5688 (α)
1016 5619 1277 5688 Κούςρων,
1300 5632 1403 5671 vox
1425 5615 1901 5688 graeco-barbara,
1917 5625 2188 5688 exgraeea
2211 5610 2397 5688 κῦφος,

854 5681 1739 5756 ni‘l‘a'llorJ‘raetergrammaticos.
1760 5684 2112 5756 Orientalium
2134 5681 2401 5756 Syriodiga

856 5758 922 5811 ad
972 5750 1789 5827 Tthpliilum'imperatorem,
1839 5754 1893 5827 in
1942 5751 2252 5827 Originibus
2291 5750 2399 5827 (LP:

858 5822 1165 5885 (lombeﬁsii
1218 5843 1272 5898 Ρ.
1310 5826 1405 5883 151
1445 5822 1471 5882 εν
1496 5824 1788 5896 περικλείει
1837 5823 2022 5876 ἑαυτὸν
2069 5823 2125 5873 ἐν
2164 5822 2273 5882 τοῖς
2313 5822 2401 5871 τοῦ

2510 5610 2813 5678 Δαγιστέως
2859 5610 3089 5679 μεγάλου
3131 5608 3356 5679 λουτροῦ
3404 5609 3515 5663 τῶν
3549 5607 3792 5677 καμίνων
3829 5607 4072 5676 κούφοις.

2507 5680 2574 5804 ἔῃ
2591 5681 2823 5805 οιὲῖὲδιεὶ
2855 5683 3027 5750 magni
3055 5679 3224 5734 balnei
3253 5680 3576 5734 caminorum
3606 5680 3751 5747 cupis
3772 5680 4072 5733 rescindu-

2544 5761 2600 5805 ιι.
2688 5764 2914 5804 orsum.
