4274 6358
222 373 330 429 237

1508 383 2140 444 ΛΡΟΡΗΤΗΕΟΜΔΤΑ.

3361 390 3466 449 238

224 494 576 567 σπόμπευσάν
602 512 667 565 με
691 496 748 548 ἐν
771 498 836 567 τῇ
860 495 1020 567 κώμῃ
1050 497 1189 552 κατὰ
1213 500 1451 569 ἄμφοδον
1470 502 1568 574 (α),
1585 502 1807 558 τύπτον-
1834 511 1876 567 Α
1906 525 1912 554 ε

1776 522 1807 553 ι-
1834 511 1876 567 Α
1906 512 1960 559 et
1992 503 2477 562 circumduxerunt
2509 521 2595 563 me
2627 507 2681 562 in
2713 506 2833 561 vico
2862 521 2958 575 per
2994 507 3249 576 compita,
3277 509 3464 565 verbo-

222 587 317 650 τές
348 602 416 656 με
445 586 539 638 καὶ
579 586 848 654 λέγοντεςο
873 580 1028 650 οὗτος
1054 588 1082 640 6
1110 590 1343 662 μοναχὸς
1369 591 1618 664 ἔφθειρεν
1640 594 1796 666 ήμῶν

222 680 323 749 τὴν
351 676 639 748 παρθένον,
669 678 861 731 λάϐετε
888 679 1071 744 αὐτὸν,
1114 680 1329 736 λάϐετε.
1365 684 1460 737 καὶ
1488 686 1689 755 ἐτυψάν
1727 704 1795 757 με

223 769 602 840 παρὰμικρὸν
628 770 722 822 τοῦ
752 770 1063 826 ἀποθανεῖν.
1092 771 1261 825 ἐλθὼν
1282 774 1339 826 δέ
1366 792 1450 839 τις
1476 776 1580 829 τῶν
1609 778 1795 848 γερόν-

221 877 332 912 των
365 856 551 913 εἶπεν·
581 860 685 923 ἕως
719 860 849 914 πότε
886 861 1116 915 τύπτετε
1143 862 1235 917 τὸν
1280 864 1428 932 ξένον
1460 868 1722 938 μοναχόν;
1766 870 1795 922 6

221 952 277 1003 δὲ
304 951 565 1004 διακονῶν
621 968 710 1022 μοι
753 952 1040 1021 ἠκολούθει
1083 954 1259 1008 ὀπίσω
1311 973 1411 1025 μου
1457 957 1789 1029 αἰδούμενος·

220 1038 362 1112 ἦσαν
386 1042 494 1115 γὰρ
523 1042 832 1113 ὑϐρίζοντες
860 1045 1021 1098 αὐτὸν
1048 1046 1215 1099 πολλὰ
1243 1048 1337 1101 καὶ
1358 1048 1604 1117 λέγοντες
1635 1066 1651 1083 ο
1684 1050 1790 1105 ἰδοὺ

220 1137 249 1187 6
275 1133 769 1205 ἀναχωρητής,ὃν⁸
792 1137 856 1188 σὺ
885 1136 1234 1208 ἐμαρτύρεις,
1252 1140 1303 1192 τί
1329 1141 1549 1211 ἐποίησε
1570 1159 1584 1205 ;
1603 1142 1793 1196 καὶλέ-

220 1242 411 1294 γουσιν
442 1227 493 1278 οἰ
522 1228 698 1294 γονεῖς
734 1227 901 1299 αὐτῆς
924 1245 941 1260 ο
962 1228 1121 1299 237
1152 1233 1253 1283 οὑκ
1280 1232 1584 1302 ἀπολύομεν
1607 1235 1787 1299 αὐτόν,

219 1318 327 1380 ἕως
467 1320 741 1389 ἐγγυητὴν
772 1320 865 1373 τοῦ
910 1321 1133 1392 τρέφειν
1165 1322 1355 1394 αὑτήν.
1401 1328 1495 1377 καὶ
1522 1322 1675 1379 εἶπον
1712 1326 1791 1398 τῷ

220 1411 512 1481 διακονητῇ
558 1427 683 1481 μουο
725 1412 819 1465 καὶ
852 1412 1225 1482 ὲνηγγυήσατό
1256 1431 1345 1483 με.
1398 1416 1496 1469 καὶ
1540 1418 1790 1473 ἀπελθὼν

220 1501 303 1560 εἰς
327 1500 389 1551 τὸ
419 1500 625 1553 κελλίον
658 1518 783 1571 μου,
818 1501 992 1555 ἔδωκα
1034 1502 1179 1573 αὐτῷ
1209 1503 1309 1557 ὅσα
1334 1502 1477 1577 εῐχον
1511 1509 1785 1579 σπυρίδια,

220 1589 398 1658 λέγων
417 1606 431 1621 ο
462 1590 713 1662 πώλησον
744 1596 840 1647 καὶ
878 1595 967 1658 δὸς
988 1599 1054 1663 τῇ
1084 1599 1303 1667 γυναικί
1331 1616 1431 1668 μου
1456 1602 1667 1667 φαγεῖν.
1694 1601 1789 1653 καὶ

220 1681 407 1749 ελεγον
435 1683 512 1753 τῷ
544 1684 785 1755 λογισμῷ
814 1704 913 1755 μου
935 1706 948 1719 ·
984 1690 1255 1762 Μακάριε,
1290 1692 1397 1745 ἰδοὺ
1424 1686 1582 1763 εὗρες
1611 1692 1788 1763 ἑαυτῷ

220 1776 471 1839 γυναῖκα·
502 1776 603 1845 χρὴ
634 1775 960 1845 ἐργάξεσθαι
992 1782 1184 1851 μικρὸν
1205 1782 1461 1851 περισσὸν
1481 1783 1524 1847 ⁸,
1553 1782 1639 1835 τνα
1666 1783 1789 1854 τρέ-

1899 608 2090 652 rantes
2123 611 2186 651 ac
2217 596 2504 653 dicentes:
2530 597 2635 653 Iste
2665 598 2966 653 monachus
2991 598 3201 652 vitiavit
3220 608 3474 655 nostram

1893 687 2194 757 virginem;
2227 688 2405 756 capite
2440 700 2587 751 eum,
2616 688 2815 758 capite.
2851 685 2918 740 Et
2956 695 3347 756 percusserunt
3379 704 3465 743 me

1894 790 2063 844 paene
2079 776 2145 830 ad
2169 778 2707 833 mortennAccedens
2722 794 2849 833 vero
2868 779 3067 849 aliquis
3090 795 3277 834 senum
3303 778 3462 834 dixit:

1891 864 2185 937 Quousque
2223 869 2450 924 caeditis
2491 870 2815 923 monachum
2864 872 3025 924 istum
3087 870 3465 941 peregrinum?

1891 958 1997 1024 Qui
2038 967 2219 1013 autem
2261 960 2390 1014 mihi
2428 961 2797 1023 ministrabat,
2831 962 3163 1031 sequebatur
3195 971 3317 1030 post
3354 977 3460 1025 me.

1891 1048 2100 1119 pudore
2142 1050 2407 1107 sull'usus.
2460 1051 2645 1106 Multis
2694 1053 2894 1123 quippe
2945 1053 3290 1108 contumeliis
3337 1068 3461 1107 eunt

1890 1137 2183 1193 affecerant
2249 1140 2493 1196 dicentes
2546 1159 2560 1195 :
2625 1138 2765 1196 Ecce
2838 1142 3205 1203 anachoreta,
3250 1142 3338 1195 cui
3403 1150 3462 1195 tu

1888 1230 2261 1285 testimonium
2320 1232 2677 1299 perbibebas,
2730 1232 2861 1301 quid
2936 1230 3102 1289 fecit}
3174 1232 3239 1285 Et
3308 1232 3464 1285 aiunt

1889 1329 2141 1391 parentes
2167 1322 2409 1393 puellae:
2440 1323 2557 1378 Non
2586 1324 3100 1388 dimittemuseum,
3126 1323 3301 1379 donec
3328 1324 3463 1377 title-

1889 1413 2153 1469 inssorem
2190 1413 2423 1480 dederit,
2470 1414 2616 1485 quod
2678 1415 2929 1470 aliturus»
2965 1416 3037 1471 sit
3077 1432 3219 1471 eam.
3277 1416 3463 1485 Itaque

1887 1504 2187 1574 signiﬁcavi
2216 1506 2470 1561 ministro
2504 1507 2580 1561 illi
2613 1522 2762 1571 meo,
2802 1515 2856 1561 et
2888 1506 3194 1575 spopondit
3213 1521 3312 1576 pro
3342 1521 3445 1560 me.

1889 1594 2025 1649 Tum
2056 1597 2245 1651 abiens
2272 1597 2326 1651 in
2367 1597 2614 1651 cellulam
2651 1613 2848 1661 meam,
2878 1598 3002 1652 dedi
3031 1598 3080 1651 ei
3132 1598 3461 1667 quashabul

1890 1688 2184 1756 sportulas,
2213 1688 2429 1744 dicens:
2452 1688 2630 1744 Vende
2662 1697 2715 1744 et
2745 1689 2877 1743 all'er
2897 1691 3078 1744 cibum
3109 1691 3267 1744 uxori
3290 1707 3460 1747 meae.

1889 1778 1956 1832 Et
1986 1779 2127 1848 apud
2163 1795 2246 1834 me
2279 1797 2292 1831 :
2328 1779 2551 1841 Macati,
2600 1781 2853 1849 inquam,
2897 1794 3025 1833 ecce
3064 1780 3159 1834 tibi
3208 1780 3463 1834 invenisti

222 1881 330 1934 φης
367 1866 554 1936 αὑτήν
591 1868 683 1921 καὶ
714 1868 1049 1940 εἰργαζόμην
1095 1871 1264 1924 νύκτα
1302 1876 1396 1927 καὶ
1432 1874 1665 1945 ἡμέραν,
1696 1875 1790 1927 καὶ
1823 1860 1861 1913 Β
1891 1886 1910 1923 ι

1776 1878 1790 1927 t
1823 1860 1861 1913 Β
1891 1884 2155 1937 uxorem;
2201 1878 2439 1941 oportet,
2487 1878 2547 1925 ut
2588 1872 2748 1941 paulo
2795 1872 3029 1940 amplius
3070 1870 3315 1933 labores,
3355 1885 3464 1939 quo

221 1958 471 2026 ἔπεμπον
504 1961 661 2031 αὐτῇ.
702 1962 795 2014 καὶ
822 1964 909 2015 ὅτε
935 1960 1095 2034 ἦλθεν
1133 1967 1161 2018 6
1194 1967 1379 2037 καιρὸς
1405 1970 1471 2038 τῇ
1514 1966 1674 2038 ἀθλία
1705 1985 1793 2021 τε-

221 2054 359 2111 κεῖν.
406 2052 617 2122 ἔμεινεν
646 2054 735 2107 ἐπὶ
764 2055 960 2120 πολλὰς
998 2057 1211 2127 ἡμέρας
1240 2057 1637 2129 βασανιζομένη
1656 2101 1669 2122 ,
1697 2060 1792 2113 καὶ

220 2141 325 2192 οὐκ
350 2139 548 2196 ἔτικτε.
590 2143 683 2195 καὶ
729 2142 974 2210 λέγουσιν
1004 2146 1173 2216 αὐτῇ·
1199 2146 1252 2198 τί
1291 2147 1405 2199 ἐστι
1452 2146 1643 2213 τοῦτος
1674 2149 1706 2219 ή
1735 2149 1792 2203 δὲ

222 2227 399 2283 εἶπεν·
428 2230 537 2299 ἐγὼ
564 2230 678 2286 οἶδα
702 2249 715 2263 ·
747 2235 828 2287 ὅτι
848 2234 943 2288 τὸν
969 2235 1323 2308 ἁναχωρητὴν
1352 2240 1787 2310 ἐσυκοφάντησα,

222 2324 321 2376 καὶ
355 2324 670 2395 ψευσαμένη
706 2327 1038 2399 ᾐτιασάμην·
1068 2330 1162 2382 καὶ
1188 2324 1344 2394 οὗτος
1383 2332 1483 2385 οὐκ
1510 2332 1621 2403 ἔχει
1654 2335 1792 2405 πρᾶ-

221 2430 364 2482 γμα,
393 2414 503 2466 ἀλλ’
536 2414 565 2466 6
586 2414 731 2468 δεῖνα
767 2418 796 2469 6
834 2417 1113 2489 νεώτερος.
1145 2421 1237 2472 καὶ
1268 2420 1435 2474 ἐλθὼν
1462 2422 1491 2473 6
1532 2422 1793 2476 διακονῶν

226 2520 321 2572 μοι
346 2504 551 2574 χαίρων
584 2506 788 2573 ἔλεγεν,
817 2509 899 2561 ὅτι
925 2511 1025 2563 οὐκ
1047 2511 1284 2582 ἠδυνήθη
1322 2514 1501 2565 τεκεῖν
1530 2515 1562 2584 ή
1593 2514 1794 2584 παρθέ-

224 2613 314 2658 νος
340 2598 542 2669 ἐκείνη,
571 2600 673 2663 ἕως
697 2593 757 2652 οὗ
798 2601 1115 2673 ὡμολόγησε
1162 2603 1416 2672 λέγουσα,
1447 2605 1529 2658 ὅτι
1557 2606 1656 2659 οὐκ
1679 2605 1790 2675 ἔχει

225 2690 459 2757 πρᾶγμα
491 2691 519 2741 6
543 2692 927 2765 ἀναχωρητής,
960 2697 1073 2749 ἀλλ’
1102 2697 1417 2769 ἐψευσάμην
1453 2700 1572 2754 κατ’
1596 2701 1758 2755 αὑτοῦ
1776 2718 1801 2732 ἠ

226 2781 323 2832 καὶ
347 2781 455 2834 ἰδοὺ
491 2786 638 2836 πᾶσα
676 2788 709 2855 ή
740 2788 900 2856 κώμη
932 2786 1074 2840 θέλει
1108 2788 1280 2841 ἐλθεῖν
1319 2790 1482 2860 238
1524 2784 1624 2845 ὧδε
1658 2794 1796 2863 μετὰ

226 2871 408 2939 δόξης,
434 2876 525 2926 καὶ
552 2878 878 2946 μετανοῆσαι
903 2896 1003 2932 σοι.
1032 2879 1141 2947 ἐγὼ
1163 2880 1219 2933 δὲ
1239 2882 1473 2945 ἀκούσας
1494 2882 1683 2946 ταῦτα,
1712 2885 1797 2938 ἵνα

230 2962 309 3033 μὴ
339 2962 565 3033 θλίψωσί
600 2985 667 3037 με
694 2972 741 3021 οἰ
770 2969 1066 3039 ἄνθρωποι,
1101 2971 1329 3042 ἀνέστην
1359 2973 1451 3026 καὶ
1475 2973 1671 3042 ἔφυγον
1694 2968 1795 3029 ὦδε

227 3056 309 3114 εἰς
328 3054 543 3122 Σκῆτιν.
569 3056 706 3127 αὕτη
731 3058 876 3111 ἐστὶν
904 3060 936 3128 ἡ
959 3059 1217 3129 ἀρχὴτῆς
1233 3060 1431 3124 αἰτίας,
1456 3061 1522 3115 δι’
1546 3065 1611 3133 ῆν
1635 3058 1798 3133 ἦλθον

227 3144 328 3205 ὧδε
359 3150 453 3223 (b).

296 3338 350 3391 2.
383 3333 554 3391 Ἦλθέ
577 3354 706 3390 ποτε
729 3336 1014 3409 Μακάριος
1035 3339 1063 3391 6
1091 3336 1383 3406 Αἰγύπτιος
1411 3340 1519 3393 ἀπὸ
1547 3341 1794 3409 Σκήτεως

230 3427 310 3486 εἰς
339 3424 399 3476 τὸ
427 3426 551 3495 ὅρος
576 3426 675 3493 τῆς
702 3426 1045 3495 Νιτρίας,είς
1070 3424 1167 3495 τὴν
1199 3428 1511 3498 προσφορὰν
1536 3429 1627 3481 τοῦ
1656 3430 1797 3484 ὰϐὅᾶ

230 3515 443 3586 Παμόὦ
463 3530 476 3543 ⁸
505 3515 600 3568 καὶ
641 3515 891 3582 λέγουσιν
920 3516 1066 3585 αὐτῷ
1100 3517 1147 3567 οἰ
1179 3516 1461 3586 γέροντες⁸
1492 3520 1611 3571 εἰπὲ
1649 3522 1795 3592 ῥῆμα

224 3608 340 3666 τοῖς
368 3605 633 3673 ἀδελφοῖς,
675 3606 867 3675 πάτερ.
897 3605 925 3656 6
962 3606 1017 3657 δὲ
1054 3602 1233 3658 εἶπεν·
1267 3606 1378 3675 ἐγὼ
1412 3607 1563 3662 οὔπω
1601 3610 1795 3679 γέγονα

232 3698 487 3766 μοναχός,
510 3696 621 3749 ἀλλ’
650 3692 786 3749 εἶδον
806 3698 1086 3766 μοναχούς⁸
1113 3698 1403 3769 καθημένῳ
1426 3701 1533 3770 γάρ
1559 3702 1646 3771 μοί
1669 3720 1796 3756 ποτε

232 3793 289 3843 ἐν
328 3789 406 3857 τῷ
440 3788 632 3858 κελλίῳ
678 3789 759 3851 εἰς
803 3787 1021 3857 Σκῆτιν,
1063 3788 1313 3859 ῶχλησάν
1356 3808 1442 3860 μοι
1476 3793 1522 3843 οἰ
1555 3792 1800 3862 λογισμοὶ

230 3881 482 3947 λέγοντες
503 3895 521 3912 ο
551 3880 749 3933 ἄπελθε
776 3883 854 3943 εἰς
884 3880 1243 3952 τὴν,ἕρημον,
1273 3883 1366 3934 καὶ
1395 3884 1469 3936 ἰδὲ
1507 3883 1556 3935 τί
1589 3884 1801 3953 βλέπεις

232 3972 379 4023 ἐκεῖ·
406 3971 593 4041 ἔμεινα
620 3972 677 4024 δὲ
710 3971 961 4042 πολεμῶν
1012 3970 1090 4041 τῷ
1116 3973 1357 4044 λογισμῷ
1389 3975 1544 4027 πέντε
1578 3975 1693 4047 ἔτη,
1713 3976 1801 4029 λέ-

232 4080 368 4131 γων,
405 4065 597 4135 μήπως
637 4063 745 4117 ἀπὸ
766 4064 1032 4133 δαιμόνων
1060 4063 1224 4117 ἐστίν.
1257 4064 1351 4116 καὶ
1374 4064 1449 4128 ὡς
1484 4065 1745 4135 ἐπέμενεν
1772 4070 1800 4121 6

234 4154 524 4223 λογισμὸς,
571 4152 809 4224 ἀπῆλθον
840 4155 919 4216 εἰς
958 4153 1058 4224 τὴν
1084 4153 1318 4225 ἐρημονο
1357 4154 1449 4209 καὶ
1473 4148 1630 4225 εὖρον
1685 4159 1801 4210 ἐκεῖ

234 4242 431 4314 λίμνην
455 4242 678 4307 ὑδάτων,
698 4242 789 4295 καὶ
804 4243 963 4313 νῆσον
980 4245 1037 4297 ἐν
1069 4242 1217 4314 μέσῳ
1238 4242 1423 4315 αὐτῆς·
1449 4246 1541 4298 καὶ
1557 4240 1717 4317 ἦλθον
1734 4247 1802 4301 τὰ

235 4335 411 4405 κτήνη
431 4334 530 4402 τῆς
561 4334 769 4404 ἐρήμου
804 4337 945 4386 πιεῖν
974 4333 1033 4397 ἐξ
1053 4334 1223 4403 αὐτῆς
1241 4352 1253 4363 ·
1281 4336 1373 4387 καὶ
1408 4331 1542 4387 εἶδον
1562 4338 1619 4387 ἐν
1656 4338 1803 4407 μέσῳ

235 4425 419 4480 αὐτῶν
431 4425 524 4479 δύο
542 4424 860 4496 ἀνθρώπους
880 4425 1138 4495 γυμνούς⁹
1163 4426 1255 4479 καί⁸
1277 4426 1537 4479 ἐδειλίασε
1558 4428 1619 4480 τὸ
1646 4427 1804 4499 σῶμά

1898 1963 2115 2017 nutrias
2140 1977 2282 2017 eam.
2319 1962 2381 2015 Et
2406 1963 2671 2033 operabar
2695 1970 2858 2016 noctu
2882 1977 2947 2016 ac
2975 1962 3233 2024 interdiu,
3283 1964 3465 2019 mitte-

1892 2052 2126 2122 bamque
2166 2054 2236 2110 ei.
2268 2052 2439 2109 Porro
2470 2070 2595 2108 cum
2634 2055 2851 2110 advenit
2872 2061 3086 2124 tempus
3119 2054 3373 2118 miserae,
3405 2064 3465 2108 ut

1894 2152 2133 2215 pareret,
2171 2145 2238 2197 ad
2274 2146 2475 2201 multos
2510 2146 2627 2202 dies
2656 2146 2712 2200 in
2760 2146 3097 2201 cruciatibus
3143 2148 3464 2219 permansit,

1893 2251 1997 2291 nec
2040 2237 2306 2307 pariebat.
2350 2236 2772 2303 Percontantur,
2828 2238 2957 2312 quid
3004 2241 3106 2293 hoc
3157 2240 3338 2294 esset?
3373 2240 3466 2293 llla

1893 2327 2214 2397 respondit:
2265 2328 2374 2398 Ego
2426 2329 2541 2385 scio
2564 2347 2587 2396 ;_
2614 2330 2872 2398 quoniam
2916 2328 3301 2383 anachoretam
3366 2342 3464 2381 ca-

1893 2420 2159 2474 lumniata
2194 2435 2338 2484 sum,
2388 2421 2735 2491 mendaxque
2782 2421 3068 2486 accusavi;
3116 2436 3293 2490 neque
3320 2420 3467 2475 enim

1894 2510 1984 2564 bic
2020 2510 2076 2564 in
2108 2512 2268 2582 culpa
2302 2520 2406 2578 est,
2467 2512 2561 2567 sed
2611 2512 2703 2567 ille
2737 2512 2969 2567 iuvenis.
3004 2511 3158 2567 Tunc
3188 2512 3279 2581 qui
3308 2511 3455 2566 mini-

1894 2601 2101 2657 strabat
2148 2603 2301 2667 mihi,
2355 2604 2531 2658 laetus
2586 2603 2882 2657 adveniens
2933 2602 3217 2656 nunciavit
3257 2601 3470 2671 :Virgo

1896 2694 1986 2747 illa
2020 2708 2129 2747 non
2179 2694 2356 2763 potuit
2408 2710 2620 2763 parere,
2674 2696 2847 2749 donec
2872 2695 2945 2748 ita
2996 2695 3347 2750 conﬁteretur
3389 2694 3471 2749 di-

1896 2800 2027 2841 cens
2062 2801 2075 2837 :
2110 2782 2230 2839 Νοη
2278 2786 2334 2839 in
2380 2786 2541 2855 culpa
2590 2793 2673 2841 est
2712 2784 3062 2847 anachoreta,
3105 2786 3198 2841 sed
3248 2786 3471 2841 mentita

1898 2894 2018 2934 sum
2060 2879 2321 2934 adversus
2352 2894 2513 2944 eum;
2557 2886 2611 2933 et
2644 2894 2773 2933 ecce
2812 2886 2960 2934 totus
3002 2879 3156 2933 vicus
3184 2878 3291 2931 hnc
3318 2893 3473 2932 acce-

1899 2967 2031 3023 dere
2058 2970 2174 3023 vult
2208 2986 2330 3024 cum
2372 2971 2595 3036 honore,
2632 2978 2688 3023 ut
2727 2970 2939 3024 veniam
2972 2986 3001 3024 a
3042 2978 3093 3024 te
3125 2971 3349 3040 supplex
3380 2984 3475 3039 po-

1898 3060 2078 3116 stulet.
2118 3059 2215 3116 Ilis
2246 3076 2347 3132 ego
2393 3061 2614 3126 auditis,
2672 3077 2740 3115 ne
2775 3061 2911 3115 mihi
2962 3062 3269 3116 molestiam
3320 3075 3476 3130 pare-

1897 3162 2019 3207 rent
2066 3152 2336 3217 homines,
2372 3153 2621 3217 surrexi,
2669 3163 2832 3222 atque
2874 3152 2977 3207 huc
3014 3153 3067 3206 in
3102 3150 3306 3205 Scetim
3339 3150 3471 3221 fugi.

1899 3242 1976 3296 En
2009 3243 2334 3312 principium
2367 3258 2694 3312 causamque
2724 3243 2829 3298 mei
2858 3243 2966 3297 huc
2990 3243 3280 3297 adventus.

1966 3331 2025 3388 2.
2059 3331 2328 3387 Macarius
2374 3334 2671 3405 Aegyptius
2716 3332 3009 3401 aliquando
3048 3348 3080 3387 e
3128 3331 3276 3385 Sceti
3315 3329 3467 3385 venit

1902 3424 1972 3479 ad
2005 3432 2242 3478 montem
2273 3423 2479 3478 Nitriae
2511 3425 2565 3477 in
2607 3424 2884 3478 oblatione
2913 3422 3117 3477 Pambo
3149 3422 3381 3477 abbatis.
3409 3418 3476 3473 Et

1901 3513 2092 3567 dicunt
2117 3515 2166 3566 ei
2195 3528 2355 3567 senes
2382 3528 2395 3565 :
2433 3512 2747 3567 Sermonem
2772 3511 2957 3581 profer
2979 3513 3261 3577 fratribus,
3296 3519 3472 3582 pater.

1903 3601 2038 3657 Tum
2077 3603 2167 3657 ille
2198 3602 2347 3656 iniit:
2380 3601 2491 3673 Ego
2506 3604 2747 3657 nondum
2780 3602 2959 3658 factus
2994 3619 3111 3658 sum
3151 3601 3475 3664 monachus,

1904 3696 1997 3748 sed
2018 3692 2121 3759 vidi
2151 3694 2467 3747 monachos.
2500 3693 2723 3747 Sedenti
2751 3694 2895 3748 enim
2924 3693 3053 3747 mihi
3090 3693 3386 3763 aliquando
3418 3692 3477 3746 in

1904 3787 2101 3839 cellula
2140 3786 2282 3855 apud
2338 3784 2538 3841 Scetim
2589 3788 2849 3841 molestae
2879 3795 3035 3841 erant
3079 3787 3476 3855 cogitationes,

1906 3876 2113 3943 quibus
2139 3876 2366 3929 iubebar
2386 3875 2656 3945 proficisci
2692 3877 2749 3929 in
2780 3877 3155 3939 solitudinem,
3186 3884 3240 3931 et
3266 3876 3475 3941 videre,

1905 3965 2035 4034 quid
2087 3966 2199 4020 illic
2249 3966 2424 4021 oculis
2456 3967 2592 4021 meis
2641 3972 2977 4023 occurreret.
3028 3966 3247 4023 Perstiti
3299 3974 3478 4021 autem

1905 4056 2147 4125 quinque
2194 4059 2375 4120 annis,
2418 4072 2667 4127 pugnans
2699 4058 2963 4113 adversus
2994 4060 3379 4128 cogitationem
3416 4071 3483 4111 ac

1905 4146 2097 4202 dicens
2130 4165 2144 4199 :
2172 4150 2250 4204 Ne
2274 4147 2415 4203 forte
2444 4164 2475 4203 a
2522 4149 2891 4221 daemonibus
2911 4150 3002 4205 sit.
3032 4149 3167 4204 Cum
3194 4164 3325 4203 vero
3356 4164 3478 4219 per-

1906 4248 2183 4297 severaret
2203 4241 2599 4310 cogitatio,abii
2621 4242 2675 4295 in
2695 4257 2957 4298 eremum.
2976 4243 3151 4311 Atque
3171 4240 3280 4295 illic
3298 4240 3479 4297 inveni

1908 4342 2158 4402 stagnum
2182 4347 2307 4386 cum
2338 4332 2517 4390 insula
2540 4332 2595 4386 in
2622 4333 2802 4387 medio
2823 4333 2962 4396 eius,
2982 4341 3037 4387 et
3061 4333 3125 4385 ad
3157 4333 3289 4388 illud
3308 4333 3481 4387 veniev

1907 4421 2042 4475 bant
2061 4422 2267 4475 bestiae
2281 4422 2472 4485 eremi,
2500 4428 2560 4475 ut
2576 4421 2847 4478 biberent.
2879 4422 3026 4488 Quas
3057 4423 3201 4481 inter
3221 4421 3482 4493 conspexi

241 4534 369 4588 μουο
405 4518 567 4587 239
600 4518 826 4587 ἐνόμισα
865 4517 973 4588 γὰρ
1015 4518 1096 4571 ὅτι
1137 4517 1423 4587 πνεύματά
1461 4519 1617 4572 εἰσιν.
1652 4520 1804 4573 αὐτοὶ
1838 4556 1879 4609 D
1914 4533 1929 4567 t

1794 4537 1804 4573 ι
1838 4556 1879 4609 D
1914 4510 2052 4567 duos
2077 4515 2326 4570 homines
2359 4514 2560 4584 nudos,
2596 4516 2993 4569 etcontremuit
3027 4529 3232 4585 corpus
3267 4532 3482 4584 meum;

237 4611 297 4663 δέ
336 4627 402 4679 με
424 4610 498 4672 ὡς
520 4606 656 4662 εἶδον
688 4609 985 4673 δειλιῶντα,
1021 4609 1286 4680 ἐλάλησαν
1314 4610 1449 4680 πρός
1480 4629 1566 4681 με’
1600 4614 1673 4682 μὴ
1707 4630 1803 4681 φο-
1838 4604 1867 4609 ”
1908 4620 1925 4659 ε

1798 4642 1803 4653 ,
1838 4604 1867 4609 ⁷
1908 4604 2213 4659 existimavi
2229 4607 2372 4659 enim
2395 4621 2515 4661 esse
2534 4606 2780 4674 spiritus.
2815 4604 2925 4673 Ipsi
2944 4620 3074 4661 vero
3092 4614 3381 4675 postquam
3399 4622 3486 4661 me

239 4702 358 4754 ϐού-
398 4702 493 4754 auxi.
532 4704 693 4771 ἡμεῖς
722 4701 997 4772 ἄνθρωποί
1039 4704 1223 4773 ἐσμεν.
1260 4704 1353 4756 καὶ
1392 4700 1544 4756 εἷπον
1591 4704 1803 4767 αὐτοῖς·
1912 4713 1927 4747 1

1800 4722 1803 4733 ι
1912 4696 2169 4749 viderunt
2190 4703 2535 4759 trementem,
2558 4697 2632 4749 ita
2652 4696 2822 4750 locuti
2846 4706 2973 4751 sunt
2993 4698 3120 4751 mibi
3143 4716 3156 4751 :
3184 4697 3304 4751 Noli
3333 4698 3488 4752 time-

240 4789 408 4843 πόθεν
430 4789 572 4854 ἐστέ,
604 4790 697 4842 καὶ
724 4788 840 4852 πῶς
870 4790 1060 4859 ήλθετε
1094 4792 1171 4853 εἰς
1210 4790 1306 4860 τὴν
1340 4790 1542 4861 ἔρημον
1567 4792 1805 4864 ταύτην;
1913 4806 1928 4845 1

1798 4809 1805 4857 ;
1913 4806 1992 4858 re;
2015 4792 2177 4846 etiam
2198 4807 2299 4848 nos
2324 4792 2574 4847 homines
2590 4807 2804 4848 sumus.
2825 4792 2890 4844 Et
2905 4792 3017 4846 dixi
3040 4792 3139 4846 iis:
3165 4791 3319 4846 Unde
3333 4792 3486 4855 estis,

242 4884 339 4935 καὶ
382 4878 562 4934 εἶπον·
609 4880 715 4933 ἀπὸ
757 4879 1019 4933 κοινο6ίου
1049 4879 1245 4949 ἐσμέν·
1287 4882 1379 4933 κα)⁵
1419 4882 1638 4949 γέγονεν
1679 4883 1809 4952 ἡμῖν
1913 4897 1930 4937 ε

1802 4898 1809 4929 ι
1913 4890 1969 4937 et
1990 4883 2267 4952 quomodo
2302 4883 2528 4938 venistis
2554 4884 2608 4937 in
2641 4884 2995 4937 solitudinem
3030 4882 3213 4937 hanc?
3242 4881 3490 4953 Respon-

244 4973 556 5043 συμφωνία.
602 4972 694 5024 καὶ
742 4971 1038 5041 ἐξήλθομεν
1077 4964 1211 5025 ὦδε·
1256 4972 1363 5025 ἰδοὺ
1405 4973 1811 5043 τεσσαράκοντα
1915 4986 1932 5023 (

1801 4991 1811 5026 ι
1915 4970 2113 5024 derunt
2142 4991 2154 5027 :
2200 4970 2241 5024 Ε
2273 4971 2544 5027 coenobio
2576 4987 2791 5037 sumus,
2826 4980 2989 5041 atque
3021 4987 3083 5025 ex
3127 4979 3316 5025 mutuo
3361 4986 3489 5025 cono

242 5064 365 5133 ἐτη.
404 5062 495 5115 καὶ
532 5062 561 5114 6
605 5062 702 5129 μὲν
724 5060 743 5091 τ
780 5054 860 5122 εἷς
888 5059 1197 5126 Αἰγύπτιος,
1224 5058 1327 5110 όδὲ
1362 5058 1545 5129 ἕτερος
1577 5058 1811 5120 Λιϐυκὸς
1915 5076 1930 5114 ξ

1803 5075 1811 5119 :
1915 5076 2080 5115 sensu
2114 5065 2324 5133 egressi
2364 5064 2614 5119 venimus
2658 5064 2785 5127 huc,
2822 5078 2951 5120 ecce
2991 5063 3351 5135 quadraginta
3398 5062 3491 5115 ab-

1545 5189 1631 5243 VA
1641 5190 1800 5244 RIAE
1838 5192 2237 5251 LECTIONES.

317 5337 339 5368 ι
380 5335 462 5389 Al.
492 5327 556 5401 ᾧ.

633 5334 653 5363 ⁸
692 5334 776 5387 Al.
821 5330 1113 5401 περισσῶς.
1189 5331 1209 5361 ⁷
1247 5330 1329 5382 Al.
1367 5330 1602 5398 ἔχομεν.

1720 5490 1967 5546 NOTAE.

1925 5633 2234 5706 τωρωι-ΕΛ.
2262 5633 2724 5706 μιεάᾍςὶνςυίνε.
2758 5633 2852 5706 Att
2901 5630 3493 5706 circitarcﬂflorswt.

1994 5703 2067 5773 (ὁ)
2110 5704 2193 5757 Cf.
2262 5699 2376 5760 vv;
2424 5701 2523 5760 [η’.
2574 5704 2751 5759 ltosw.
2801 5703 2891 5759 lib.
2932 5718 2987 5757 Ill
3026 5717 3141 5771 cap.
3183 5700 3279 5766 99;
3322 5701 3416 5754 lib.
3456 5699 3490 5750 V

1924 5775 2087 5830 libcll.
2122 5774 2206 5841 15,
2237 5775 2324 5829 ‘25.

321 5642 396 5709 (α)
429 5638 953 5707 Περιεπόμπευσάν
986 5655 1059 5705 με
1088 5639 1156 5709 ἐν
1184 5637 1254 5709 τῇ
1283 5639 1455 5709 κώμῃ
1479 5639 1603 5690 κατ’
1627 5638 1811 5709 ἄμφω-

248 5707 378 5769 δον.
401 5711 618 5767 Minima
642 5710 936 5761 mutatione
961 5708 1158 5777 corrigi
1187 5707 1343 5762 debet
1375 5707 1569 5777 Pelagii
1596 5708 1771 5761 τοι-εἰη
1802 5726 1809 5755 :

251 5784 506 5837 miserum
536 5796 613 5835 me
653 5780 955 5835 rircituram
984 5780 1035 5830 in
1066 5779 1173 5831 rica
1200 5778 1313 5848 illo,
1349 5778 1634 5835 scribendo
1666 5778 1815 5830 circi-
