4274 6358
791 374 905 442 139

1603 375 1702 431 SS.
1740 376 2195 433 MACARIORUM
2236 375 2560 433 AEGYPTII
2598 376 2685 431 ET
2727 376 3189 433 ALEXANDRINI

3924 372 4028 428 240

792 497 924 551 hinc
953 491 1080 546 anni
1111 489 1527 562 praeterierunt.
1562 489 1738 560 Atque
1764 508 1907 547 unus
1933 508 1964 548 e
1987 494 2145 546 nobis
2178 493 2354 562 Aegy—
2382 496 2425 551 Α
2456 492 2480 544 ὑ

2339 522 2354 534 -
2382 496 2425 551 Α
2456 492 2710 561 ὑπάρχει.
2728 492 2822 545 καὶ
2846 492 3207 563 ὲπηρώτησάν
3232 508 3299 563 με
3323 493 3419 546 καὶ
3453 489 3609 545 αὐτοὶ
3626 485 4027 555 λέγοντεςηπῶς

790 590 939 657 ptius
958 591 1065 647 est,
1093 583 1230 637 alter
1245 580 1495 653 Libycus.
1523 581 1629 649 ipsi
1648 598 1863 653 quoque
1882 585 2355 653 interrogaverunt

789 691 878 731 me
902 684 958 729 et
990 676 1288 729 dixerunt:
1321 673 1609 739 Quomodo
1639 690 1697 727 se
1731 674 1895 727 habet
1936 674 2217 727 mundus?
2260 672 2355 726 Ve-

789 768 945 820 nitne
973 779 1114 833 aqua
1145 764 1200 816 in
1233 770 1475 831 tempore
1508 761 1651 816 suo?
1689 761 1922 816 Mundus
1948 762 2228 816 obtinetne
2258 761 2355 814 ab-

791 854 1106 910 undantiam
1156 853 1411 906 solitam?
1456 850 1732 921 Respondi
1774 870 1789 906 :
1849 852 2041 906 Etiam.
2101 850 2351 906 Vicissim

788 963 888 1018 ego
917 954 1269 1016 percontatus
1294 961 1412 1000 sum
1444 964 1456 998 :
1495 943 1743 1013 Quanam
1776 945 1987 1000 ratione
2020 944 2133 999 ﬁeri
2166 953 2354 1014 potero

790 1037 1125 1092 monachus?
1176 1035 1344 1089 Aiunt
1398 1035 1531 1089 mihi
1568 1054 1581 1088 :
1627 1035 1742 1090 Nisi
1782 1036 1905 1104 quis
1950 1036 2356 1090 renunciaverit

790 1129 1048 1184 omnibus
1077 1129 1264 1181 mundi
1296 1129 1482 1189 rebus,
1518 1143 1624 1181 non
1669 1135 1841 1197 potest
1880 1128 1994 1182 fieri
2031 1128 2351 1181 monachus.

791 1217 991 1288 Excepi
1028 1237 1040 1272 :
1078 1218 1189 1288 Ego
1210 1217 1460 1273 infirmus
1489 1234 1632 1282 sum,
1668 1233 1761 1272 nec
1787 1234 2006 1287 possum
2043 1218 2203 1273 sicuti
2238 1233 2352 1270 vos.

791 1309 1129 1379 Exceperunt
1152 1308 1408 1363 etiamilli
1438 1327 1451 1361 :
1480 1307 1535 1361 Si
1563 1324 1667 1362 non
1697 1318 1872 1379 potes,
1898 1309 2355 1378 quemadmodum

790 1417 914 1467 nos,
935 1401 1061 1456 sede
1080 1403 1136 1454 in
1154 1400 1349 1454 cellula
1368 1407 1483 1465 tua,
1501 1407 1555 1454 et
1580 1410 1799 1470 peccata
1822 1410 1911 1454 tua
1931 1400 2086 1456 deﬂe.
2102 1400 2355 1466 Quaesivi

791 1492 859 1546 ab
885 1492 965 1547 eis
993 1511 1006 1545 :
1043 1491 1272 1558 Quando
1313 1492 1489 1546 hiems
1518 1501 1625 1556 est,
1661 1507 1842 1544 nonne
1873 1492 2101 1562 algetis?
2137 1491 2357 1560 quando

792 1589 978 1637 aestus
995 1592 1099 1645 est,
1126 1599 1307 1638 nonne
1335 1585 1513 1638 uritur
1532 1599 1733 1652 corpus
1754 1595 1991 1637 vestrum
2010 1584 2033 1634 ?
2049 1581 2361 1652 Responde-

793 1682 953 1727 runt:
986 1673 1128 1729 Deus
1155 1690 1285 1743 erga
1302 1690 1404 1729 nos
1426 1675 1528 1729 hac
1551 1690 1685 1730 usus
1702 1682 1785 1728 est
1807 1675 2241 1743 dispensatione:
2269 1689 2356 1727 ne-

788 1780 897 1834 que
929 1765 1103 1819 hieme
1126 1766 1382 1835 rigemus,
1410 1780 1585 1835 neque
1607 1772 1814 1820 aestate
1838 1782 1941 1820 nos
1954 1773 2140 1819 aestus
2168 1765 2351 1819 laedit.

788 1853 1083 1923 Propterea
1112 1855 1223 1908 dixi
1245 1855 1419 1919 vobis,
1456 1870 1541 1909 me
1576 1855 1815 1907 nondum
1851 1870 1974 1908 esse
2003 1854 2352 1921 monachum,

791 1945 885 1999 sed
916 1945 1118 1999 vidisse
1155 1946 1479 2000 monachos.
1508 1944 1780 2014 ignoscite
1826 1945 1983 2003 mihi.
2028 1944 2247 1999 fratres.

860 2035 913 2087 5.
952 2033 1222 2090 Macarius
1253 2035 1421 2089 abbas
1456 2051 1579 2091 cum
1612 2037 1664 2088 in
1703 2034 2015 2088 omnimoda
2060 2034 2356 2088 solitudine

792 2120 1105 2177 habitaret:
1153 2123 1303 2178 solus
1338 2131 1519 2177 autem
1565 2124 1677 2177 illic
1715 2124 2152 2178 anachoreticam
2189 2125 2353 2178 vitam

791 2212 1053 2281 ducebat;
1086 2215 1229 2269 infra
1258 2232 1387 2271 vero
1416 2218 1521 2272 alia
1556 2225 1676 2272 erat
1723 2233 1961 2281 eremus,
1994 2218 2049 2271 in
2080 2233 2187 2286 qua
2235 2220 2355 2288 plu-

790 2318 881 2357 res
912 2302 1106 2359 fratres
1138 2306 1440 2376 degebant:
1488 2308 1594 2362 ista
1624 2308 1790 2378 igitur
1833 2308 1887 2361 in
1919 2309 2216 2363 solitudine
2255 2312 2356 2365 ali—

792 2396 1013 2463 quando
1046 2412 1143 2467 per
1172 2399 1315 2451 viam
1350 2399 1800 2468 circumspiciens
1830 2413 2018 2461 senex,
2042 2399 2178 2453 vidit
2212 2408 2358 2454 sata-

792 2505 919 2545 nam
972 2490 1278 2543 venientem
1327 2490 1383 2546 in
1423 2490 1595 2560 ﬁgura
1636 2490 1894 2551 hominis,
1940 2497 1999 2544 ut
2055 2492 2261 2555 locum,
2301 2491 2357 2545 in

790 2597 901 2650 quo
935 2588 1074 2645 erat,
1116 2583 1409 2637 transiret:
1459 2581 1757 2651 apparebat
1794 2588 1974 2635 autem
2016 2583 2172 2651 quasi
2211 2582 2359 2636 tuni-

793 2688 912 2726 cam
930 2683 1148 2744 gestans
1170 2674 1368 2729 lineam
1385 2674 1741 2744 perforatam,
1762 2689 1790 2726 a
1820 2674 1979 2729 cuius
1998 2672 2358 2729 foraminibus

792 2762 1104 2831 pendebant
1136 2780 1336 2835 parvae
1358 2764 1580 2836 lecytbi.
1617 2764 1758 2817 Dicit
1797 2765 1846 2818 ei
1886 2782 2053 2820 senex
2085 2782 2353 2836 magnus:

794 2854 914 2917 Quo
930 2854 1084 2908 vadis
1101 2854 1124 2907 7
1142 2853 1445 2923 Respondit
1471 2874 1483 2907 :
1512 2852 1835 2907 Proficiscor
1860 2855 1926 2908 ad
1954 2855 2170 2923 fratres,
2196 2869 2253 2911 ut
2291 2859 2358 2913 iis

793 2958 1102 3015 suggeram.
1148 2945 1287 2999 Tum
1334 2961 1499 3000 senex
1540 2962 1553 2997 :
1610 2944 1675 2998 Et
1724 2960 1892 3015 quare
1940 2947 2035 3005 tibi
2089 2949 2360 3017 ampullae

792 3033 939 3087 hae?
978 3034 1119 3088 llle:
1168 3033 1351 3088 AlIero
1402 3034 1663 3090 fratribus
1710 3037 2073 3094 condimenta.
2129 3038 2354 3093 Senex:

794 3125 859 3176 Et
887 3125 1020 3178 haec
1051 3126 1277 3179 omnia?
1320 3126 1539 3196 Excepit
1574 3146 1587 3180 :
1628 3127 1831 3191 Etiam;
1858 3128 1902 3182 si
1931 3130 2018 3182 cui
2048 3144 2215 3182 unum
2247 3143 2356 3183 non

792 3215 1079 3285 placuerit,
1111 3215 1255 3269 aliud
1286 3218 1502 3285 porrigo
1545 3234 1559 3270 :
1600 3216 1646 3270 si
1682 3232 1853 3291 neque
1892 3218 2012 3279 hoc,
2052 3218 2122 3271 do
2164 3220 2350 3273 aliud:

792 3308 1013 3360 omnino
1048 3315 1227 3361 autem
1254 3310 1338 3370 ζει
1390 3308 1499 3362 illis
1538 3309 1729 3364 saltem
1775 3326 1942 3363 unum
2007 3310 2241 3378 placebit
2280 3311 2354 3365 ei.

793 3399 942 3462 Quae
964 3412 1088 3451 cum
1117 3396 1367 3461 dixisset,
1390 3399 1542 3452 abiit.
1563 3399 1631 3452 At
1662 3415 1828 3455 senex
1862 3402 2141 3464 remansit,
2168 3401 2357 3455 obser-

792 3504 929 3543 vans
958 3488 1097 3550 vias,
1140 3488 1314 3544 donec
1350 3499 1734 3545 reverteretur.
1760 3490 1939 3559 thue
1978 3492 2261 3561 conspexit
2292 3492 2357 3546 il-

791 3579 902 3633 lum
934 3596 1120 3643 senex,
1148 3580 1223 3633 ait
1263 3597 1276 3632 :
1312 3580 1507 3636 Salvus
1534 3582 1631 3636 sis.
1656 3580 1749 3636 ille
1772 3583 2052 3650 rc5pondit
2077 3602 2089 3636 :
2118 3584 2357 3649 Quomo-

791 3669 863 3722 do
885 3657 1201 3741 contingere
1230 3671 1363 3725 mihi
1391 3673 1608 3741 poterit,
1642 3680 1699 3725 ut
1732 3674 1917 3728 salvus
1953 3674 2090 3727 siin?
2127 3674 2301 3729 Senex
2338 3695 2349 3729 :

791 3761 1015 3826 Quare?
1050 3763 1140 3816 Ille
1176 3762 1370 3828 :Quia,
1401 3764 1599 3833 inquit,
1640 3765 1819 3819 cuncti
1848 3765 1977 3817 mihi
2010 3764 2228 3819 fuerunt
2256 3767 2355 3819 im-

790 3852 971 3914 mites,
1010 3867 1108 3906 nec
1151 3853 1292 3907 ullus
1328 3855 1458 3907 mihi
1483 3856 1644 3908 favet.
1688 3854 1769 3908 Ad
1810 3872 1931 3909 eum
1963 3873 2129 3911 senex
2168 3877 2179 3911 :
2223 3857 2353 3912 Nul-

790 3943 945 3999 lusne
973 3960 1100 4014 ergo
1140 3946 1251 3999 illic
1283 3947 1381 4001 tibi
1420 3948 1669 4001 amicus?
1720 3948 1813 4000 ille
1854 3950 2133 4017 respondit
2170 3970 2181 4003 :
2224 3950 2351 4017 Nae,

791 4050 959 4089 unum
1010 4037 1080 4090 ibi
1120 4039 1443 4091 monachum
1487 4039 1721 4092 amicum
1763 4040 1953 4103 habeo,
1979 4044 2069 4109 qui
2108 4044 2189 4095 vei
2239 4043 2355 4111 ipse

790 4126 923 4178 mihi
956 4127 1313 4195 obtemperat,
1343 4137 1395 4181 et
1428 4142 1553 4179 cum
1600 4143 1685 4181 me
1734 4130 2023 4195 conspicit,
2073 4144 2235 4182 aurae
2272 4131 2354 4181 iu-

792 4229 904 4273 star
926 4222 1173 4274 vertitur.
1200 4220 1336 4274 Tum
1362 4237 1527 4275 senex
1551 4220 1869 4285 :Quomodo
1898 4231 2122 4274 vocatur
2152 4222 2354 4275 frater?

793 4309 883 4363 Ille
912 4310 1025 4363 ait:
1062 4308 1482 4379 Theopemptus.
1521 4308 1639 4374 Quo
1672 4310 1817 4363 dicto
1860 4298 2134 4364 discessit.
2178 4312 2354 4379 Atque

794 4417 1024 4472 surgens
1057 4402 1327 4455 Macarius
1354 4402 1523 4457 abbas
1560 4402 1791 4470 perrexit
1821 4400 1886 4453 ad
1913 4401 2220 4455 inferiorem
2242 4418 2353 4458 ere-

2455 586 2484 636 6
2509 584 2745 652 κόσμο;;
2779 584 2873 637 καὶ
2897 586 2944 636 ει
2979 585 3193 655 ἔρχεται
3224 585 3283 637 τὸ
3304 584 3445 653 ὕδωρ
3471 584 3611 638 κατὰ
3634 582 3820 651 καιρὸν
3839 577 4027 641 αὑτοῦ.

2457 676 2549 728 καὶ
2583 676 2631 726 εἰ
2665 674 2778 744 ἔχει
2805 676 2834 727 6
2872 676 3074 745 κόσμος
3110 676 3209 746 τὴν
3240 675 3491 747 εὐθηνίαν
3520 670 3684 727 αὑτοῦ
3709 708 3724 736 ,
3761 672 3853 725 καὶ
3874 666 4030 723 εἷπον

2454 767 2638 829 αὐτοῖς
2660 782 2674 796 ·
2708 767 2815 819 ναί.
2856 767 3012 833 κάγὼ
3058 767 3254 830 αὐτοὺς
3295 767 3553 837 ἠρώτησα
3576 780 3593 795 ·
3620 764 3740 830 πῶς
3788 763 4028 833 δύναμαι

2460 855 2702 925 γενέσθαι
2752 858 3018 929 μοναχόςξ
3046 858 3143 911 καὶ
3188 858 3403 927 λέγουσι
3435 873 3559 929 μοι·
3584 858 3680 915 ἐὰν
3714 857 3787 928 μὴ
3817 857 4025 909 ἀποτά-

2458 948 2612 1019 ξηται
2637 966 2721 1014 τις
2747 951 2880 1003 πᾶσι
2901 953 3015 1014 τοῖς
3039 950 3133 1003 τοῦ
3159 951 3386 1022 κόσμου,
3415 952 3477 1004 οὐ
3516 950 3735 1005 δύναται
3769 947 4027 1017 γενέσθαι

2459 1040 2709 1109 μοναχός.
2741 1040 2838 1093 καὶ
2861 1036 3014 1095 εἷπον
3033 1042 3215 1105 αὐτοῖς
3236 1058 3251 1073 ·
3279 1041 3391 1110 ἐγὼ
3434 1043 3668 1111 ἀσθενής
3696 1042 3813 1111 ειμι
3837 1040 3934 1093 καὶ
3961 1040 4026 1091 οὐ

2456 1131 2687 1201 δύναμαι
2714 1132 2787 1194 ὡς
2812 1132 2991 1202 ὑμεῖς*
3037 1135 3132 1187 καὶ
3163 1130 3315 1186 εἶπόν
3343 1151 3432 1203 μοι
3458 1135 3552 1186 καὶ
3588 1132 3761 1186 αὑτοῦ
3793 1133 3890 1185 καὶ
3928 1130 4026 1183 ἐὰν

2455 1220 2516 1272 οὐ
2556 1220 2775 1273 δύνασαι
2817 1221 2894 1284 ὡς
2920 1223 3110 1292 ἡμεῖς,
3141 1221 3309 1277 κάθου
3333 1225 3413 1286 εις
3441 1223 3502 1275 τὸ
3542 1221 3748 1274 κελλίον
3778 1238 3894 1283 σου,
3928 1220 4029 1271 καὶ

2458 1312 2689 1366 κλαῦσον
2711 1314 2809 1377 τὰς
2828 1314 3099 1385 ἁμαρτίας
3128 1331 3244 1367 σοι.)⁸
3269 1316 3363 1368 καὶ
3378 1316 3637 1385 ἠρώτησα
3657 1313 3872 1375 αὐτούς·
3895 1312 4025 1363 ὅταν

2457 1403 2669 1474 γίνηται
2698 1403 2920 1474 χειμών,
2966 1405 3029 1457 οὗ
3066 1407 3290 1476 ριγᾶτε;
3326 1407 3421 1459 καὶ
3461 1406 3590 1458 ὅταν
3619 1406 3835 1473 γίνηται
3863 1402 4027 1474 ξω

2457 1493 2643 1563 καῦμα
2662 1532 2677 1554 .
2707 1494 2768 1545 οὐ
2793 1494 3007 1547 καίεται
3038 1494 3105 1547 τὰ
3132 1493 3361 1564 σώματα
3397 1494 3588 1563 ὑμῶν,
3621 1497 3669 1549 οἱ
3700 1496 3757 1547 δὲ
3786 1488 3960 1546 εἷπον·
3995 1494 4026 1545 6

2456 1585 2585 1646 Θεὸς
2615 1584 2869 1655 ἐποίησεν
2894 1586 3025 1655 ἡμῖν
3060 1584 3157 1655 τὴν
3189 1586 3494 1654 οἰκονομίαν
3529 1586 3753 1655 ταύτην-
3780 1586 3873 1637 καὶ
3899 1583 4023 1636 οὔτε

2455 1676 2532 1745 τῷ
2555 1675 2779 1747 χειμῶνι
2817 1676 3079 1746 ριγῶμεν,
3117 1676 3240 1729 οὔτε
3278 1678 3356 1747 τῷ
3387 1678 3538 1748 θέρει
3574 1678 3635 1730 τὸ
3661 1677 3847 1747 καῦμα
3876 1677 4024 1746 ἡμᾶς

2456 1767 2647 1821 ἀδικεῖ.
2677 1767 2765 1820 διὰ
2789 1766 2947 1820 τοῦτο
2978 1762 3130 1819 εἷπον
3156 1749 3303 1837 ὑμίν,
3340 1770 3422 1821 ὅτι
3450 1768 3603 1821 οὔπω
3630 1768 3827 1836 γέγονα
3861 1785 4025 1836 μονα-

2456 1857 2581 1926 χὸς,
2634 1857 2749 1911 ἀλλ’
2791 1854 2927 1910 εἶδον
2969 1858 3252 1927 μοναχούς.
3280 1860 3671 1929 συγχωρήσατε
3705 1876 3794 1929 μοι
3820 1898 3834 1921 ,
3865 1858 4022 1911 dis).-

2458 1948 2547 2016 φοί
2583 1948 2680 2017 (a).

2525 2040 2578 2094 5.
2626 2039 2687 2095 Ὀ
2713 2039 2888 2103 ἀϐεᾶς
2922 2040 3203 2109 Μακάριος
3226 2040 3314 2092 ὅτε
3343 2038 3476 2109 ᾤκει
3502 2040 3561 2093 ὲν
3597 2042 3662 2109 τῇ
3693 2042 3904 2111 πανερή
3916 2057 4020 2111 μῳο

2454 2127 2522 2203 ἦν
2556 2132 2613 2183 δὲ
2655 2132 2812 2203 μόνος
2839 2135 2895 2184 έν
2931 2132 3065 2202 αὐτῇ
3106 2132 3421 2202 ἀναχωρῶν,
3458 2134 3761 2201 παρακάτω
3794 2132 3849 2184 δὲ
3890 2134 4023 2204 ἄλλη

2456 2224 2661 2293 ἔρημος
2690 2217 2759 2293 ἦν
2798 2221 3058 2275 πλειόνων
3089 2221 3354 2289 ἀδελφῶν.
3386 2223 3682 2292 παρετήρει
3708 2222 3764 2274 δὲ
3793 2224 3821 2273 6
3846 2223 4025 2293 γέρων

2456 2314 2554 2386 τὴν
2576 2314 2713 2378 ὁδόν,
2734 2316 2826 2368 καὶ
2853 2315 2958 2386 ὁρᾷ
2986 2313 3077 2367 τὸν
3119 2315 3377 2377 σατανᾶν,
3410 2314 3769 2383 ἀνερχόμενον
3805 2315 3859 2364 ἐν
3890 2314 4022 2382 σχή-

2462 2424 2589 2475 ματι
2634 2403 2955 2478 ἀνθρώπου,
3000 2405 3293 2475 παρελθεῖν
3329 2404 3395 2458 δι’
3448 2405 3641 2459 αὐτοῦ·
3691 2406 3941 2471 ἐφαίνετο
3967 2406 4023 2457 δὲ

2456 2498 2531 2561 ὡς
2576 2499 2851 2568 στιχάριον
2896 2495 3075 2567 φορῶν
3119 2496 3296 2549 λινοῦν
3341 2495 3697 2566 τρωγλωτόνσ
3743 2496 3839 2547 καὶ
3884 2494 4024 2547 κατὰ

2456 2588 2757 2659 τρυμαλιὰν
2796 2587 3071 2659 ἐκρέματο
3106 2586 3361 2654 ληκύθιον
3415 2586 3455 2640 ⁸.
3505 2586 3597 2637 καὶ
3637 2586 3783 2653 λέγει
3822 2585 3971 2654 αὑτῷ
3996 2587 4024 2637 6

2457 2680 2635 2750 γέρων
2658 2679 2686 2729 6
2718 2678 2890 2747 μέγας
2912 2694 2927 2709 ⁶
2951 2676 3055 2733 ποῦ
3078 2677 3282 2749 πορεύῃ
3303 2694 3318 2742 ;
3346 2679 3440 2730 καὶ⁸
3463 2673 3615 2730 εἶπεν
3647 2676 3815 2747 αὐτῷ·
3853 2676 4025 2745 ἀπέρ-

2458 2786 2623 2841 χομαι
2647 2764 2953 2840 ὑπομνῆσαι
2972 2769 3096 2831 τοὺς
3113 2766 3373 2836 ἀδελφούς
3397 2768 3493 2835 (b).
3522 2770 3550 2820 6
3574 2767 3632 2820 δὲ
3660 2766 3838 2836 γέρων
3870 2763 3990 2819 εἷπε
4008 2783 4023 2797 ·

2460 2861 2553 2912 καὶ
2575 2860 2660 2913 ἵνα
2682 2859 2735 2910 τί
2759 2876 2841 2911 σοι
2873 2858 2942 2910 τὰ
2966 2856 3198 2928 ληκύθια
3213 2859 3233 2889 ⁸
3256 2857 3423 2909 ταῦτα
3444 2874 3458 2922 ;
3488 2858 3581 2910 καὶ
3598 2852 3717 2909 εἷπε
3739 2873 3751 2886 ·
3775 2857 4027 2927 γεύματα

2460 2950 2721 3019 ἀποφέροι
2754 2952 2867 3012 τοῖς
2905 2949 3170 3018 ἀδελφοῖς.
3201 2950 3230 3002 6
3257 2950 3314 3001 δὲ
3342 2949 3518 3019 γέρων
3555 2945 3695 3001 εἷπε
3733 2950 3827 3000 καὶ
3852 2948 4027 3001 ταῦτα

2460 3042 2589 3107 ὅλας
2616 3039 2917 3110 ἀπεκρίθη·
2946 3040 3034 3093 ναί
3054 3056 3068 3069 ⁸
3103 3039 3259 3111 24],
3293 3040 3387 3091 ἐὰν
3417 3040 3491 3110 μὴ
3517 3040 3579 3092 τὸ
3609 3041 3665 3092 ἓν
3688 3041 3861 3110 ἀρέσῃ
3893 3039 4023 3104 τινί,

2384 3162 2426 3219 C
2460 3134 2609 3204 φέρω
2654 3132 2799 3186 ἄλλο·
2847 3134 2940 3183 ἐὰν
2974 3132 3031 3185 δὲ
3060 3132 3193 3203 μηδὲ
3224 3131 3413 3195 τοῦτο,
3444 3132 3572 3185 διδῶ
3605 3133 3765 3185 ἄλλο·
3810 3132 4028 3193 πάντως

2457 3225 2513 3276 δὲ
2545 3223 2606 3287 ἐξ
2627 3222 2805 3276 αὐτῶν
2848 3222 2949 3275 κᾶν
2990 3222 3047 3276 ἓν
3077 3225 3264 3294 ἀρέσει
3308 3222 3473 3293 αὐτῷ.
3517 3225 3626 3275 Καὶ
3659 3224 3824 3276 ταῦτα
3854 3222 4029 3274 εἰπὼν

2454 3310 2714 3385 ἀπῆλθεν·
2762 3317 2791 3367 6
2826 3315 2882 3368 δὲ
2920 3316 3099 3386 γέρων
3154 3315 3335 3385 ἔμεινε
3388 3316 3874 3387 παρατηρούμενος
3931 3315 4028 3374 τὰς

2452 3406 2604 3470 ὁδοὺς
2628 3407 2733 3471 ἕως
2764 3406 2924 3461 πάλιν
2952 3410 3156 3469 ἐκεῖνος
3176 3407 3462 3477 ἐπανῆλθε.
3486 3408 3581 3458 atat
3602 3406 3677 3468 ὡς
3704 3402 3843 3458 εἶδεν
3865 3405 4029 3457 αὐτὸν

2457 3499 2486 3550 6
2507 3502 2703 3570 γέρων,
2725 3498 2873 3567 λέγει
2901 3500 3069 3569 αὐτῷ·
3100 3500 3351 3567 σωθείηςο
3374 3501 3401 3552 6
3422 3499 3477 3551 δὲ
3500 3498 3789 3569 ἀπεκρίθη·
3816 3497 3919 3550 ποῦ
3949 3498 4030 3549 ἔνι

2460 3605 2549 3656 μοι
2568 3587 2838 3658 σωθῆναις
2866 3590 3010 3655 λέγει
3038 3589 3186 3659 αὑτῷ
3211 3589 3238 3640 6
3268 3588 3469 3658 γέρων·
3493 3588 3581 3641 διὰ
3598 3590 3648 3640 τί
3672 3605 3686 3653 ;
3710 3589 3738 3639 6
3766 3589 3821 3641 δὲ
3854 3588 4027 3655 λέγει’

2455 3679 2534 3730 ὅτι
2572 3678 2769 3741 πάντες
2804 3677 2984 3749 ἄγριοι
3017 3695 3106 3749 μοι
3155 3678 3401 3745 ὲγένοντο
3430 3679 3533 3746 (c),
3574 3678 3669 3729 καὶ
3709 3678 3884 3738 οὐδείς
3922 3694 4024 3747 μου

2456 3768 2703 3837 ἀνέχεται
2740 3770 2803 3823 ³ο.
2847 3769 2991 3836 λέγει
3035 3769 3178 3839 αὑτῷ
3220 3771 3247 3822 ὀ
3288 3770 3485 3839 γέρων
3526 3770 3712 3822 οὐδένα
3744 3766 3835 3821 οὖν
3876 3769 4029 3836 φίλον

2456 3860 2596 3929 ἔχεις
2624 3862 2765 3925 ἐκεῑ;
2806 3862 2833 3913 ὁ
2874 3860 2928 3912 δὲ
2974 3860 3273 3931 ἀπεκρίθη·
3309 3862 3424 3925 ναὶ,
3458 3861 3552 3913 Eva.
3591 3861 3820 3930 μοναχὸν
3851 3861 3891 3890 ¹¹
3919 3860 4028 3928 ἔχω

2456 3953 2572 4003 ἐκεῖ
2593 3951 2741 4017 φίλον
2768 3952 2831 4015 ¹¹,
2858 3951 2951 4003 καὶ
2977 3950 3077 4007 κᾶν
3102 3950 3265 4012 αὑτός
3295 3968 3383 4019 μοι
3413 3950 3673 4005 πείθεται·
3701 3952 3794 4004 καὶ
3816 3953 3901 4004 ὅτε
3925 3952 4027 4019 ὁρᾷ

2460 4061 2547 4113 με,
2572 4045 2861 4112 στρέψεται
2884 4044 2958 4105 ὡς
2989 4043 3164 4113 ἁνέμη
3187 4045 3248 4096 ¹⁸.
3276 4044 3423 4110 λέγει
3455 4042 3602 4113 αὑτῷ
3630 4046 3658 4097 6
3686 4044 3861 4115 γέρων
3891 4061 3903 4073 ο
3934 4044 4026 4094 καὶ

2454 4136 2536 4199 τίς
2599 4136 2844 4188 καλεῖται
2890 4140 2918 4189 6
2963 4136 3219 4204 ἁδελφόςς
3262 4136 3291 4187 6
3328 4136 3385 4188 δὲ
3430 4137 3611 4204 λέγει’
3642 4138 4019 4206 Θεόπεμπτος.

2456 4227 2621 4279 εἰπὼν
2650 4228 2897 4280 δὲταῦτα
2926 4228 3186 4296 ἀπῆλθεν,
3219 4226 3313 4278 καὶ
3353 4227 3589 4289 ἀναστὰς
3635 4228 3664 4279 6
3700 4228 3873 4289 6665.;
3902 4229 4026 4281 Μα-

2456 4318 2642 4386 κάριος
2692 4319 2989 4387 ἀπέρχεται
3035 4319 3127 4368 ἐπὶ
3174 4318 3270 4385 τὴν
3314 4319 3615 4387 παρακάτω
3658 4318 3881 4387 ἔρημον,
3928 4318 4027 4370 καὶ

2454 4410 2782 4473 ἀκούσαντες
2824 4415 2871 4464 οἱ
2924 4411 3175 4479 ἀδελφοὶ,
3215 4410 3469 4473 λαϐόντες
3516 4411 3642 4481 βαΐα
3689 4413 3911 4485 ἐξῆλθον
3943 4413 4025 4473 εις

790 4510 955 4549 mum.
987 4494 1140 4565 Quod
1164 4510 1286 4548 cum
1326 4495 1721 4563 comperissent
1757 4494 1977 4557 fratres,
2006 4493 2238 4560 sumptis
2264 4511 2348 4548 ra-
2383 4492 2426 4545 D
2454 4502 2478 4552 ά

2337 4525 2348 4535 ·
2383 4492 2426 4545 Ι)
2454 4502 2757 4570 ἀπάντησιν
2788 4505 2952 4556 αὐτοῦ
2979 4505 3075 4575 (d).
3102 4504 3192 4555 καὶ
3213 4502 3397 4556 λοιπὸν
3420 4503 3645 4567 ἕκαστος
3666 4505 4025 4575 ηὐτρεπίζετο

2080 4609 2329 4662 νΛΠΙΑΕ
2362 4612 2761 4674 LECTIONES.

854 4726 876 4757 ³
914 4727 1094 4789 cm‘r-o
1133 4725 1779 4803 (ἷξδίξζῗίδνλλνίξεὺνθιονκυ
1823 4722 2041 4788 ’Cnrr.,
2076 4724 2307 4781 Cniclt‘l‘.
2334 4734 2542 4797 ληκύνι

1628 4728 1779 4803 ἰον·.υ
1823 4722 2041 4788 ’Cnrr.,
2076 4724 2307 4781 Cotclcr.
2334 4734 2651 4797 ληκύνθια.
2733 4736 2773 4765 ¹⁰
2796 4736 2879 4788 Al.
2905 4753 3003 4803 μοι
3040 4738 3316 4791 πείθεται.

785 4798 1069 4865 ἀδελφόν.
1149 4796 1191 4826 ¹³
1231 4794 1321 4848 Sic
1350 4793 1581 4847 Coteler.
1615 4809 1711 4863 pro
1743 4795 1979 4861 ἄνεμος.

3869 4740 3911 4770 ¹¹
3932 4740 4019 4795 ΑΙ.

3400 4739 3436 4768 ¹¹
3466 4739 3549 4792 ΑΙ.
3579 4740 3791 4807 μόνον.

2274 4909 2524 4969 NOTAE.

849 5064 930 5131 (α)
960 5064 1044 5117 cr.
1081 5062 1191 5115 vv.
1226 5062 1325 5115 PP.
1357 5062 1535 5117 Rosw.
1569 5062 1657 5113 lib.
1702 5077 1750 5113 vr
1790 5060 1951 5131 Iibell.
1974 5062 2033 5131 is,
2060 5060 2111 5112 ιι.

857 5138 928 5193 ib)
974 5134 1313 5200 Ἀπέρχομαι
1350 5132 1694 5199 ὑπομνῆσαι
1738 5130 1877 5194 τοὺς
1921 5130 2239 5197 ἀδελφούς.
2288 5132 2342 5185 In

788 5204 927 5258 Vitis
952 5202 1205 5255 Patrum:
1244 5202 1387 5253 Vada
1433 5218 1749 5253 commorere
1773 5200 1982 5266 fratres,
2016 5200 2155 5252 facili
2192 5201 2342 5268 lapsu

785 5277 903 5326 vice
927 5288 1267 5330 comnzoncre,
1314 5270 1765 5337 quemadmodum
1793 5278 1937 5322 recte
1971 5271 2021 5321 in
2056 5270 2344 5324 Paschasio

788 5342 920 5412 [VV.
964 5342 1066 5395 PP.
1106 5340 1282 5393 Rosw.
1319 5343 1418 5412 lib.
1462 5358 1531 5393 vn
1587 5355 1707 5412 cap.
1748 5339 1799 5401 l,
1836 5338 1913 5407 8].
1952 5338 2160 5412 Parque
2185 5355 2341 5412 _crr_a-

785 5408 899 5464 tum
917 5411 1154 5465 occurrit
1177 5413 1277 5465 sub
1304 5411 1459 5463 finem
1480 5410 1980 5478 Apophthegmatis.
2012 5408 2147 5461 Cod.
2174 5410 2338 5463 Corb.

783 5498 1106 5534 commonere
1137 5489 1189 5534 et
1220 5482 1517 5533 admonere.
1554 5480 1827 5531 Cornum.

2454 5055 2636 5111 Rosw.
2663 5056 2756 5109 lib.
2788 5072 2885 5117 vn,
2908 5074 3034 5127 cap.
3069 5060 3117 5115 l,
3139 5057 3191 5127 8]
3242 5057 3537 5127 contrarii,
3555 5066 3816 5125 agrestes,
3847 5062 4020 5112 omni-

2453 5130 2546 5179 bus
2593 5129 2844 5197 asperior.
2891 5126 2956 5179 At
2994 5125 3240 5191 Pelagius
3300 5125 3435 5197 [νγ.
3472 5126 3573 5179 PP.
3617 5128 3798 5181 ltosw.
3844 5129 3937 5179 lih.
3986 5146 4021 5182 ν

2451 5197 2735 5267 liliell.18,
2770 5196 2839 5267 9]
2876 5197 3083 5263 legebat
3114 5198 3264 5263 ἅγιοι
3294 5213 3355 5249 ac
3390 5198 3719 5264 ἁγιώτερος,
3760 5212 3881 5249 nam
3905 5214 4024 5251 ver-

2453 5267 2554 5319 tit:
2595 5266 2782 5320 Omnes
2816 5266 3137 5333 sancti/irati
3161 5276 3317 5327 sunt;
3350 5267 3444 5317 toti
3472 5267 3643 5318 sancti
3670 5276 3823 5325 sunt;
3857 5272 4021 5319 ontni-

2452 5335 2544 5388 bus
2569 5339 2801 5388 sanctior
2823 5346 2899 5389 est
2930 5337 3103 5403 factus
3130 5353 3145 5389 :
3179 5338 3359 5389 minus
3399 5336 3551 5389 bene.
3581 5335 3858 5389 Consum.

2514 5406 2567 5471 ((1
2576 5406 2905 5471 )’Λαϐόντες
2916 5408 3062 5469 βαΐα
3078 5406 3335 5472 ἐξῆλθον
3358 5404 4015 5470 εἱςάπάντησιναύτοῦ.

2445 5474 2523 5527 Ad
2558 5476 2940 5529 illustrandum
2979 5492 3179 5530 morem
3200 5476 3566 5542 praeclarum,
3598 5475 3811 5528 obviam
3851 5477 4017 5529 eundi

854 5550 923 5621 (ε)
951 5551 1174 5621 Πάντες
1201 5551 1385 5617 ἄγριοι
1404 5568 1502 5618 μοι
1520 5549 1814 5621 sper-orto,
1838 5546 1913 5616 [ct
1931 5546 1981 5599 in
2003 5539 2139 5621 fine]
2164 5548 2349 5621 ᾆγριυὶ
2448 5544 2542 5596 alit

2330 5548 2349 5598 ἱ
2448 5544 3119 5621 alicui__honoris_causa,
3174 5539 3437 5611 gestando
3480 5560 3661 5621 ramos
3709 5547 4014 5621 palmarum

783 5612 938 5690 ειάιν
976 5612 1458 5690 6.10a,[et’iteru'm
1498 5612 1708 5687 iu'fine]
1737 5612 1975 5690 adi-rgo}:
2009 5612 2352 5690 arfidirépcc
2450 5628 2471 5665 ε

2333 5639 2352 5682 τ
2450 5626 2543 5690 aut
2573 5615 2801 5690 aliarum
2837 5614 3115 5690 arborum,
3161 5617 3269 5690 tria
3311 5614 3617 5690 depaompsi
3658 5630 3721 5667 ex
3760 5612 4021 5690 adversa-

782 5689 1039 5755 ἐγένετο,
1072 5706 1135 5742 ex
1155 5684 1348 5742 ‘liuiini
1383 5684 1831 5754 interpretatione
1863 5684 1995 5755 [VV.
2028 5685 2108 5737 PP
2164 5686 2348 5739 Rosw.

783 5756 874 5813 lib.
909 5776 986 5819 ut,
1016 5775 1132 5827 cap.
1166 5758 1256 5829 6|]
1298 5759 1547 5811 contrarii
1574 5769 1626 5810 et
1674 5765 1902 5829 agrestes
1932 5756 2351 5829 atqiiaomnilitts

785 5832 1009 5899 amplius
1054 5824 1304 5897 asperior.
1344 5845 1405 5883 es
1452 5830 1537 5882 illa
1576 5824 1719 5881 vero,
1750 5826 2024 5880 Paschasii
2063 5825 2196 5896 LW.
2242 5824 2343 5879 PP.

2452 5684 2551 5763 riis
2588 5684 2722 5763 meis
2770 5684 3015 5763 insignia
3051 5682 3393 5763 testimonia.
3427 5682 3676 5763 Primum.
3700 5684 3900 5763 petitur
3946 5698 4018 5738 ex

2458 5752 2741 5805 itinerario
2775 5753 3262 5822 ilierusolymitano
3292 5753 3547 5807 Antonini
3578 5771 3590 5805 :
3628 5752 3710 5805 Ibi
3769 5765 4018 5807 venerunt

2461 5824 2701 5878 mulieres
2736 5824 2788 5875 in
2827 5840 3097 5879 occursum
3134 5824 3280 5877 nobis
3315 5840 3429 5877 cum
3470 5822 3775 5889 infantibus,
3810 5822 4016 5893 palmas
