4274 6358
196 356 298 413 ΞΗ

1494 374 2116 433 APOPHTHEGMATA.

3337 378 3443 433 26!

202 479 456 549 νομίζων,
491 480 572 533 ὅτι
592 482 880 554 παράὐτῷ
901 482 1091 555 ἔμελλε
1108 486 1641 563 καωλύεινὸγέρων.
1664 494 1693 546 6
1721 493 1777 547 δὲ
1803 500 1852 557 Α
1879 508 1890 545 ι

1758 495 1777 547 ι
1803 500 1852 557 Α
1879 493 1983 548 mis
2010 492 2317 563 palmarum
2332 490 2382 547 ei
2399 491 2617 546 obviam
2644 492 2980 562 prodierunt.
2999 490 3248 547 Ceterum
3273 508 3446 549 unus-

197 567 360 639 352
378 570 577 640 ἐζήτει,
600 571 686 635 τίς
719 573 802 645 είη
830 576 860 628 6
888 575 1220 647 καλούμενος
1237 579 1591 652 Θεόπεμπτος
1611 587 1669 639 ὲν
1691 584 1771 655 τῷ

197 659 436 731 θρει.καὶ
457 662 633 733 εὑρὼν
654 666 869 737 εἰσῆλθε
890 671 969 731 είς
996 670 1056 723 τὸ
1072 670 1279 725 κελλιον
1301 674 1488 728 αὐτοῦ.
1514 678 1543 729 6
1562 676 1621 731 δὲ
1642 678 1773 732 Θεό-

198 769 450 822 πεμπτος
460 755 754 821 ὑπεδέξατο
768 759 929 813 αὑτὸν
944 762 1165 832 χαίρων.
1178 763 1252 827 ὡς
1265 765 1323 819 δὲ
1338 766 1539 836 ἧρξατο
1554 767 1772 832 ίδιάξειν

198 846 383 910 αὐτὸν,
406 848 434 901 6
467 849 645 920 γέρων
667 850 835 920 λέγει’
871 852 990 917 πῶς
1020 853 1089 908 τὰ
1117 857 1257 911 κατὰ
1285 857 1366 920 σὲ,
1397 858 1625 926 ἁδελφέ;
1648 862 1678 914 6
1715 860 1772 914 δὲ

200 930 355 989 εἶπεν
375 954 388 966 ·
416 940 601 1009 εὐχαῖς
626 958 742 1004 σου,
768 941 968 1007 καλῶς.
1000 939 1121 997 εἷπε
1146 944 1203 999 δὲ
1231 946 1259 997 6
1283 946 1479 1017 γέρων·
1520 948 1594 1019 μὴ
1623 948 1774 1002 πολε-

206 1030 365 1099 μοῦσί
394 1048 453 1084 σε
500 1034 550 1085 οί
594 1034 878 1105 λογισμοί;
908 1036 936 1088 6
973 1038 1029 1090 δὲ
1061 1034 1204 1091 εἴπεο
1243 1039 1381 1103 τέως
1421 1040 1603 1104 καλῶς
1635 1043 1768 1112 είμι·

205 1120 383 1190 ᾐδεῖτο
406 1121 511 1195 γὰρ
539 1126 731 1178 εἰπεῖν.
757 1125 905 1195 λέγει
932 1129 1079 1199 αὑτῷ
1105 1132 1133 1183 6
1153 1131 1349 1201 γέρων·
1377 1132 1484 1187 ἰδοὺ
1511 1134 1650 1187 πόσα
1677 1135 1772 1206 ῐτη

207 1213 383 1274 ἀσκῶ,
420 1215 515 1267 καὶ
561 1216 807 1287 τιμῶμαι
837 1220 989 1291 παρὰ
1016 1221 1253 1285 πάντων,
1282 1223 1377 1277 καὶ
1417 1225 1541 1295 ἐμοὶ
1572 1224 1648 1295 τῷ
1682 1227 1775 1294 γέ-

211 1320 355 1373 ροντι
385 1306 533 1373 ὀχλεῖ
562 1307 624 1359 τὺ
646 1307 861 1379 πνεῦμα
885 1312 983 1381 τῆς
1007 1314 1278 1383 πορνείας.
1309 1316 1583 1388 ἀπεκρίθη
1604 1310 1775 1385 λέγων

207 1396 237 1446 6
259 1394 635 1466 Θεόττεμπιτος⁸
662 1400 904 1466 πίστευε,
934 1402 1107 1469 άὸὁᾶ,
1149 1404 1244 1457 καὶ
1268 1406 1411 1475 ἐμοί’
1445 1407 1473 1459 6
1506 1408 1561 1461 δὲ
1598 1408 1776 1480 γέρων

208 1488 605 1555 προεφασίζετο
629 1492 721 1543 καὶ
751 1492 967 1561 ἑτέρους
991 1494 1284 1565 λογισμοὺς
1321 1496 1578 1567 πολεμεῖν
1605 1498 1773 1569 αὐτῷ,

206 1574 313 1636 ἕως
344 1578 556 1647 ποιήσει
583 1580 740 1632 αὐτὸν
766 1581 1093 1653 ὁμολογῆσαι
1111 1600 1125 1615 ⁸
1158 1580 1276 1638 εἷτα
1304 1586 1449 1656 λέγει
1471 1588 1638 1659 αὐτῷ’
1661 1590 1776 1654 πῶς

207 1667 517 1736 νηστεύειςς
558 1672 585 1723 6
616 1671 673 1723 δὲ
701 1672 847 1740 λέγει
882 1674 1049 1744 αὐτῷ*
1083 1675 1183 1746 τὴν
1205 1676 1420 1749 ἐνάτην.
1450 1678 1598 1748 λέγει
1628 1680 1777 1749 αὐτῷ

205 1760 235 1811 6
268 1758 468 1827 γέρωνι
496 1763 718 1831 νήστευε
743 1763 846 1847 ἕως
866 1765 982 1833 ἀψὲ,
1006 1764 1101 1818 καὶ
1126 1766 1303 1820 ἄσκει·
1331 1769 1425 1821 καὶ
1448 1769 1775 1841 ἀποστήθιζε

1878 584 2117 654 quisque
2153 597 2342 637 eorum
2367 583 2726 652 praeparabat
2752 598 2831 649 se,
2861 594 3084 654 putans,
3120 584 3267 651 quod
3297 585 3443 656 apud

1872 676 2055 745 ipsum
2093 674 2475 730 diversaturus
2504 681 2651 730 esset
2678 690 2867 730 senex.
2899 676 2967 729 At
3002 674 3095 729 ille
3136 676 3440 743 requisivit,

1871 765 2127 837 quisnam
2158 766 2213 820 in
2243 774 2430 821 monte
2462 766 2866 836 Theopemptus
2895 765 3282 835 appellaretur.
3318 767 3439 832 Quo

1872 856 2101 910 invento
2164 855 2390 909 intravit
2442 854 2499 909 in
2537 856 2790 910 cellulam
2850 856 2990 919 eius,
3038 853 3443 926 Theopemptus

1871 956 2051 1003 autem
2104 948 2345 1017 suscepit
2384 963 2509 1004 eum
2558 948 2751 1004 laetus.
2807 946 2983 1018 thue
3028 948 3209 1019 coepit
3264 949 3443 1002 solum

1874 1052 2064 1094 secum
2112 1037 2315 1092 habere
2367 1051 2515 1098 eum,
2557 1052 2723 1091 senex
2764 1055 2778 1091 :
2811 1034 3116 1101 Quomodo,
3154 1035 3350 1102 inquit.
3385 1050 3446 1090 se

1871 1143 1961 1184 res
1982 1137 2108 1184 tuae
2123 1129 2345 1192 habent,
2363 1128 2554 1183 frater?
2570 1130 2623 1182 is
2634 1126 2765 1182 dicit
2790 1144 2801 1179 :
2829 1126 3015 1187 Recte.
3032 1126 3290 1196 precibus
3310 1125 3440 1179 tuis.

1874 1222 1942 1275 Et
2014 1236 2180 1278 senex
2240 1218 2440 1276 :Num
2538 1219 2857 1289 impugnant
2933 1224 2986 1273 te
3052 1215 3451 1286 c0gitationes?

1873 1311 2005 1368 llle:
2042 1311 2261 1368 Interim
2316 1311 2449 1365 mihi
2500 1311 2640 1365 bene
2681 1319 2786 1365 est.
2844 1308 3087 1364 Pudebat
3142 1307 3285 1363 enim
3321 1322 3446 1361 eum

1872 1402 2106 1458 edicere.
2142 1402 2233 1455 Ait
2280 1400 2357 1455 illi
2393 1415 2555 1456 senex
2589 1418 2605 1455 :
2636 1400 2779 1453 Ecce
2832 1414 2861 1453 a
2901 1406 3034 1469 quot
3065 1400 3227 1451 annis
3280 1396 3446 1449 vitam

1875 1492 2168 1547 asceticam
2201 1492 2366 1554 duco,
2406 1501 2461 1547 et
2490 1492 2695 1546 honore
2724 1490 2927 1544 aﬂicior
2952 1491 3021 1543 ab
3057 1488 3334 1547 omnibus.
3368 1494 3448 1539 at-

1877 1592 2057 1639 tamen
2118 1599 2205 1639 me
2249 1598 2435 1639 senem
2495 1583 2724 1651 spiritus
2778 1580 3158 1635 fornicationis
3209 1578 3446 1632 divexat.

1878 1674 2292 1746 Theopemptus
2324 1674 2538 1744 excepit
2573 1688 2588 1727 :
2618 1673 2811 1737 Crede,
2836 1672 2996 1735 abba,
3027 1671 3189 1724 etiam
3214 1684 3319 1722 me.
3349 1667 3449 1721 Se-

1878 1782 1983 1822 nex
2035 1782 2165 1821 vero
2204 1766 2519 1826 simulabat,
2557 1764 2625 1819 ab
2664 1764 2786 1819 aliis
2815 1764 2977 1817 etiam
3022 1758 3448 1829 cogitationibus

206 1849 303 1901 τοῦ
342 1851 658 1918 εὐαγγελίου
684 1854 777 1906 καὶ
812 1854 920 1907 τῶν
952 1856 1125 1909 ἄλλων
1152 1858 1377 1928 γραφῶν
1399 1874 1412 1888 ·
1446 1860 1540 1912 καὶ
1569 1862 1663 1913 ὲάν
1691 1877 1771 1913 σοι
1801 1848 1845 1903 Β
1875 1858 1889 1911 i

1762 1848 1845 1913 ιΒ
1875 1856 2178 1927 impugnari
2210 1872 2286 1919 se,
2328 1856 2503 1911 donec
2540 1871 2664 1911 eum
2719 1854 2788 1908 ad
2835 1851 3235 1908 confessionem
3279 1850 3450 1903 addu-

206 1940 385 2009 ἀναϐῇ
412 1940 686 2011 λογισμός,
722 1944 987 2014 μηδέποτε
1017 1945 1256 2019 πρόσχῃς
1279 1948 1449 2011 κάτω,
1488 1948 1622 2002 ἀλλά
1648 1950 1774 2003 πάν-

206 2046 330 2083 τοτε
366 2030 505 2083 ἇνωο
542 2033 636 2085 καὶ
671 2033 873 2097 εὐθέως
905 2052 985 2088 σοι
1010 2037 1038 2089 6
1070 2035 1255 2107 κύριος
1305 2036 1506 2109 βοηθεῖ.
1551 2038 1645 2092 καὶ
1680 2057 1775 2093 τυ-

208 2119 404 2185 πώσας
442 2125 471 2176 6
498 2123 672 2193 γέρων
702 2124 796 2177 τὸν
836 2126 1065 2195 ἀδελφὸν
1096 2128 1316 2198 ἐξῆλθεν
1356 2130 1515 2202 243
1554 2133 1634 2195 είς
1674 2132 1775 2203 τὴν

211 2213 353 2265 ίδίαν
389 2213 610 2285 ἔρημον.
646 2216 739 2268 καὶ
773 2217 1101 2289 παρατηρῶν
1130 2219 1290 2273 πάλιν
1327 2221 1430 2292 ὁρᾷ
1457 2223 1660 2275 ἐκεῖνον
1685 2223 1775 2276 τὸν

209 2306 461 2374 δαίμονα,
491 2307 582 2359 καὶ
606 2306 754 2375 λέγει
780 2309 943 2379 αὐτῷ·
979 2311 1080 2364 ποῦ
1102 2312 1263 2366 πάλιν
1288 2313 1529 2384 ἀπέρχῃς
1557 2315 1585 2368 6
1606 2313 1661 2368 δὲ
1686 2314 1775 2367 λέ-

209 2415 297 2464 γει
324 2414 338 2427 ·
375 2397 685 2467 ὑπομνῆσαι
716 2401 842 2463 τοὺς
875 2402 1158 2471 ἀδελφούς,
1188 2404 1280 2457 καὶ
1312 2404 1572 2474 ἀπῆλθεν.
1606 2405 1682 2469 ὡς
1720 2406 1776 2459 δὲ

210 2492 376 2543 πάλιν
408 2491 704 2560 ἐπανῆλθε,
738 2492 885 2560 λέγει
915 2495 1061 2565 αὐτῷ
1096 2497 1125 2548 6
1164 2496 1318 2564 ἅγιος
1339 2513 1353 2528 ·
1390 2496 1507 2560 πῶς
1537 2498 1587 2550 οί
1627 2497 1779 2551 ἀδελ-

212 2584 331 2652 φοίς
364 2586 392 2636 6
420 2584 476 2636 δὲ
516 2583 689 2651 λέγει’
726 2585 928 2647 κακῶς
956 2586 985 2638 6
1030 2586 1087 2639 δὲ
1118 2589 1293 2660 γέρων
1314 2588 1490 2657 λέγει⁸
1531 2589 1618 2643 διὰ
1638 2590 1721 2656 τίς
1748 2593 1779 2645 6

210 2672 270 2725 δὲ
300 2668 478 2725 εἶπεν·
510 2674 687 2744 ἇγριοί
718 2676 855 2727 εἰσιν
888 2675 1027 2728 ὅλοι·
1061 2679 1155 2730 καὶ
1182 2678 1242 2731 τὸ
1274 2679 1456 2749 μεῖζον
1481 2681 1671 2748 κακόν,
1697 2682 1777 2737 ὅτι

214 2765 309 2816 καὶ
336 2763 396 2817 ὃν
410 2758 553 2833 εἶχον
571 2764 721 2832 φίλον
744 2765 1087 2820 ὑπακούοντά
1109 2786 1218 2834 μοι,
1244 2771 1338 2823 καὶ
1357 2771 1515 2835 αὐτὸς
1542 2772 1639 2825 οὐκ
1664 2768 1780 2827 οἶδα

212 2854 380 2907 τώθεν
412 2855 731 2927 διεστράφη,
756 2859 849 2910 καὶ
882 2858 1001 2911 οὐδὲ
1037 2860 1198 2923 αὑτός
1230 2878 1318 2931 μοι
1351 2861 1615 2927 πείθεται,
1645 2864 1779 2918 ἀλλὰ

216 2946 436 2999 πάντων
484 2946 814 3017 ἀγριώτερος
859 2949 1104 3017 ἐγένετο·
1134 2952 1228 3005 καὶ
1269 2951 1458 3022 ὤμοσα
1489 2956 1681 3025 μηκέτι
1713 2957 1781 3011 τὰ

216 3039 335 3090 ἐκεῖ
362 3040 638 3107 πατῆσαι,
667 3040 715 3091 εί
764 3040 835 3109 μὴ
871 3040 1010 3109 μετὰ
1036 3041 1245 3112 χρόνον.
1285 3044 1382 3096 καὶ
1412 3043 1583 3108 οὕτως
1612 3046 1780 3100 εἰπὼν

218 3130 465 3199 ἀπῆλθεν
499 3130 665 3195 ἐάσας
687 3132 777 3185 τὸν
805 3131 1063 3204 γέρονταο
1098 3135 1190 3187 καὶ
1217 3134 1246 3187 6
1274 3136 1427 3205 ἆγιος
1459 3138 1673 3209 είοῆλθε
1702 3141 1782 3204 είς

214 3222 277 3275 τὸ
307 3222 519 3276 κελλίον
545 3222 711 3276 αὑτοῦ
747 3223 845 3295 (α).

1873 1957 2040 2005 ceret.
2076 1948 2281 2004 Deinde
2310 1969 2323 2003 :
2350 1948 2656 2015 Quomodo,
2689 1946 2887 2016 inquit,
2917 1944 3173 2001 ieiunas?
3207 1942 3451 2012 Respon-

1874 2040 1970 2095 det
1999 2059 2013 2096 :
2046 2040 2113 2095 ad
2143 2041 2333 2096 horam
2375 2056 2595 2095 nonam.
2626 2039 2765 2093 Tum
2806 2054 2971 2094 senex
3004 2057 3016 2093 :
3062 2036 3244 2093 leiuna
3276 2051 3452 2105 usque

1874 2129 1944 2184 ad
1990 2145 2270 2201 vesperam
2329 2138 2384 2186 et
2446 2145 2639 2186 exerce
2721 2139 2815 2195 te;
2892 2129 3154 2183 meditare
3232 2143 3295 2183 ac
3364 2143 3453 2182 re-

1874 2222 1982 2275 cita
2048 2223 2359 2278 memoriter
2426 2238 2492 2279 ex
2560 2221 2855 2293 Evangelio
2928 2223 3231 2291 ceterisque
3304 2219 3453 2274 Scri-

1878 2314 2083 2383 pturis;
2144 2330 2381 2385 cumque
2447 2324 2500 2371 te
2560 2314 2790 2370 subierit
2834 2315 3110 2386 cogitatio,
3175 2328 3451 2382 nunquam

1877 2403 2129 2459 deorsum
2203 2415 2437 2476 spectes.
2509 2405 2608 2462 sed.
2671 2419 2891 2462 sursum
2938 2421 3184 2475 semper;
3238 2404 3453 2461 statim-

1876 2511 1982 2565 que
2023 2496 2121 2550 tibi
2157 2495 2420 2551 Dominus
2466 2497 2745 2567 praebebit
2788 2496 3074 2551 auxilium.
3136 2494 3202 2550 Et
3264 2510 3451 2557 senex,

1878 2596 2162 2659 postquam
2230 2588 2450 2642 fratrem
2510 2588 2853 2653 informavit,
2912 2603 3166 2643 reversus
3224 2593 3309 2643 est
3383 2585 3454 2641 ad

1878 2678 2226 2736 solitudinem
2289 2694 2464 2734 suam.
2535 2680 2641 2736 Ubi
2697 2681 2997 2735 observans
3042 2680 3240 2734 iterum
3301 2678 3455 2733 videt

1879 2771 2033 2826 illum
2081 2771 2425 2835 daemonem,
2461 2772 2548 2825 cui
2582 2773 2699 2825 ait:
2734 2771 2854 2837 Quo
2888 2771 3085 2826 iterum
3115 2770 3332 2841 pergis?
3366 2766 3415 2819 Is
3443 2784 3458 2820 :

1878 2861 2123 2928 Fratres,
2169 2863 2364 2932 inquit,
2418 2863 2775 2931 instigatum;
2829 2873 2991 2932 atque
3020 2862 3171 2916 abiit.
3204 2860 3277 2916 Ut
3327 2873 3459 2913 vero

1882 2970 2073 3010 rursus
2110 2955 2345 3016 transiit,
2379 2963 2602 3010 sanctus
2638 2955 2951 3008 sciscitatus
2994 2963 3079 3007 est
3108 2968 3174 3006 ex
3211 2967 3295 3014 eo,
3351 2962 3460 3018 quo

1882 3046 2043 3100 modo
2064 3045 2393 3101 schaberent
2415 3044 2633 3099 fratres.
2650 3043 2953 3116 Respondit
2974 3063 2987 3099 :
3009 3043 3162 3099 Male.
3183 3041 3248 3095 Et
3262 3052 3457 3096 senex:

1881 3135 2033 3191 Cur?
2058 3136 2297 3191 Daemon
2325 3154 2338 3190 :
2363 3135 2584 3199 Cuncti,
2605 3137 2804 3205 inquit,
2824 3135 3036 3191 feroces
3061 3141 3210 3196 sunt,
3238 3142 3291 3188 et
3312 3127 3460 3201 quod

1806 3212 1849 3269 (ἶ
1884 3230 2039 3299 peius
2081 3239 2212 3293 est,
2256 3230 2348 3284 ille
2398 3245 2561 3299 quem
2613 3229 2881 3283 habebam
2936 3228 3171 3282 amicum
3203 3232 3258 3280 et
3302 3224 3463 3279 obse-

216 3326 472 3385 quentem
516 3317 667 3380 mihi,
698 3317 815 3387 ipse
848 3326 1034 3383 etiam,
1063 3316 1210 3373 unde
1248 3320 1465 3387 nescio,
1524 3335 1824 3377 conversus
1862 3330 1966 3385 est,
2004 3338 2105 3378 nec
2159 3323 2396 3392 amplius
2441 3337 2471 3376 a
2498 3337 2585 3377 me
2618 3322 3000 3392 persuadetur.
3064 3317 3160 3373 sed
3245 3314 3462 3371 cunctis

218 3404 457 3461 ferocior
480 3407 653 3460 evasit
695 3424 709 3460 :
743 3407 888 3462 unde
926 3408 1125 3473 iuravi,
1180 3423 1265 3462 me
1288 3410 1523 3478 amplius
1571 3425 1634 3465 ea
1661 3413 1780 3466 loca
1823 3427 1931 3465 non
1964 3413 2325 3477 calcaturum,
2358 3414 2463 3468 nisi
2508 3420 2630 3483 post
2660 3423 2893 3482 tempus.
2951 3412 3129 3481 Atque
3169 3410 3301 3462 haec
3338 3419 3463 3462 cum

218 3498 470 3563 dixisset,
496 3498 773 3563 discessit,
800 3515 985 3554 senem
1041 3501 1379 3570 relinquens.
1414 3501 1570 3559 Tunc
1596 3514 1821 3559 sanctus
1859 3504 2086 3559 intravit
2118 3506 2173 3560 in
2204 3506 2457 3561 cellulam
2495 3518 2674 3561 suam.

289 3592 345 3645 4.
383 3589 693 3662 Παρέὸαλεν
714 3593 743 3644 6
774 3590 945 3653 ἀόὀᾶς
972 3593 1253 3662 Μακάριος
1279 3594 1306 3644 6
1337 3594 1505 3663 μέγας
1538 3594 1616 3663 τῷ
1647 3596 1791 3668 ἀὸϐᾷ

1953 3598 2007 3649 4.
2048 3596 2320 3652 Macarius
2372 3612 2603 3665 magnus
2659 3595 2825 3650 abbas
2869 3592 3019 3647 venit
3062 3590 3128 3645 ad
3169 3588 3463 3644 Antonium

233 3685 502 3753 Ἀντωνίῳ
536 3685 614 3747 είς
636 3684 697 3736 τὸ
717 3684 861 3753 ὅρος,
892 3684 983 3736 καὶ
1017 3684 1346 3753 κρούσαντος
1374 3686 1536 3739 αὐτοῦ
1564 3687 1660 3758 τὴν
1698 3688 1792 3741 θύ-
1883 3690 1921 3741 a?

1775 3715 1792 3728 -
1883 3688 2128 3746 abbatem
2156 3688 2209 3741 in
2236 3697 2473 3741 montem
2502 3704 2515 3752 ;
2550 3702 2785 3755 cumque
2834 3684 3111 3754 pulsasset
3142 3681 3364 3741 ostium,
3416 3678 3463 3733 is

223 3792 324 3843 ραν
354 3773 541 3842 ἐξῆλθε
570 3774 706 3844 πρὸς
730 3774 892 3825 αὐτὸν
920 3774 1011 3825 καὶ
1037 3768 1185 3824 εἶπεν
1216 3773 1381 3843 αὐτῷ’
1427 3774 1589 3845 244
1616 3778 1680 3829 σὺ
1706 3777 1789 3839 τίς
1879 3794 1908 3834 e

1777 3794 1789 3839 :
1879 3794 2131 3849 egressus
2162 3788 2244 3833 est
2270 3778 2563 3848 petiitque:
2593 3776 2673 3830 Tu
2698 3778 2820 3847 quis
2848 3777 2946 3831 es?
2976 3772 3279 3842 Respondit
3304 3789 3318 3824 :
3351 3768 3465 3837 Ego

222 3863 304 3925 el;
340 3869 370 3919 6
404 3866 460 3919 δὲ
490 3866 625 3935 ἔφη·
662 3864 772 3932 ὲγὼ
802 3866 915 3933 εἰμι
956 3866 1270 3934 Μακάριος·
1308 3867 1402 3918 καὶ
1427 3866 1643 3930 κλείσας
1688 3867 1787 3936 τὴν
1883 3887 1908 3926 s

1776 3884 1787 3919 ν
1883 3886 2001 3926 sum
2032 3870 2321 3926 Macarius.
2350 3868 2417 3923 Et
2445 3869 2534 3924 ille
2574 3870 2715 3924 ostio
2766 3870 2956 3923 clauso
3002 3866 3246 3929 intravit,
3294 3862 3464 3917 relin-

223 3958 395 4027 θύραν
421 3956 634 4027 είσῆλθε
662 3957 756 4009 καὶ
790 3957 997 4025 ἀφῆκεν
1028 3956 1211 4010 αὐτόν.
1252 3958 1345 4009 καὶ
1383 3957 1506 4010 ἰδὼν
1535 3958 1633 4028 τὴν
1662 3961 1791 4012 ὑπο·
1880 3978 1910 4031 q

1775 3986 1791 4000 -
1880 3978 2052 4031 quens
2102 3977 2251 4016 eum.
2310 3959 2419 4015 Sed
2487 3968 2780 4029 postquam
2835 3958 3090 4029 cognovit
3147 3953 3463 4027 patientiam

226 4047 393 4116 μονὴν
418 4045 582 4099 αὑτοῦ
610 4046 817 4114 ἡνοιξεν
845 4044 1011 4115 αὐτῷ.
1046 4047 1140 4098 καὶ
1168 4047 1639 4116 χαριεντιζόμενος
1672 4049 1787 4117 μετ’
1885 4069 1913 4107 e

1779 4049 1787 4070 ’
1885 4054 2024 4113 eius,
2058 4053 2287 4121 aperuit.
2316 4054 2494 4120 Atque
2518 4067 2643 4105 cum
2672 4066 2737 4105 eo
2778 4052 2985 4104 urbane
3017 4063 3182 4119 agens
3212 4046 3350 4101 dixit
3378 4064 3390 4099 :
3423 4044 3467 4098 A

223 4138 387 4191 αὑτοῦ
415 4138 624 4204 ἔλεγεν·
654 4136 762 4189 ἀπὸ
788 4136 979 4188 πολλοῦ
1011 4138 1200 4206 χρόνου
1224 4138 1526 4207 ἐπεθύμουν
1552 4155 1609 4191 σε
1641 4140 1789 4201 ἰδεῖν,
1886 4161 1911 4198 ῃ

1776 4178 1789 4201 ι
1886 4146 2059 4199 multo
2110 4152 2351 4211 tempore
2394 4142 2769 4196 desiderabam
2826 4149 2880 4206 te
2902 4140 3107 4201 videre,
3158 4135 3341 4191 audita
3384 4135 3464 4189 tui

224 4230 439 4283 ἁκούων
462 4229 531 4281 τὰ
558 4230 685 4297 περὶ⁸
712 4228 827 4281 σοῦ.
859 4229 954 4280 καὶ
980 4228 1332 4298 φιλοξενήσας
1371 4230 1531 4282 αὑτὸν
1560 4232 1793 4283 ἀνέπαυ-
1888 4236 1912 4290 f

1778 4262 1793 4272 -
1888 4236 2051 4290 fama.
2093 4236 2157 4289 Et
2184 4235 2529 4303 hospitaliter
2558 4244 2872 4302 susceptum
2902 4231 3269 4297 refecit;erat
3318 4228 3466 4283 enim

227 4339 339 4374 σεψ
362 4318 429 4389 ἦν
456 4321 563 4391 γὰρ
583 4321 691 4373 ἀπὸ
715 4320 959 4389 καμάτου
988 4320 1203 4373 πολλοῦ.
1228 4320 1387 4389 ὀψίας
1411 4321 1468 4373 δὲ
1500 4322 1795 4393 γενομένης
1898 4342 1915 4381 ε

1778 4341 1795 4386 ;
1898 4342 1929 4381 e
1962 4326 2134 4379 multo
2189 4324 2377 4377 labore
2406 4322 2609 4377 fessus.
2640 4322 2879 4391 Vespere
2902 4329 3084 4375 autem
3124 4318 3269 4372 facto
3293 4317 3466 4371 Anto-

224 4415 447 4485 ἔϐρεξεν
474 4414 651 4467 ἑαυτῶ
690 4416 718 4465 6
750 4414 923 4477 ἀϐϐᾱς
964 4412 1242 4476 Ἀντώνιος
1277 4412 1496 4466 θαλλία·
1524 4416 1618 4467 καὶ
1644 4415 1793 4483 λέγει
1890 4432 1912 4469 ῐ

1780 4434 1793 4465 ι
1890 4416 2021 4471 nius
2058 4415 2235 4471 abbas
2265 4413 2375 4469 sibi
2404 4412 2695 4470 madefecit
2720 4428 2902 4468 ramos
2939 4413 3271 4482 palmarum.
3298 4408 3365 4462 Et
3391 4406 3468 4461 ait

1716 4569 1975 4627 NOTAE.

226 4716 287 4767 in
311 4709 553 4763 manibus
581 4717 830 4767 tenentes.
865 4716 914 4761 et
949 4707 1211 4774 ampullas
1240 4722 1356 4759 cum
1385 4721 1600 4759 rosaceo
1634 4704 1747 4758 oleo
1772 4722 1789 4760 :
1821 4709 1870 4766 D
1894 4705 2258 4760 excusatorias
2282 4705 2466 4759 literas
2495 4703 2578 4757 illi
2604 4703 2949 4774 exhibuerunt
2972 4700 3349 4768 praesentiam.
3370 4696 3463 4774 In-

226 4793 278 4837 et
328 4790 625 4850 prostratae
656 4779 869 4850 pedibus
903 4771 1093 4850 nostris
1132 4777 1341 4850 plantas
1389 4786 1595 4850 nostras
1635 4792 1794 4845 unge-
1894 4793 2049 4850 super
2072 4777 2232 4829 etiam
2260 4792 2295 4850 _a
2326 4774 2590 4850 canonicis
2629 4771 2976 4850 et__mona_cltis
3010 4771 3468 4850 atqne‘corregio:

230 4838 357 4904 ban't
375 4892 388 4913 ,
420 4838 802 4915 cantabantque
833 4848 1013 4915 lingua
1038 4838 1356 4915 Aeqyptiaca
1383 4845 1663 4915 psallentes
1706 4838 1800 4897 an-
1896 4847 2105 4898 nalibus
2131 4846 2438 4913 presbyteris
2464 4844 2623 4895 totius
2648 4843 2899 4915 dioecesis
2922 4851 3075 4907 atque
3103 4839 3314 4915 inﬁnita
3341 4838 3469 4915 ntul-

231 4911 503 4987 siphonam
526 4935 545 4971 .'
581 4911 847 4972 Benedicti
881 4911 966 4969 vos
1011 4933 1044 4967 a
1094 4911 1314 4987 Domino
1336 4954 1351 4977 ,
1372 4911 1799 4987 _'benedictusque
1899 4915 2121 4968 titudine
2151 4911 2421 4987 utriusque
2443 4913 2757 4987 semus._Qui
2785 4927 2961 4987 omnes
2994 4927 3109 4962 cum
3138 4911 3303 4987 ramis
3350 4912 3467 4987 pat-

232 4982 486 5044 adventus
518 4999 706 5049 vester.
746 4987 964 5041 Osanna
998 4987 1052 5038 in
1079 4985 1321 5039 excelsis.
1368 4982 1678 5037 Secundum
1707 4985 1801 5036 ha-

232 5062 390 5114 betur
428 5060 482 5112 in
511 5060 619 5110 vita
656 5058 713 5111 S.
760 5055 1027 5123 Fulgentii
1052 5070 1173 5123 cap.
1204 5055 1309 5105 ‘29:
1349 5054 1449 5107 Per
1476 5070 1650 5107 omnes
1684 5070 1803 5120 pro-

234 5129 335 5182 lixi
366 5129 568 5181 itineris
609 5128 719 5180 aias
748 5126 943 5196 gaudia
963 5126 1185 5196 majora?
1215 5126 1497 5196 reperiens.
1532 5125 1591 5196 in
1619 5140 1793 5196 occur-

233 5216 353 5252 sum
378 5215 531 5251 suum
566 5193 768 5265 populii
794 5198 1021 5263 undique
1068 5193 1543 5265 tendentibus_cum
1574 5194 1801 5247 lucernis

234 5280 284 5320 et
313 5263 645 5334 lampadibus
679 5275 727 5320 et
768 5266 1014 5319 arborum
1050 5264 1345 5333 frondibus.
1394 5263 1637 5317 Tertium
1678 5278 1801 5316 con-

234 5333 441 5391 tinetur
472 5340 524 5390 in
556 5339 697 5391 notis
724 5335 905 5390 Jacobi
942 5334 1211 5388 Sirmondi
1244 5334 1311 5387 ad
1338 5342 1541 5386 tomum
1577 5333 1796 5386 tertium

234 5408 605 5462 Conriliorum
646 5406 872 5466 Galliae,
901 5420 966 5458 ex
996 5404 1308 5457 narratione
1334 5404 1660 5457 clericorum
1694 5402 1798 5454 fle-

233 5479 507 5532 mensium
540 5478 606 5530 de
636 5476 853 5529 Elibone
878 5493 892 5529 :
923 5473 1170 5541 Receptus
1196 5482 1285 5541 est
1304 5472 1368 5525 ab
1393 5472 1645 5538 episcopis
1686 5472 1795 5539 suf-

236 5547 507 5619 [raganeis
551 5548 662 5599 suis
693 5544 933 5598 Rothado
971 5540 1230 5619 episcopo.
1264 5540 1504 5619 Simeone
1528 5544 1792 5619 cpi-scopo,

234 5612 383 5684 Lupo
422 5617 658 5684 episcopo
683 5656 698 5679 ,
741 5632 847 5667 una
890 5631 1007 5666 cum
1053 5615 1235 5681 legatis
1273 5613 1531 5684 omnium
1566 5612 1793 5684 aliorum

235 5682 598 5751 episcoporum
614 5684 876 5739 Remensis
900 5684 1170 5742 dioecesis.
1195 5682 1283 5750 qui
1306 5683 1467 5734 variis
1498 5682 1691 5734 detenti
1714 5683 1796 5732 in-

238 5705 263 5740 e
320 5704 596 5751 scaporum
614 5704 876 5739 nemensts
900 5704 1170 5742 awecesis.
1195 5704 1283 5750 qut
1306 5704 1467 5734 varus
1498 5704 1691 5734 αειτηιι
1714 5704 1796 5732 ιη-

238 5704 581 5825 ﬁpr‘mitatibus
617 5756 741 5807 illuc
767 5754 1027 5819 corporali
1065 5753 1378 5825 praesentia;
1402 5768 1669 5825 occurrere
1694 5768 1797 5803 non

239 5822 496 5892 ualentes,
544 5841 694 5879 suam
736 5835 907 5878 tamen
954 5839 1042 5891 per
1091 5823 1468 5878 ecclesiasticos
1515 5822 1709 5893 legatos
1736 5830 1787 5875 et

1899 5002 2107 5037 marum
2136 4996 2185 5038 et
2226 4978 2384 5037 cereis
2427 4982 2728 5035 ardentibus
2749 5020 2763 5038 .
2798 4980 3077 5046 laudesque
3126 4978 3232 5030 Deo
3264 4979 3469 5036 intimis

1901 5055 2145 5107 cordibus
2173 5064 2221 5106 et
2244 5052 2615 5106 excelsissimis
2638 5052 2844 5104 vocibus
2867 5049 3279 5116 proclamantes,
3319 5048 3467 5117 longe

1900 5126 1947 5177 ei
1998 5125 2063 5176 ab
2095 5124 2315 5178 ecclesia
2364 5121 2719 5182 obviaverunt,
2764 5129 2813 5172 et
2866 5135 3025 5187 usque
3064 5117 3152 5187 ad,
3179 5117 3461 5171 ecclesiam

1901 5195 2254 5247 indesinenter
2273 5195 2553 5258 psallentes
2574 5208 2691 5244 eum
2710 5186 3080 5258 perduxerunt.
3112 5186 3468 5258 Notissimgum

1900 5273 1986 5317 est
2012 5263 2212 5317 Christi
2247 5255 2455 5313 Domini
2491 5261 2794 5329 exemplum
2829 5257 2953 5311 Joh.
3002 5274 3107 5315 XII.
3159 5258 3258 5329 l5._
3277 5255 3380 5308 Sed
3415 5268 3469 5309 et

1899 5334 1965 5385 ad
1999 5333 2284 5401 exsequias
2314 5346 2436 5383 cum
2470 5325 2665 5398 palmis
2701 5328 3045 5401 prodib_ant._
3073 5335 3133 5379 ut
3160 5325 3356 5401 videre
3384 5334 3467 5380 est

1898 5403 2039 5468 apud
2063 5394 2404 5455 Ammonium
2432 5394 2752 5453 monachum
2783 5398 2850 5451 de
2879 5396 3132 5468 Patribus
3157 5394 3380 5468 Sinaitis
3413 5406 3467 5448 et

1897 5463 2320 5527 R'haithensihus
2347 5486 2396 5538 ρ.
2429 5470 2549 5523 106.
2580 5470 2701 5523 128.
2729 5468 2855 5521 1‘29.
2883 5476 2935 5520 et
2968 5467 3020 5518 in
3064 5466 3304 5538 Historia
3332 5463 3468 5517 Lau-

1896 5544 2040 5597 siaca
2068 5556 2188 5609 cap.
2236 5536 2530 5593 39(Mitto
2570 5540 2769 5593 multas
2800 5538 2935 5591 alias
2974 5536 3291 5589 consimiles
3337 5549 3467 5588 con-

1896 5613 2229 5666 suetudines.
2261 5611 2367 5664 C01
2382 5625 2537 5661 ειεει.

1969 5682 2044 5741 la)
2082 5680 2164 5733 Cf.
2212 5679 2325 5733 νγ.
2368 5680 2470 5733 PP.
2508 5680 2683 5731 llosw.
2719 5677 2813 5729 lib.
2850 5673 2935 5731 Ill.
2977 5689 3095 5740 cap.
3131 5674 3230 5738 6|;
3284 5672 3379 5725 lib.
3428 5670 3467 5724 ν

1897 5752 2063 5809 libell.
2100 5753 2182 5815 l8,
2226 5753 2278 5817 8,
2315 5751 2405 5805 lib.
2441 5765 2511 5804 vn
2545 5763 2665 5818 cap.
2698 5746 2748 5802 ί,
2780 5747 2835 5800 8.
2878 5744 3133 5799 Dorolhci
3162 5742 3345 5799 Doctr.
3368 5741 3424 5799 5.
