4274 6358
825 375 933 431 ειδ

1633 366 1733 421 SS.
1775 363 2234 422 MACARIORUM
2273 361 2604 419 AEGYPTll
2627 365 2713 420 ET
2748 364 3217 421 ALEXANDRINI

3948 360 4053 416 ω

824 486 880 541 ei
907 482 1177 539 Macarius
1205 482 1371 537 abbas
1403 499 1417 535 :
1443 479 1599 544 Jube,
1623 489 1684 534 ut
1710 488 1764 536 et
1787 496 1887 551 ego
1906 482 2038 535 mihi
2069 482 2388 552 intinguam.
2419 486 2466 543 Α
2493 498 2512 535 a

2367 510 2388 536 π.
2419 486 2466 543 Α
2493 479 2639 551 αὐτῷ
2664 482 2692 533 6
2722 481 2893 545 ἀϐϐᾶς
2923 482 3226 552 Μακάριος·
3266 480 3540 544 κέλευσον,
3576 481 3663 535 ἵνα
3692 480 3850 549 κάγὼ
3880 477 4055 549 βρέξω

826 577 921 632 Ille
946 597 957 631 :
989 576 1259 645 lntingue,
1287 574 1485 644 inquit.
1511 572 1882 643 Confectoque
1902 586 2095 643 magno
2125 571 2389 627 fasciculo

824 669 1068 725 intinxit.
1100 667 1267 737 Igitur
1300 666 1555 722 sedentes
1583 681 1611 720 a
1630 681 1876 735 vespera,
1899 666 2155 720 collocuti
2182 664 2248 719 de
2270 664 2389 717 ani-

826 775 1044 815 marum
1074 759 1270 824 salute,
1310 759 1656 829 plectebant:
1692 760 1868 829 plecta
1904 768 2080 814 autem
2114 775 2209 829 per
2243 758 2389 813 fene-

824 861 996 905 stram
1027 849 1389 904 descendebat
1445 850 1499 904 in
1558 849 1981 919 speluncam.Et
2006 865 2163 903 mane
2208 851 2388 918 ingre-

827 943 983 996 diens
1021 941 1214 996 beatus
1246 940 1536 1004 Antonius,
1565 940 1698 994 vidit
1729 942 1934 1011 plectae
1969 941 2189 994 Macarii
2224 942 2387 994 abba-

824 1033 894 1086 tis
920 1032 1129 1101 copiam
1162 1040 1217 1087 et
1249 1050 1263 1086 :
1296 1031 1481 1096 Multa,
1511 1031 1706 1101 inquit,
1735 1034 1904 1087 virtus
1928 1048 1958 1087 e
1986 1033 2238 1088 manibus
2266 1032 2385 1087 istis

822 1124 1120 1193 egreditur.

890 1216 943 1270 5.
961 1214 1230 1271 Macarius
1247 1214 1415 1269 abbas
1432 1215 1701 1285 praedixit
1722 1214 1982 1270 fratribus
2000 1215 2065 1270 de
2081 1216 2386 1270 vastatione

824 1302 1049 1359 Sceteos
1074 1326 1085 1359 :
1114 1302 1345 1369 Quando
1375 1303 2010 1373 spectaveritiscellulam
2046 1302 2383 1356 aediﬁcatam

822 1395 976 1450 iuxta
1010 1395 1285 1465 paludem,
1330 1398 1545 1457 scitote,
1572 1396 1717 1463 quod
1749 1410 1915 1463 prope
1957 1395 2024 1449 sit
2045 1394 2265 1450 Sceteos
2290 1394 2387 1449 de-

821 1487 1017 1541 solatio
1072 1504 1086 1541 :
1124 1487 1344 1556 quando
1392 1486 1635 1541 videritis
1680 1487 1923 1548 arbores,
1966 1485 2032 1538 ad
2083 1486 2229 1541 fores
2257 1496 2385 1541 est:

820 1591 943 1630 cum
1003 1583 1184 1631 autem
1238 1591 1435 1645 pueros
1484 1575 1901 1644 conspexerilis,
1934 1575 2109 1629 tollite
2163 1574 2388 1630 melotes

820 1675 1031 1721 vestras
1062 1676 1223 1736 atque
1250 1667 1531 1720 discedite.

890 1760 944 1813 6.
976 1757 1121 1811 Dixit
1162 1759 1381 1821 iterum,
1428 1757 1611 1811 volens
1644 1755 1841 1811 fratres
1888 1757 2159 1811 consolari
2188 1777 2199 1811 :
2227 1757 2389 1812 Venit

821 1850 927 1902 huc
960 1862 1082 1901 cum
1110 1857 1281 1901 matre
1299 1862 1395 1900 sua
1410 1861 1561 1914 puer,
1584 1847 1675 1913 qui
1701 1860 1729 1897 a
1757 1846 2041 1899 daemonio
2068 1848 2382 1911 vexabatur,
2416 1823 2459 1877 Β

818 1949 874 1992 ιιι
911 1937 1124 1993 dicebat
1160 1937 1350 1991 matri:
1395 1936 1588 2006 Surge,
1616 1950 1773 1999 anus,
1807 1936 2062 1990 abeamus
2100 1936 2243 1991 hinc.
2293 1936 2386 1990 llla

819 2041 989 2082 vero:
1026 2026 1141 2081 Non
1173 2041 1413 2096 possum,
1441 2025 1637 2094 inquit,
1683 2023 1908 2093 pedibus
1943 2026 2212 2082 incedere.
2249 2025 2387 2080 Tum

818 2134 956 2188 puer
990 2116 1055 2170 ad
1086 2131 1205 2171 eam
1233 2134 1247 2171 :
1287 2117 1397 2185 Ego
1443 2125 1494 2169 te
1522 2115 1769 2183 portabo.
1824 2114 1888 2167 Et
1934 2115 2231 2171 admiratus
2265 2132 2385 2171 sum

819 2208 1102 2264 daemonis
1159 2208 1487 2277 nequitiam,
1545 2206 1820 2277 quomodo
1869 2222 1964 2263 eos
2022 2207 2149 2263 hinc
2200 2206 2387 2279 fugare

821 2302 1002 2356 vellet.

894 2391 943 2445 7.
988 2388 1173 2445 Sisoes
1204 2389 1371 2446 abbas
1401 2390 1618 2444 retulit:
1668 2388 1897 2455 Quando
1942 2405 2089 2445 eram
2145 2390 2200 2444 in
2247 2388 2389 2445 Sceti

821 2498 946 2538 cum
1021 2481 1291 2545 Macario,
1354 2482 1701 2537 ascendimus
1769 2492 1971 2551 septem
2032 2482 2270 2547 nomina,
2333 2490 2393 2536 ut

820 2589 945 2628 cum
983 2588 1049 2627 eo
1080 2580 1426 2627 meteremus.
1472 2571 1537 2625 Et
1561 2588 1706 2637 ecce,
1746 2574 1909 2626 vidua
1947 2573 2209 2642 quaedam
2253 2589 2393 2643 pone

824 2680 926 2719 nos
957 2664 1136 2734 spicas
1170 2664 1478 2734 colligebat,
1516 2679 1613 2718 nec
1642 2666 1892 2720 cessabat
1941 2667 2173 2733 plorare.
2220 2665 2393 2719 Voca-

820 2754 904 2809 vit
948 2769 1077 2824 ergo
1129 2769 1293 2809 senex
1345 2754 1623 2808 dominum
1664 2756 1891 2823 praedii,
1926 2756 2051 2809 cui:
2101 2755 2261 2821 Quid,
2310 2758 2394 2810 in-

819 2847 960 2917 quit,
994 2847 1155 2900 habet
1200 2861 1338 2900 anus
1368 2846 1521 2910 haec,
1564 2848 1709 2915 quod
1750 2863 1962 2915 semper
2011 2849 2227 2918 plorat?
2288 2848 2395 2904 Re-

826 2936 1047 3006 spondit
1066 2953 1079 2991 ;
1101 2936 1238 3002 Quia
1257 2937 1376 3003 ejus
1400 2936 1501 2998 vir,
1526 2936 1755 2990 alicuius
1786 2937 2089 3005 depositum
2123 2940 2247 2992 dum
2276 2954 2393 2992 ser-

818 3034 934 3089 vat,
968 3026 1152 3081 subito
1180 3034 1426 3080 mortuus
1454 3034 1557 3091 est,
1592 3041 1693 3079 nec
1720 3028 2050 3088 enunciavit,
2077 3029 2167 3081 ubi
2201 3043 2395 3097 posue-

2490 572 2728 643 ἐμαυτῷ.
2750 576 2778 626 6
2804 573 2860 626 δέ
2885 568 3024 627 εἷπε·
3048 570 3259 643 βρέξον.
3294 574 3387 627 καὶ
3412 576 3642 644 ποιήσας
3667 572 3863 643 δεσμὸν
3884 572 4058 641 μέγαν

2490 664 2673 733 ἔϐρεξε
2693 681 2708 695 ³
2739 665 2834 717 καὶ
2870 664 3168 735 καθήμενοι
3202 665 3310 718 ἀπὸ
3343 665 3438 733 ὀψὲ
3475 664 3759 726 λαλοῦντες
3790 662 3919 732 περὶ
3954 677 4055 712 σω·-

2487 755 2677 825 τηρίας
2701 754 2887 824 ψυχῶν
2924 755 3151 808 ἐπλεκον
3173 770 3187 785 ·
3226 756 3319 808 καὶ
3348 757 3381 825 ή
3416 755 3568 825 σειρὰ
3600 755 3685 807 διὰ
3711 754 3809 822 τῆς
3842 752 4055 822 θυρίδος

2488 847 2566 908 είς
2590 846 2650 897 τὸ
2676 847 2937 917 σπήλαιον
2968 845 3276 900 κατέϐαινε.
3305 847 3400 899 καὶ
3437 845 3689 900 εἰσελθὼν
3721 843 3862 914 πρωϊ
3895 846 3924 895 6
3956 858 4057 911 μα-

2488 939 2676 1007 κάριος
2716 937 2996 1001 Ἀντώνιος
3019 933 3125 990 εἶδε
3150 938 3210 990 τὸ
3238 937 3439 1007 πλῆθος
3461 940 3558 1007 τῆς
3585 937 3768 1005 σειρᾶς
3790 934 3883 986 τοῦ
3912 934 4058 986 ὰϐϐᾶ

2486 1029 2790 1100 Μακαρίου,
2828 1030 2921 1082 καὶ
2950 1029 3100 1097 ἐλεγε
3123 1041 3139 1058 ⁸
3170 1028 3338 1098 πολλὴ
3376 1027 3605 1098 δύναμις
3633 1028 3697 1078 ἐκ
3720 1024 3828 1076 τῶν
3858 1023 4057 1094 χειρῶν

2485 1123 2687 1175 τούτων
2720 1120 3000 1191 ἐξέρχεται
3028 1120 3126 1189 (a).

2556 1214 2609 1268 5.
2645 1213 2866 1281 Ἔλεγεν
2891 1214 2919 1265 6
2948 1212 3121 1274 ἀϐϐἄς
3147 1210 3429 1280 Μακάριος
3453 1209 3581 1278 περὶ
3605 1208 3701 1278 τῆς
3730 1204 4055 1277 ἐρημώσεως

2484 1306 2582 1375 τῆς
2605 1306 2859 1375 Σκήτεως
2884 1306 2997 1366 τοῖς
3042 1302 3309 1371 ἀδελφοῖς·
3338 1302 3465 1371 ὅταν
3500 1300 3644 1370 ἴδητε
3677 1297 3884 1350 κελλίον
3914 1298 4060 1347 οἱκο⁹

2486 1395 2813 1466 δομούμενον
2848 1393 3006 1465 245
3032 1395 3198 1461 ἐγγὺς
3222 1394 3316 1447 τοῦ
3348 1393 3523 1454 ἕλους,
3558 1390 3755 1460 μάθετε
3779 1390 3860 1441 ὅτι
3890 1386 4057 1453 ἐγγύς

2487 1489 2631 1539 ἐστιν
2658 1489 2690 1555 ἡ
2719 1486 2993 1555 ἐρήμωσις
3025 1484 3214 1553 αύτῆςο
3248 1484 3376 1535 ὅταν
3407 1482 3551 1551 ἴδητε
3584 1481 3798 1549 δένδρα,
3839 1480 3935 1531 ἐπὶ
3965 1477 4056 1529 θυ-

2489 1577 2596 1646 ρῶν
2622 1577 2795 1630 ἐστιν.
2822 1576 2948 1628 ὅταν
2972 1575 3028 1627 δὲ
3054 1574 3197 1645 ῐδητε
3221 1574 3429 1640 παιδία,
3454 1574 3620 1642 ἄρατε
3643 1571 3715 1624 τὰ
3739 1571 4059 1643 μηλωτὰρια

2488 1666 2661 1739 ὑμῶν,
2684 1667 2777 1719 καὶ
2804 1667 3187 1737 ἁναχωρήσατε
3221 1666 3315 1735 (b).

2564 1759 2617 1813 6.
2663 1759 2855 1826 Ἔλεγε
2907 1758 3092 1821 πάλιν,
3128 1756 3510 1827 παρηγορῆσαι
3554 1756 3721 1808 θέλων
3746 1755 3872 1817 τοὺς
3910 1753 4062 1806 ἀδελ-

2489 1849 2637 1916 φούς·
2687 1845 2848 1919 ἦλθεν
2882 1841 2983 1900 ὦδε
3028 1848 3240 1900 παιδίον
3290 1846 3731 1915 δαιμονιζόμενον
3777 1843 3916 1911 μετά
3964 1846 4061 1912 τῆς

2490 1940 2693 2010 μητρὸς
2734 1938 2931 2001 αὑτοῦ,
2984 1939 3078 1991 καὶ
3121 1937 3271 2004 ἔλεγε
3308 1939 3373 2005 τῇ
3422 1936 3587 2004 μητρὶ
3634 1934 3818 1988 αὑτοῦ·
3850 1932 4055 2000 ἔγειρε,

2488 2034 2653 2100 γραῖα
2684 2031 2749 2093 “,
2781 2030 3002 2099 ἄγωμεν
3034 2027 3259 2097 ἐνθεν.ἡ
3303 2026 3359 2079 δὲ
3400 2022 3569 2077 εἶπενα
3608 2025 3668 2077 ού
3696 2025 3927 2094 δύναμαι
3966 2038 4061 2073 πε-

2489 2123 2697 2188 ζεῦσαι.
2726 2122 2820 2175 καὶ
2850 2117 3001 2173 εἶπεν
3027 2121 3160 2189 αὐτῇ
3199 2120 3259 2171 τὸ
3292 2119 3523 2171 παιδίον⁸
3555 2116 3666 2184 ἐγώ
3696 2132 3754 2169 σε
3784 2115 4056 2185 βαστάζω.

2488 2216 2581 2269 καὶ
2626 2213 2910 2282 ἐθαύμασα
2950 2213 3047 2281 τὴν
3092 2211 3355 2281 πονηρίαν
3393 2210 3436 2241 ¹⁶
3480 2209 3573 2262 τοῦ
3606 2208 3890 2278 δαίμονος,
3943 2207 4061 2269 πῶς

2491 2308 2749 2378 ἠθέλησεν
2776 2306 2971 2367 αὐτοὺς
3004 2300 3333 2371 φυγαδεῦσαι
3369 2300 3469 2372 (c).

2560 2398 2614 2450 7.
2655 2396 2875 2464 Ἔλεγεν
2904 2397 2931 2447 6
2971 2393 3140 2457 ἁϐϐἄς
3176 2392 3399 2460 Σισόης’
3433 2392 3522 2443 ὅτε
3560 2390 3707 2460 ήμην
3737 2390 3817 2451 είς
3863 2387 4063 2455 Σκῆτιν

2496 2489 2631 2561 μετὰ
2670 2488 2760 2541 τοῦ
2804 2485 3123 2557 Μακαρίου,
3182 2484 3455 2551 ἁνέϐημεν
3494 2481 3704 2551 θερίσαι
3751 2482 3867 2550 μετ’
3899 2479 4062 2532 αὑτοῦ

2494 2582 2632 2634 ἑπτὰ
2668 2580 2906 2649 ὀνόματα
2936 2577 3036 2647 (d).
3059 2577 3152 2627 mi
3174 2574 3280 2627 ἰδοὺ
3303 2574 3399 2643 μία
3420 2576 3560 2642 χήρα
3587 2571 3952 2641 καλαμωμένη
3993 2565 4063 2639 ἦν

2491 2673 2663 2725 ὀπίσω
2691 2672 2867 2742 ἡμῶν,
2902 2670 2994 2722 καὶ
3026 2668 3124 2720 οὑκ
3175 2664 3407 2718 ἐπαύετο
3455 2664 3734 2716 κλαίουσα·
3778 2661 4063 2730 ἐφώνησεν

2492 2760 2583 2817 οῦν
2612 2765 2640 2815 6
2667 2763 2842 2833 γέρων
2869 2761 2959 2813 τὸν
2988 2759 3175 2829 κύριον
3224 2756 3317 2809 τοῦ
3346 2756 3542 2826 χωρίου
3574 2756 3665 2807 καὶ
3696 2749 3847 2806 εἶπεν
3890 2752 4057 2819 αύτῷ-

2492 2856 2544 2908 τί
2572 2855 2681 2924 ἔχει
2702 2856 2735 2923 ἡ
2763 2852 2935 2922 γραῦς
2954 2850 3111 2919 αῦτη,
3134 2850 3214 2901 ὅτι
3239 2847 3464 2899 πάντοτε
3492 2846 3663 2897 κλαίει
3687 2864 3699 2907 ;
3721 2844 3864 2911 λέγει
3889 2841 4058 2907 αὐτῷ*

2493 2950 2573 3001 ὅτι
2603 2949 2630 2998 ὁ
2672 2945 2808 3015 ἀνὴρ
2839 2943 3006 3008 αὐτῆς
3040 2937 3153 3010 εἶχε
3200 2939 3523 3007 παραθήκην
3552 2936 3697 2998 τινός
3722 2976 3736 2999 ,
3776 2934 3868 2986 καὶ
3902 2932 4065 3001 246

2494 3037 2759 3090 ἀπέθανεν
2793 3034 2961 3100 ἄφνω,
2990 3033 3081 3083 καὶ
3110 3032 3210 3084 ούκ
3241 3026 3359 3082 εἷπε
3384 3030 3485 3082 ποῦ
3516 3029 3709 3096 ἔθηκεν
3738 3028 3905 3095 αὑτήν
3926 3039 3942 3053 ⁸
3968 3027 4065 3077 καὶ

819 3119 892 3171 rit
921 3117 1075 3181 illud,
1109 3116 1333 3185 vultque
1379 3116 1632 3171 dominus
1666 3116 1897 3186 depositi
1950 3132 2068 3171 eam
2099 3125 2151 3173 et
2190 3119 2390 3173 liberos
2417 3152 2459 3207 Ο
2496 3130 2507 3181 ε

2373 3134 2459 3207 SC
2496 3129 2634 3181 θέλει
2673 3128 2701 3179 6
2745 3123 2930 3195 κύριος
2968 3123 3063 3191 τῆς
3098 3121 3419 3192 παραθήκης
3450 3119 3633 3171 λαϐεῖν
3668 3117 3833 3185 αὐτὴν
3874 3117 3969 3168 καὶ
3996 3117 4061 3167 τὰ

817 3208 938 3262 eius
968 3208 1071 3261 sibi
1100 3207 1155 3259 in
1196 3222 1383 3260 servos
1417 3208 1719 3261 vindicare.
1759 3207 1894 3261 Tum
1922 3224 2087 3263 senex
2116 3227 2128 3262 :
2175 3210 2267 3264 Dic
2312 3212 2383 3272 ei,

818 3298 1015 3369 inquit,
1056 3305 1117 3353 ut
1144 3300 1324 3353 veniat
1354 3300 1421 3353 ad
1470 3316 1604 3362 nos,
1650 3300 1741 3354 ubi
1775 3300 1844 3354 ob
1892 3311 2099 3354 aestum
2156 3304 2387 3371 conqui-

818 3390 1076 3445 escimus.
1105 3392 1349 3461 Cumque
1378 3393 1613 3446 venisset
1635 3393 1849 3457 mulier,
1878 3393 1952 3444 ait
1977 3393 2052 3446 illi
2078 3408 2241 3448 senex
2268 3411 2282 3448 :
2314 3394 2387 3448 lit

820 3483 948 3551 quid
980 3496 1193 3551 semper
1230 3482 1303 3535 ita
1339 3483 1566 3552 ploras?
1592 3481 1929 3552 Respondit:
1979 3483 2202 3539 Maritus
2235 3500 2386 3540 meus

820 3580 1044 3642 accepto
1092 3573 1337 3642 deposito
1384 3575 1638 3643 migravit
1668 3589 1699 3628 e
1740 3576 1873 3638 vita,
1921 3590 2022 3629 nec
2065 3576 2391 3645 signiﬁcavit

821 3665 1097 3729 moriens,
1146 3665 1240 3719 ubi
1282 3665 1415 3719 illud
1459 3666 1721 3734 posuerit.
1781 3665 1934 3719 Tunc
1982 3682 2189 3721 senex:
2232 3667 2386 3732 Veni,

822 3757 1020 3825 inquit,
1074 3756 1296 3811 ostende
1346 3758 1507 3821 mihi,
1552 3758 1644 3812 ubi
1689 3758 1966 3825 sepelieris
2013 3774 2156 3813 eum.
2209 3758 2393 3831 Itaque

821 3846 1001 3899 ductis
1019 3861 1201 3900 secum
1250 3846 1512 3902 fratribus
1543 3862 1665 3901 cum
1691 3862 1755 3902 ea
1776 3862 2029 3918 egressus
2055 3858 2159 3905 est.
2184 3849 2254 3905 Ut
2278 3868 2397 3921 per—

823 3941 1087 3987 venerunt
1116 3933 1183 3988 ad
1219 3935 1417 4001 locum,
1457 3936 1595 3989 dixit
1626 3951 1791 3990 senex
1819 3939 2063 3993 mulieri:
2103 3938 2314 3995 Recede
2344 3943 2400 3995 in

822 4025 1041 4079 domum
1066 4033 1234 4080 tuam.
1260 4025 1323 4078 Et
1354 4037 1643 4096 postquam
1676 4030 1883 4098 precati
1932 4029 2184 4094 fuissent,
2227 4047 2387 4085 voca-

2487 3221 2650 3273 τέκνα
2689 3216 2857 3283 αὐτῆς
2884 3217 2963 3276 εἰς
2987 3214 3221 3275 δούλους.
3268 3212 3415 3280 λέγει
3446 3210 3591 3277 αὐτῷ
3624 3212 3651 3261 ὁ
3689 3209 3865 3278 γέρων
3890 3224 3905 3239 ·
3943 3208 4065 3260 είπέ

2489 3312 2646 3379 αὐτῇ,
2661 3309 2748 3368 ,ἴνα
2766 3306 2891 3376 ἔλθῃ
2905 3304 3037 3375 πρὸς
3058 3302 3359 3373 ἡμᾶς,ὅπου
3378 3299 3767 3367 ἀναπαυόμεθα
3784 3298 3843 3350 τὸ
3855 3297 4063 3365 καῦμα.

2490 3402 2583 3455 καὶ
2616 3398 2873 3465 ἐλθούσης
2920 3395 3017 3464 τῆς
3042 3397 3295 3461 γυναικὸς
3327 3390 3476 3443 εἶπεν
3514 3392 3647 3459 αὐτῇ
3690 3392 3718 3441 6
3756 3388 3937 3458 γέρων
3973 3405 3985 3419 ·
4013 3387 4067 3440 τί

2491 3494 2666 3546 πάντα
2683 3492 2724 3521 ¹⁶
2741 3488 2913 3549 οὕτως
2930 3486 3135 3548 κλαίεις
3154 3504 3166 3546 ;
3191 3485 3284 3537 καὶ
3304 3480 3474 3535 εἶπεν·
3496 3485 3523 3535 6
3544 3482 3683 3551 ἁνήρ
3710 3497 3807 3548 μου
3831 3479 4065 3531 ἀπέθανε

2490 3583 2671 3638 λαϐὼν
2704 3580 3027 3651 παραθήκην
3054 3577 3214 3637 τινός,
3251 3576 3341 3626 καὶ
3370 3575 3469 3626 οῦκ
3505 3570 3654 3624 εἶπεν
3689 3571 4065 3639 ἀποθνήσκων,

2491 3676 2595 3729 ποῦ
2648 3672 2841 3741 ἔθηκεν
2887 3670 3081 3738 αὑτήν.
3116 3668 3209 3719 καὶ
3252 3663 3459 3717 εἷπενὸ
3488 3665 3663 3734 γέρων
3696 3662 3829 3731 πρὸς
3873 3662 4065 3729 αὐτήν·

2495 3764 2672 3833 δεῦρο,
2697 3759 2866 3824 δεῖξόν
2905 3776 2994 3829 μοι
3021 3755 3122 3809 ποῦ
3157 3755 3358 3824 ἔθηκας
3385 3754 3571 3807 αὐτόν.
3618 3752 3709 3804 καὶ
3740 3749 3918 3801 λαϐὼν
3946 3752 4068 3811 τοὺς

2498 3854 2758 3920 ἀδελφοὺς
2799 3850 2915 3920 μεθ’
2951 3847 3173 3909 ἐαυτοῦ,
3208 3845 3394 3915 ἐξῆλθε
3431 3846 3525 3897 σὺν
3558 3845 3713 3912 αὐτῇ·
3749 3842 3843 3892 καὶ
3888 3841 4068 3893 ἐλθόν-

2500 3961 2606 3996 των
2631 3945 2723 3995 ἐπὶ
2748 3944 2838 3994 τὸν
2875 3942 3059 4005 τόπον,
3092 3936 3241 3993 εἶπεν
3268 3939 3403 4007 αὐτῇ
3436 3939 3463 3989 6
3490 3935 3682 4004 γέρων·
3711 3931 3968 4001 ἀναχὼρη
3980 3949 4067 3982 σον

2492 4036 2571 4095 εἰς
2601 4036 2691 4086 τὸν
2723 4029 2871 4086 οἶκόν
2913 4049 3029 4085 σου.
3065 4032 3159 4084 καὶ
3205 4027 3658 4100 προσευξαμένων
3698 4023 3898 4088 αὐτῶν,
3934 4022 4072 4092 ἐφώ-

2113 4169 2373 4227 VARIAE
2407 4172 2809 4229 LECTIONES.

916 4261 944 4294 δ
979 4260 1153 4331 γραῖα
1183 4274 1294 4316 om.
1332 4261 1404 4317 al.
1482 4260 1526 4292 "
1565 4259 1652 4314 Al.
1686 4262 2075 4332 πανουργίαν.
2151 4263 2195 4294 “
2232 4266 2317 4320 AI.
2351 4265 2626 4322 πάντοτε.

2320 4381 2570 4437 NOTAE.

890 4489 971 4557 (α)
1012 4491 1095 4545 Cf.
1136 4490 1247 4545 νγ.
1274 4490 1377 4544 PP.
1420 4491 1605 4547 Rosw.
1637 4493 1729 4546 lib.
1752 4491 1797 4544 ν
1845 4492 2016 4545 libell.
2051 4493 2102 4555 7,
2130 4494 2183 4547 9.

894 4560 975 4627 (ὁ)
1014 4560 1097 4613 Cf.
1132 4560 1242 4615 νγ.
1268 4561 1371 4613 PP.
1408 4561 1590 4617 llosw.
1624 4563 1719 4615 lib.
1745 4561 1788 4615 V
1832 4562 1998 4615 libell.
2037 4565 2121 4623 l8,
2158 4563 2243 4616 11.

891 4632 971 4699 (c)
1001 4630 1085 4684 Cf.
1125 4630 1238 4683 VV.
1273 4630 1375 4682 PP.
1417 4633 1599 4686 Rosw.
1636 4633 1729 4685 lib.
1766 4632 1807 4685 V
1858 4633 2025 4686 libell.
2071 4634 2157 4694 18,
2189 4635 2277 4687 10.

892 4700 974 4768 (d)
1019 4701 1203 4753 Ἑπτὰ
1243 4701 1501 4766 ὀνόματα
1536 4738 1552 4759 ,
1589 4702 1655 4755 ad
1686 4702 1909 4754 verbum
1944 4700 2180 4755 Joannes
2224 4704 2396 4755 inter-

828 4786 952 4841 pres
984 4769 1121 4840 [VV.
1158 4770 1261 4822 PP.
1296 4769 1477 4825 Rosw.
1507 4772 1623 4841 ilib.
1674 4769 1741 4822 Vl
1808 4771 1975 4823 libell.
2017 4771 2070 4832 2,
2104 4770 2175 4841 8]
2207 4782 2397 4837 septem

827 4840 1079 4903 nomina;
1103 4856 1166 4893 ex
1189 4855 1351 4894 sensu
1375 4856 1475 4893 ms.
1503 4840 1812 4895 Bodecense
1827 4841 2091 4894 referente
2116 4840 2397 4906 Bollando,

828 4921 883 4964 et
921 4908 1044 4962 cod.
1084 4909 1430 4963 Corbeiensis
1462 4920 1652 4976 septem
1687 4910 1899 4977 fratres.
1940 4910 2173 4962 Nomina
2216 4920 2394 4963 autem

827 4994 928 5047 pro
953 4979 1262 5031 hominibus
1289 4979 1419 5041 dici,
1446 4994 1473 5031 a
1506 4989 1583 5031 tot
1611 4980 1927 5032 auctoribus
1957 4981 2241 5047 probatum
2271 4981 2398 5041 fuit,

829 5051 1070 5102 utmirer
1098 5049 1342 5115 potuisse
1372 5050 1423 5101 id
1454 5050 1599 5103 viros
1630 5052 1820 5104 doctos
1851 5051 2124 5117 ignorare.
2154 5049 2208 5101 ln
2237 5051 2399 5101 chro-

829 5120 953 5171 nico
979 5117 1325 5185 Theophanis
1365 5134 1415 5185 p.
1450 5118 1551 5171 565
1585 5119 1647 5170 Α.
1676 5138 1689 5172 :
1722 5118 2046 5169 ἀπέκτειναν
2081 5122 2204 5179 τοὺς
2256 5120 2403 5171 κλει-

828 5187 1071 5257 δούχουςί
1093 5188 1351 5253 ὀνόματα
1381 5188 1449 5250 ξ’.
1475 5187 1711 5240 Joannes
1737 5186 1993 5241 Moschus
2020 5189 2399 5257 Λειμωναρίου

829 5272 950 5325 cap.
980 5256 1077 5309 155
1106 5274 1123 5327 :_
1148 5261 1504 5327 μοναστήριον
1541 5258 1823 5325 παρθένων
1855 5258 1933 5309 vel
1959 5256 2401 5327 παρθενεύουσῶν

830 5327 909 5390 ὡς
942 5325 1246 5392 ὀνομάτων
1275 5325 1743 5393 τεσσαράκοντα,
1778 5334 1830 5380 et
1865 5342 1984 5394 cap.
2020 5325 2159 5381 {43:

836 5397 1057 5464 μοναχοὶ
1100 5398 1155 5447 ἐν
1200 5396 1275 5465 τῷ
1312 5398 1657 5465 μοναστηρίῳ
1693 5397 1826 5463 περὶ
1872 5396 1944 5447 τὰ
1996 5396 2403 5463 ἐϐδομήκοντα

833 5464 1107 5532 ὀνόματα.
1127 5464 1241 5517 Sub
1260 5464 1414 5520 finem
1436 5464 1588 5519 Tomi
1618 5464 1707 5519 xix
1749 5466 1997 5534 Origenis
2020 5469 2071 5519 in
2098 5466 2357 5519 Joannem
2388 5483 2401 5519 :

830 5536 890 5586 οὐ
913 5535 1019 5603 γὰρ
1034 5535 1106 5597 ὼς
1129 5535 1315 5604 ἔτυχεν
1337 5538 1624 5588 ἀκουστέον
1643 5536 1735 5588 τοῦ
1755 5536 1858 5604 πρὸ
1883 5536 2182 5604 καταϐολῆς
2196 5536 2401 5603 κόσμου

833 5604 1079 5672 ἐπίτηδες
1141 5604 1394 5674 τοιαύτην
1440 5606 1679 5658 ἐπίνοιαν
1747 5606 2062 5657 πλασάντων
2098 5605 2391 5672 ὀνομάτων

835 5675 1015 5743 ἁγίων
1033 5675 1093 5725 τὸ
1111 5675 1209 5743 τῆς
1241 5674 1558 5743 καταϐολῆς.
1594 5676 1732 5743 Lege
1756 5675 2002 5743 ἐπίτηδες
2026 5675 2119 5728 διὰ
2148 5675 2401 5741 τοιαύτην

837 5741 1097 5814 ἐπίνοιαν.
1124 5741 1182 5796 In
1212 5746 1450 5798 Colbcrt.
1482 5741 1633 5797 codd.
1667 5741 1877 5799 duobus
1904 5741 1915 5797 ξ
1957 5745 2043 5796 Ἐν
2068 5745 2145 5812 τῷ
2174 5746 2287 5814 ὄρει
2310 5743 2401 5814 τοῦ

835 5812 979 5868 ἁϐϐᾶ
1018 5814 1298 5868 ’Λντωνίου
1341 5814 1659 5879 ἐκαθέζοντο
1699 5815 1843 5869 ἑπτὰ
1880 5815 2170 5885 ὀνόματα,
2205 5812 2294 5867 καὶ
2326 5812 2401 5881 τῷ

2226 5345 2322 5378 σαν
2345 5326 2402 5377 δὲ

2426 4517 2473 4574 υ
2500 4499 2675 4570 καιρῷ
2715 4501 2823 4552 τῶν
2860 4496 3116 4566 φοινίκων
3139 4494 3450 4574 ,ἐφύλαττεν
3488 4487 3733 4574 ὁ-εἷςιέξ
3774 4490 3953 4574 αὐτῶν
3976 4489 4072 4573 τοῦ

2502 4560 2787 4623 ἀποσοϐεῖν
2830 4560 2899 4621 τὰ
2939 4560 3290 4633 πετεινὰ·’ἦν
3330 4564 3385 4633 δέ
3432 4565 3546 4633 ἐκεῖ
3592 4562 3796 4633 γέρων·
3852 4561 3945 4613 καὶ
3981 4560 4071 4633 δῖε

2504 4640 2801 4707 ἐφύλαττεν
2837 4639 2935 4707 τὴν
2969 4636 3179 4707 ἡμέραν
3220 4629 3406 4707 αὑτοῦ,
3448 4629 3916 4707 ἔκραζενῌλέγων-
3971 4631 4072 4707 ὑπ-

2506 4700 2665 4775 άγετε
2689 4713 2735 4761 οἱ
2759 4709 2865 4759 ἐσω
2893 4700 3432 4775 ’πονηροίλογισμοί,Δ
3461 4702 3564 4775 καὶ
3581 4701 3648 4775 τὰ
3682 4700 3786 4775 ἔξω
3828 4700 4069 4775 πετεινᾴ.

2504 4769 2572 4830 At
2594 4794 2695 4833 ms.
2723 4794 2834 4847 reg.
2863 4775 2997 4829 1787
3024 4769 3287 4847 Ε’Έλεγον
3310 4772 3391 4847 ϐτι
3419 4772 3480 4847 ἐν
3500 4769 3575 4838 τῷ
3598 4769 3643 4822 6.
3670 4786 3720 4823 τ.
3744 4770 3797 4847 ἁ..
3938 4770 4071 4819 ἐκα-

2508 4849 2671 4917 θηντο
2710 4838 2850 4900 ἑπτὰ
2890 4843 3139 4917 μοναχοί,
3162 4844 3268 4917 ora}.
3313 4844 3369 4917 ἐν
3403 4840 3480 4917 τεῦ
3518 4856 3571 4917 κ.
3597 4855 3645 4891 τ.
3666 4854 3739 4917 νφ.
3771 4838 4075 4917 ἐφύλασσον

2504 4901 2595 4969 τοῦ
2652 4918 2827 4968 σοϐεῖν
2874 4901 2941 4967 τὰ
2971 4901 3205 4983 πέτεινὰ-
3242 4912 3305 4962 ἐκ
3339 4901 3613 4983 διαδοχῆς-
3758 4901 3881 4983 ’καθ’
3915 4906 4072 4983 ’ἠμέ-

2508 5004 2625 5056 ραν.
2660 4982 2739 5048 εἷς
2770 4986 2825 5037 δὲ
2848 4984 2906 5049 ἐξ
2936 4983 3114 5035 αὐτῶν
3146 4981 3353 5047 γέρων,
3378 4980 3465 5030 ὅτε
3498 4976 3563 5046 ἦν
3592 4977 3845 5097 η’,ήμέρα
3870 4976 4070 5052 αὐτοῦ,

2508 5058 2599 5097 ναὶ
2620 5056 2933 5097 limina-erm)-
2952 5051 3148 5097 ἐκοαξε
3164 5050 3335 5097 λέγων
3379 5065 3431 5097 κ.
3454 5064 3503 5097 τ.
3530 5048 3579 5097 λ.
3654 5062 3717 5097 oc
3739 5057 3823 5097 est
3852 5043 4070 5097 Pelagio

2505 5043 2600 5107 καὶ
2620 5043 3148 5122 ἐφύλαττενηὲκραζε
3159 5043 3335 5122 λέγων
3379 5065 3437 5122 x_._
3451 5064 3503 5122 τ.
3607 5043 3717 5122 Hoc
3735 5043 4077 5122 eStPelagio

2506 5114 2800 5192 interprete
2842 5121 2977 5194 [νγ.
3019 5114 3124 5194 PP.
3155 5114 3354 5194 Βοῶν.
3407 5115 3575 5194 ιῑῡηγ
3603 5116 3789 5194 libell.
3828 5115 3913 5194 ll,
3956 5114 4069 5194 5t):

2507 5184 2757 5246 Dicebant
2794 5184 2961 5253 se‘nes,
2989 5192 3113 5258 quia
3147 5191 3200 5241 in
3234 5197 3405 5258 monte
3434 5187 3640 5239 abbatis
3680 5186 3895 5258 Antonii
3924 5184 4078 5236 sede-

2506 5264 2629 5315 bant
2658 5274 2847 5330 septem
2875 5253 3113 5313 monachi
3137 5259 3291 5324 (cod.
3332 5256 3610 5310 Suession.
3644 5265 3696 5308 et
3727 5253 3939 5330 fossat.
3978 5270 4076 5330 no-

2503 5335 2680 5399 mina)
2713 5322 2941 5396 tempore
2981 5322 3332 5396 dactylorum,
3363 5337 3573 5400 etenus
3614 5340 3677 5377 ea;
3719 5322 4077 5400 iis-abigebat

2506 5402 2569 5452 ab
2603 5391 2675 5454 iis,
2698 5391 2929 5454 volucres
2960 5416 2977 5451 :
3024 5391 3136 5452 era't
3184 5407 3355 5448 autem
3397 5398 3467 5447 ibi
3506 5409 3691 5455 senex,
3726 5393 3815 5461 qui
3857 5394 3907 5443 in
3949 5391 4073 5455 die,

2504 5488 2608 5532 qua
2652 5488 2765 5524 eum
2808 5469 3045 5537 dactylos
3090 5468 3353 5519 custodire
3400 5464 3757 5537 contingebat,
3808 5461 4076 5537 είαξηηίιιξι

2505 5542 2715 5593 dicens:
2752 5533 3009 5591 Discedite
3048 5539 3112 5589 ab
3145 5539 3301 5597 intro,
3328 5537 3498 5587 malae
3530 5533 3893 5600 cogitationes,
3925 5540 3972 5581 et
3995 5534 4078 5600 _de

2510 5611 2662 5675 foris,
2699 5626 2835 5662 ares.
2874 5608 3028 5676 Apud
3063 5598 3831 5676 GeorgiumAlexandrinum
3864 5616 3919 5652 n.
4060 5618 4071 5676 ξ

2504 5668 2680 5732 λαϐὼν
2705 5668 3036 5748 στρατιώτας
3066 5677 3174 5748 ἕως
3194 5668 3494 5748 ὁλνομᾴτ-ων
3510 5672 3937 5725 πεντακοσίων.
3963 5668 4076 5722 Sed

2511 5750 2634 5819 quis
2668 5744 2789 5805 finis
2830 5749 3027 5804 similia
3056 5744 3356 5815 colligenti?
3384 5744 3652 5797 Ωοτειειι.
