4274 6358
247 357 352 413 145

1504 358 2137 418 APOPHTHEGMATA.

3378 373 3486 430 266

246 493 408 547 νησεν
436 476 466 528 6
492 474 671 544 γέρων
698 475 790 530 τὸν
829 476 1020 548 νεκρὸν
1054 476 1226 546 λέγων
1245 491 1262 505 ·
1310 479 1341 543 6
1378 480 1525 533 δεῖνα
1550 480 1627 552 (a)
1656 521 1671 546 ,
1699 481 1803 535 ποῦ
1834 498 1880 558 Α
1906 498 1934 535 v

1797 482 1803 531 ἱ
1834 498 1880 558 Α
1906 482 1983 535 vit
2014 496 2181 539 senex
2208 488 2483 538 mortuum
2528 481 2613 537 his
2665 480 2881 539 verbis:
2934 483 3047 547 ille,
3098 484 3192 540 ubi
3247 487 3485 556 posuisti

242 565 449 635 ἔθηκας
485 565 584 635 τὴν
611 566 896 637 ἀλλοτρίαν
942 569 1301 639 παραθήκην;
1334 570 1364 622 6
1403 570 1458 624 δὲ
1492 571 1812 644 ἀποκριθεὶς

240 654 415 710 εἶπεν·
442 659 523 722 είς
553 658 645 712 τὸν
669 655 816 712 οῐκόν
843 678 945 731 μου
975 661 1278 732 κέκρυπται
1307 662 1414 715 ὑπὸ
1441 663 1532 717 τὸν
1557 665 1692 718 πόδα
1710 666 1810 736 τῆς

240 746 449 818 κλίνης.
489 748 583 801 καὶ
624 748 770 817 λέγει
813 749 959 820 αὐτῷ
987 752 1016 803 6
1058 750 1254 820 γέρων·
1290 751 1467 821 κοιμῶ
1511 752 1672 806 πάλιν
1703 752 1808 816 ἕως

239 838 341 908 τῆς
366 838 580 911 ἡμέρας
614 840 712 911 τῆς
744 838 1107 906 ἀναστάσεως.
1160 842 1353 907 ἰδόντες
1386 843 1443 896 δὲ
1475 844 1524 896 οἱ
1552 845 1802 914 ἀδελφοὶ,

238 933 347 985 ἀπὸ
373 933 466 986 τοῦ
498 933 661 1003 φόδου
695 934 887 989 ἔπεσον
919 938 999 1000 είς
1036 938 1161 1000 τοὺς
1192 938 1360 1001 πόδας
1385 938 1569 996 αὑτοῦ.
1604 941 1697 993 καὶ
1726 936 1803 994 εἶ-

237 1041 341 1077 πεν
354 1026 536 1089 αὐτοῖς
551 1027 579 1079 6
598 1027 793 1099 γέρων·
808 1028 868 1081 οὑ
883 1027 1041 1099 247
1053 1028 1118 1081 δι’
1135 1030 1161 1081 ὲ
1168 1030 1233 1099 μὲ
1253 1030 1441 1098 γέγονε
1462 1030 1635 1085 τοῦτο’
1651 1031 1802 1085 οὐδὲν

234 1115 347 1185 γάρ
378 1120 494 1186 ειμι
515 1134 528 1147 ’
563 1118 699 1171 ἀλλὰ
727 1118 813 1172 διὰ
840 1120 938 1189 τὴν
973 1121 1146 1191 χήραν
1172 1121 1265 1173 καὶ
1288 1121 1355 1175 τὰ
1374 1122 1581 1193 ὀρφανά
1610 1124 1638 1176 6
1670 1123 1800 1187 Θεὸς

234 1208 459 1278 εποίησε
486 1210 546 1263 τὸ
578 1212 829 1281 πρᾶγμαο
857 1212 1013 1265 τοῦτο
1050 1213 1107 1267 δέ
1136 1216 1251 1268 ὲστι
1278 1214 1340 1267 τὸ
1384 1215 1546 1284 μέγα,
1578 1216 1661 1269 ὅτι
1701 1217 1798 1271 ἀν-

232 1300 549 1372 αμάρτητον
575 1300 716 1355 θέλει
746 1302 917 1366 ὁΘεὸς
950 1303 1045 1375 τὴν
1060 1304 1257 1376 ψυχήν·
1280 1305 1374 1358 καὶ
1390 1305 1444 1358 εί
1467 1323 1517 1358 τι
1545 1305 1612 1359 ἀν
1642 1307 1796 1378 αἰτή-

234 1409 423 1456 σεται,
468 1393 750 1460 λαμϐάνει.
790 1394 958 1449 ἐλθὼν
993 1396 1050 1450 δὲ
1081 1397 1370 1467 ἀνήγγειλε
1415 1401 1481 1471 τῇ
1515 1400 1659 1470 χήρᾳ
1691 1396 1795 1452 ποῦ

230 1487 411 1539 κεῖται
439 1488 472 1556 ἡ
504 1487 797 1560 παραθήκη
821 1505 835 1520 ’
869 1494 902 1560 ἡ
948 1489 1005 1543 δὲ
1032 1489 1270 1544 λαϐοῦσα
1312 1490 1480 1560 αὐτὴν
1520 1492 1687 1545 ἔδωκε
1718 1491 1795 1562 τῷ

230 1576 409 1647 κυρίῳ
449 1579 638 1649 αὐτῆς,
668 1581 763 1633 καὶ
797 1580 1135 1652 ἠλευθέρωσε
1162 1581 1233 1635 τὰ
1264 1582 1428 1637 τέκνα
1469 1582 1658 1653 αὐτῆς.
1702 1583 1794 1636 καὶ

230 1668 440 1731 πάντες
470 1670 518 1722 οι
551 1670 879 1733 ἀκούσαντες
933 1671 1189 1736 ἐδόξασαν
1214 1672 1304 1726 τὸν
1333 1673 1463 1726 Θεόν
1496 1674 1595 1744 (b).

300 1757 355 1812 8.
400 1760 623 1829 Ἔλεγεν
649 1763 679 1814 6
708 1760 882 1825 666d;
910 1764 1115 1834 Πέτρος
1136 1764 1266 1834 περὶ
1296 1764 1389 1817 τοῦ
1413 1765 1569 1833 ἀγίου
1598 1766 1791 1820 Μακα-

1911 573 2146 627 alienum
2174 573 2481 643 depositum
2505 574 2530 627 ?
2550 573 2894 644 Responsum
2926 574 3075 630 dedit
3106 575 3272 630 homo
3300 593 3313 628 :
3339 578 3484 633 Abs-

1908 663 2186 717 conditum
2218 673 2300 719 est
2332 662 2390 717 in
2424 663 2586 717 domo
2618 681 2738 720 mea
2776 666 2881 720 sub
2926 666 3061 735 pede
3113 666 3261 722 lecti.
3304 667 3484 725 Senex

1907 754 1975 807 ad
2008 754 2183 824 ipsum
2217 773 2229 807 :
2262 754 2461 809 lterum
2497 755 2672 809 dormi
2716 772 2892 826 usque
2936 757 3004 810 ad
3058 760 3482 816 resurrectionis

1905 845 2069 900 diem.
2100 843 2254 910 Quod
2298 846 2600 915 conspicati
2641 846 2839 902 fratres
2879 862 3009 917 prae
3048 851 3241 905 timore
3267 852 3482 906 cecide-

1903 943 2032 991 runt
2053 937 2118 989 ad
2146 937 2309 1006 pedes
2340 939 2478 993 eius.
2516 936 2653 992 Tum
2690 938 2758 995 iis
2793 954 2958 995 senex
3010 941 3129 995 ait:
3181 942 3298 996 Non
3350 959 3480 1013 pro-

1901 1036 2022 1098 pter
2048 1043 2134 1085 me
2170 1028 2223 1083 id
2252 1030 2471 1095 evenit;
2504 1030 2639 1085 nihil
2665 1032 2865 1103 quippe
2913 1048 3033 1089 sum
3066 1052 3081 1089 :
3133 1034 3230 1089 sed
3260 1046 3479 1105 propter

1900 1121 2117 1176 viduam
2155 1130 2209 1177 et
2247 1124 2479 1193 pupillos
2507 1123 2651 1179 Deus
2700 1139 2813 1179 rem
2856 1123 3005 1180 fecit.
3048 1125 3163 1181 Hoc
3187 1142 3315 1183 vero
3358 1142 3475 1180 ma-

1899 1225 2062 1282 gnum
2102 1218 2207 1277 est,
2254 1214 2396 1283 quod
2426 1211 2569 1267 Deus
2610 1214 2728 1268 vult
2766 1216 3001 1269 animam
3045 1231 3168 1272 esse
3201 1217 3320 1274 sine
3345 1233 3477 1288 pec-

1898 1311 2045 1371 cato,
2080 1314 2134 1360 et
2158 1306 2418 1377 quicquid
2448 1306 2665 1377 petierit
2693 1309 2941 1378 accipiet.
2976 1308 3264 1368 Profectus
3305 1314 3474 1384 igitur

1897 1398 2164 1452 nuntiavit
2189 1398 2403 1465 viduae,
2433 1400 2525 1454 ubi
2548 1401 2756 1455 iaceret
2789 1401 3118 1472 depositum.
3140 1404 3292 1472 Quae
3325 1409 3471 1462 acci-

1896 1488 2049 1558 piens
2075 1489 2222 1545 dalit
2240 1490 2480 1553 domino,
2500 1507 2562 1545 ac
2579 1492 2634 1545 in
2652 1492 2955 1549 libertatem
2980 1498 3217 1552 asseruit
3243 1498 3469 1553 liberos.

1893 1578 2221 1648 Omnesque,
2256 1581 2348 1650 qui
2379 1582 2703 1637 miraculum
2740 1583 3084 1653 audiverunt,
3123 1588 3349 1658 gloriam
3383 1589 3473 1644 de-

1893 1669 2091 1725 derunt
2117 1672 2247 1727 Deo.

1961 1760 2014 1815 8.
2052 1760 2247 1817 Petrus
2286 1764 2455 1818 abbas
2516 1768 2781 1831 narravit,
2858 1768 3079 1822 beatum
3131 1767 3456 1833 Macarium,

230 1849 373 1919 ρίου,
399 1850 482 1903 ὅτι
518 1853 965 1923 παραγενόμενός
1003 1871 1132 1907 ποτε
1176 1854 1313 1925 πρός
1342 1872 1464 1909 τινα
1506 1857 1791 1927 ἀναχωρη-
1823 1848 1867 1903 Β
1894 1866 1918 1920 q

1770 1885 1791 1897 .
1823 1848 1867 1903 Β
1894 1866 2061 1921 quum
2092 1852 2387 1922 aliquando
2417 1857 2805 1911 anachoretam
2831 1858 3122 1927 quemdam
3154 1857 3458 1912 invenisset

222 1942 352 2009 τήν,
399 1943 497 1995 καὶ
534 1943 710 2015 εὑρὼν
758 1945 921 2000 αὐτὸν
961 1946 1331 2017 κακούμενον,
1376 1946 1704 2001 ἐπυνθάνετο
1739 1947 1793 2001 τί

225 2032 473 2105 βούλοιτο
508 2035 781 2106 τραφῆναι
817 2036 1027 2101 οὐδενὸς
1066 2036 1215 2101 ὄντος
1244 2038 1303 2091 ἐν
1344 2037 1423 2107 τῷ
1456 2037 1651 2108 κελλίῳ
1691 2037 1791 2090 αὺ-

222 2124 347 2179 τοῦ.
387 2128 482 2182 καὶ
508 2129 782 2199 φήσαντος
810 2129 1041 2192 ἐκείνου,
1078 2128 1358 2193 πάστιλον,
1395 2129 1473 2192 είς
1510 2128 1607 2200 τὴν
1640 2128 1791 2182 Ἀλε-

222 2218 498 2289 ξανδρέων
520 2220 674 2273 πόλιν
694 2221 794 2273 οὐκ
814 2219 1059 2292 ὤκνησεν
1080 2220 1108 2273 6
1129 2220 1371 2291 ἀνδρεῖος
1388 2220 1789 2292 παραγενέσθαι

221 2310 322 2363 καὶ
371 2308 555 2364 δοῦναι
595 2311 674 2383 τῷ
711 2312 997 2382 κάμνοντιο
1028 2311 1124 2365 καὶ
1167 2311 1230 2365 τὸ
1258 2311 1570 2384 θαυμαστὸν
1601 2312 1789 2383 μηδενὶ

220 2402 525 2473 κατάδηλον
551 2403 839 2475 γενόμενον
873 2404 965 2476 (c).

298 2490 351 2547 9.
390 2490 526 2547 Εῐπε
561 2494 744 2559 πάλιν,
771 2496 855 2549 ὅτι
876 2496 935 2547 ὲν
970 2495 1177 2566 ἀκακία
1205 2492 1299 2549 τοῦ
1329 2494 1473 2549 ἀδδᾶ
1502 2496 1785 2569 Μακαρίου

218 2584 643 2656 πολιτευομένου
688 2586 826 2657 πρὸς
879 2586 1043 2659 248
1082 2588 1289 2651 πάντας
1323 2589 1451 2651 τοὺς
1500 2587 1782 2656 ἀδελφοὺς,

218 2672 433 2743 ἔφησαν
461 2675 609 2745 αὑτῷ
637 2692 809 2739 τινες·
843 2675 933 2730 διὰ
955 2677 1007 2730 τί
1033 2676 1206 2742 οὕτως
1233 2677 1426 2731 ἑαυτὸν
1442 2679 1646 2743 music;
1679 2678 1708 2729 6
1730 2678 1786 2731 δὲ

216 2759 373 2817 εἶπε·
405 2764 611 2818 δώδεκα
636 2765 731 2837 ἐτη
765 2766 1056 2821 ἐδούλευσα
1091 2767 1170 2838 τῷ
1198 2768 1372 2839 κυρίῳ
1401 2784 1526 2839 μου,
1570 2768 1658 2822 ῐνα
1696 2786 1784 2839 μοι

217 2854 515 2925 χαρίσηται
537 2856 597 2908 τὸ
618 2856 861 2927 χάρισμα
881 2854 1059 2921 τοῦτο,
1092 2857 1184 2911 ml.
1211 2858 1411 2921 πάντες
1443 2872 1533 2928 μοι
1552 2857 1785 2929 συμϐου-

216 2945 413 2998 λεύετε
445 2945 745 3000 ἀποθέσθαι
770 2947 901 3001 αὑτό
920 2965 935 3013 ;

290 3038 382 3091 ιο.
416 3037 641 3106 Ἔλεγον
686 3040 813 3109 περὶ
846 3038 942 3092 τοῦ
977 3030 1123 3093 ἀσὸᾶ
1152 3040 1459 3113 Μακαρίου,
1499 3042 1581 3095 ὅτι
1614 3044 1663 3096 εί
1694 3043 1784 3096 εὑ-

214 3126 455 3197 καίρησε
497 3128 638 3199 μετὰ
680 3129 946 3198 ἀδελφῶν,
980 3130 1148 3184 ἐτίθει
1182 3131 1360 3201 ἑαυτῷ
1386 3133 1541 3202 ὅρονο
1576 3133 1658 3185 ὅτι
1688 3132 1783 3186 ἐὰν

1900 1950 2291 2013 aegrotantem,
2329 1947 2669 2002 sciscitatum
2698 1963 2819 2003 esse
2848 1964 2913 2004 ex
2954 1965 3039 2013 eo,
3072 1949 3332 2019 quidnam
3357 1950 3466 2003 cibi

1897 2049 2115 2090 sumere
2140 2035 2320 2090 vellet.
2363 2034 2465 2103 Qui
2500 2045 2788 2109 postquam
2845 2041 3116 2109 pastillum
3166 2041 3342 2110 petiit,
3386 2042 3464 2095 vi—

1894 2142 2016 2181 rum
2053 2127 2266 2191 fortem,
2304 2144 2470 2198 quum
2512 2130 2648 2184 nihil
2689 2130 2744 2185 in
2796 2132 2931 2187 cella
2978 2139 3145 2195 esset,
3190 2132 3463 2202 proficisci

1893 2215 2276 2271 Alexandriam
2314 2234 2424 2272 non
2454 2218 2648 2289 piguit,
2696 2228 2755 2273 ut
2776 2236 2939 2291 aegro
2980 2221 3233 2289 afferret;
3279 2237 3461 2292 neque

1893 2307 2032 2360 mira
2072 2321 2159 2362 res
2191 2308 2480 2363 manifesta
2510 2310 2769 2380 cuiquam
2795 2310 2938 2364 facta
2971 2318 3076 2366 est.

1962 2482 2014 2537 9.
2052 2481 2251 2536 lterum
2280 2484 2603 2539 memoravit
2628 2502 2641 2539 :
2669 2483 2910 2539 Macario
2937 2485 3121 2539 abbati
3149 2498 3281 2555 prae
3308 2500 3452 2538 cun-

1890 2573 1997 2629 ctis
2028 2574 2293 2628 fratribus
2326 2574 2383 2629 in
2416 2576 2766 2645 simplicitate
2788 2576 3136 2631 conversanti
3177 2575 3403 2644 quidam
3431 2593 3446 2629 :

1891 2662 2023 2729 Cur,
2063 2664 2339 2735 inquiunt,
2370 2667 2532 2720 talem
2580 2675 2632 2720 te
2668 2666 2943 2736 praebes?
2988 2664 3082 2720 llle
3119 2664 3405 2734 respondit
3438 2684 3453 2720 :

1889 2756 2185 2812 Duodecim
2215 2759 2374 2813 annis
2404 2758 2603 2814 servivi
2639 2758 2871 2813 Domino
2889 2774 3031 2820 meo,
3065 2765 3123 2811 ut
3151 2757 3284 2811 mihi
3306 2756 3451 2812 hanc

1888 2849 2184 2920 largiretur
2223 2850 2477 2918 gratiam,
2515 2859 2569 2905 et
2611 2865 2711 2907 vos
2748 2863 2940 2905 omnes
2987 2849 3121 2904 mihi
3161 2846 3457 2902 consilium

1888 2937 2050 3005 datis,
2079 2944 2139 2992 ut
2172 2938 2440 3008 deponam
2480 2940 2645 2994 eam?

1958 3031 2047 3086 i0.
2087 3030 2350 3086 Dicebant
2376 3032 2444 3087 de
2460 3030 2698 3087 Macario
2726 3032 2942 3099 abbate,
2991 3032 3224 3103 quod,si
3254 3047 3457 3087 vacans

1887 3127 2199 3175 versaretur
2220 3135 2345 3175 cum
2387 3120 2675 3187 fratribus,
2715 3122 2856 3176 hanc
2883 3122 2987 3177 sibi
3034 3123 3207 3192 legem
3246 3125 3457 3178 consti-

214 3219 416 3290 εὑρεθῇ
446 3215 610 3283 οἶνος,
648 3219 736 3273 διὰ
762 3222 891 3284 τοὺς
917 3220 1178 3290 ἀδελφοὺς
1219 3199 1362 3286 πίνε,
1394 3199 1490 3276 καὶ
1514 3223 1634 3276 ἀντὶ
1666 3224 1785 3288 ἑνὸς
1810 3199 1853 3257 c
1885 3220 1902 3266 1

1765 3199 1853 3288 ςο
1885 3213 2071 3267 tuebat
2103 3230 2118 3268 :
2155 3211 2213 3267 Si
2245 3213 2433 3268 vinum
2478 3213 2738 3279 adfuerit,
2790 3224 3015 3287 propter
3068 3216 3267 3271 fratres
3308 3216 3453 3282 bibe,

212 3309 479 3380 ποτηρίου
516 3309 657 3362 οἴνου
720 3310 849 3379 μίαν
888 3310 1101 3383 ἡμέραν
1139 3310 1213 3382 μὴ
1245 3311 1376 3383 πίῃς
1405 3309 1549 3380 ὕδωρ
1570 3326 1585 3342 ’
1613 3311 1662 3364 οἱ
1690 3307 1783 3365 οὖν

213 3398 441 3466 ἀδελφοὶ
466 3398 626 3469 χάριν
656 3399 1015 3463 ἀναπαύσεως
1040 3400 1243 3453 ἐδίδουν
1273 3399 1449 3469 αὐτῷ’
1472 3403 1501 3454 6
1521 3400 1580 3454 δὲ
1606 3400 1782 3471 γέρων

216 3490 358 3560 μετά
393 3492 568 3560 χαρᾶς
603 3491 929 3561 ἐλάμϐανεν,
977 3493 1065 3545 ἵνα
1106 3491 1298 3544 ἑαυτὸν
1332 3491 1591 3562 βασανίσῃ
1612 3508 1625 3522 ·
1651 3494 1681 3545 6
1725 3492 1781 3546 δὲ

214 3580 487 3652 μαθητὴς,
519 3580 676 3645 εἰδὼς
704 3582 765 3635 τὸ
792 3583 1045 3653 πρᾶγμα,
1069 3582 1222 3650 ἔλεγε
1249 3584 1363 3646 τοῖς
1382 3582 1631 3651 ἀδελφοῖς
1652 3599 1665 3613 ο
1691 3582 1781 3637 διὰ

207 3673 306 3725 τὸν
330 3673 541 3744 κύριον,
575 3673 648 3744 μὴ
660 3674 803 3726 δῶτε
831 3673 998 3745 αὐτῷ’
1030 3675 1078 3727 εί
1104 3673 1160 3727 δὲ
1188 3676 1348 3745 μήγε,
1369 3676 1449 3737 είς
1476 3674 1538 3728 τὺ
1568 3675 1780 3729 κελλίον

213 3763 399 3833 μέλλει
432 3766 623 3818 ἑαυτὸν
654 3765 939 3836 δαμάζειν.
1002 3766 1097 3818 καὶ
1149 3766 1413 3836 μαθόντες
1461 3767 1511 3820 οί
1562 3767 1779 3836 ἀδελφοὶ

207 3856 312 3909 οὐκ
337 3855 417 3908 ἔτι
449 3855 597 3925 αὑτῴ
620 3860 878 3927 παρεῖχον
908 3858 1010 3927 (ά).

282 3950 371 4002 Η.
407 3949 821 4020 Παρερχόμενός
848 3968 976 4003 ποτε
1007 3951 1113 4005 ἀπὺ
1154 3951 1247 4005 τοῦ
1277 3948 1431 4015 ἕλους
1458 3953 1539 4015 είς
1570 3954 1630 4003 τὸ
1651 3951 1777 4005 κελ-

207 4038 323 4093 λίον
373 4039 566 4091 ἑαυτοῦ
600 4041 628 4091 6
664 4040 838 4103 666d;
893 4042 1201 4111 Μακάριος,
1241 4040 1507 4105 ὲδάσταζε
1562 4042 1775 4107 θαλλία,

207 4132 306 4183 καὶ
342 4131 452 4203 ἰδοὺ
482 4132 792 4201 ὑπήντησεν
826 4132 975 4203 αὐτῷ
1002 4134 1030 4185 6
1054 4133 1300 4197 διάῦολος
1331 4134 1494 4206 249
1520 4133 1662 4187 κατά
1679 4134 1777 4205 τὴν

207 4222 329 4274 666v
363 4222 499 4291 μετὰ
522 4221 809 4291 δρεπάνου.
835 4225 931 4277 καὶ⁸
954 4223 1029 4286 ὼς
1053 4223 1316 4294 ἠθέλησεν
1337 4225 1500 4278 αὑτὸν
1524 4224 1773 4296 κροῦσαι,

206 4312 311 4363 οὐκ
356 4311 565 4381 ἴσχυσε.
619 4314 713 4365 καὶ
759 4313 908 4381 λέγει
960 4313 1136 4383 αὐτῷ’
1172 4314 1341 4385 πολλὴ
1375 4314 1462 4383 βία
1514 4315 1624 4369 ἀπὸ
1658 4315 1772 4378 σοῦ,

204 4403 489 4472 Μακάριε,
517 4403 599 4456 ὅτι
628 4404 689 4455 οὐ
722 4402 958 4473 δύναμαι
987 4405 1123 4473 πρὸς
1171 4405 1251 4458 σέ’
1300 4405 1409 4459 ίδοὺ
1458 4403 1589 4476 γάρ,
1622 4406 1675 4460 εῐ
1721 4423 1773 4459 τι

1883 3314 1938 3360 et
1966 3320 2065 3375 pro
2099 3320 2211 3359 uno
2249 3304 2361 3359 vini
2390 3306 2590 3375 poculo
2628 3320 2725 3376 per
2754 3323 2922 3360 unum
2950 3306 3092 3362 diem
3137 3321 3246 3360 non
3296 3306 3457 3363 bibas

1882 3411 2103 3467 aquam.
2124 3395 2293 3463 Igitur
2309 3395 2530 3463 fratres,
2549 3412 2672 3452 eum
2692 3398 2915 3453 reﬁcere
2928 3398 3235 3468 cupientes,
3252 3398 3456 3452 dabant

1880 3486 2141 3544 ei.Senex
2167 3495 2348 3543 autem
2370 3502 2494 3541 cum
2517 3487 2717 3557 gaudio
2735 3487 3076 3551 admittebat,
3103 3497 3161 3542 ut
3193 3503 3253 3542 se
3271 3486 3450 3558 ipsum

1883 3587 2184 3650 torqueret.
2217 3579 2285 3635 At
2319 3579 2625 3649 discipulus
2661 3579 2804 3644 eius,
2865 3579 2955 3633 cui
3002 3593 3092 3633 res
3140 3587 3270 3632 nota
3313 3587 3454 3640 erat.

1880 3672 2098 3726 dicebat
2150 3670 2417 3727 fratribus
2450 3692 2462 3727 :
2492 3671 2597 3727 Per
2644 3670 2961 3736 Dominum,
3014 3686 3084 3727 ne
3146 3670 3456 3740 praebeatis

1879 3761 1998 3829 illi';
2031 3762 2235 3831 alioqui
2279 3763 2335 3816 in
2366 3763 2504 3818 cella
2537 3762 2891 3817 confccturus
2919 3770 3004 3815 est
3035 3778 3115 3817 se.
3142 3762 3263 3827 Quo
3298 3776 3453 3815 com-

1877 3862 2032 3923 perto
2057 3853 2255 3908 fratres
2283 3868 2391 3907 non
2424 3854 2658 3923 amplius
2690 3853 2743 3908 ei
2776 3853 3149 3923 porrigebant.

1948 3945 2037 3999 Η.
2077 3943 2442 4001 Proficiscens
2459 3945 2752 4014 aliquando
2782 3943 3055 4001 Macarius
3085 3946 3255 4001 abbas
3289 3960 3318 3998 a
3348 3960 3444 4015 pa-

1878 4034 2002 4090 lude
2034 4036 2089 4091 in
2121 4036 2375 4090 cellulam
2398 4052 2553 4092 suam
2584 4036 2841 4106 portabat
2876 4038 3181 4106 palmarum
3224 4052 3446 4101 ramos,

1876 4135 1931 4183 et
1960 4141 2090 4182 ecce
2119 4128 2361 4181 occurrit
2389 4128 2439 4183 ei
2471 4128 2526 4182 in
2558 4129 2646 4182 via
2681 4127 2937 4182 diabolus
2982 4128 3174 4183 falcem
3218 4144 3437 4197 gerens.

1877 4218 2013 4285 Qui.
2043 4227 2102 4273 ut
2153 4218 2324 4272 voluit
2370 4235 2494 4275 eum
2565 4217 2769 4284 ferire,
2820 4235 2938 4274 non
3002 4220 3194 4273 valuit.
3260 4219 3444 4288 Atque

1876 4312 1927 4367 ei
1956 4328 1969 4363 :
2002 4310 2191 4375 Multa,
2229 4309 2433 4380 inquit,
2454 4325 2485 4363 a
2524 4318 2578 4366 te
2607 4312 2712 4375 vis,
2750 4310 2973 4372 Macari,
2999 4312 3145 4381 quod
3173 4312 3444 4366 adversus

1874 4410 1929 4457 te
1967 4402 2101 4456 nihil
2148 4417 2396 4471 possum.
2427 4402 2508 4457 En
2538 4403 2704 4469 enim,
2748 4402 3013 4472 quidquid
3052 4402 3212 4466 facis,
3261 4412 3315 4458 et
3342 4418 3445 4473 ego

206 4496 403 4559 ποιεῖς,
445 4494 600 4563 κάγὼ
649 4496 809 4549 ποιῶ·
846 4497 909 4549 σὺ
958 4496 1270 4566 νηστεύεις·
1314 4496 1470 4565 κάγώ
1508 4499 1571 4530 ιτ·
1601 4499 1773 4569 ἀγρυ-
1805 4526 1848 4580 D
1879 4492 1894 4545 ί

1754 4528 1773 4539 -
1805 4526 1848 4580 D
1879 4492 2040 4547 facio.
2072 4490 2155 4545 Tu
2180 4492 2434 4561 jejunas;
2482 4500 2536 4548 et
2572 4507 2673 4562 ego
2702 4511 2716 4547 :
2752 4492 2979 4562 vigilas;
3006 4502 3058 4547 et
3088 4509 3188 4563 ego
3222 4494 3442 4562 penitus

205 4589 391 4649 πνεῖςο
424 4588 578 4655 κάγὼ
606 4588 741 4651 ὅλως
773 4590 835 4641 οὐ
869 4589 1165 4659 κοιμῶμαι·
1193 4588 1255 4643 ἒν
1277 4592 1392 4643 ἐστι
1427 4588 1615 4659 μόνον,
1644 4591 1702 4641 ὲν
1730 4584 1774 4657 ᾧ
1878 4601 1893 4637 ι

1747 4584 1774 4657 ζ)
1878 4599 1988 4637 non
2037 4582 2272 4637 dormio.
2316 4581 2496 4637 Unum
2540 4583 2719 4637 solum
2757 4590 2844 4635 est
2872 4582 2927 4635 in
2949 4598 3058 4651 quo
3102 4585 3277 4638 vincis
3330 4599 3435 4637 me.

205 4680 365 4748 νικᾷς
420 4696 509 4749 με.
560 4680 707 4748 λέγει
757 4680 904 4755 αὑτῷ
953 4683 982 4734 6
1032 4681 1207 4745 666i;
1252 4681 1570 4753 Μακάριος·
1621 4685 1773 4736 ποῖον

203 4771 394 4837 τοῦτο;
430 4774 458 4824 6
490 4772 547 4825 δὲ
595 4772 698 4843 ἔφη
726 4788 739 4802 ’
775 4775 807 4845 ἠ
850 4773 1178 4836 ταπείνωσις
1207 4790 1321 4827 σου.
1366 4774 1461 4826 καὶ
1497 4773 1585 4827 διὰ
1614 4772 1772 4827 τοῦτο

204 4863 266 4914 οὐ
300 4862 535 4932 δύναμαι
567 4865 703 4934 πρὸς
739 4866 822 4918 σέ.

271 4950 363 5005 12.
402 4952 469 5022 (ε)
515 4954 829 5025 Ἡρώτησάν
858 4973 1003 5019 τινες
1048 4955 1157 5009 τῶν
1180 4957 1432 5028 πατέρων
1485 4958 1576 5011 τὸν
1595 4957 1766 5011 ἀϐὃᾱν

203 5043 494 5113 Μακάριον
525 5046 614 5098 τὸν
632 5048 946 5114 Αίγύπτιον,
979 5049 1261 5117 λέγοντες*
1294 5050 1410 5113 πῶς
1433 5050 1520 5103 ὅτε
1567 5049 1766 5110 ἐσθίεις

204 5134 300 5186 καὶ
329 5136 417 5189 ὅτε
447 5137 725 5207 νηστεύεις
749 5139 809 5191 τὸ
837 5138 997 5209 σῶμά
1023 5157 1115 5193 σου
1140 5140 1300 5213 ξηρόν
1330 5144 1479 5207 eam;
1506 5141 1600 5193 καὶ
1619 5140 1763 5207 λέγει

1875 4675 2237 4745 Interrogavit
2279 4672 2551 4728 Macarius
2586 4673 2757 4727 abbas
2790 4689 2806 4726 :
2837 4672 3109 4737 Quidnam
3146 4683 3232 4727 est
3268 4673 3442 4727 illud?

1874 4767 2176 4838 Respondit
2208 4783 2221 4821 :
2255 4765 2543 4820 Humilitas
2570 4771 2687 4818 tua.
2719 4768 2797 4819 Ac
2829 4772 3120 4835 propterea
3170 4765 3439 4819 adversus

1871 4873 1924 4917 te
1943 4862 2077 4915 nihil
2107 4875 2354 4931 possum.

1944 4951 2029 5004 i2.
2072 4948 2545 5018 lnterrogaveruut
2564 4946 2785 5017 quidam
2814 4962 2843 5001 e
2870 4948 3118 5015 patribus
3138 4947 3433 5000 Macarium

1871 5041 2193 5111 Aegyptium
2260 5039 2507 5093 abbatem
2577 5039 2867 5093 dicentes:
2934 5038 3037 5103 Qui
3097 5038 3156 5091 ﬁt
3202 5046 3264 5090 ut
3323 5038 3436 5091 sive

1870 5130 2144 5193 comedas,
2197 5130 2309 5185 sive
2351 5129 2584 5194 ieiunes,
2635 5143 2835 5197 corpus
2878 5136 3031 5183 tuum
3067 5130 3275 5184 siccum
3323 5129 3389 5183 sit
3428 5155 3437 5183 :

1482 5272 1735 5329 VARIAE
1768 5264 2169 5325 LECTIONES.

278 5363 323 5398 ιτ
358 5366 447 5421 Al.
477 5364 591 5435 ἐγὼ
630 5367 771 5421 οὐδὲ
804 5367 958 5434 ὅλως
988 5369 1204 5439 τρώτω.

1703 5472 1949 5530 NOTAE.

274 5616 615 5699 (0),_MT0§?_'
656 5625 684 5676 6
711 5622 876 5688 δεῖνα,
912 5628 966 5681 in
996 5628 1135 5683 Vitis
1167 5627 1422 5682 Patrum:
1456 5626 1630 5683 dicens
1666 5629 1764 5686 illi,

206 5708 318 5765 pro,
331 5688 641 5765 ᾴὶεεριε-ίμε.

286 5762 352 5839 ιδ)
504 5759 629 5839 _vv_.
662 5762 977 5839 pl{,_uosw.
1014 5769 1106 5839 ub.
1158 5766 1219 5821 Vl
1274 5770 1438 5827 libell.
1570 5774 1619 5825 3.

301 5792 352 5823 υ,
393 5792 476 5812 η...
532 5792 550 5813 1
580 5792 629 5815 ν.
662 5792 767 5818 nr.
800 5792 977 5821 nusw.
1016 5792 1106 5821 ιιυ.
1164 5792 1219 5821 ιι
1276 5792 1307 5824 ιι

277 5792 350 5904 lc)
388 5829 474 5887 ut.
503 5831 700 5891 Radcri
735 5834 963 5894 Vit'idar.
1019 5836 1195 5905 111.0,
1236 5842 1317 5896 ιυ.

1899 5612 2027 5706 quit.)
2068 5610 2299 5706 (ELQXV.
2351 5610 2452 5664 PP.
2496 5610 2678 5664 liosw.
2706 5613 2797 5665 lib.
2833 5611 2895 5663 ΙΙΙ
2958 5628 3081 5683 cap.
3116 5614 3201 5667 55:
3252 5612 3342 5664 lib.
3394 5611 3431 5662 V

1875 5682 2041 5735 libell.
2074 5683 2127 5738 4.
2160 5682 2246 5731 ‘26.
3027 5682 3037 5683 ί

1946 5750 2012 5817 (el
2055 5749 2136 5820 (if.
2170 5748 2282 5804 νγ.
2308 5748 2408 5802 l’P.
2435 5747 2613 5820 “08W.
2652 5751 2737 5803 ΙίΙλη
2806 5751 2867 5803 lii
2906 5768 3023 5820 cap,
3087 5752 3217 5817 125;
3257 5750 3353 5807 lib.
3390 5751 3427 5809 ν

1870 5820 2034 5877 libell.
2074 5819 2159 5885 13,
2202 5822 2428 5889 26,111).
2468 5819 2551 5874 VU
2611 5838 2722 5891 (up.
2776 5822 2855 5886 l5,
2886 5824 2939 5875 6.
