4274 6358
796 383 902 439 ΞΠ

1619 374 1719 428 SS.
1760 369 2214 427 MACARIORUM
2250 367 2569 425 AEGYPTII
2606 370 2693 427 ΕΤ
2729 370 3191 426 ALEXANDRINI

3912 368 4019 423 248

799 498 1108 568 Respondet
1160 497 1227 550 iis
1275 510 1439 550 senex
1475 511 1489 549 :
1524 492 1772 563 Lignum,
1814 491 1959 560 quod
2012 497 2195 544 versat
2238 504 2357 543 sar-
2384 493 2430 549 Α
2458 507 2487 543 α

2332 517 2357 528 -
2384 493 2430 549 Α
2458 491 2639 553 αὑτοῖς
2667 492 2696 543 6
2734 491 2939 561 γέρων·
2978 491 3039 544 τὸ
3077 490 3231 555 ξύλον
3272 488 3334 541 τὸ
3364 486 3593 558 στρέφον
3640 485 3709 539 τὰ
3754 487 4020 557 καιόμενα

799 598 982 645 menta
1014 602 1154 656 quae
1184 586 1600 646 comburuntur,
1639 581 1862 635 omnino
1900 581 1967 634 ab
1994 581 2117 650 igne
2156 594 2358 633 consu-

802 681 991 734 mitur.
1026 677 1286 731 Similiter
1317 678 1361 729 si
1390 675 1731 727 mundaverit
1757 675 1919 726 homo
1942 682 2175 725 mentem
2203 686 2359 725 suam

802 770 860 823 in
904 770 1099 822 timore
1145 767 1261 831 Dei,
1321 766 1436 835 ipse
1476 765 1636 818 timor
1678 761 1774 817 Dei
1819 778 2019 832 corpus
2067 762 2187 831 ejus
2228 777 2361 815 con-

802 862 991 916 sumit.

878 953 964 1005 15.
1001 950 1282 1004 Profectus
1323 945 1617 1016 aliquando
1653 944 1922 999 Macarius
1951 943 2120 998 abbas
2158 958 2188 997 e
2219 940 2364 996 Sceti

804 1046 862 1099 in
892 1043 1270 1102 Terenuthim,
1308 1041 1588 1108 ingressus
1625 1046 1709 1092 est
1740 1037 1948 1101 fanum,
1992 1046 2052 1089 ut
2084 1036 2364 1090 dormiret.

2461 582 2711 653 φρύγανα
2748 584 2814 636 δι’
2852 584 2974 635 ὅλου
3006 583 3242 635 ἐσθίεται
3278 582 3341 634 ἐκ
3373 581 3465 633 τοῦ
3493 579 3682 648 πυρός.
3711 579 3885 641 οὕτως
3925 581 4024 633 ἐὰν

2461 674 2775 747 καθαρεύσῃ
2818 674 3100 744 ἄνθρωπος
3145 675 3243 727 τὸν
3278 671 3402 725 νοῦν
3450 672 3614 725 αὑτοῦ
3646 672 3703 721 ἐν
3752 671 3831 739 τῷ
3872 672 4026 741 φόϐῳ

2462 763 2556 816 τοῦ
2589 762 2745 825 Θεοῦ,
2770 765 2931 827 αὑτὸς
2960 764 2988 815 6
3009 764 3169 832 φόϐος
3191 762 3286 815 τοῦ
3314 760 3449 814 Θεοῦ
3478 759 3754 813 κατεσθίει
3779 761 3839 811 τὸ
3865 760 4025 831 σῶμα

2463 853 2625 907 αὑτοῦ
2652 855 2728 921 (a)
2743 894 2755 906 .

2538 946 2625 998 15.
2672 946 2862 1014 Ἀνέϐη
2895 947 3025 999 ποτέ
3060 948 3089 999 6
3118 946 3291 1009 ἀϐϐᾶς
3327 946 3612 1017 Μακάριος
3636 947 3742 1001 ἀπὸ
3774 947 4030 1017 Σκήτεως

2467 1036 2546 1098 εἰς
2578 1037 2928 1107 Τερενοῦθινο
2974 1039 3069 1091 καὶ
3102 1038 3345 1108 εἰσῆλθεν
3376 1041 3455 1100 είς
3483 1038 3545 1090 τὸ
3586 1039 3728 1109 ἱερὸν
3760 1037 4031 1107 κοιμηθῆ-

804 1138 888 1193 lbi
948 1140 1103 1187 erant
1139 1142 1325 1185 vetera
1360 1130 1717 1183 Etlinicorum
1756 1127 2059 1194 cadavera;
2096 1143 2126 1182 e
2166 1127 2368 1196 quibus
2468 1144 2492 1178 ν

2341 1140 2368 1179 s
2468 1142 2596 1178 ναι’
2638 1122 2778 1196 ἦσαν
2825 1128 2881 1179 δὲ
2932 1128 3048 1180 ἐκεῖ
3086 1128 3419 1199 σκηνώματα
3462 1130 3725 1199 Ἐλλήνων
3786 1129 4026 1182 παλαιά·

809 1241 979 1281 unum
1025 1236 1305 1293 acceptum
1334 1224 1514 1292 posuit
1547 1222 1650 1275 sub
1672 1223 1849 1290 capite
1873 1236 1973 1276 suo
1997 1220 2146 1274 velut
2170 1218 2371 1273 embri-
2472 1217 2497 1285 ε

2346 1244 2371 1259 -
2472 1217 2635 1286 250
2667 1218 2759 1271 καὶ
2801 1218 2979 1271 λαϐὼν
3000 1219 3081 1283 ἓν,
3115 1220 3354 1290 ὑπέθηκε
3397 1224 3464 1291 τῇ
3496 1222 3687 1274 ἐαυτοῦ
3724 1220 3931 1289 κεφαλῇ
3960 1220 4034 1281 ὡς

810 1318 1004 1371 mium.
1036 1316 1335 1369 Daemones
1351 1330 1500 1383 ergo,
1532 1314 1715 1366 intuiti
1751 1313 1872 1381 ejus
1899 1312 2207 1376 audaciam,
2230 1310 2371 1363 invi-
2475 1312 2498 1362 ὲ

2347 1338 2371 1348 ο
2475 1312 2789 1381 ἐμϐρίμιον·
2822 1312 2870 1363 οί
2892 1309 2984 1364 οὖν
3012 1312 3264 1381 δαίμονες
3290 1313 3523 1383 ὁρῶντες
3552 1312 3718 1365 αὑτοῦ
3745 1314 3803 1365 τὺ
3836 1312 4035 1379 θαρσα-

813 1408 1011 1462 derunt
1040 1408 1107 1461 ei.
1144 1406 1221 1458 Ac
1256 1405 1502 1459 volentes
1540 1419 1660 1457 eum
1693 1412 1919 1466 terrere,
1962 1402 2107 1455 velut
2140 1400 2375 1454 feminae
2474 1402 2501 1455 λ

2349 1416 2375 1454 e
2474 1402 2613 1465 λέον,
2654 1403 2983 1473 ἐφθόνησαν⁸
3027 1406 3119 1456 καὶ
3152 1404 3395 1466 θέλοντες
3421 1405 3582 1457 αὑτὸν
3608 1405 3858 1473 πτοῆσαι,
3900 1403 4037 1470 ἐφώ-

814 1515 1012 1553 nomen
1032 1497 1582 1551 vocabantdicentes:
1602 1495 1744 1548 lleus
1770 1504 1847 1556 tu,
1866 1493 1985 1547 veni
2003 1492 2287 1545 nobiscum
2309 1491 2376 1544 ad
2477 1510 2502 1545 ν

2350 1491 2376 1544 τι
2477 1510 2603 1545 νουν
2634 1493 2708 1557 ὡς
2741 1492 2997 1560 γυναικὸς
3040 1494 3233 1563 ὄνομα,
3267 1494 3516 1561 λέγοντες
3539 1509 3553 1523 ⁸
3583 1496 3615 1563 ή
3663 1495 3830 1557 δεῖνα,
3874 1493 4038 1563 δεῦρο

816 1587 1409 1655 balneum.Respondit
1443 1596 1619 1641 autem
1639 1586 1781 1639 alius
1800 1586 2030 1638 daemon
2056 1584 2228 1638 desub
2260 1583 2378 1651 ipso
2483 1602 2504 1654 ι.

2353 1596 2378 1635 o
2483 1585 2599 1654 μεθ’
2625 1585 2782 1653 ἡμῶν
2812 1587 2891 1647 εἰς
2920 1585 2982 1636 τὸ
3010 1584 3285 1653 βαλανεῖον
3308 1601 3321 1615 ⁸
3353 1586 3627 1655 ὑπήκουσε
3652 1585 3709 1636 δὲ
3742 1584 3898 1645 ἄλλος
3925 1584 4041 1641 δαί-

816 1688 1074 1746 tanquam
1113 1692 1143 1730 e
1182 1678 1433 1739 mortuis,
1495 1676 1723 1743 loquens
1752 1693 1763 1727 :
1790 1673 2143 1742 Peregrinum
2208 1673 2379 1725 habeo
2485 1694 2504 1743 ι

2352 1685 2379 1723 ο
2485 1692 2599 1743 μων
2633 1676 2979 1728 ὑποκάτωθεν
3022 1676 3186 1728 αὑτοῦ
3223 1676 3298 1737 ὡς
3346 1678 3410 1728 ἐκ
3438 1677 3545 1728 τῶν
3583 1676 3789 1746 νεκρῶν
3834 1676 4040 1743 λέγων’

820 1783 984 1835 super
1018 1781 1123 1829 me,
1184 1781 1284 1819 nec
1318 1780 1541 1833 possum
1589 1765 1795 1815 venire.
1848 1762 1915 1813 At
1945 1776 2112 1815 senex
2155 1760 2379 1813 territus
2410 1831 2444 1836 _
2486 1765 2508 1829 ξ

2354 1774 2379 1813 S
2410 1831 2444 1836 _
2486 1765 2634 1829 ξένον
2670 1765 2778 1835 ἔχω
2810 1767 2996 1819 ἐπάνω
3036 1785 3159 1836 μου,
3195 1769 3287 1820 καὶ
3331 1768 3391 1819 ού
3426 1768 3661 1836 δύναμαι
3698 1766 3894 1819 ἐλθεῖν.
3926 1769 3955 1817 ὁ
3986 1765 4042 1816 δὲ

820 1831 928 1911 non
969 1864 1070 1920 est,
1090 1856 1183 1909 sed
1209 1831 1467 1907 audacter
1495 1852 1813 1906 verberabat
1839 1858 2127 1919 corpus,et
2150 1869 2162 1903 :
2186 1852 2377 1918 Surge,
2410 1831 2451 1885 Β
2480 1874 2508 1923 γ

2363 1892 2377 1917 ,
2410 1831 2451 1885 Β
2480 1856 2654 1927 γέρων
2675 1831 2776 1909 ονύκ
2804 1831 3215 1928 ἐπτοήθη-,ἁλλὰ
3241 1859 3455 1929 θαρρῶν
3480 1831 3673 1911 ἔτυπτε
3696 1858 3757 1909 τὸ
3784 1859 4046 1927 σκήνωμα

820 1947 1019 2015 inquit,
1053 1947 1188 2000 vade
1222 1947 1275 1998 in
1309 1945 1583 2005 tenebras,
1616 1944 1661 1997 si
1692 1950 1867 2011 potes.
1908 1940 2027 2005 Quo
2050 1940 2234 1992 audito
2255 1940 2384 1992 dae-
2480 1948 2508 1999 λ

2358 1967 2384 1977 -
2480 1948 2652 2014 λέγων
2673 1965 2685 1977 ·
2723 1948 3143 2018 ἕγειραι,ὑπαγε
3176 1953 3255 2013 είς
3277 1953 3334 2003 τὸ
3359 1953 3566 2012 σκότος,
3604 1952 3651 2001 εί
3678 1949 3922 2001 δύνασαι.
3952 1948 4046 1999 καὶ

820 2051 1012 2089 mones
1056 2037 1430 2089 clamaverunt
1467 2049 1598 2086 voce
1646 2046 1842 2102 magna
1886 2031 2161 2085 dicentes:
2191 2028 2382 2084 Vicisti
2481 2056 2508 2091 τ

2358 2030 2382 2083 πί
2481 2038 2638 2091 τοῦτο
2659 2037 2992 2101 ἀκούσαντες
3011 2041 3060 2091 οἱ
3085 2040 3331 2110 δαίμονες
3363 2081 3377 2104 ,
3406 2041 3637 2110 ἐϐόησαν
3660 2043 3811 2108 φωνῇ
3834 2038 4046 2108 μεγάλῃ

822 2144 943 2182 nos.
982 2127 1043 2180 Et
1077 2128 1285 2198 pudore
1316 2126 1509 2182 suflusi
1542 2125 1894 2195 aufugerunt.

897 2306 984 2360 M.
1028 2303 1290 2359 Dicebant
1318 2303 1386 2359 de
1418 2302 1654 2357 Macario
1684 2302 1948 2373 Aegyptio
1976 2300 2193 2363 abbate,
2240 2298 2388 2370 quod

832 2398 1134 2453 ascendens
1158 2412 1188 2450 e
1220 2396 1386 2458 Sceti,
1422 2411 1485 2448 ac
1516 2395 1789 2464 sportulas
1821 2403 2069 2463 portans,
2122 2391 2391 2460 defatiga-

827 2497 922 2543 tus
973 2488 1148 2555 sedit;
1194 2487 1479 2556 oravitque
1534 2488 1588 2541 in
1648 2486 1793 2539 hunc
1835 2485 2089 2537 modum:
2135 2482 2300 2543 Deus,
2331 2489 2390 2532 tu

830 2580 975 2642 scis,
1003 2578 1139 2631 nihil
1162 2577 1292 2630 mihi
1333 2577 1530 2631 virium
1567 2590 1875 2645 superesse.
1922 2572 1989 2626 Et
2018 2572 2166 2626 illico
2195 2571 2262 2625 ad
2293 2569 2394 2624 lluo

830 2674 981 2725 vium
1012 2671 1224 2724 delatus
1250 2678 1355 2724 est.

907 2759 994 2812 15.
1037 2758 1268 2823 Quidam
1310 2758 1364 2811 in
1400 2758 1642 2827 Aegypto
1686 2756 1857 2809 ﬁlium
1906 2754 2098 2807 habuit
2131 2752 2395 2822 paralyti-

833 2866 984 2905 cum.
1020 2850 1191 2917 Quem
1214 2866 1339 2905 cum
1365 2850 1435 2904 ad
1468 2850 1720 2903 cellulam
1757 2847 1978 2900 Macarii
2009 2845 2224 2900 abbatis
2252 2844 2400 2897 tulis-

838 2952 941 3006 set,
969 2950 1023 2997 et
1055 2944 1121 2997 ad
1150 2944 1348 2997 ostium
1392 2944 1693 3013 plorantem
1729 2942 2064 3011 reliquisset,
2114 2940 2273 3008 longe
2308 2954 2396 2992 re-

837 3038 1026 3092 cessit.
1060 3036 1231 3107 lgitur
1262 3053 1428 3092 senex
1462 3039 1720 3092 deorsum
1751 3037 2064 3107 adspiciens
2102 3036 2237 3089 vidit
2264 3050 2401 3104 pue-

2483 2128 2768 2196 λέγοντες·
2810 2131 3066 2202 ἐνίκησας
3098 2135 3280 2203 ἡμᾶς·
3325 2134 3418 2185 καὶ
3461 2134 3660 2203 ἔφυγον
3695 2131 4050 2201 καταισχυνὸ-

2488 2238 2641 2290 μενοι
2665 2222 2759 2291 (ὁ).

2560 2312 2646 2364 14.
2687 2311 2910 2379 Ἔλεγον
2957 2313 3085 2381 περὶ
3125 2309 3217 2365 τοῦ
3260 2312 3404 2365 ἀϐϐἄ
3441 2312 3728 2383 Μακαρίου
3770 2310 3863 2363 τοῦ
3895 2311 4055 2378 Δίγυο

2490 2400 2647 2452 πτίου
2676 2401 2740 2463 ’⁸,
2772 2401 2852 2451 ὅτι
2881 2400 3184 2453 ἀναϐαίνων
3213 2400 3320 2452 ἀπὸ
3354 2402 3626 2470 Σκήτεως,
3653 2398 3743 2450 καὶ
3766 2394 4054 2466 βαστάζων

2493 2494 2771 2566 σπυρίδας,
2800 2494 3068 2557 κοπιάσας
3110 2494 3379 2562 ἐκαθέσθη
3399 2512 3411 2523 ·
3443 2494 3536 2545 καὶ
3564 2491 3757 2555 εὔξατο
3786 2490 3960 2557 λέγων
3983 2506 3995 2517 ’
4028 2489 4056 2539 6

2492 2588 2647 2648 Θεὸς,
2680 2588 2744 2639 σὺ
2774 2582 2921 2648 οἶδας
2966 2588 3046 2639 ὅτι
3089 2587 3189 2638 οὑκ
3220 2588 3261 2617 ¹⁹
3309 2586 3509 2655 ἰσχύω·
3566 2584 3659 2635 καὶ
3710 2581 3911 2642 εὐθέως
3972 2579 4059 2631 εὑ-

2496 2678 2626 2748 ρέθη
2658 2679 2751 2730 ἐπὶ
2773 2678 2863 2730 τὸν
2895 2679 3137 2747 ποταμόν
3165 2678 3259 2746 (c).

2569 2771 2655 2823 15.
2687 2766 2797 2822 Ἦν
2820 2788 2903 2833 τις
2936 2770 3074 2839 ἔχων
3107 2770 3221 2821 υἱὸν
3260 2765 3627 2837 παραλυτικὸν
3667 2769 3723 2820 ἐν
3767 2766 4058 2833 Αἰγύπτῳ·

2498 2862 2593 2913 καὶ
2632 2862 2862 2931 ἤνεγκεν
2902 2862 3062 2915 αὑτὸν
3093 2864 3170 2924 είς
3197 2861 3258 2912 τὸ
3299 2860 3508 2913 κελλίον
3553 2857 3646 2911 τοῦ
3691 2857 3833 2909 ἀϐϐἄ
3871 2858 4063 2909 Μακα-

2504 2953 2619 3023 ρίου
2642 2970 2655 2983 ⁸
2688 2956 2781 3005 καὶ
2804 2956 2960 3023 ἀφεὶς
2982 2953 3144 3006 αὑτὸν
3168 2953 3257 3004 ἐπὶ
3288 2953 3441 3020 251
3466 2953 3563 3022 τὴν
3588 2951 3756 3021 θύραν
3782 2949 4061 3009 κλαίοντα,

2500 3042 2812 3113 ἀνεχώρησε
2843 3043 3081 3113 μακράν.
3127 3042 3456 3112 παρακύψας
3484 3038 3577 3092 οὖν
3606 3043 3633 3092 6
3660 3041 3836 3110 γέρων
3869 3035 3976 3089 εἶδε
4006 3036 4065 3087 τὸ

839 3144 962 3182 rum
994 3137 1047 3183 et
1080 3130 1377 3198 interrogat
1409 3146 1529 3184 eum
1563 3148 1575 3183 :
1609 3130 1743 3195 Quis
1790 3140 1843 3184 te
1886 3131 1993 3183 huc
2042 3129 2256 3181 attulit?
2294 3127 2399 3181 Re-
2430 3170 2471 3229 ο
2504 3152 2527 3185 τ

2377 3156 2399 3169 σ
2430 3170 2471 3229 C
2504 3135 2713 3187 παιδίον
2757 3136 2823 3199 ’°,
2861 3135 2953 3187 καὶ
2989 3134 3136 3201 λέγει
3164 3133 3343 3203 αύτῷ·
3371 3133 3453 3195 τίς
3480 3132 3678 3201 ἡνεγκέ
3710 3147 3769 3182 σε
3800 3124 3939 3192 bas;
3973 3129 4065 3179 καὶ

841 3220 1077 3288 spondet
1114 3239 1127 3273 :
1160 3218 1323 3274 Pater
1350 3238 1503 3276 meus
1538 3223 1641 3275 huc
1675 3238 1760 3275 me
1793 3222 2023 3290 projecit
2051 3229 2105 3275 et
2133 3221 2285 3274 abiit.
2313 3220 2404 3273 Ait
2434 3216 2471 3229 ν
2505 3225 2529 3276 λ

2386 3216 2471 3273 ιν
2505 3225 2687 3293 λέγει·
2730 3226 2759 3277 6
2803 3226 2987 3295 πατήρ
3019 3242 3119 3293 μου
3159 3223 3347 3295 ἐρῤιψέ
3402 3241 3467 3292 με
3519 3216 3641 3285 ὧδε,
3690 3222 3783 3273 καὶ
3829 3218 4063 3287 ἀπῆλθε.

840 3313 893 3365 ei
922 3327 1121 3367 senex:
1154 3312 1393 3383 Surgens
1441 3329 1732 3383 assequere
1766 3329 1911 3367 eum.
1953 3312 2259 3381 Statimque
2299 3320 2406 3365 'sa-

844 3409 1009 3453 natus
1037 3402 1278 3455 surrexit
1310 3411 1362 3456 et
1392 3414 1598 3471 patrem
1618 3410 1953 3458 consecutus
1980 3412 2084 3457 est.
2128 3404 2305 3472 Atque
2332 3404 2407 3456 ita

846 3492 1099 3545 abierunt
1130 3495 1184 3547 in
1218 3498 1439 3548 domum
1470 3512 1645 3551 suam.

921 3582 1007 3638 16.
1054 3584 1322 3639 Macarius
1361 3603 1589 3657 magnus
1621 3590 1791 3642 abbas
1812 3588 2027 3643 dicebat
2056 3587 2320 3640 fratribus
2355 3585 2409 3639 in

848 3674 1020 3740 Sceti,
1053 3689 1339 3748 postquam
1372 3680 1581 3735 dimisit
1613 3683 1930 3736 ecclesiam:
1955 3682 2164 3749 Fugite,
2192 3681 2409 3733 fratres.

848 3766 1035 3820 Aitilli
1068 3784 1257 3823 senum
1291 3772 1513 3841 quidam
1550 3792 1561 3825 :
1592 3772 1837 3837 Quonam
1875 3772 2061 3841 fugere
2113 3771 2413 3839 poterimus

850 3860 992 3910 ultra
1026 3861 1372 3916 solitudinem
1400 3864 1582 3917 hanc?
1625 3862 1745 3933 Ipse
1788 3879 1917 3917 vero
1970 3864 2199 3931 digitum
2252 3876 2411 3914 suum

852 3949 919 4001 ad
942 3965 1003 4003 os
1036 3953 1271 4019 ponebat
1308 3956 1497 4009 dicens
1532 3974 1545 4009 :
1582 3956 1773 4025 Fugite
1809 3954 1933 4008 hoc.
1970 3956 2106 4007 Tum
2146 3953 2416 4021 ingredie~

853 4041 1016 4095 batur
1048 4044 1103 4096 in
1127 4046 1375 4098 cellulam
1410 4062 1563 4100 suam
1609 4059 1663 4103 et
1695 4050 1883 4103 clauso
1905 4048 2047 4101 ostio
2080 4048 2326 4101 sedebat.

926 4221 1011 4274 17.
1054 4222 1200 4275 Idem
1264 4223 1531 4278 Macarius
1584 4227 1752 4280 abbas
1790 4227 1926 4279 dixit
1960 4245 1971 4279 :
2004 4226 2058 4278 Si
2107 4226 2416 4296 quempiam

855 4312 1188 4380 increpando
1218 4314 1284 4366 ad
1316 4316 1449 4367 iram
1489 4319 1873 4381 commoveris,
1922 4318 2137 4371 aﬂ‘ectui
2182 4328 2274 4370 tuo
2332 4332 2418 4370 sa-

860 4403 1096 4458 tisfacis.
1142 4403 1329 4475 Neque
1388 4409 1533 4461 enim
1586 4418 1645 4461 ut
1688 4410 1826 4465 alios
1870 4412 2071 4476 salves,
2133 4410 2328 4480 perdes
2366 4417 2419 4463 te

853 4509 1057 4563 ipsum.

934 4587 1017 4640 l8.
1064 4587 1211 4641 Idem
1237 4588 1504 4643 Macarius
1527 4590 1715 4652 abbas,
1740 4605 1864 4643 cum
1896 4597 2041 4642 esset
2073 4589 2124 4641 in
2158 4590 2419 4659 Aegypto,

856 4677 1065 4731 invenit
1087 4679 1356 4733 hominem
1377 4681 1981 4749 habentemjumentum
1999 4688 2051 4732 et
2071 4681 2419 4747 praedantetn

860 4786 1001 4839 quae
1036 4771 1101 4823 ad
1136 4787 1292 4825 usum
1324 4787 1479 4825 suum
1502 4773 1835 4841 possidebat:
1862 4771 1978 4841 ipse
1998 4788 2127 4825 vero
2160 4780 2420 4840 tanquam

861 4865 1184 4933 peregrinus
1212 4865 1438 4917 adstans
1469 4865 1596 4927 furi,
1638 4880 1744 4917 una
1786 4866 2049 4917 onerabat
2085 4864 2416 4931 jumentum,

862 4970 1167 5023 magnaque
1200 4972 1321 5007 cum
1371 4957 1552 5025 quiete
1579 4956 1789 5008 dimisit
1832 4972 1955 5009 cum
1997 4955 2181 5009 dicens
2216 4978 2225 5008 :
2266 4954 2418 5007 Nihil

862 5048 1136 5101 intulimus
1169 5050 1221 5099 in
1265 5049 1550 5101 mundum:
1578 5048 1718 5100 haud
1763 5047 1979 5100 dubium
2022 5046 2157 5116 quod
2184 5063 2273 5100 nec
2322 5063 2419 5099 au-

2506 3317 2655 3383 λέγει
2686 3317 2833 3387 αὑτῷ
2864 3320 2891 3369 6
2931 3318 3138 3387 γέρων,’
3171 3317 3403 3378 ἀναστὰς
3452 3315 3725 3367 κατάλαϐε
3756 3314 3937 3365 αὑτόν.
3975 3310 4069 3363 καὶ

2508 3410 2708 3471 εὐθέως
2758 3410 2981 3475 ὑγιάνας
3013 3409 3232 3479 ἀνέστη,
3282 3410 3374 3461 καὶ
3407 3406 3673 3461 κατέλαϐε
3718 3406 3810 3457 τὸν
3855 3404 4071 3472 πατέρα

2507 3501 2673 3552 αὑτοῦ
2696 3518 2709 3530 ·
2757 3502 2850 3553 καὶ
2884 3501 3052 3560 οὕτως
3084 3500 3321 3568 ἀπῆλθον
3352 3502 3431 3562 εἰς
3462 3499 3550 3551 τὸν
3579 3493 3725 3550 οἷκον
3754 3495 3935 3548 αὑτῶν
3966 3495 4067 3562 ((1).

2583 3593 2669 3645 16.
2717 3593 2773 3643 '0
2803 3593 2973 3654 6665.;
3009 3593 3285 3661 Μακάριος
3313 3593 3340 3643 6
3377 3591 3547 3660 μέγας
3592 3588 3743 3655 ἔλεγε
3772 3590 3885 3649 τοῖς
3916 3585 4070 3638 ἁδελ-

2512 3688 2630 3753 φοῖς
2662 3688 2718 3737 ἐν
2748 3690 2811 3755 τῇ
2846 3690 3060 3756 Σκήτει,
3108 3687 3181 3748 ὡς
3227 3685 3428 3738 ἀπέλυε
3457 3684 3555 3753 τὴν
3589 3681 3915 3749 ἐκκλησίαν·
3946 3677 4074 3747 φεύ-

2512 3792 2658 3843 γετε,
2690 3777 2931 3843 ἀδελφοί.
2963 3778 3058 3827 καὶ
3095 3772 3246 3827 εἶπεν
3294 3774 3441 3843 αὑτῴ
3488 3792 3567 3837 τις
3613 3773 3720 3824 τῶν
3765 3770 4069 3839 γερόντων

2515 3868 2619 3921 ποῦ
2650 3869 2842 3937 ἔχομεν
2893 3872 3083 3936 φυγεῖν
3110 3868 3273 3919 πλέον
3306 3867 3405 3935 τῆς
3448 3868 3654 3936 ἐρήμου
3693 3862 3930 3931 ταύτης
3964 3862 3992 3913 6
4020 3861 4073 3913 δὲ

2516 3960 2681 4013 ἐτίθει
2706 3961 2797 4012 τὸν
2825 3960 3085 4013 δάκτυλον
3107 3957 3271 4011 αὑτοῦ
3296 3959 3375 4020 είς
3403 3958 3464 4009 τὸ
3492 3957 3662 4025 στόμα
3682 3955 3856 4021 λέγων
3878 3971 3890 3982 ·
3919 3952 4074 4003 τοῦτο

2516 4051 2768 4119 φεύγετε.
2815 4051 2909 4103 καὶ
2956 4053 3238 4120 εἰσήρχετο
3266 4050 3345 4111 εἰς
3385 4048 3443 4099 τὸ
3480 4048 3685 4099 κελλίον
3733 4042 3927 4097 ἑαυτοῦ
3984 4043 4076 4095 καὶ

2516 4141 2689 4193 ἑκλειε
2723 4142 2820 4209 τὴν
2850 4140 3015 4210 θύραν
3046 4143 3138 4193 καὶ
3167 4137 3513 4208 ἐκάθητο

2590 4233 2673 4285 17.
2726 4228 2892 4283 Εἶπεν
2937 4233 2966 4283 6
3008 4232 3169 4293 αὐτὸς
3218 4230 3391 4290 ἁϐϐἇς
3446 4226 3758 4294 Μακάριος³
3823 4224 3915 4277 ἐάν
3970 4240 4076 4275 τινι

2518 4324 2787 4392 ἐπιτιμῶν
2821 4325 2900 4384 είς
2942 4323 3110 4391 ὀργὴν
3144 4321 3389 4390 κινηθῇς,
3422 4318 3553 4370 ῐδιον
3594 4317 3765 4378 πάθος
3812 4316 4039 4383 πληροῖς
4061 4328 4073 4340 ·

2520 4418 2581 4468 οὑ
2610 4416 2716 4485 γὰρ
2743 4416 2828 4467 ἵνα
2856 4415 3046 4476 ἄλλους
3076 4414 3273 4485 σώσῃς,
3298 4410 3518 4465 σεαυτὸν
3538 4408 3822 4469 ἀπολέσεις
3848 4407 3931 4476 (f).

2446 4507 2495 4563 Ι)

2596 4591 2680 4644 18.
2728 4590 2783 4643 Ὀ
2812 4590 2973 4651 αὐτὸς
3020 4589 3188 4649 ἀϐϐἅς
3236 4586 3535 4656 Μακάριος,
3580 4586 3637 4635 ἐν
3682 4579 3939 4649 Αἰγύπτῳ
3983 4577 4080 4639 ὢν,

2522 4678 2583 4735 εὑ
2593 4701 2680 4753 ρεν
2695 4681 2979 4752 ἄνθρωπον
2998 4682 3154 4749 252
3170 4681 3356 4749 ἔχοντα
3380 4681 3571 4746 κτῆνος
3590 4676 3682 4728 καί
3703 4666 3963 4725 συλοῦντα
3986 4669 4084 4729 τὰς

2524 4775 2711 4845 χρείας
2745 4773 2942 4824 αὑτοῦ·
2973 4774 3065 4824 καὶ
3096 4772 3257 4833 αὑτὸς
3287 4771 3360 4831 ὼς
3393 4768 3540 4833 ξένος
3570 4765 3852 4835 παραστὰς
3877 4761 3955 4830 τῷ
3988 4778 4089 4811 συ-

2522 4864 2725 4924 λοῦντι,
2770 4861 3065 4929 συνεγέμου
3096 4860 3152 4911 τὸ
3184 4861 3393 4929 κτῆνος,
3428 4859 3517 4910 καὶ
3550 4855 3687 4925 μετὰ
3713 4853 3912 4919 πολλῆς
3956 4851 4090 4918 ἡσυο

2527 4956 2647 5025 χίας
2682 4954 3032 5023 προέπεμπεν
3068 4952 3227 5003 αὑτὸν
3256 4951 3445 5018 λέγων,
3480 4950 3560 5001 ὅτι
3595 4944 3776 5001 οὐδὲν
3816 4940 4091 5010 εἰσηνέγ-

2525 5064 2712 5115 καμεν
2742 5048 2827 5111 εἰς
2864 5044 2970 5097 τὸν
2998 5044 3261 5112 κόσμον,
3308 5041 3500 5109 δῆλον
3538 5039 3626 5092 ὅτι
3663 5036 3802 5091 οὐδὲ
3853 5034 4090 5101 ἐξενεγ-

2119 5162 2371 5214 VARUE
2403 5160 2807 5215 LECTIONES.

868 5306 873 5311 '
936 5294 976 5323 ⁸⁸
1013 5293 1096 5347 ΑΙ.
1131 5296 1233 5347 τοῦ
1259 5294 1544 5363 μεγάλου.
1624 5297 1664 5327 ¹⁹
1704 5294 1788 5349 Al.
1828 5296 2045 5352 οὐκέτι.
2122 5298 2167 5328 ¹⁰
2206 5298 2289 5351 ΔΙ.
2325 5300 2445 5352 add.
2480 5302 2567 5353 ὅτι
2614 5298 2870 5349 ἔκλαιεν.

2370 5429 2617 5485 NOTAE.

937 5572 1013 5638 (τι)
1055 5570 1135 5622 Cf.
1173 5570 1279 5623 VV.
1310 5571 1413 5624 PP.
1446 5574 1627 5627 Rosw.
1662 5573 1754 5624 lib.
1792 5572 1833 5623 V
1866 5574 2028 5625 lihell.
2084 5574 2135 5631 5,
2171 5572 2222 5624 8.

942 5643 1015 5703 (ιν)
1062 5639 1169 5695 VV.
1208 5641 1307 5696 pp.
1353 5642 1532 5695 Rosw.
1578 5645 1669 5696 lib.
1707 5641 1745 5693 v
1790 5644 1952 5695 libell.
2000 5645 2047 5705 7,
2089 5644 2169 5694 ιο.

874 5712 1011 5835 mgf.)
1040 5709 1308 5835 QVVé'PP.
1347 5716 1528 5767 Rosw.
1568 5715 1661 5766 lib.
1698 5712 1757 5765 Ill
1794 5729 1914 5782 cap.
1956 5715 2089 5766 215:
2127 5713 2219 5765 lib.
2256 5712 2340 5773 Vl,
2365 5712 2430 5765 li-

956 5852 1031 5921 (εἰ)
1072 5852 1154 5907 Cf.
1190 5852 1300 5908 VV.
1328 5853 1429 5909 PP.
1471 5856 1645 5910 Rosw.
1678 5856 1769 5911 lib.
1827 5853 1887 5909 Vl
1916 5854 2055 5909 librll
2114 5854 2166 5917 2,
2203 5852 2247 5906 7.
2279 5851 2419 5907 Idem

2536 5572 2810 5627 Besarioni
2847 5565 3249 5622 tribuilnribid.
3282 5565 3377 5618 lib.
3410 5562 3476 5615 lll
3508 5577 3626 5629 cap.
3662 5559 3780 5613 19.2.

2602 5646 2669 5708 (ε)
2709 5642 2791 5695 cr.
2839 5638 2951 5694 vv.
2982 5638 3085 5690 PP.
3126 5636 3305 5689 llosw.
3351 5636 3444 5708 lib.
3473 5634 3536 5708 _v_
3565 5625 3730 5685 libell.
3768 5625 3933 5708 ξιξ-ζ.

2530 5691 2782 5838 rbi/[il
2817 5691 3071 5837 Erg/(pr.
3112 5708 3295 5759 Rosw.
3336 5707 3429 5761 lib.
3472 5702 3560 5766 ιιι,
3597 5716 3717 5772 cap.
3770 5700 3873 5765 87;
3902 5694 3999 5751 lib.
4042 5691 4093 5751 ν

2554 5801 2566 5837 ι
2610 5800 2636 5838 e
2686 5822 2699 5836 .
2741 5788 2834 5842 ..ί
2901 5822 2911 5835 .
