4274 6358
155 397 264 456 ἳιθ

1456 387 2095 448 APOPHTHEGMATA.

3276 385 3384 444 250

159 521 292 575 κεῖν
324 534 382 571 τι
425 515 732 586 δυνάμεθα
780 514 850 568 ¹¹.
889 509 924 566 ὁ
978 512 1191 581 Κύριος
1220 510 1477 565 ἔδωκενο
1506 512 1588 578 ὡς
1618 512 1726 565 αὐ-
1755 522 1801 579 Α
1828 510 1847 579 ι

1700 540 1726 552 -
1755 522 1801 579 Α
1828 510 1966 579 ferre
1993 506 2122 579 quid
2146 523 2445 577 possumus.
2479 508 2741 565 Dominus
2769 509 2952 576 dedit;
2982 509 3120 565 sicut
3156 510 3267 579 ipse
3295 526 3384 565 so-

155 612 260 677 τὸς
288 608 612 677 ἠθέλησεν,
642 607 828 672 οὕτως
850 605 950 660 καί
973 604 1231 675 ἐγένετο.
1259 604 1586 674 εὐλογητὸς
1609 603 1725 658 Κύ-

151 720 287 772 ριος
315 702 415 755 ἐπὶ
446 700 637 754 πᾶσιν
661 701 761 768 (α).

223 796 314 850 19.
366 791 689 863 Ἢρώτησάν
716 806 862 853 τινες
892 788 985 842 τὸν
1014 786 1188 841 ἀ66ᾶν
1212 785 1517 857 Μακάριον,
1538 785 1724 854 λέγονο

151 905 245 950 τες
266 902 281 915 °
316 886 433 950 πῶς
464 885 754 955 ὀφείλομεν
801 881 1231 955 προσεύχεσθαι;
1278 880 1427 949 λέγει
1478 882 1664 940 αὐτοῖς
1694 880 1724 933 6

153 979 364 1048 γέρων·
396 978 498 1030 οὐκ
525 976 640 1028 ἐστι
670 974 831 1045 χρεία
859 973 1219 1044 βαττολογεῑν,
1249 972 1363 1025 ἀλλ’
1395 973 1656 1025 ἐκτείνειν
1677 971 1721 1001 ⁸³

152 1072 253 1131 τὰς
284 1070 493 1139 χεῖρας,
527 1068 621 1121 καὶ
646 1068 854 1135 λέγειν·
893 1066 1072 1136 κύριε,
1101 1064 1176 1127 ώς
1201 1064 1372 1128 Θέλεις
1412 1065 1505 1116 καὶ
1535 1062 1610 1124 ὡς
1637 1055 1719 1113 οἷ-

152 1162 251 1225 δας
302 1161 520 1230 ἐλέησον
566 1160 643 1189 ’³ο
680 1157 776 1211 ἐάν
815 1156 873 1210 δὲ
918 1157 1188 1209 ἐπίκειται
1238 1155 1505 1225 πόλεμος·
1538 1152 1715 1223 κύριε,

156 1254 343 1323 βοήθει
376 1252 424 1284 ⁸⁵
446 1269 460 1283 ·
502 1252 595 1305 καὶ
625 1250 787 1313 αὐτὸς
809 1244 918 1302 οίδε
946 1247 1019 1301 τὰ
1054 1245 1425 1317 συμφέροντα,
1455 1246 1550 1300 καὶ
1577 1247 1722 1298 ποιεῖ

155 1346 279 1417 μεθ’
306 1345 465 1415 ἡμῶν
493 1343 642 1405 ἔλεος
674 1342 778 1413 (6).

226 1528 321 1581 20.
356 1523 523 1578 Εἶπεν
559 1525 588 1576 6
633 1523 805 1585 άόὅᾶς
849 1520 1133 1592 Μακάριος
1154 1536 1168 1550 ·
1216 1520 1265 1572 εί
1296 1519 1514 1587 γέγονεν
1544 1519 1602 1573 ἐν
1637 1519 1720 1574 σοὶ

157 1620 192 1689 ή
232 1617 583 1683 ἐξουδένωσις
605 1614 680 1677 ώς
704 1616 732 1667 6
758 1613 996 1675 ἔπαινος,
1024 1611 1119 1664 καὶ
1143 1612 1177 1680 ὴ
1202 1609 1361 1663 πενία
1390 1609 1466 1673 ὡς
1495 1612 1523 1662 6
1554 1609 1718 1662 πλοῦ-

152 1725 267 1771 τος,
316 1708 409 1759 καὶ
435 1709 468 1777 ἡ
512 1706 688 1758 ένδεια
716 1704 790 1768 ῶς
822 1706 855 1774 ὴ
889 1702 1159 1770 δαψίλεια,
1189 1702 1289 1753 οὐκ
1320 1700 1711 1771 ἀποθνήσκειςο

154 1801 436 1868 ἀμήχανον
462 1798 571 1867 γάρ
601 1799 718 1848 ἐστι
744 1794 835 1847 τὸν
872 1793 1054 1857 καλῶς
1078 1790 1422 1857 πιστεύοντα,
1446 1790 1603 1860 253
1626 1790 1719 1843 καὶ

153 1892 215 1942 ἐν
254 1890 507 1958 εὐσεϐείᾳ
547 1886 932 1959 ἐργαζόμενον,
978 1887 1239 1957 ἐμπεσεῖν
1273 1884 1353 1947 είς
1381 1882 1719 1954 ἀκαθαρσίαν

154 1981 348 2034 παθῶν
376 1981 468 2032 καὶ
501 1978 771 2048 δαιμόνων
806 1977 1016 2047 πλάνην
1045 1976 1143 2047 (c).

215 2066 311 2119 21.
338 2065 586 2133 Ἔλεγον,
620 2066 703 2117 ὅτι
740 2064 1054 2133 ἐσφάλησαν
1085 2060 1181 2114 δύο
1208 2060 1428 2130 ἀδελφοὶ
1480 2059 1598 2133 [είς
1613 2060 1729 2135 ⁸⁸θῖ

147 2160 387 2228 Σκῆτιν·
420 2159 513 2211 καὶ
540 2156 803 2227 ἐχώρισεν
832 2156 1030 2218 αὐτοὺς
1076 2155 1105 2208 6
1151 2153 1328 2218 ἀόὁᾶς
1370 2154 1659 2225 Μακάριος
1697 2157 1727 2208 6

150 2248 431 2310 πολιτικός
452 2264 467 2279 °
499 2248 595 2299 καὶ
621 2243 787 2317 ἦλθόν
810 2262 958 2309 τινες
979 2285 993 2309 ,
1023 2245 1118 2297 καὶ
1142 2239 1294 2297 εἷπον
1328 2243 1407 2315 τῷ
1438 2243 1581 2315 ἀὸσᾷ
1608 2245 1731 2299 Μα-

150 2339 327 2409 καρίῳ
350 2337 427 2407 τῷ
453 2337 672 2407 μεγάλῳ
696 2335 774 2406 τῷ
796 2335 1097 2404 Αἰγυπτίῳ.
1114 2332 1172 2387 '0
1196 2336 1253 2388 δὲ
1274 2330 1446 2387 εἶπενο
1461 2335 1575 2388 Οὐκ
1594 2335 1733 2389 είσὶν

148 2433 199 2484 oi
229 2430 453 2502 ἀδελφοὶ
483 2428 909 2501 κεχωρισμένοι,
951 2427 1089 2483 ἀλλά
1112 2427 1396 2499 Μακάριός
1417 2428 1533 2481 ἐστι
1559 2444 1738 2497 κεχω-

166 2524 448 2595 ρισμένος·
496 2516 565 2591 ἦν
592 2521 705 2592 γὰρ
730 2519 957 2588 ἀγαπῶν
998 2519 1179 2572 αὐτόν.
1224 2518 1458 2588 ἤκουσεν
1486 2516 1515 2567 6
1550 2513 1723 2578 66664

161 2614 471 2684 Μακάριος,
506 2613 587 2666 ὅτι
614 2610 883 2682 ἐχωρίσθη
910 2609 1015 2663 ὑπὸ
1042 2607 1136 2662 τοῦ
1161 2608 1436 2679 γέροντος,
1470 2607 1566 2660 καὶ
1594 2605 1723 2675 εφυ-

161 2726 259 2776 γεν
288 2710 368 2771 είς
394 2706 456 2760 τὸ
475 2705 616 2770 ἐλος.
646 2704 866 2775 ἐξῆλθεν
888 2697 980 2757 οὖν
1007 2704 1037 2756 6
1062 2701 1237 2763 ἀὸὁᾶς
1258 2700 1541 2772 Μακάριος
1569 2699 1598 2752 6
1623 2698 1721 2769 μέ-

163 2816 296 2867 γαςο
321 2799 417 2851 καὶ
444 2798 685 2867 εὑρίσκει
710 2794 872 2850 αὐτὸν
889 2792 1320 2865 τιτρωσκόμενον
1349 2790 1454 2843 ὑπὸ
1476 2789 1583 2843 τῶν
1610 2806 1721 2842 κω-

164 2891 362 2943 νώπων
379 2907 392 2920 ο
411 2888 503 2943 καὶ
521 2888 669 2956 λέγει
697 2885 849 2956 αὐτῷ
865 2901 882 2919 ⁸
907 2884 972 2937 σὺ
1002 2883 1267 2955 ἐχώρισας
1290 2882 1415 2944 τοὺς
1439 2880 1720 2949 ἀδελφούς,

164 2986 261 3036 καὶ
292 2982 401 3035 εδοὺ
429 2977 575 3050 εῐχον
594 2977 946 3049 ἀναχωρῆσαι
966 2978 1044 3039 είς
1074 2974 1173 3045 τὴν
1192 2972 1405 3043 κώμην.
1436 2971 1549 3040 ἐγὼ
1574 2971 1631 3025 δέ
1662 2989 1723 3024 σε

163 3074 427 3144 ἐχώρισα,
457 3072 552 3124 καὶ
580 3070 645 3122 σὺ
674 3069 748 3131 ὡς
770 3068 909 3137 καλὴ
938 3065 1205 3136 παρθένος
1236 3066 1318 3127 είς
1336 3063 1428 3115 τὸν
1458 3060 1721 3130 ἐσώτερον

1749 1848 1796 1908 Β

1826 603 1943 668 luit,
1961 603 2040 655 ita
2065 610 2115 655 et
2142 600 2343 669 factum
2365 608 2462 654 est.
2509 600 2822 657 Benedictus
2852 601 3109 656 Dominus
3134 601 3189 655 in
3213 602 3384 655 omni-

1825 694 1938 748 bus.

1895 786 1981 842 19.
2021 785 2498 854 lnterrogaverunt
2525 786 2748 859 quidam
2781 785 3080 840 Macarium
3126 785 3381 839 abbatem

1823 878 2073 933 dicentes
2106 896 2118 931 :
2153 875 2439 943 Quomodo
2466 877 2727 932 debemus
2750 876 2950 931 orare?
2979 874 3281 945 Respondit
3313 875 3382 930 iis

1821 985 2028 1024 senex:
2060 966 2176 1023 Non
2223 984 2363 1038 opus
2404 978 2489 1023 est
2532 968 2681 1038 loqui
2724 969 2993 1035 multum,
3044 967 3141 1025 sed
3193 976 3382 1023 exten-

1820 1063 2027 1115 dendae
2060 1069 2186 1115 sunt
2219 1075 2415 1114 manus
2442 1070 2496 1115 et
2523 1059 2833 1115 dicendum:
2857 1060 3102 1124 Domine,
3124 1058 3266 1114 sicut
3299 1059 3382 1114 vis

1820 1161 1875 1204 et
1902 1156 2046 1205 sicut
2068 1152 2530 1213 nosti,miserere.
2582 1152 2640 1205 Si
2678 1160 2861 1205 autem
2893 1152 3160 1219 ingruerit
3198 1159 3381 1206 tenta—

1821 1240 1987 1297 tionis
2029 1242 2387 1312 impugnatio,
2421 1243 2509 1297 dic
2539 1261 2552 1297 :
2579 1242 2827 1306 Domine,
2856 1243 3073 1312 adjuva.
3120 1243 3239 1313 Ipse
3284 1259 3382 1296 au-

1820 1343 1930 1390 tem
1966 1335 2093 1400 scit,
2133 1348 2275 1405 quae
2318 1334 2628 1405 expediant,
2657 1346 2710 1392 et
2734 1335 2867 1391 facit
2891 1336 3177 1390 nobiscum
3214 1336 3382 1391 mise-

1820 1425 2137 1481 ricordiam.

1890 1517 1982 1572 20.
2025 1517 2174 1571 Dixit
2196 1516 2467 1572 Macarius
2496 1516 2667 1571 abbas
2698 1533 2713 1571 :
2741 1515 2797 1570 Si
2822 1517 2967 1585 apud
3010 1524 3064 1571 te
3109 1514 3383 1570 exstiterit

1822 1614 2179 1677 contemptus
2229 1610 2378 1664 velut
2414 1610 2557 1674 laus,
2606 1620 2901 1679 paupertas
2945 1617 3202 1678 tanquam
3244 1607 3384 1661 divi-

1818 1698 1945 1764 tiae,
1965 1698 2260 1769 indigentia
2288 1701 2427 1755 sicut
2451 1699 2803 1766 abundantia,
2823 1714 2931 1754 non
2961 1699 3382 1757 morieris.Fieri

1820 1790 1967 1844 enim
1995 1805 2106 1845 non
2134 1798 2335 1860 potest,
2369 1800 2445 1854 ut,
2477 1791 2571 1860 qui
2602 1800 2748 1846 recte
2770 1792 2965 1855 credit,
3009 1800 3063 1847 et
3095 1792 3149 1845 in
3182 1793 3384 1861 pietate

1822 1891 2103 1952 operatur,
2134 1882 2343 1938 incidat
2369 1883 2427 1938 in
2452 1884 2711 1939 vitiorum
2739 1883 2931 1939 sordes
2957 1898 3025 1939 ac
3054 1883 3383 1939 daemonum

1821 1988 2087 2029 errorem.

1889 2066 1981 2121 21.
2021 2064 2300 2122 Proditum
2354 2075 2439 2122 est
2528 2066 2669 2122 duos
2709 2066 2907 2123 fratres
2952 2067 3007 2123 in
3059 2066 3204 2123 Sceti
3242 2069 3382 2124 deli-

1822 2158 2031 2229 quisse.
2063 2157 2211 2224 Quos
2240 2175 2406 2229 quum
2454 2157 2728 2215 Macarius
2760 2162 3068 2227 πολιτικός
3096 2161 3265 2218 abbas
3298 2178 3385 2218 se.

1822 2258 2125 2321 gregasset,
2148 2251 2398 2305 nonnulli
2428 2250 2723 2306 Macarium
2769 2268 3027 2323 magnum
3057 2253 3385 2325 Aegyptium

1821 2340 2072 2395 abbatem
2091 2341 2353 2396 adeuntes
2373 2342 2475 2395 hoc
2492 2343 2832 2397 nuntiarunt.
2858 2344 2906 2398 Is
2922 2352 3123 2399 autem:
3138 2344 3277 2410 Non,
3297 2346 3384 2399 in-

1821 2432 1961 2502 quit,
1992 2430 2195 2487 fratres
2213 2440 2341 2487 sunt
2368 2435 2655 2504 segregati,
2679 2434 2774 2490 sed
2790 2434 3087 2503 Macarius;
3114 2452 3238 2491 nam
3259 2438 3387 2492 dili-

1821 2524 1982 2593 gebat
2013 2539 2160 2579 eum.
2177 2523 2449 2580 Macarius
2484 2534 2666 2580 autem
2692 2526 2885 2591 abbas,
2912 2542 2941 2581 a
2961 2544 3090 2584 sene
3120 2544 3181 2585 se
3199 2545 3387 2600 segre-

1821 2624 2006 2685 gatum
2038 2630 2161 2671 esse
2193 2616 2443 2679 audiens,
2476 2615 2615 2687 fugit
2643 2617 2711 2671 ad
2755 2618 3046 2688 paludem;
3091 2634 3257 2691 atque
3294 2624 3388 2678 ille

1822 2705 2027 2775 reperit
2059 2721 2183 2762 eum
2218 2722 2247 2761 a
2276 2708 2545 2764 culicibus
2576 2710 2935 2778 perforatum.
2976 2711 3121 2768 Cui:
3155 2713 3260 2778 Tu,
3304 2714 3389 2769 in-

1822 2798 1964 2867 quit,
1993 2799 2293 2867 segregasti
2332 2798 2558 2867 fratres,
2611 2801 2779 2871 iique,
2813 2818 2960 2868 ecce,
2994 2804 3256 2861 secedere
3287 2821 3389 2876 po-

1822 2896 2003 2944 terant
2035 2889 2092 2943 in
2119 2890 2321 2953 vicum.
2355 2889 2469 2961 Ego
2500 2907 2632 2947 vero
2660 2903 2712 2948 te
2739 2894 3044 2965 segregavi,
3093 2904 3263 2966 tuque
3296 2913 3389 2952 ve-

1825 2978 1905 3033 lut
1930 2978 2157 3049 pulchra
2180 2979 2335 3049 virgo
2368 2980 2425 3036 in
2452 2982 2687 3038 interius
2707 2985 3021 3040 cubiculum
3048 2986 3155 3042 huc
3173 2987 3383 3059 fugisti.

1820 3074 1892 3127 At
1932 3087 2034 3145 ego
2070 3074 2281 3130 vocatis
2325 3075 2588 3131 fratribus
2634 3074 2825 3142 didici,
2882 3077 3019 3133 nihil
3052 3078 3246 3132 horum
3302 3082 3387 3134 fa-

163 3165 398 3218 κοιτῶνα
426 3162 624 3232 ἔφυγες
663 3144 787 3213 ὧδε.
847 3156 959 3248 ἐγὼ
994 3156 1228 3248 καλέσας
1268 3154 1394 3248 τους
1435 3151 1716 3248 ἀδελφοὺς,
1745 3190 1789 3248 C
1824 3180 1851 3220 ε

1700 3192 1716 3216 ν
1745 3190 1789 3248 C
1824 3144 1983 3220 ctum
2002 3181 2147 3223 esse.
2172 3166 2434 3237 Prospice
2462 3168 2629 3238 igitur
2656 3174 2713 3222 et
2747 3174 2827 3231 tu,
2859 3168 3048 3233 frater,
3082 3186 3150 3226 ne
3180 3184 3210 3225 a
3249 3172 3384 3226 dae-

163 3256 372 3325 ἔμαθον
402 3255 531 3323 παρ’
561 3251 738 3306 αὐτῶν
763 3250 858 3303 καὶ
874 3242 1024 3301 εἷπον
1051 3263 1063 3277 ·
1095 3247 1247 3299 οὐδὲν
1274 3244 1479 3298 τούτων
1505 3243 1716 3311 γέγονε.

165 3350 327 3417 βλέπε
363 3343 455 3400 οὖν
484 3346 577 3399 καὶ
608 3343 693 3406 σύ,
725 3340 942 3409 ἀδελφέ,
980 3340 1055 3410 μὴ
1084 3337 1189 3392 ἀπὸ
1213 3336 1479 3405 δαιμόνων
1504 3333 1725 3404 ἐχλευά-

166 3443 320 3513 σθης,
339 3440 492 3493 οὐδὲν
514 3437 622 3507 γάρ
647 3436 917 3507 ἑώρακας·
941 3430 1103 3502 254
1130 3428 1266 3484 ἀλλὰ
1287 3427 1415 3498 βάλε
1439 3426 1725 3497 μετάνοιαν

165 3537 305 3606 ὑπὲρ
334 3532 429 3586 τοῦ
461 3529 770 3601 σφάλματός
812 3544 927 3581 σου.
968 3528 997 3577 6
1025 3525 1082 3577 δὲ
1114 3519 1295 3575 εἶπεν·
1336 3522 1385 3573 εί
1418 3518 1592 3581 θέλεις
1639 3516 1726 3579 δός

168 3647 257 3699 μοι
290 3625 601 3697 μετάνοιαν.
631 3621 754 3675 ἰδὼν
782 3621 839 3674 δέ
872 3622 900 3673 6
934 3618 1110 3689 γέρων
1143 3616 1242 3685 τὴν
1261 3612 1590 3666 ταπείνωσιν
1624 3608 1726 3662 αύ-

164 3721 281 3784 τοῦ,
310 3718 494 3784 ἔλεγεν
512 3732 526 3744 ·
562 3713 762 3781 ὕπαγε,
794 3712 890 3765 καὶ
915 3712 1205 3779 νήστευσον
1230 3706 1375 3776 τρεῖς
1406 3700 1721 3771 ἐὸδομάδας,

165 3811 309 3865 κατὰ
337 3807 607 3877 ἑϐδομάδα
647 3804 841 3856 ἐσθίων
860 3819 873 3833 ο
903 3801 1039 3869 αὕτη
1070 3799 1178 3868 γάρ
1205 3792 1274 3867 ἦν
1305 3796 1340 3867 ἡ
1366 3792 1595 3864 ἐργασία
1623 3793 1722 3845 αὑ-

165 3902 257 3955 τοῦ
284 3901 534 3961 πάντοτε,
565 3897 663 3959 τάς
687 3894 984 3963 ἑϐδομάδας
1018 3889 1313 3961 νηστεύειν.

235 3992 329 4045 22.
364 3985 531 4042 Εἶπεν
557 3991 585 4041 6
610 3985 783 4046 ἀὸὖᾶς
814 3983 1053 4051 Μωῡσῆς
1074 3980 1152 4050 τῷ
1181 3978 1323 4047 ἀ66ᾷ
1346 3977 1616 4048 Μακαρίῳ
1647 3976 1726 4038 είς

171 4083 372 4152 Σκῆτιν
391 4098 403 4110 ·
442 4078 578 4133 θέλω
601 4075 893 4147 ήσυχάσαι,
920 4073 1015 4125 καὶ
1042 4072 1142 4124 οὐκ
1169 4068 1385 4138 ἀφιοῦσί
1409 4084 1475 4138 με
1497 4069 1546 4118 οί
1573 4065 1727 4119 ἀδελ-

171 4180 280 4246 φοί.
316 4173 411 4229 καὶ
444 4171 590 4238 λέγει
625 4166 772 4237 αὐτῷ
803 4169 831 4219 6
853 4164 1025 4225 ἁ66ᾶς
1049 4162 1367 4230 Μακάριος·
1399 4157 1622 4246 θεωρῶ,
1646 4157 1727 4246 δτι

170 4244 204 4336 ἢ
234 4264 397 4333 φύσις
432 4250 524 4314 σου
550 4258 727 4327 ἀπαλή
749 4257 885 4316 ἐστι,
918 4253 1015 4306 καὶ
1042 4251 1103 4304 οὐ
1133 4250 1354 4303 δύνασαι
1385 4244 1729 4336 ἀποστρέψαι

170 4333 432 4423 ἀδελφόνο
466 4350 579 4405 ἀλλ’
620 4349 715 4402 ἐὰν
748 4346 909 4417 θέλῃς
947 4342 1237 4412 ἡσυχάσαι,
1287 4338 1461 4405 ὕπαγε
1510 4338 1590 4398 είς
1630 4333 1729 4403 τὴν

170 4446 378 4516 ἔρημον
424 4441 533 4494 έσω
568 4442 648 4502 είς
684 4437 781 4508 τὴν
818 4435 1043 4504 πέτραν,
1069 4433 1229 4486 κάκεῖ
1274 4427 1589 4501 ὴσυχάζεις.
1633 4425 1729 4479 καὶ

169 4534 328 4589 τοῦτο
362 4532 585 4602 ἐποίησε
609 4528 705 4581 καὶ
727 4525 958 4594 ἀνεπάη.

237 4627 331 4680 23.
406 4622 659 4689 Ἀδελφὸς
706 4617 981 4689 παρέϐαλε
1024 4613 1102 4684 τῷ
1150 4612 1293 4683 ἀϐδᾷ
1340 4607 1610 4680 Μακαρίῳ
1648 4606 1726 4677 τῷ

171 4719 481 4788 Αἰγυπτίῳ,
517 4718 615 4771 καὶ
666 4715 815 4781 λέγει
853 4709 1031 4780 αὐτῷ·
1079 4707 1238 4766 ἀϐὁᾶ.
1276 4703 1397 4759 εἰπέ
1442 4720 1532 4773 μοι
1578 4702 1728 4773 ῥῆμα

172 4812 289 4874 πῶς
320 4810 497 4863 σωθῶ.
542 4808 636 4860 καὶ
665 4806 815 4872 λέγει
845 4804 874 4853 6
917 4801 1121 4870 γέρων·
1151 4796 1327 4863 ὕπαγε
1371 4795 1452 4857 είς
1491 4794 1554 4846 τὸ
1598 4810 1729 4864 μνη-

176 4906 348 4972 μεῖον,
401 4901 495 4953 καὶ
541 4899 764 4968 ὖ6ρισον
810 4894 936 4956 τοὺς
988 4890 1229 4960 νεκρούς.
1287 4884 1533 4940 ἀπελθὼν
1581 4880 1673 4938 οὖν
1699 4886 1728 4936 6

173 4991 401 5060 ἁδελφὸς
434 4990 623 5059 ὕϐρισε
651 4987 746 5040 καὶ
794 4983 1008 5037 ἐλίθασε
1029 4998 1041 5010 ·
1087 4980 1181 5033 καὶ
1214 4976 1385 5031 ἐλθὼν
1426 4975 1728 5047 ἀπήγγειλε

173 5085 251 5155 τῷ
279 5084 516 5154 γέροντι.
570 5080 664 5133 καὶ
694 5078 842 5130 λέγει
880 5073 1057 5130 αὐτῶ·
1098 5071 1252 5125 οὐδέν
1305 5086 1389 5122 σοι
1427 5067 1726 5137 ἐλάλησανς

1824 3258 2080 3313 monibus
2133 3258 2329 3314 illusus
2386 3257 2586 3325 fueris;
2646 3273 2771 3313 nam
2816 3261 2951 3314 nihil
3017 3262 3233 3331 vidisti;
3291 3265 3387 3320 ser!

1824 3347 2220 3415 poenitentiam
2253 3364 2352 3417 age
2386 3364 2487 3418 pro
2526 3348 2726 3404 delicto
2769 3358 2882 3405 tuo.
2932 3352 3025 3408 Ille
3059 3357 3387 3425 respondit:

1827 3439 1884 3493 Si
1938 3440 2043 3501 vis,
2093 3438 2161 3491 da
2208 3439 2339 3493 mihi
2390 3439 2804 3509 poenitentiam.
2845 3441 3050 3500 Videns
3097 3447 3265 3516 igitur
3299 3463 3388 3503 se-

1826 3544 1929 3582 nex
1958 3528 2317 3582 humilitatem
2344 3529 2500 3597 ejus:
2538 3529 2705 3593 Vade,
2750 3532 2947 3601 inquit,
2991 3535 3180 3604 jejuna
3211 3538 3391 3593 tribus

1826 3619 2204 3683 hebdomadis,
2235 3621 2398 3675 semel
2431 3620 2660 3689 singulis
2689 3623 3044 3679 hebdomadis
3074 3628 3390 3684 comedens.

1825 3711 1973 3764 Haec
2000 3710 2146 3764 enim
2176 3720 2295 3764 erat
2323 3711 2641 3766 exercitatio
2664 3712 2784 3784 ejus
2821 3726 3103 3788 perpetua,
3123 3734 3221 3787 per
3250 3720 3387 3775 heb-

1826 3801 2088 3858 domadas
2120 3802 2392 3873 jejunare.

1893 3979 1984 4034 22.
2027 3978 2239 4049 Moyses
2298 3979 2470 4035 abbas
2531 3979 2771 4036 Macario
2833 3981 3017 4036 abbati
3087 3984 3142 4038 in
3194 3982 3384 4041 Secti:

1827 4070 1986 4135 Volo,
2028 4070 2225 4140 inquit,
2273 4084 2399 4124 cum
2446 4070 2631 4141 quiete
2664 4085 2729 4125 ac
2769 4072 2991 4127 silentio
3036 4075 3244 4137 vivere,
3281 4092 3387 4131 nec

1828 4163 2015 4217 sinunt
2064 4176 2152 4215 me
2210 4160 2427 4216 fratres.
2472 4160 2569 4216 Cui
2620 4160 2888 4217 Macarius
2937 4164 3107 4221 abbas
3152 4183 3387 4238 respou-

1829 4255 1950 4309 dit:
1985 4252 2155 4307 Video
2204 4263 2255 4306 te
2304 4252 2502 4308 indolis
2552 4254 2823 4308 mollioris
2868 4269 3009 4319 esse,
3063 4272 3165 4311 nec
3227 4274 3389 4327 posse

1829 4345 2051 4401 fratrem
2084 4359 2115 4398 a
2140 4352 2195 4400 te
2223 4352 2501 4411 avertere;
2534 4344 2629 4400 sed
2655 4345 2702 4400 si
2729 4343 3012 4403 desideras
3041 4350 3281 4418 quietam
3308 4354 3391 4404 vi-

1829 4448 1963 4502 tam,
1989 4438 2337 4507 proﬁciscere
2364 4436 2432 4491 ad
2460 4437 2935 4493 eremumintroin
2960 4448 3193 4509 petram,
3228 4454 3283 4498 ct
3313 4445 3388 4499 ibi

1754 4530 1799 4586 D
1826 4528 2006 4599 quiete
2031 4527 2214 4595 deges.
2240 4525 2393 4582 Fecit
2424 4526 2588 4596 igitur
2616 4528 2720 4582 hoc
2747 4537 2802 4583 et
2838 4531 3175 4600 conquievit.

1899 4620 1988 4673 23.
2023 4616 2215 4674 Frater
2244 4620 2499 4673 convenit
2537 4613 2834 4674 Macarium
2866 4620 3193 4692 Aegyptium
3230 4624 3390 4680 abba-

1831 4719 1963 4769 tem.
2016 4710 2105 4765 cui
2141 4709 2352 4775 :Abba,
2387 4709 2584 4779 inquit,
2634 4709 2725 4765 dic
2778 4711 2913 4766 mihi
2956 4713 3205 4779 verbum,
3248 4731 3391 4785 quo-

1833 4803 1995 4857 modo
2033 4803 2231 4857 salver.
2273 4801 2362 4855 Ait
2399 4817 2565 4857 senex
2596 4821 2610 4857 :
2638 4801 2789 4859 Vade
2829 4804 2885 4858 in
2923 4805 3296 4874 sepulchrum,
3334 4818 3389 4862 et

1833 4891 2136 4946 maledictis
2189 4900 2436 4945 mortuos
2482 4890 2704 4961 impete.
2750 4890 2957 4947 Abiens
3008 4893 3175 4962 igitur
3218 4894 3391 4950 frater

1833 4993 1929 5033 eos
1986 4977 2252 5034 conviciis
2300 4985 2355 5033 et
2409 4978 2681 5048 lapidibus
2720 4981 2968 5049 appetiit,
3023 4997 3392 5053 reversusque

1835 5068 2180 5123 annuntiavit
2204 5068 2343 5124 seni.
2364 5066 2469 5134 Qui
2497 5068 2566 5123 ab
2583 5084 2649 5126 eo
2676 5072 2892 5141 quaerit
2909 5070 3157 5128 :Nibilne
3178 5072 3276 5128 tibi
3308 5074 3391 5128 lo-

1426 5180 1683 5237 VARIAE
1711 5183 2109 5241 LECTIONES.

246 5303 290 5334 ¹¹
330 5300 523 5366 δῆλον·
545 5329 610 5339 -
635 5297 933 5366 δυνάμεθα
962 5310 1069 5350 om.
1096 5295 1167 5347 al.
1239 5294 1285 5325 "
1310 5292 1407 5366 ΑΙ.
1436 5291 1599 5345 inser.
1630 5288 1846 5344 πυκνά.
1881 5288 1942 5344 L.
1968 5290 2217 5347 Dorotbei
2251 5292 2422 5364 Epist.
2447 5295 2489 5349 l.
2565 5294 2611 5326 "
2637 5293 2717 5347 Αι.
2754 5294 2877 5349 add.
2907 5312 3000 5364 με.
3077 5294 3125 5329 ’⁸
3144 5294 3228 5349 ΔΙ.
3260 5294 3387 5349 add.

177 5391 293 5442 μοι.
358 5363 427 5401 ³⁸·
458 5373 543 5434 είς
576 5384 684 5423 om.
712 5363 872 5432 Ed'd.,
895 5366 1076 5422 addidi
1106 5380 1173 5419 ex
1201 5363 1345 5417 coni.

1648 5449 1895 5505 NOTAE.

252 5580 379 5651 (aii
408 5578 549 5633 Tim.
572 5576 671 5651 _V|,
701 5575 887 5651 7.109
919 5577 982 5651 ι,
1025 5572 1229 5651 sum.
1259 5566 1732 5651 yv_.__PP‘.,_l_losw.

183 5637 276 5706 lib‘.
308 5637 373 5703 in
401 5637 673 5719 cap..73;
710 5648 804 5702 lib.
844 5645 885 5698 v
917 5637 1082 5701 libell.
1114 5645 1201 5707 ιδ,
1254 5643 1317 5710 6;
1358 5642 1452 5695 lib.
1492 5637 1581 5692 vn
1611 5653 1732 5708 cap.

183 5722 331 5861 θ’ἆὸ
369 5788 453 5847 οι.
488 5786 601 5844 vv.
632 5784 735 5843 PP.
764 5785 945 5844 Rosw.
983 5783 1075 5841 lib.
1102 5781 1198 5849 ιιι,
1229 5796 1347 5853 cap.
1390 5778 1530 5847 τοῖς
1561 5777 1653 5832 lib.
1688 5774 1731 5828 ν

1831 5569 1994 5625 libell.
2029 5570 2114 5632 12,
2151 5570 2239 5624 10.

1842 5718 1849 5721 Δ
1902 5643 1972 5721 (ο)
2004 5640 2087 5721 Cl"1
2117 5638 2400 5721 vves-13;
2422 5638 2604 5721 Rgsw.
2648 5640 2739 5696 lib.
2769 5638 2858 5693 V'll
2891 5652 3012 5708 cap.
3044 5636 3132 5702 38,
3168 5637 3224 5692 2.
3250 5640 3392 5695 Sen-

1838 5709 2039 5767 tentiae
2062 5713 2287 5783 Aegypt.
2320 5709 2423 5766 PP.
2448 5710 2538 5764 23.
