  <div class='ocr_page' id='page_1' title='image "/cluster/home/n/w/nwhite01/storage/ocr_20150623/34/nnc1.0046978860/135.png"; bbox 0 0 4274 6358; ppageno 0'>
   <div class='ocr_carea' id='block_1_1' title="bbox 856 371 956 428">
    <p class='ocr_par' dir='ltr' id='par_1_1' title="bbox 856 371 956 428">
     <span class='ocr_line' id='line_1_1' title="bbox 856 371 956 428; baseline 0.02 -3"><span class='ocrx_word' id='word_1_1' title='bbox 856 371 956 428; x_wconf 74' lang='grc'><strong>251</strong></span> 
     </span>
    </p>
   </div>
   <div class='ocr_carea' id='block_1_2' title="bbox 1664 365 3258 427">
    <p class='ocr_par' dir='ltr' id='par_1_2' title="bbox 1664 365 3258 427">
     <span class='ocr_line' id='line_1_2' title="bbox 1664 365 3258 427; baseline 0.002 -4"><span class='ocrx_word' id='word_1_2' title='bbox 1664 368 1764 423; x_wconf 89' lang='lat' dir='ltr'><strong>SS.</strong></span> <span class='ocrx_word' id='word_1_3' title='bbox 1807 365 2267 423; x_wconf 81' lang='lat' dir='ltr'><strong>MACARIORUM</strong></span> <span class='ocrx_word' id='word_1_4' title='bbox 2305 366 2627 424; x_wconf 78' lang='lat' dir='ltr'><strong>AEGYPT&quot;</strong></span> <span class='ocrx_word' id='word_1_5' title='bbox 2667 370 2753 424; x_wconf 86' lang='lat' dir='ltr'><strong>ET</strong></span> <span class='ocrx_word' id='word_1_6' title='bbox 2791 370 3258 427; x_wconf 76' lang='lat' dir='ltr'><strong>ALEXANDRINI</strong></span> 
     </span>
    </p>
   </div>
   <div class='ocr_carea' id='block_1_3' title="bbox 3982 375 4089 433">
    <p class='ocr_par' dir='ltr' id='par_1_3' title="bbox 3982 375 4089 433">
     <span class='ocr_line' id='line_1_3' title="bbox 3982 375 4089 433; baseline 0.037 -4"><span class='ocrx_word' id='word_1_7' title='bbox 3982 375 4089 433; x_wconf 71' lang='grc'>252</span> 
     </span>
    </p>
   </div>
   <div class='ocr_carea' id='block_1_4' title="bbox 852 488 2540 562">
    <p class='ocr_par' dir='ltr' id='par_1_4' title="bbox 852 488 2540 560">
     <span class='ocr_line' id='line_1_4' title="bbox 852 488 2540 560; baseline -0.002 -15"><span class='ocrx_word' id='word_1_8' title='bbox 852 494 962 545; x_wconf 91' lang='lat' dir='ltr'><strong>cuti</strong></span> <span class='ocrx_word' id='word_1_9' title='bbox 993 491 1155 545; x_wconf 86' lang='lat' dir='ltr'><strong>sunt?</strong></span> <span class='ocrx_word' id='word_1_10' title='bbox 1186 489 1278 543; x_wconf 95' lang='lat' dir='ltr'><strong>llle</strong></span> <span class='ocrx_word' id='word_1_11' title='bbox 1313 507 1325 541; x_wconf 95' lang='lat'>:</span> <span class='ocrx_word' id='word_1_12' title='bbox 1364 488 1687 543; x_wconf 88' lang='lat' dir='ltr'><strong>Nihil.Tum</strong></span> <span class='ocrx_word' id='word_1_13' title='bbox 1722 504 1888 544; x_wconf 81' lang='lat' dir='ltr'><strong>senex</strong></span> <span class='ocrx_word' id='word_1_14' title='bbox 1918 506 1930 541; x_wconf 91' lang='lat'>:</span> <span class='ocrx_word' id='word_1_15' title='bbox 1957 488 2179 551; x_wconf 85' lang='lat' dir='ltr'><strong>Iterum,</strong></span> <span class='ocrx_word' id='word_1_16' title='bbox 2211 489 2404 557; x_wconf 88' lang='lat' dir='ltr'><strong>inquit,</strong></span> <span class='ocrx_word' id='word_1_17' title='bbox 2436 493 2481 547; x_wconf 79' lang='grc' dir='ltr'>Α</span> <span class='ocrx_word' id='word_1_18' title='bbox 2509 493 2540 560; x_wconf 65' lang='grc' dir='ltr'><strong>ε</strong></span> 
     </span>
    </p>
   </div>
   <div class='ocr_carea' id='block_1_5' title="bbox 2398 488 4086 562">
    <p class='ocr_par' dir='ltr' id='par_1_5' title="bbox 2398 490 4086 562">
     <span class='ocr_line' id='line_1_5' title="bbox 2398 490 4086 562; baseline -0.002 -15"><span class='ocrx_word' id='word_1_19' title='bbox 2398 530 2404 549; x_wconf 73' lang='grc'><strong>,</strong></span> <span class='ocrx_word' id='word_1_20' title='bbox 2436 493 2481 547; x_wconf 80' lang='grc' dir='ltr'><strong>Δ</strong></span> <span class='ocrx_word' id='word_1_21' title='bbox 2509 491 2669 560; x_wconf 71' lang='grc'>255</span> <span class='ocrx_word' id='word_1_22' title='bbox 2712 492 2739 543; x_wconf 85' lang='lat'><strong>6</strong></span> <span class='ocrx_word' id='word_1_23' title='bbox 2791 490 2847 543; x_wconf 84' lang='grc' dir='ltr'><strong>δὲ</strong></span> <span class='ocrx_word' id='word_1_24' title='bbox 2882 490 3018 562; x_wconf 75' lang='grc' dir='ltr'>ἔφη·</span> <span class='ocrx_word' id='word_1_25' title='bbox 3053 492 3192 560; x_wconf 80' lang='grc' dir='ltr'>οὐχί.</span> <span class='ocrx_word' id='word_1_26' title='bbox 3225 491 3371 559; x_wconf 80' lang='grc' dir='ltr'>λέγει</span> <span class='ocrx_word' id='word_1_27' title='bbox 3404 490 3552 561; x_wconf 84' lang='grc' dir='ltr'>αὑτῷ</span> <span class='ocrx_word' id='word_1_28' title='bbox 3582 494 3611 544; x_wconf 93' lang='lat'><strong>6</strong></span> <span class='ocrx_word' id='word_1_29' title='bbox 3645 491 3858 562; x_wconf 85' lang='grc' dir='ltr'>γέρων·</span> <span class='ocrx_word' id='word_1_30' title='bbox 3909 490 4086 558; x_wconf 76' lang='grc' dir='ltr'>ὕπαγε</span> 
     </span>
    </p>
   </div>
   <div class='ocr_carea' id='block_1_6' title="bbox 853 578 2417 653">
    <p class='ocr_par' dir='ltr' id='par_1_6' title="bbox 853 578 2417 653">
     <span class='ocr_line' id='line_1_6' title="bbox 853 578 2417 653; baseline -0.001 -17"><span class='ocrx_word' id='word_1_31' title='bbox 853 581 1202 653; x_wconf 83' lang='lat' dir='ltr'><strong>proficiscere</strong></span> <span class='ocrx_word' id='word_1_32' title='bbox 1231 595 1380 644; x_wconf 86' lang='lat' dir='ltr'><strong>cras,</strong></span> <span class='ocrx_word' id='word_1_33' title='bbox 1422 596 1625 650; x_wconf 85' lang='lat' dir='ltr'><strong>eosque</strong></span> <span class='ocrx_word' id='word_1_34' title='bbox 1672 581 1925 635; x_wconf 84' lang='lat' dir='ltr'><strong>laudibus</strong></span> <span class='ocrx_word' id='word_1_35' title='bbox 1972 579 2123 634; x_wconf 71' lang='lat' dir='ltr'><strong>effer.</strong></span> <span class='ocrx_word' id='word_1_36' title='bbox 2177 578 2417 648; x_wconf 82' lang='lat' dir='ltr'><strong>Pergens</strong></span> 
     </span>
    </p>
   </div>
   <div class='ocr_carea' id='block_1_7' title="bbox 850 669 2414 739">
    <p class='ocr_par' dir='ltr' id='par_1_7' title="bbox 850 669 2414 739">
     <span class='ocr_line' id='line_1_7' title="bbox 850 669 2414 739; baseline -0.001 -16"><span class='ocrx_word' id='word_1_37' title='bbox 850 670 1036 739; x_wconf 91' lang='lat' dir='ltr'><strong>itaque</strong></span> <span class='ocrx_word' id='word_1_38' title='bbox 1080 669 1247 723; x_wconf 77' lang='lat' dir='ltr'><strong>frater</strong></span> <span class='ocrx_word' id='word_1_39' title='bbox 1298 670 1630 723; x_wconf 74' lang='lat' dir='ltr'><strong>collaudavit</strong></span> <span class='ocrx_word' id='word_1_40' title='bbox 1675 684 1791 733; x_wconf 87' lang='lat' dir='ltr'><strong>eos,</strong></span> <span class='ocrx_word' id='word_1_41' title='bbox 1837 685 2083 723; x_wconf 86' lang='lat' dir='ltr'><strong>vocans:</strong></span> <span class='ocrx_word' id='word_1_42' title='bbox 2148 669 2414 738; x_wconf 85' lang='lat' dir='ltr'><strong>Apostoli,</strong></span> 
     </span>
    </p>
   </div>
   <div class='ocr_carea' id='block_1_8' title="bbox 851 759 2411 830">
    <p class='ocr_par' dir='ltr' id='par_1_8' title="bbox 851 759 2411 830">
     <span class='ocr_line' id='line_1_8' title="bbox 851 759 2411 830; baseline -0.001 -15"><span class='ocrx_word' id='word_1_43' title='bbox 851 761 1052 823; x_wconf 79' lang='lat' dir='ltr'><strong>sancti,</strong></span> <span class='ocrx_word' id='word_1_44' title='bbox 1075 760 1237 828; x_wconf 88' lang='lat' dir='ltr'><strong>justi.</strong></span> <span class='ocrx_word' id='word_1_45' title='bbox 1260 759 1399 814; x_wconf 91' lang='lat' dir='ltr'><strong>Tum</strong></span> <span class='ocrx_word' id='word_1_46' title='bbox 1432 761 1567 813; x_wconf 89' lang='lat' dir='ltr'><strong>adiit</strong></span> <span class='ocrx_word' id='word_1_47' title='bbox 1592 776 1778 815; x_wconf 93' lang='lat' dir='ltr'><strong>senem</strong></span> <span class='ocrx_word' id='word_1_48' title='bbox 1809 761 2055 830; x_wconf 76' lang='lat' dir='ltr'><strong>dixitque</strong></span> <span class='ocrx_word' id='word_1_49' title='bbox 2092 779 2103 814; x_wconf 96' lang='lat'>:</span> <span class='ocrx_word' id='word_1_50' title='bbox 2144 760 2411 815; x_wconf 89' lang='lat' dir='ltr'><strong>Laudavi.</strong></span> 
     </span>
    </p>
   </div>
   <div class='ocr_carea' id='block_1_9' title="bbox 849 848 2410 920">
    <p class='ocr_par' dir='ltr' id='par_1_9' title="bbox 849 848 2410 920">
     <span class='ocr_line' id='line_1_9' title="bbox 849 848 2410 920; baseline 0.002 -19"><span class='ocrx_word' id='word_1_51' title='bbox 849 848 953 913; x_wconf 82' lang='lat' dir='ltr'><strong>Qui</strong></span> <span class='ocrx_word' id='word_1_52' title='bbox 984 867 995 901; x_wconf 88' lang='lat'><strong>:</strong></span> <span class='ocrx_word' id='word_1_53' title='bbox 1033 849 1275 913; x_wconf 87' lang='lat' dir='ltr'><strong>Nihilne,</strong></span> <span class='ocrx_word' id='word_1_54' title='bbox 1328 850 1527 918; x_wconf 87' lang='lat' dir='ltr'><strong>inquit,</strong></span> <span class='ocrx_word' id='word_1_55' title='bbox 1571 850 1671 903; x_wconf 93' lang='lat' dir='ltr'><strong>tibi</strong></span> <span class='ocrx_word' id='word_1_56' title='bbox 1705 850 2141 920; x_wconf 88' lang='lat' dir='ltr'><strong>responderunt?</strong></span> <span class='ocrx_word' id='word_1_57' title='bbox 2177 849 2410 905; x_wconf 78' lang='lat' dir='ltr'><strong>Frater:</strong></span> 
     </span>
    </p>
   </div>
   <div class='ocr_carea' id='block_1_10' title="bbox 853 940 2413 1012">
    <p class='ocr_par' dir='ltr' id='par_1_10' title="bbox 853 940 2413 1012">
     <span class='ocr_line' id='line_1_10' title="bbox 853 940 2413 1012; baseline 0.003 -19"><span class='ocrx_word' id='word_1_58' title='bbox 853 941 1021 994; x_wconf 84' lang='lat' dir='ltr'><strong>Nihil.</strong></span> <span class='ocrx_word' id='word_1_59' title='bbox 1075 940 1228 996; x_wconf 91' lang='lat' dir='ltr'><strong>Tunc</strong></span> <span class='ocrx_word' id='word_1_60' title='bbox 1264 958 1428 997; x_wconf 82' lang='lat' dir='ltr'><strong>senex</strong></span> <span class='ocrx_word' id='word_1_61' title='bbox 1468 941 1587 996; x_wconf 83' lang='lat' dir='ltr'><strong>inﬁt</strong></span> <span class='ocrx_word' id='word_1_62' title='bbox 1616 962 1628 997; x_wconf 91' lang='lat'>:</span> <span class='ocrx_word' id='word_1_63' title='bbox 1662 942 1838 1005; x_wconf 88' lang='lat' dir='ltr'><strong>Nosti,</strong></span> <span class='ocrx_word' id='word_1_64' title='bbox 1885 943 2103 1012; x_wconf 87' lang='lat' dir='ltr'><strong>quantis</strong></span> <span class='ocrx_word' id='word_1_65' title='bbox 2138 960 2234 999; x_wconf 91' lang='lat' dir='ltr'><strong>eos</strong></span> <span class='ocrx_word' id='word_1_66' title='bbox 2282 959 2413 997; x_wconf 92' lang='lat' dir='ltr'><strong>con-</strong></span> 
     </span>
    </p>
   </div>
   <div class='ocr_carea' id='block_1_11' title="bbox 850 1032 2412 1104">
    <p class='ocr_par' dir='ltr' id='par_1_11' title="bbox 850 1032 2412 1104">
     <span class='ocr_line' id='line_1_11' title="bbox 850 1032 2412 1104; baseline 0.003 -19"><span class='ocrx_word' id='word_1_67' title='bbox 850 1034 1093 1087; x_wconf 88' lang='lat' dir='ltr'><strong>tumeliis</strong></span> <span class='ocrx_word' id='word_1_68' title='bbox 1124 1032 1513 1097; x_wconf 77' lang='lat' dir='ltr'><strong>atcheris,nec</strong></span> <span class='ocrx_word' id='word_1_69' title='bbox 1542 1034 1837 1104; x_wconf 87' lang='lat' dir='ltr'><strong>quidquam</strong></span> <span class='ocrx_word' id='word_1_70' title='bbox 1862 1035 2259 1104; x_wconf 88' lang='lat' dir='ltr'><strong>responderunt</strong></span> <span class='ocrx_word' id='word_1_71' title='bbox 2282 1036 2412 1101; x_wconf 87' lang='lat' dir='ltr'><strong>tibi;</strong></span> 
     </span>
    </p>
   </div>
   <div class='ocr_carea' id='block_1_12' title="bbox 850 1126 2412 1197">
    <p class='ocr_par' dir='ltr' id='par_1_12' title="bbox 850 1126 2412 1197">
     <span class='ocr_line' id='line_1_12' title="bbox 850 1126 2412 1197; baseline 0.001 -19"><span class='ocrx_word' id='word_1_72' title='bbox 850 1135 905 1178; x_wconf 91' lang='lat' dir='ltr'><strong>et</strong></span> <span class='ocrx_word' id='word_1_73' title='bbox 940 1126 1158 1194; x_wconf 89' lang='lat' dir='ltr'><strong>quantis</strong></span> <span class='ocrx_word' id='word_1_74' title='bbox 1184 1126 1403 1179; x_wconf 91' lang='lat' dir='ltr'><strong>eosdem</strong></span> <span class='ocrx_word' id='word_1_75' title='bbox 1430 1127 1683 1179; x_wconf 88' lang='lat' dir='ltr'><strong>laudibus</strong></span> <span class='ocrx_word' id='word_1_76' title='bbox 1712 1128 2020 1190; x_wconf 90' lang='lat' dir='ltr'><strong>ornaveris,</strong></span> <span class='ocrx_word' id='word_1_77' title='bbox 2066 1128 2311 1197; x_wconf 89' lang='lat' dir='ltr'><strong>nihilque</strong></span> <span class='ocrx_word' id='word_1_78' title='bbox 2343 1126 2412 1179; x_wconf 81' lang='lat' dir='ltr'><strong>ad</strong></span> 
     </span>
    </p>
   </div>
   <div class='ocr_carea' id='block_1_13' title="bbox 850 1216 2416 1288">
    <p class='ocr_par' dir='ltr' id='par_1_13' title="bbox 850 1216 2416 1288">
     <span class='ocr_line' id='line_1_13' title="bbox 850 1216 2416 1288; baseline 0.002 -21"><span class='ocrx_word' id='word_1_79' title='bbox 850 1226 903 1269; x_wconf 89' lang='lat' dir='ltr'><strong>te</strong></span> <span class='ocrx_word' id='word_1_80' title='bbox 932 1218 1202 1286; x_wconf 87' lang='lat' dir='ltr'><strong>prolocuti</strong></span> <span class='ocrx_word' id='word_1_81' title='bbox 1238 1226 1388 1272; x_wconf 85' lang='lat' dir='ltr'><strong>sunt.</strong></span> <span class='ocrx_word' id='word_1_82' title='bbox 1430 1218 1506 1270; x_wconf 91' lang='lat' dir='ltr'><strong>lta</strong></span> <span class='ocrx_word' id='word_1_83' title='bbox 1540 1227 1592 1271; x_wconf 91' lang='lat' dir='ltr'><strong>et</strong></span> <span class='ocrx_word' id='word_1_84' title='bbox 1625 1225 1699 1279; x_wconf 93' lang='lat' dir='ltr'><strong>tu,</strong></span> <span class='ocrx_word' id='word_1_85' title='bbox 1738 1216 1783 1268; x_wconf 87' lang='lat' dir='ltr'><strong>si</strong></span> <span class='ocrx_word' id='word_1_86' title='bbox 1806 1216 2007 1271; x_wconf 87' lang='lat' dir='ltr'><strong>salvari</strong></span> <span class='ocrx_word' id='word_1_87' title='bbox 2052 1218 2231 1288; x_wconf 90' lang='lat' dir='ltr'><strong>cupis,</strong></span> <span class='ocrx_word' id='word_1_88' title='bbox 2269 1233 2416 1272; x_wconf 81' lang='lat' dir='ltr'><strong>mor-</strong></span> 
     </span>
    </p>
   </div>
   <div class='ocr_carea' id='block_1_14' title="bbox 852 1308 2420 1377">
    <p class='ocr_par' dir='ltr' id='par_1_14' title="bbox 852 1308 2420 1377">
     <span class='ocr_line' id='line_1_14' title="bbox 852 1308 2420 1377; baseline 0.003 -18"><span class='ocrx_word' id='word_1_89' title='bbox 852 1318 979 1362; x_wconf 86' lang='lat' dir='ltr'><strong>tuus</strong></span> <span class='ocrx_word' id='word_1_90' title='bbox 1033 1310 1153 1373; x_wconf 82' lang='lat' dir='ltr'><strong>tias,</strong></span> <span class='ocrx_word' id='word_1_91' title='bbox 1207 1325 1307 1363; x_wconf 87' lang='lat' dir='ltr'><strong>nec</strong></span> <span class='ocrx_word' id='word_1_92' title='bbox 1345 1309 1576 1377; x_wconf 82' lang='lat' dir='ltr'><strong>injurias</strong></span> <span class='ocrx_word' id='word_1_93' title='bbox 1610 1308 1914 1373; x_wconf 90' lang='lat' dir='ltr'><strong>hominum,</strong></span> <span class='ocrx_word' id='word_1_94' title='bbox 1964 1324 2067 1363; x_wconf 91' lang='lat' dir='ltr'><strong>nec</strong></span> <span class='ocrx_word' id='word_1_95' title='bbox 2103 1309 2293 1365; x_wconf 89' lang='lat' dir='ltr'><strong>laudes</strong></span> <span class='ocrx_word' id='word_1_96' title='bbox 2330 1325 2420 1365; x_wconf 89' lang='lat' dir='ltr'><strong>eo-</strong></span> 
     </span>
    </p>
   </div>
   <div class='ocr_carea' id='block_1_15' title="bbox 852 1401 2417 1472">
    <p class='ocr_par' dir='ltr' id='par_1_15' title="bbox 852 1401 2417 1472">
     <span class='ocr_line' id='line_1_15' title="bbox 852 1401 2417 1472; baseline 0.003 -19"><span class='ocrx_word' id='word_1_97' title='bbox 852 1417 971 1453; x_wconf 94' lang='lat' dir='ltr'><strong>rum</strong></span> <span class='ocrx_word' id='word_1_98' title='bbox 998 1403 1225 1470; x_wconf 80' lang='lat' dir='ltr'><strong>cogites,</strong></span> <span class='ocrx_word' id='word_1_99' title='bbox 1262 1402 1435 1456; x_wconf 88' lang='lat' dir='ltr'><strong>instar</strong></span> <span class='ocrx_word' id='word_1_100' title='bbox 1480 1413 1822 1455; x_wconf 86' lang='lat' dir='ltr'><strong>mortuorum</strong></span> <span class='ocrx_word' id='word_1_101' title='bbox 1862 1419 1876 1456; x_wconf 93' lang='lat'><strong>:</strong></span> <span class='ocrx_word' id='word_1_102' title='bbox 1908 1401 1988 1457; x_wconf 90' lang='lat' dir='ltr'><strong>sic</strong></span> <span class='ocrx_word' id='word_1_103' title='bbox 2020 1403 2166 1455; x_wconf 90' lang='lat' dir='ltr'><strong>enim</strong></span> <span class='ocrx_word' id='word_1_104' title='bbox 2210 1404 2417 1472; x_wconf 88' lang='lat' dir='ltr'><strong>poteris</strong></span> 
     </span>
    </p>
   </div>
   <div class='ocr_carea' id='block_1_16' title="bbox 853 1492 1208 1546">
    <p class='ocr_par' dir='ltr' id='par_1_16' title="bbox 853 1492 1208 1546">
     <span class='ocr_line' id='line_1_16' title="bbox 853 1492 1208 1546; baseline 0 -1"><span class='ocrx_word' id='word_1_105' title='bbox 853 1494 1039 1545; x_wconf 86' lang='lat' dir='ltr'><strong>salvus</strong></span> <span class='ocrx_word' id='word_1_106' title='bbox 1072 1492 1208 1546; x_wconf 83' lang='lat' dir='ltr'><strong>ﬁeri.</strong></span> 
     </span>
    </p>
   </div>
   <div class='ocr_carea' id='block_1_17' title="bbox 919 1580 2411 1649">
    <p class='ocr_par' dir='ltr' id='par_1_17' title="bbox 919 1580 2411 1649">
     <span class='ocr_line' id='line_1_17' title="bbox 919 1580 2411 1649; baseline 0.001 -16"><span class='ocrx_word' id='word_1_107' title='bbox 919 1581 1008 1633; x_wconf 66' lang='grc'>24.</span> <span class='ocrx_word' id='word_1_108' title='bbox 1051 1581 1414 1635; x_wconf 80' lang='lat' dir='ltr'><strong>Proliciscens</strong></span> <span class='ocrx_word' id='word_1_109' title='bbox 1452 1580 1745 1649; x_wconf 83' lang='lat' dir='ltr'><strong>aliquando</strong></span> <span class='ocrx_word' id='word_1_110' title='bbox 1781 1580 2055 1635; x_wconf 86' lang='lat' dir='ltr'><strong>Macarius</strong></span> <span class='ocrx_word' id='word_1_111' title='bbox 2089 1580 2257 1635; x_wconf 88' lang='lat' dir='ltr'><strong>abbas</strong></span> <span class='ocrx_word' id='word_1_112' title='bbox 2285 1596 2411 1634; x_wconf 91' lang='lat' dir='ltr'><strong>cum</strong></span> 
     </span>
    </p>
   </div>
   <div class='ocr_carea' id='block_1_18' title="bbox 852 1668 2418 1740">
    <p class='ocr_par' dir='ltr' id='par_1_18' title="bbox 852 1668 2418 1740">
     <span class='ocr_line' id='line_1_18' title="bbox 852 1668 2418 1740; baseline 0 -18"><span class='ocrx_word' id='word_1_113' title='bbox 852 1671 1110 1727; x_wconf 82' lang='lat' dir='ltr'><strong>fratribus</strong></span> <span class='ocrx_word' id='word_1_114' title='bbox 1142 1682 1241 1737; x_wconf 87' lang='lat' dir='ltr'><strong>per</strong></span> <span class='ocrx_word' id='word_1_115' title='bbox 1263 1668 1558 1740; x_wconf 79' lang='lat' dir='ltr'><strong>Aegyptum</strong></span> <span class='ocrx_word' id='word_1_116' title='bbox 1593 1686 1818 1739; x_wconf 93' lang='lat' dir='ltr'><strong>puerum</strong></span> <span class='ocrx_word' id='word_1_117' title='bbox 1849 1670 2057 1725; x_wconf 87' lang='lat' dir='ltr'><strong>audivit</strong></span> <span class='ocrx_word' id='word_1_118' title='bbox 2092 1672 2250 1723; x_wconf 91' lang='lat' dir='ltr'><strong>matri</strong></span> <span class='ocrx_word' id='word_1_119' title='bbox 2286 1684 2418 1724; x_wconf 87' lang='lat' dir='ltr'><strong>suae</strong></span> 
     </span>
    </p>
   </div>
   <div class='ocr_carea' id='block_1_19' title="bbox 853 1761 2418 1831">
    <p class='ocr_par' dir='ltr' id='par_1_19' title="bbox 853 1761 2418 1831">
     <span class='ocr_line' id='line_1_19' title="bbox 853 1761 2418 1831; baseline 0.002 -18"><span class='ocrx_word' id='word_1_120' title='bbox 853 1762 929 1814; x_wconf 92' lang='lat' dir='ltr'><strong>ita</strong></span> <span class='ocrx_word' id='word_1_121' title='bbox 964 1763 1276 1831; x_wconf 82' lang='lat' dir='ltr'><strong>loquentem</strong></span> <span class='ocrx_word' id='word_1_122' title='bbox 1313 1781 1325 1815; x_wconf 91' lang='lat'><strong>:</strong></span> <span class='ocrx_word' id='word_1_123' title='bbox 1355 1762 1545 1825; x_wconf 88' lang='lat' dir='ltr'><strong>Mater,</strong></span> <span class='ocrx_word' id='word_1_124' title='bbox 1580 1761 1735 1817; x_wconf 87' lang='lat' dir='ltr'><strong>dives</strong></span> <span class='ocrx_word' id='word_1_125' title='bbox 1765 1762 1987 1830; x_wconf 88' lang='lat' dir='ltr'><strong>quidam</strong></span> <span class='ocrx_word' id='word_1_126' title='bbox 2021 1761 2201 1831; x_wconf 81' lang='lat' dir='ltr'><strong>diligit</strong></span> <span class='ocrx_word' id='word_1_127' title='bbox 2227 1777 2336 1823; x_wconf 88' lang='lat' dir='ltr'><strong>me,</strong></span> <span class='ocrx_word' id='word_1_128' title='bbox 2363 1772 2418 1816; x_wconf 87' lang='lat' dir='ltr'><strong>et</strong></span> 
     </span>
    </p>
   </div>
   <div class='ocr_carea' id='block_1_20' title="bbox 2523 578 4089 653">
    <p class='ocr_par' dir='ltr' id='par_1_20' title="bbox 2523 578 4089 653">
     <span class='ocr_line' id='line_1_20' title="bbox 2523 578 4089 653; baseline 0 -20"><span class='ocrx_word' id='word_1_129' title='bbox 2523 583 2684 634; x_wconf 87' lang='grc' dir='ltr'>πάλιν</span> <span class='ocrx_word' id='word_1_130' title='bbox 2731 582 2939 653; x_wconf 74' lang='grc' dir='ltr'>αὔριον,</span> <span class='ocrx_word' id='word_1_131' title='bbox 2981 584 3075 636; x_wconf 80' lang='grc' dir='ltr'><strong>καὶ</strong></span> <span class='ocrx_word' id='word_1_132' title='bbox 3115 583 3337 648; x_wconf 80' lang='grc' dir='ltr'>δόξασον</span> <span class='ocrx_word' id='word_1_133' title='bbox 3377 583 3593 645; x_wconf 80' lang='grc' dir='ltr'>αὐτούς.</span> <span class='ocrx_word' id='word_1_134' title='bbox 3640 582 3889 636; x_wconf 88' lang='grc' dir='ltr'>ἀπελθὼν</span> <span class='ocrx_word' id='word_1_135' title='bbox 3937 578 4032 634; x_wconf 75' lang='grc' dir='ltr'>οὖν</span> <span class='ocrx_word' id='word_1_136' title='bbox 4062 585 4089 633; x_wconf 87' lang='grc' dir='ltr'>ὁ</span> 
     </span>
    </p>
   </div>
   <div class='ocr_carea' id='block_1_21' title="bbox 2520 670 4085 739">
    <p class='ocr_par' dir='ltr' id='par_1_21' title="bbox 2520 670 4085 739">
     <span class='ocr_line' id='line_1_21' title="bbox 2520 670 4085 739; baseline -0.003 -16"><span class='ocrx_word' id='word_1_137' title='bbox 2520 671 2748 739; x_wconf 81' lang='grc' dir='ltr'>ἀδελφὸς</span> <span class='ocrx_word' id='word_1_138' title='bbox 2780 671 3026 735; x_wconf 80' lang='grc' dir='ltr'>ἐδόξασεν</span> <span class='ocrx_word' id='word_1_139' title='bbox 3078 674 3275 735; x_wconf 77' lang='grc' dir='ltr'>αὐτοὺς</span> <span class='ocrx_word' id='word_1_140' title='bbox 3320 672 3491 739; x_wconf 82' lang='grc' dir='ltr'>λέγων</span> <span class='ocrx_word' id='word_1_141' title='bbox 3516 689 3530 703; x_wconf 91' lang='grc'><strong>·</strong></span> <span class='ocrx_word' id='word_1_142' title='bbox 3561 670 3870 735; x_wconf 80' lang='grc' dir='ltr'><strong>ἀπόστολοι,</strong></span> <span class='ocrx_word' id='word_1_143' title='bbox 3920 672 4085 736; x_wconf 81' lang='grc' dir='ltr'>ᾶγιοι,</span> 
     </span>
    </p>
   </div>
   <div class='ocr_carea' id='block_1_22' title="bbox 2520 757 4087 838">
    <p class='ocr_par' dir='ltr' id='par_1_22' title="bbox 2520 757 4087 838">
     <span class='ocr_line' id='line_1_22' title="bbox 2520 757 4087 838; baseline -0.006 -19"><span class='ocrx_word' id='word_1_144' title='bbox 2520 768 2616 819; x_wconf 74' lang='grc' dir='ltr'><strong>καὶ</strong></span> <span class='ocrx_word' id='word_1_145' title='bbox 2653 768 2883 820; x_wconf 61' lang='grc' dir='ltr'>δίκαιον</span> <span class='ocrx_word' id='word_1_146' title='bbox 2908 768 3001 821; x_wconf 78' lang='grc' dir='ltr'><strong>καὶ</strong></span> <span class='ocrx_word' id='word_1_147' title='bbox 3028 764 3159 838; x_wconf 79' lang='grc' dir='ltr'>ἦλθε</span> <span class='ocrx_word' id='word_1_148' title='bbox 3208 768 3341 837; x_wconf 83' lang='grc' dir='ltr'>πρὸς</span> <span class='ocrx_word' id='word_1_149' title='bbox 3385 768 3476 819; x_wconf 81' lang='grc' dir='ltr'><strong>τὸν</strong></span> <span class='ocrx_word' id='word_1_150' title='bbox 3522 766 3771 835; x_wconf 89' lang='grc' dir='ltr'>γέροντα,</span> <span class='ocrx_word' id='word_1_151' title='bbox 3807 764 3900 815; x_wconf 82' lang='grc' dir='ltr'><strong>καὶ</strong></span> <span class='ocrx_word' id='word_1_152' title='bbox 3934 757 4087 814; x_wconf 80' lang='grc' dir='ltr'>εἶπεν</span> 
     </span>
    </p>
   </div>
   <div class='ocr_carea' id='block_1_23' title="bbox 2520 851 4088 927">
    <p class='ocr_par' dir='ltr' id='par_1_23' title="bbox 2520 851 4088 927">
     <span class='ocr_line' id='line_1_23' title="bbox 2520 851 4088 927; baseline -0.006 -15"><span class='ocrx_word' id='word_1_153' title='bbox 2520 857 2667 927; x_wconf 79' lang='grc' dir='ltr'>αὐτῷ</span> <span class='ocrx_word' id='word_1_154' title='bbox 2686 874 2701 888; x_wconf 74' lang='grc' dir='ltr'><strong>ο</strong></span> <span class='ocrx_word' id='word_1_155' title='bbox 2735 859 2978 925; x_wconf 81' lang='grc' dir='ltr'>ἐδόξασα.</span> <span class='ocrx_word' id='word_1_156' title='bbox 3004 861 3097 912; x_wconf 75' lang='grc' dir='ltr'><strong>καὶ</strong></span> <span class='ocrx_word' id='word_1_157' title='bbox 3123 858 3268 925; x_wconf 83' lang='grc' dir='ltr'><strong>λέγει</strong></span> <span class='ocrx_word' id='word_1_158' title='bbox 3299 857 3447 927; x_wconf 80' lang='grc' dir='ltr'>αύτῷ</span> <span class='ocrx_word' id='word_1_159' title='bbox 3467 877 3479 889; x_wconf 79' lang='grc' dir='ltr'><strong><em>ο</em></strong></span> <span class='ocrx_word' id='word_1_160' title='bbox 3504 856 3656 909; x_wconf 72' lang='grc' dir='ltr'>οὐδέν</span> <span class='ocrx_word' id='word_1_161' title='bbox 3679 873 3759 907; x_wconf 89' lang='grc' dir='ltr'><strong>σοι</strong></span> <span class='ocrx_word' id='word_1_162' title='bbox 3783 851 4088 922; x_wconf 74' lang='grc' dir='ltr'>ἀπεκρίθη-</span> 
     </span>
    </p>
   </div>
   <div class='ocr_carea' id='block_1_24' title="bbox 2522 939 4087 1019">
    <p class='ocr_par' dir='ltr' id='par_1_24' title="bbox 2522 939 4087 1019">
     <span class='ocr_line' id='line_1_24' title="bbox 2522 939 4087 1019; baseline -0.006 -15"><span class='ocrx_word' id='word_1_163' title='bbox 2522 968 2651 1015; x_wconf 87' lang='grc' dir='ltr'>σαν;</span> <span class='ocrx_word' id='word_1_164' title='bbox 2676 950 2777 1019; x_wconf 80' lang='grc' dir='ltr'>ἔφη</span> <span class='ocrx_word' id='word_1_165' title='bbox 2802 953 2829 1003; x_wconf 97' lang='lat'><strong>6</strong></span> <span class='ocrx_word' id='word_1_166' title='bbox 2856 950 3077 1019; x_wconf 83' lang='grc' dir='ltr'>ἀδελφός</span> <span class='ocrx_word' id='word_1_167' title='bbox 3095 966 3107 979; x_wconf 86' lang='grc'><em>’</em></span> <span class='ocrx_word' id='word_1_168' title='bbox 3143 951 3281 1019; x_wconf 77' lang='grc' dir='ltr'>οὐχί.</span> <span class='ocrx_word' id='word_1_169' title='bbox 3313 950 3460 1017; x_wconf 82' lang='grc' dir='ltr'>λέγει</span> <span class='ocrx_word' id='word_1_170' title='bbox 3488 948 3635 1017; x_wconf 74' lang='grc' dir='ltr'>αὐτῷ</span> <span class='ocrx_word' id='word_1_171' title='bbox 3656 952 3683 1001; x_wconf 91' lang='lat'><strong>6</strong></span> <span class='ocrx_word' id='word_1_172' title='bbox 3704 948 3877 1016; x_wconf 87' lang='grc' dir='ltr'>γέρων</span> <span class='ocrx_word' id='word_1_173' title='bbox 3898 961 3910 971; x_wconf 92' lang='grc'><strong>·</strong></span> <span class='ocrx_word' id='word_1_174' title='bbox 3942 939 4087 1004; x_wconf 75' lang='grc' dir='ltr'>οἶδας</span> 
     </span>
    </p>
   </div>
   <div class='ocr_carea' id='block_1_25' title="bbox 2522 1034 4087 1112">
    <p class='ocr_par' dir='ltr' id='par_1_25' title="bbox 2522 1034 4087 1112">
     <span class='ocr_line' id='line_1_25' title="bbox 2522 1034 4087 1112; baseline -0.006 -17"><span class='ocrx_word' id='word_1_175' title='bbox 2522 1043 2664 1095; x_wconf 85' lang='grc' dir='ltr'>πόσα</span> <span class='ocrx_word' id='word_1_176' title='bbox 2696 1041 2967 1112; x_wconf 80' lang='grc' dir='ltr'>ἡτίμασας</span> <span class='ocrx_word' id='word_1_177' title='bbox 2993 1041 3208 1104; x_wconf 86' lang='grc' dir='ltr'>αὐτούς,</span> <span class='ocrx_word' id='word_1_178' title='bbox 3246 1042 3340 1093; x_wconf 73' lang='grc' dir='ltr'>καὶ</span> <span class='ocrx_word' id='word_1_179' title='bbox 3372 1042 3521 1093; x_wconf 82' lang='grc' dir='ltr'>οὐδὲν</span> <span class='ocrx_word' id='word_1_180' title='bbox 3560 1038 3959 1109; x_wconf 79' lang='grc' dir='ltr'><strong>ἀπεκρίθησαν,</strong></span> <span class='ocrx_word' id='word_1_181' title='bbox 3996 1034 4087 1087; x_wconf 72' lang='grc' dir='ltr'>καὶ</span> 
     </span>
    </p>
   </div>
   <div class='ocr_carea' id='block_1_26' title="bbox 2522 1123 4089 1199">
    <p class='ocr_par' dir='ltr' id='par_1_26' title="bbox 2522 1123 4089 1199">
     <span class='ocr_line' id='line_1_26' title="bbox 2522 1123 4089 1199; baseline -0.006 -16"><span class='ocrx_word' id='word_1_182' title='bbox 2522 1133 2663 1184; x_wconf 89' lang='grc' dir='ltr'>πόσα</span> <span class='ocrx_word' id='word_1_183' title='bbox 2694 1131 2947 1196; x_wconf 81' lang='grc' dir='ltr'>ὲδόξασας</span> <span class='ocrx_word' id='word_1_184' title='bbox 2986 1132 3205 1199; x_wconf 80' lang='grc' dir='ltr'>αὐτούς,</span> <span class='ocrx_word' id='word_1_185' title='bbox 3240 1132 3333 1184; x_wconf 75' lang='grc' dir='ltr'>καὶ</span> <span class='ocrx_word' id='word_1_186' title='bbox 3364 1131 3515 1183; x_wconf 82' lang='grc' dir='ltr'>οὐδέν</span> <span class='ocrx_word' id='word_1_187' title='bbox 3549 1146 3630 1181; x_wconf 89' lang='grc' dir='ltr'><strong>σοι</strong></span> <span class='ocrx_word' id='word_1_188' title='bbox 3664 1127 3951 1198; x_wconf 71' lang='grc' dir='ltr'>ἐλάλησαν.</span> <span class='ocrx_word' id='word_1_189' title='bbox 3998 1123 4089 1175; x_wconf 61' lang='grc' dir='ltr'><strong>οὔ-</strong></span> 
     </span>
    </p>
   </div>
   <div class='ocr_carea' id='block_1_27' title="bbox 2520 1216 4086 1293">
    <p class='ocr_par' dir='ltr' id='par_1_27' title="bbox 2520 1216 4086 1293">
     <span class='ocr_line' id='line_1_27' title="bbox 2520 1216 4086 1293; baseline -0.006 -19"><span class='ocrx_word' id='word_1_190' title='bbox 2520 1240 2627 1285; x_wconf 90' lang='grc' dir='ltr'><strong>τως</strong></span> <span class='ocrx_word' id='word_1_191' title='bbox 2653 1225 2746 1275; x_wconf 58' lang='grc' dir='ltr'><strong>καλ¹</strong></span> <span class='ocrx_word' id='word_1_192' title='bbox 2775 1225 2863 1286; x_wconf 78' lang='grc' dir='ltr'><strong>σύ,</strong></span> <span class='ocrx_word' id='word_1_193' title='bbox 2892 1223 2987 1275; x_wconf 80' lang='grc' dir='ltr'><strong>ἐὰν</strong></span> <span class='ocrx_word' id='word_1_194' title='bbox 3012 1223 3169 1293; x_wconf 79' lang='grc' dir='ltr'>θέλῃς</span> <span class='ocrx_word' id='word_1_195' title='bbox 3213 1222 3469 1292; x_wconf 77' lang='grc' dir='ltr'>σωθῆναι,</span> <span class='ocrx_word' id='word_1_196' title='bbox 3498 1219 3649 1288; x_wconf 89' lang='grc' dir='ltr'>γενοῦ</span> <span class='ocrx_word' id='word_1_197' title='bbox 3694 1220 3911 1287; x_wconf 78' lang='grc' dir='ltr'>νεκρόςο</span> <span class='ocrx_word' id='word_1_198' title='bbox 3949 1216 4086 1285; x_wconf 87' lang='grc' dir='ltr'>μήτε</span> 
     </span>
    </p>
   </div>
   <div class='ocr_carea' id='block_1_28' title="bbox 2522 1300 4087 1383">
    <p class='ocr_par' dir='ltr' id='par_1_28' title="bbox 2522 1300 4087 1383">
     <span class='ocr_line' id='line_1_28' title="bbox 2522 1300 4087 1383; baseline -0.006 -18"><span class='ocrx_word' id='word_1_199' title='bbox 2522 1312 2619 1381; x_wconf 80' lang='grc' dir='ltr'>τὴν</span> <span class='ocrx_word' id='word_1_200' title='bbox 2651 1313 2864 1365; x_wconf 85' lang='grc' dir='ltr'>ἀδικίαν</span> <span class='ocrx_word' id='word_1_201' title='bbox 2897 1312 3004 1365; x_wconf 91' lang='grc' dir='ltr'><strong>τῶν</strong></span> <span class='ocrx_word' id='word_1_202' title='bbox 3039 1313 3360 1383; x_wconf 88' lang='grc' dir='ltr'>ἀνθρώπων,</span> <span class='ocrx_word' id='word_1_203' title='bbox 3412 1312 3545 1381; x_wconf 83' lang='grc' dir='ltr'>μήτε</span> <span class='ocrx_word' id='word_1_204' title='bbox 3588 1310 3685 1378; x_wconf 83' lang='grc' dir='ltr'><strong>τὴν</strong></span> <span class='ocrx_word' id='word_1_205' title='bbox 3713 1307 3868 1369; x_wconf 80' lang='grc' dir='ltr'>δόξαν</span> <span class='ocrx_word' id='word_1_206' title='bbox 3907 1300 4087 1358; x_wconf 73' lang='grc' dir='ltr'>αὐτῶν</span> 
     </span>
    </p>
   </div>
   <div class='ocr_carea' id='block_1_29' title="bbox 2520 1388 3928 1474">
    <p class='ocr_par' dir='ltr' id='par_1_29' title="bbox 2520 1388 3928 1474">
     <span class='ocr_line' id='line_1_29' title="bbox 2520 1388 3928 1474; baseline -0.001 -21"><span class='ocrx_word' id='word_1_207' title='bbox 2520 1402 2728 1473; x_wconf 82' lang='grc' dir='ltr'>λογίσῃ,</span> <span class='ocrx_word' id='word_1_208' title='bbox 2758 1404 2833 1465; x_wconf 92' lang='grc' dir='ltr'><strong>ώς</strong></span> <span class='ocrx_word' id='word_1_209' title='bbox 2859 1405 2908 1456; x_wconf 78' lang='grc' dir='ltr'><strong>οἰ</strong></span> <span class='ocrx_word' id='word_1_210' title='bbox 2935 1404 3115 1474; x_wconf 79' lang='grc' dir='ltr'>νεκροί</span> <span class='ocrx_word' id='word_1_211' title='bbox 3140 1422 3152 1435; x_wconf 74' lang='grc' dir='ltr'><strong><em>ο</em></strong></span> <span class='ocrx_word' id='word_1_212' title='bbox 3183 1405 3276 1457; x_wconf 72' lang='grc' dir='ltr'><strong>καὶ</strong></span> <span class='ocrx_word' id='word_1_213' title='bbox 3301 1388 3525 1456; x_wconf 77' lang='grc' dir='ltr'>δύνασαι</span> <span class='ocrx_word' id='word_1_214' title='bbox 3557 1400 3795 1469; x_wconf 80' lang='grc' dir='ltr'>σωθῆναι</span> <span class='ocrx_word' id='word_1_215' title='bbox 3827 1399 3928 1467; x_wconf 85' lang='grc' dir='ltr'><strong>(α).</strong></span> 
     </span>
    </p>
   </div>
   <div class='ocr_carea' id='block_1_30' title="bbox 2589 1572 4089 1649">
    <p class='ocr_par' dir='ltr' id='par_1_30' title="bbox 2589 1572 4089 1649">
     <span class='ocr_line' id='line_1_30' title="bbox 2589 1572 4089 1649; baseline -0.006 -16"><span class='ocrx_word' id='word_1_216' title='bbox 2589 1580 2679 1633; x_wconf 68' lang='grc'><strong>24.</strong></span> <span class='ocrx_word' id='word_1_217' title='bbox 2726 1579 3136 1649; x_wconf 83' lang='grc' dir='ltr'>Παρερχόμενός</span> <span class='ocrx_word' id='word_1_218' title='bbox 3180 1594 3307 1629; x_wconf 86' lang='grc' dir='ltr'>ποτε</span> <span class='ocrx_word' id='word_1_219' title='bbox 3340 1580 3368 1629; x_wconf 90' lang='lat'><strong>6</strong></span> <span class='ocrx_word' id='word_1_220' title='bbox 3400 1576 3571 1637; x_wconf 75' lang='lat' dir='ltr'><em>6666c;</em></span> <span class='ocrx_word' id='word_1_221' title='bbox 3621 1574 3903 1643; x_wconf 82' lang='grc' dir='ltr'>Μακάριος</span> <span class='ocrx_word' id='word_1_222' title='bbox 3950 1572 4089 1642; x_wconf 78' lang='grc' dir='ltr'>μετὰ</span> 
     </span>
    </p>
   </div>
   <div class='ocr_carea' id='block_1_31' title="bbox 2521 1664 4089 1737">
    <p class='ocr_par' dir='ltr' id='par_1_31' title="bbox 2521 1664 4089 1737">
     <span class='ocr_line' id='line_1_31' title="bbox 2521 1664 4089 1737; baseline -0.004 -16"><span class='ocrx_word' id='word_1_223' title='bbox 2521 1668 2761 1737; x_wconf 80' lang='grc' dir='ltr'>ἀδελφῶν</span> <span class='ocrx_word' id='word_1_224' title='bbox 2803 1668 2889 1720; x_wconf 83' lang='grc' dir='ltr'>διὰ</span> <span class='ocrx_word' id='word_1_225' title='bbox 2928 1669 3025 1736; x_wconf 82' lang='grc' dir='ltr'>τῆς</span> <span class='ocrx_word' id='word_1_226' title='bbox 3050 1667 3345 1735; x_wconf 75' lang='grc' dir='ltr'>Αἰγύπτου,</span> <span class='ocrx_word' id='word_1_227' title='bbox 3375 1669 3568 1737; x_wconf 69' lang='grc' dir='ltr'>ἤκουσε</span> <span class='ocrx_word' id='word_1_228' title='bbox 3598 1665 3807 1716; x_wconf 82' lang='grc' dir='ltr'>παιδίου</span> <span class='ocrx_word' id='word_1_229' title='bbox 3839 1664 4089 1731; x_wconf 85' lang='grc' dir='ltr'>λέγοντος</span> 
     </span>
    </p>
   </div>
   <div class='ocr_carea' id='block_1_32' title="bbox 2523 1756 4089 1831">
    <p class='ocr_par' dir='ltr' id='par_1_32' title="bbox 2523 1756 4089 1831">
     <span class='ocr_line' id='line_1_32' title="bbox 2523 1756 4089 1831; baseline -0.004 -18"><span class='ocrx_word' id='word_1_230' title='bbox 2523 1765 2586 1831; x_wconf 80' lang='grc' dir='ltr'>τῇ</span> <span class='ocrx_word' id='word_1_231' title='bbox 2617 1761 2783 1830; x_wconf 78' lang='grc' dir='ltr'>μητρὶ</span> <span class='ocrx_word' id='word_1_232' title='bbox 2814 1759 2978 1812; x_wconf 83' lang='grc' dir='ltr'>αὑτοῦ</span> <span class='ocrx_word' id='word_1_233' title='bbox 3000 1776 3013 1788; x_wconf 85' lang='grc'>⁶</span> <span class='ocrx_word' id='word_1_234' title='bbox 3046 1761 3227 1829; x_wconf 83' lang='grc' dir='ltr'>ἀμμᾶ,</span> <span class='ocrx_word' id='word_1_235' title='bbox 3261 1758 3510 1820; x_wconf 83' lang='grc' dir='ltr'>πλούσιός</span> <span class='ocrx_word' id='word_1_236' title='bbox 3532 1775 3613 1819; x_wconf 90' lang='grc' dir='ltr'><strong>τις</strong></span> <span class='ocrx_word' id='word_1_237' title='bbox 3649 1758 3840 1825; x_wconf 78' lang='grc' dir='ltr'>ἀγαπᾷ</span> <span class='ocrx_word' id='word_1_238' title='bbox 3872 1774 3961 1825; x_wconf 87' lang='grc' dir='ltr'><strong>με,</strong></span> <span class='ocrx_word' id='word_1_239' title='bbox 3993 1756 4089 1807; x_wconf 80' lang='grc' dir='ltr'>καὶ</span> 
     </span>
    </p>
   </div>
   <div class='ocr_carea' id='block_1_33' title="bbox 850 1840 2538 1923">
    <p class='ocr_par' dir='ltr' id='par_1_33' title="bbox 850 1840 2538 1923">
     <span class='ocr_line' id='line_1_33' title="bbox 850 1840 2538 1923; baseline 0 -17"><span class='ocrx_word' id='word_1_240' title='bbox 850 1854 940 1906; x_wconf 90' lang='lat' dir='ltr'><strong>odi</strong></span> <span class='ocrx_word' id='word_1_241' title='bbox 967 1869 1121 1920; x_wconf 91' lang='lat' dir='ltr'><strong>eum;</strong></span> <span class='ocrx_word' id='word_1_242' title='bbox 1152 1870 1358 1923; x_wconf 89' lang='lat' dir='ltr'><strong>pauper</strong></span> <span class='ocrx_word' id='word_1_243' title='bbox 1391 1870 1519 1908; x_wconf 93' lang='lat' dir='ltr'><strong>vero</strong></span> <span class='ocrx_word' id='word_1_244' title='bbox 1551 1853 1666 1907; x_wconf 89' lang='lat' dir='ltr'><strong>odit</strong></span> <span class='ocrx_word' id='word_1_245' title='bbox 1696 1869 1800 1915; x_wconf 86' lang='lat' dir='ltr'><strong>me,</strong></span> <span class='ocrx_word' id='word_1_246' title='bbox 1845 1862 1900 1907; x_wconf 93' lang='lat' dir='ltr'><strong>et</strong></span> <span class='ocrx_word' id='word_1_247' title='bbox 1923 1853 2092 1922; x_wconf 81' lang='lat' dir='ltr'><strong>diligo</strong></span> <span class='ocrx_word' id='word_1_248' title='bbox 2122 1868 2265 1907; x_wconf 92' lang='lat' dir='ltr'><strong>eum.</strong></span> <span class='ocrx_word' id='word_1_249' title='bbox 2294 1852 2416 1918; x_wconf 85' lang='lat' dir='ltr'><strong>Quo</strong></span> <span class='ocrx_word' id='word_1_250' title='bbox 2452 1840 2495 1899; x_wconf 83' lang='grc' dir='ltr'><strong>Β</strong></span> <span class='ocrx_word' id='word_1_251' title='bbox 2527 1870 2538 1922; x_wconf 79' lang='grc' dir='ltr'>ι</span> 
     </span>
    </p>
   </div>
   <div class='ocr_carea' id='block_1_34' title="bbox 2394 1840 4082 1923">
    <p class='ocr_par' dir='ltr' id='par_1_34' title="bbox 2394 1840 4082 1922">
     <span class='ocr_line' id='line_1_34' title="bbox 2394 1840 4082 1922; baseline -0.006 -16"><span class='ocrx_word' id='word_1_252' title='bbox 2394 1867 2416 1906; x_wconf 71' lang='grc' dir='ltr'><strong>[ι</strong></span> <span class='ocrx_word' id='word_1_253' title='bbox 2452 1840 2495 1899; x_wconf 79' lang='grc' dir='ltr'><strong>Β</strong></span> <span class='ocrx_word' id='word_1_254' title='bbox 2527 1852 2667 1922; x_wconf 84' lang='grc' dir='ltr'>μισῶ</span> <span class='ocrx_word' id='word_1_255' title='bbox 2694 1852 2882 1904; x_wconf 79' lang='grc' dir='ltr'>αὐτόν·</span> <span class='ocrx_word' id='word_1_256' title='bbox 2916 1852 3007 1904; x_wconf 71' lang='grc' dir='ltr'>καὶ</span> <span class='ocrx_word' id='word_1_257' title='bbox 3027 1851 3239 1920; x_wconf 76' lang='grc' dir='ltr'>πτωχὸς</span> <span class='ocrx_word' id='word_1_258' title='bbox 3275 1853 3417 1920; x_wconf 86' lang='grc' dir='ltr'>μισεῖ</span> <span class='ocrx_word' id='word_1_259' title='bbox 3443 1867 3529 1918; x_wconf 88' lang='grc' dir='ltr'><strong>με,</strong></span> <span class='ocrx_word' id='word_1_260' title='bbox 3554 1849 3645 1901; x_wconf 71' lang='grc' dir='ltr'>καὶ</span> <span class='ocrx_word' id='word_1_261' title='bbox 3677 1847 3875 1914; x_wconf 83' lang='grc' dir='ltr'>ἀγαπῶ</span> <span class='ocrx_word' id='word_1_262' title='bbox 3901 1846 4082 1898; x_wconf 79' lang='grc' dir='ltr'>αὐτόν.</span> 
     </span>
    </p>
   </div>
   <div class='ocr_carea' id='block_1_35' title="bbox 851 1944 2414 2000">
    <p class='ocr_par' dir='ltr' id='par_1_35' title="bbox 851 1944 2414 2000">
     <span class='ocr_line' id='line_1_35' title="bbox 851 1944 2414 2000; baseline 0.002 -6"><span class='ocrx_word' id='word_1_263' title='bbox 851 1944 1040 1997; x_wconf 83' lang='lat' dir='ltr'><strong>audito</strong></span> <span class='ocrx_word' id='word_1_264' title='bbox 1065 1961 1314 2000; x_wconf 87' lang='lat' dir='ltr'><strong>sermone</strong></span> <span class='ocrx_word' id='word_1_265' title='bbox 1336 1944 1601 1998; x_wconf 85' lang='lat' dir='ltr'><strong>Macarius</strong></span> <span class='ocrx_word' id='word_1_266' title='bbox 1619 1944 1787 1999; x_wconf 87' lang='lat' dir='ltr'><strong>abbas</strong></span> <span class='ocrx_word' id='word_1_267' title='bbox 1820 1944 2125 1998; x_wconf 89' lang='lat' dir='ltr'><strong>admiratus</strong></span> <span class='ocrx_word' id='word_1_268' title='bbox 2144 1950 2248 1998; x_wconf 88' lang='lat' dir='ltr'><strong>est.</strong></span> <span class='ocrx_word' id='word_1_269' title='bbox 2274 1944 2414 1997; x_wconf 90' lang='lat' dir='ltr'><strong>Tum</strong></span> 
     </span>
    </p>
   </div>
   <div class='ocr_carea' id='block_1_36' title="bbox 850 2028 2416 2107">
    <p class='ocr_par' dir='ltr' id='par_1_36' title="bbox 850 2028 2416 2107">
     <span class='ocr_line' id='line_1_36' title="bbox 850 2028 2416 2107; baseline -0.001 -17"><span class='ocrx_word' id='word_1_270' title='bbox 850 2028 1052 2091; x_wconf 79' lang='lat' dir='ltr'><strong>fratres</strong></span> <span class='ocrx_word' id='word_1_271' title='bbox 1087 2056 1099 2091; x_wconf 92' lang='lat'><strong>:</strong></span> <span class='ocrx_word' id='word_1_272' title='bbox 1139 2037 1303 2101; x_wconf 88' lang='lat' dir='ltr'><strong>Quid,</strong></span> <span class='ocrx_word' id='word_1_273' title='bbox 1335 2038 1614 2107; x_wconf 87' lang='lat' dir='ltr'><strong>inquiunt,</strong></span> <span class='ocrx_word' id='word_1_274' title='bbox 1653 2037 1756 2089; x_wconf 91' lang='lat' dir='ltr'><strong>hoc</strong></span> <span class='ocrx_word' id='word_1_275' title='bbox 1780 2036 2247 2105; x_wconf 87' lang='lat' dir='ltr'><strong>verbiest,pater,</strong></span> <span class='ocrx_word' id='word_1_276' title='bbox 2269 2036 2416 2105; x_wconf 93' lang='lat' dir='ltr'><strong>quod</strong></span> 
     </span>
    </p>
   </div>
   <div class='ocr_carea' id='block_1_37' title="bbox 852 2124 2418 2195">
    <p class='ocr_par' dir='ltr' id='par_1_37' title="bbox 852 2124 2418 2195">
     <span class='ocr_line' id='line_1_37' title="bbox 852 2124 2418 2195; baseline -0.002 -15"><span class='ocrx_word' id='word_1_277' title='bbox 852 2127 1178 2180; x_wconf 85' lang='lat' dir='ltr'><strong>admireris?</strong></span> <span class='ocrx_word' id='word_1_278' title='bbox 1213 2126 1389 2181; x_wconf 81' lang='lat' dir='ltr'><strong>Senex</strong></span> <span class='ocrx_word' id='word_1_279' title='bbox 1425 2126 1705 2195; x_wconf 89' lang='lat' dir='ltr'><strong>respondit</strong></span> <span class='ocrx_word' id='word_1_280' title='bbox 1736 2145 1748 2179; x_wconf 92' lang='lat'>:</span> <span class='ocrx_word' id='word_1_281' title='bbox 1776 2124 1982 2179; x_wconf 79' lang='lat' dir='ltr'><strong>Revera</strong></span> <span class='ocrx_word' id='word_1_282' title='bbox 2024 2124 2288 2180; x_wconf 89' lang='lat' dir='ltr'><strong>Dominus</strong></span> <span class='ocrx_word' id='word_1_283' title='bbox 2319 2140 2418 2177; x_wconf 89' lang='lat' dir='ltr'><strong>no-</strong></span> 
     </span>
    </p>
   </div>
   <div class='ocr_carea' id='block_1_38' title="bbox 852 2216 2416 2286">
    <p class='ocr_par' dir='ltr' id='par_1_38' title="bbox 852 2216 2416 2286">
     <span class='ocr_line' id='line_1_38' title="bbox 852 2216 2416 2286; baseline -0.001 -14"><span class='ocrx_word' id='word_1_284' title='bbox 852 2230 964 2272; x_wconf 90' lang='lat' dir='ltr'><strong>ster</strong></span> <span class='ocrx_word' id='word_1_285' title='bbox 992 2217 1143 2271; x_wconf 87' lang='lat' dir='ltr'><strong>dives</strong></span> <span class='ocrx_word' id='word_1_286' title='bbox 1174 2225 1277 2279; x_wconf 87' lang='lat' dir='ltr'><strong>est,</strong></span> <span class='ocrx_word' id='word_1_287' title='bbox 1300 2224 1352 2269; x_wconf 91' lang='lat' dir='ltr'><strong>et</strong></span> <span class='ocrx_word' id='word_1_288' title='bbox 1388 2216 1564 2286; x_wconf 76' lang='lat' dir='ltr'><strong>diligit</strong></span> <span class='ocrx_word' id='word_1_289' title='bbox 1604 2231 1728 2279; x_wconf 91' lang='lat' dir='ltr'><strong>nos,</strong></span> <span class='ocrx_word' id='word_1_290' title='bbox 1782 2216 1887 2285; x_wconf 89' lang='lat' dir='ltr'><strong>ipsi</strong></span> <span class='ocrx_word' id='word_1_291' title='bbox 1936 2224 2117 2269; x_wconf 87' lang='lat' dir='ltr'><strong>autem</strong></span> <span class='ocrx_word' id='word_1_292' title='bbox 2158 2217 2416 2271; x_wconf 89' lang='lat' dir='ltr'><strong>nolumus</strong></span> 
     </span>
    </p>
   </div>
   <div class='ocr_carea' id='block_1_39' title="bbox 851 2308 2417 2378">
    <p class='ocr_par' dir='ltr' id='par_1_39' title="bbox 851 2308 2417 2378">
     <span class='ocr_line' id='line_1_39' title="bbox 851 2308 2417 2378; baseline -0.001 -14"><span class='ocrx_word' id='word_1_293' title='bbox 851 2314 898 2364; x_wconf 93' lang='lat' dir='ltr'><strong>ei</strong></span> <span class='ocrx_word' id='word_1_294' title='bbox 944 2310 1354 2378; x_wconf 86' lang='lat' dir='ltr'><strong>obtemperare;</strong></span> <span class='ocrx_word' id='word_1_295' title='bbox 1415 2309 1672 2362; x_wconf 87' lang='lat' dir='ltr'><strong>inimicus</strong></span> <span class='ocrx_word' id='word_1_296' title='bbox 1711 2317 1903 2361; x_wconf 92' lang='lat' dir='ltr'><strong>contra</strong></span> <span class='ocrx_word' id='word_1_297' title='bbox 1943 2316 2131 2363; x_wconf 88' lang='lat' dir='ltr'><strong>noster</strong></span> <span class='ocrx_word' id='word_1_298' title='bbox 2168 2308 2417 2363; x_wconf 89' lang='lat' dir='ltr'><strong>diabolus</strong></span> 
     </span>
    </p>
   </div>
   <div class='ocr_carea' id='block_1_40' title="bbox 853 2400 2415 2472">
    <p class='ocr_par' dir='ltr' id='par_1_40' title="bbox 853 2400 2415 2472">
     <span class='ocr_line' id='line_1_40' title="bbox 853 2400 2415 2472; baseline -0.002 -16"><span class='ocrx_word' id='word_1_299' title='bbox 853 2418 1060 2472; x_wconf 87' lang='lat' dir='ltr'><strong>pauper</strong></span> <span class='ocrx_word' id='word_1_300' title='bbox 1102 2412 1207 2463; x_wconf 88' lang='lat' dir='ltr'><strong>est,</strong></span> <span class='ocrx_word' id='word_1_301' title='bbox 1232 2402 1454 2471; x_wconf 86' lang='lat' dir='ltr'><strong>oditque</strong></span> <span class='ocrx_word' id='word_1_302' title='bbox 1485 2417 1607 2463; x_wconf 88' lang='lat' dir='ltr'><strong>nos,</strong></span> <span class='ocrx_word' id='word_1_303' title='bbox 1633 2408 1687 2454; x_wconf 91' lang='lat' dir='ltr'><strong>et</strong></span> <span class='ocrx_word' id='word_1_304' title='bbox 1718 2415 1819 2455; x_wconf 92' lang='lat' dir='ltr'><strong>nos</strong></span> <span class='ocrx_word' id='word_1_305' title='bbox 1860 2400 2139 2471; x_wconf 83' lang='lat' dir='ltr'><strong>diligimus</strong></span> <span class='ocrx_word' id='word_1_306' title='bbox 2181 2400 2415 2469; x_wconf 88' lang='lat' dir='ltr'><strong>impuri-</strong></span> 
     </span>
    </p>
   </div>
   <div class='ocr_carea' id='block_1_41' title="bbox 854 2497 1188 2564">
    <p class='ocr_par' dir='ltr' id='par_1_41' title="bbox 854 2497 1188 2564">
     <span class='ocr_line' id='line_1_41' title="bbox 854 2497 1188 2564; baseline -0.006 -13"><span class='ocrx_word' id='word_1_307' title='bbox 854 2507 1018 2551; x_wconf 87' lang='lat' dir='ltr'><strong>tatetn</strong></span> <span class='ocrx_word' id='word_1_308' title='bbox 1049 2497 1188 2564; x_wconf 84' lang='lat' dir='ltr'><strong>ejus.</strong></span> 
     </span>
    </p>
   </div>
   <div class='ocr_carea' id='block_1_42' title="bbox 928 2583 2416 2659">
    <p class='ocr_par' dir='ltr' id='par_1_42' title="bbox 928 2583 2416 2659">
     <span class='ocr_line' id='line_1_42' title="bbox 928 2583 2416 2659; baseline -0.007 -15"><span class='ocrx_word' id='word_1_309' title='bbox 928 2592 1017 2644; x_wconf 87' lang='grc'>25.</span> <span class='ocrx_word' id='word_1_310' title='bbox 1062 2588 1285 2659; x_wconf 80' lang='lat' dir='ltr'><strong>Rogaus</strong></span> <span class='ocrx_word' id='word_1_311' title='bbox 1311 2587 1549 2641; x_wconf 89' lang='lat' dir='ltr'><strong>Poemen</strong></span> <span class='ocrx_word' id='word_1_312' title='bbox 1592 2587 1760 2642; x_wconf 86' lang='lat' dir='ltr'><strong>abbas</strong></span> <span class='ocrx_word' id='word_1_313' title='bbox 1789 2584 2020 2641; x_wconf 89' lang='lat' dir='ltr'><strong>eundem</strong></span> <span class='ocrx_word' id='word_1_314' title='bbox 2065 2583 2253 2637; x_wconf 90' lang='lat' dir='ltr'><strong>multis</strong></span> <span class='ocrx_word' id='word_1_315' title='bbox 2290 2596 2416 2636; x_wconf 91' lang='lat' dir='ltr'><strong>cum</strong></span> 
     </span>
    </p>
   </div>
   <div class='ocr_carea' id='block_1_43' title="bbox 852 2673 2414 2748">
    <p class='ocr_par' dir='ltr' id='par_1_43' title="bbox 852 2673 2414 2748">
     <span class='ocr_line' id='line_1_43' title="bbox 852 2673 2414 2748; baseline -0.006 -14"><span class='ocrx_word' id='word_1_316' title='bbox 852 2682 1103 2735; x_wconf 83' lang='lat' dir='ltr'><strong>lacrimis</strong></span> <span class='ocrx_word' id='word_1_317' title='bbox 1138 2699 1149 2734; x_wconf 97' lang='lat'>:</span> <span class='ocrx_word' id='word_1_318' title='bbox 1192 2680 1287 2734; x_wconf 92' lang='lat' dir='ltr'><strong>Dic</strong></span> <span class='ocrx_word' id='word_1_319' title='bbox 1321 2680 1475 2742; x_wconf 89' lang='lat' dir='ltr'><strong>mihi,</strong></span> <span class='ocrx_word' id='word_1_320' title='bbox 1512 2679 1711 2748; x_wconf 88' lang='lat' dir='ltr'><strong>inquit,</strong></span> <span class='ocrx_word' id='word_1_321' title='bbox 1758 2677 2033 2747; x_wconf 91' lang='lat' dir='ltr'><strong>quomodo</strong></span> <span class='ocrx_word' id='word_1_322' title='bbox 2070 2676 2269 2731; x_wconf 89' lang='lat' dir='ltr'><strong>salver.</strong></span> <span class='ocrx_word' id='word_1_323' title='bbox 2316 2673 2414 2726; x_wconf 86' lang='lat' dir='ltr'><strong>Cui</strong></span> 
     </span>
    </p>
   </div>
   <div class='ocr_carea' id='block_1_44' title="bbox 853 2765 2418 2840">
    <p class='ocr_par' dir='ltr' id='par_1_44' title="bbox 853 2765 2418 2840">
     <span class='ocr_line' id='line_1_44' title="bbox 853 2765 2418 2840; baseline -0.006 -14"><span class='ocrx_word' id='word_1_324' title='bbox 853 2788 1018 2827; x_wconf 80' lang='lat' dir='ltr'><strong>senex</strong></span> <span class='ocrx_word' id='word_1_325' title='bbox 1050 2770 1333 2840; x_wconf 81' lang='lat' dir='ltr'><strong>respondit</strong></span> <span class='ocrx_word' id='word_1_326' title='bbox 1366 2790 1378 2824; x_wconf 90' lang='lat'>:</span> <span class='ocrx_word' id='word_1_327' title='bbox 1407 2770 1579 2835; x_wconf 88' lang='lat' dir='ltr'><strong>Quam</strong></span> <span class='ocrx_word' id='word_1_328' title='bbox 1620 2770 1840 2839; x_wconf 89' lang='lat' dir='ltr'><strong>quaeris</strong></span> <span class='ocrx_word' id='word_1_329' title='bbox 1886 2783 2025 2835; x_wconf 85' lang='lat' dir='ltr'><strong>rem,</strong></span> <span class='ocrx_word' id='word_1_330' title='bbox 2053 2768 2159 2822; x_wconf 89' lang='lat' dir='ltr'><strong>iam</strong></span> <span class='ocrx_word' id='word_1_331' title='bbox 2185 2765 2418 2820; x_wconf 88' lang='lat' dir='ltr'><strong>recessit</strong></span> 
     </span>
    </p>
   </div>
   <div class='ocr_carea' id='block_1_45' title="bbox 853 2864 1210 2919">
    <p class='ocr_par' dir='ltr' id='par_1_45' title="bbox 853 2864 1210 2919">
     <span class='ocr_line' id='line_1_45' title="bbox 853 2864 1210 2919; baseline -0.006 -2"><span class='ocrx_word' id='word_1_332' title='bbox 853 2880 883 2917; x_wconf 91' lang='lat' dir='ltr'><strong>a</strong></span> <span class='ocrx_word' id='word_1_333' title='bbox 907 2864 1210 2919; x_wconf 86' lang='lat' dir='ltr'><strong>monachis.</strong></span> 
     </span>
    </p>
   </div>
   <div class='ocr_carea' id='block_1_46' title="bbox 924 2952 2414 3022">
    <p class='ocr_par' dir='ltr' id='par_1_46' title="bbox 924 2952 2414 3022">
     <span class='ocr_line' id='line_1_46' title="bbox 924 2952 2414 3022; baseline -0.001 -14"><span class='ocrx_word' id='word_1_334' title='bbox 924 2956 1015 3009; x_wconf 87' lang='grc'><strong>26.</strong></span> <span class='ocrx_word' id='word_1_335' title='bbox 1060 2954 1332 3009; x_wconf 86' lang='lat' dir='ltr'><strong>Macarius</strong></span> <span class='ocrx_word' id='word_1_336' title='bbox 1376 2954 1547 3007; x_wconf 88' lang='lat' dir='ltr'><strong>abbas</strong></span> <span class='ocrx_word' id='word_1_337' title='bbox 1592 2952 1889 3022; x_wconf 90' lang='lat' dir='ltr'><strong>aliquando</strong></span> <span class='ocrx_word' id='word_1_338' title='bbox 1933 2953 2065 3007; x_wconf 89' lang='lat' dir='ltr'><strong>adiit</strong></span> <span class='ocrx_word' id='word_1_339' title='bbox 2120 2953 2414 3008; x_wconf 87' lang='lat' dir='ltr'><strong>Antonium</strong></span> 
     </span>
    </p>
   </div>
   <div class='ocr_carea' id='block_1_47' title="bbox 854 3045 2415 3113">
    <p class='ocr_par' dir='ltr' id='par_1_47' title="bbox 854 3045 2415 3113">
     <span class='ocr_line' id='line_1_47' title="bbox 854 3045 2415 3113; baseline -0.001 -12"><span class='ocrx_word' id='word_1_340' title='bbox 854 3051 1125 3103; x_wconf 87' lang='lat' dir='ltr'><strong>abbatem.</strong></span> <span class='ocrx_word' id='word_1_341' title='bbox 1153 3048 1398 3113; x_wconf 88' lang='lat' dir='ltr'><strong>Quocum</strong></span> <span class='ocrx_word' id='word_1_342' title='bbox 1430 3046 1771 3109; x_wconf 89' lang='lat' dir='ltr'><strong>collocutus,</strong></span> <span class='ocrx_word' id='word_1_343' title='bbox 1818 3060 1941 3099; x_wconf 91' lang='lat' dir='ltr'><strong>cum</strong></span> <span class='ocrx_word' id='word_1_344' title='bbox 1982 3047 2037 3099; x_wconf 93' lang='lat' dir='ltr'><strong>in</strong></span> <span class='ocrx_word' id='word_1_345' title='bbox 2078 3045 2279 3101; x_wconf 89' lang='lat' dir='ltr'><strong>Scetim</strong></span> <span class='ocrx_word' id='word_1_346' title='bbox 2326 3063 2415 3100; x_wconf 85' lang='lat' dir='ltr'><strong>re-</strong></span> 
     </span>
    </p>
   </div>
   <div class='ocr_carea' id='block_1_48' title="bbox 854 3138 2417 3207">
    <p class='ocr_par' dir='ltr' id='par_1_48' title="bbox 854 3138 2417 3207">
     <span class='ocr_line' id='line_1_48' title="bbox 854 3138 2417 3207; baseline -0.004 -10"><span class='ocrx_word' id='word_1_347' title='bbox 854 3153 1179 3207; x_wconf 81' lang='lat' dir='ltr'><strong>verteretur,</strong></span> <span class='ocrx_word' id='word_1_348' title='bbox 1207 3140 1471 3194; x_wconf 83' lang='lat' dir='ltr'><strong>fratribus</strong></span> <span class='ocrx_word' id='word_1_349' title='bbox 1500 3138 1715 3192; x_wconf 90' lang='lat' dir='ltr'><strong>obviam</strong></span> <span class='ocrx_word' id='word_1_350' title='bbox 1750 3138 2097 3192; x_wconf 86' lang='lat' dir='ltr'><strong>venientibus</strong></span> <span class='ocrx_word' id='word_1_351' title='bbox 2127 3140 2270 3193; x_wconf 90' lang='lat' dir='ltr'><strong>inter</strong></span> <span class='ocrx_word' id='word_1_352' title='bbox 2299 3154 2417 3193; x_wconf 90' lang='lat' dir='ltr'><strong>ser-</strong></span> 
     </span>
    </p>
   </div>
   <div class='ocr_carea' id='block_1_49' title="bbox 854 3229 2417 3297">
    <p class='ocr_par' dir='ltr' id='par_1_49' title="bbox 854 3229 2417 3297">
     <span class='ocr_line' id='line_1_49' title="bbox 854 3229 2417 3297; baseline -0.001 -10"><span class='ocrx_word' id='word_1_353' title='bbox 854 3233 1241 3287; x_wconf 86' lang='lat' dir='ltr'><strong>mocinandum</strong></span> <span class='ocrx_word' id='word_1_354' title='bbox 1284 3248 1296 3282; x_wconf 91' lang='lat'>:</span> <span class='ocrx_word' id='word_1_355' title='bbox 1334 3229 1592 3288; x_wconf 86' lang='lat' dir='ltr'><strong>Antonio,</strong></span> <span class='ocrx_word' id='word_1_356' title='bbox 1655 3229 1856 3297; x_wconf 87' lang='lat' dir='ltr'><strong>inquit,</strong></span> <span class='ocrx_word' id='word_1_357' title='bbox 1907 3229 2091 3283; x_wconf 89' lang='lat' dir='ltr'><strong>abbati</strong></span> <span class='ocrx_word' id='word_1_358' title='bbox 2132 3230 2267 3294; x_wconf 89' lang='lat' dir='ltr'><strong>dixi,</strong></span> <span class='ocrx_word' id='word_1_359' title='bbox 2316 3246 2417 3285; x_wconf 90' lang='lat' dir='ltr'><strong>nos</strong></span> 
     </span>
    </p>
   </div>
   <div class='ocr_carea' id='block_1_50' title="bbox 852 3316 2419 3384">
    <p class='ocr_par' dir='ltr' id='par_1_50' title="bbox 852 3316 2419 3384">
     <span class='ocr_line' id='line_1_50' title="bbox 852 3316 2419 3384; baseline -0.003 -7"><span class='ocrx_word' id='word_1_360' title='bbox 852 3339 962 3377; x_wconf 81' lang='lat' dir='ltr'><strong>non</strong></span> <span class='ocrx_word' id='word_1_361' title='bbox 1003 3322 1205 3376; x_wconf 91' lang='lat' dir='ltr'><strong>habere</strong></span> <span class='ocrx_word' id='word_1_362' title='bbox 1233 3321 1288 3373; x_wconf 92' lang='lat' dir='ltr'><strong>in</strong></span> <span class='ocrx_word' id='word_1_363' title='bbox 1316 3319 1437 3373; x_wconf 90' lang='lat' dir='ltr'><strong>loco</strong></span> <span class='ocrx_word' id='word_1_364' title='bbox 1471 3325 1663 3373; x_wconf 91' lang='lat' dir='ltr'><strong>nostro</strong></span> <span class='ocrx_word' id='word_1_365' title='bbox 1691 3318 2045 3371; x_wconf 91' lang='lat' dir='ltr'><strong>oblationem.</strong></span> <span class='ocrx_word' id='word_1_366' title='bbox 2085 3316 2191 3373; x_wconf 91' lang='lat' dir='ltr'><strong>Sed</strong></span> <span class='ocrx_word' id='word_1_367' title='bbox 2234 3326 2419 3384; x_wconf 85' lang='lat' dir='ltr'><strong>patres</strong></span> 
     </span>
    </p>
   </div>
   <div class='ocr_carea' id='block_1_51' title="bbox 851 3409 2422 3478">
    <p class='ocr_par' dir='ltr' id='par_1_51' title="bbox 851 3409 2422 3478">
     <span class='ocr_line' id='line_1_51' title="bbox 851 3409 2422 3478; baseline -0.003 -11"><span class='ocrx_word' id='word_1_368' title='bbox 851 3415 979 3467; x_wconf 89' lang='lat' dir='ltr'><strong>aliis</strong></span> <span class='ocrx_word' id='word_1_369' title='bbox 1013 3413 1081 3466; x_wconf 93' lang='lat' dir='ltr'><strong>de</strong></span> <span class='ocrx_word' id='word_1_370' title='bbox 1128 3412 1291 3465; x_wconf 90' lang='lat' dir='ltr'><strong>rebus</strong></span> <span class='ocrx_word' id='word_1_371' title='bbox 1340 3409 1613 3463; x_wconf 89' lang='lat' dir='ltr'><strong>disserere</strong></span> <span class='ocrx_word' id='word_1_372' title='bbox 1655 3415 1972 3476; x_wconf 85' lang='lat' dir='ltr'><strong>coeperunt,</strong></span> <span class='ocrx_word' id='word_1_373' title='bbox 2020 3423 2121 3462; x_wconf 89' lang='lat' dir='ltr'><strong>nec</strong></span> <span class='ocrx_word' id='word_1_374' title='bbox 2168 3410 2422 3478; x_wconf 90' lang='lat' dir='ltr'><strong>quaesie-</strong></span> 
     </span>
    </p>
   </div>
   <div class='ocr_carea' id='block_1_52' title="bbox 852 3501 2420 3571">
    <p class='ocr_par' dir='ltr' id='par_1_52' title="bbox 852 3501 2420 3571">
     <span class='ocr_line' id='line_1_52' title="bbox 852 3501 2420 3571; baseline -0.002 -13"><span class='ocrx_word' id='word_1_375' title='bbox 852 3514 981 3559; x_wconf 93' lang='lat' dir='ltr'><strong>runt</strong></span> <span class='ocrx_word' id='word_1_376' title='bbox 1011 3503 1242 3571; x_wconf 89' lang='lat' dir='ltr'><strong>amplius</strong></span> <span class='ocrx_word' id='word_1_377' title='bbox 1279 3501 1492 3556; x_wconf 90' lang='lat' dir='ltr'><strong>discere</strong></span> <span class='ocrx_word' id='word_1_378' title='bbox 1525 3516 1850 3570; x_wconf 88' lang='lat' dir='ltr'><strong>responsum</strong></span> <span class='ocrx_word' id='word_1_379' title='bbox 1888 3502 2059 3562; x_wconf 90' lang='lat' dir='ltr'><strong>senis,</strong></span> <span class='ocrx_word' id='word_1_380' title='bbox 2084 3516 2263 3570; x_wconf 92' lang='lat' dir='ltr'><strong>neque</strong></span> <span class='ocrx_word' id='word_1_381' title='bbox 2303 3502 2420 3570; x_wconf 89' lang='lat' dir='ltr'><strong>ipse</strong></span> 
     </span>
    </p>
   </div>
   <div class='ocr_carea' id='block_1_53' title="bbox 852 3590 2417 3662">
    <p class='ocr_par' dir='ltr' id='par_1_53' title="bbox 852 3590 2417 3662">
     <span class='ocr_line' id='line_1_53' title="bbox 852 3590 2417 3662; baseline -0.001 -16"><span class='ocrx_word' id='word_1_382' title='bbox 852 3595 1167 3662; x_wconf 80' lang='lat' dir='ltr'><strong>prolocutus</strong></span> <span class='ocrx_word' id='word_1_383' title='bbox 1219 3599 1323 3645; x_wconf 91' lang='lat' dir='ltr'><strong>est.</strong></span> <span class='ocrx_word' id='word_1_384' title='bbox 1383 3590 1495 3644; x_wconf 84' lang='lat' dir='ltr'><strong>Hoc</strong></span> <span class='ocrx_word' id='word_1_385' title='bbox 1551 3591 1717 3660; x_wconf 83' lang='lat' dir='ltr'><strong>igitur</strong></span> <span class='ocrx_word' id='word_1_386' title='bbox 1763 3590 1986 3658; x_wconf 89' lang='lat' dir='ltr'><strong>quidam</strong></span> <span class='ocrx_word' id='word_1_387' title='bbox 2036 3605 2101 3643; x_wconf 87' lang='lat' dir='ltr'><strong>ex</strong></span> <span class='ocrx_word' id='word_1_388' title='bbox 2169 3590 2417 3658; x_wconf 90' lang='lat' dir='ltr'><strong>patribus</strong></span> 
     </span>
    </p>
   </div>
   <div class='ocr_carea' id='block_1_54' title="bbox 850 3681 2413 3751">
    <p class='ocr_par' dir='ltr' id='par_1_54' title="bbox 850 3681 2413 3751">
     <span class='ocr_line' id='line_1_54' title="bbox 850 3681 2413 3751; baseline -0.003 -13"><span class='ocrx_word' id='word_1_389' title='bbox 850 3687 987 3738; x_wconf 88' lang='lat' dir='ltr'><strong>dixit</strong></span> <span class='ocrx_word' id='word_1_390' title='bbox 1025 3703 1036 3737; x_wconf 95' lang='lat'><strong>:</strong></span> <span class='ocrx_word' id='word_1_391' title='bbox 1078 3683 1134 3737; x_wconf 91' lang='lat' dir='ltr'><strong>Si</strong></span> <span class='ocrx_word' id='word_1_392' title='bbox 1170 3684 1406 3737; x_wconf 89' lang='lat' dir='ltr'><strong>viderint</strong></span> <span class='ocrx_word' id='word_1_393' title='bbox 1438 3692 1691 3751; x_wconf 82' lang='lat' dir='ltr'><strong>patres,e</strong></span> <span class='ocrx_word' id='word_1_394' title='bbox 1723 3681 1953 3735; x_wconf 87' lang='lat' dir='ltr'><strong>fratrum</strong></span> <span class='ocrx_word' id='word_1_395' title='bbox 1980 3682 2242 3735; x_wconf 89' lang='lat' dir='ltr'><strong>memoria</strong></span> <span class='ocrx_word' id='word_1_396' title='bbox 2261 3682 2413 3735; x_wconf 61' lang='lat' dir='ltr'><strong>excio</strong></span> 
     </span>
    </p>
   </div>
   <div class='ocr_carea' id='block_1_55' title="bbox 851 3772 2418 3841">
    <p class='ocr_par' dir='ltr' id='par_1_55' title="bbox 851 3772 2418 3841">
     <span class='ocr_line' id='line_1_55' title="bbox 851 3772 2418 3841; baseline -0.001 -12"><span class='ocrx_word' id='word_1_397' title='bbox 851 3778 1002 3840; x_wconf 86' lang='lat' dir='ltr'><strong>dere,</strong></span> <span class='ocrx_word' id='word_1_398' title='bbox 1060 3782 1119 3829; x_wconf 91' lang='lat' dir='ltr'><strong>ut</strong></span> <span class='ocrx_word' id='word_1_399' title='bbox 1166 3777 1231 3829; x_wconf 92' lang='lat' dir='ltr'><strong>de</strong></span> <span class='ocrx_word' id='word_1_400' title='bbox 1277 3789 1336 3829; x_wconf 90' lang='lat' dir='ltr'><strong>re</strong></span> <span class='ocrx_word' id='word_1_401' title='bbox 1400 3775 1468 3827; x_wconf 90' lang='lat' dir='ltr'><strong>iis</strong></span> <span class='ocrx_word' id='word_1_402' title='bbox 1518 3774 1635 3826; x_wconf 92' lang='lat' dir='ltr'><strong>utili</strong></span> <span class='ocrx_word' id='word_1_403' title='bbox 1678 3772 2038 3840; x_wconf 80' lang='lat' dir='ltr'><strong>interrogent,</strong></span> <span class='ocrx_word' id='word_1_404' title='bbox 2084 3772 2312 3841; x_wconf 88' lang='lat' dir='ltr'><strong>adigunt</strong></span> <span class='ocrx_word' id='word_1_405' title='bbox 2360 3787 2418 3827; x_wconf 89' lang='lat' dir='ltr'><strong>se</strong></span> 
     </span>
    </p>
   </div>
   <div class='ocr_carea' id='block_1_56' title="bbox 851 3863 2416 3939">
    <p class='ocr_par' dir='ltr' id='par_1_56' title="bbox 851 3863 2416 3939">
     <span class='ocr_line' id='line_1_56' title="bbox 851 3863 2416 3939; baseline -0.004 -15"><span class='ocrx_word' id='word_1_406' title='bbox 851 3873 1023 3939; x_wconf 89' lang='lat' dir='ltr'><strong>ipsos,</strong></span> <span class='ocrx_word' id='word_1_407' title='bbox 1063 3876 1122 3922; x_wconf 91' lang='lat' dir='ltr'><strong>ut</strong></span> <span class='ocrx_word' id='word_1_408' title='bbox 1150 3868 1481 3938; x_wconf 90' lang='lat' dir='ltr'><strong>principium</strong></span> <span class='ocrx_word' id='word_1_409' title='bbox 1518 3866 1789 3921; x_wconf 90' lang='lat' dir='ltr'><strong>sermonis</strong></span> <span class='ocrx_word' id='word_1_410' title='bbox 1822 3863 2138 3934; x_wconf 88' lang='lat' dir='ltr'><strong>proferant;</strong></span> <span class='ocrx_word' id='word_1_411' title='bbox 2181 3864 2327 3933; x_wconf 91' lang='lat' dir='ltr'><strong>quod</strong></span> <span class='ocrx_word' id='word_1_412' title='bbox 2369 3866 2416 3920; x_wconf 89' lang='lat' dir='ltr'><strong>si</strong></span> 
     </span>
    </p>
   </div>
   <div class='ocr_carea' id='block_1_57' title="bbox 851 3959 2417 4029">
    <p class='ocr_par' dir='ltr' id='par_1_57' title="bbox 851 3959 2417 4029">
     <span class='ocr_line' id='line_1_57' title="bbox 851 3959 2417 4029; baseline -0.003 -15"><span class='ocrx_word' id='word_1_413' title='bbox 851 3977 978 4017; x_wconf 76' lang='lat' dir='ltr'><strong>vero</strong></span> <span class='ocrx_word' id='word_1_414' title='bbox 1000 3977 1029 4015; x_wconf 93' lang='lat' dir='ltr'><strong>a</strong></span> <span class='ocrx_word' id='word_1_415' title='bbox 1062 3962 1321 4015; x_wconf 88' lang='lat' dir='ltr'><strong>fratribus</strong></span> <span class='ocrx_word' id='word_1_416' title='bbox 1342 3974 1449 4013; x_wconf 85' lang='lat' dir='ltr'><strong>non</strong></span> <span class='ocrx_word' id='word_1_417' title='bbox 1484 3959 1789 4029; x_wconf 88' lang='lat' dir='ltr'><strong>adigantur,</strong></span> <span class='ocrx_word' id='word_1_418' title='bbox 1816 3972 2127 4012; x_wconf 88' lang='lat' dir='ltr'><strong>sermonem</strong></span> <span class='ocrx_word' id='word_1_419' title='bbox 2165 3972 2275 4011; x_wconf 90' lang='lat' dir='ltr'><strong>non</strong></span> <span class='ocrx_word' id='word_1_420' title='bbox 2292 3972 2417 4025; x_wconf 88' lang='lat' dir='ltr'><strong>per-</strong></span> 
     </span>
    </p>
   </div>
   <div class='ocr_carea' id='block_1_58' title="bbox 852 4050 2417 4122">
    <p class='ocr_par' dir='ltr' id='par_1_58' title="bbox 852 4050 2417 4122">
     <span class='ocr_line' id='line_1_58' title="bbox 852 4050 2417 4122; baseline -0.003 -15"><span class='ocrx_word' id='word_1_421' title='bbox 852 4061 1180 4122; x_wconf 87' lang='lat' dir='ltr'><strong>sequuntur,</strong></span> <span class='ocrx_word' id='word_1_422' title='bbox 1213 4061 1271 4105; x_wconf 91' lang='lat' dir='ltr'><strong>ut</strong></span> <span class='ocrx_word' id='word_1_423' title='bbox 1308 4067 1379 4106; x_wconf 92' lang='lat' dir='ltr'><strong>ne</strong></span> <span class='ocrx_word' id='word_1_424' title='bbox 1403 4051 1880 4120; x_wconf 91' lang='lat' dir='ltr'><strong>deprehendantur</strong></span> <span class='ocrx_word' id='word_1_425' title='bbox 1912 4050 2076 4103; x_wconf 92' lang='lat' dir='ltr'><strong>locuti</strong></span> <span class='ocrx_word' id='word_1_426' title='bbox 2106 4064 2214 4104; x_wconf 91' lang='lat' dir='ltr'><strong>non</strong></span> <span class='ocrx_word' id='word_1_427' title='bbox 2248 4051 2417 4104; x_wconf 89' lang='lat' dir='ltr'><strong>inter-</strong></span> 
     </span>
    </p>
   </div>
   <div class='ocr_carea' id='block_1_59' title="bbox 852 4143 2099 4216">
    <p class='ocr_par' dir='ltr' id='par_1_59' title="bbox 852 4143 2099 4216">
     <span class='ocr_line' id='line_1_59' title="bbox 852 4143 2099 4216; baseline -0.003 -17"><span class='ocrx_word' id='word_1_428' title='bbox 852 4144 1049 4216; x_wconf 83' lang='lat' dir='ltr'><strong>rogati,</strong></span> <span class='ocrx_word' id='word_1_429' title='bbox 1096 4146 1458 4213; x_wconf 85' lang='lat' dir='ltr'><strong>videaturque</strong></span> <span class='ocrx_word' id='word_1_430' title='bbox 1490 4143 1707 4213; x_wconf 91' lang='lat' dir='ltr'><strong>loquela</strong></span> <span class='ocrx_word' id='word_1_431' title='bbox 1744 4144 1921 4196; x_wconf 84' lang='lat' dir='ltr'><strong>otiosa</strong></span> <span class='ocrx_word' id='word_1_432' title='bbox 1958 4156 2099 4196; x_wconf 90' lang='lat' dir='ltr'><strong>esse.</strong></span> 
     </span>
    </p>
   </div>
   <div class='ocr_carea' id='block_1_60' title="bbox 917 4336 2414 4408">
    <p class='ocr_par' dir='ltr' id='par_1_60' title="bbox 917 4336 2414 4408">
     <span class='ocr_line' id='line_1_60' title="bbox 917 4336 2414 4408; baseline -0.005 -13"><span class='ocrx_word' id='word_1_433' title='bbox 917 4342 1008 4395; x_wconf 85' lang='grc'><strong>27.</strong></span> <span class='ocrx_word' id='word_1_434' title='bbox 1055 4340 1242 4395; x_wconf 84' lang='lat' dir='ltr'><strong>Esaias</strong></span> <span class='ocrx_word' id='word_1_435' title='bbox 1288 4340 1457 4395; x_wconf 88' lang='lat' dir='ltr'><strong>abbas</strong></span> <span class='ocrx_word' id='word_1_436' title='bbox 1507 4340 1852 4408; x_wconf 87' lang='lat' dir='ltr'><strong>interrogans</strong></span> <span class='ocrx_word' id='word_1_437' title='bbox 1903 4337 2199 4391; x_wconf 89' lang='lat' dir='ltr'><strong>Macarium</strong></span> <span class='ocrx_word' id='word_1_438' title='bbox 2248 4336 2414 4389; x_wconf 88' lang='lat' dir='ltr'><strong>abba--</strong></span> 
     </span>
    </p>
   </div>
   <div class='ocr_carea' id='block_1_61' title="bbox 850 4428 2411 4499">
    <p class='ocr_par' dir='ltr' id='par_1_61' title="bbox 850 4428 2411 4499">
     <span class='ocr_line' id='line_1_61' title="bbox 850 4428 2411 4499; baseline -0.004 -13"><span class='ocrx_word' id='word_1_439' title='bbox 850 4446 957 4488; x_wconf 88' lang='lat' dir='ltr'><strong>tem</strong></span> <span class='ocrx_word' id='word_1_440' title='bbox 992 4451 1005 4488; x_wconf 94' lang='lat'>:</span> <span class='ocrx_word' id='word_1_441' title='bbox 1038 4432 1230 4487; x_wconf 82' lang='lat' dir='ltr'><strong>Profer</strong></span> <span class='ocrx_word' id='word_1_442' title='bbox 1278 4432 1431 4496; x_wconf 91' lang='lat' dir='ltr'><strong>mihi,</strong></span> <span class='ocrx_word' id='word_1_443' title='bbox 1478 4431 1680 4499; x_wconf 90' lang='lat' dir='ltr'><strong>inquit,</strong></span> <span class='ocrx_word' id='word_1_444' title='bbox 1719 4432 2063 4484; x_wconf 91' lang='lat' dir='ltr'><strong>sententiam.</strong></span> <span class='ocrx_word' id='word_1_445' title='bbox 2108 4428 2207 4483; x_wconf 89' lang='lat' dir='ltr'><strong>Cui</strong></span> <span class='ocrx_word' id='word_1_446' title='bbox 2246 4443 2411 4482; x_wconf 85' lang='lat' dir='ltr'><strong>senex</strong></span> 
     </span>
    </p>
   </div>
   <div class='ocr_carea' id='block_1_62' title="bbox 848 4522 1194 4593">
    <p class='ocr_par' dir='ltr' id='par_1_62' title="bbox 848 4522 1194 4593">
     <span class='ocr_line' id='line_1_62' title="bbox 848 4522 1194 4593; baseline -0.003 -18"><span class='ocrx_word' id='word_1_447' title='bbox 848 4522 1132 4593; x_wconf 88' lang='lat' dir='ltr'><strong>respondit</strong></span> <span class='ocrx_word' id='word_1_448' title='bbox 1182 4540 1194 4575; x_wconf 89' lang='lat'>:</span> 
     </span>
    </p>
   </div>
   <div class='ocr_carea' id='block_1_63' title="bbox 848 4607 2408 4681">
    <p class='ocr_par' dir='ltr' id='par_1_63' title="bbox 848 4607 2408 4681">
     <span class='ocr_line' id='line_1_63' title="bbox 848 4607 2408 4681; baseline -0.003 -13"><span class='ocrx_word' id='word_1_449' title='bbox 848 4622 951 4679; x_wconf 78' lang='lat' dir='ltr'><strong>est,</strong></span> <span class='ocrx_word' id='word_1_450' title='bbox 988 4613 1184 4681; x_wconf 88' lang='lat' dir='ltr'><strong>inquit,</strong></span> <span class='ocrx_word' id='word_1_451' title='bbox 1212 4611 1400 4680; x_wconf 83' lang='lat' dir='ltr'><strong>fugere</strong></span> <span class='ocrx_word' id='word_1_452' title='bbox 1428 4610 1713 4666; x_wconf 87' lang='lat' dir='ltr'><strong>homines?</strong></span> <span class='ocrx_word' id='word_1_453' title='bbox 1744 4609 2045 4680; x_wconf 82' lang='lat' dir='ltr'><strong>Respondit</strong></span> <span class='ocrx_word' id='word_1_454' title='bbox 2069 4625 2233 4664; x_wconf 85' lang='lat' dir='ltr'><strong>senex</strong></span> <span class='ocrx_word' id='word_1_455' title='bbox 2268 4628 2281 4663; x_wconf 90' lang='lat'>:</span> <span class='ocrx_word' id='word_1_456' title='bbox 2309 4607 2408 4663; x_wconf 89' lang='lat' dir='ltr'><strong>Se-</strong></span> 
     </span>
    </p>
   </div>
   <div class='ocr_carea' id='block_1_64' title="bbox 848 4703 2075 4772">
    <p class='ocr_par' dir='ltr' id='par_1_64' title="bbox 848 4703 2075 4772">
     <span class='ocr_line' id='line_1_64' title="bbox 848 4703 2075 4772; baseline -0.002 -15"><span class='ocrx_word' id='word_1_457' title='bbox 848 4705 974 4759; x_wconf 88' lang='lat' dir='ltr'><strong>dere</strong></span> <span class='ocrx_word' id='word_1_458' title='bbox 1001 4706 1054 4757; x_wconf 91' lang='lat' dir='ltr'><strong>in</strong></span> <span class='ocrx_word' id='word_1_459' title='bbox 1086 4704 1219 4757; x_wconf 91' lang='lat' dir='ltr'><strong>cella</strong></span> <span class='ocrx_word' id='word_1_460' title='bbox 1249 4711 1340 4756; x_wconf 89' lang='lat' dir='ltr'><strong>tua</strong></span> <span class='ocrx_word' id='word_1_461' title='bbox 1384 4710 1439 4757; x_wconf 89' lang='lat' dir='ltr'><strong>et</strong></span> <span class='ocrx_word' id='word_1_462' title='bbox 1467 4703 1665 4758; x_wconf 78' lang='lat' dir='ltr'><strong>deflere</strong></span> <span class='ocrx_word' id='word_1_463' title='bbox 1700 4712 1925 4772; x_wconf 86' lang='lat' dir='ltr'><strong>peccata</strong></span> <span class='ocrx_word' id='word_1_464' title='bbox 1960 4711 2075 4755; x_wconf 90' lang='lat' dir='ltr'><strong>tua.</strong></span> 
     </span>
    </p>
   </div>
   <div class='ocr_carea' id='block_1_65' title="bbox 917 4812 2411 4882">
    <p class='ocr_par' dir='ltr' id='par_1_65' title="bbox 917 4812 2411 4882">
     <span class='ocr_line' id='line_1_65' title="bbox 917 4812 2411 4882; baseline 0 -16"><span class='ocrx_word' id='word_1_465' title='bbox 917 4813 1006 4867; x_wconf 86' lang='grc'>28.</span> <span class='ocrx_word' id='word_1_466' title='bbox 1044 4813 1383 4882; x_wconf 84' lang='lat' dir='ltr'><strong>Paphnutius</strong></span> <span class='ocrx_word' id='word_1_467' title='bbox 1412 4816 1600 4879; x_wconf 88' lang='lat' dir='ltr'><strong>abbas,</strong></span> <span class='ocrx_word' id='word_1_468' title='bbox 1639 4815 1858 4869; x_wconf 80' lang='lat' dir='ltr'><strong>Macarii</strong></span> <span class='ocrx_word' id='word_1_469' title='bbox 1909 4815 2122 4869; x_wconf 89' lang='lat' dir='ltr'><strong>abbatis</strong></span> <span class='ocrx_word' id='word_1_470' title='bbox 2166 4812 2411 4882; x_wconf 89' lang='lat' dir='ltr'><strong>discipu-</strong></span> 
     </span>
    </p>
   </div>
   <div class='ocr_carea' id='block_1_66' title="bbox 850 4905 2409 4976">
    <p class='ocr_par' dir='ltr' id='par_1_66' title="bbox 850 4905 2409 4976">
     <span class='ocr_line' id='line_1_66' title="bbox 850 4905 2409 4976; baseline 0 -19"><span class='ocrx_word' id='word_1_471' title='bbox 850 4907 954 4966; x_wconf 89' lang='lat' dir='ltr'><strong>lus,</strong></span> <span class='ocrx_word' id='word_1_472' title='bbox 981 4906 1083 4958; x_wconf 91' lang='lat' dir='ltr'><strong>hoc</strong></span> <span class='ocrx_word' id='word_1_473' title='bbox 1106 4907 1322 4958; x_wconf 85' lang='lat' dir='ltr'><strong>retulit:</strong></span> <span class='ocrx_word' id='word_1_474' title='bbox 1348 4905 1551 4976; x_wconf 85' lang='lat' dir='ltr'><strong>Rogavi</strong></span> <span class='ocrx_word' id='word_1_475' title='bbox 1574 4942 1589 4965; x_wconf 86' lang='lat'><strong>,</strong></span> <span class='ocrx_word' id='word_1_476' title='bbox 1624 4908 1823 4975; x_wconf 90' lang='lat' dir='ltr'><strong>inquit,</strong></span> <span class='ocrx_word' id='word_1_477' title='bbox 1861 4912 2070 4976; x_wconf 88' lang='lat' dir='ltr'><strong>patrem</strong></span> <span class='ocrx_word' id='word_1_478' title='bbox 2114 4920 2313 4967; x_wconf 90' lang='lat' dir='ltr'><strong>meum,</strong></span> <span class='ocrx_word' id='word_1_479' title='bbox 2350 4912 2409 4958; x_wconf 86' lang='lat' dir='ltr'><strong>ut</strong></span> 
     </span>
    </p>
   </div>
   <div class='ocr_carea' id='block_1_67' title="bbox 850 4996 2406 5065">
    <p class='ocr_par' dir='ltr' id='par_1_67' title="bbox 850 4996 2406 5065">
     <span class='ocr_line' id='line_1_67' title="bbox 850 4996 2406 5065; baseline 0.001 -18"><span class='ocrx_word' id='word_1_480' title='bbox 850 4997 981 5048; x_wconf 91' lang='lat' dir='ltr'><strong>mihi</strong></span> <span class='ocrx_word' id='word_1_481' title='bbox 1006 4996 1211 5050; x_wconf 89' lang='lat' dir='ltr'><strong>diceret</strong></span> <span class='ocrx_word' id='word_1_482' title='bbox 1247 4998 1495 5051; x_wconf 84' lang='lat' dir='ltr'><strong>verbum.</strong></span> <span class='ocrx_word' id='word_1_483' title='bbox 1530 4998 1580 5052; x_wconf 92' lang='lat' dir='ltr'><strong>Is</strong></span> <span class='ocrx_word' id='word_1_484' title='bbox 1612 5008 1791 5053; x_wconf 89' lang='lat' dir='ltr'><strong>autem</strong></span> <span class='ocrx_word' id='word_1_485' title='bbox 1822 5018 1833 5052; x_wconf 90' lang='lat'>:</span> <span class='ocrx_word' id='word_1_486' title='bbox 1863 4997 2165 5053; x_wconf 86' lang='lat' dir='ltr'><strong>Neminem.</strong></span> <span class='ocrx_word' id='word_1_487' title='bbox 2204 4996 2406 5065; x_wconf 89' lang='lat' dir='ltr'><strong>inquit,</strong></span> 
     </span>
    </p>
   </div>
   <div class='ocr_carea' id='block_1_68' title="bbox 849 5086 2405 5157">
    <p class='ocr_par' dir='ltr' id='par_1_68' title="bbox 849 5086 2405 5157">
     <span class='ocr_line' id='line_1_68' title="bbox 849 5086 2405 5157; baseline -0.001 -17"><span class='ocrx_word' id='word_1_488' title='bbox 849 5086 1097 5148; x_wconf 82' lang='lat' dir='ltr'><strong>laeseris,</strong></span> <span class='ocrx_word' id='word_1_489' title='bbox 1132 5101 1233 5139; x_wconf 88' lang='lat' dir='ltr'><strong>nec</strong></span> <span class='ocrx_word' id='word_1_490' title='bbox 1266 5102 1592 5157; x_wconf 90' lang='lat' dir='ltr'><strong>quemquam</strong></span> <span class='ocrx_word' id='word_1_491' title='bbox 1625 5088 2101 5143; x_wconf 88' lang='lat' dir='ltr'><strong>condemnavcris.</strong></span> <span class='ocrx_word' id='word_1_492' title='bbox 2138 5086 2283 5140; x_wconf 84' lang='lat' dir='ltr'><strong>llaec</strong></span> <span class='ocrx_word' id='word_1_493' title='bbox 2304 5086 2405 5139; x_wconf 90' lang='lat' dir='ltr'><strong>ob-</strong></span> 
     </span>
    </p>
   </div>
   <div class='ocr_carea' id='block_1_69' title="bbox 852 5178 1458 5233">
    <p class='ocr_par' dir='ltr' id='par_1_69' title="bbox 852 5178 1458 5233">
     <span class='ocr_line' id='line_1_69' title="bbox 852 5178 1458 5233; baseline 0.005 -2"><span class='ocrx_word' id='word_1_494' title='bbox 852 5192 1009 5231; x_wconf 89' lang='lat' dir='ltr'><strong>serva</strong></span> <span class='ocrx_word' id='word_1_495' title='bbox 1046 5186 1099 5229; x_wconf 91' lang='lat' dir='ltr'><strong>et</strong></span> <span class='ocrx_word' id='word_1_496' title='bbox 1140 5178 1458 5233; x_wconf 90' lang='lat' dir='ltr'><strong>salvaberis.</strong></span> 
     </span>
    </p>
   </div>
   <div class='ocr_carea' id='block_1_70' title="bbox 923 5267 2401 5324">
    <p class='ocr_par' dir='ltr' id='par_1_70' title="bbox 923 5267 2401 5324">
     <span class='ocr_line' id='line_1_70' title="bbox 923 5267 2401 5324; baseline -0.001 -4"><span class='ocrx_word' id='word_1_497' title='bbox 923 5267 1011 5320; x_wconf 78' lang='grc'><strong>29.</strong></span> <span class='ocrx_word' id='word_1_498' title='bbox 1052 5267 1319 5321; x_wconf 81' lang='lat' dir='ltr'><strong>Macarius</strong></span> <span class='ocrx_word' id='word_1_499' title='bbox 1348 5270 1516 5324; x_wconf 89' lang='lat' dir='ltr'><strong>abbas</strong></span> <span class='ocrx_word' id='word_1_500' title='bbox 1547 5270 1720 5323; x_wconf 85' lang='lat' dir='ltr'><strong>dixit:</strong></span> <span class='ocrx_word' id='word_1_501' title='bbox 1753 5270 1873 5323; x_wconf 91' lang='lat' dir='ltr'><strong>Noli</strong></span> <span class='ocrx_word' id='word_1_502' title='bbox 1912 5268 2150 5323; x_wconf 90' lang='lat' dir='ltr'><strong>dormire</strong></span> <span class='ocrx_word' id='word_1_503' title='bbox 2178 5270 2233 5321; x_wconf 91' lang='lat' dir='ltr'><strong>in</strong></span> <span class='ocrx_word' id='word_1_504' title='bbox 2267 5268 2401 5322; x_wconf 92' lang='lat' dir='ltr'><strong>cella</strong></span> 
     </span>
    </p>
   </div>
   <div class='ocr_carea' id='block_1_71' title="bbox 856 5358 1820 5431">
    <p class='ocr_par' dir='ltr' id='par_1_71' title="bbox 856 5358 1820 5431">
     <span class='ocr_line' id='line_1_71' title="bbox 856 5358 1820 5431; baseline 0.003 -20"><span class='ocrx_word' id='word_1_505' title='bbox 856 5358 1057 5424; x_wconf 86' lang='lat' dir='ltr'><strong>fratris,</strong></span> <span class='ocrx_word' id='word_1_506' title='bbox 1088 5375 1247 5414; x_wconf 84' lang='lat' dir='ltr'><strong>ouem</strong></span> <span class='ocrx_word' id='word_1_507' title='bbox 1284 5360 1424 5414; x_wconf 90' lang='lat' dir='ltr'><strong>mala</strong></span> <span class='ocrx_word' id='word_1_508' title='bbox 1466 5361 1608 5415; x_wconf 88' lang='lat' dir='ltr'><strong>fama</strong></span> <span class='ocrx_word' id='word_1_509' title='bbox 1645 5362 1820 5431; x_wconf 88' lang='lat' dir='ltr'><strong>petiit.</strong></span> 
     </span>
    </p>
   </div>
   <div class='ocr_carea' id='block_1_72' title="bbox 2524 1936 4089 2009">
    <p class='ocr_par' dir='ltr' id='par_1_72' title="bbox 2524 1936 4089 2009">
     <span class='ocr_line' id='line_1_72' title="bbox 2524 1936 4089 2009; baseline -0.006 -12"><span class='ocrx_word' id='word_1_510' title='bbox 2524 1945 2615 1997; x_wconf 71' lang='grc' dir='ltr'>καὶ</span> <span class='ocrx_word' id='word_1_511' title='bbox 2643 1943 2878 2004; x_wconf 87' lang='grc' dir='ltr'>ἀκούσας</span> <span class='ocrx_word' id='word_1_512' title='bbox 2897 1945 2925 1995; x_wconf 92' lang='lat'><strong>6</strong></span> <span class='ocrx_word' id='word_1_513' title='bbox 2950 1941 3122 2005; x_wconf 73' lang='lat'><em>6666;</em></span> <span class='ocrx_word' id='word_1_514' title='bbox 3144 1942 3427 2009; x_wconf 78' lang='grc' dir='ltr'><strong>Μακάριος</strong></span> <span class='ocrx_word' id='word_1_515' title='bbox 3454 1940 3748 2006; x_wconf 71' lang='grc' dir='ltr'>ἐθαύμασε.</span> <span class='ocrx_word' id='word_1_516' title='bbox 3777 1936 3870 1990; x_wconf 76' lang='grc' dir='ltr'>καὶ</span> <span class='ocrx_word' id='word_1_517' title='bbox 3902 1936 4089 2003; x_wconf 80' lang='grc' dir='ltr'>λέγου-</span> 
     </span>
    </p>
   </div>
   <div class='ocr_carea' id='block_1_73' title="bbox 2525 2030 4084 2106">
    <p class='ocr_par' dir='ltr' id='par_1_73' title="bbox 2525 2030 4084 2106">
     <span class='ocr_line' id='line_1_73' title="bbox 2525 2030 4084 2106; baseline -0.006 -17"><span class='ocrx_word' id='word_1_518' title='bbox 2525 2054 2608 2089; x_wconf 77' lang='grc' dir='ltr'><strong>σιν</strong></span> <span class='ocrx_word' id='word_1_519' title='bbox 2641 2036 2786 2106; x_wconf 83' lang='grc' dir='ltr'>αὐτῷ</span> <span class='ocrx_word' id='word_1_520' title='bbox 2813 2037 2862 2087; x_wconf 77' lang='lat' dir='ltr'><strong>oi.</strong></span> <span class='ocrx_word' id='word_1_521' title='bbox 2894 2034 3144 2103; x_wconf 87' lang='grc' dir='ltr'>ἀδελφοί·</span> <span class='ocrx_word' id='word_1_522' title='bbox 3177 2034 3229 2086; x_wconf 83' lang='grc' dir='ltr'><strong>τί</strong></span> <span class='ocrx_word' id='word_1_523' title='bbox 3261 2036 3375 2085; x_wconf 76' lang='grc' dir='ltr'>ἐστι</span> <span class='ocrx_word' id='word_1_524' title='bbox 3404 2033 3463 2084; x_wconf 84' lang='lat'><strong>16</strong></span> <span class='ocrx_word' id='word_1_525' title='bbox 3503 2032 3653 2102; x_wconf 76' lang='grc' dir='ltr'>ῥῆμα</span> <span class='ocrx_word' id='word_1_526' title='bbox 3678 2030 3853 2092; x_wconf 88' lang='grc' dir='ltr'>τοῦτο,</span> <span class='ocrx_word' id='word_1_527' title='bbox 3885 2030 4084 2099; x_wconf 86' lang='grc' dir='ltr'>πάτερ,</span> 
     </span>
    </p>
   </div>
   <div class='ocr_carea' id='block_1_74' title="bbox 2520 2120 4083 2197">
    <p class='ocr_par' dir='ltr' id='par_1_74' title="bbox 2520 2120 4083 2197">
     <span class='ocr_line' id='line_1_74' title="bbox 2520 2120 4083 2197; baseline -0.007 -16"><span class='ocrx_word' id='word_1_528' title='bbox 2520 2130 2601 2181; x_wconf 83' lang='grc' dir='ltr'>ὅτι</span> <span class='ocrx_word' id='word_1_529' title='bbox 2657 2127 3004 2197; x_wconf 81' lang='grc' dir='ltr'>ὲθαύμασας;</span> <span class='ocrx_word' id='word_1_530' title='bbox 3038 2125 3199 2194; x_wconf 78' lang='grc'><strong>256</strong></span> <span class='ocrx_word' id='word_1_531' title='bbox 3246 2125 3337 2177; x_wconf 73' lang='grc' dir='ltr'><strong>καὶ</strong></span> <span class='ocrx_word' id='word_1_532' title='bbox 3379 2124 3525 2191; x_wconf 80' lang='grc' dir='ltr'>λέγει</span> <span class='ocrx_word' id='word_1_533' title='bbox 3570 2123 3752 2185; x_wconf 84' lang='grc' dir='ltr'>αὐτοῖς</span> <span class='ocrx_word' id='word_1_534' title='bbox 3794 2122 3822 2173; x_wconf 88' lang='lat'><strong>6</strong></span> <span class='ocrx_word' id='word_1_535' title='bbox 3871 2120 4083 2189; x_wconf 60' lang='grc' dir='ltr'>γέρων</span> 
     </span>
    </p>
   </div>
   <div class='ocr_carea' id='block_1_75' title="bbox 2521 2213 4090 2289">
    <p class='ocr_par' dir='ltr' id='par_1_75' title="bbox 2521 2213 4090 2289">
     <span class='ocr_line' id='line_1_75' title="bbox 2521 2213 4090 2289; baseline -0.006 -17"><span class='ocrx_word' id='word_1_536' title='bbox 2521 2219 2735 2289; x_wconf 88' lang='grc' dir='ltr'>ἀληθῶς</span> <span class='ocrx_word' id='word_1_537' title='bbox 2768 2221 2796 2271; x_wconf 93' lang='grc' dir='ltr'>ὀ</span> <span class='ocrx_word' id='word_1_538' title='bbox 2846 2217 3030 2287; x_wconf 89' lang='grc' dir='ltr'>κύριος</span> <span class='ocrx_word' id='word_1_539' title='bbox 3080 2217 3236 2287; x_wconf 81' lang='grc' dir='ltr'>ἡμῶν</span> <span class='ocrx_word' id='word_1_540' title='bbox 3289 2216 3539 2278; x_wconf 82' lang='grc' dir='ltr'>πλούσιός</span> <span class='ocrx_word' id='word_1_541' title='bbox 3580 2216 3694 2266; x_wconf 80' lang='grc' dir='ltr'>ἐστι</span> <span class='ocrx_word' id='word_1_542' title='bbox 3743 2214 3839 2265; x_wconf 67' lang='grc' dir='ltr'>καὶ</span> <span class='ocrx_word' id='word_1_543' title='bbox 3898 2213 4090 2280; x_wconf 73' lang='grc' dir='ltr'>ἀγαπᾷ</span> 
     </span>
    </p>
   </div>
   <div class='ocr_carea' id='block_1_76' title="bbox 2522 2302 4088 2382">
    <p class='ocr_par' dir='ltr' id='par_1_76' title="bbox 2522 2302 4088 2382">
     <span class='ocr_line' id='line_1_76' title="bbox 2522 2302 4088 2382; baseline -0.008 -17"><span class='ocrx_word' id='word_1_544' title='bbox 2522 2314 2687 2382; x_wconf 81' lang='grc' dir='ltr'>ἡμᾶς,</span> <span class='ocrx_word' id='word_1_545' title='bbox 2728 2312 2822 2363; x_wconf 74' lang='grc' dir='ltr'><strong>καὶ</strong></span> <span class='ocrx_word' id='word_1_546' title='bbox 2848 2312 2909 2363; x_wconf 86' lang='grc' dir='ltr'><strong>οὐ</strong></span> <span class='ocrx_word' id='word_1_547' title='bbox 2959 2309 3182 2380; x_wconf 84' lang='grc' dir='ltr'>θέλομεν</span> <span class='ocrx_word' id='word_1_548' title='bbox 3215 2307 3378 2360; x_wconf 79' lang='grc' dir='ltr'>αὐτοῦ</span> <span class='ocrx_word' id='word_1_549' title='bbox 3419 2306 3683 2360; x_wconf 87' lang='grc' dir='ltr'>ἀκοῦσαι·</span> <span class='ocrx_word' id='word_1_550' title='bbox 3718 2305 3746 2355; x_wconf 90' lang='lat'><strong>6</strong></span> <span class='ocrx_word' id='word_1_551' title='bbox 3786 2304 3846 2357; x_wconf 72' lang='grc' dir='ltr'><strong>,δὲ</strong></span> <span class='ocrx_word' id='word_1_552' title='bbox 3894 2302 4088 2372; x_wconf 77' lang='grc' dir='ltr'>ἐχθρὸς</span> 
     </span>
    </p>
   </div>
   <div class='ocr_carea' id='block_1_77' title="bbox 2522 2396 4088 2473">
    <p class='ocr_par' dir='ltr' id='par_1_77' title="bbox 2522 2396 4088 2473">
     <span class='ocr_line' id='line_1_77' title="bbox 2522 2396 4088 2473; baseline -0.007 -17"><span class='ocrx_word' id='word_1_553' title='bbox 2522 2402 2677 2473; x_wconf 81' lang='grc' dir='ltr'>ἡμῶν</span> <span class='ocrx_word' id='word_1_554' title='bbox 2699 2402 2937 2463; x_wconf 79' lang='grc' dir='ltr'>διάϐολος</span> <span class='ocrx_word' id='word_1_555' title='bbox 2965 2400 3175 2469; x_wconf 85' lang='grc' dir='ltr'>πτωχός</span> <span class='ocrx_word' id='word_1_556' title='bbox 3204 2402 3319 2451; x_wconf 79' lang='grc' dir='ltr'>ἐστι</span> <span class='ocrx_word' id='word_1_557' title='bbox 3351 2399 3443 2451; x_wconf 83' lang='grc' dir='ltr'><strong>καὶ</strong></span> <span class='ocrx_word' id='word_1_558' title='bbox 3472 2400 3618 2467; x_wconf 85' lang='grc' dir='ltr'>μισεῖ</span> <span class='ocrx_word' id='word_1_559' title='bbox 3642 2397 3805 2467; x_wconf 79' lang='grc' dir='ltr'>ἡμᾶς,</span> <span class='ocrx_word' id='word_1_560' title='bbox 3829 2397 3922 2447; x_wconf 80' lang='grc' dir='ltr'><strong>καὶ</strong></span> <span class='ocrx_word' id='word_1_561' title='bbox 3948 2396 4088 2462; x_wconf 85' lang='grc' dir='ltr'>ἁγα-</span> 
     </span>
    </p>
   </div>
   <div class='ocr_carea' id='block_1_78' title="bbox 2523 2490 3416 2563">
    <p class='ocr_par' dir='ltr' id='par_1_78' title="bbox 2523 2490 3416 2563">
     <span class='ocr_line' id='line_1_78' title="bbox 2523 2490 3416 2563; baseline -0.004 -16"><span class='ocrx_word' id='word_1_562' title='bbox 2523 2495 2710 2563; x_wconf 87' lang='grc' dir='ltr'>πῶμεν</span> <span class='ocrx_word' id='word_1_563' title='bbox 2742 2492 2902 2545; x_wconf 81' lang='grc' dir='ltr'>αὑτοῦ</span> <span class='ocrx_word' id='word_1_564' title='bbox 2935 2492 3033 2561; x_wconf 86' lang='grc' dir='ltr'><strong>τὴν</strong></span> <span class='ocrx_word' id='word_1_565' title='bbox 3059 2490 3416 2560; x_wconf 83' lang='grc' dir='ltr'>ἀκαθαρσίαν.</span> 
     </span>
    </p>
   </div>
   <div class='ocr_carea' id='block_1_79' title="bbox 2590 2577 4089 2655">
    <p class='ocr_par' dir='ltr' id='par_1_79' title="bbox 2590 2577 4089 2655">
     <span class='ocr_line' id='line_1_79' title="bbox 2590 2577 4089 2655; baseline -0.008 -15"><span class='ocrx_word' id='word_1_566' title='bbox 2590 2587 2680 2640; x_wconf 84' lang='grc'>25.</span> <span class='ocrx_word' id='word_1_567' title='bbox 2734 2584 3109 2655; x_wconf 88' lang='grc' dir='ltr'>Παρεκάλεσεν</span> <span class='ocrx_word' id='word_1_568' title='bbox 3154 2586 3183 2635; x_wconf 88' lang='lat'><strong>6</strong></span> <span class='ocrx_word' id='word_1_569' title='bbox 3238 2583 3410 2643; x_wconf 74' lang='lat'><em>6665.;</em></span> <span class='ocrx_word' id='word_1_570' title='bbox 3458 2580 3668 2650; x_wconf 78' lang='grc' dir='ltr'>Ποιμὴν</span> <span class='ocrx_word' id='word_1_571' title='bbox 3722 2579 3885 2633; x_wconf 73' lang='grc' dir='ltr'>αὐτὸν</span> <span class='ocrx_word' id='word_1_572' title='bbox 3946 2577 4089 2646; x_wconf 85' lang='grc' dir='ltr'>μετά</span> 
     </span>
    </p>
   </div>
   <div class='ocr_carea' id='block_1_80' title="bbox 2524 2668 4087 2747">
    <p class='ocr_par' dir='ltr' id='par_1_80' title="bbox 2524 2668 4087 2747">
     <span class='ocr_line' id='line_1_80' title="bbox 2524 2668 4087 2747; baseline -0.006 -18"><span class='ocrx_word' id='word_1_573' title='bbox 2524 2670 2733 2731; x_wconf 77' lang='grc' dir='ltr'>πολλῶν</span> <span class='ocrx_word' id='word_1_574' title='bbox 2766 2676 3013 2747; x_wconf 80' lang='grc' dir='ltr'>δακρύων</span> <span class='ocrx_word' id='word_1_575' title='bbox 3036 2675 3209 2742; x_wconf 85' lang='grc' dir='ltr'>λέγων</span> <span class='ocrx_word' id='word_1_576' title='bbox 3231 2692 3245 2704; x_wconf 89' lang='grc'><strong>·</strong></span> <span class='ocrx_word' id='word_1_577' title='bbox 3290 2672 3410 2726; x_wconf 80' lang='grc' dir='ltr'>εἰπέ</span> <span class='ocrx_word' id='word_1_578' title='bbox 3455 2690 3542 2742; x_wconf 86' lang='grc' dir='ltr'>μοι</span> <span class='ocrx_word' id='word_1_579' title='bbox 3576 2672 3725 2742; x_wconf 73' lang='grc' dir='ltr'><strong>ῥῆμα</strong></span> <span class='ocrx_word' id='word_1_580' title='bbox 3756 2670 3869 2729; x_wconf 84' lang='grc' dir='ltr'><strong>πῶς</strong></span> <span class='ocrx_word' id='word_1_581' title='bbox 3905 2668 4087 2722; x_wconf 89' lang='grc' dir='ltr'>σωθῶ.</span> 
     </span>
    </p>
   </div>
   <div class='ocr_carea' id='block_1_81' title="bbox 2522 2753 4084 2832">
    <p class='ocr_par' dir='ltr' id='par_1_81' title="bbox 2522 2753 4084 2832">
     <span class='ocr_line' id='line_1_81' title="bbox 2522 2753 4084 2832; baseline -0.004 -17"><span class='ocrx_word' id='word_1_582' title='bbox 2522 2761 2840 2832; x_wconf 77' lang='grc' dir='ltr'>ἀποκριθεὶς</span> <span class='ocrx_word' id='word_1_583' title='bbox 2880 2760 2938 2812; x_wconf 82' lang='grc' dir='ltr'>δὲ</span> <span class='ocrx_word' id='word_1_584' title='bbox 2968 2762 2995 2813; x_wconf 90' lang='lat'><strong>6</strong></span> <span class='ocrx_word' id='word_1_585' title='bbox 3039 2760 3215 2828; x_wconf 83' lang='grc' dir='ltr'>γέρων</span> <span class='ocrx_word' id='word_1_586' title='bbox 3249 2753 3402 2810; x_wconf 79' lang='grc' dir='ltr'>εἶπεν</span> <span class='ocrx_word' id='word_1_587' title='bbox 3451 2757 3634 2826; x_wconf 79' lang='grc' dir='ltr'>αὐτῷ’</span> <span class='ocrx_word' id='word_1_588' title='bbox 3686 2756 3745 2807; x_wconf 90' lang='lat'><strong>16</strong></span> <span class='ocrx_word' id='word_1_589' title='bbox 3798 2756 4084 2824; x_wconf 82' lang='grc' dir='ltr'>πρᾶγμαό</span> 
     </span>
    </p>
   </div>
   <div class='ocr_carea' id='block_1_82' title="bbox 2523 2846 3662 2924">
    <p class='ocr_par' dir='ltr' id='par_1_82' title="bbox 2523 2846 3662 2924">
     <span class='ocr_line' id='line_1_82' title="bbox 2523 2846 3662 2924; baseline -0.008 -17"><span class='ocrx_word' id='word_1_590' title='bbox 2523 2853 2723 2924; x_wconf 80' lang='grc' dir='ltr'>ζητεῖς,</span> <span class='ocrx_word' id='word_1_591' title='bbox 2759 2852 2965 2921; x_wconf 80' lang='grc' dir='ltr'>ἀπῆλθε</span> <span class='ocrx_word' id='word_1_592' title='bbox 2996 2851 3091 2905; x_wconf 89' lang='grc' dir='ltr'><strong>νῦν</strong></span> <span class='ocrx_word' id='word_1_593' title='bbox 3122 2850 3229 2903; x_wconf 82' lang='grc' dir='ltr'><strong>ἀπὸ</strong></span> <span class='ocrx_word' id='word_1_594' title='bbox 3261 2850 3368 2902; x_wconf 91' lang='grc' dir='ltr'><strong>τῶν</strong></span> <span class='ocrx_word' id='word_1_595' title='bbox 3394 2846 3662 2918; x_wconf 83' lang='grc' dir='ltr'>μοναχῶν.</span> 
     </span>
    </p>
   </div>
   <div class='ocr_carea' id='block_1_83' title="bbox 2592 2933 4089 3013">
    <p class='ocr_par' dir='ltr' id='par_1_83' title="bbox 2592 2933 4089 3013">
     <span class='ocr_line' id='line_1_83' title="bbox 2592 2933 4089 3013; baseline -0.007 -18"><span class='ocrx_word' id='word_1_596' title='bbox 2592 2943 2680 2997; x_wconf 84' lang='grc'>26.</span> <span class='ocrx_word' id='word_1_597' title='bbox 2726 2942 3010 3013; x_wconf 81' lang='grc' dir='ltr'>Παρέὸαλέ</span> <span class='ocrx_word' id='word_1_598' title='bbox 3062 2959 3191 2993; x_wconf 89' lang='grc' dir='ltr'>ποτε</span> <span class='ocrx_word' id='word_1_599' title='bbox 3228 2944 3257 2993; x_wconf 93' lang='grc' dir='ltr'>ὁ</span> <span class='ocrx_word' id='word_1_600' title='bbox 3303 2939 3475 3001; x_wconf 78' lang='grc' dir='ltr'><strong>ἀόὅᾶς</strong></span> <span class='ocrx_word' id='word_1_601' title='bbox 3506 2937 3789 3007; x_wconf 85' lang='grc' dir='ltr'>Μακάριος</span> <span class='ocrx_word' id='word_1_602' title='bbox 3815 2934 3893 3004; x_wconf 83' lang='grc' dir='ltr'><strong>τῷ</strong></span> <span class='ocrx_word' id='word_1_603' title='bbox 3942 2933 4089 3002; x_wconf 77' lang='grc' dir='ltr'>ἀ66ᾷ</span> 
     </span>
    </p>
   </div>
   <div class='ocr_carea' id='block_1_84' title="bbox 2536 3026 4086 3102">
    <p class='ocr_par' dir='ltr' id='par_1_84' title="bbox 2536 3026 4086 3102">
     <span class='ocr_line' id='line_1_84' title="bbox 2536 3026 4086 3102; baseline -0.006 -15"><span class='ocrx_word' id='word_1_604' title='bbox 2536 3034 2799 3102; x_wconf 83' lang='grc' dir='ltr'><strong>Ἀντωνίῳ</strong></span> <span class='ocrx_word' id='word_1_605' title='bbox 2818 3051 2831 3064; x_wconf 90' lang='grc'><strong>·</strong></span> <span class='ocrx_word' id='word_1_606' title='bbox 2869 3034 2962 3085; x_wconf 66' lang='grc' dir='ltr'><strong>καὶ⁵</strong></span> <span class='ocrx_word' id='word_1_607' title='bbox 2990 3032 3227 3101; x_wconf 84' lang='grc' dir='ltr'>λαλήσας</span> <span class='ocrx_word' id='word_1_608' title='bbox 3256 3030 3403 3098; x_wconf 83' lang='grc' dir='ltr'>αὑτῷ</span> <span class='ocrx_word' id='word_1_609' title='bbox 3461 3028 3797 3098; x_wconf 74' lang='grc' dir='ltr'>ὑπέστρεψεν</span> <span class='ocrx_word' id='word_1_610' title='bbox 3830 3028 3911 3088; x_wconf 83' lang='grc' dir='ltr'><strong>είς</strong></span> <span class='ocrx_word' id='word_1_611' title='bbox 3940 3026 4086 3094; x_wconf 84' lang='grc' dir='ltr'>Σκῆ-</span> 
     </span>
    </p>
   </div>
   <div class='ocr_carea' id='block_1_85' title="bbox 2521 3116 4087 3193">
    <p class='ocr_par' dir='ltr' id='par_1_85' title="bbox 2521 3116 4087 3193">
     <span class='ocr_line' id='line_1_85' title="bbox 2521 3116 4087 3193; baseline -0.006 -15"><span class='ocrx_word' id='word_1_612' title='bbox 2521 3142 2605 3178; x_wconf 87' lang='grc' dir='ltr'><strong>τιν</strong></span> <span class='ocrx_word' id='word_1_613' title='bbox 2627 3140 2639 3154; x_wconf 80' lang='grc'><strong><em>⁸</em></strong></span> <span class='ocrx_word' id='word_1_614' title='bbox 2684 3123 2774 3176; x_wconf 73' lang='grc' dir='ltr'><strong>καὶ</strong></span> <span class='ocrx_word' id='word_1_615' title='bbox 2807 3118 2967 3193; x_wconf 81' lang='grc' dir='ltr'>ἦλθον</span> <span class='ocrx_word' id='word_1_616' title='bbox 3006 3124 3054 3175; x_wconf 81' lang='grc' dir='ltr'>οἱ</span> <span class='ocrx_word' id='word_1_617' title='bbox 3079 3122 3311 3192; x_wconf 81' lang='grc' dir='ltr'>πατέρες</span> <span class='ocrx_word' id='word_1_618' title='bbox 3334 3124 3415 3184; x_wconf 87' lang='grc' dir='ltr'><strong>είς</strong></span> <span class='ocrx_word' id='word_1_619' title='bbox 3443 3120 3746 3189; x_wconf 85' lang='grc' dir='ltr'>ἀπάντησιν</span> <span class='ocrx_word' id='word_1_620' title='bbox 3769 3116 3931 3171; x_wconf 77' lang='grc' dir='ltr'>αὑτοῦ</span> <span class='ocrx_word' id='word_1_621' title='bbox 3954 3135 3968 3147; x_wconf 92' lang='grc'><strong>·</strong></span> <span class='ocrx_word' id='word_1_622' title='bbox 3993 3117 4087 3169; x_wconf 75' lang='grc' dir='ltr'><strong>καὶ</strong></span> 
     </span>
    </p>
   </div>
   <div class='ocr_carea' id='block_1_86' title="bbox 2519 3208 4087 3281">
    <p class='ocr_par' dir='ltr' id='par_1_86' title="bbox 2519 3208 4087 3281">
     <span class='ocr_line' id='line_1_86' title="bbox 2519 3208 4087 3281; baseline -0.005 -13"><span class='ocrx_word' id='word_1_623' title='bbox 2519 3217 2595 3278; x_wconf 87' lang='grc' dir='ltr'>ὡς</span> <span class='ocrx_word' id='word_1_624' title='bbox 2638 3215 2879 3278; x_wconf 77' lang='grc' dir='ltr'>ἐλάλουν,</span> <span class='ocrx_word' id='word_1_625' title='bbox 2930 3211 3078 3266; x_wconf 76' lang='grc' dir='ltr'>εἶπεν</span> <span class='ocrx_word' id='word_1_626' title='bbox 3108 3214 3291 3275; x_wconf 85' lang='grc' dir='ltr'>αὐτοῖς</span> <span class='ocrx_word' id='word_1_627' title='bbox 3342 3214 3370 3263; x_wconf 88' lang='lat'><strong>6</strong></span> <span class='ocrx_word' id='word_1_628' title='bbox 3417 3212 3625 3281; x_wconf 85' lang='grc' dir='ltr'>γέρων·</span> <span class='ocrx_word' id='word_1_629' title='bbox 3664 3210 3798 3279; x_wconf 77' lang='grc' dir='ltr'>ἔφην</span> <span class='ocrx_word' id='word_1_630' title='bbox 3834 3208 3913 3279; x_wconf 80' lang='grc' dir='ltr'>τῷ</span> <span class='ocrx_word' id='word_1_631' title='bbox 3941 3209 4087 3278; x_wconf 79' lang='grc' dir='ltr'><strong>άόδᾷ</strong></span> 
     </span>
    </p>
   </div>
   <div class='ocr_carea' id='block_1_87' title="bbox 2530 3299 4088 3376">
    <p class='ocr_par' dir='ltr' id='par_1_87' title="bbox 2530 3299 4088 3376">
     <span class='ocr_line' id='line_1_87' title="bbox 2530 3299 4088 3376; baseline -0.006 -16"><span class='ocrx_word' id='word_1_632' title='bbox 2530 3306 2816 3376; x_wconf 82' lang='grc' dir='ltr'>Ἀντωνίῳ,</span> <span class='ocrx_word' id='word_1_633' title='bbox 2871 3305 2947 3367; x_wconf 85' lang='grc' dir='ltr'><strong>ὡς</strong></span> <span class='ocrx_word' id='word_1_634' title='bbox 2979 3306 3078 3357; x_wconf 82' lang='grc' dir='ltr'><strong>οὐκ</strong></span> <span class='ocrx_word' id='word_1_635' title='bbox 3115 3304 3307 3373; x_wconf 75' lang='grc' dir='ltr'>ἔχομεν</span> <span class='ocrx_word' id='word_1_636' title='bbox 3354 3300 3668 3372; x_wconf 82' lang='grc' dir='ltr'>προσφορὰν</span> <span class='ocrx_word' id='word_1_637' title='bbox 3714 3302 3770 3352; x_wconf 85' lang='grc' dir='ltr'>ὲν</span> <span class='ocrx_word' id='word_1_638' title='bbox 3820 3299 3895 3369; x_wconf 85' lang='grc' dir='ltr'>τῷ</span> <span class='ocrx_word' id='word_1_639' title='bbox 3934 3300 4088 3368; x_wconf 84' lang='grc' dir='ltr'>τόπῳ</span> 
     </span>
    </p>
   </div>
   <div class='ocr_carea' id='block_1_88' title="bbox 2519 3391 4084 3468">
    <p class='ocr_par' dir='ltr' id='par_1_88' title="bbox 2519 3391 4084 3468">
     <span class='ocr_line' id='line_1_88' title="bbox 2519 3391 4084 3468; baseline -0.005 -18"><span class='ocrx_word' id='word_1_640' title='bbox 2519 3397 2698 3468; x_wconf 76' lang='grc' dir='ltr'>ἡμῶν.</span> <span class='ocrx_word' id='word_1_641' title='bbox 2735 3397 2828 3449; x_wconf 73' lang='grc' dir='ltr'><strong>καὶ</strong></span> <span class='ocrx_word' id='word_1_642' title='bbox 2871 3396 3105 3468; x_wconf 78' lang='grc' dir='ltr'>ἤρξαντο</span> <span class='ocrx_word' id='word_1_643' title='bbox 3137 3396 3186 3446; x_wconf 85' lang='grc' dir='ltr'><strong>οἰ</strong></span> <span class='ocrx_word' id='word_1_644' title='bbox 3226 3394 3457 3464; x_wconf 83' lang='grc' dir='ltr'>πατέρες</span> <span class='ocrx_word' id='word_1_645' title='bbox 3488 3392 3663 3444; x_wconf 86' lang='grc' dir='ltr'>λαλεῖν</span> <span class='ocrx_word' id='word_1_646' title='bbox 3710 3392 3835 3460; x_wconf 80' lang='grc' dir='ltr'>περὶ</span> <span class='ocrx_word' id='word_1_647' title='bbox 3887 3391 4084 3451; x_wconf 82' lang='grc' dir='ltr'>ἄλλων,</span> 
     </span>
    </p>
   </div>
   <div class='ocr_carea' id='block_1_89' title="bbox 2519 3483 4086 3559">
    <p class='ocr_par' dir='ltr' id='par_1_89' title="bbox 2519 3483 4086 3559">
     <span class='ocr_line' id='line_1_89' title="bbox 2519 3483 4086 3559; baseline -0.006 -16"><span class='ocrx_word' id='word_1_648' title='bbox 2519 3492 2613 3543; x_wconf 58' lang='grc' dir='ltr'><strong>καὶ¹</strong></span> <span class='ocrx_word' id='word_1_649' title='bbox 2644 3492 2744 3542; x_wconf 86' lang='grc' dir='ltr'><strong>οὐκ</strong></span> <span class='ocrx_word' id='word_1_650' title='bbox 2787 3487 3076 3559; x_wconf 74' lang='grc' dir='ltr'>ἠρώτησαν</span> <span class='ocrx_word' id='word_1_651' title='bbox 3109 3486 3188 3538; x_wconf 77' lang='grc' dir='ltr'><strong>ἐτι</strong></span> <span class='ocrx_word' id='word_1_652' title='bbox 3223 3487 3414 3555; x_wconf 86' lang='grc' dir='ltr'>μαθεῖν</span> <span class='ocrx_word' id='word_1_653' title='bbox 3459 3485 3557 3555; x_wconf 83' lang='grc' dir='ltr'>τὴν</span> <span class='ocrx_word' id='word_1_654' title='bbox 3598 3483 3884 3553; x_wconf 86' lang='grc' dir='ltr'>ἀπόκρισιν</span> <span class='ocrx_word' id='word_1_655' title='bbox 3935 3483 4086 3551; x_wconf 82' lang='grc' dir='ltr'><strong>παρά</strong></span> 
     </span>
    </p>
   </div>
   <div class='ocr_carea' id='block_1_90' title="bbox 2517 3570 4085 3651">
    <p class='ocr_par' dir='ltr' id='par_1_90' title="bbox 2517 3570 4085 3651">
     <span class='ocr_line' id='line_1_90' title="bbox 2517 3570 4085 3651; baseline -0.006 -17"><span class='ocrx_word' id='word_1_656' title='bbox 2517 3582 2611 3634; x_wconf 88' lang='grc' dir='ltr'><strong>τοῦ</strong></span> <span class='ocrx_word' id='word_1_657' title='bbox 2661 3580 2933 3651; x_wconf 84' lang='grc' dir='ltr'>γέροντος,</span> <span class='ocrx_word' id='word_1_658' title='bbox 2968 3577 3089 3631; x_wconf 70' lang='grc' dir='ltr'>οὔτε</span> <span class='ocrx_word' id='word_1_659' title='bbox 3122 3580 3151 3628; x_wconf 89' lang='lat'><strong>6</strong></span> <span class='ocrx_word' id='word_1_660' title='bbox 3194 3577 3371 3647; x_wconf 88' lang='grc' dir='ltr'>γέρων</span> <span class='ocrx_word' id='word_1_661' title='bbox 3406 3577 3587 3637; x_wconf 83' lang='grc' dir='ltr'>αὐτοῖς</span> <span class='ocrx_word' id='word_1_662' title='bbox 3615 3572 3754 3627; x_wconf 75' lang='grc' dir='ltr'>εἶπε.</span> <span class='ocrx_word' id='word_1_663' title='bbox 3792 3574 3950 3626; x_wconf 85' lang='grc' dir='ltr'>τοῦτο</span> <span class='ocrx_word' id='word_1_664' title='bbox 3994 3570 4085 3626; x_wconf 78' lang='grc' dir='ltr'><strong>οὖν</strong></span> 
     </span>
    </p>
   </div>
   <div class='ocr_carea' id='block_1_91' title="bbox 2517 3665 4088 3739">
    <p class='ocr_par' dir='ltr' id='par_1_91' title="bbox 2517 3665 4088 3739">
     <span class='ocr_line' id='line_1_91' title="bbox 2517 3665 4088 3739; baseline -0.003 -14"><span class='ocrx_word' id='word_1_665' title='bbox 2517 3671 2670 3739; x_wconf 79' lang='grc' dir='ltr'>ἔλεγέ</span> <span class='ocrx_word' id='word_1_666' title='bbox 2700 3689 2784 3733; x_wconf 90' lang='grc' dir='ltr'><strong>τις</strong></span> <span class='ocrx_word' id='word_1_667' title='bbox 2815 3671 2922 3722; x_wconf 89' lang='grc' dir='ltr'><strong>τῶν</strong></span> <span class='ocrx_word' id='word_1_668' title='bbox 2952 3670 3223 3738; x_wconf 82' lang='grc' dir='ltr'>πατέρων,</span> <span class='ocrx_word' id='word_1_669' title='bbox 3261 3669 3343 3720; x_wconf 84' lang='grc' dir='ltr'>ὅτι</span> <span class='ocrx_word' id='word_1_670' title='bbox 3389 3667 3483 3719; x_wconf 79' lang='grc' dir='ltr'>ὲάν</span> <span class='ocrx_word' id='word_1_671' title='bbox 3528 3668 3708 3718; x_wconf 82' lang='grc' dir='ltr'>ἴδωσιν</span> <span class='ocrx_word' id='word_1_672' title='bbox 3748 3667 3797 3716; x_wconf 85' lang='grc' dir='ltr'>οἱ</span> <span class='ocrx_word' id='word_1_673' title='bbox 3848 3665 4088 3735; x_wconf 78' lang='grc' dir='ltr'>πατέρες</span> 
     </span>
    </p>
   </div>
   <div class='ocr_carea' id='block_1_92' title="bbox 2516 3754 4081 3825">
    <p class='ocr_par' dir='ltr' id='par_1_92' title="bbox 2516 3754 4081 3825">
     <span class='ocr_line' id='line_1_92' title="bbox 2516 3754 4081 3825; baseline -0.008 -9"><span class='ocrx_word' id='word_1_674' title='bbox 2516 3765 2598 3816; x_wconf 87' lang='grc' dir='ltr'>ὅτι</span> <span class='ocrx_word' id='word_1_675' title='bbox 2631 3760 2882 3814; x_wconf 88' lang='grc' dir='ltr'>λανθάνει</span> <span class='ocrx_word' id='word_1_676' title='bbox 2926 3760 3049 3821; x_wconf 81' lang='grc' dir='ltr'>τοὺς</span> <span class='ocrx_word' id='word_1_677' title='bbox 3099 3757 3361 3823; x_wconf 86' lang='grc' dir='ltr'>ἀδελφοὺς</span> <span class='ocrx_word' id='word_1_678' title='bbox 3396 3756 3555 3825; x_wconf 79' lang='grc'>257</span> <span class='ocrx_word' id='word_1_679' title='bbox 3622 3756 3683 3807; x_wconf 84' lang='grc' dir='ltr'>τὸ</span> <span class='ocrx_word' id='word_1_680' title='bbox 3732 3755 3778 3790; x_wconf 75' lang='grc'><strong>’⁵</strong></span> <span class='ocrx_word' id='word_1_681' title='bbox 3808 3754 4081 3824; x_wconf 73' lang='grc' dir='ltr'>ἐρωτῆσαι</span> 
     </span>
    </p>
   </div>
   <div class='ocr_carea' id='block_1_93' title="bbox 2517 3844 4085 3925">
    <p class='ocr_par' dir='ltr' id='par_1_93' title="bbox 2517 3844 4085 3925">
     <span class='ocr_line' id='line_1_93' title="bbox 2517 3844 4085 3925; baseline -0.008 -18"><span class='ocrx_word' id='word_1_682' title='bbox 2517 3855 2645 3925; x_wconf 73' lang='grc' dir='ltr'>περὶ</span> <span class='ocrx_word' id='word_1_683' title='bbox 2693 3853 3014 3921; x_wconf 85' lang='grc' dir='ltr'>πράγματος</span> <span class='ocrx_word' id='word_1_684' title='bbox 3063 3848 3395 3917; x_wconf 82' lang='grc' dir='ltr'>ὠφελοῦντος</span> <span class='ocrx_word' id='word_1_685' title='bbox 3430 3846 3645 3909; x_wconf 85' lang='grc' dir='ltr'>αὐτούς,</span> <span class='ocrx_word' id='word_1_686' title='bbox 3685 3844 4085 3912; x_wconf 77' lang='grc' dir='ltr'>ἀναγκάζουσιν</span> 
     </span>
    </p>
   </div>
   <div class='ocr_carea' id='block_1_94' title="bbox 2517 3935 4086 4009">
    <p class='ocr_par' dir='ltr' id='par_1_94' title="bbox 2517 3935 4086 4009">
     <span class='ocr_line' id='line_1_94' title="bbox 2517 3935 4086 4009; baseline -0.007 -11"><span class='ocrx_word' id='word_1_687' title='bbox 2517 3944 2742 4005; x_wconf 78' lang='grc' dir='ltr'>ἑαυτοὺς</span> <span class='ocrx_word' id='word_1_688' title='bbox 2764 3945 2937 3995; x_wconf 74' lang='grc' dir='ltr'>εἰπεῖν</span> <span class='ocrx_word' id='word_1_689' title='bbox 2972 3939 3144 4009; x_wconf 85' lang='grc' dir='ltr'>ἀρχὴν</span> <span class='ocrx_word' id='word_1_690' title='bbox 3174 3939 3266 3991; x_wconf 86' lang='grc' dir='ltr'><strong>τοῦ</strong></span> <span class='ocrx_word' id='word_1_691' title='bbox 3296 3939 3453 4006; x_wconf 84' lang='grc' dir='ltr'>λόγου</span> <span class='ocrx_word' id='word_1_692' title='bbox 3477 3954 3490 3967; x_wconf 75' lang='grc' dir='ltr'><strong>ο</strong></span> <span class='ocrx_word' id='word_1_693' title='bbox 3521 3937 3614 3989; x_wconf 77' lang='grc' dir='ltr'>ἐὰν</span> <span class='ocrx_word' id='word_1_694' title='bbox 3646 3936 3703 3988; x_wconf 80' lang='grc' dir='ltr'>δὲ</span> <span class='ocrx_word' id='word_1_695' title='bbox 3739 3935 3813 4006; x_wconf 82' lang='grc' dir='ltr'><strong>μὴ</strong></span> <span class='ocrx_word' id='word_1_696' title='bbox 3842 3936 4086 4001; x_wconf 86' lang='grc' dir='ltr'>ἀναγκα-</span> 
     </span>
    </p>
   </div>
   <div class='ocr_carea' id='block_1_95' title="bbox 2519 4026 4081 4106">
    <p class='ocr_par' dir='ltr' id='par_1_95' title="bbox 2519 4026 4081 4106">
     <span class='ocr_line' id='line_1_95' title="bbox 2519 4026 4081 4106; baseline -0.009 -16"><span class='ocrx_word' id='word_1_697' title='bbox 2519 4037 2686 4090; x_wconf 87' lang='grc' dir='ltr'>σθῶσι</span> <span class='ocrx_word' id='word_1_698' title='bbox 2707 4034 2860 4106; x_wconf 85' lang='grc' dir='ltr'>παρὰ</span> <span class='ocrx_word' id='word_1_699' title='bbox 2888 4033 2993 4086; x_wconf 90' lang='grc' dir='ltr'><strong>τῶν</strong></span> <span class='ocrx_word' id='word_1_700' title='bbox 3016 4030 3278 4099; x_wconf 83' lang='grc' dir='ltr'>ἀδελφῶν,</span> <span class='ocrx_word' id='word_1_701' title='bbox 3302 4030 3399 4082; x_wconf 78' lang='grc' dir='ltr'><strong>οὐκ</strong></span> <span class='ocrx_word' id='word_1_702' title='bbox 3421 4029 3500 4081; x_wconf 80' lang='grc' dir='ltr'>ἔτι</span> <span class='ocrx_word' id='word_1_703' title='bbox 3529 4027 3746 4081; x_wconf 80' lang='grc' dir='ltr'>λαλοῦσι</span> <span class='ocrx_word' id='word_1_704' title='bbox 3772 4026 3862 4079; x_wconf 84' lang='grc' dir='ltr'><strong>τὸν</strong></span> <span class='ocrx_word' id='word_1_705' title='bbox 3884 4026 4046 4092; x_wconf 78' lang='grc' dir='ltr'>λόγον</span> <span class='ocrx_word' id='word_1_706' title='bbox 4068 4042 4081 4054; x_wconf 80' lang='grc'><em>’</em></span> 
     </span>
    </p>
   </div>
   <div class='ocr_carea' id='block_1_96' title="bbox 2515 4117 4079 4199">
    <p class='ocr_par' dir='ltr' id='par_1_96' title="bbox 2515 4117 4079 4199">
     <span class='ocr_line' id='line_1_96' title="bbox 2515 4117 4079 4199; baseline -0.009 -17"><span class='ocrx_word' id='word_1_707' title='bbox 2515 4131 2604 4183; x_wconf 82' lang='grc' dir='ltr'>ἵνα</span> <span class='ocrx_word' id='word_1_708' title='bbox 2633 4127 2707 4199; x_wconf 85' lang='grc' dir='ltr'><strong>μὴ</strong></span> <span class='ocrx_word' id='word_1_709' title='bbox 2736 4125 3031 4197; x_wconf 78' lang='grc' dir='ltr'>εὑρεθῶσιν</span> <span class='ocrx_word' id='word_1_710' title='bbox 3063 4123 3137 4185; x_wconf 91' lang='grc' dir='ltr'><strong>ώς</strong></span> <span class='ocrx_word' id='word_1_711' title='bbox 3170 4122 3241 4191; x_wconf 83' lang='grc' dir='ltr'><strong>μὴ</strong></span> <span class='ocrx_word' id='word_1_712' title='bbox 3276 4120 3689 4191; x_wconf 84' lang='grc' dir='ltr'>ἐπερωτώμενοι</span> <span class='ocrx_word' id='word_1_713' title='bbox 3720 4117 3816 4171; x_wconf 72' lang='grc' dir='ltr'>καὶ</span> <span class='ocrx_word' id='word_1_714' title='bbox 3849 4117 4079 4169; x_wconf 84' lang='grc' dir='ltr'>λαλοῦν-</span> 
     </span>
    </p>
   </div>
   <div class='ocr_carea' id='block_1_97' title="bbox 2515 4215 3550 4287">
    <p class='ocr_par' dir='ltr' id='par_1_97' title="bbox 2515 4215 3550 4287">
     <span class='ocr_line' id='line_1_97' title="bbox 2515 4215 3550 4287; baseline -0.011 -11"><span class='ocrx_word' id='word_1_715' title='bbox 2515 4241 2626 4285; x_wconf 91' lang='grc' dir='ltr'>τες,</span> <span class='ocrx_word' id='word_1_716' title='bbox 2656 4222 2750 4274; x_wconf 75' lang='grc' dir='ltr'><strong>καὶ</strong></span> <span class='ocrx_word' id='word_1_717' title='bbox 2776 4220 2851 4282; x_wconf 88' lang='grc' dir='ltr'><strong>ώς</strong></span> <span class='ocrx_word' id='word_1_718' title='bbox 2880 4217 3174 4287; x_wconf 88' lang='grc' dir='ltr'>ἀργολογία</span> <span class='ocrx_word' id='word_1_719' title='bbox 3211 4215 3550 4285; x_wconf 84' lang='grc' dir='ltr'>εὑρίσκεται.</span> 
     </span>
    </p>
   </div>
   <div class='ocr_carea' id='block_1_98' title="bbox 2583 4320 4086 4399">
    <p class='ocr_par' dir='ltr' id='par_1_98' title="bbox 2583 4320 4086 4399">
     <span class='ocr_line' id='line_1_98' title="bbox 2583 4320 4086 4399; baseline -0.009 -14"><span class='ocrx_word' id='word_1_720' title='bbox 2583 4333 2673 4385; x_wconf 82' lang='grc'>27.</span> <span class='ocrx_word' id='word_1_721' title='bbox 2748 4329 3059 4399; x_wconf 80' lang='grc' dir='ltr'>Ἧρώτησεν</span> <span class='ocrx_word' id='word_1_722' title='bbox 3102 4328 3130 4379; x_wconf 93' lang='lat'><strong>6</strong></span> <span class='ocrx_word' id='word_1_723' title='bbox 3156 4324 3327 4387; x_wconf 69' lang='lat'><em>6666;</em></span> <span class='ocrx_word' id='word_1_724' title='bbox 3376 4322 3598 4384; x_wconf 79' lang='grc' dir='ltr'>Ἡσαΐας</span> <span class='ocrx_word' id='word_1_725' title='bbox 3632 4322 3722 4373; x_wconf 84' lang='grc' dir='ltr'><strong>τὸν</strong></span> <span class='ocrx_word' id='word_1_726' title='bbox 3760 4320 3934 4373; x_wconf 79' lang='lat' dir='ltr'><em>6665‘w</em></span> <span class='ocrx_word' id='word_1_727' title='bbox 3962 4322 4086 4373; x_wconf 87' lang='grc' dir='ltr'>Μα-</span> 
     </span>
    </p>
   </div>
   <div class='ocr_carea' id='block_1_99' title="bbox 2516 4411 4085 4494">
    <p class='ocr_par' dir='ltr' id='par_1_99' title="bbox 2516 4411 4085 4494">
     <span class='ocr_line' id='line_1_99' title="bbox 2516 4411 4085 4494; baseline -0.01 -17"><span class='ocrx_word' id='word_1_728' title='bbox 2516 4424 2707 4494; x_wconf 85' lang='grc' dir='ltr'>κάριον</span> <span class='ocrx_word' id='word_1_729' title='bbox 2740 4422 2930 4488; x_wconf 85' lang='grc' dir='ltr'>λέγων·</span> <span class='ocrx_word' id='word_1_730' title='bbox 2960 4418 3082 4471; x_wconf 73' lang='grc' dir='ltr'>εἰπέ</span> <span class='ocrx_word' id='word_1_731' title='bbox 3127 4434 3213 4486; x_wconf 82' lang='grc' dir='ltr'>μοι</span> <span class='ocrx_word' id='word_1_732' title='bbox 3246 4416 3417 4485; x_wconf 77' lang='grc' dir='ltr'>ῥῆμα.</span> <span class='ocrx_word' id='word_1_733' title='bbox 3466 4414 3557 4467; x_wconf 74' lang='grc' dir='ltr'>καὶ</span> <span class='ocrx_word' id='word_1_734' title='bbox 3582 4413 3728 4481; x_wconf 85' lang='grc' dir='ltr'>λέγει</span> <span class='ocrx_word' id='word_1_735' title='bbox 3760 4412 3908 4481; x_wconf 76' lang='grc' dir='ltr'>αὐτῷ</span> <span class='ocrx_word' id='word_1_736' title='bbox 3932 4414 3960 4463; x_wconf 88' lang='grc' dir='ltr'>ὁ</span> <span class='ocrx_word' id='word_1_737' title='bbox 3986 4411 4085 4479; x_wconf 84' lang='grc' dir='ltr'><strong>γέ-</strong></span> 
     </span>
    </p>
   </div>
   <div class='ocr_carea' id='block_1_100' title="bbox 1246 4504 2934 4589">
    <p class='ocr_par' dir='ltr' id='par_1_100' title="bbox 1246 4514 2934 4589">
     <span class='ocr_line' id='line_1_100' title="bbox 1246 4514 2934 4589; baseline -0.006 -15"><span class='ocrx_word' id='word_1_738' title='bbox 1246 4520 1506 4575; x_wconf 87' lang='lat' dir='ltr'><strong>Homines</strong></span> <span class='ocrx_word' id='word_1_739' title='bbox 1561 4519 1707 4589; x_wconf 88' lang='lat' dir='ltr'><strong>fuge.</strong></span> <span class='ocrx_word' id='word_1_740' title='bbox 1765 4519 1953 4574; x_wconf 87' lang='lat' dir='ltr'><strong>Esaias</strong></span> <span class='ocrx_word' id='word_1_741' title='bbox 2008 4520 2175 4573; x_wconf 88' lang='lat' dir='ltr'><strong>abbas</strong></span> <span class='ocrx_word' id='word_1_742' title='bbox 2220 4536 2232 4571; x_wconf 90' lang='lat'>:</span> <span class='ocrx_word' id='word_1_743' title='bbox 2270 4516 2411 4582; x_wconf 88' lang='lat' dir='ltr'><strong>Quid</strong></span> <span class='ocrx_word' id='word_1_744' title='bbox 2445 4532 2488 4585; x_wconf 83' lang='grc' dir='ltr'><strong>ι)</strong></span> <span class='ocrx_word' id='word_1_745' title='bbox 2520 4530 2655 4589; x_wconf 89' lang='grc' dir='ltr'>ρων·</span> <span class='ocrx_word' id='word_1_746' title='bbox 2699 4514 2865 4583; x_wconf 83' lang='grc' dir='ltr'>φεῦγε</span> <span class='ocrx_word' id='word_1_747' title='bbox 2909 4530 2934 4564; x_wconf 89' lang='grc' dir='ltr'><strong>τ</strong></span> 
     </span>
    </p>
   </div>
   <div class='ocr_carea' id='block_1_101' title="bbox 2394 4504 4082 4589">
    <p class='ocr_par' dir='ltr' id='par_1_101' title="bbox 2394 4504 4082 4589">
     <span class='ocr_line' id='line_1_101' title="bbox 2394 4504 4082 4589; baseline -0.009 -19"><span class='ocrx_word' id='word_1_748' title='bbox 2394 4516 2488 4585; x_wconf 80' lang='grc' dir='ltr'><strong>ιι)</strong></span> <span class='ocrx_word' id='word_1_749' title='bbox 2520 4530 2655 4589; x_wconf 86' lang='grc' dir='ltr'>ρων’</span> <span class='ocrx_word' id='word_1_750' title='bbox 2699 4514 2865 4583; x_wconf 85' lang='grc' dir='ltr'>φεῦγε</span> <span class='ocrx_word' id='word_1_751' title='bbox 2909 4516 3031 4574; x_wconf 80' lang='grc' dir='ltr'>τοὺς</span> <span class='ocrx_word' id='word_1_752' title='bbox 3079 4509 3414 4578; x_wconf 87' lang='grc' dir='ltr'>ἀνθρώπους.</span> <span class='ocrx_word' id='word_1_753' title='bbox 3460 4506 3612 4573; x_wconf 78' lang='grc' dir='ltr'>ἔλεγε</span> <span class='ocrx_word' id='word_1_754' title='bbox 3656 4504 3805 4573; x_wconf 80' lang='grc' dir='ltr'><strong>αὑτῷ</strong></span> <span class='ocrx_word' id='word_1_755' title='bbox 3831 4505 3857 4555; x_wconf 91' lang='lat'><strong>6</strong></span> <span class='ocrx_word' id='word_1_756' title='bbox 3905 4505 4082 4565; x_wconf 67' lang='lat'><em>6666.;</em></span> 
     </span>
    </p>
   </div>
   <div class='ocr_carea' id='block_1_102' title="bbox 2530 4594 4085 4669">
    <p class='ocr_par' dir='ltr' id='par_1_102' title="bbox 2530 4594 4085 4669">
     <span class='ocr_line' id='line_1_102' title="bbox 2530 4594 4085 4669; baseline -0.006 -11"><span class='ocrx_word' id='word_1_757' title='bbox 2530 4606 2773 4667; x_wconf 77' lang='grc' dir='ltr'>Ἡσαΐας·</span> <span class='ocrx_word' id='word_1_758' title='bbox 2802 4604 2853 4655; x_wconf 87' lang='grc' dir='ltr'><strong>τί</strong></span> <span class='ocrx_word' id='word_1_759' title='bbox 2883 4606 2995 4654; x_wconf 84' lang='grc' dir='ltr'>ἐστι</span> <span class='ocrx_word' id='word_1_760' title='bbox 3028 4602 3087 4653; x_wconf 89' lang='lat'><strong>16</strong></span> <span class='ocrx_word' id='word_1_761' title='bbox 3134 4599 3352 4669; x_wconf 83' lang='grc' dir='ltr'>φεύγειν</span> <span class='ocrx_word' id='word_1_762' title='bbox 3386 4600 3509 4659; x_wconf 74' lang='grc' dir='ltr'>τοὺς</span> <span class='ocrx_word' id='word_1_763' title='bbox 3556 4594 3906 4667; x_wconf 75' lang='grc' dir='ltr'>ἀνθρώπουςς</span> <span class='ocrx_word' id='word_1_764' title='bbox 3958 4599 3986 4648; x_wconf 94' lang='lat'><strong>6</strong></span> <span class='ocrx_word' id='word_1_765' title='bbox 4027 4596 4085 4649; x_wconf 86' lang='grc' dir='ltr'>δὲ</span> 
     </span>
    </p>
   </div>
   <div class='ocr_carea' id='block_1_103' title="bbox 2515 4686 4083 4766">
    <p class='ocr_par' dir='ltr' id='par_1_103' title="bbox 2515 4686 4083 4766">
     <span class='ocr_line' id='line_1_103' title="bbox 2515 4686 4083 4766; baseline -0.008 -17"><span class='ocrx_word' id='word_1_766' title='bbox 2515 4698 2689 4766; x_wconf 85' lang='grc' dir='ltr'>γέρων</span> <span class='ocrx_word' id='word_1_767' title='bbox 2714 4694 2862 4747; x_wconf 84' lang='grc' dir='ltr'>εἶπεν</span> <span class='ocrx_word' id='word_1_768' title='bbox 2888 4692 3033 4762; x_wconf 85' lang='grc' dir='ltr'>αὐτῷ</span> <span class='ocrx_word' id='word_1_769' title='bbox 3054 4709 3065 4719; x_wconf 92' lang='grc'>·</span> <span class='ocrx_word' id='word_1_770' title='bbox 3088 4692 3146 4743; x_wconf 86' lang='grc' dir='ltr'><strong>τὸ</strong></span> <span class='ocrx_word' id='word_1_771' title='bbox 3170 4690 3388 4743; x_wconf 86' lang='grc' dir='ltr'>καθίσαι</span> <span class='ocrx_word' id='word_1_772' title='bbox 3409 4690 3487 4750; x_wconf 87' lang='grc' dir='ltr'>εἰς</span> <span class='ocrx_word' id='word_1_773' title='bbox 3508 4688 3567 4739; x_wconf 89' lang='lat'><strong>16</strong></span> <span class='ocrx_word' id='word_1_774' title='bbox 3599 4686 3806 4739; x_wconf 90' lang='grc' dir='ltr'>κελλίον</span> <span class='ocrx_word' id='word_1_775' title='bbox 3840 4702 3955 4752; x_wconf 90' lang='grc' dir='ltr'>σου,</span> <span class='ocrx_word' id='word_1_776' title='bbox 3984 4687 4083 4739; x_wconf 68' lang='grc' dir='ltr'><strong>καὶ</strong></span> 
     </span>
    </p>
   </div>
   <div class='ocr_carea' id='block_1_104' title="bbox 2512 4782 3427 4854">
    <p class='ocr_par' dir='ltr' id='par_1_104' title="bbox 2512 4782 3427 4854">
     <span class='ocr_line' id='line_1_104' title="bbox 2512 4782 3427 4854; baseline -0.01 -13"><span class='ocrx_word' id='word_1_777' title='bbox 2512 4788 2741 4841; x_wconf 87' lang='grc' dir='ltr'>κλαῦσαι</span> <span class='ocrx_word' id='word_1_778' title='bbox 2771 4786 2868 4848; x_wconf 84' lang='grc' dir='ltr'>τὰς</span> <span class='ocrx_word' id='word_1_779' title='bbox 2900 4784 3175 4854; x_wconf 88' lang='grc' dir='ltr'>ἁμαρτίας</span> <span class='ocrx_word' id='word_1_780' title='bbox 3210 4800 3301 4834; x_wconf 91' lang='grc' dir='ltr'><strong>σου</strong></span> <span class='ocrx_word' id='word_1_781' title='bbox 3333 4782 3427 4849; x_wconf 85' lang='lat' dir='ltr'><strong>(b).</strong></span> 
     </span>
    </p>
   </div>
   <div class='ocr_carea' id='block_1_105' title="bbox 2580 4887 4082 4963">
    <p class='ocr_par' dir='ltr' id='par_1_105' title="bbox 2580 4887 4082 4963">
     <span class='ocr_line' id='line_1_105' title="bbox 2580 4887 4082 4963; baseline -0.01 -10"><span class='ocrx_word' id='word_1_782' title='bbox 2580 4900 2668 4953; x_wconf 83' lang='grc'>28.</span> <span class='ocrx_word' id='word_1_783' title='bbox 2719 4898 2941 4963; x_wconf 84' lang='grc' dir='ltr'>Ἔλεγεν</span> <span class='ocrx_word' id='word_1_784' title='bbox 2982 4898 3008 4947; x_wconf 89' lang='grc' dir='ltr'>ὁ</span> <span class='ocrx_word' id='word_1_785' title='bbox 3048 4894 3221 4955; x_wconf 77' lang='lat' dir='ltr'><em>6666c;</em></span> <span class='ocrx_word' id='word_1_786' title='bbox 3262 4892 3596 4960; x_wconf 76' lang='grc' dir='ltr'>Παφνούτιος</span> <span class='ocrx_word' id='word_1_787' title='bbox 3630 4893 3659 4942; x_wconf 92' lang='lat'><strong>6</strong></span> <span class='ocrx_word' id='word_1_788' title='bbox 3699 4888 3943 4958; x_wconf 82' lang='grc' dir='ltr'>μαθητὴς</span> <span class='ocrx_word' id='word_1_789' title='bbox 3985 4887 4082 4939; x_wconf 83' lang='grc' dir='ltr'><strong>τοῦ</strong></span> 
     </span>
    </p>
   </div>
   <div class='ocr_carea' id='block_1_106' title="bbox 2509 4979 4080 5057">
    <p class='ocr_par' dir='ltr' id='par_1_106' title="bbox 2509 4979 4080 5057">
     <span class='ocr_line' id='line_1_106' title="bbox 2509 4979 4080 5057; baseline -0.01 -15"><span class='ocrx_word' id='word_1_790' title='bbox 2509 4990 2653 5043; x_wconf 79' lang='grc' dir='ltr'><strong>ἀὸϐἇ</strong></span> <span class='ocrx_word' id='word_1_791' title='bbox 2699 4987 3006 5057; x_wconf 85' lang='grc' dir='ltr'>Μακαρίου,</span> <span class='ocrx_word' id='word_1_792' title='bbox 3058 4986 3139 5036; x_wconf 84' lang='grc' dir='ltr'>ὅτι</span> <span class='ocrx_word' id='word_1_793' title='bbox 3194 4982 3541 5052; x_wconf 86' lang='grc' dir='ltr'>παρεκάλεσα</span> <span class='ocrx_word' id='word_1_794' title='bbox 3575 4979 3665 5031; x_wconf 88' lang='lat' dir='ltr'><em>16v</em></span> <span class='ocrx_word' id='word_1_795' title='bbox 3706 4979 3914 5046; x_wconf 84' lang='grc' dir='ltr'>πατέρα</span> <span class='ocrx_word' id='word_1_796' title='bbox 3951 4994 4080 5046; x_wconf 77' lang='grc' dir='ltr'>μου,</span> 
     </span>
    </p>
   </div>
   <div class='ocr_carea' id='block_1_107' title="bbox 2510 5069 4082 5149">
    <p class='ocr_par' dir='ltr' id='par_1_107' title="bbox 2510 5069 4082 5149">
     <span class='ocr_line' id='line_1_107' title="bbox 2510 5069 4082 5149; baseline -0.01 -16"><span class='ocrx_word' id='word_1_797' title='bbox 2510 5082 2708 5149; x_wconf 77' lang='grc' dir='ltr'>λέγων’</span> <span class='ocrx_word' id='word_1_798' title='bbox 2756 5080 2877 5131; x_wconf 85' lang='grc' dir='ltr'>είπέ</span> <span class='ocrx_word' id='word_1_799' title='bbox 2907 5094 2994 5146; x_wconf 85' lang='grc' dir='ltr'><strong>μοι</strong></span> <span class='ocrx_word' id='word_1_800' title='bbox 3035 5076 3209 5141; x_wconf 87' lang='grc' dir='ltr'>λόγον.</span> <span class='ocrx_word' id='word_1_801' title='bbox 3244 5076 3271 5126; x_wconf 89' lang='lat'><strong>6</strong></span> <span class='ocrx_word' id='word_1_802' title='bbox 3300 5074 3355 5126; x_wconf 85' lang='grc' dir='ltr'><strong>δὲ</strong></span> <span class='ocrx_word' id='word_1_803' title='bbox 3398 5075 3535 5142; x_wconf 72' lang='grc' dir='ltr'>ἔφη’</span> <span class='ocrx_word' id='word_1_804' title='bbox 3584 5072 3656 5141; x_wconf 85' lang='grc' dir='ltr'><strong>μὴ</strong></span> <span class='ocrx_word' id='word_1_805' title='bbox 3702 5069 4082 5140; x_wconf 72' lang='grc' dir='ltr'>κακοποιήσῃς</span> 
     </span>
    </p>
   </div>
   <div class='ocr_carea' id='block_1_108' title="bbox 2508 5161 4076 5241">
    <p class='ocr_par' dir='ltr' id='par_1_108' title="bbox 2508 5161 4076 5241">
     <span class='ocr_line' id='line_1_108' title="bbox 2508 5161 4076 5241; baseline -0.006 -16"><span class='ocrx_word' id='word_1_806' title='bbox 2508 5173 2650 5234; x_wconf 89' lang='grc' dir='ltr'>τινά,</span> <span class='ocrx_word' id='word_1_807' title='bbox 2684 5170 2815 5241; x_wconf 86' lang='grc' dir='ltr'>μηδὲ</span> <span class='ocrx_word' id='word_1_808' title='bbox 2863 5168 3195 5239; x_wconf 85' lang='grc' dir='ltr'>κατακρίνῃς</span> <span class='ocrx_word' id='word_1_809' title='bbox 3221 5166 3371 5218; x_wconf 83' lang='grc' dir='ltr'>τινά’</span> <span class='ocrx_word' id='word_1_810' title='bbox 3404 5165 3572 5217; x_wconf 84' lang='grc' dir='ltr'>ταῦτα</span> <span class='ocrx_word' id='word_1_811' title='bbox 3601 5165 3758 5232; x_wconf 87' lang='grc' dir='ltr'>τήρει</span> <span class='ocrx_word' id='word_1_812' title='bbox 3784 5163 3875 5213; x_wconf 73' lang='grc' dir='ltr'><strong>καὶ</strong></span> <span class='ocrx_word' id='word_1_813' title='bbox 3903 5161 4076 5231; x_wconf 78' lang='grc' dir='ltr'>σώζῃ.</span> 
     </span>
    </p>
   </div>
   <div class='ocr_carea' id='block_1_109' title="bbox 2580 5253 4081 5327">
    <p class='ocr_par' dir='ltr' id='par_1_109' title="bbox 2580 5253 4081 5327">
     <span class='ocr_line' id='line_1_109' title="bbox 2580 5253 4081 5327; baseline -0.008 -11"><span class='ocrx_word' id='word_1_814' title='bbox 2580 5264 2667 5318; x_wconf 76' lang='grc'>29.</span> <span class='ocrx_word' id='word_1_815' title='bbox 2724 5258 2887 5315; x_wconf 81' lang='grc' dir='ltr'>Εἶπεν</span> <span class='ocrx_word' id='word_1_816' title='bbox 2918 5263 2944 5313; x_wconf 94' lang='lat'><strong>6</strong></span> <span class='ocrx_word' id='word_1_817' title='bbox 2992 5260 3163 5321; x_wconf 74' lang='lat'><em>6665.;</em></span> <span class='ocrx_word' id='word_1_818' title='bbox 3208 5257 3513 5327; x_wconf 88' lang='grc' dir='ltr'>Μακάριος·</span> <span class='ocrx_word' id='word_1_819' title='bbox 3567 5256 3639 5325; x_wconf 86' lang='grc' dir='ltr'><strong>μὴ</strong></span> <span class='ocrx_word' id='word_1_820' title='bbox 3677 5253 3948 5324; x_wconf 77' lang='grc' dir='ltr'>κοιμηθῇς</span> <span class='ocrx_word' id='word_1_821' title='bbox 3995 5256 4081 5317; x_wconf 74' lang='grc' dir='ltr'>εἰς</span> 
     </span>
    </p>
   </div>
   <div class='ocr_carea' id='block_1_110' title="bbox 2512 5349 3648 5423">
    <p class='ocr_par' dir='ltr' id='par_1_110' title="bbox 2512 5349 3648 5423">
     <span class='ocr_line' id='line_1_110' title="bbox 2512 5349 3648 5423; baseline -0.008 -15"><span class='ocrx_word' id='word_1_822' title='bbox 2512 5356 2717 5409; x_wconf 87' lang='grc' dir='ltr'>κελλίον</span> <span class='ocrx_word' id='word_1_823' title='bbox 2749 5353 2974 5422; x_wconf 83' lang='grc' dir='ltr'>ἀδελφοῦ</span> <span class='ocrx_word' id='word_1_824' title='bbox 3002 5353 3211 5423; x_wconf 74' lang='grc' dir='ltr'>ἔχοντος</span> <span class='ocrx_word' id='word_1_825' title='bbox 3241 5350 3415 5419; x_wconf 86' lang='grc' dir='ltr'>κακὴν</span> <span class='ocrx_word' id='word_1_826' title='bbox 3442 5349 3648 5420; x_wconf 81' lang='grc' dir='ltr'>φήμην.</span> 
     </span>
    </p>
   </div>
   <div class='ocr_carea' id='block_1_111' title="bbox 2104 5450 2791 5508">
    <p class='ocr_par' dir='ltr' id='par_1_111' title="bbox 2104 5450 2791 5508">
     <span class='ocr_line' id='line_1_111' title="bbox 2104 5450 2791 5508; baseline -0.003 -1"><span class='ocrx_word' id='word_1_827' title='bbox 2104 5454 2355 5508; x_wconf 81' lang='lat' dir='ltr'><strong>VARIAE</strong></span> <span class='ocrx_word' id='word_1_828' title='bbox 2393 5450 2791 5508; x_wconf 76' lang='lat' dir='ltr'><strong>LECTIONES.</strong></span> 
     </span>
    </p>
   </div>
   <div class='ocr_carea' id='block_1_112' title="bbox 918 5545 1203 5611">
    <p class='ocr_par' dir='ltr' id='par_1_112' title="bbox 918 5545 1203 5611">
     <span class='ocr_line' id='line_1_112' title="bbox 918 5545 1203 5611; baseline 0.011 -15"><span class='ocrx_word' id='word_1_829' title='bbox 918 5546 961 5574; x_wconf 70' lang='grc' dir='ltr'>τε</span> <span class='ocrx_word' id='word_1_830' title='bbox 984 5545 1066 5596; x_wconf 85' lang='lat' dir='ltr'><strong>Al.</strong></span> <span class='ocrx_word' id='word_1_831' title='bbox 1103 5546 1203 5611; x_wconf 73' lang='grc' dir='ltr'><strong>τῷ.</strong></span> 
     </span>
    </p>
   </div>
   <div class='ocr_carea' id='block_1_113' title="bbox 2346 5648 2598 5706">
    <p class='ocr_par' dir='ltr' id='par_1_113' title="bbox 2346 5648 2598 5706">
     <span class='ocr_line' id='line_1_113' title="bbox 2346 5648 2598 5706; baseline -0.016 -2"><span class='ocrx_word' id='word_1_832' title='bbox 2346 5648 2598 5706; x_wconf 83' lang='lat' dir='ltr'><strong>NOTAE.</strong></span> 
     </span>
    </p>
   </div>
   <div class='ocr_carea' id='block_1_114' title="bbox 913 5744 2335 5819">
    <p class='ocr_par' dir='ltr' id='par_1_114' title="bbox 913 5744 2335 5819">
     <span class='ocr_line' id='line_1_114' title="bbox 913 5744 2335 5819; baseline -0.004 -16"><span class='ocrx_word' id='word_1_833' title='bbox 913 5754 985 5817; x_wconf 83' lang='grc' dir='ltr'><strong>(α)</strong></span> <span class='ocrx_word' id='word_1_834' title='bbox 1025 5752 1104 5805; x_wconf 71' lang='lat' dir='ltr'><strong>(If.</strong></span> <span class='ocrx_word' id='word_1_835' title='bbox 1150 5751 1285 5805; x_wconf 84' lang='lat' dir='ltr'><strong>Hist.</strong></span> <span class='ocrx_word' id='word_1_836' title='bbox 1316 5752 1476 5805; x_wconf 79' lang='lat' dir='ltr'><strong>Laus.</strong></span> <span class='ocrx_word' id='word_1_837' title='bbox 1511 5750 1731 5819; x_wconf 88' lang='lat' dir='ltr'><strong>antiqua</strong></span> <span class='ocrx_word' id='word_1_838' title='bbox 1762 5748 1939 5803; x_wconf 88' lang='lat' dir='ltr'><strong>vcrsio</strong></span> <span class='ocrx_word' id='word_1_839' title='bbox 1989 5762 2107 5819; x_wconf 89' lang='lat' dir='ltr'><strong>cap.</strong></span> <span class='ocrx_word' id='word_1_840' title='bbox 2152 5746 2203 5801; x_wconf 86' lang='lat'><strong>9.</strong></span> <span class='ocrx_word' id='word_1_841' title='bbox 2246 5744 2335 5799; x_wconf 74' lang='grc' dir='ltr'>νγ</span> 
     </span>
    </p>
   </div>
   <div class='ocr_carea' id='block_1_115' title="bbox 843 5821 1506 5884">
    <p class='ocr_par' dir='ltr' id='par_1_115' title="bbox 843 5821 1506 5884">
     <span class='ocr_line' id='line_1_115' title="bbox 843 5821 1506 5884; baseline 0 -9"><span class='ocrx_word' id='word_1_842' title='bbox 843 5821 945 5875; x_wconf 80' lang='lat' dir='ltr'><strong>PP.</strong></span> <span class='ocrx_word' id='word_1_843' title='bbox 987 5825 1165 5880; x_wconf 79' lang='lat' dir='ltr'><strong>ltosw.</strong></span> <span class='ocrx_word' id='word_1_844' title='bbox 1214 5839 1264 5881; x_wconf 81' lang='grc' dir='ltr'><strong>ι).</strong></span> <span class='ocrx_word' id='word_1_845' title='bbox 1296 5824 1417 5884; x_wconf 76' lang='lat'>990,</span> <span class='ocrx_word' id='word_1_846' title='bbox 1451 5822 1506 5875; x_wconf 91' lang='grc'>2.</span> 
     </span>
    </p>
   </div>
   <div class='ocr_carea' id='block_1_116' title="bbox 2547 5739 3796 5813">
    <p class='ocr_par' dir='ltr' id='par_1_116' title="bbox 2547 5739 3796 5813">
     <span class='ocr_line' id='line_1_116' title="bbox 2547 5739 3796 5813; baseline 0.001 -18"><span class='ocrx_word' id='word_1_847' title='bbox 2547 5743 2619 5813; x_wconf 83' lang='lat' dir='ltr'><strong>(b)</strong></span> <span class='ocrx_word' id='word_1_848' title='bbox 2659 5743 2742 5797; x_wconf 81' lang='lat' dir='ltr'><strong>Cf.</strong></span> <span class='ocrx_word' id='word_1_849' title='bbox 2778 5741 2893 5797; x_wconf 82' lang='lat' dir='ltr'><strong>VV.</strong></span> <span class='ocrx_word' id='word_1_850' title='bbox 2930 5742 3031 5798; x_wconf 82' lang='lat' dir='ltr'><strong>PP.</strong></span> <span class='ocrx_word' id='word_1_851' title='bbox 3062 5744 3099 5796; x_wconf 71' lang='grc' dir='ltr'><strong>[ἶ</strong></span> <span class='ocrx_word' id='word_1_852' title='bbox 3126 5762 3242 5799; x_wconf 75' lang='lat' dir='ltr'><strong>)sw.</strong></span> <span class='ocrx_word' id='word_1_853' title='bbox 3284 5745 3376 5799; x_wconf 78' lang='lat' dir='ltr'><strong>lil-.</strong></span> <span class='ocrx_word' id='word_1_854' title='bbox 3415 5743 3479 5798; x_wconf 91' lang='lat' dir='ltr'><strong>Ill</strong></span> <span class='ocrx_word' id='word_1_855' title='bbox 3510 5759 3629 5812; x_wconf 85' lang='lat' dir='ltr'><strong>cap.</strong></span> <span class='ocrx_word' id='word_1_856' title='bbox 3676 5739 3796 5797; x_wconf 68' lang='lat'><strong>{89.</strong></span> 
     </span>
    </p>
   </div>
  </div>
