4274 6358
173 389 283 445 253

1510 380 2141 440 APOPHTHEGMATA.

3312 389 3420 447 εει

242 503 332 557 30.
374 501 687 573 Παρέϐαλόν
736 518 865 555 ποτε
900 501 978 573 τῷ
1018 500 1162 572 ἀϐδᾷ
1203 501 1476 574 Μακαρίῳ
1524 502 1744 571 ἀδελφοὶ
1771 510 1821 568 Α
1916 504 1930 558 ε

1727 503 1821 568 ίΑ
1916 504 2008 559 30.
2049 503 2132 557 Ad
2188 501 2485 558 Ilacarium
2530 504 2781 560 abbatem
2838 504 2893 559 in
2937 502 3100 559 Scete
3142 505 3415 573 quondam

172 598 255 659 εἰς
288 593 453 664 258
487 593 709 663 Σκῆτιν,
735 593 831 646 καὶ
856 594 955 664 οὐχ
984 586 1145 665 εὖρον
1172 595 1230 645 ὲν
1256 593 1333 664 τῷ
1355 592 1551 664 κελλίῳ
1579 591 1746 646 αὑτοῦ

171 685 347 750 οὐδὲν,
365 687 415 738 εί
440 685 515 755 μὴ
541 685 685 756 ὕδωρ
709 686 941 757 σαπρόν,
965 687 1061 740 καὶ
1082 685 1332 755 λέγουσιν
1358 685 1526 757 αὐτῷ·
1578 681 1743 751 ἀὸδᾶ,

172 779 335 849 δεῦρο
357 779 472 832 ἄνω
510 781 590 842 είς
614 779 711 850 τὴν
743 777 958 849 κώμην,
988 778 1084 832 καὶ
1109 778 1464 849 ἀναπαύομέν
1494 796 1576 832 σε.
1598 777 1746 845 λέγει

171 873 357 935 αὐτοῖς
381 874 411 926 6
436 872 618 943 γέρων
638 887 652 903 ⁸
692 872 891 934 οἴδατε,
936 871 1173 941 ἀδελφοί,
1198 871 1259 925 τὸ
1288 871 1638 943 ἀρτοκοπεῖον
1653 869 1744 924 τοῦ

171 965 347 1026 δεῖνος
382 963 462 1026 είς
487 961 585 1032 τὴν
622 960 844 1032 κώμην;
867 962 959 1015 καὶ
980 961 1230 1030 λέγουσιν
1255 959 1401 1032 αὐτῷ
1418 976 1431 991 ⁶
1455 960 1564 1015 ναί.
1600 961 1746 1030 λέγει

172 1054 359 1117 αὐτοῖς
384 1056 412 1106 ό
451 1052 632 1122 γέρων
653 1068 664 1080 ο
710 1050 866 1120 κάγὼ
898 1047 1013 1105 οῖδα
1042 1051 1194 1106 αὑτό.
1233 1051 1407 1104 οἴδατε
1434 1052 1528 1104 καὶ
1551 1051 1611 1104 τὸ
1636 1069 1745 1121 χω-

176 1146 295 1216 ρίον
344 1144 439 1197 τοῦ
473 1145 645 1207 δεῖνος
688 1144 823 1198 ὅπου
863 1146 892 1197 6
940 1144 1186 1215 ποταμὸς
1226 1143 1450 1215 κρούει;
1499 1142 1746 1211 λέγουσιν

175 1237 325 1308 αὑτῷ
349 1254 363 1268 ο
392 1237 501 1290 ναί.
532 1236 679 1304 λέγει
728 1238 910 1301 αὐτοῖς
930 1240 959 1291 6
998 1237 1177 1309 γέρων
1197 1254 1209 1267 ·
1243 1236 1398 1305 κάγὼ
1439 1233 1555 1290 οἶδα
1583 1234 1742 1289 αὑτό·

174 1332 262 1383 ὅτε
309 1325 403 1382 οὖν
450 1328 607 1395 θέλω,
656 1329 718 1381 οὺ
768 1329 958 1399 χρείαν
998 1329 1153 1400 ὑμῶν
1195 1328 1323 1400 ἔχω,
1371 1327 1485 1383 ἀλλ’
1525 1327 1747 1399 έμαυτῷ

174 1419 439 1484 ἀναϐάξω
466 1420 533 1474 ³⁸.

244 1531 337 1585 3i.
374 1530 597 1598 Ἔλεγον
621 1529 865 1601 περὶτοῦ
891 1528 1034 1583 ἁσὸᾶ
1049 1530 1359 1603 Μακαρίου,
1389 1530 1472 1584 ὅτι
1506 1529 1554 1582 εί
1586 1545 1747 1600 προσ·

179 1624 383 1693 ήρχετο
416 1622 563 1692 αὐτῷ
596 1623 821 1692 ἁδελφὸς
862 1622 936 1685 ώς
959 1624 1100 1692 ἁγίῳ
1148 1623 1359 1693 γέροντι
1406 1621 1499 1675 καὶ
1531 1620 1747 1691 μεγάλῳ

175 1714 314 1783 μετὰ
362 1714 549 1782 φόϐου,
589 1714 741 1767 οὐδὲν
770 1714 949 1771 ἐλάλει
984 1714 1151 1785 αὐτῷ.
1193 1716 1243 1765 εἰ
1283 1713 1339 1767 δὲ
1376 1713 1561 1781 ἔλεγεν
1600 1713 1746 1783 αὐτῷ

1849 604 2200 651 accesserunt
2229 593 2451 661 fratres,
2496 610 2599 651 nec
2644 596 2944 666 quidquam
2987 596 3319 651 invenerunt
3360 597 3417 650 in

1848 687 1987 741 cella
2008 687 2128 757 ejus
2167 688 2275 743 nisi
2297 702 2493 758 aquam
2542 688 2837 757 putridam.
2882 686 3071 759 Itaque
3100 688 3152 744 ei
3189 706 3203 743 :
3239 688 3414 753 Abba,

1847 779 2129 849 inquiunt,
2159 781 2395 835 ascende
2430 784 2486 834 in
2520 796 2743 851 pagum,
2767 787 2822 835 et
2844 779 3153 835 reﬁciemus
3181 790 3253 835 te.
3281 778 3417 845 Qui-

1849 870 1953 926 bus
1987 886 2154 926 senex
2194 872 2533 943 respondit:
2584 872 2791 938 Nostis,
2846 871 3069 934 fratres,
3120 872 3415 943 pistrinum

1847 961 1998 1018 illius
2052 962 2291 1018 hominis
2322 965 2377 1018 in
2419 962 2605 1035 pago?
2656 963 2855 1020 Dicunt
2897 981 2912 1021 :
2954 963 3151 1018 Etiam.
3199 959 3418 1019 Deinde

1846 1068 2013 1109 senex
2043 1072 2056 1108 :
2095 1054 2211 1126 Ego
2238 1071 2457 1127 quoque
2488 1057 2634 1111 novi.
2667 1054 2858 1113 Nostis
2874 1063 2929 1112 et
2956 1055 3245 1128 praedium
3265 1056 3417 1112 illius

1846 1144 2105 1206 hominis.
2144 1146 2235 1200 ubi
2285 1146 2484 1203 fluvius
2516 1148 2689 1203 salit?
2732 1148 2902 1203 Aiunt
2939 1146 3267 1204 :Novimus.
3311 1146 3415 1202 Se-

1846 1249 1996 1290 nex:
2037 1234 2103 1289 Et
2129 1251 2253 1307 ego,
2304 1238 2505 1309 inquit,
2548 1239 2696 1294 novi.
2732 1238 2963 1306 Quando
3008 1239 3173 1310 igitur
3213 1241 3413 1310 placet,

1845 1326 2004 1383 vobis
2039 1328 2172 1382 mibi
2208 1343 2345 1399 opus
2379 1345 2487 1385 non
2513 1339 2621 1396 est,
2670 1331 2767 1386 sed
2794 1333 2912 1402 ipse
2955 1332 3091 1385 mihi
3131 1331 3381 1400 adporto.

1916 1527 2005 1579 3i.
2048 1526 2281 1581 Aiebant
2317 1528 2383 1582 de
2410 1528 2647 1585 Macario
2678 1530 2895 1594 abbate,
2916 1530 3085 1601 quod,
3122 1531 3168 1585 si
3195 1532 3260 1585 ad
3288 1547 3412 1586 eum

1848 1619 2131 1674 accederet
2156 1619 2321 1675 frater
2342 1636 2469 1677 cum
2504 1622 2720 1686 timore,
2764 1630 3027 1693 tanquam
3058 1621 3123 1676 ad
3160 1630 3412 1677 sanctum

1848 1720 1901 1765 et
1941 1727 2196 1782 maguum
2238 1728 2446 1780 senem,
2491 1715 2629 1768 nihil
2680 1715 2729 1770 ei
2770 1714 3115 1785 loquebatur.
3168 1712 3226 1767 Si
3284 1730 3414 1768 vero

168 1824 253 1869 τις
294 1806 403 1859 τῶν
446 1806 691 1874 ἀδελφῶν
738 1805 813 1870 ὡς
838 1805 1132 1872 ὲξουθενῶν
1181 1806 1374 1858 αὐτόν’
1414 1805 1578 1869 ἀϐὁᾶ,
1637 1806 1743 1875 ἄρα
1776 1845 1816 1899 Β
1850 1804 1856 1854 l

1727 1824 1743 1857 ι
1776 1845 1816 1899 Β
1850 1801 2078 1899 fratrum
2102 1802 2376 1899 quispiam
2422 1810 2685 1899 tanquam
2714 1805 2872 1859 nihili
2898 1819 3038 1899 eum
3084 1803 3292 1859 faciens
3331 1804 3415 1857 di-

168 1900 301 1951 ὅταν
329 1893 397 1969 ἧς
422 1897 730 1968 καμηλίτης
771 1899 864 1951 καὶ
893 1897 1150 1960 ἔκλεπτες
1181 1898 1358 1968 νίτρον
1392 1898 1485 1950 καὶ
1518 1897 1744 1961 ἐπώλεις
1776 1893 1813 1899 ”
1845 1910 1856 1945 ι

1722 1915 1744 1961 ς
1776 1893 1813 1899 ”
1845 1901 1991 1949 ceret
2015 1895 2064 1949 ei
2089 1914 2101 1949 :
2122 1896 2294 1958 Abba,
2325 1897 2544 1965 quando
2574 1913 2697 1953 eras
2739 1896 3067 1952 camelarius
3109 1906 3164 1952 et
3205 1898 3410 1951 nitrum

168 1990 323 2050 αὐτὸ,
341 1990 441 2041 οὐκ
464 1989 645 2059 ἔδερόν
673 2006 730 2041 σε
762 1992 810 2042 οί
839 1989 1072 2060 τηρηταί
1096 1989 1165 2054 ²⁷;
1188 1990 1236 2040 εί
1259 1988 1433 2041 ταῦτά
1452 2006 1536 2052 τις
1562 1988 1745 2056 ἔλεγεν

173 2080 347 2151 αὐτῷ,
379 2080 558 2135 ἐλάλει
578 2080 724 2151 αὐτῷ
744 2081 883 2152 μετὰ
909 2083 1103 2153 χαρᾶς,
1130 2082 1180 2133 εί
1205 2097 1258 2133 τι
1286 2079 1741 2151 αὑτὸνὴρώτα(σ).

239 2343 332 2400 ὖῖ.
372 2343 596 2413 Ἔλεγον
640 2343 891 2416 περὶτοῦ
930 2345 1073 2401 assa
1098 2346 1384 2417 Μακαρίου
1419 2344 1513 2399 τοῦ
1571 2349 1743 2417 μεγά-

173 2437 291 2501 λου,
319 2436 402 2490 δτι
435 2436 647 2505 γέγονε,
676 2435 856 2500 καθώς
872 2437 987 2490 εστι
1009 2438 1410 2509 γεγραμμένον,
1440 2436 1559 2501 θεὸς
1581 2436 1744 2507 259

172 2529 420 2597 ἐπίγειος
446 2528 546 2599 (b)°
571 2529 653 2581 ὅτι
684 2527 871 2601 ὥσπερ
915 2529 1060 2582 ἐστὶν
1104 2534 1133 2583 6
1162 2529 1293 2593 Θεὸς
1344 2529 1628 2593 σκεπάζων
1650 2529 1741 2582 τὸν

172 2622 376 2691 κόσμον
398 2662 412 2685 ,
432 2619 606 2683 οὕτως
642 2620 863 2688 γέγονεν
886 2622 914 2673 6
942 2619 1115 2684 ἀὸδᾶς
1145 2620 1428 2691 Μακάριος
1455 2619 1741 2683 σκεπάζων

168 2710 239 2762 τὰ
287 2707 667 2779 ἐλαττώματα,
710 2709 746 2763 ἃ
799 2709 1025 2764 ἔϐλεπεν
1062 2710 1137 2773 ώς
1186 2711 1260 2782 μὴ
1295 2710 1524 2781 βλέπων,
1567 2710 1661 2763 καὶ
1705 2710 1742 2764 ἃ.

169 2800 371 2869 ἡκουεν
406 2798 481 2861 ώς
523 2798 599 2869 μὴ
623 2799 835 2853 ἀκούων
870 2800 963 2871 (c).

242 2893 333 2946 53.
353 2892 656 2961 Διηγήσατο
683 2893 711 2943 6
733 2892 905 2954 ἀσόἄς
922 2892 1183 2962 Βιτίμιος,
1204 2892 1285 2944 ὅτι
1312 2891 1494 2959 ἔλεγεν
1517 2894 1545 2945 6
1568 2892 1741 2957 ἀϐϐᾶς

171 2984 479 3053 Μακάριος·
516 2982 830 3054 καθημένου
861 2982 965 3053 μοὺ
985 2986 1222 3047 ποτεείς
1249 2984 1468 3053 Σκῆτιν,
1506 2985 1742 3057 κατέϐη-

172 3093 273 3127 σαν
320 3075 415 3127 δύο
456 3075 710 3146 νεώτεροι
761 3074 959 3140 ξενικοὶ
1001 3077 1151 3129 ἐκεῖ·
1185 3076 1282 3128 καὶ
1311 3078 1340 3129 6
1373 3075 1473 3145 μὲν
1500 3070 1582 3139 εἷς
1624 3071 1738 3145 εἶχε

1844 1981 2116 2038 furabaris
2158 1999 2223 2039 ac
2263 1984 2557 2047 vendebas,
2594 2002 2777 2041 nonne
2819 1987 3185 2041 verberabant
3230 1997 3283 2042 te
3313 2004 3413 2041 cu-

1840 2074 2060 2129 stodes?
2102 2074 2160 2130 Si
2204 2076 2333 2130 talia
2372 2078 2497 2147 quis
2537 2085 2681 2132 esset
2724 2077 2774 2133 ei
2821 2078 3059 2145 locutus,
3110 2078 3238 2132 huic
3282 2094 3409 2132 cunt

1842 2164 2060 2232 gaudio,
2125 2164 2173 2221 si
2226 2165 2355 2235 quid
2407 2181 2533 2221 eum
2598 2167 3012 2239 interrogasset,
3083 2182 3411 2239 responsum

1840 2253 2025 2307 dabaL

1908 2346 1998 2401 32.
2040 2343 2116 2400 De
2143 2344 2381 2402 Macario
2413 2361 2611 2419 magno
2645 2348 2842 2403 abbate
2897 2347 3238 2415 asserebant,
3262 2351 3408 2419 quod

1838 2436 2130 2500 exstiterit,
2156 2436 2298 2492 sicut
2322 2438 2587 2509 scriptum
2611 2446 2730 2504 est,
2778 2438 3246 2505 deus'terrestris,
3278 2442 3410 2512 quia

1839 2524 2297 2596 quemadmodum
2341 2529 2486 2586 Deus
2531 2531 2792 2585 mundum
2826 2533 2980 2603 tegit,
3018 2533 3092 2587 ita
3138 2532 3413 2589 Macarius

1841 2620 2012 2675 abbas
2034 2620 2234 2676 delicta
2264 2622 2571 2692 obtegebat,
2601 2638 2741 2692 quae
2766 2623 2983 2679 viderat
3007 2624 3167 2697 quasi
3191 2641 3301 2682 non
3329 2629 3412 2682 vi-

1838 2712 2032 2777 disset,
2057 2727 2198 2783 quae
2226 2713 2475 2768 audierat
2504 2713 2664 2784 quasi
2694 2729 2805 2769 non
2843 2714 3172 2772 audivisset.

1908 2888 1996 2943 55.
2028 2886 2287 2944 Vitimius
2324 2889 2494 2945 abbas
2534 2891 2782 2945 narravit
2820 2891 3117 2949 Macarinm
3160 2894 3409 2950 abbatem

1838 2979 1915 3034 ita
1980 2981 2277 3036 retulisse:
2339 2979 2575 3036 Sedente
2629 2998 2717 3038 me
2780 2984 3076 3055 aliquando
3126 2985 3183 3041 in
3228 2987 3412 3053 Sceti,

1841 3075 1972 3129 illuc
2014 3074 2413 3130 descenderunt
2480 3075 2591 3130 duo
2638 3077 2866 3134 iuvenes
2918 3080 3223 3150 peregrini;
3269 3097 3412 3152 quo-

170 3168 404 3233 γένειον,
436 3168 465 3219 6
487 3166 544 3219 δὲ
572 3166 729 3229 ἄλλος
756 3166 930 3236 ἀρχὴν
957 3166 1165 3235 βάλλων
1190 3166 1422 3233 γενείου.
1453 3167 1550 3219 καὶ
1575 3161 1738 3235 ἦλθον
1764 3181 1806 3239 (ς
1839 3180 1858 3218 ι

1723 3183 1738 3218 ο
1764 3181 1806 3239 (ς
1839 3179 1959 3218 rum
1981 3180 2123 3220 unus
2150 3165 2373 3219 barbam
2399 3167 2641 3235 gerebat,
2676 3167 2813 3222 alter
2834 3183 2965 3222 vero
2984 3170 3219 3239 primam
3250 3172 3411 3226 emit-

171 3258 306 3327 πρός
340 3276 408 3327 με
440 3258 690 3326 λέγοντες
710 3274 724 3287 ·
757 3255 861 3309 ποῦ
892 3258 1040 3310 ἐστιν
1074 3259 1105 3328 ἡ
1146 3257 1309 3309 κέλλα
1333 3256 1425 3310 τοῦ
1450 3256 1594 3310 ἀϐδᾶ
1617 3258 1737 3312 Μα-

172 3350 402 3419 καρίου;
437 3348 589 3417 κάγὼ
626 3345 800 3401 εἷπονο
828 3347 878 3400 τί
910 3348 1092 3401 θέλετε
1115 3349 1309 3413 αὑτόν;
1335 3348 1430 3401 καὶ
1446 3347 1698 3416 λέγουσιν
1719 3364 1735 3380 ο

168 3440 461 3501 ἀκούοντες
488 3439 557 3491 τὰ
609 3438 739 3509 περὶ
776 3438 942 3491 αὑτοῦ
974 3440 1068 3493 καὶ
1100 3440 1201 3509 τῆς
1232 3440 1481 3510 Σκήτεως
1504 3440 1737 3511 ἤλθομεν

174 3531 302 3582 ἰδεῖν
328 3529 510 3583 αὐτόν.
547 3529 689 3597 λέγω
719 3530 937 3591 αὐτοῖς’
972 3528 1084 3597 ὲγώ
1121 3532 1256 3599 ειμι.
1296 3530 1390 3583 καὶ
1417 3529 1608 3582 Εὸαλον
1646 3547 1739 3600 με-

168 3620 414 3680 τάνοιαν,
445 3618 695 3687 λέγοντες
719 3634 732 3646 ·
766 3612 868 3672 ὦδε
905 3618 1132 3690 θέλομεν
1160 3621 1359 3690 μεῖναι.
1386 3618 1496 3689 ἐγὼ
1524 3620 1583 3673 δὲ
1616 3619 1739 3691 βλέ-

172 3729 288 3764 πων
321 3710 521 3772 αὐτοὺς
549 3711 855 3780 τρυφεροὺς
891 3712 984 3765 καὶ
1025 3711 1099 3774 ώς
1129 3712 1238 3764 ἀπὸ
1277 3711 1512 3765 πλούτου
1535 3751 1549 3776 ,
1594 3713 1738 3780 λέγω

170 3804 354 3865 αὐτοῖς
376 3818 388 3831 ο
428 3802 488 3853 ού
523 3800 753 3854 δύνασθε
781 3800 1005 3854 καθίσαι
1028 3794 1151 3855 ὧδε.
1190 3802 1283 3855 καὶ
1309 3801 1460 3871 λέγει
1492 3803 1521 3855 6
1554 3802 1737 3873 μειζό-

170 3910 325 3964 τερος
344 3910 358 3922 ·
390 3894 487 3946 ὲὰν
520 3892 593 3962 μὴ
622 3889 904 3961 δυνώμεθα
929 3891 1147 3945 καθίσαι
1179 3886 1303 3957 ὧδε,
1328 3892 1611 3964 ὑπάγομεν
1641 3893 1737 3947 ἀλ-

172 3984 359 4055 λαχοῦ.
418 3984 563 4051 λέγω
604 3983 715 4052 ἐγὼ
766 3983 846 4055 τῷ
896 3983 1141 4056 λογισμῷ
1181 4001 1305 4055 μου·
1346 3984 1436 4039 διὰ
1470 3984 1525 4038 τί
1561 3984 1739 4038 διώκω

171 4080 367 4139 αὐτοὺς
405 4078 498 4129 καὶ
524 4076 963 4140 σκανδαλίζονται
986 4094 1001 4140 ;
1029 4079 1058 4129 6
1085 4078 1251 4140 κόπος
1284 4080 1426 4130 ποιεί
1454 4077 1646 4139 αὐτοὺς
1668 4076 1736 4129 δι’

172 4170 335 4239 260
384 4169 594 4221 ἑαυτῶν
658 4170 868 4237 φυγεῖν.
921 4169 1016 4222 καὶ
1064 4168 1205 4236 λέγω
1270 4169 1486 4231 αὐτοῖς’
1549 4167 1735 4231 δεῦτε,

173 4261 437 4328 ποιήσατε
469 4260 677 4322 ἑαυτοῖς
717 4258 927 4312 κελλίον
965 4261 1014 4311 εί
1058 4258 1306 4312 δύνασθε.
1342 4260 1435 4311 καὶ
1478 4258 1695 4327 λέγουσι
1721 4274 1733 4287 ·

172 4350 348 4414 δεῖξον
380 4351 512 4419 ἡμῖν
544 4352 729 4412 τόπον,
766 4350 861 4403 καὶ
910 4349 1191 4418 ποιοῦμεν.
1233 4349 1403 4401 ἔδωκε
1452 4349 1509 4401 δὲ
1558 4350 1740 4411 αὐτοῖς

1837 3257 1986 3311 tebat
2024 3257 2355 3326 lanuginem.
2388 3257 2490 3324 Qui
2533 3268 2802 3313 venerunt
2859 3261 2927 3314 ad
2976 3276 3063 3316 me
3108 3271 3408 3333 rogantes:

1836 3348 1940 3404 Ubi
1974 3359 2059 3405 est
2081 3350 2217 3405 cella
2247 3350 2471 3405 Macarii
2512 3351 2763 3407 abbatis?
2794 3351 2905 3423 Ego
2938 3371 2951 3408 :
2981 3352 3120 3408 Num
3148 3355 3301 3426 quid,
3331 3357 3415 3410 in-

1836 3456 2023 3511 quam,
2053 3457 2178 3497 eum
2210 3443 2413 3498 vultis?
2437 3444 2604 3498 Aiunt
2630 3463 2642 3499 :
2674 3444 2872 3499 Audita
2903 3446 3022 3501 eius
3068 3462 3132 3503 ac
3187 3446 3412 3505 Sceteos

1837 3529 1979 3584 fama
2004 3531 2267 3595 venimus,
2302 3542 2359 3585 ut
2379 3532 2658 3589 videamus
2679 3548 2823 3588 cum.
2845 3533 2973 3590 Dico
2992 3536 3060 3592 iis
3087 3554 3101 3591 :
3125 3535 3234 3608 Ego
3262 3552 3410 3594 sunt.

1836 3621 2109 3692 Factaque
2137 3625 2381 3693 corporis
2435 3624 2917 3682 inclinationezﬂic
2939 3669 2955 3695 ,
2988 3628 3278 3699 inquiunt,
3315 3645 3413 3686 cu-

1836 3713 2018 3782 pimus
2058 3728 2299 3768 manere.
2357 3713 2467 3786 Ego
2509 3730 2637 3771 vero
2683 3715 2875 3773 videns
2913 3733 3007 3774 eos
3045 3720 3309 3779 delicatos
3356 3733 3413 3778 et

1837 3805 1983 3858 velut
2016 3804 2069 3857 in
2092 3803 2301 3860 divitiis
2331 3806 2591 3860 educatos
2629 3807 2717 3861 aio
2739 3807 2886 3863 :Non
2915 3810 3144 3879 potestis
3171 3812 3411 3869 residere

1837 3895 1946 3950 hic.
1985 3896 2153 3950 Maior
2184 3895 2511 3966 respondet:
2555 3896 2615 3951 Si
2656 3914 2763 3953 non
2792 3914 3083 3968 possumus
3126 3917 3411 3961 remanere

1836 3988 1948 4051 hic,
1978 3989 2043 4043 ad
2071 3990 2235 4042 alium
2261 4003 2549 4058 pergemus
2580 3990 2779 4044 locum.
2802 3989 2938 4045 Tum
2966 4007 3085 4063 ego,
3116 3995 3257 4065 apud
3283 4012 3368 4053 me
3392 4017 3405 4052 :

1836 4078 1969 4142 Cur,
2004 4079 2258 4147 inquam,
2296 4080 2438 4149 pello
2462 4095 2587 4144 eos,
2629 4089 2683 4135 et
2729 4082 3046 4137 scandalum
3096 4088 3410 4154 patientur?

1837 4164 2015 4220 Labor
2050 4165 2263 4231 efficiet,
2299 4175 2359 4221 ut
2402 4178 2592 4237 sponte
2625 4168 2854 4239 fugiant.
2896 4169 3083 4242 Itaque
3127 4173 3253 4231 dico
3296 4178 3403 4233 iis:

1839 4256 2047 4323 Venite,
2080 4259 2385 4315 construite
2424 4260 2578 4316 vobis
2612 4262 2884 4329 cellulam,
2914 4264 2962 4319 si
2999 4268 3251 4336 potestis.
3286 4271 3403 4327 llli:

1838 4348 2074 4405 Ostende
2105 4350 2262 4404 nobis
2289 4350 2467 4405 locum
2501 4361 2555 4406 et
2588 4362 2991 4409 construemus.
3037 4355 3194 4411 Dedit
3223 4370 3403 4415 autem

172 4444 200 4494 6
227 4441 409 4511 γέρων
438 4440 671 4493 πέλεκυν
699 4442 744 4473 ⁸⁸
761 4440 856 4493 καὶ
887 4440 1193 4493 ἀνασολίδιν
1218 4441 1262 4473 ⁸⁸
1295 4440 1488 4510 μεστὸν
1514 4439 1740 4508 ψωμίων
1768 4514 1802 4518 _
1841 4442 1858 4496 i

1718 4458 1740 4492 ν
1768 4514 1802 4518 _
1841 4442 1908 4497 iis
1956 4455 2121 4495 senex
2168 4442 2427 4506 securim,
2468 4459 2761 4514 peramque
2803 4446 3017 4516 plenam
3062 4450 3311 4518 panibus,
3353 4462 3406 4507 et

174 4535 267 4585 καὶ
290 4532 448 4594 ἅλας.
478 4530 643 4598 ἔδειξε
666 4531 721 4583 δὲ
759 4532 941 4593 αὐτοῖς
968 4534 996 4584 6
1016 4531 1195 4601 γέρων
1222 4533 1317 4585 καὶ¹
1350 4531 1553 4603 πέτραν
1577 4533 1741 4602 σκλη-
1765 4514 1817 4575 Ῑ)
1844 4549 1862 4588 ε

1716 4562 1741 4572 -
1765 4514 1817 4575 Ῑ)
1844 4533 1944 4588 sal.
1985 4532 2345 4603 Ostenditque
2381 4543 2588 4605 petram
2630 4514 2822 4592 duram
2868 4514 3131 4597 monens:
3174 4514 3404 4613 Lapides

174 4625 275 4692 ρὰν
296 4622 502 4689 λέγων’
532 4621 872 4691 λατομήσατε
902 4616 1025 4686 ὦδε,
1056 4621 1151 4674 καὶ
1181 4620 1375 4691 φέρετε
1401 4623 1585 4684 αὐτοῖς
1610 4620 1739 4685 ξύλα
1846 4626 1862 4678 Ι

1715 4638 1739 4674 ι
1846 4624 1936 4678 hic
1976 4622 2216 4687 incidite.
2252 4632 2413 4694 atque
2452 4634 2666 4694 portate
2704 4627 2861 4683 vobis
2908 4628 3052 4699 ligna
3088 4646 3156 4686 ex
3186 4634 3403 4702 palude,

172 4715 237 4764 ὲκ
265 4712 362 4765 τοῦ
406 4711 559 4775 ἕλους
585 4751 601 4775 ,
630 4712 724 4764 καὶ
771 4711 1133 4780 στεγάσαντες
1170 4712 1447 4767 καθίσατε.
1492 4714 1741 4785 ἐνόμιζον
1845 4723 1860 4769 1

1720 4732 1741 4768 ν
1845 4722 2097 4785 tectoque
2141 4714 2396 4785 imposito
2437 4715 2692 4773 residete.
2745 4718 3013 4775 Putabam
3060 4732 3273 4787 autem,
3322 4727 3408 4780 iu-

171 4805 228 4857 δὲ
245 4802 378 4870 ἐγώ,
395 4802 577 4872 φησίν,
596 4803 677 4855 ὅτι
699 4802 950 4872 μέλλουσι
970 4802 1055 4856 διὰ
1070 4804 1163 4856 τὸν
1176 4804 1342 4857 κόπον
1358 4805 1657 4875 ἀναχωρεῖν
1672 4806 1736 4859 ⁸⁸.
1845 4823 1859 4862 t

1724 4845 1736 4859 .
1845 4807 1985 4877 quit,
2015 4815 2363 4877 eosipropter
2406 4807 2647 4864 laborem
2690 4824 3006 4867 recessuros
3034 4828 3175 4869 esse.
3232 4815 3406 4870 Porro

171 4895 466 4965 ἠρώτησαν
498 4894 556 4947 δέ
599 4911 666 4965 με
685 4933 701 4957 ,
731 4894 784 4946 τί
815 4893 1155 4964 ἐργάζωνται
1193 4888 1312 4948 ὦδε.
1343 4894 1486 4963 λέγω
1518 4898 1699 4961 αὐτοῖς
1846 4915 1859 4969 ι

1846 4899 2117 4969 petierunt
2147 4913 2175 4951 a
2200 4912 2307 4961 me,
2330 4897 2459 4967 quid
2483 4912 2549 4952 eo
2589 4899 2692 4952 loci
2718 4902 2993 4970 operaturi
3026 4912 3233 4960 essent.
3296 4904 3405 4963 Re-

170 4988 271 5055 τὴν
308 4987 530 5056 σειράν⁸
571 4987 666 5039 καὶ
711 4985 972 5055 λαμὸἁνω
1006 4986 1131 5056 βαΐα
1182 4988 1248 5039 ὲκ
1290 4987 1384 5039 τοῦ
1420 4986 1594 5051 ῑλους,
1639 4988 1733 5042 καὶ
1838 5007 1858 5047 s

1722 5002 1733 5041 ι
1838 4993 2110 5063 spondeo:
2148 4990 2379 5045 Plcctam
2426 4988 2608 5044 facite.
2638 4989 2983 5062 Sumptisque
3015 4992 3159 5049 foliis
3201 4997 3410 5065 palma.

169 5074 402 5126 δεικνύω
426 5074 609 5136 αὐτοῖς
644 5074 742 5144 τὴν
773 5073 946 5145 ἀρχὴν
976 5074 1077 5143 τῆς
1117 5075 1326 5145 σειρᾶς,
1373 5076 1466 5129 καὶ
1494 5077 1612 5141 πῶς
1639 5077 1735 5148 ῥά·
1839 5098 1857 5137 ι

1719 5106 1735 5118 -
1839 5098 1961 5137 rum
2002 5096 2032 5135 e
2060 5081 2285 5150 palude,
2330 5080 2563 5134 ostendo
2597 5080 2665 5137 iis
2710 5081 2922 5150 plectae
2966 5085 3321 5157 principium,
3352 5101 3407 5144 et

172 5182 332 5218 πτειν
362 5164 463 5225 δεῖ,
511 5165 606 5216 καὶ
642 5161 795 5217 εἷπον
819 5181 831 5193 ·
879 5168 1081 5217 ποιεῖτε
1118 5164 1413 5236 σπυρίδας,
1449 5168 1543 5221 καὶ
1592 5185 1729 5239 παρ-
1840 5190 1860 5243 ς

1714 5200 1729 5210 -
1840 5172 2114 5244 quomodo
2154 5185 2418 5227 censuere
2462 5181 2732 5242 oporteat,
2762 5179 2853 5229 et:
2906 5174 3123 5241 Facite,
3162 5178 3402 5247 inquam,

172 5255 328 5326 ἐχετε
348 5257 461 5317 τοῖς
487 5254 683 5322 φύλαξι
701 5295 717 5319 ,
748 5256 842 5308 καὶ
869 5256 1125 5326 φέρουσιν
1156 5257 1288 5326 ὑμῖν
1313 5257 1521 5327 ψωμία.
1552 5259 1735 5312 λοιπὸν
1844 5282 1860 5321 ε

1718 5278 1735 5312 ν
1844 5272 2081 5335 sportas,
2122 5279 2257 5333 quas
2294 5263 2518 5317 tradetis
2552 5265 2892 5330 custodibus,
2938 5267 2975 5321 ii
3014 5284 3141 5323 vero
3180 5271 3406 5326 afferent

170 5342 266 5398 οὖν
296 5344 407 5412 ἐγὼ
446 5344 788 5416 ἀνεχώρησα.
830 5346 983 5399 αὐτοὶ
1022 5346 1072 5399 δὲ
1109 5346 1227 5416 μεθ’
1260 5348 1539 5419 ὑπομονῆς
1565 5353 1740 5406 πάντα
1846 5372 1858 5399 1

1716 5369 1740 5405 ι
1846 5356 2000 5408 vobis
2034 5369 2221 5423 panes.
2250 5352 2453 5409 Deinde
2474 5354 2734 5410 abscessi.
2754 5357 2821 5412 At
2846 5358 2921 5412 illi
2948 5361 3216 5429 patienter
3244 5379 3404 5435 quae-

1437 5485 1689 5542 VARIAE
1742 5489 2151 5546 LECTIONES.

244 5576 293 5609 "
330 5575 421 5633 Sic
452 5592 551 5649 pro
572 5576 908 5638 ἁναόιϐάζω.
994 5581 1038 5611 ⁸⁷
1074 5578 1158 5635 ΑΙ.
1191 5581 1405 5651 κριταί.
1481 5584 1890 5642 ⁸³Α1.πέλυκα.
1966 5588 2011 5617 ¹⁹
2049 5588 2132 5640 Al.
2168 5587 2565 5641 ἁναὸολίδιον.
2644 5588 2687 5618 ⁸⁸
2721 5588 2808 5642 Al.
2848 5590 3109 5659 φεύγειν.

1661 5697 1909 5754 NOTAE.

1844 5794 2044 5864 Apost.
2071 5793 2224 5848 Tom.
2250 5794 2269 5848 l
2298 5812 2349 5864 p.
2387 5796 2512 5853 959.

245 5780 325 5922 ἔα)
348 5779 434 5835 Cf.
474 5779 588 5837 γν.
623 5781 727 5865 Pi’.
757 5784 939 5839 Rosw.
978 5785 1073 5842 lib.
1101 5786 1190 5841 Vll
1228 5805 1345 5859 cap.
1391 5788 1480 5850 12,
1510 5788 1564 5842 2.

272 5848 325 5921 ι)
363 5850 452 5907 Cf.
494 5852 727 5910 Consttt.
776 5855 963 5922 Apost.
1000 5855 1073 5922 ll,
1139 5858 1209 5913 26
1252 5860 1487 5917 Coleler.
1548 5859 1564 5913 Ι

272 5848 325 5921 ιν)
363 5850 452 5907 ει.
494 5852 727 5910 Constit.
776 5855 963 5926 Apost.
1000 5855 1073 5927 ιι,
1139 5858 1209 5913 ac
1252 5848 1487 5917 Cbleler.
1548 5858 1735 5916 Patres
1893 5848 2095 5933 '(cm.
2135 5848 2702 5939 Senteiiiidé'segypi.
2738 5862 2841 5922 rp.
2876 5866 2998 5923 l07.

363 5850 452 5907 Cf.
494 5852 727 5910 Constit.
776 5855 963 5926 Apost.
1000 5855 1073 5927 ll,
1139 5858 1209 5913 26
1252 5850 1487 5917 Coleler.
1548 5858 1735 5916 Patres
