4274 6358
847 394 961 453 255

1665 388 1763 445 SS.
1803 388 2263 445 MACARIORUM
2296 386 2622 445 AEGYPTII
2667 387 2751 441 ET
2787 383 3256 441 ALEXANDRINI

3985 390 4092 446 256

849 522 1063 577 cunque
1096 504 1477 559 mandaveram
1520 506 1766 558 exsecuti
1820 512 1970 568 sunt,
2020 521 2119 559 nec
2158 513 2426 559 venerunt
2456 506 2537 564 Ai

2408 513 2426 555 t
2456 513 2500 564 Λ
2530 504 2811 572 ἐποίησαν,
2846 504 2947 556 ὅσα
2993 498 3145 555 εἷπον
3171 503 3354 563 αὐτοῖς
3380 517 3393 529 ·
3426 502 3517 553 καὶ
3558 500 3619 553 ού
3665 499 3973 571 παρέϐαλόν
4009 521 4096 572 μοι

852 602 918 654 ad
948 615 1033 653 me
1063 598 1239 651 tribus
1274 596 1453 650 annis.
1497 594 1610 665 Ego
1655 610 1781 648 vero
1818 598 2037 649 assidue
2073 611 2195 648 cum
2240 597 2425 648 animo

852 707 974 745 meo
995 690 1352 750 colluctabar,
1384 696 1673 757 reputans:
1707 687 1923 755 Ecquae
1957 698 2039 741 est
2072 703 2257 741 eorum
2292 703 2425 757 epe-

853 783 1012 845 ratio,
1049 780 1191 848 quod
1232 794 1339 831 non
1374 778 1703 831 accesserint
1748 778 2133 845 iuterrogaturi
2169 777 2234 830 de
2265 777 2420 845 cogi-

854 872 1099 927 talione?
1144 870 1243 936 Qui
1293 871 1483 939 procul
1528 870 1793 929 habitant,
1841 871 2061 921 veniunt
2087 869 2151 921 ad
2199 885 2282 922 me
2317 888 2329 921 :
2370 876 2425 921 et

854 966 944 1018 isti
995 981 1115 1018 cum
1173 964 1461 1033 propinqui
1517 963 1643 1023 sint,
1686 976 1790 1014 non
1828 968 2195 1025 accesserunt,
2229 976 2325 1013 nec
2358 959 2424 1012 ad

853 1057 989 1108 alios
1014 1055 1240 1124 profecti
1275 1062 1436 1107 sunt:
1462 1052 1742 1104 dumtaxat
1775 1060 2003 1120 pergunt
2035 1050 2100 1102 ad
2137 1052 2423 1105 ecclesiam

852 1149 1028 1209 taciti,
1054 1156 1112 1200 ut
1146 1148 1417 1214 accipiant
1448 1145 1792 1198 oblationem.
1837 1145 2015 1213 Atque
2048 1146 2198 1197 oravi
2245 1144 2427 1197 Domi-

853 1256 1004 1300 num,
1048 1240 1299 1293 ieiunans
1336 1254 1441 1290 una
1478 1236 1831 1298 hebdomade,
1863 1244 1921 1289 ut
1954 1237 2274 1306 dignaretur
2322 1239 2423 1291 iiii-

854 1333 907 1384 1ιί
956 1331 1243 1384 ostendere
1286 1331 1654 1398 operationem
1706 1344 1914 1381 eorum.
1957 1327 2085 1383 Post
2135 1330 2428 1383 hebdoma—

855 1426 976 1476 dem
1024 1440 1153 1477 vero
1190 1438 1419 1491 surgens
1472 1423 1537 1474 ad
1571 1438 1665 1475 eos
1718 1424 1846 1483 abii,
1886 1431 1944 1475 ut
1991 1424 2252 1485 intuerer,
2296 1440 2429 1491 quo-

856 1515 1016 1567 modo
1036 1520 1275 1581 agerent.
1298 1512 1363 1563 Et
1392 1528 1513 1565 cum
1536 1513 1838 1579 pulsassem
1868 1521 2213 1579 aperuerunt,
2240 1528 2433 1579 meque

858 1607 1171 1657 salutarunt
1203 1620 1323 1657 cum
1364 1604 1601 1657 silentio.
1640 1602 1761 1655 Feci
1803 1603 2128 1665 orationem,
2186 1613 2239 1657 et
2292 1604 2427 1659 sedi.

858 1696 1030 1750 Maior
1063 1697 1237 1751 innuit
1281 1696 1497 1757 minori,
1535 1701 1593 1745 ut
1624 1694 1987 1761 egrederetur,
2041 1695 2261 1763 ipseque
2292 1696 2433 1748 sedit

859 1788 925 1839 ad
954 1786 1343 1840 conﬁciendam
1370 1786 1619 1853 plectam.
1650 1799 1744 1837 nec
1766 1786 2057 1853 quidquam
2084 1784 2426 1852 loquebatur.

861 1877 941 1929 Ad
983 1878 1169 1930 horam
1196 1891 1325 1929 vero
1360 1890 1558 1927 nonam
1593 1876 1875 1943 strepitum
1910 1876 2099 1929 edidit.
2153 1873 2311 1927 Venit
2347 1875 2423 1927 iu-
2464 1862 2503 1915 Β

859 1967 1002 2030 nior,
1020 1968 1143 2020 fecit
1167 1967 1384 2035 paulum
1404 1966 1740 2035 polentae,ac
1760 1965 1961 2019 maiore
1982 1965 2239 2018 innuente
2258 1966 2427 2033 adpo-

858 2059 966 2110 suit
1002 2072 1263 2117 mensam,
1304 2071 1537 2124 cumque
1578 2071 1741 2123 super
1784 2070 1901 2109 eam
1962 2066 2073 2108 tres
2129 2056 2427 2123 paximates

860 2149 1153 2219 posuisset,
1180 2147 1326 2201 stetit
1356 2155 1562 2201 tacens.
1586 2146 1697 2215 Ego
1723 2162 1848 2199 vero
1889 2147 2030 2199 dixi:
2065 2147 2303 2216 Surgite,
2335 2162 2427 2198 co-

861 2239 1652 2305 medamus.Etconsurgentes
1688 2239 1865 2291 cibum
1894 2240 2245 2305 sumpsimus.
2280 2238 2429 2290 Attii-

871 2335 935 2386 lit
977 2333 1222 2395 baucale,
1252 2346 1315 2384 ac
1337 2332 1591 2385 bibimus.
1628 2330 1695 2384 Ut
1720 2340 1895 2384 autem
1929 2331 2144 2383 advenit
2178 2345 2425 2400 vespera,

867 2424 1056 2477 dicunt
1093 2424 1221 2477 mihi
1254 2422 1625 2478 :Recedisne?
1668 2423 1940 2491 Respondi
1976 2422 2167 2484 :Non,
2204 2422 2297 2477 sed
2342 2424 2430 2475 hic

866 2517 1099 2569 dormio.
1138 2514 1292 2568 Unde
1321 2515 1768 2583 posueruntmilii
1804 2522 2035 2567 stoream
2064 2530 2127 2566 ex
2172 2522 2345 2582 parte,
2376 2521 2428 2566 et

864 2609 967 2661 sibi
1003 2606 1070 2658 ad
1111 2606 1367 2675 angulum
1416 2620 1479 2658 ex
1514 2614 1688 2674 parte,
1742 2612 1795 2656 et
1842 2604 2219 2671 deposuerunt
2264 2619 2430 2658 zonas

862 2713 994 2753 Suas
1023 2704 1075 2750 et
1108 2696 1496 2758 succinctoria,
1540 2696 1807 2762 simulque
1840 2696 2242 2747 collocaverunt
2278 2710 2334 2748 se
2376 2696 2429 2747 in

863 2798 1029 2842 matta
1069 2797 1192 2840 ante
1241 2802 1345 2839 me.
1390 2786 1641 2840 Ceterum
1683 2794 1966 2853 postquam
2009 2794 2431 2853 composuerunt

864 2896 944 2943 se,
973 2880 1121 2933 oravi
1156 2878 1341 2939 Deum,
1375 2887 1433 2930 ut
1466 2879 1594 2930 mihi
1632 2878 1997 2945 Operationem
2040 2892 2228 2929 eorum
2276 2893 2429 2931 reve-

864 2973 1020 3025 laret.
1060 2970 1214 3024 Tunc
1260 2978 1507 3039 apertum
1550 2978 1633 3022 est
1676 2978 1901 3029 tectum,
1949 2974 2176 3036 ortaque
2214 2976 2299 3021 est
2342 2969 2433 3021 lux

862 3061 1012 3114 velut
1044 3075 1137 3127 per
1165 3058 1342 3113 diem:
1380 3058 1482 3125 ipsi
1523 3066 1702 3109 autem
1755 3071 1861 3109 non
1898 3058 2194 3109 cernebant
2235 3057 2428 3109 lucem.

866 3152 1001 3205 Cum
1039 3166 1164 3203 vero
1207 3150 1583 3203 existimarent
1636 3147 1878 3200 dormire
1937 3162 2041 3210 me,
2082 3148 2251 3201 maior
2299 3148 2433 3200 fodit

864 3239 1093 3293 minoris
1126 3239 1285 3291 latus.
1312 3236 1677 3303 Consurgunt,
1709 3235 1936 3302 cingunt
1966 3250 2023 3288 se
2051 3243 2103 3287 et
2124 3235 2437 3303 expandunt

866 3344 1061 3383 manus
1103 3329 1167 3381 ad
1202 3329 1435 3381 coelum.
1479 3325 1645 3378 Porro
1690 3341 1790 3394 ego
1830 3326 2113 3378 cernebam
2153 3341 2286 3392 eos;
2333 3328 2435 3395 ipsi

866 3436 976 3474 non
1001 3421 1257 3473 videbant
1289 3434 1392 3471 me.
1425 3418 1600 3484 Atque
1630 3415 1735 3467 vidi
1771 3415 2066 3468 daemones
2097 3414 2270 3469 instar
2297 3432 2439 3471 mus-

867 3528 1079 3570 carum.
1103 3511 1382 3563 venientes
1412 3524 1574 3576 super
1608 3510 1907 3569 minorem;
1956 3522 2188 3575 quorum
2223 3508 2313 3561 alii
2343 3524 2437 3561 ac-

867 3603 1156 3662 cedebant,
1190 3610 1249 3652 ut
1285 3600 1537 3652 sederent
1601 3600 1653 3650 in
1688 3612 1781 3650 ore
1823 3598 1968 3659 eius,
2016 3599 2104 3650 alii
2150 3598 2201 3650 in
2242 3600 2435 3654 oculis.

870 3693 1042 3747 Simul
1083 3692 1345 3759 conspexi
1375 3691 1624 3758 angelum
1652 3689 1862 3742 Domini
1901 3698 2165 3742 tenentem
2200 3690 2435 3758 gladium

870 3785 1035 3854 ignis,
1085 3783 1584 3836 circumvallantem
1633 3797 1779 3844 eum,
1812 3782 2211 3851 daemonesque
2248 3784 2316 3837 ab
2373 3799 2438 3837 eo

868 3877 1282 3946 propellentem.
1332 3878 1399 3927 At
1444 3874 1635 3926 maiori
1685 3888 1793 3925 non
1852 3880 2100 3941 poterant
2146 3876 2436 3942 appropin-

869 3983 1062 4036 quare.
1104 3968 1257 4020 Circa
1292 3964 1616 4018 matutinum
1642 3979 1771 4017 vero
1808 3973 2019 4032 tempus
2043 3967 2435 4020 recubuerunt:

871 4067 1033 4126 atque
1054 4073 1152 4126 ego
1166 4056 1457 4109 assimilavi
1485 4070 1569 4107 me
1599 4070 1720 4107 mox
1743 4054 2209 4122 expergefactum;
2229 4058 2439 4126 ipsique

872 4149 1145 4205 similiter.
1204 4146 1316 4199 lloc
1359 4156 1535 4199 autem
1572 4146 1853 4197 dumtaxat
1900 4144 2029 4197 mibi
2061 4146 2305 4202 elocutus
2358 4157 2439 4203 est

873 4240 1100 4290 verbum
1132 4238 1344 4303 major:
1394 4235 1485 4289 Vis
1525 4238 1818 4289 recitemus
1845 4234 2127 4289 duodecim
2168 4239 2439 4305 psalmos?

876 4333 1012 4384 Aio:
1054 4330 1246 4381 Etiam.
1270 4328 1404 4381 Tum
1438 4330 1620 4396 psallit
1653 4329 1827 4379 minor
1855 4328 2093 4396 quinque
2125 4330 2383 4396 psalmos,
2410 4347 2437 4383 a

877 4440 969 4477 sex
992 4422 1262 4483 versibus,
1282 4428 1335 4472 et
1362 4436 1527 4471 unum
1551 4418 1958 4487 alleluia,atque
1980 4418 2044 4471 ad
2078 4435 2439 4489 unumquem-

2530 597 2622 646 ἐπὶ
2654 595 2781 663 τρία
2822 593 2937 663 ἔτη.
2979 595 3073 647 καὶ
3109 594 3298 663 ἔμεινα
3341 593 3592 661 πολεμῶν
3636 596 3749 654 τοῖς
3795 593 4094 663 λογισμοῖς,

2528 686 2699 753 λέγων
2725 702 2737 713 ·
2772 686 2855 748 τίς
2884 688 2991 756 ἄρα
3020 686 3165 739 ἐστὶν
3196 688 3228 755 ἡ
3259 685 3487 755 ἐργασία
3521 685 3721 745 αὐτῶν,
3749 685 3835 736 ὅτι
3864 686 3966 737 ούκ
4002 680 4097 754 ἦλ-

2529 780 2619 831 θον
2649 780 2922 848 ἐρωτῆσαι
2954 779 3248 847 λογισμόνς
3288 780 3335 830 οἱ
3362 779 3470 830 ἀπὸ
3512 777 3746 847 μήκοθεν
3774 779 3814 807 ³¹
3844 778 4096 846 ἔρχονται

2528 871 2663 941 πρός
2701 888 2766 940 με
2788 889 2799 901 ·
2834 873 2927 923 καὶ
2957 864 3101 922 οὗτοι
3138 872 3187 921 οἱ
3218 872 3379 939 ἐγγὺς
3416 872 3514 923 οὐκ
3558 866 3742 939 ἦλθον,
3774 870 3933 938 261
3974 868 4095 920 οὕτε

2528 962 2583 1014 δὲ
2610 963 2743 1031 πρὸς
2773 962 2962 1025 ἄλλους
2992 963 3198 1030 ὑπῆγον
3222 978 3234 989 ·
3268 964 3315 1013 εί
3360 962 3433 1032 μὴ
3468 964 3626 1031 μόνον
3652 965 3727 1023 εἰς
3762 962 3859 1029 τὴν
3899 960 4096 1027 ἐκκλη-

2531 1048 2649 1101 σίαν
2679 1050 3009 1113 σιωπῶντες,
3033 1050 3213 1101 λαϐεῖν
3240 1051 3337 1120 τὴν
3363 1052 3697 1121 προσφοράν.
3725 1052 3819 1101 καὶ
3843 1051 4097 1119 ηὐξάμην

2528 1141 2606 1210 τῷ
2635 1142 2753 1211 Θεῷ
2786 1143 3084 1213 νηστεύσας
3128 1143 3224 1212 τὴν
3256 1143 3545 1212 ἑϐδομάδα,
3583 1144 3670 1199 ἵνα
3698 1144 3846 1214 δείξῃ
3880 1160 3969 1210 μοι
3999 1144 4097 1209 τὴν

2530 1235 2794 1304 ἐργασίαν
2839 1235 3038 1287 αὐτῶν.
3085 1236 3322 1296 ἀναστάς
3366 1235 3421 1286 δὲ
3473 1237 3609 1303 μετά
3646 1235 3743 1302 τὴν
3784 1232 4095 1302 ἑϐδομάδα,

2530 1328 2770 1396 ἀπῆλθον
2802 1328 2935 1396 πρὸς
2965 1329 3161 1391 αὐτοὺς
3186 1330 3332 1391 ἰδεῖν,
3364 1328 3479 1390 πῶς
3510 1328 3792 1396 κάθηνται·
3821 1328 3912 1378 καὶ
3940 1326 4100 1395 κρού-

2532 1421 2723 1480 σαντος
2758 1437 2855 1487 μου
2892 1418 3147 1488 ἀνέῳξαν,
3178 1420 3273 1470 καὶ
3300 1419 3613 1486 ἠσπάσαντό
3652 1436 3716 1486 με
3748 1417 4095 1477 σιωπῶντες·

2530 1510 2625 1560 καὶ
2653 1511 2883 1579 ποιήσας
2932 1510 3094 1578 εὐχὴν
3127 1510 3376 1562 ἐκάθισα.
3409 1510 3604 1572 νεύσας
3633 1511 3688 1561 ἑὲ
3718 1512 3744 1561 6
3788 1510 3991 1577 μείζων
4023 1510 4100 1575 τῷ

2535 1602 2844 1670 μικροτέρῳ
2878 1601 3133 1665 ἐξελθεῖν,
3182 1603 3401 1653 ἐκάθισε
3453 1601 3668 1652 πλέκειν
3698 1602 3741 1630 ³³
3785 1600 3882 1667 τὴν
3913 1600 4101 1667 σειρὰν

2532 1692 2766 1762 λαλήσας
2796 1695 2979 1763 μηδὲν,
3013 1696 3105 1746 καὶ
3133 1698 3196 1763 τῇ
3231 1695 3348 1764 ὥρα
3374 1695 3472 1761 τῆς
3502 1694 3695 1761 ἐνάτης
3727 1693 3979 1761 ἔκρουσε,
4008 1694 4103 1743 καὶ

2530 1780 2691 1854 ἦλθεν
2721 1786 2748 1836 6
2775 1785 3035 1855 νεώτερος
3065 1787 3129 1847 ³³,
3169 1790 3261 1838 καὶ
3291 1786 3510 1855 ἐποίησε
3542 1786 3733 1855 μικρὸν
3764 1786 3865 1853 ἔψη
3878 1803 3973 1852 μα,
4010 1784 4103 1835 καὶ

2532 1875 2811 1946 παρέθηκε
2836 1878 3131 1944 τράπεζαν,
3159 1876 3444 1937 νεύσαντος
3468 1876 3615 1944 αύτῷ
3632 1876 3724 1926 τοῦ
3747 1876 4065 1945 μειζοτέρου
4084 1892 4096 1902 ·

2534 1970 2626 2019 καὶ
2652 1968 2845 2039 ἔθηκεν
2872 1971 2951 2031 εἰς
2978 1970 3143 2040 αὐτὴν
3165 1973 3311 2039 τρεῖς
3337 1970 3674 2034 παξαμάδας,
3700 1970 3792 2020 καὶ
3818 1970 3946 2035 ἔστη
3977 1984 4104 2018 σιω-

2534 2060 2670 2111 πῶν.
2703 2060 2811 2127 ἐγὼ
2838 2061 2894 2113 δὲ
2931 2057 3083 2113 εἷπον
3108 2077 3121 2091 ·
3173 2062 3473 2131 ἐγείρεσθε,
3524 2061 3802 2130 φάγωμεν.
3846 2060 3942 2111 καὶ
3971 2060 4103 2111 ἀνα-

2536 2152 2755 2214 στάντες
2796 2154 3088 2221 ἐφάγομεν.
3149 2154 3242 2205 καὶ
3288 2155 3483 2222 ἣνεγκε
3532 2153 3593 2203 τὸ
3646 2152 3954 2220 βαυκάλιον,
4006 2152 4103 2203 καὶ

2534 2244 2777 2312 ἐπίομεν.
2811 2243 2884 2305 ὠς
2916 2244 2972 2295 δὲ
3020 2244 3237 2309 ἐγένετο
3272 2244 3502 2313 ἑσπέρα,
3556 2240 3769 2309 λέγουσί
3812 2257 3937 2309 μοι·
3993 2241 4102 2293 ὐπ-

2534 2334 2720 2401 άγειςς
2748 2334 2858 2401 ἐγὼ
2884 2335 2941 2386 δὲ
2979 2330 3158 2386 εἷπον·
3203 2334 3343 2403 οὐχί,
3382 2334 3495 2387 ἀλλ’
3523 2327 3621 2384 ὧδε
3655 2333 3957 2402 κοιμῶμαι.
4007 2335 4104 2385 καὶ

2534 2427 2734 2496 ἐθηκάν
2769 2444 2856 2494 μοι
2886 2425 3103 2494 ψιάθιον
3134 2426 3283 2496 παρὰ
3316 2425 3483 2496 μέρος
3504 2466 3519 2487 ,
3544 2427 3637 2477 καὶ
3663 2428 3875 2486 ἑαυτοῖς
3896 2428 3976 2486 είς
4004 2426 4104 2492 τὴν

2533 2520 2734 2586 γωνίαν
2771 2520 2814 2549 ³⁶
2857 2519 3006 2588 παρὰ
3051 2518 3229 2587 μέρος.
3278 2519 3370 2569 καὶ
3422 2514 3562 2587 ἦραν
3592 2519 3751 2586 262
3790 2519 3887 2578 τάς
3927 2518 4104 2580 ζώνας

2534 2610 2714 2662 αὐτῶν
2762 2611 2856 2661 καὶ
2909 2612 3035 2672 τοὺς
3077 2610 3413 2672 ἀναλάϐους,
3465 2611 3559 2661 καὶ
3612 2609 3813 2679 ἔθηκαν
3866 2610 4099 2671 ἑαυτοὺς

2534 2701 2669 2770 ὁμοῦ
2698 2704 2775 2763 είς
2804 2702 2864 2752 τὸ
2905 2700 3120 2769 ψιάθιον
3158 2701 3465 2771 ἔμπροσθέν
3506 2720 3626 2770 μου.
3678 2702 3751 2763 ώς
3795 2701 3851 2751 δὲ
3898 2700 4104 2770 ἔθηκαν

2537 2790 2779 2852 ἑαυτούς,
2814 2790 3064 2859 ηύξὰμην
3110 2790 3187 2859 τῷ
3222 2790 3358 2858 θεῷ,
3389 2791 3475 2842 ἵνα
3509 2808 3597 2858 μοι
3636 2789 3961 2860 ἀποκαλύψῃ
4006 2788 4107 2857 τὴν

2536 2882 2795 2951 ἐργασίαν
2828 2882 3028 2933 αὐτῶν.
3070 2881 3163 2933 καὶ
3193 2881 3439 2950 ἠνεῴχθη
3472 2884 3501 2949 ὴ
3536 2882 3721 2950 στέγη,
3768 2883 3863 2933 καὶ
3887 2881 4107 2947 ἐγένετο

2538 2972 2653 3041 φῶς
2675 2972 2749 3033 ὼς
2777 2975 2960 3041 ἡμέρα
2988 2973 3053 3003 ³⁵·
3084 2974 3233 3023 αὐτοὶ
3259 2973 3312 3023 δέ
3342 2975 3439 3024 ούκ
3467 2973 3731 3041 ἐθεώρουν
3758 2974 3817 3024 τὸ
3853 2974 3989 3039 φῶς.
4015 2975 4107 3025 καὶ

2537 3063 2611 3124 ὼς
2637 3064 2883 3131 ἐνόμιζον
2922 3064 3004 3114 ὅτι
3053 3063 3356 3131 κοιμῶμαι,
3401 3066 3586 3114 νύσσει
3614 3068 3641 3116 6
3672 3064 3870 3132 μείζων
3896 3065 3989 3115 τὸν
4021 3083 4107 3133 μι-

2536 3154 2790 3223 κρότερον
2818 3155 2896 3216 εἰς
2932 3155 3031 3224 τὴν
3063 3156 3299 3224 πλευράν
3318 3197 3331 3220 ,
3368 3157 3461 3207 καὶ
3488 3158 3812 3225 ἐγείρονται,
3848 3156 3943 3208 καὶ
3970 3156 4108 3219 ζων-

2538 3247 2597 3295 νῦ
2611 3263 2692 3296 σιν
2722 3245 2767 3275 ⁸⁸
2802 3245 3027 3307 ἑαυτούς
3053 3287 3066 3306 ,
3110 3249 3205 3297 καὶ
3234 3248 3530 3299 ἐκτείνουσι
3558 3248 3658 3309 τὰς
3691 3252 3880 3317 χεῖρας
3906 3249 3986 3311 είς
4016 3249 4107 3300 τὸν

2536 3334 2783 3405 οὐρανόν.
2811 3336 2904 3385 καὶ
2934 3332 3200 3405 ἐθεώρουν
3222 3337 3435 3398 αύτούς·
3467 3338 3619 3389 αὐτοὶ
3639 3338 3695 3388 δὲ
3716 3340 3814 3389 οὐκ
3836 3337 4107 3407 ἐθεώρουν

2541 3426 2737 3494 με·καὶ
2764 3422 2901 3476 εἶδον
2931 3428 3054 3487 τοὺς
3084 3426 3341 3494 δαίμονας
3372 3429 3696 3497 ἐρχομένους
3729 3429 3917 3498 ὥσπερ
3943 3431 4107 3497 μυίας

2536 3515 2629 3566 ἐπὶ
2664 3514 2753 3565 τὸν
2786 3514 3137 3584 μικρότερον·
3172 3516 3263 3568 καὶ
3304 3519 3351 3567 oi
3384 3520 3480 3586 μὲν
3508 3518 3736 3588 ἤρχοντο
3770 3519 3996 3571 καθίσαι
4030 3520 4105 3580 είς

2536 3606 2595 3657 τὸ
2622 3606 2791 3674 στόμα
2822 3606 3006 3669 αὑτοῦ,
3034 3609 3083 3658 οἱ
3118 3608 3173 3659 δὲ
3202 3611 3279 3669 είς
3301 3611 3424 3669 τοὺς
3447 3610 3755 3679 ὀφθαλμοὺς
3786 3613 3972 3665 αὑτοῦ.
4012 3618 4103 3666 καὶ

2538 3696 2673 3751 εἶδον
2708 3699 2933 3767 ἄγγελον
2958 3700 3145 3767 κυρίου
3175 3701 3469 3768 κατέχοντα
3493 3702 3763 3770 ῥομφαίαν
3790 3704 3985 3772 πυρός,
4012 3708 4105 3757 καὶ

2539 3791 3008 3861 περιχαρακοῦντα
3046 3791 3206 3844 αὑτὸν
3248 3792 3340 3843 καὶ
3379 3791 3642 3843 διώκοντα
3675 3794 3802 3855 τοὺς
3843 3794 4105 3863 δαίμονας

2537 3878 2631 3929 ἀπ’
2659 3878 2840 3931 αὑτοῦ.
2873 3879 2951 3947 τῷ
2982 3876 3037 3930 δὲ
3069 3880 3363 3948 μειζοτέρῳ
3390 3881 3488 3932 οὐκ
3516 3881 3766 3934 ἐδύναντο
3810 3886 4107 3951 προσεγγί-

2540 3984 2650 4022 σαι.
2680 3969 2773 4020 καὶ
2802 3970 2877 4030 ὼς
2909 3969 3036 4038 περὶ
3065 3969 3161 4038 τὴν
3188 3970 3396 4038 πρωῖαν
3428 3969 3628 4038 ἔθηκαν
3659 3972 3881 4033 ἑαυτούς
3903 3989 3916 4000 ·
3952 3975 4109 4041 κάγὼ

2540 4060 2769 4128 ἐποίησα
2802 4060 3035 4128 ἐμαυτὸν
3065 4058 3145 4114 ὅτι
3168 4061 3505 4130 διυπνίσθην,
3527 4064 3619 4115 καὶ
3644 4064 3797 4115 αὐτοὶ
3818 4064 4103 4129 ὡσαύτως.

2538 4145 2657 4201 εἷπε
2681 4150 2737 4201 δέ
2770 4168 2858 4219 μοι
2887 4154 2915 4203 6
2944 4151 3143 4220 μείζων
3176 4154 3266 4203 τὸν
3296 4153 3452 4220 λόγον
3482 4152 3669 4206 τοῦτον
3698 4157 3855 4223 μόνον
3880 4174 3894 4187 ·
3930 4158 4106 4221 θέλεις

2542 4241 2787 4310 βάλωμεν
2820 4244 2943 4305 τοὺς
2970 4242 3173 4295 δώδεκα
3194 4245 3351 4313 263
3373 4245 3617 4313 ψαλμούς
3640 4264 3653 4307 ;
3688 4248 3850 4313 λέγω·
3876 4248 3985 4299 ναί·
4012 4251 4108 4301 καὶ

2537 4329 2727 4397 ψάλλει
2757 4332 2784 4383 6
2827 4332 3147 4401 μικρότερος
3192 4335 3351 4384 πέντε
3379 4335 3625 4403 ψαλμοὺς
3667 4337 3773 4388 ἀπὸ
3811 4337 3869 4401 ἒξ
3909 4340 4106 4407 στίχων

2540 4419 2633 4471 καὶ
2666 4419 2723 4471 ἓν
2752 4420 3063 4489 ἀλληλούια.
3104 4422 3195 4473 καὶ
3223 4425 3361 4475 κατὰ
3388 4424 3566 4493 στίχον
3592 4426 3850 4493 ἐξήρχετο
3878 4426 4107 4496 λαμπάς

875 4530 980 4581 que
1006 4527 1220 4566 versum
1264 4511 1446 4563 exibat
1485 4510 1627 4579 ignis
1674 4510 1878 4577 lampas
1919 4525 1984 4562 ex
2025 4524 2118 4562 ore
2155 4509 2294 4579 ejus,
2340 4512 2437 4563 ad-
2469 4530 2512 4583 ο
2540 4528 2563 4561 τ

2418 4542 2437 4552 -
2469 4530 2512 4583 D
2540 4510 2709 4578 πυρὸς
2735 4511 2797 4562 ἐκ
2824 4511 2917 4562 τοῦ
2946 4511 3209 4580 στόματος
3238 4513 3424 4579 αὐτοῦ,
3459 4515 3549 4567 καὶ
3581 4516 3859 4567 ἀνέϐαινεν
3892 4518 3972 4578 είς
4015 4519 4106 4570 τὸν

876 4604 1277 4671 scendebatque
1327 4603 1381 4654 in
1429 4603 1658 4655 coelum.
1703 4600 1826 4653 Pari
1858 4600 2018 4653 modo
2052 4602 2216 4654 etiam
2266 4604 2439 4669 major

874 4697 1094 4765 quando
1124 4694 1399 4763 aperiebat
1429 4710 1490 4747 os
1522 4708 1675 4746 suum
1706 4693 2002 4761 psallendo,
2028 4702 2280 4762 tanquam
2304 4694 2441 4747 funi-

875 4787 1035 4840 culus
1066 4784 1205 4853 ignis
1254 4784 1651 4851 egrediebatur,
1688 4790 1740 4833 et
1790 4780 2131 4849 pertingebat
2179 4796 2349 4849 usque
2384 4785 2435 4836 in

877 4879 1107 4932 coelum.
1147 4878 1317 4930 Etiam
1356 4890 1455 4942 ego
1493 4889 1779 4942 parumper
1812 4889 1875 4926 ex
1924 4881 2141 4941 pectore
2193 4876 2435 4930 recitavi.

880 4970 1008 5023 Dein
1030 4968 1217 5022 exiens
1236 4966 1378 5018 dixi:
1407 4965 1569 5018 Orate
1595 4980 1692 5032 pro
1729 4979 1830 5017 me.
1870 4962 1975 5032 lpsi
2004 4972 2182 5017 autem
2207 4966 2433 5018 inclina-

883 5068 1071 5115 verunt
1098 5074 1157 5112 se
1190 5067 1244 5112 et
1278 5065 1582 5111 tacuerunt.
1610 5055 1859 5123 Comperi
1904 5070 2052 5123 ergo,
2080 5055 2222 5122 quod
2259 5056 2431 5125 major

884 5152 1150 5221 perfectus
1188 5157 1351 5209 esset,
1396 5149 1656 5199 minorem
1698 5160 1827 5198 vero
1871 5144 2047 5197 adhuc
2093 5144 2433 5213 impugnaret

882 5244 1152 5297 inimicus.
1199 5240 1446 5294 Ceterum
1499 5247 1621 5307 post
1684 5252 1884 5305 paucos
1938 5236 2053 5289 dies
2103 5235 2432 5288 obdormivit

2538 4600 2779 4666 οὐρανόν.
2807 4599 3063 4662 ὡσαύτως
3086 4602 3180 4653 καὶ
3212 4602 3239 4652 6
3279 4604 3480 4670 μείζων
3509 4605 3596 4656 ὅτε
3623 4606 3804 4673 ἤνοιγε
3835 4607 3897 4657 τὸ
3927 4609 4104 4676 στόμα

2538 4688 2701 4740 αὐτοῦ
2740 4688 2977 4755 ψάλλων,
3006 4689 3078 4750 ὡς
3118 4691 3346 4759 σχοινίον
3378 4692 3548 4761 πυρὸς
3587 4694 3661 4758 (a)
3696 4693 3972 4762 ἐξήρχετο,
4007 4697 4106 4747 καὶ

2536 4781 2763 4847 ἔφθανεν
2802 4780 2907 4841 ἕως
2938 4782 3031 4832 τοῦ
3075 4782 3317 4851 ούρανοῦ.
3372 4783 3524 4849 κάγὼ
3552 4780 3703 4836 εἷπον
3756 4786 3949 4854 μικρὸν
3994 4788 4106 4839 ἀπὸ

2540 4872 2788 4940 στήθους.
2826 4873 2919 4923 καὶ
2950 4872 3177 4933 ἐξελθὼν
3213 4875 3352 4941 λέγω
3380 4891 3393 4905 ·
3448 4874 3675 4938 εὖξασθε
3706 4876 3833 4944 περὶ
3861 4877 3903 4907 ³⁷
3940 4878 4097 4945 ἐμοῦ.

2538 4964 2688 5015 αὐτοὶ
2722 4963 2778 5015 δὲ
2817 4962 3005 5015 ἔϐαλον
3058 4966 3342 5031 μετάνοιαν
3390 4966 3721 5029 σιωπῶντες.
3769 4966 3967 5035 ἔμαθον
4006 4966 4104 5019 οὖν

2536 5058 2613 5108 ὅτι
2654 5058 2681 5108 6
2729 5054 2927 5125 μείζων
2954 5056 3152 5119 τέλειός
3188 5060 3321 5121 ἐστι,
3355 5058 3431 5127 τῷ
3462 5059 3517 5111 δὲ
3565 5060 3869 5129 μικροτέρῳ
3915 5060 4104 5129 ἀκμὴν

2536 5146 2791 5215 ἐπολέμει
2838 5150 2865 5199 ὁ
2907 5147 3118 5217 ἐχθρός.
3154 5149 3290 5217 μετὰ
3331 5149 3387 5201 δὲ
3444 5150 3647 5219 μικράς
3680 5152 3890 5219 ἡμέρας
3956 5152 4102 5202 ἐκοι-

2541 5236 2681 5306 μήθη
2720 5238 2748 5289 6
2786 5234 2984 5306 μείζων
3008 5238 3263 5305 ἁδελφός,
3295 5240 3387 5291 καί
3421 5239 3486 5309 τῇ
3528 5242 3685 5311 τρίτῃ
3713 5242 3895 5311 ἡμέρᾳ
3931 5241 3960 5292 6
4009 5259 4089 5311 μι-

2126 5343 2380 5397 VARIAE
2416 5343 2810 5400 LECTIONES.

948 5461 986 5491 "
1030 5458 1114 5513 Al.
1144 5461 1455 5527 μακρόθεν.
1572 5461 1611 5490 ²¹
1647 5459 1728 5510 ΑΙ.
1772 5458 2027 5510 πλέκων.

902 5528 924 5559 ⁸
961 5526 1393 5593 (ΖοηἿῸΟιὲιετ.
1421 5529 1734 5589 ζώνουσιν;
1764 5530 1826 5580 al.
1869 5526 2207 5587 ζωννύουσι.

2140 5458 2185 5488 ³³
2222 5458 2304 5510 Al.
2340 5462 2701 5527 μικρότερος.

2286 5528 2326 5557 ³⁷
2367 5529 2447 5581 Al.
2500 5528 2667 5595 ὺπέρ.

2816 5462 2859 5492 ³⁸
2898 5461 2983 5515 Al.
3022 5462 3188 5517 inser.
3220 5463 3437 5531 ἄλλην.
3544 5466 3587 5497 ³⁸
3640 5464 3723 5517 Al.
3784 5463 3852 5515 ἐν·
3879 5463 4092 5533 ἡμέρᾳ.

2348 5642 2595 5697 NOTAE.

952 5734 1026 5803 (a)
1054 5735 1324 5803 ἔχωνίον
1358 5735 1561 5799 πυρός,
1596 5733 1854 5797 funiculus
1880 5733 2031 5803 ignis
2052 5731 2246 5803 Rufino
2273 5733 2435 5786 inter-

883 5801 1032 5877 prete
1061 5801 1199 5874 [νγ.
1243 5804 1342 5857 Pl’.
1377 5804 1556 5859 liusw.
1592 5806 1681 5856 lib.
1728 5805 1791 5856 111
1824 5820 1941 5873 cap.
1981 5802 2118 5873 195].
2165 5802 2330 5860 Porro
2366 5804 2430 5857 ad

2540 5733 2763 5815 Joannis
2809 5738 3117 5815 versionem
3159 5740 3211 5791 in
3261 5740 3448 5815 iisdem
3473 5743 3611 5815 Vitis
3646 5742 3861 5798 Patrum
3912 5747 4091 5813 fumus

2542 5809 2779 5874 irrepsit,
2810 5822 2874 5861 ex
2903 5809 3281 5864 abbreviatura
3312 5812 3461 5867 vocis
3492 5812 3779 5882 funiculus.
3814 5809 4089 5873 Cornu.
