4274 6358
199 330 299 386 9.57

1496 309 2131 373 APOPIITHEGMATA.

3343 322 3452 381 258

196 447 353 517 κρότε
362 460 473 515 ρος.
498 442 590 496 καὶ
611 442 698 494 ὅτε
728 439 1034 511 παρέὸαλόν
1055 456 1197 503 τινες
1220 438 1328 491 τῶν
1352 437 1606 509 πατέρων
1635 434 1773 506 πρὸς
1802 442 1847 496 Α
1878 453 1884 488 ι

1764 452 1773 498 ς
1802 442 1847 496 Α
1878 436 2050 491 maior
2073 437 2259 501 frater,
2302 454 2368 495 ac
2412 440 2569 495 tertia
2599 440 2687 496 die
2713 439 2908 496 minor.
2943 439 3190 511 Cumque
3215 457 3247 497 e
3275 441 3452 499 Patri-

196 538 284 590 τὸν
309 535 485 589 άὸσᾶν
514 533 822 605 Μακάριον,
851 531 1154 601 ἐλάμϐανεν
1177 532 1375 593 αὐτοὺς
1401 530 1483 593 εἰς
1513 528 1612 599 τὴν
1640 526 1771 580 κέλ⁶

195 630 292 681 λαν
332 627 511 680 αὐτῶν
559 625 763 693 λέγων·
816 624 993 688 δεῦτε,
1029 624 1168 677 ῐδετε
1216 624 1277 677 τὸ
1319 620 1620 693 μαρτύριον
1664 618 1775 672 τῶν

197 721 409 793 μικρῶν
439 720 605 786 ξένων
625 721 723 789 (α).

266 812 354 867 3L
416 809 773 864 Ἀπέστειλάν
814 825 945 861 ποτε
984 806 1121 880 πρὸς
1152 806 1243 859 τὸν
1286 804 1461 859 άὸὁᾶν
1491 802 1775 875 Μακάριον

196 908 253 958 ὲν
286 904 449 975 26η¹
473 907 539 974 τῇ
580 904 778 972 Σκήτει
812 902 862 953 οί
886 902 1145 972 γέροντες
1178 898 1273 951 τοῦ
1308 897 1492 969 ὄρους,
1520 914 1775 968 παρακα-

195 998 415 1059 λοῦντες
442 996 601 1049 αὐτόν
628 1012 640 1025 ·
674 993 767 1047 καί
794 1010 926 1062 φασι
960 991 1097 1062 πρὸς
1130 990 1293 1045 αὐτόν
1315 1004 1329 1018 ⁸
1368 990 1454 1044 ἴνα
1486 988 1559 1061 μὴ
1604 990 1775 1060 σκυλῇ

197 1092 303 1150 πᾶς
325 1092 353 1141 6
383 1089 506 1150 λαὸς
530 1088 665 1158 1:96;
695 1086 779 1148 σέ,
805 1084 1065 1155 ἀξιοῦμέν
1094 1101 1150 1137 σε
1196 1083 1604 1155 παραγενέσθαι
1640 1082 1777 1152 πρὸς

198 1182 344 1248 ἡμᾶς
368 1219 383 1242 ,
410 1181 559 1241 ὅπως
598 1175 925 1246 θεασώμεθα
955 1174 1062 1245 πρὸ
1084 1174 1179 1228 τοῦ
1210 1192 1268 1227 σε
1298 1175 1608 1245 ἐκδημῆσαι
1641 1174 1777 1243 πρὸς

199 1273 405 1341 κύριον.
452 1268 899 1340 παραγενομένου
945 1265 1110 1321 αὐτοῦ
1146 1267 1204 1318 ὲν
1242 1266 1320 1336 τῷ
1358 1266 1494 1337 ὄρει,
1537 1264 1775 1336 συνήχθη

200 1367 305 1427 πᾶς
342 1365 372 1415 6
412 1361 539 1424 λαὸς
579 1360 714 1430 πρὸς
759 1359 948 1413 αὐτόν·
995 1359 1090 1412 καὶ
1138 1358 1485 1431 παρεκάλουν
1526 1357 1691 1412 αὑτὸν
1728 1358 1779 1410 οἱ

204 1457 460 1527 γέροντες
506 1455 681 1505 εἰπεῖν
711 1451 866 1520 λόγον
910 1453 1023 1513 τοῖς
1061 1450 1328 1519 ἀδελφοῖς.
1376 1452 1403 1503 6
1441 1450 1498 1502 δὲ
1539 1448 1781 1513 ἀκούσας

207 1551 346 1618 ἔφη·
395 1545 739 1615 κλαύσωμεν,
779 1544 1022 1613 ἀδελφοί,
1073 1543 1168 1596 καὶ
1216 1541 1679 1610 καταγαγέτωσαν
1728 1543 1778 1595 οἱ

198 1638 468 1707 όιιςθαλμοὶ
509 1636 670 1705 ἡμῶν
728 1634 966 1705 δάκρυα,
1005 1633 1112 1703 πρὸ
1148 1630 1243 1685 τοῦ
1292 1633 1439 1702 ἡμᾶς
1488 1631 1775 1685 ἀπελθεῖν,

197 1733 329 1783 ὅπου
348 1729 417 1781 τά
443 1728 603 1798 ἡμῶν
629 1727 841 1797 δάκρυα
872 1722 1209 1778 κατακαύσει
1236 1722 1308 1775 τά
1335 1722 1564 1792 σώματα
1589 1721 1775 1792 ήμῶν.

198 1824 294 1876 καὶ
329 1822 600 1874 ἔκλαυσαν
637 1819 867 1881 πάντες,
904 1818 998 1869 καὶ⁴
1019 1816 1213 1869 ἔπεσον
1238 1816 1331 1869 ἐπὶ
1362 1816 1650 1887 πρόσωπον
1679 1816 1778 1869 αὺ-

196 1918 303 1970 τῶν
330 1914 428 1968 καὶ⁵
460 1910 611 1965 εἷπον
630 1929 643 1942 ·
674 1912 871 1981 πάτερ,
902 1906 1054 1975 εὖξαι
1084 1909 1225 1979 ὑπὲρ
1253 1908 1411 1979 ἡμῶν
1430 1908 1527 1977 (6).

268 2010 359 2063 '55.
405 2005 631 2059 Ἀλλοτε
676 2003 839 2057 πάλιν
888 2001 1097 2072 δαίμων
1137 2001 1340 2071 ἐπέστη
1378 2000 1454 2070 τῷ
1486 1999 1631 2071 ἀ66ᾷ
1658 2000 1781 2053 Μα-

197 2095 373 2165 καρίῳ
400 2094 538 2163 μετά
570 2091 886 2162 μαχαιρίου,
913 2089 1088 2142 θέλων
1107 2090 1197 2142 τὸν
1228 2089 1364 2142 πόδα
1394 2089 1559 2143 αὑτοῦ
1586 2090 1774 2158 κόψαιο

198 2188 293 2241 καὶ
343 2187 433 2240 διὰ
476 2186 571 2255 τὴν
616 2181 1119 2253 ταπεινοφροσύνην
1164 2180 1332 2234 αὐτοῦ
1397 2181 1472 2251 μὴ
1520 2181 1776 2251 δυνηθεὶς

197 2281 349 2347 λέγει
392 2278 538 2349 αὐτῷ
560 2294 573 2305 ·
604 2279 704 2330 ὅσα
748 2276 923 2346 ἔχετε,
958 2275 1054 2328 καὶ
1079 2276 1240 2345 ἡμεῖς
1268 2273 1492 2343 ἔχομεν·
1536 2274 1671 2345 μόνῃ
1712 2276 1778 2345 τῇ

197 2370 669 2441 ταπεινοφροσύνῃ
716 2367 1003 2438 διαφέρετε
1049 2366 1231 2438 ἡμῶν,
1265 2366 1360 2420 κα)⁸
1402 2368 1657 2435 κρατεῖτε
1685 2363 1778 2435 (ο).

272 2544 435 2616 265
466 2544 553 2598 56,
591 2540 757 2596 Εἶπεν
793 2545 822 2595 6
850 2542 1023 2604 άϐϐἄς
1057 2540 1338 2611 Μακάριος
1358 2556 1373 2570 ο
1405 2538 1501 2593 ἐὰν
1531 2538 1783 2610 μνησθῶ-

206 2656 306 2707 μεν
349 2638 459 2689 τῶν
504 2636 609 2688 ὑπὸ
648 2634 758 2687 τῶν
785 2633 1090 2705 ἀνθρώπων
1128 2632 1478 2702 ἐπαγομένων
1522 2633 1653 2702 ἡμῖν
1684 2648 1783 2684 κα-

202 2730 338 2795 κῶν,
372 2726 705 2799 ἀναιροῦμεν
730 2727 829 2796 τὴν
852 2725 1083 2795 δύναμιν
1114 2725 1214 2793 τῆς
1246 2723 1340 2776 τοῦ
1371 2722 1507 2776 Θεοῦ
1539 2724 1781 2793 μνήμης”

204 2822 302 2874 ἐὰν
324 2822 379 2873 δὲ
401 2820 731 2890 μνησθῶμεν
750 2818 860 2871 τῶν
889 2816 1073 2871 κακῶν
1099 2817 1205 2870 τῶν
1232 2816 1521 2886 δαιμόνων,
1547 2814 1782 2884 ἐσόμεθα

205 2914 441 2982 ἄτρωτοι
477 2912 575 2981 (ά).

276 3006 367 3060 '57.
402 3001 569 3063 Εἶπεν
594 3005 623 3057 6
651 3002 823 3065 ἀόσᾶς
851 3000 1227 3070 Παφνούτιοςδ
1256 2999 1500 3070 μαθητὴς
1522 2998 1618 3052 τοῦ
1642 2999 1786 3052 ἀόὅᾶ

205 3097 517 3167 ὶίακαρίου,
546 3095 837 3163 ’ὅτιξλεγεν
876 3097 903 3147 6
934 3094 1132 3164 γέρων,
1150 3094 1232 3145 ὅτι
1257 3094 1345 3145 ὅτε
1371 3095 1520 3163 ήμην
1549 3092 1781 3154 παιδίον,

209 3191 351 3262 μετὰ
373 3190 479 3242 τῶν
516 3188 689 3241 ἄλλων
722 3187 949 3239 παιδίων
980 3186 1202 3238 ἔϐοσκον
1233 3185 1405 3254 βοΐδια
1427 3202 1439 3213 ·
1474 3184 1567 3235 καὶ
1610 3182 1784 3253 ἀπῆλ-

207 3283 299 3335 θον
327 3282 526 3349 κλέψαι
567 3280 779 3333 συκίδια
800 3297 813 3309 ⁸
849 3280 941 3331 καὶ
970 3281 1044 3341 ὡς
1067 3278 1378 3347 τρέχουσιν,
1421 3276 1615 3327 ἔπεσεν
1638 3274 1695 3328 ἓν
1726 3276 1785 3339 ἐξ

208 3374 412 3438 αὐτῶν,
444 3373 538 3426 καὶ
577 3371 756 3425 λαϐὼν
782 3372 983 3440 ἔφαγον
1018 3370 1177 3423 αύτό·
1214 3370 1309 3420 καὶ
1340 3370 1429 3421 ὅτε
1463 3364 1786 3437 μνημονεύω

207 3466 400 3529 αὑτοῦ,
434 3466 679 3535 κάθημαι
712 3465 933 3517 κλαίων.

281 3560 373 3613 58.
416 3556 582 3610 Εἶπεν
612 3559 639 3608 6
664 3557 835 3618 άϐϐἇς
859 3556 1142 3625 Μακάριος
1164 3593 1178 3616 ,
1207 3554 1288 3606 ὅτι
1317 3549 1632 3621 περιπατῶν
1660 3566 1789 3600 ποτε

210 3658 290 3717 εἰς
321 3656 419 3724 τὴν
450 3653 675 3723 ἔρημον,
715 3646 871 3722 εὗρον
902 3650 1124 3719 κρανίον
1154 3649 1233 3709 εἰς
1269 3647 1328 3701 τὸ
1368 3645 1563 3712 ἔδαφος
1594 3642 1788 3713 νεκροῦ

210 3745 549 3816 ἐρριμμένον
576 3762 589 3774 ·
642 3743 737 3795 καὶ⁸
786 3740 1053 3800 σαλεύσας
1096 3739 1228 3791 αὐτὸ
1270 3740 1335 3808 τῇ
1382 3736 1539 3806 βαῖνῃ
1589 3735 1788 3805 ῥάϐδῳ,

212 3837 447 3905 ἐλάλησέ
486 3852 574 3905 μοι
603 3834 663 3885 τὸ
698 3832 947 3902 κρανίον
987 3832 1080 3884 καὶ⁵
1102 3830 1243 3897 λέγω
1272 3829 1451 3899 αὐτῷ’
1494 3830 1559 3881 σὺ
1587 3828 1669 3889 τίς
1700 3823 1749 3878 εἷ
1774 3844 1789 3891 ;

213 3927 491 3998 ἀπεκρίθη
525 3943 612 3996 μοι
654 3927 713 3977 τὸ
748 3925 966 3994 κρανίον
987 3940 1000 3952 ·
1034 3922 1143 3990 ἐγὼ
1184 3922 1329 3992 ήμην
1363 3922 1652 3991 ἀρχιερεὺς
1684 3918 1793 3970 τῶν

215 4021 472 4083 εἰδώλων,
503 4017 720 4071 καὶτῶν
754 4017 1053 4086 μεινάντων
1089 4015 1355 4084 Ἑλλήνων
1384 4014 1428 4044 ³⁸
1459 4015 1515 4065 έν
1541 4010 1618 4082 τῷ
1645 4013 1794 4082 τόπῳ

215 4114 429 4182 τούτῳ·
461 4113 525 4163 σὺ
553 4111 609 4162 δὲ
646 4106 697 4162 εί
734 4109 1021 4178 Μακάριος
1067 4108 1095 4159 6
1135 4105 1608 4175 πνευματοφόροςο
1675 4106 1795 4157 οἵαν

216 4207 370 4275 ῶραν
404 4203 569 4273 266
605 4200 1012 4270 σπλαγχνισθῇς
1062 4199 1186 4259 τοὺς
1221 4199 1277 4249 ἐν
1308 4198 1373 4267 τῇ
1421 4195 1673 4260 κολάσει,
1703 4196 1798 4248 καὶ

220 4301 356 4367 εὔχῃ
392 4297 519 4365 περὶ
540 4294 741 4353 αὐτῶν,
782 4289 1233 4362 παραμυθοῦνται
1253 4289 1448 4356 ὀλίγον.
1476 4288 1621 4355 λέγει
1651 4285 1798 4355 αὐτῷ

219 4393 248 4442 6
268 4392 470 4460 γέρων·
497 4387 622 4437 ποία
649 4384 795 4436 ἐστὶν
821 4385 854 4452 ἡ
884 4381 1224 4452 παραμυθία,
1255 4382 1349 4433 καὶ
1369 4379 1453 4441 τίς
1479 4378 1794 4448 ὴικόλασις;

1807 1781 1854 1841 Β

1875 532 1980 589 bus
2017 528 2268 587 nonnulli
2312 529 2527 587 adirent
2565 532 2859 587 Macarium
2889 534 3172 597 abbatem,
3222 534 3456 593 ducebat

1874 640 1969 680 eos
2001 626 2056 680 in
2080 623 2273 679 cellam
2306 636 2493 679 eorum
2530 624 2719 679 dicens
2758 643 2772 679 :
2821 622 3046 691 Venlte,
3088 627 3271 682 videte
3308 644 3454 683 mar-

1875 716 2075 785 tyrium
2104 714 2374 767 minorum
2398 716 2833 784 peregrinorum.

1946 807 2039 862 54.
2086 805 2352 861 Miserum
2396 807 2691 877 aliquando
2734 808 2801 862 ad
2858 807 3155 864 Macarium
3200 809 3453 865 abbatem

1878 899 1933 954 in
1964 899 2110 953 Sceti
2148 914 2307 955 senes
2350 901 2574 964 montis,
2606 912 2892 970 precantes
2913 918 3037 956 eum
3080 916 3145 956 ac
3170 903 3451 961 dicentes:

1876 989 1955 1045 Ne
1988 991 2243 1045 universa
2291 992 2582 1045 multitudo
2625 990 2693 1044 ad
2746 1000 2799 1046 te
2835 992 3103 1047 veniendo
3148 992 3409 1063 fatigetur
3437 1032 3453 1058 ,

1877 1095 2186 1150 precamur,
2214 1089 2271 1133 ut
2314 1082 2544 1135 accedas
2568 1082 2632 1135 ad
2658 1096 2781 1144 nos,
2825 1091 2985 1150 teque
3020 1082 3321 1143 videamus.
3359 1098 3459 1135 an-

1881 1181 2099 1239 tequam
2124 1171 2363 1239 emigres
2394 1170 2460 1223 ad
2496 1170 2809 1225 Dominum.
2834 1172 2940 1237 Qui
2968 1188 3091 1234 cum
3117 1172 3383 1228 adfuisset
3401 1175 3458 1228 in

1879 1269 2084 1327 monte,
2116 1269 2445 1332 congregata
2496 1271 2580 1317 est
2628 1266 2807 1319 omnis
2860 1265 3151 1320 multitudo
3202 1267 3267 1320 ad
3310 1284 3456 1323 eum.

1881 1351 2054 1408 Senes
2079 1369 2209 1409 vero
2231 1363 2584 1425 rogaverunt,
2620 1364 2679 1409 ut
2726 1357 2792 1409 ad
2835 1358 3033 1413 fratres
3077 1359 3301 1414 haberet
3344 1377 3461 1417 ser-

1880 1458 2118 1497 monem.
2171 1442 2264 1498 Ille
2296 1444 2501 1513 igitur:
2536 1444 2842 1511 Ploremus,
2887 1448 3083 1517 inquit,
3142 1448 3362 1515 fratres,
3404 1459 3462 1506 et

1879 1534 2023 1589 oculi
2075 1536 2249 1589 nostri
2310 1536 2645 1605 profundant
2691 1538 2985 1603 lacrimas,
3048 1549 3338 1609 antequam
3394 1558 3460 1597 eo

1881 1628 2175 1692 abeamus,
2214 1628 2306 1683 ubi
2348 1629 2608 1683 lacrimae
2647 1640 2868 1685 nostrae
2904 1632 3289 1687 combusturae
3332 1643 3462 1689 sunt

1882 1734 2111 1789 corpora
2149 1728 2358 1774 nostra.
2398 1718 2459 1772 Et
2494 1721 2844 1789 ploraverunt
2882 1723 3086 1785 cuncti,
3120 1724 3461 1779 ceciderunt-

1880 1826 1986 1880 que
2015 1826 2180 1881 super
2212 1811 2410 1866 faciem
2444 1827 2598 1866 suam
2629 1819 2683 1866 et
2706 1812 2997 1867 dixerunt:
3032 1812 3212 1879 Pater,
3242 1833 3336 1871 ora
3361 1832 3460 1887 pro

1879 1902 2057 1957 nobis.

1948 1996 2036 2051 55.
2071 1996 2191 2049 Alia
2220 1996 2418 2051 iterum
2442 1996 2561 2052 vice
2598 1996 2829 2052 daemon
2864 1993 3126 2055 adversus
3161 1999 3460 2055 Macarium

1880 2086 2128 2140 abbatem
2170 2086 2469 2141 insurrexit
2504 2102 2626 2141 cum
2666 2084 2920 2156 gladiolo,
2955 2090 3075 2143 eius
3110 2090 3301 2159 pedem
3353 2109 3462 2146 am-

1881 2189 2192 2249 putaturus.
2228 2177 2382 2245 Quod
2407 2195 2530 2233 cum
2563 2188 2786 2250 propter
2816 2180 3177 2237 humilitatem
3207 2183 3327 2238 eius
3352 2200 3461 2239 non

1878 2270 2168 2340 potuisset,
2214 2271 2301 2325 ei:
2350 2269 2722 2340 Quaecunque
2770 2272 3006 2336 habetis,
3052 2275 3250 2344 inquit,
3291 2277 3464 2333 habe-

1882 2378 2003 2415 mus
2042 2368 2095 2414 et
2124 2376 2265 2425 nos;
2319 2360 2436 2415 sola
2480 2360 2789 2414 humilitate
2834 2374 2865 2413 a
2901 2362 3065 2417 nobis
3114 2361 3374 2427 differtis,
3408 2373 3463 2419 et

1883 2453 2227 2521 praevaletis.

1951 2540 2039 2595 36.
2077 2541 2221 2595 Dixit
2254 2540 2525 2597 Macarius
2565 2544 2771 2599 abbas:
2826 2542 2882 2597 Si
2922 2547 3314 2602 retinuerimus
3351 2564 3465 2604 me-

1882 2631 2111 2686 moriam
2144 2634 2414 2688 malorum
2455 2635 2525 2689 ab
2555 2635 2871 2691 hominibus
2914 2639 3073 2693 nobis
3110 2639 3463 2705 inﬂictorum,

1884 2728 2166 2781 abolemus
2198 2729 2307 2780 vim
2334 2727 2732 2782 recordationis
2764 2729 2893 2784 Dei:
2925 2730 2973 2784 si
3015 2747 3146 2785 vero
3166 2732 3456 2805 recordati

1884 2819 2153 2875 fuerimus
2183 2821 2475 2884 malorum,
2498 2836 2637 2891 quae
2661 2838 2758 2891 per
2781 2822 3077 2878 daemones
3116 2825 3463 2896 contingunt,

1883 2914 2091 2968 erimus
2127 2913 2481 2967 invulnerati.

1954 3006 2043 3058 57.
2084 3004 2426 3073 Paphnutius
2452 3006 2642 3067 abbas.
2690 3006 2913 3060 Macarii
2963 3008 3177 3062 abbatis
3222 3008 3466 3080 discipu-s

1886 3095 1993 3161 Ius,
2026 3098 2232 3162 retulit,
2260 3112 2445 3152 senem
2471 3097 2711 3152 dixisse:
2746 3098 2977 3164 Quando
3009 3112 3144 3170 puer
3176 3117 3343 3163 eram,
3374 3102 3469 3157 bu-

1887 3190 2040 3243 culas
2079 3204 2203 3241 cum
2243 3188 2365 3243 aliis
2407 3191 2591 3256 pueris
2626 3192 2938 3258 pasceham,
2976 3192 3069 3260 qui
3110 3199 3471 3262 perrexerunt

1889 3282 2129 3336 furatum
2160 3283 2317 3337 ﬁcus.
2352 3282 2599 3352 Dumque
2633 3292 2887 3343 currunt,
2920 3299 3025 3338 una
3052 3285 3209 3340 exiis
3240 3285 3469 3350 cecidit,

1889 3389 2051 3441 quam
2084 3374 2282 3427 tollens
2310 3373 2547 3428 comedi.
2576 3373 2799 3440 Quoties
2828 3376 2994 3447 igitur
3020 3377 3097 3430 rei
3127 3378 3246 3431 eius
3267 3392 3471 3432 memoa

1890 3466 1971 3517 ria
2010 3466 2164 3529 redit,
2198 3467 2421 3534 plorans
2450 3466 2632 3521 sedeo.

1960 3558 2047 3610 58.
2107 3556 2359 3611 Narravit
2408 3557 2679 3615 Macarius
2734 3559 2939 3614 abbas:
2995 3559 3101 3615 lter
3156 3574 3321 3631 agens
3373 3563 3473 3616 alis

1893 3649 2111 3718 quando
2163 3665 2260 3719 per
2308 3667 2572 3715 eremum,
2617 3653 2798 3707 inveni
2840 3655 3135 3707 calvariam
3168 3657 3366 3709 mortui
3405 3657 3472 3710 ad

1895 3742 2069 3795 solum
2100 3743 2363 3797 iacentem
2392 3761 2405 3809 ;
2447 3759 2611 3813 quam
2633 3760 2756 3798 cum
2785 3745 2978 3799 baculo
3018 3747 3231 3814 palmeo
3268 3748 3475 3803 movis-

1896 3848 2031 3893 sem.
2079 3834 2259 3887 locuta
2312 3842 2396 3889 cst
2442 3835 2575 3889 mihi
2632 3837 2890 3890 calvaria.
2935 3835 3067 3890 Dico
3098 3837 3187 3891 ei:
3217 3832 3297 3891 Tu
3350 3840 3476 3907 quis

1895 3927 1995 3981 es?
2042 3924 2341 3996 Respondit
2376 3927 2505 3980 mihi
2557 3929 2837 3983 calvaria:
2874 3929 2986 3999 Ego
3023 3945 3172 3983 eram
3228 3930 3476 3998 pontifex

1898 4020 2189 4082 idolorum,
2231 4030 2531 4089 eorumque
2576 4020 2892 4090 gentilium,
2942 4022 3034 4089 qui
3090 4021 3144 4073 in
3198 4020 3302 4075 huc
3354 4022 3477 4076 loco

1900 4111 2171 4180 degebant
2203 4129 2216 4163 :
2266 4118 2322 4163 tu
2355 4126 2484 4165 vero
2521 4125 2581 4165 es
2614 4110 2885 4165 Macarius
2921 4110 3130 4179 Spiritu
3170 4111 3356 4165 divino
3387 4127 3476 4166 re-

1900 4202 2113 4270 pletus;
2175 4218 2505 4271 quacunque
2545 4202 2680 4255 hora
2724 4210 3030 4257 commotus
3059 4201 3228 4255 fueris
3263 4202 3478 4257 miseri-

1901 4296 2087 4349 cordia
2119 4311 2245 4365 erga
2277 4310 2392 4359 eos,
2435 4295 2526 4364 qui
2561 4296 2615 4348 in
2647 4296 2935 4349 tormentis
2969 4303 3116 4359 sunt,
3147 4302 3201 4347 et
3230 4294 3475 4347 oraveris

1903 4402 2002 4455 pro
2044 4388 2133 4451 iis,
2161 4386 2438 4455 paululum
2460 4387 2703 4441 sentiunt
2735 4387 2936 4440 solatii.
2959 4386 3047 4439 Ait
3072 4401 3236 4441 senex
3259 4403 3271 4438 :
3292 4385 3477 4450 Quod-

220 4484 373 4547 λέγει
404 4478 552 4548 αὐτῷ
572 4497 583 4508 ·
616 4479 739 4530 ὅσον
764 4478 956 4545 ἀπέχει
983 4476 1011 4526 ὁ
1047 4473 1271 4545 οὐρανὸς
1298 4473 1406 4524 ἀπὸ
1430 4472 1530 4541 τῆς
1556 4472 1678 4539 γῆς,
1712 4488 1799 4522 το-
1831 4474 1874 4527 D
1904 4491 1908 4526 ι

1785 4500 1799 4510 -
1831 4474 1874 4527 D
1904 4488 2029 4526 nam
2064 4480 2147 4527 est
2188 4474 2475 4536 solatium,
2511 4482 2566 4527 et
2605 4474 2879 4543 quodnam
2928 4474 3306 4528 tormentum?
3349 4474 3473 4528 Illa:

225 4574 421 4627 σοῦτόν
455 4575 603 4623 ἐστιν
633 4569 745 4639 πῦρ
776 4566 1129 4620 ὑποκάτωθεν
1157 4563 1336 4634 ἡμῶν,
1363 4564 1470 4616 ἀπὸ
1502 4562 1674 4615 ποδῶν
1697 4562 1801 4624 ἓως
1907 4575 1913 4609 ι

1790 4579 1801 4624 ῖ
1907 4565 2201 4629 Quantum,
2226 4566 2424 4634 inquit,
2461 4580 2488 4617 a
2514 4576 2658 4620 terra
2688 4567 2855 4622 distat
2886 4567 3122 4629 coelum,
3150 4573 3361 4619 tantum
3393 4574 3478 4620 est

223 4664 473 4734 κεφαλῆς
501 4661 809 4730 ἑστηκότων
840 4657 997 4729 ἡμῶν
1030 4657 1189 4729 μέσον
1221 4656 1315 4709 τοῦ
1349 4654 1517 4725 πυρός
1538 4671 1551 4683 °
1586 4653 1677 4707 καὶ
1705 4654 1803 4705 οὐκ
1910 4673 1911 4677 η

1790 4670 1803 4704 ι
1910 4655 2211 4725 ignisinfra
2245 4672 2365 4719 nos,
2405 4672 2434 4709 a
2459 4657 2685 4726 pedibus
2715 4669 2887 4725 υεαιιε
2924 4658 2990 4712 ad
3014 4667 3178 4727 caput
3207 4658 3478 4712 Stantibus

224 4760 343 4812 ἔστι
374 4757 666 4827 πρόσωπον
696 4752 830 4823 πρὸς
860 4751 1149 4821 πρόσωπον
1175 4747 1468 4802 θεάσασθαί
1497 4765 1638 4808 τινα,
1669 4745 1805 4798 ἀλλὰ

1794 4764 1805 4797 ι
1913 4748 2069 4801 nobis
2098 4748 2153 4800 in
2183 4748 2362 4801 medio
2389 4748 2551 4816 ignis,
2599 4764 2699 4801 nec
2728 4748 2855 4801 licet
2906 4748 3044 4802 facie
3082 4748 3145 4801 ad
3176 4747 3367 4801 faciem
3402 4748 3482 4799 vi-

224 4852 286 4903 :6
319 4848 613 4918 πρόσωπον
647 4844 877 4897 ἑκάστου
912 4843 953 4872 ³⁸
986 4840 1121 4910 πρὸς
1156 4839 1246 4891 τὸν
1289 4839 1473 4908 ἑτέρου
1509 4838 1676 4889 νῶτον
1712 4853 1803 4887 κε-

226 4942 512 5011 κόλληται.
559 4939 635 5000 ὡς
679 4932 770 4990 οὖν
816 4933 951 5005 εὔχῃ
999 4928 1137 5001 ὑπὲρ
1168 4930 1356 5000 ἡμῶν,
1389 4931 1453 4981 ἐκ
1487 4929 1685 4999 μέρους
1721 4942 1804 4987 τις

225 5035 427 5101 ἰεωρεῖ
458 5027 520 5083 τὸ
563 5029 854 5098 πρόσωπον
892 5024 985 5077 τοῦ
1020 5023 1241 5093 ἐτέρου·
1288 5020 1427 5091 αὕτη
1454 5023 1600 5073 ἐστὶν
1634 5022 1664 5089 ἡ
1698 5036 1803 5071 πα-

1913 4839 2041 4892 dere
2064 4852 2414 4907 quemquam,
2451 4837 2545 4892 sed
2571 4838 2837 4908 cujusque
2868 4836 3034 4893 facies
3066 4838 3234 4892 dorso
3260 4838 3483 4891 alterius

1914 4932 2198 4984 adhaeret:
2239 4929 2467 4995 Quando
2515 4930 2679 5001 igitur
2713 4947 2839 4984 oras
2884 4945 2983 4999 pro
3021 4930 3209 4991 nobis,
3242 4944 3384 4983 unus
3416 4945 3480 4983 ex

1916 5035 2068 5093 parte
2092 5030 2301 5092 spectat
2336 5022 2527 5076 faciem
2572 5023 2817 5077 alterius.
2847 5021 2958 5075 Iloc
2987 5030 3069 5076 est
3110 5022 3387 5075 solatium.
3421 5020 3487 5074 Et

1502 5174 1757 5229 VARIAE
1797 5176 2192 5233 LECTIONES.

305 5306 348 5333 ⁸⁸
391 5302 474 5355 AI.
516 5298 704 5365 ἱερεὺς
741 5293 859 5348 τῶν
894 5291 1199 5357 Ἑλλήνων
1231 5290 1347 5343 τῶν
1366 5288 1713 5358 μεινάντων.

1794 5291 1835 5323 ³³
1868 5291 1949 5344 AI.
1985 5290 2121 5343 ἀλλὰ
2150 5290 2338 5357 νῶτος
2365 5288 2615 5342 ἑκάστου.

1720 5403 1971 5459 NOTAE.

310 5546 387 5614 (α)
427 5543 511 5597 cr.
545 5541 658 5597 vv.
697 5541 799 5596 PP.
849 5540 1033 5595 Rosw.
1074 5540 1170 5593 lib.
1208 5536 1271 5591 ιιι
1304 5552 1424 5605 cap.
1468 5534 1587 5597 195;
1623 5534 1717 5587 lib.
1748 5532 1818 5587 VI

238 5618 412 5670 Itbell.
450 5615 581 5677 3,2.
647 5674 656 5681 .

313 5688 390 5755 (b)
425 5673 509 5755 cf.
544 5674 1406 5755 vv:PP._Rpcw_.__l_ih;y1_i_bcu.
1440 5673 1582 5755 3_.__9.

317 5743 387 5821 ἰώ
416 5754 502 5809 Cf.
535 5768 698 5820 supra
728 5752 830 5805 sub
858 5752 946 5810 ll;
977 5746 1431 5821 VV._PIf._I_iosw.
1465 5745 1557 5821 ιιι».
1583 5743 1645 5821 ιιι
1684 5759 1805 5814 cap.

240 5816 491 5892 manu.
529 5825 565 5877 ν
601 5816 765 5876 Iibell.
796 5822 882 5887 is,
917 5821 1019 5883 26;
1057 5819 1149 5872 lib.
1183 5816 1270 5868 vn
1309 5833 1429 5886 cap.
1463 5817 1544 5880 ιδ,
1578 5818 1631 5870 υ,

568 5920 840 5978 Ρλτιιοιι.
901 5916 1018 5977 Gtt.
1052 5911 1349 5973 XXXIV.

1997 5539 2074 5607 (ά)
2107 5538 2189 5609 Cf.
2221 5538 2413 5609 Evagr.
2449 5538 2637 5609 Capita
2662 5538 2900 5609 practica
2933 5536 3339 5609 ad_l_\_nat_olium
3365 5550 3485 5602 cap.

1927 5606 2126 5673 XCIII;
2162 5608 2315 5662 Socr.
2338 5606 2501 5663 'llist.
2530 5606 2704 5661 'Eccl.
2740 5606 2831 5669 IV,
2861 5609 2963 5673 25;
3008 5606 3120 5658 VV.
3156 5606 3259 5658 PP.
3303 5606 3486 5657 llosw.

1916 5680 2010 5731 lib.
2040 5678 2079 5729 V
2110 5679 2274 5749 libell.
2311 5679 2392 5743 IO,
2425 5680 2531 5746 34;
2564 5680 2657 5733 lib.
2697 5678 2781 5732 VII
2815 5694 2935 5749 cap.
2969 5678 3060 5746 37,
3087 5678 3159 5744 ὃς
3189 5676 3488 5732 sententiae

1917 5752 2141 5822 Aegypt.
2168 5747 2268 5803 PP.
2306 5749 2390 5803 I5.

3132 5901 3170 5960 9
