4274 6358
796 372 903 431 259

1639 369 1737 424 SS.
1779 368 2235 426 MACARIORUM
2266 370 2588 427 AEGYPTII
2632 370 2718 425 ET
2758 368 3220 424 ALEXANDRINI

3932 366 4041 424 260

802 488 1093 538 lacrumans
1128 497 1290 537 senex
1326 482 1496 537 dixit:
1542 480 1649 536 Vae
1695 482 1803 536 diei
1848 483 1901 535 in
1934 498 2041 553 qua
2090 491 2252 539 natus
2289 494 2371 538 est
2401 494 2445 547 Α
2475 505 2490 559 ε

2352 494 2371 537 t
2401 494 2445 547 Α
2475 486 2733 559 ραμυθία.
2772 486 2867 538 καὶ
2889 486 3128 548 κλαύσας
3147 486 3176 537 6
3198 486 3375 555 γέρων
3399 482 3580 538 εἵπενο
3610 482 3734 537 οὐαὶ
3760 484 3827 553 τῇ
3857 482 4039 552 ἡμέρᾳ

801 576 991 631 homo!
1014 578 1187 645 Atque
1205 575 1281 628 ait
1304 575 1353 628 ei
1374 590 1538 630 senex
1565 593 1577 627 :
1615 574 1782 629 Estne
1815 575 1961 629 aliud
1990 578 2212 646 gravius
2238 592 2367 646 sup-

799 668 1069 738 plicium?
1106 667 1420 736 Respondet
1481 668 1769 723 cranium:
1825 669 1994 737 Major
2053 685 2225 739 poena
2284 678 2369 723 est

801 758 988 813 subter
1016 772 1136 811 nos.
1168 755 1259 810 Ait
1301 757 1349 812 ei
1388 771 1589 811 senex:
1630 756 1692 811 Et
1721 757 1942 826 quinam
1989 757 2100 810 illic
2131 756 2371 826 degunt?

803 850 1115 921 Respondet
1147 850 1197 904 ei
1223 850 1503 903 cranium:
1553 848 1685 911 Nos.
1741 857 1928 918 utpote
1966 850 2056 919 qui
2095 850 2370 920 ignoravi-

804 961 926 998 mus
976 946 1166 1006 Deum,
1208 942 1420 996 modice
1462 941 1894 996 misericordiam
1940 941 2368 1009 consequimur;

805 1034 897 1104 qui
938 1049 1065 1089 vero
1111 1042 1477 1103 cognoverunt
1518 1030 1687 1086 Deum
1748 1038 1800 1085 et
1836 1037 2174 1101 negaverunt
2224 1045 2369 1091 eum,

808 1129 995 1182 subter
1038 1124 1197 1180 nobis
1247 1131 1392 1179 sunt.
1430 1122 1582 1177 Tunc
1628 1137 1795 1177 senex
1818 1122 2110 1176 calvariam
2151 1136 2373 1177 sumens

807 1219 974 1273 humo
1010 1216 1305 1271 mandavit.

879 1312 966 1367 259.
1021 1308 1324 1362 Narrarunt
1385 1306 1681 1361 Macarium
1736 1308 2052 1377 Aegyptium
2123 1306 2374 1360 abbatem

812 1401 1106 1473 aliquando
1157 1415 1186 1454 e
1213 1398 1355 1455 Sceti
1395 1400 1710 1454 ascendisse
1769 1399 1825 1452 in
1861 1406 2097 1451 montem
2141 1396 2367 1451 Nitriae.

813 1497 914 1562 Qui
953 1509 1118 1565 quum
1154 1492 1632 1564 appropinquaret,
1662 1490 1736 1542 ait
1766 1489 2037 1559 discipulo
2061 1487 2374 1542 suo:Prae-

813 1589 944 1641 cede
972 1585 1267 1654 paululum.
1326 1583 1428 1647 Qui
1460 1582 1679 1651 quidem
1713 1596 1836 1635 cum
1870 1580 2126 1649 praeiret,
2157 1578 2375 1632 obviam

814 1680 1007 1733 habuit
1034 1675 1304 1747 quendam
1335 1673 1616 1745 gentilium
1649 1673 2010 1727 sacerdotem.
2058 1670 2235 1740 Atque
2261 1671 2377 1723 cla-

2468 582 2525 631 ἐν
2593 579 2851 648 ἐγεννήθη
2865 581 2893 632 6
2911 578 3193 649 ἄνθρωπος
3210 579 3273 609 ⁸⁸·
3290 578 3435 645 λέγει
3457 576 3605 646 αὑτῷ
3620 578 3648 628 6
3667 576 3868 645 γέρωνο
3894 573 4043 625 ἔστιν

2469 669 2600 739 ἄλλη
2630 671 2827 741 χείρων
2858 670 3110 750 βάσανος
3157 670 3304 737 λέγει
3344 668 3493 738 αὑτῷ
3520 669 3581 720 τὸ
3611 667 3832 738 κρανίον
3853 683 3867 696 ⁸
3918 682 4041 734 μει-

2470 763 2662 834 ζοτέρα
2694 763 2920 833 βάσανός
2948 764 3095 815 ἐστιν
3117 762 3467 816 ὑποκάτωθεν
3498 760 3675 831 ἡμῶν.
3713 760 3863 827 λέγει
3891 755 4045 826 αὐτῷ

2469 858 2497 907 6
2524 855 2699 926 γέρων
2725 872 2739 885 ⁶
2775 856 2867 908 καὶ
2896 856 3041 918 τίνες
3076 856 3213 908 εἰσὶν
3256 857 3410 921 ἐκεῖ;
3439 855 3589 921 λέγει
3628 853 3779 922 αὐτῷ
3810 852 3875 904 τὸ
3905 868 4046 921 xpu-

2470 949 2578 999 νίον
2598 965 2611 975 ·
2635 949 2793 1016 ἡμεῖς
2818 948 2893 1010 ὼς
2923 948 2996 1018 μὴ
3023 948 3218 1011 εἰδότες
3236 948 3327 1001 τὸν
3354 947 3507 1010 Θεόν,
3530 946 3631 999 κᾶν
3655 944 3836 1011 ὀλίγον
3863 942 4048 996 ἐλεού-

2474 1037 2644 1107 μεθα·
2683 1042 2731 1091 οἱ
2760 1038 2815 1091 δέ
2858 1040 3167 1106 ἐπιγνόντες
3211 1038 3302 1091 τὸν
3350 1038 3503 1098 Θεόν,
3535 1038 3628 1089 καὶ
3672 1035 4049 1107 ἀρνησάμενοι

2472 1130 2633 1183 αὐτόν
2658 1132 2724 1192 δ’,
2751 1130 3097 1183 ὑποκάτωθεν
3124 1132 3278 1201 ἡμῶν
3315 1132 3438 1183 εἰσι.
3467 1131 3559 1182 καὶ
3581 1129 3761 1181 λαὸὼν
3798 1128 3828 1180 6
3865 1128 4049 1197 γέρων

2472 1223 2533 1275 τὸ
2566 1222 2805 1291 κρανίον,
2836 1222 3035 1290 ἔχωσεν
3060 1221 3304 1290 αὑτό(α).

2545 1315 2704 1385 267
2734 1314 2824 1367 39.
2874 1314 3097 1379 Ἔλεγον
3135 1315 3263 1384 περὶ
3306 1312 3398 1365 τοῦ
3439 1312 3584 1365 ἀὸὀᾶ
3622 1310 3911 1379 Μακαρίου
3951 1308 4049 1360 τοῦ

2477 1406 2794 1474 Αἰγυπτίου,
2826 1406 2908 1457 ὅτι
2942 1405 3193 1458 ἀνέϐαινέ
3222 1420 3350 1456 ποτε
3374 1406 3437 1455 ἐκ
3469 1404 3568 1472 τῆς
3600 1404 3855 1471 Σκήτεως
3883 1402 3965 1457 είς
3987 1398 4053 1449 τδ

2477 1498 2599 1568 ὅρος
2627 1499 2723 1567 τῆς
2748 1498 2973 1568 Νιτρίας
2995 1514 3009 1526 '
3038 1498 3131 1549 καὶ
3152 1498 3225 1560 ὼς
3249 1497 3475 1566 ηγγισεν
3503 1498 3582 1557 εἰς
3606 1495 3694 1545 τὸν
3716 1493 3902 1554 τόπον,
3926 1485 4053 1541 εἷπε

2478 1590 2553 1658 τῷ
2588 1589 2799 1657 μαθητῇ
2830 1586 3026 1641 αὐτοῦ)
3058 1587 3295 1656 πρόλαὸε
3326 1584 3665 1655 μικρόν..καὶ
3696 1584 3753 1635 ἐν
3797 1581 3877 1649 τῷ
3918 1596 4055 1649 προ-

2481 1679 2631 1746 άγειν
2681 1680 2843 1731 αὑτὸν
2892 1679 3128 1747 συναντᾷ
3153 1695 3259 1729 τινι
3296 1679 3452 1746 ἱερεῖ,
3470 1675 3578 1728 τῶν
3624 1673 3922 1741 Ἑλλήνων·
3958 1671 4057 1723 καὶ

815 1786 971 1825 mans
1008 1769 1174 1823 frater
1201 1782 1321 1821 eum
1354 1766 1568 1820 vocavit
1599 1782 1612 1817 :
1645 1764 1779 1827 Heu,
1809 1764 1935 1829 heu,
1970 1764 2244 1831 inquiens,
2272 1776 2381 1829 quo
2416 1831 2452 1841 __
2479 1789 2503 1823 κ

2363 1776 2381 1814 )
2416 1831 2452 1841 __
2479 1770 2685 1841 κράξας
2714 1770 2860 1839 αὐτῷ
2880 1771 2907 1821 6
2935 1770 3159 1838 ἀδελφὸς
3188 1768 3383 1837 ἐφώνει
3409 1769 3600 1836 λέγων’
3630 1762 3705 1829 αῖ,
3732 1761 3813 1829 αῐ,
3834 1765 4051 1834 δαῖμον,

816 1861 1019 1921 curris,
1054 1858 1334 1911 daemon?
1367 1858 1460 1910 ille
1491 1872 1619 1910 vero
1653 1872 1955 1909 conversus
1991 1857 2178 1924 plagas
2216 1855 2265 1907 ei
2299 1854 2381 1905 in-

815 1948 972 2012 flixit,
987 1948 1310 2016 reliquitque
1328 1946 1761 1998 semimortuum.
1787 1948 1862 1996 Ac
1886 1943 2079 1997 tollens
2102 1942 2246 2012 quod
2266 1957 2384 2010 por-

818 2043 966 2095 tabat
994 2040 1218 2109 lignum,
1249 2040 1511 2093 cucurrit.
1537 2037 1823 2092 Paululum
1850 2049 2140 2107 progresso
2168 2036 2383 2087 obviam

817 2134 878 2188 fit
914 2135 1055 2187 inter
1098 2147 1321 2187 cursum
1374 2130 1643 2185 Macarius
1681 2128 1882 2191 abbas,
1914 2129 2005 2197 qui
2048 2131 2138 2180 ei:
2190 2124 2385 2181 Salvus

818 2228 915 2292 sis,
945 2225 1155 2296 inquit,
1193 2225 1375 2277 salvus
1410 2222 1510 2287 sis,
1558 2222 1741 2275 labore
1771 2218 2037 2275 confecte.
2087 2218 2179 2271 llle
2211 2217 2386 2270 admi-

820 2325 974 2373 ratus
1005 2316 1151 2372 venit
1184 2314 1251 2369 ad
1279 2329 1402 2369 eum
1427 2323 1480 2367 et
1505 2314 1616 2368 ait:
1654 2311 1794 2377 Quid
1820 2312 1945 2365 boni
1973 2310 2156 2365 vidisti
2181 2311 2233 2363 in
2266 2325 2383 2372 me,

820 2414 967 2484 quod
997 2427 1083 2467 me
1112 2407 1471 2467 salutaveris?
1500 2407 1591 2461 Ait
1617 2407 1668 2462 ei
1694 2422 1861 2462 senex
1901 2424 1916 2461 :
1950 2404 2219 2469 Quoniam
2253 2418 2385 2457 con-

823 2508 975 2576 spexi
999 2516 1049 2559 te
1079 2504 1261 2558 labore
1290 2502 1518 2564 fessum,
1548 2514 1611 2554 ac
1636 2500 1820 2555 nescis
1848 2506 1899 2554 te
1927 2499 1981 2553 in
2008 2513 2205 2551 vanum
2235 2495 2387 2551 defa-

824 2597 1004 2667 tigari.
1035 2594 1346 2666 Respondet
1370 2595 1495 2647 ille:
1525 2592 1588 2645 Et
1622 2606 1723 2662 ego
1748 2590 2075 2647 salutatione
2119 2597 2210 2642 tua
2237 2603 2387 2642 com-

827 2699 1057 2759 punctus
1086 2702 1228 2750 sum,
1264 2693 1317 2741 et
1342 2683 1571 2754 cognovi
1601 2698 1665 2738 ex
1698 2690 1847 2751 parte
1865 2680 1959 2735 Dei
1986 2692 2037 2735 te
2058 2695 2201 2736 esse.
2233 2678 2389 2733 Alius

826 2794 957 2836 vero
991 2779 1168 2833 malus
1208 2778 1510 2831 monachus
1558 2775 1688 2828 mihi
1734 2774 1950 2828 obviam
1982 2772 2159 2827 factus
2192 2778 2389 2825 contu-

828 2871 994 2929 melia
1017 2885 1105 2926 me
1120 2868 1321 2932 affecit,
1344 2882 1513 2936 quare
1530 2880 1632 2936 ego
1648 2865 1770 2919 dedi
1787 2866 1836 2918 ei
1854 2865 2040 2934 plagas
2054 2862 2121 2915 ad
2138 2870 2388 2915 mortem.

832 2962 901 3017 Et
948 2961 1201 3033 cognovit
1236 2974 1400 3014 senex
1424 2998 1439 3021 ,
1489 2972 1613 3012 eum
1650 2957 1718 3012 de
1758 2956 2031 3025 discipulo
2073 2970 2174 3010 suo
2220 2954 2391 3024 loqui.

832 3055 973 3110 Tum
997 3053 1351 3125 apprehensis
1379 3052 1500 3107 eius
1538 3049 1768 3120 pedibus
1798 3048 2055 3103 sacerdos
2080 3047 2153 3100 ita
2181 3047 2394 3100 locutus

2485 1862 2587 1915 ποῦ
2614 1862 2824 1933 τρέχεις
2848 1880 2862 1927 ;
2890 1864 3148 1931 στραφεὶς
3174 1862 3228 1914 δὲ
3255 1864 3460 1925 ἐκεῖνος
3487 1862 3621 1914 διδοῖ
3643 1859 3794 1929 αὐτῷ
3836 1858 4057 1927 πληγὰς

2486 1955 2579 2005 καὶ
2602 1955 2749 2023 ἀφίει
2776 1954 2935 2006 αὑτὸν
2968 1954 3225 2024 ἡμιθανῆ.
3260 1954 3353 2007 καὶ
3375 1955 3510 2023 ἄρας
3544 1953 3603 2004 τὸ
3639 1950 3793 2015 ξύλον
3839 1950 4052 2021 ἔτρεχε·

2486 2047 2578 2097 καὶ
2606 2046 2865 2115 προϐάντι
2906 2045 3084 2113 ὀλίγον
3121 2047 3355 2116 συναντᾷ
3384 2045 3531 2114 αὐτῷ
3560 2044 3733 2107 ἀίϐἄς
3769 2044 4057 2112 Μακάριος

2488 2136 2759 2208 τρέχοντι·
2796 2141 2889 2190 καὶ
2919 2137 3065 2204 λέγει
3093 2137 3241 2207 αὑτῷ
3262 2154 3275 2167 °
3311 2137 3561 2208 σωθείης,
3596 2136 3846 2205 σωθείης,
3871 2152 4055 2203 καμα-

2488 2230 2639 2299 τηρέ.
2686 2230 2781 2283 καὶ
2830 2230 3116 2300 θαυμάσας
3153 2226 3284 2301 ἦλθε
3335 2230 3471 2300 πρὸς
3530 2229 3692 2282 αὑτὸν
3727 2229 3821 2281 καὶ
3866 2223 4054 2280 εἶπεν

2488 2323 2541 2375 τί
2573 2323 2734 2376 καλὸν
2760 2318 2898 2386 εἶδες
2925 2326 2982 2376 ἐν
3014 2324 3156 2394 ἐμοί,
3184 2324 3264 2375 ὅτι
3289 2321 3735 2393 προσηγόρευσάς
3773 2336 3874 2390 με;
3904 2318 4059 2386 λέγει

2491 2409 2638 2486 αὐτῷ
2674 2416 2702 2468 6
2729 2416 2936 2486 γέρων·
2972 2416 3049 2468 ὅτι
3082 2412 3220 2468 εἶδόν
3262 2432 3321 2467 σε
3360 2414 3661 2467 κοπιῶντα·
3712 2414 3809 2466 καὶ
3849 2412 3949 2464 οὐκ
3980 2406 4060 2462 οἷ-

2491 2506 2617 2571 δας,
2659 2509 2741 2561 ὅτι
2790 2510 2869 2571 είς
2918 2509 3072 2562 κενὸν
3116 2511 3333 2579 κοπιᾷς,
3366 2509 3512 2577 λέγει
3554 2506 3703 2577 αὑτῷ
3730 2508 3824 2560 καὶ
3852 2506 4056 2568 αὐτός·

2492 2600 2646 2670 κάγὼ
2676 2603 2767 2655 ἐπὶ
2792 2602 2870 2671 τῷ
2898 2603 3173 2674 ἀσπασμῷ
3212 2621 3305 2655 σου
3338 2602 3669 2672 κατενύγην’
3704 2601 3797 2653 καὶ
3832 2600 4059 2671 ἔμαθον,

2491 2694 2571 2747 ὅτι
2607 2694 2701 2747 τοῦ
2738 2695 2934 2765 μέρους
2960 2696 3054 2748 τοῦ
3088 2694 3222 2749 Θεοῦ
3256 2690 3323 2747 εἷ’
3353 2694 3510 2757 ἄλλος
3538 2694 3593 2746 δὲ
3631 2693 3797 2755 κακὸς
3828 2691 4064 2762 μοναχὸς

2494 2784 2810 2856 ἀπαντήσας
2846 2805 2957 2857 μοι,
2989 2786 3177 2858 ὒὸρισέ
3214 2805 3308 2857 με’
3343 2786 3498 2854 κάγὼ
3531 2787 3707 2839 ἔδωκα
3742 2784 3891 2847 αὑτῷ
3926 2783 4064 2852 πλη-

2496 2878 2599 2946 γάς
2636 2882 2713 2942 εἰς
2744 2880 2992 2934 θάνατον.
3038 2883 3129 2933 γαὶ
3168 2882 3309 2949 ἔγνω
3352 2883 3379 2933 6
3405 2880 3603 2950 γέρων,
3640 2879 3721 2931 ὅτι
3752 2880 3779 2931 6
3815 2876 4068 2947 μαθητὴς

2498 2972 2662 3043 268
2696 2972 2857 3025 αὑτοῦ
2886 2973 3021 3026 ἐστι.
3062 2974 3157 3025 καὶ
3185 2974 3462 3044 κρατήσας
3496 2972 3622 3034 τοὺς
3647 2970 3813 3033 πόδας
3841 2968 4011 3022 αὑτοῦ
4038 2971 4067 3020 6

2500 3066 2679 3135 ἱερεὺς
2712 3064 2897 3132 ἔλεγεν
2919 3082 2935 3097 ·
2962 3065 3061 3117 οὐκ
3088 3065 3210 3133 ἀφῶ
3240 3082 3322 3125 σε,
3354 3064 3448 3116 ἐὰν
3484 3063 3558 3133 μὴ
3587 3062 3820 3131 ποιήσῃς
3853 3077 3921 3130 με
3965 3076 4067 3128 μο-

832 3156 919 3205 est
945 3166 957 3202 :
1008 3146 1127 3201 Non
1157 3144 1427 3199 dimittam
1457 3151 1530 3206 te,
1554 3142 1662 3196 nisi
1705 3156 1791 3197 me
1822 3140 2018 3196 feceris
2046 3138 2391 3193 monachum.
2424 3174 2466 3232 ϐ
2499 3175 2520 3209 ν

2378 3176 2391 3190 ο
2424 3174 2466 3232 C
2499 3157 2680 3226 ναχόν.
2709 3157 2798 3210 καὶ
2834 3153 2995 3226 ἦλθον
3018 3157 3201 3210 ἐπάνω
3227 3157 3360 3210 ὅπου
3379 3152 3447 3226 ἦν
3474 3156 3501 3207 6
3531 3154 3780 3225 μοναχός,
3814 3153 3911 3206 καὶ
3939 3152 4066 3205 ἐδά-

835 3240 902 3293 Et
934 3245 1202 3294 venerunt
1230 3251 1472 3300 sursum,
1502 3234 1595 3288 ubi
1628 3240 1745 3288 erat
1776 3232 2097 3292 monachus,
2132 3237 2186 3283 et
2212 3236 2397 3283 sustu-

835 3335 1019 3387 lerunt
1066 3344 1190 3385 eum
1236 3333 1701 3398 portaveruntque
1749 3324 1805 3377 in
1845 3322 2129 3377 ecclesiam
2173 3321 2395 3373 montis.

834 3424 940 3481 Sed
966 3431 1251 3479 cernentes
1281 3419 1619 3475 sacerdotem
1652 3431 1776 3471 cum
1818 3430 1883 3469 eo
1915 3412 2202 3481 stupefacti
2249 3417 2395 3465 sunt.

834 3518 903 3571 Et
930 3517 1176 3571 fecerunt
1208 3529 1332 3568 eum
1392 3511 1743 3565 monachum.
1789 3507 2055 3574 Multique
2114 3504 2398 3573 gentilium

832 3620 1053 3682 prOpter
1067 3623 1191 3663 eum
1214 3606 1341 3661 facti
1364 3616 1489 3659 sunt
1506 3602 1822 3658 Chrisdani.
1846 3599 2135 3653 Asserehat
2150 3612 2279 3665 ergo
2300 3594 2401 3648 Ma-

832 3705 1015 3759 carius
1036 3704 1224 3765 abbas,
1244 3700 1389 3771 quod
1413 3712 1592 3754 sermo
1633 3696 1811 3749 malus
1841 3694 2006 3746 etiam
2035 3692 2208 3745 bonos
2227 3690 2400 3745 malos

834 3798 1017 3859 faciat,
1044 3805 1098 3849 et
1140 3808 1319 3849 sermo
1360 3792 1533 3845 bonus
1575 3789 1736 3843 etiam
1769 3786 1942 3839 malos
1974 3784 2165 3838 reddat
2203 3784 2396 3838 bonos.

904 3891 994 3945 40.
1028 3886 1331 3941 Narrabant
1363 3884 1417 3937 in
1454 3880 1700 3935 absentia
1731 3876 1955 3931 Macarii
1989 3875 2203 3928 abbatis
2233 3875 2401 3928 latro-

834 3996 957 4037 nem
985 3982 1291 4051 ingressum
1312 3990 1434 4031 esse
1453 3972 1703 4027 cellulam
1730 3969 1871 4024 eius.
1904 3968 2024 4038 Ipse
2049 3967 2213 4037 igitur
2233 3981 2399 4035 quum

833 4074 904 4127 ad
950 4071 1203 4127 cellulam
1243 4068 1527 4130 rediisset,
1577 4060 1783 4116 invenit
1832 4061 2096 4113 latronem
2133 4059 2399 4112 camelum

836 4165 1171 4235 supellectile
1206 4175 1307 4217 sua
1336 4166 1673 4212 onerantem.
1704 4153 1883 4218 Quare
1918 4152 2182 4206 introieris
2216 4151 2269 4204 in
2293 4152 2402 4207 eel-

836 4258 1000 4310 lulam
1030 4264 1083 4308 et
1121 4250 1391 4305 Macarius
1424 4248 1493 4301 de
1516 4245 1660 4299 vasis
1684 4242 2007 4314 accipiebat.
2050 4249 2104 4294 et
2135 4256 2241 4294 una
2275 4256 2400 4295 cum

835 4362 900 4401 eo
929 4345 1191 4400 onerabat
1235 4340 1524 4394 camelum.
1569 4334 1798 4388 Sarcina
1831 4335 1997 4403 igitur
2027 4334 2281 4402 imposita
2317 4333 2402 4385 fur

835 4439 1015 4507 coepit
1037 4435 1325 4491 verberare
1341 4430 1629 4489 camelum,
1652 4434 1710 4479 ut
1729 4433 1995 4494 surgeret.
2016 4422 2200 4493 Neque
2220 4431 2401 4478 tamen

2503 3248 2702 3313 σταξαν
2751 3248 2913 3300 αὑτὸν
2976 3248 3066 3300 καὶ
3106 3248 3343 3317 ἧνεγκαν
3382 3249 3461 3308 είς
3489 3246 3589 3315 τὴν
3634 3243 3932 3313 ἐκκλησίαν
3970 3241 4070 3295 τοῦ

2499 3337 2685 3406 ὄρους’
2728 3338 2821 3389 καὶ
2859 3336 3055 3398 ἰδόντες
3078 3336 3167 3387 τὸν
3196 3335 3343 3404 ίερέα
3372 3336 3487 3403 μετ’
3513 3332 3699 3399 αὐτοῦ,
3736 3333 4066 3401 ἐξέστησαν·

2500 3426 2867 3497 καὶέποίησαν
2883 3426 3043 3479 αὐτὸν
3068 3427 3315 3496 μοναχόψ
3340 3427 3432 3478 καὶ
3451 3424 3634 3477 πολλοὶ
3659 3424 3767 3475 τῶν
3796 3422 4072 3492 Ἑλλήνων

2498 3519 2743 3586 ἐγένοντο
2780 3518 2848 3570 δι’
2886 3518 3044 3570 αὐτὸν
3073 3515 3406 3587 Χριστιανοί.
3459 3516 3644 3583 ἔλεγεν
3676 3510 3770 3567 οὖν
3812 3529 3842 3567 ο
3888 3515 4072 3576 ἀ66ᾶς

2500 3610 2801 3681 Μακάριος,
2832 3609 2913 3661 ὅτι
2940 3611 2968 3662 6
2996 3609 3151 3677 λόγος
3183 3612 3211 3661 6
3250 3608 3416 3671 κακὸς
3448 3608 3521 3677 (b)
3559 3608 3653 3660 καὶ
3699 3608 3827 3669 τοὺς
3867 3605 4071 3668 καλοὺς

2500 3703 2645 3752 ποιεῖ
2682 3700 2917 3762 κακούςο
2961 3701 3056 3752 καὶ
3089 3702 3117 3753 6
3159 3698 3321 3762 καλὸς
3363 3697 3520 3766 λόγος
3575 3699 3824 3760 καὶτοὺς
3864 3696 4073 3758 κακοὺς

2502 3796 2645 3846 ποιεῖ
2676 3792 2872 3855 καλούς
2898 3794 2993 3863 (ε).

2571 3885 2659 3939 40.
2699 3884 2924 3951 Ἔλεγον
2958 3884 3198 3954 περὶτοῦ
3222 3884 3366 3938 ά66ἇ
3392 3884 3696 3954 Μακαρίου,
3725 3883 3806 3935 ὅτι
3835 3882 4071 3945 ἀπόντος

2501 3973 2666 4027 αὑτοῦ
2702 3973 2915 4044 εἰσῆλθε
2957 3974 3158 4047 λῃστὴς
3205 3978 3283 4039 είς
3326 3976 3385 4028 τὸ
3424 3976 3633 4029 κελλίον
3664 3974 3847 4028 αὑτοῦ.
3894 3992 4072 4045 παρα·

2502 4064 2791 4134 γενομένου
2824 4066 2883 4118 δὲ
2912 4064 3075 4117 αὑτοῦ
3117 4066 3196 4127 είς
3225 4066 3285 4117 τὸ
3315 4065 3543 4130 κελλίον,
3574 4058 3699 4136 εὗρε
3730 4066 3821 4118 τὸν
3865 4066 4072 4137 λῃστὴν

2502 4157 2796 4227 γεμίζοντα
2841 4155 2938 4227 τὴν
2972 4156 3217 4227 κάμηλον
3262 4158 3331 4210 τὰ
3372 4156 3539 4227 σκεύη
3574 4157 3760 4211 αὐτοῦ’
3810 4159 3974 4220 αὐτὸς
4011 4160 4070 4211 δὲ

2505 4248 2755 4300 εἰσελθὼν
2784 4250 2862 4309 είς
2896 4248 2957 4299 τὸ
2990 4247 3196 4299 κελλίον
3224 4248 3527 4317 ἐλάμϐανεν
3565 4248 3673 4301 ἀπὸ
3697 4247 3806 4300 τῶν
3834 4248 4068 4311 σκευῶν,

2504 4338 2598 4391 καὶ
2619 4337 2935 4407 συνεγέμιζε
2969 4341 3082 4407 μετ’
3106 4337 3267 4390 αὑτοῦ
3297 4339 3397 4407 τὴν
3425 4339 3688 4409 κάμηλον.
3722 4338 3797 4400 ὡς
3824 4335 3917 4392 οὖν
3949 4341 4073 4407 ἐγέ-

2508 4448 2687 4501 μισαν,
2733 4428 2935 4500 ήρξατο
2976 4433 3004 4484 6
3036 4430 3236 4501 λῃστὴς
3278 4429 3499 4482 τύπτειν
3544 4431 3640 4500 τὴν
3686 4431 3952 4499 κάμηλον,
3982 4432 4072 4484 ἵνα

836 4527 1113 4599 surgebat.
1145 4522 1299 4590 Quod
1334 4520 1422 4575 ubi
1453 4518 1589 4572 vidit
1617 4516 1885 4570 Macarius
1915 4514 2109 4577 abbas,
2144 4514 2397 4569 cellulam
2436 4516 2477 4569 ι)
2504 4524 2524 4575 δ

2383 4530 2397 4567 ι
2436 4516 2477 4569 ι)
2504 4524 2706 4592 ἀναστῇ
2730 4538 2745 4554 ο
2776 4523 2871 4574 καὶ
2897 4523 2997 4575 οὐκ
3032 4522 3300 4592 ἠγείρετο.
3333 4522 3455 4575 ἰδὼν
3486 4522 3541 4574 δὲ
3578 4524 3606 4575 6
3654 4522 3827 4585 ἀόσᾶς
3873 4523 4071 4575 Μακά-

836 4623 1119 4691 ingressus
1141 4629 1363 4687 parvum
1396 4610 1671 4667 sarculum
1709 4605 2101 4675 invenit,quod
2135 4606 2400 4660 emissum

835 4712 1097 4781 imposuit
1130 4707 1340 4762 camelo
1376 4704 1612 4774 dicens:
1648 4698 1857 4761 Frater,
1903 4698 2007 4750 hoc
2055 4696 2267 4765 quaerit
2314 4712 2407 4749 ca-

838 4806 1034 4859 melus.
1080 4804 1156 4853 Ac
1197 4798 1332 4869 pede
1369 4796 1595 4864 pulsans
1640 4808 1759 4846 eum
1819 4805 1985 4845 senex
2028 4791 2139 4841 ait:
2205 4787 2401 4858 Surge.

836 4894 1251 4961 Confestimque
1283 4887 1544 4947 surrexit,
1587 4893 1641 4938 et
1685 4896 1976 4951 parumper
2009 4881 2223 4934 itineris
2268 4895 2401 4933 con-

836 4991 968 5046 fecit
1009 4996 1231 5057 propter
1270 4984 1389 5038 eius
1428 4992 1754 5036 sermonem.
1785 4975 1905 5044 Sed
1950 4976 2141 5030 iterum
2175 4975 2396 5036 resedit,

2503 4630 2635 4682 ριος,
2669 4616 2749 4666 ὅτι
2778 4614 2876 4666 οὐκ
2904 4613 3066 4683 269
3090 4614 3379 4684 ἐγείρεται,
3409 4612 3662 4667 εἰσελθὼν
3689 4616 3746 4667 ἐν
3768 4614 3845 4683 τῷ
3874 4614 4074 4683 κελλίῳ

2501 4696 2623 4773 εὗρε
2657 4702 2850 4773 μικρὸν
2878 4703 3119 4755 σκαλίδιν
3137 4703 3181 4735 δ’
3207 4722 3219 4735 ’
3255 4705 3347 4757 καὶ
3374 4704 3617 4756 ἐκϐαλὼν
3638 4704 3682 4735 ⁸³
3715 4704 3954 4773 ἐπέθηκε
3999 4710 4070 4774 τῇ

2502 4795 2729 4865 καμήλῳ
2756 4796 2961 4863 λέγων*
2992 4796 3221 4864 ἀδελφέ,
3254 4796 3412 4849 τοῦτο
3439 4797 3590 4865 ζητεῖ
3615 4798 3647 4867 ή
3682 4797 3947 4867 κάμηλος.
3975 4800 4073 4850 καὶ

2500 4886 2734 4956 κρούσας
2762 4887 2928 4957 αὐτὴν
2968 4890 2995 4939 6
3027 4889 3201 4959 γέρων
3227 4888 3305 4954 τῷ
3346 4888 3465 4940 ποδὶ
3497 4887 3643 4955 λέγει
3663 4904 3675 4917 ·
3709 4889 3949 4942 ἀνάσταυ
3976 4890 4073 4942 καὶ

2508 4978 2709 5041 εὐθέως
2749 4979 2946 5049 ἀνέστη
2973 5019 2987 5042 ,
3034 4981 3126 5031 καὶ
3167 4980 3376 5049 ἀπῆλθε
3426 4979 3619 5051 μικρὸν
3666 4979 3753 5033 διὰ
3788 4980 3879 5032 τὸν
3913 4981 4075 5049 λόγον

2104 5112 2362 5168 VARIAE
2399 5113 2798 5168 LECTIONES.

908 5278 954 5309 to
990 5274 1073 5326 Αι,
1124 5269 1249 5323 add,
1292 5269 1342 5319 ει
1371 5262 1519 5327 αὐτή
1558 5263 1725 5313 ἐστιν
1756 5261 1794 5325 ἡ
1836 5256 2172 5327 παραμυθία
2200 5252 2309 5320 τῆς
2344 5254 2665 5320 κολάσεως.

840 5324 1086 5414 θέλημά.
1160 5342 1203 5369 ι·
1242 5338 1329 5392 Al.
1362 5324 1693 5387 σκαλίδιίγν.
1772 5330 1817 5360 ιι
1852 5329 1939 5381 Al.
1973 5324 2191 5379 λαϐὼν.

2776 5257 2818 5287 δ’
2860 5258 2940 5310 ΑΙ.
2976 5258 3099 5311 add.
3135 5260 3229 5311 καὶ
3252 5258 3338 5327 μὴ
3370 5258 3728 5325 ποιήσαντες
3760 5258 3947 5311 αὑτοῦ
4004 5261 4076 5312 τὸ

2360 5452 2613 5509 NOTAE.

911 5640 987 5709 (α)
1018 5636 1103 5691 Cf.
1138 5636 1253 5690 νγ.
1284 5634 1467 5690 llosw.
1499 5634 1593 5687 lib.
1621 5632 1684 5685 Ill
1708 5648 1829 5700 cap.
1866 5628 1987 5694 172;
2012 5627 2104 5681 lib.
2134 5624 2199 5678 Vl
2230 5627 2393 5681 libell.

842 5710 1086 5844 5’(ίὲλο
1135 5781 1314 5846 ,λόγος
1354 5780 1385 5830 ό
1429 5778 1633 5846 καθιείς.
1681 5772 1734 5824 In
1768 5770 2084 5846 Cnlbertin-o
2126 5767 2264 5846 libro
2294 5767 2397 5846 hoc

844 5837 1017 5920 reperi
1046 5837 1452 5920 Apoplitliegina
1487 5865 1498 5899 :
1534 5842 1698 5897 Εἶπεν
1729 5842 1929 5912 γέρων·
1950 5842 1975 5892 ὁ
2000 5839 2154 5905 λόγος
2184 5838 2211 5888 6
2243 5837 2403 5907 σκλη-

2508 5628 2601 5699 ρὸς
2630 5630 2723 5682 καὶ
2744 5631 2865 5691 τοὺς
2895 5630 3092 5692 καλοὺς
3120 5632 3262 5681 ποιεῖ
3281 5626 3483 5689 κακούς
3504 5642 3517 5655 °
3557 5629 3585 5680 6
3602 5628 3659 5682 δέ
3688 5626 3849 5689 καλὸς
3873 5625 4079 5697 ὠφελεῖ

2508 5700 2734 5760 πάντας.
2769 5699 2993 5753 Coleler.

2582 5772 2649 5839 (ι’)
2686 5770 2767 5825 Cf.
2808 5769 2895 5819 VV
2954 5770 3054 5824 ῐῬ.
3093 5768 3275 5823 Rosw.
3309 5770 3405 5823 lib.
3439 5770 3510 5822 111
3542 5782 3662 5839 cap.
3698 5765 3819 5820 1‘17.
