4274 6358
240 380 349 439 ἳὸί
1565 388 1928 448 ΛΡΟΡΗΤΗΕ

1797 390 2195 450 THEGMATA.
3338 383 3351 398 ’
3378 397 3485 454 202

238 501 426 556 αὐτοῦ·
458 501 553 556 καὶ
582 504 743 559 πάλιν
772 505 1010 573 ἐκάθισε,
1032 506 1127 562 καὶ
1149 509 1250 563 οὐκ
1284 510 1504 582 ἀνέστη,
1548 511 1657 578 ἓως
1702 514 1807 570 ἀπ·
1834 520 1882 579 Α
1910 533 1926 571 l

1795 545 1807 557 -
1834 520 1882 579 Α
1910 533 2086 589 neque
2117 518 2450 582 exsurrexit,
2481 517 2656 575 donec
2684 517 3070 588 deposuissent
3103 525 3361 575 cunctam
3388 534 3483 575 su-

237 595 507 665 εγέμισαν
538 597 634 652 ὅλα
655 598 723 652 τὰ
749 598 943 671 σκεύη·
979 602 1074 656 καὶ
1093 601 1267 667 οὕτως
1299 605 1539 676 ἀπῆλθεν
1565 606 1664 679 (α).
1911 623 1925 680 ι

1159 621 1267 667 τως
1299 605 1539 676 ἀπῆλθεν
1565 606 1664 679 (α).
1911 610 2256 680 pellectilem.
2281 609 2435 666 Tunc
2449 610 2665 666 demum
2693 594 2847 665 abiit.

308 688 401 742 41.
464 691 523 740 ’0
558 689 732 755 ά66ἄς
782 690 911 745 ’Ᾱῖὼ
942 694 1190 766 ἠρώτησε
1235 695 1326 750 τὸν
1382 696 1556 751 άὸὗᾶν
1607 700 1805 755 Μακά-
1981 704 1996 756 Α

1791 731 1805 742 -
1981 702 2071 757 41.
2122 703 2224 757 Aio
2261 704 2429 758 abbas
2467 704 2826 774 interrogavit
2871 701 3167 759 Macarium
3228 703 3479 760 abbatem

238 797 356 850 ριον
399 780 604 850 λέγων·
652 784 773 837 εἰπέ
821 803 911 856 μοι
957 786 1127 857 ῥῆμα.
1174 787 1321 856 λέγει
1364 787 1513 859 αὐτῷ
1558 791 1587 843 6
1633 784 1808 857 άόϐἄς
1910 810 1926 850 ε

1789 810 1808 857 ;
1910 804 2002 850 et:
2044 793 2236 850 Profer
2280 795 2437 857 mihi,
2486 796 2685 865 inquit,
2719 797 3068 851 sententiam.
3095 795 3407 867 Respondet
3428 799 3477 854 ci

234 872 556 945 Μακάριοςο
594 874 761 945 φεῦγε
797 878 924 940 τοὺς
960 878 1320 950 ἀνθρώπουςθ
1368 882 1592 939 κάθισον
1633 886 1715 948 εἰς
1744 885 1806 938 τὸ
1912 885 1922 941 l

1795 902 1806 938 ι
1912 885 2182 942 Macarius
2208 887 2412 942 abbas:
2445 885 2595 956 Fuge
2625 884 2902 956 homines,
2928 887 3057 944 sede
3086 888 3141 943 in
3172 888 3365 945 cellula
3389 897 3483 944 tua

236 964 451 1019 κελλιον
483 984 597 1031 σου,
629 966 723 1022 καὶ
758 968 989 1024 κλαῦσον
1014 971 1115 1035 τὰς
1144 972 1417 1044 ἁμαρτίας
1447 993 1564 1041 σου,
1600 977 1693 1031 καὶ
1730 975 1806 1049 μὴ
1909 994 1924 1032 ι

1795 993 1806 1049 ι
1909 985 1965 1032 et
1988 977 2125 1034 delle
2146 986 2367 1048 peccata
2396 986 2511 1044 tua,
2532 994 2707 1049 neque
2726 980 2983 1036 dilexeris
3009 980 3280 1052 loquelam
3307 980 3483 1037 homi-

235 1058 535 1133 άγαπήσῃς
557 1058 746 1115 λαλιὰν
769 1060 1101 1135 ἀνθρώπων·
1134 1065 1227 1119 καὶ
1258 1064 1403 1139 σώζῃ
1434 1067 1531 1139 (b).
1912 1086 1923 1125 l

1436 1067 1531 1139 (b).
1912 1083 2066 1138 num,
2105 1070 2364 1140 salusque
2395 1069 2489 1126 tibi
2517 1070 2783 1142 obtinget.

1731 1220 1979 1280 NOTAE.

240 1372 712 1518 73(al)ibCf.vflug;
734 1376 947 1503 5:118,
973 1377 1086 1433 VV.
1120 1379 1225 1437 PP.
1246 1378 1432 1437 Rosw.
1460 1380 1557 1438 lib.
1585 1384 1659 1438 Ill
1683 1398 1801 1454 cap.

1990 1386 2067 1458 (ὑ)
2107 1386 2193 1443 Cf.
2228 1385 2343 1442 νγ.
2377 1387 2481 1443 PP.
2520 1388 2703 1445 Rosw.
2729 1388 2821 1445 lib.
2860 1388 2929 1442 lll
2964 1402 3089 1459 cap.
3122 1385 3243 1442 189.

237 1642 3464 1675 _______________________________________

1812 1800 1922 1862 IV.

1024 1963 1212 2026 ALIA
1256 1965 1539 2029 SANCTI
1582 1962 1920 2029 MACARll
1963 1968 2683 2033 APOPHTHEGMATA

1390 2147 1419 2184 Δ
1453 2144 1535 2185 JO.
1594 2146 1746 2186 BAPT.
1785 2143 2083 2188 οοτειειιιο
2135 2147 2313 2191 EDITA.

240 2290 263 2327 ι
291 2277 579 2331 Sanctorum
604 2292 779 2331 senum
803 2280 1222 2346 ApOphtbegmata
1250 2300 1269 2333 ι
1296 2298 1343 2354 s_.‘
1361 2297 1440 2354 vv.
1481 2285 1723 2354 gat/ton,
1740 2284 2027 2354 Zacharias,
2063 2284 2711 2354 -ῌιεοᾴρηιξηΡΙιεηηεηιὶδ
2753 2291 2881 2352 apud
2907 2291 2975 2340 lo.
3004 2291 3144 2354 Bapt.
3178 2290 3480 2343 Coteleriutn

1306 2346 1439 2399 Eccl.
1486 2346 1653 2399 Graec.
1681 2349 1806 2400 Mon.
1832 2350 1892 2400 T.
1928 2351 1965 2411 l,
1989 2363 2037 2412 p.
2062 2350 2171 2399 372.
2194 2349 2304 2400 με.
2329 2351 2436 2401 451.

310 2612 364 2666 1.
395 2609 561 2665 Εἶπεν
584 2616 612 2667 6
646 2614 817 2680 assa;
845 2618 1050 2690 Πέτρος
1090 2622 1119 2673 6
1150 2620 1244 2673 τοῦ
1275 2622 1419 2677 assa
1453 2616 1609 2691 Λώτ,
1636 2628 1717 2681 ὅτι
1746 2629 1804 2681 ὲν
1834 2607 1876 2661 Β
1978 2630 1998 2683 l

1790 2647 1804 2681 ι
1834 2607 1876 2661 Β
1978 2630 2028 2683 l.
2063 2627 2259 2683 Petrus
2286 2626 2476 2690 abbas,
2509 2624 2815 2693 discipulus
2857 2623 2960 2677 Lot
3003 2623 3259 2679 abbatis:
3294 2620 3478 2688 Eram,

236 2702 319 2772 τῷ
350 2702 545 2774 κελλίῳ
568 2704 659 2758 τοῦ
688 2706 831 2760 άόὅᾶ
869 2708 1171 2776 Ἀγάθωνος
1197 2712 1343 2783 ήμην
1374 2713 1526 2779 ποτέ,
1554 2718 1650 2771 καὶ
1672 2712 1803 2788 ἦλθε

239 2796 380 2866 πρὸς
434 2797 594 2850 αὐτὸν
655 2800 881 2869 ἀδελφὸς
932 2802 1136 2871 λέγων’
1195 2803 1330 2859 θέλω
1397 2807 1615 2877 οἰκῆσαι
1669 2811 1805 2880 μετὰ

237 2888 513 2957 ἀδελφῶνο
547 2888 697 2945 εἶπόν
739 2912 827 2963 μοι
868 2894 982 2959 πῶς
1022 2899 1140 2968 μετ’
1170 2898 1349 2952 αὐτῶν
1379 2902 1603 2973 οἰκήσω.
1656 2902 1804 2972 λέγει

238 2979 391 3050 αὐτῷ
421 2982 449 3033 ὁ
486 2981 693 3053 γέρων]
730 2984 805 3049 ὼς
832 2988 889 3039 ὲν
918 2990 982 3058 τῇ
1024 2986 1217 3060 πρώτῃ
1250 2988 1435 3062 ἡμέρᾳ
1460 2992 1549 3044 ὅτε
1580 2994 1803 3065 εἰσέρχεο

238 3072 379 3140 πρὸς
404 3073 618 3137 αὐτούς,
653 3074 824 3140 οὕτως
854 3077 1085 3145 φύλαξον
1113 3080 1211 3149 τὴν
1256 3080 1517 3144 ξενιτείαν
1558 3098 1650 3135 σου
1698 3086 1803 3137 πά-

240 3180 341 3227 σας
368 3167 467 3228 τὰς
492 3167 701 3238 ἡμέρας
728 3169 827 3239 τῆς
848 3168 988 3240 ζωῆς
1019 3189 1136 3235 σου,
1169 3172 1257 3225 ἵνα
1283 3173 1356 3243 μὴ
1385 3176 1803 3247 παρῤησιασθῇς

242 3257 363 3326 μετ’
393 3259 589 3315 αὐτῶν.
621 3260 768 3329 λέγει
808 3262 956 3333 αὑτῷ
988 3265 1016 3316 6
1054 3263 1227 3326 ἁ66ἆς
1258 3265 1537 3336 Μακάριος
1563 3285 1575 3298 ·
1602 3267 1655 3320 τί
1695 3267 1803 3338 γὰρ

238 3351 385 3403 ποιεῖ
429 3351 461 3419 ἠ
507 3352 814 3423 παρῤησία;
863 3352 1011 3421 λέγει
1056 3353 1204 3421 αὐτῷ
1233 3355 1261 3406 6
1304 3354 1514 3427 γέρωνο
1560 3355 1734 3409 ἔοικεν
1770 3360 1803 3429 ή

239 3440 522 3511 παρρησία
550 3441 787 3495 καύσωνι
817 3444 1036 3514 μεγάλῳ
1061 3461 1073 3474 -
1108 3444 1165 3507 ὃς
1188 3446 1314 3499 ὅταν
1339 3445 1577 3517 γίνηται,
1605 3449 1804 3511 πάντες

240 3530 534 3599 φεύγουσιν
585 3534 692 3586 ἀπὸ
726 3534 1016 3605 προσώπου
1051 3537 1214 3589 αὐτοῦ
1236 3574 1251 3598 ,
1300 3538 1393 3589 καὶ
1436 3537 1544 3590 τῶν
1574 3539 1805 3610 δένδρων

238 3623 331 3675 τὸν
368 3624 577 3693 καρπὸν
613 3625 929 3697 διαφθείρει.
962 3627 1111 3695 λέγει
1143 3626 1290 3698 αὑτῷ
1325 3627 1354 3680 6
1390 3628 1563 3693 ά66ἄς
1606 3632 1803 3685 Μακά-

243 3731 356 3784 ριος
378 3732 392 3746 ·
425 3716 596 3777 οὕτως
624 3717 833 3789 χαλεπή
869 3720 1015 3772 ἐστιν
1050 3721 1083 3791 ἡ
1120 3721 1437 3792 παρρησίας
1468 3723 1561 3775 καὶ
1592 3718 1743 3775 εἶπεν
1776 3724 1805 3775 6

238 3804 414 3868 666d;
452 3805 719 3873 Ἀγάθων·
751 3808 851 3861 οὐκ
882 3808 1029 3862 ἐστιν
1066 3810 1251 3880 ἓτερον
1294 3810 1464 3873 πάθος
1500 3811 1805 3880 χαλεπώτε-

242 3912 333 3964 ρον
363 3896 461 3965 τῆς
486 3898 817 3967 παρρησίαςο
843 3898 1132 3969 γεννήσρια
1158 3900 1265 3970 γάρ
1306 3901 1421 3953 ἐστι
1450 3901 1667 3956 πάντων
1695 3902 1803 3954 τῶν

239 3987 458 4041 παθῶν·
490 3988 689 4057 πρέπει
725 3989 781 4041 δὲ
817 3990 894 4061 τῷ
943 3992 1145 4063 ἐργάτῃ
1196 3990 1270 4062 μὴ
1308 3992 1801 4063 παρρησιάζεσθαι,

238 4078 344 4131 κᾶν
387 4078 546 4147 μόνος
665 4080 724 4132 ὲν
767 4080 845 4150 τῷ
889 4082 1102 4152 κελλίῳ.
1147 4079 1262 4136 οἶδα
1305 4085 1411 4155 γὰρ
1453 4085 1536 4137 ὃτι
1580 4084 1804 4153 ἀδελφὸς

238 4177 472 4243 ποιήσας
499 4175 687 4246 χρόνον
711 4175 768 4225 ὲν
792 4174 869 4244 τῷ
894 4176 1088 4247 κελλίῳ
1114 4176 1297 4244 οἰκῶν,
1315 4178 1451 4247 ἔχων
1470 4196 1520 4231 τι
1547 4180 1805 4231 κοιτωνά-

242 4284 377 4337 ριον,
420 4264 602 4333 εἶπεν,
647 4268 729 4320 ὄτι
766 4268 996 4339 μετέϐην
1031 4270 1094 4321 ἐκ
1124 4269 1218 4322 τοῦ
1248 4270 1479 4334 κελλίου,
1533 4270 1607 4341 μὴ
1645 4273 1805 4339 γνοὺς

238 4359 373 4410 αὐτὸ
396 4357 459 4410 τὸ
480 4359 849 4427 κοιτωνάριον,
877 4362 925 4411 εἰ
956 4360 1028 4429 μὴ
1057 4360 1241 4430 ἕτερός
1272 4378 1361 4430 μοι
1389 4356 1559 4414 εἶπεν.
1584 4365 1611 4413 ὀ
1633 4362 1805 4413 τοιοῦ-

236 4467 328 4512 τος
361 4451 596 4520 ἐργάτης
628 4452 743 4503 ἐστὶ
769 4452 860 4503 καὶ
889 4452 1220 4522 πολεμιστής
1250 4455 1349 4518 (a).

309 4541 364 4592 2.
412 4538 576 4593 Εἶπεν
616 4541 643 4591 6
682 4540 854 4601 άϐὅᾶς
898 4543 1181 4610 Μακάριος
1228 4543 1305 4612 τῷ
1345 4543 1488 4613 ἁϐὅᾷ
1526 4544 1802 4614 Ζαχαρία*

238 4633 362 4686 εἰπέ
382 4650 473 4703 μοι
498 4634 559 4685 τὸ
588 4633 745 4703 ἔργον
774 4634 865 4687 τοῦ
897 4635 1148 4705 μοναχοῦ.
1186 4635 1331 4703 λέγει
1354 4636 1519 4705 αὐτῷ·
1549 4637 1649 4705 ἐμὲ
1666 4639 1802 4706 ὲρω-

238 4726 359 4794 τᾷς,
395 4725 598 4794 πάτερ;
640 4725 733 4777 καὶ
776 4724 923 4792 λέγει
967 4726 996 4776 6
1029 4726 1201 4789 ἀϐὁᾶς
1250 4725 1559 4797 Μακάριος·
1608 4726 1807 4797 πληρο-

239 4816 512 4887 φοροῦμαι
543 4818 620 4879 εἰς
652 4817 730 4876 σὲ,
750 4816 935 4869 τέκνον
966 4818 1227 4887 Ζαχαρίαο
1263 4819 1377 4871 ἐστι
1408 4818 1516 4888 γὰρ
1541 4820 1570 4870 6
1596 4818 1805 4873 νύσσων

242 4928 310 4978 με
338 4909 431 4962 τοῦ
458 4909 729 4979 ἐρωτῆσαί
757 4926 835 4961 σε.
861 4909 1005 4977 λέγει
1030 4910 1178 4978 αὐτῷ
1203 4912 1229 4962 6
1259 4911 1536 4979 Ζαχαρίας
1556 4926 1570 4941 ⁸
1598 4910 1656 4963 τὸ
1685 4913 1803 4963 κατ’

238 5000 360 5069 ἐμὲ,
397 4998 589 5069 πάτερ.
626 5000 686 5051 τὸ
734 4999 923 5051 ἑαυτὸν
973 4998 1248 5068 βιάζεσθαι
1289 5001 1367 5061 εἰς
1403 5001 1612 5064 πάντα,
1654 4995 1806 5063 οὗτός

239 5094 385 5144 ἐστιν
410 5092 438 5143 6
470 5088 698 5159 μοναχὸς
730 5090 822 5160 (b).

308 5186 362 5239 5.
419 5185 476 5236 '0
522 5183 691 5246 ἀϐὁᾶς
739 5182 1010 5252 Θεόδωρος
1062 5184 1089 5235 6
1134 5182 1233 5251 τῆς
1270 5182 1486 5253 Φέρμης
1543 5184 1807 5251 ἐκτήσατο

1907 2721 2105 2791 inquit,
2138 2716 2435 2789 aliquando
2485 2715 2537 2769 in
2578 2715 2776 2770 cellula
2812 2714 3114 2785 Agathonis
3145 2713 3380 2777 abbatis,
3411 2708 3482 2769 ad

1905 2819 2065 2882 quem
2098 2810 2246 2866 venit
2272 2808 2440 2862 frater
2468 2806 2655 2861 dicens
2680 2824 2693 2861 :
2722 2804 2859 2860 Volo
2884 2805 3133 2860 habitare
3149 2820 3274 2860 eum
3299 2803 3484 2858 fratri-

1905 2904 2041 2969 bus;
2066 2902 2200 2956 doce
2226 2914 2311 2954 me
2340 2913 2447 2968 quo
2472 2909 2629 2968 pacto
2650 2909 2774 2951 cum
2808 2897 2874 2952 iis
2896 2911 3169 2951 maneam.
3190 2896 3287 2950 Cui
3312 2909 3484 2950 senex

1904 2992 2183 3063 respondit
2231 3008 2244 3045 :
2324 2988 2791 3055 Quemadmodum
2853 2986 3029 3057 primo
3075 2987 3163 3041 die
3204 2989 3485 3056 ingressus

1904 3086 2006 3151 tui,
2055 3084 2138 3139 sic
2186 3082 2463 3137 custodito
2515 3081 2814 3150 hospitium
2873 3086 3029 3132 tuum
3084 3077 3481 3147 peregrinatio-

1904 3191 2137 3247 nemque
2163 3173 2376 3229 cunctis
2399 3172 2595 3227 diebus
2623 3172 2769 3226 vitae
2800 3178 2949 3234 tuae,
3001 3169 3075 3224 ita
3114 3175 3173 3222 ut
3207 3183 3335 3238 erga
3360 3166 3484 3221 illos

1905 3282 2013 3321 non
2043 3266 2217 3320 utaris
2246 3264 2465 3318 ﬁducia.
2519 3262 2611 3315 Ait
2655 3262 2707 3316 ei
2754 3260 3026 3315 Macarius
3070 3259 3243 3313 abbas
3284 3276 3296 3312 :
3339 3255 3483 3321 Quid

1904 3355 2047 3409 enim
2071 3354 2237 3409 efﬁcit
2270 3352 2502 3406 ﬁducia?
2534 3351 2637 3405 Cui
2668 3366 2833 3406 senex
2862 3370 2874 3405 :
2904 3349 3113 3405 Similis
3142 3356 3248 3413 est,
3282 3344 3481 3417 inquit,

1905 3446 2102 3502 ﬁducia
2126 3445 2300 3501 aestui
2327 3460 2539 3515 magno,
2563 3445 2657 3514 qui
2684 3443 2906 3515 quando
2936 3442 3249 3511 contigerit,
3266 3440 3485 3510 tugiunt

1904 3554 2095 3595 omnes
2133 3554 2164 3592 a
2203 3537 2341 3592 facie
2372 3538 2512 3604 eius,
2537 3539 2743 3607 quique
2797 3537 3053 3590 arborum
3096 3534 3308 3587 fructus
3357 3544 3483 3585 cor-

1906 3628 2129 3699 rumpit.
2192 3626 2337 3681 Dicit
2401 3627 2672 3683 Macarius
2717 3626 2945 3682 abbas:
3017 3624 3241 3679 Adeone
3310 3622 3485 3676 saevit

1907 3723 2143 3777 ﬁducia?
2174 3722 2385 3791 Agatho
2411 3721 2581 3775 abbas
2607 3739 2621 3775 :
2657 3718 2853 3775 Nullus
2887 3725 2993 3784 est,
3030 3716 3227 3786 inquit,
3253 3713 3481 3769 allectus

1905 3814 2117 3869 saevior
2166 3812 2385 3867 ﬁducia.
2445 3811 2700 3867 Omnium
2757 3810 2961 3881 quippe
3004 3806 3480 3879 perturbationum

1905 3912 2078 3959 mater
2112 3911 2215 3958 est.
2269 3902 2433 3958 Decet
2476 3910 2654 3958 autem
2697 3903 2960 3958 cultorem
3016 3900 3102 3955 sui
3150 3898 3347 3953 ﬁducia
3382 3912 3479 3951 caa

1906 4012 2048 4063 rere,
2078 3996 2292 4051 etiamsi
2343 3996 2493 4050 solus
2527 3996 2583 4049 in
2631 3996 2768 4051 cella
2794 4001 3061 4050 versetur.
3108 3991 3243 4045 Novi
3276 3989 3480 4046 etenim

1906 4089 2149 4153 fratrem,
2188 4088 2281 4157 qui
2324 4088 2418 4142 diu
2450 4089 2505 4141 in
2548 4087 2749 4142 cellula
2788 4092 3235 4156 perseveraverat
3272 4081 3480 4135 habens

1904 4183 2182 4243 lectulum,
2232 4182 2435 4236 dixisse
2468 4195 2481 4233 :
2513 4178 2556 4232 E
2594 4179 2732 4233 cella
2764 4176 3146 4244 cmigrassem,
3196 4188 3306 4226 non
3354 4186 3480 4239 pcr-

1904 4282 2061 4344 cepto
2101 4274 2191 4327 illo
2224 4273 2444 4337 lectulo,
2491 4271 2596 4324 nisi
2643 4270 2781 4324 alius
2829 4266 3133 4321 monuisset
3174 4280 3281 4318 me.
3328 4261 3478 4317 'l‘alis

1906 4376 2085 4419 autem
2115 4379 2240 4418 vere
2268 4371 2349 4418 est
2377 4363 2663 4432 operarius
2694 4369 2748 4415 et
2787 4361 3036 4415 bellator.

1973 4548 2027 4601 2.
2065 4546 2338 4600 Macarius
2366 4545 2536 4600 abbas
2567 4543 2868 4598 Zachariae
2904 4541 3085 4595 abbati
3123 4559 3135 4593 :
3178 4540 3275 4592 Dic
3319 4538 3476 4601 mihi,

1906 4638 2101 4708 inquit,
2130 4654 2269 4707 opus
2302 4638 2572 4692 monachi.
2598 4637 2687 4689 Ait
2709 4636 2756 4689 ei
2798 4651 2811 4687 :
2850 4633 3005 4687 Tune
3034 4648 3118 4687 me
3152 4633 3478 4700 interrogas,

1906 4730 2095 4802 pater?
2134 4732 2271 4783 Tum
2306 4729 2575 4783 Macarius
2616 4729 2786 4783 abbas
2826 4746 2840 4783 :
2885 4726 2958 4781 De
2989 4732 3062 4786 te,
3110 4724 3307 4793 inquit,
3344 4722 3478 4775 mibi

1904 4838 2225 4891 persuasum
2248 4831 2350 4887 est,
2378 4821 2450 4875 ﬁli
2473 4821 2755 4875 Zacharia.
2781 4819 2876 4874 Est
2895 4820 3036 4874 enim
3056 4818 3147 4886 qui
3175 4832 3261 4871 me
3278 4815 3473 4885 pulsat,

1907 4921 1967 4965 ut
2014 4912 2340 4981 interrogem
2374 4920 2447 4966 te.
2491 4910 2959 4967 Zachariushanc
2994 4909 3220 4979 protulit
3258 4916 3472 4961 senten-

1908 5005 2036 5057 tiam
2071 5024 2083 5057 :
2119 5002 2391 5069 Quantum
2417 5020 2517 5073 ego
2562 5004 2783 5074 quidem
2828 5003 3116 5064 existimo,
3148 5008 3334 5070 pater,
3378 4999 3472 5068 qui

1908 5111 1965 5149 se
1991 5096 2166 5165 ipsum
2199 5096 2344 5164 Cogit
2383 5096 2449 5150 ad
2474 5097 2677 5159 omnia,
2717 5097 2763 5150 is
2792 5103 2875 5150 est
2909 5093 3209 5148 monachus
3237 5090 3333 5161 (b).

1979 5188 2031 5239 3.
2065 5184 2390 5241 Theodorus
2431 5186 2598 5241 abbas
2626 5186 2889 5240 Phermae
2935 5194 3047 5240 tres
3086 5185 3259 5238 bonos
3307 5181 3473 5235 libros

237 5277 363 5347 τρία
393 5275 571 5345 βιόλία
598 5274 769 5328 καλά·
802 5275 895 5327 καὶ
927 5275 1197 5345 παρέϐαλε
1228 5274 1305 5344 τῷ
1339 5275 1480 5344 ἀὸϐᾷ
1509 5277 1797 5346 Μακαρίῳ,
1838 5286 1875 5339 ι)
1902 5294 1925 5347 ς

1785 5318 1797 5339 ,
1838 5286 1875 5339 ι)
1902 5277 2191 5347 possidens
2225 5277 2291 5331 ad
2330 5279 2632 5333 Macarium
2678 5278 2925 5331 abbatem
2958 5277 3127 5338 venit,
3170 5283 3224 5331 et
3256 5295 3269 5329 :
3313 5275 3467 5335 Tres,

237 5370 331 5421 καὶ
358 5368 507 5435 λέγει
534 5366 699 5437 αὐτῷ,
733 5368 813 5420 ὃτι
842 5366 947 5436 ἔχω
977 5367 1101 5437 τρία
1137 5366 1311 5436 βιϐλία
1347 5368 1505 5427 καλά.
1538 5368 1629 5420 καὶ
1658 5368 1800 5436 ὠφε-

232 5457 433 5529 λοῦμαι
472 5457 532 5524 ἐξ
558 5457 762 5523 αὐτῶν,
803 5459 896 5510 καὶ
940 5460 986 5509 οἱ
1042 5458 1260 5527 ἀδελφοὶ
1322 5458 1614 5529 κιχρῶνται
1664 5459 1802 5510 αὐτὰ

1907 5371 2106 5439 inquit.
2154 5371 2286 5423 mihi
2334 5380 2461 5424 sunt
2508 5370 2634 5425 libri
2680 5370 2965 5439 praeclari,
3013 5385 3077 5423 ex
3124 5382 3354 5439 quorum
3394 5366 3472 5419 le-

1909 5462 2092 5517 ctione
2110 5463 2344 5518 fructum
2369 5463 2560 5533 capio;
2586 5462 2783 5518 fratres
2814 5476 3030 5532 quoque
3059 5460 3128 5515 iis
3152 5464 3400 5522 utuntur,
3418 5464 3469 5513 et

1748 5618 1996 5678 NOTAE.

310 5776 386 5843 (al
418 5774 500 5830 Cf.
526 5774 638 5832 VV.
670 5774 786 5847 PP._
815 5777 999 5833 Rosw.
1030 5779 1126 5835 lib.
1159 5776 1221 5831 Ill
1261 5792 1380 5847 cap.
1408 5776 1568 5847 ⁸198;
1602 5780 1694 5837 lib.
1751 5785 1792 5837 ν

240 5841 401 5904 libell.
434 5848 524 5915 lt),
557 5849 588 5903 8
614 5866 627 5916 ;
651 5848 743 5904 lib.
772 5845 860 5904 Vll
888 5865 1005 5919 cap.
1036 5851 1121 5904 42.
1152 5841 1372 5904 Βοιοιῡ.
1407 5845 1587 5902 Doctr.
1620 5853 1674 5907 4.

1975 5781 2046 5853 (b)
2082 5780 2164 5836 cr.
2203 5778 2313 5836 vv.
2349 5779 2453 5836 PP.
2487 5780 2668 5837 nosw.
2698 5781 2794 5835 lib.
2823 5779 2863 5832 ν
2896 5779 2947 5845 l,
2970 5780 3001 5833 6
