4274 6358
784 404 890 461 263
2033 398 2125 455 JO.
2164 397 2307 453 SAL.
2350 398 2472 453 SEM

2350 398 2709 457 SEMLERUS
3912 389 4015 449 26‘

788 519 994 589 pariter
1012 514 1322 586 proficiunt.
1365 511 1541 567 Eﬂ‘are
1572 514 1736 582 igitur
1764 512 1921 580 mihi,
1950 514 2081 582 quid
2116 514 2339 568 debeam
2372 532 2415 586 Α
2443 532 2476 567 κ

2325 528 2339 565 t
2372 532 2415 586 Α
2443 516 2538 567 καὶ
2573 514 2923 582 ὠφελοῦνται.
2958 511 3079 566 sint:
3114 509 3207 566 οὖν
3250 531 3360 583 μοι,
3391 513 3445 564 τί
3485 510 3714 579 ὤφειλον
3743 509 4013 578 ποιῆσαιος

790 610 1002 672 facere;
1049 622 1177 660 num
1217 605 1281 657 ad
1312 619 1486 657 meam
1540 603 1881 674 fratrumque
1914 606 2204 659 utilitatem
2252 621 2348 661 eos
2446 623 2478 657 κ

2326 622 2348 661 s
2446 604 2701 674 κατάσχω
2734 605 2871 657 αὐτὰ
2922 606 3001 667 εἰς
3042 604 3139 674 τὴν
3186 603 3325 673 ἐμὴν
3366 605 3459 655 καὶ
3488 604 3587 672 τὴν
3622 602 3732 655 τῶν
3763 590 4014 669 ἀδελφῶν

790 698 1078 759 retineam,
1116 710 1183 748 an
1217 694 1443 748 vendam
1487 692 1721 763 demque
1762 696 2126 765 pauperibus?
2172 695 2348 750 Senex
2449 696 2478 747 ἀ

2328 712 2348 749 ι
2449 695 2734 764 ὠφέλειαν,
2772 696 2805 767 ἢ
2856 695 3094 766 πωλήσω
3136 696 3275 749 αὐτὰ
3318 697 3412 749 καὶ
3439 694 3595 748 δώσω
3623 696 3893 763 πτωχοῖς;
3923 696 4016 746 καὶ

789 789 1071 859 respondit
1127 806 1140 841 :
1187 786 1454 841 Pulchrae
1505 788 1723 856 quidem
1766 790 2010 843 actiones
2053 798 2204 851 sunt,
2255 788 2350 843 sed
2451 790 2477 842 ἀ

2332 788 2350 842 l
2451 788 2768 859 ἀποκριθεὶς
2793 792 2820 842 6
2838 789 3012 860 γέρων
3042 784 3181 841 eius:
3208 788 3369 840 καλαὶ
3407 787 3506 858 μὲν
3524 787 3579 839 αί
3610 785 3861 856 πράξεις,
3884 786 4020 839 ἀλλὰ

791 882 978 934 melior
1000 880 1255 933 omnibus
1287 890 1372 933 est
1394 887 1703 948 paupertas.
1737 880 1855 946 Quo
1873 880 2056 935 audito
2077 880 2353 945 discessit,
2458 898 2479 950 ι

2338 919 2353 945 ,
2458 881 2656 950 μείζων
2685 881 2900 934 πάντων
2928 883 2961 951 ἡ
2989 880 3339 952 ἀκτημοσύνη
3371 880 3505 934 ὲστί.
3538 880 3630 931 καὶ
3673 878 3833 931 τοῦτο
3858 877 4020 931 datati-

788 986 994 1041 eosque
1025 972 1293 1033 vendidit,
1348 978 1403 1026 et
1458 972 1749 1041 pecuniam
1794 973 1945 1026 dedit
1998 973 2351 1043 pauperibus.
2458 988 2476 1023 c

2327 993 2351 1025 ι.
2458 988 2575 1035 σας,
2610 970 2857 1024 ἀπελθὼν
2890 970 3167 1042 ἐπώλησεν
3194 972 3351 1035 αὐτὰ,
3395 972 3487 1025 καὶ
3516 970 3733 1025 διέδωκε
3760 972 4015 1040 πτωχοῖς.

808 1127 1126 1146 —

2361 1235 2433 1294 V.

1466 1359 2136 1419 APOPHTHEGMATA
2177 1358 2443 1418 SANCTI
2485 1356 2799 1416 MACARII
2840 1354 3361 1415 ALEXANDRINI

1980 1498 2010 1535 Δ
2046 1497 2121 1535 JO.
2163 1496 2308 1533 BAPT.
2351 1494 2638 1534 COTELERIO
2676 1494 2844 1532 EDITA.

801 1606 819 1637 ι
847 1592 1133 1641 Sanctorum
1178 1604 1349 1639 senum
1396 1592 1818 1653 Apophthegmata
1850 1607 1867 1637 ι
1910 1606 1949 1639 s.
1994 1605 2040 1638 v.
2067 1588 2313 1639 Macarius
2353 1586 2545 1637 urbicus
2590 1588 2717 1649 apud
2752 1588 2828 1637 Jo.
2870 1589 3007 1649 Bapt.
3046 1586 3349 1638 Cotelerium
3387 1587 3519 1637 Eccl.
3542 1586 3713 1637 Graec.
3757 1585 3889 1637 Ion.
3918 1593 3955 1638 ι.
3979 1588 4022 1651 I,

2269 1689 2315 1737 p.
2348 1675 2440 1723 572
2464 1688 2535 1735 sq.

1211 1898 1286 1951 De
1308 1900 1488 1953 abbate
1510 1898 1740 1951 Macario
1772 1899 1963 1951 urbico.
2413 1902 2454 1955 Β
2608 1895 2746 1963 Περὶ
2772 1894 2874 1947 τοῦ

2413 1902 2454 1955 Β
2608 1895 2746 1963 Περὶ
2772 1894 2874 1947 τοῦ
2903 1891 3050 1949 ἁόϐᾶ
3076 1892 3382 1959 Μακαρίου
3419 1892 3525 1945 τοῦ
3554 1892 3889 1946 πολιτικοῦ.

870 2010 919 2060 1.
949 2008 1211 2062 Macarius
1234 2010 1500 2071 πολιτικός
1532 2009 1622 2063 ille
1656 2009 1824 2063 abbas
1854 2008 2144 2077 aliquando
2170 2009 2236 2062 ad
2266 2024 2354 2063 se-
2531 2011 2553 2063 1

2340 2040 2354 2048 .
2531 2011 2581 2063 1.
2634 2005 2868 2075 Ἀπῆλθέ
2908 2020 3036 2056 ποτε
3073 2006 3100 2055 6
3138 2003 3309 2066 assa;
3342 2003 3625 2073 Μακάριος
3667 2004 3697 2057 6
3753 2004 4028 2069 πολιτικὸς

798 2099 998 2153 candos
1020 2099 1320 2167 palmarum
1342 2115 1522 2154 ramos
1556 2100 1707 2163 exiit,
1754 2100 2013 2153 fratribus
2048 2100 2223 2169 ipsum
2270 2114 2360 2153 co-
2460 2124 2486 2157 κ

2342 2131 2360 2140 -
2460 2104 2621 2172 κόψαι
2646 2099 2833 2154 θαλλία
2862 2097 2955 2149 καὶ
2982 2098 3029 2148 οί
3061 2095 3277 2163 ἀδελφοὶ
3304 2096 3416 2163 μετ’
3438 2093 3623 2149 αὑτοῦ.
3655 2096 3748 2148 καὶ
3780 2094 4030 2163 λέγουσιν

799 2190 1134 2243 mitantibus.
1164 2190 1264 2255 Qui
1290 2192 1467 2259 primo
1492 2191 1579 2243 die
1606 2192 1655 2244 ei
1680 2209 1691 2243 :
1719 2191 1873 2254 Veni,
1896 2190 2166 2260 inquiunt,
2184 2200 2359 2261 pater,
2461 2214 2487 2246 α

2344 2233 2359 2255 ,
2461 2194 2610 2265 αὐτῷ
2638 2192 2734 2263 τὴν
2767 2189 2989 2259 πρώτην
3034 2188 3264 2257 ἡμέραν·
3300 2185 3487 2255 δεῦρο,
3526 2186 3665 2254 φάγε
3709 2185 3827 2256 μεθ’
3851 2187 4031 2256 ἡμῶν.

798 2279 1083 2333 nobiscum
1111 2280 1335 2333 comede
1362 2282 1375 2333 ι
1406 2281 1644 2334 Accessit
1669 2281 1831 2350 igitur
1869 2282 1957 2335 ille
2001 2290 2056 2335 et
2102 2282 2359 2336 comedit.
2463 2302 2486 2335 τ

2347 2324 2359 2335 .
2463 2284 2653 2351 πάτερ.
2685 2282 2714 2333 6
2759 2279 2815 2331 δὲ
2858 2275 3068 2345 ἀπῆλθε
3102 2276 3197 2327 καὶ
3244 2273 3433 2342 ἔφαγε.
3466 2275 3558 2326 καὶ
3598 2274 3755 2327 πάλιν
3787 2276 3852 2344 τῇ
3896 2274 4032 2345 ἄλλῃ

798 2370 984 2425 Altero
1009 2386 1133 2425 eum
1158 2371 1246 2425 die
1271 2372 1467 2424 iterum
1494 2380 1703 2441 rogant,
1734 2382 1794 2425 ut
1817 2372 2082 2426 comedat.
2108 2373 2178 2427 At
2210 2374 2255 2427 is
2282 2388 2366 2427 re-
2463 2376 2486 2428 λ

2346 2404 2366 2413 -
2463 2376 2709 2443 λέγουσιν
2748 2368 2893 2438 αὑτῷ
2926 2369 3135 2435 φαγεῖν.
3176 2367 3204 2417 6
3239 2366 3293 2418 δὲ
3319 2367 3418 2418 οὐκ
3456 2365 3667 2435 ήθελεν,
3702 2366 3813 2419 ἀλλ’
3844 2366 4034 2433 Ιλεγεν

802 2480 1005 2518 nuens:
1053 2464 1179 2527 Vos,
1226 2464 1422 2532 inquit,
1474 2464 1589 2527 filii,
1638 2464 1820 2517 cibum
1874 2467 2102 2519 sumatis
2144 2481 2365 2520 necesse
2465 2488 2490 2521 a

2351 2481 2365 2519 ε
2465 2468 2662 2528 αὐτοῖς’
2688 2465 2843 2534 ὑμεῖς
2863 2460 3049 2531 χρείαν
3088 2459 3238 2529 ἔχετε
3266 2461 3476 2527 φαγεῖν,
3503 2460 3686 2512 τέκνω
3715 2460 3899 2532 ἀκμὴν
3927 2461 4039 2532 γὰρ

801 2566 916 2620 est;
944 2556 1120 2609 adhuc
1157 2555 1303 2609 enim
1345 2571 1473 2610 caro
1514 2557 1683 2622 estis;
1732 2572 1832 2627 ego
1881 2574 2012 2612 vero
2054 2575 2201 2614 nunc
2243 2560 2368 2614 nolo
2469 2576 2489 2611 c

1932 2574 2012 2612 πο
2054 2575 2201 2614 nunc
2243 2560 2368 2614 nolo
2469 2558 2606 2629 σάρξ
2629 2558 2771 2609 ἑστεο
2805 2552 2913 2621 ἐγὼ
2943 2552 2999 2605 δὲ
3026 2550 3119 2604 νῦν
3145 2552 3205 2603 οὐ
3236 2550 3373 2603 θέλω
3405 2553 3620 2620 φαγεῖν.

804 2648 1158 2701 manducare.

874 2739 926 2792 2.
967 2739 1231 2793 Macarius
1256 2740 1423 2793 abbas
1446 2742 1701 2794 convenit
1742 2742 2094 2795 Pacliomium
2120 2742 2371 2796 abbatem
2541 2754 2562 2807 ﬁ

2354 2758 2371 2795 ³
2541 2754 2596 2807 2.
2640 2749 2951 2823 Παρέόαλεν
2988 2748 3017 2799 6
3056 2747 3227 2809 άὸὁᾶς
3254 2747 3537 2815 Μακάριος
3587 2746 3722 2815 πρὸς
3748 2745 3840 2797 τὸν
3865 2746 4042 2799 άεὸἇν

808 2827 1352 2881 Tabennesiotarum.
1398 2831 1572 2895 Quem
1620 2830 1943 2886 Pachomius
1991 2831 2370 2903 interrogans:
2476 2846 2496 2897 ι

2358 2851 2370 2884 τ
2476 2843 2763 2914 Παχώμιον
2788 2840 2895 2893 τῶν
2917 2835 3388 2908 Ταόεννησιωτῶν·
3414 2838 3442 2887 6
3463 2836 3517 2887 δὲ
3540 2837 3827 2904 Παχώμιος
3854 2835 4046 2904 ἡράηα

817 2918 897 2984 Si,
927 2921 1124 2989 inquit,
1152 2920 1351 2974 fratres
1377 2922 1697 2991 disciplinae
1721 2923 1971 2977 ordinem
1998 2939 2105 2976 non
2132 2934 2371 2988 servant,
2476 2955 2505 2989 α

2358 2966 2371 2988 ν
2476 2936 2635 2989 αὑτὸν
2683 2934 2874 3000 λέγων·
2910 2933 2997 2983 ὅτε
3026 2930 3163 2981 είσὶν
3194 2928 3414 2994 ἀδελφοὶ
3444 2928 3701 2991 ἄτακτοι,
3733 2927 3894 2979 καλόν
3926 2929 4045 2979 ἐστι

812 3015 1087 3067 Donumne
1112 3022 1197 3068 est
1220 3014 1498 3083 corripere
1523 3017 1657 3068 eos?
1679 3015 1978 3084 Respondit
2001 3016 2269 3070 Macarius
2283 3017 2377 3069 ab-
2479 3046 2500 3080 τ

2356 3047 2377 3057 -
2479 3025 2765 3081 παιδεῦσαι
2800 3024 3031 3086 αὐτούς;
3072 3020 3220 3089 λέγει
3258 3019 3405 3089 αὑτῷ
3444 3020 3473 3071 6
3511 3018 3684 3081 ἀόὀᾶς
3735 3018 4044 3087 Μακάριος·

816 3106 943 3158 bas:
977 3104 1190 3174 Castiga
1213 3113 1267 3157 et
1292 3105 1431 3158 iuste
1461 3120 1555 3158 eos
1578 3105 1779 3169 iudica,
1802 3108 1894 3174 qui
1936 3107 2033 3159 tibi
2081 3107 2381 3161 subiiciun-
2480 3135 2504 3167 τ

2361 3136 2381 3145 -
2480 3115 2786 3173 παίδευσον,
2830 3111 2925 3163 καὶ
2963 3112 3147 3180 κρῖνον
3185 3108 3405 3168 δικαίως
3431 3107 3558 3170 τοὺς
3588 3106 3692 3158 ὑπὸ
3730 3106 3807 3157 σε’
3840 3105 3945 3170 ἔξω
3989 3105 4049 3158 δι

815 3205 944 3260 tur;
980 3204 1133 3249 extra
1173 3211 1302 3249 vero
1352 3196 1681 3251 iudicaveris
1718 3200 2026 3262 neminem;
2073 3214 2197 3251 nam
2248 3200 2382 3252 scri-
2485 3227 2503 3277 ι

2362 3229 2382 3237 -
2485 3208 2560 3277 μὴ
2596 3205 2784 3278 κρίνῃς
2832 3205 3003 3265 τινάς.
3056 3200 3357 3270 γέγραπται
3390 3198 3528 3268 γάρ·
3579 3197 3712 3264 οὐχί
3757 3196 3899 3263 τοὺς
3925 3197 4050 3249 (vui

820 3298 971 3359 ptum
996 3297 1109 3341 est:
1140 3288 1323 3342 Nonne
1345 3288 1406 3340 de
1420 3287 1503 3352 iis,
1528 3290 1617 3359 qui
1639 3289 1780 3341 intus
1796 3298 1937 3353 sunt,
1963 3307 2050 3343 vos
2092 3290 2335 3344 iudicatis
2354 3293 2379 3344 ?
2406 3278 2447 3333 (ἶ
2480 3303 2508 3355 ὑ

2136 3291 2335 3344 tdicatia
2354 3293 2379 3344 ?
2406 3278 2447 3333 C
2480 3298 2945 3369 ὑμεῖς-’κρίνετε;
2981 3292 3121 3359 τοὺς
3151 3292 3217 3344 δὲ
3243 3292 3357 3355 ἕξω
3388 3293 3419 3344 ὀ
3452 3289 3595 3353 Θεὸς
3622 3287 3824 3357 κρινεῖ.

819 3378 957 3433 Nam
985 3395 1088 3442 cos,
1110 3379 1198 3448 qui
1232 3378 1355 3446 {oris
1378 3386 1523 3441 sunt,
1546 3378 1682 3431 Deus
1705 3379 1953 3431 iudicabit
1991 3379 2088 3450 (a).

889 3470 942 3522 5.
983 3469 1248 3522 Macarius
1271 3468 1438 3521 abbas
1455 3468 1748 3537 aliquando
1772 3485 1869 3538 per
1892 3480 2125 3538 quatuor
2143 3470 2383 3539 integros
2550 3475 2577 3527 5

2364 3485 2383 3523 5
2550 3475 2603 3527 5.
2646 3469 2896 3539 Ἐποίησέ
2930 3486 3056 3522 ποτε
3089 3470 3117 3521 6
3148 3467 3319 3529 ἀ66ᾰς
3350 3466 3633 3536 Μακάριος
3682 3465 4052 3535 τετράμηνον,

822 3576 1039 3615 menses
1119 3561 1363 3629 quotidie
1437 3561 1692 3614 visitabat
1757 3561 1981 3613 fratrem
2059 3562 2328 3632 quendam
2365 3602 2379 3625 ,
2481 3580 2510 3614 τ

2369 3602 2379 3625 ,
2481 3560 2843 3633 παραϐάλλων
2876 3561 2981 3611 τινὶ
3015 3559 3227 3626 ἀδελφῷ
3254 3556 3603 3627 ήμερούσιον·
3636 3556 3729 3608 καὶ
3763 3555 3861 3624 οὐχ
3892 3550 4057 3626 εὗρεν

823 3664 999 3718 neque
1051 3664 1312 3718 unquam,
1356 3664 1425 3702 ne
1475 3651 1641 3703 semel
1688 3650 1931 3718 quidem,
1992 3648 2200 3702 invenit
2257 3664 2382 3703 eum
2480 3670 2511 3704 α

2366 3664 2382 3701 t
2480 3652 2643 3705 αὑτὸν
2676 3649 3034 3722 εὐκαιροῦντα
3050 3648 3115 3720 ⁸⁸)
3148 3650 3254 3701 ἀπὸ
3277 3650 3373 3717 τῆς
3405 3647 3710 3717 προσευχῆς
3736 3644 3857 3697 οὐδὲ
3880 3644 4054 3711 ἅπαξ.

822 3749 1103 3794 vacantem
1150 3740 1219 3793 ab
1266 3740 1532 3793 oratione.
1606 3741 1918 3795 Admiratus
1980 3739 2146 3809 igitur
2201 3740 2377 3793 dixit:
2489 3763 2510 3798 ιι

2142 3759 2146 3770 ι
2201 3740 2377 3793 dixit:
2489 3745 2582 3798 καὶ
2611 3743 2895 3813 Θαυμάσας
2934 3742 3136 3810 ἔλεγεν·
3174 3742 3280 3794 ίδοὺ
3310 3740 3549 3806 ἐπίγειος
3580 3738 3830 3807 ἄγγελος.

824 3832 961 3885 Ecce
987 3832 1262 3886 terrestris
1285 3832 1542 3902 angelusl

2100 3926 2352 3981 VARIAE
2389 3924 2791 3980 LECTIONES.

2320 4066 2570 4123 NOTAE.

894 3992 939 4024 “
970 3993 1055 4047 Al.
1096 3994 1417 4064 ἀμελοῦντα.

895 4129 977 4203 (a)
1005 4131 1025 4186 ι
1050 4131 1177 4188 Cor.
1213 4151 1265 4199 v,
1298 4132 1385 4199 is,
1415 4133 1501 4186 ιδ.

856 4319 4046 4357 W

1606 4489 1888 4602 σο.
1994 4488 2387 4599 SAL.
2506 4488 3296 4601 SEMLEBI

1305 4684 1946 4745 DISSERTATIONES
1986 4682 2186 4742 DUAE
2228 4682 2324 4741 DE
2365 4680 2703 4741 SCRIPTIS
2744 4682 2805 4741 S.
2850 4681 3161 4741 MACARII
3202 4678 3572 4739 AEGYPTII.

1791 4902 2583 4995 DISSERTATIO
2688 4902 3104 4993 PRIOR.

832 5055 1379 5138 Specimen_ea:aminis
1411 5062 1575 5138 critici
1606 5059 1833 5138 Operam
1856 5076 1995 5138 quae
2026 5060 2101 5113 ita
2135 5058 2641 5138 feruntunMacari’i‘,
2668 5061 3378 5138 s’ub_la_etissirnos_fgstosque
3402 5068 3507 5121 dies
3537 5065 3743 5138 Christo
3772 5064 3834 5138 αξ
3880 5062 4069 5133 inferis

901 5128 1439 5211 magniﬁcefeldeunti'
1465 5128 1660 5211 sacros,
1693 5131 1809 5211 603i
1836 5128 2422 5211 ominitcausf‘aﬁeididit'
2440 5129 2491 5211 .
2676 5130 2788 5185 Sal.
2816 5134 2971 5187 Timr.
3003 5132 3059 5188 S.
3093 5128 3193 5190 LL.
3224 5128 3479 5191 S.'Halae
3498 5128 3949 5207 Magdeburgicac,
3977 5142 4062 5202 tg-

898 5198 979 5263 pis
1006 5198 1225 5252 Joannis
1250 5198 1534 5253 Christiani
1559 5199 1794 5253 Hendelii
1817 5201 1979 5253 Acad.
2006 5202 2131 5271 Typ.
2160 5199 2478 5254 MDCCXLV
2513 5200 2612 5270 (a).

904 5372 1053 5443 [Pag.
1089 5372 1145 5445 5]
1178 5374 1294 5427 Viro
1310 5392 1508 5429 summe
1531 5376 1827 5441 reverenda,
1862 5377 2206 5447 amplissimo,
2239 5380 2537 5435 doctissimo
2566 5380 2633 5434 D.
2660 5380 2835 5436 Gotth.
2879 5381 3113 5451 Augusto
3140 5382 3415 5446 Franckio,
3448 5381 3571 5435 Fac.
3602 5383 3775 5438 Theot.
3805 5382 3931 5436 Hal.
3967 5378 4061 5437 So-

834 5464 991 5527 niori,
1018 5473 1240 5533 patrono
1276 5481 1369 5518 suo
1402 5482 1725 5536 summopere
1754 5468 2071 5521 venerando.
2108 5468 2257 5540 [Pag.
2286 5468 2489 5540 4.]γὶτο
2520 5488 2721 5524 summe
2747 5473 3049 5537 reverenda,
3078 5470 3420 5542 amplissimo,
3451 5472 3744 5527 doctissimo
3766 5473 3830 5525 D.
3851 5471 4063 5542 εἰθίσθη.

2338 5585 2587 5641 NOTAE.

908 5671 985 5742 (α)
1025 5673 1243 5729 Constat
1266 5676 1474 5746 paginis
1506 5677 1574 5730 Ἃ
1609 5677 1747 5731 ἰπὶ-4.
1773 5678 1846 5732 Dc
1878 5679 2109 5734 Macario
2136 5697 2306 5751 usque
2340 5683 2403 5737 ad
2442 5700 2562 5754 pag.
2604 5684 2666 5737 21
2694 5683 2893 5754 agitur,
2918 5684 3042 5738 dein
3082 5700 3202 5754 pag.
3233 5684 3397 5739 21-24
3435 5684 3501 5739 de
3556 5684 3597 5737 Τ
3602 5682 3875 5739 ertulliani
3918 5686 4069 5754 Apo-
