4274 6358
209 396 320 459 265
1257 398 1345 454 DE
1384 397 1691 456 SCRIPTIS
1727 397 1784 454 S.
1826 398 2108 457 MACARII
2148 398 2491 456 AEGYPTll.
3356 404 3462 469 256

208 537 404 619 Iacobo
431 537 812 609 Baumgarten,
842 534 983 591 Sent.
1027 534 1204 590 Τήιοι.
1243 534 1507 598 directori,
1539 542 1763 604 patrono
1790 549 1884 587 suo
1920 550 2250 604 summopere
2288 534 2604 589 venerando.
2640 534 2769 590 Leve
2793 535 2886 589 hoc
2921 547 2969 590 et
3015 545 3165 590 tenue
3205 538 3457 610 scriptum

212 631 532 685 reverentiae
551 646 679 683 suae
705 632 1072 682 documentum
1098 625 1277 680 multis
1304 626 1593 696 faustisque
1628 625 1685 678 in
1720 623 1873 692 festos
1896 624 1985 678 hos
2012 625 2120 677 dies
2152 624 2406 677 ominibus
2444 631 2495 677 et
2524 624 2905 695 precationibus
2928 627 3073 696 oﬁ'ert
3095 634 3303 680 auctor.

284 726 434 797 [Pag.
461 723 515 796 5]
542 724 689 779 Bella
717 731 845 778 sunt
864 723 1053 787 verba,
1078 722 1182 778 viri
1204 736 1415 777 summe
1439 720 1748 785 reverendi,
1776 736 1914 791 quae
1948 721 2221 775 habentur
2248 721 2303 774 in
2326 719 2562 775 Homilia
2602 723 2744 775 inter
2788 720 3007 775 Macarii
3038 722 3199 792 vulgo
3222 722 3462 778 creditas

215 816 258 869 V
274 825 319 856 ι·
350 814 426 885 (a)
455 814 483 886 §
505 814 558 879 9,
580 814 835 869 omnibus
857 812 1004 867 veris
1028 811 1356 867 Christianis
1401 809 1734 865 Xanthicum
1762 826 2028 874 mensem,
2054 811 2168 864 sive
2183 811 2445 880 Aprilem,
2464 827 2574 866 non
2601 811 2802 867 iniuria
2828 811 3004 866 fausta
3026 830 3272 883 quaeque
3298 813 3459 884 polli-

211 905 348 957 ceri.
380 906 477 959 Hic
514 906 685 971 enim,
711 904 1173 975 quemadmodum
1214 910 1442 958 renovat
1478 903 1636 973 quasi
1660 902 1848 972 frigidi
1874 911 1931 957 et
1958 902 2166 957 inimici
2191 903 2324 958 olim
2346 906 2482 958 caeli
2510 913 2783 969 naturam,
2809 916 2865 959 et
2890 906 3209 960 calidiorem
3237 908 3344 961 iam
3370 907 3457 961 iu-

209 1000 559 1067 cundamque
584 998 877 1063 reddit,ita
898 996 1055 1051 beata
1080 994 1389 1051 recordatio
1412 1010 1626 1059 eorum,
1655 1011 1793 1065 quae
1819 996 1922 1050 sub
1948 995 2053 1050 hoc
2074 996 2190 1051 fere
2215 996 2359 1050 idem
2384 1003 2601 1067 tempus
2620 1000 2681 1051 in
2705 1012 2804 1052 nos
2829 1014 3018 1053 omnes
3041 1016 3138 1069 per
3164 996 3460 1057 Salvatoris

209 1113 410 1151 novam
434 1098 589 1167 quasi
612 1098 783 1152 vitam
809 1096 1209 1161 redundarunt,
1241 1110 1352 1150 non
1374 1100 1558 1165 potest
1578 1109 1689 1149 non
1711 1094 1879 1148 animi
1915 1095 2227 1164 opprimere
2258 1094 2559 1159 tristitiam,
2605 1104 2953 1165 mentemque
2999 1098 3184 1153 divina
3224 1100 3458 1169 quadam

210 1188 544 1257 perfundere
584 1189 816 1244 laetitia.
856 1189 1013 1247 Unde
1052 1204 1151 1244 oro
1179 1197 1344 1258 atque
1367 1187 1618 1252 obsecro,
1642 1187 1749 1243 viri
1776 1201 1987 1241 summe
2014 1186 2320 1252 reverendi,
2347 1204 2448 1258 pro
2470 1189 2669 1244 eximia
2700 1198 2883 1245 vestra
2926 1190 3303 1246 benevolentia
3346 1194 3455 1248 ele-

209 1292 427 1337 menter
463 1282 921 1352 interpretamini,
946 1282 1093 1351 quod
1118 1278 1379 1337 sollemne
1404 1281 1511 1337 hoc
1532 1280 1845 1336 Christiano
1875 1281 1995 1335 orbi
2023 1289 2237 1351 tempus
2260 1281 2416 1335 vobis
2440 1298 2506 1336 ex
2530 1282 2698 1337 animi
2725 1284 2997 1338 sententia
3014 1286 3271 1355 gratulari
3292 1288 3457 1341 susti-

210 1392 337 1440 neo,
356 1377 521 1446 inque
538 1391 659 1429 eam
677 1391 794 1431 rem
812 1377 932 1431 leve
952 1376 1057 1431 hoc
1070 1376 1228 1431 vobis
1242 1376 1413 1431 offero
1431 1376 1715 1447 scriptum.
1738 1375 1891 1442 Quod
1910 1377 2129 1446 quidem
2152 1377 2267 1446 ipse
2295 1378 2425 1431 satis
2445 1378 2686 1448 intelligo
2710 1379 2783 1433 ita
2803 1395 2921 1434 esse
2945 1388 3339 1449 comparatum,
3367 1398 3462 1435 ve-

211 1470 554 1524 nerabilibus
573 1477 633 1522 ut
654 1469 907 1539 personis
929 1470 1128 1523 vestris
1148 1467 1372 1538 dignum
1395 1468 1571 1524 videri
1593 1468 1685 1522 vix
1708 1470 1899 1538 possit.
1926 1468 2103 1535 Quare
2130 1476 2186 1522 et
2210 1469 2325 1538 ipse
2348 1485 2454 1523 non
2477 1471 2829 1525 mediocriter
2855 1471 3193 1537 dubitabam,
3222 1488 3289 1526 an
3315 1490 3465 1528 sum-

211 1564 319 1619 mis
344 1564 662 1619 nominibus
684 1563 885 1617 vestris
911 1562 1213 1618 inscribere
1238 1562 1371 1616 illud
1395 1561 1679 1617 commode
1704 1563 1928 1631 possim.
1952 1562 2021 1616 At
2042 1561 2269 1615 videbar
2305 1562 2440 1615 mihi
2485 1563 2618 1617 satis
2660 1562 2978 1631 cognovisse
3025 1562 3081 1615 in
3133 1565 3307 1628 vobis,
3354 1566 3463 1619 viri

211 1673 427 1713 summe
458 1656 767 1721 reverendi,
786 1655 934 1728 [Pag.
958 1655 1015 1728 6]
1037 1673 1156 1711 eam
1178 1657 1460 1720 virtutem,
1480 1671 1607 1725 qua,
1634 1664 1697 1709 ut
1719 1656 1947 1725 potestis
1970 1654 2223 1718 maxime,
2252 1655 2435 1707 omnia
2458 1654 2970 1709 benevolentissime
2992 1654 3047 1709 in
3074 1671 3193 1709 eam
3214 1658 3461 1726 accipere

210 1750 404 1804 soletis
426 1759 639 1819 partem
665 1764 805 1819 quae
837 1756 921 1803 est
938 1749 1135 1802 lenior.
1159 1746 1361 1814 Quidni
1387 1761 1518 1816 ergo
1540 1746 1732 1801 eodem
1760 1762 1846 1800 me
1870 1744 2135 1800 beneﬁcio
2164 1743 2459 1798 fruiturum
2489 1759 2726 1814 sperem,
2755 1745 2886 1798 dum
2913 1760 3157 1799 meorum
3194 1747 3462 1800 rationem

209 1847 371 1902 vobis
393 1847 703 1901 studiorum
730 1845 816 1901 his
843 1845 1075 1899 reddere
1101 1844 1265 1899 volo?
1285 1843 1425 1897 Tum
1444 1858 1514 1897 ne
1540 1842 1674 1895 mihi
1702 1842 1804 1912 ipsi
1827 1842 2047 1911 quidem
2074 1839 2332 1904 satisfeci,
2361 1840 2456 1893 sed
2496 1840 2667 1893 multa
2712 1840 2892 1895 adhuc
2936 1842 3299 1910 reprehendo.
3348 1842 3465 1897 Hoc

209 1946 419 2001 tamen,
448 1937 576 1991 licet
598 1935 739 1990 forte
767 1936 1011 2001 unicum,
1040 1951 1153 1989 non
1182 1934 1409 1991 omnino
1434 1948 1622 1989 carere
1647 1948 1745 1987 sua
1771 1947 2095 2001 quacunque
2123 1932 2357 1986 utilitate
2383 1932 2517 1984 mihi
2557 1932 2871 1997 videbatur,
2894 1933 3040 2002 quod
3077 1934 3189 2003 jam
3230 1934 3462 2006 intelligi

208 2036 413 2099 potest,
439 2046 507 2083 ex
527 2045 585 2085 se
617 2031 736 2099 ipso
760 2029 1075 2092 Macarium,
1103 2028 1151 2082 si
1175 2027 1467 2098 diligenter
1490 2026 1763 2090 volvatur,
1795 2041 1953 2095 posse
1977 2026 2034 2079 in
2071 2025 2259 2079 multis
2289 2024 2514 2094 corrigi,
2541 2023 2688 2094 quod
2713 2024 2896 2077 omnia
2917 2025 3004 2079 bis
3030 2035 3126 2079 aut
3148 2035 3232 2081 ter
3265 2044 3461 2083 occur-

207 2130 361 2187 runt,
394 2129 450 2177 et
476 2122 826 2176 librariorum
854 2121 982 2176 inde
1025 2136 1245 2176 errores
1294 2118 1765 2189 abstergioptimc
1790 2126 2040 2188 possunt.
2083 2116 2238 2184 Quod
2276 2117 2406 2172 licet
2446 2133 2676 2186 parvum
2717 2117 2969 2172 utilitatis
3014 2130 3348 2185 momentum
3416 2122 3463 2175 si

206 2214 370 2270 vobis
400 2231 509 2269 non
538 2216 761 2285 penitus
783 2215 1082 2285 improbari
1113 2214 1459 2279 intellexero,
1485 2213 1588 2267 viri
1616 2228 1827 2267 summe
1858 2212 2166 2277 reverendi,
2198 2211 2426 2265 videbor
2457 2212 2593 2266 mihi
2624 2227 2735 2265 non
2764 2212 3035 2267 inutiliter
3068 2213 3210 2270 hanc
3239 2229 3462 2285 parvam

205 2327 435 2381 operam
460 2313 847 2368 consumsisse.
876 2312 1065 2368 Valete
1094 2321 1152 2367 et
1174 2311 1555 2367 benevolentia
1574 2318 1777 2374 vestra,
1802 2310 1911 2364 nisi
1934 2308 2188 2378 indignus
2210 2309 2460 2375 videbor,
2494 2324 2662 2379 porro
2699 2324 2787 2363 me
2820 2309 3230 2379 amplectimini.
3259 2311 3463 2367 Dabam

206 2408 376 2464 Halae
395 2408 496 2464 sub
528 2408 676 2479 ipsos
694 2407 864 2463 festos
891 2408 1030 2463 dies.

854 2586 1003 2659 [Pag.
1035 2585 1091 2657 7]
1123 2585 1149 2657 θ
1188 2586 1229 2641 ι.

280 2680 429 2745 Quae
455 2678 678 2732 Macarii
707 2677 1172 2732 circumferuntur
1218 2675 1510 2746 Opuscula,
1556 2686 1613 2731 ut
1655 2677 1781 2731 dili-

207 2772 358 2843 genti
390 2771 624 2824 lectione
669 2785 779 2823 uon
825 2769 1047 2823 omnino
1086 2768 1307 2837 indigna
1362 2774 1511 2831 sunt,
1563 2766 1638 2820 ita
1684 2781 1786 2819 nec

208 2866 352 2918 forte
378 2865 483 2917 hoc
512 2862 781 2925 examine,
812 2861 1036 2916 Macarii
1070 2876 1140 2915 an
1163 2876 1363 2915 nomen
1393 2860 1515 2929 jure
1562 2875 1691 2929 prae
1730 2874 1787 2913 se

210 2958 393 3009 ferant
424 2965 480 3009 et
507 2968 697 3008 revera
724 2953 793 3007 ab
829 2967 895 3006 eo
932 2952 1062 3005 sint.
1103 2951 1279 3020 Atque
1314 2950 1405 3004 hic
1451 2966 1560 3004 non
1598 2950 1789 3003 dubito

209 3049 331 3101 fore
363 3048 655 3117 plerosque
685 3044 779 3115 qui
805 3044 1098 3109 mirentur,
1124 3043 1256 3113 quid
1290 3043 1361 3097 sit
1383 3041 1528 3110 quod
1559 3057 1658 3111 ego
1688 3056 1789 3110 po-

211 3141 488 3194 tissimum
513 3139 758 3193 dubitem
784 3138 851 3193 de
900 3152 981 3201 re,
1032 3136 1099 3191 de
1147 3151 1253 3205 qua
1297 3133 1503 3188 nemini
1548 3146 1789 3201 unquam

211 3233 327 3286 fere
357 3231 413 3284 in
438 3238 677 3284 mentem
712 3230 883 3283 venit.
905 3228 1049 3295 Quin
1078 3237 1134 3282 et
1168 3228 1281 3297 ipse
1324 3226 1662 3294 aliquantum
1718 3227 1789 3279 ti-

211 3323 428 3377 midum
463 3338 549 3375 me
581 3335 701 3375 esse
736 3336 847 3373 non
876 3335 1035 3389 nego.
1069 3319 1358 3386 Utcunque
1383 3331 1513 3371 vero
1563 3331 1651 3370 res
1698 3332 1789 3370 ce-

213 3417 435 3479 ciderit,
467 3414 677 3485 juvabit
704 3420 884 3467 tamen
904 3411 1101 3474 errori,
1131 3426 1294 3480 quem
1329 3424 1449 3463 esse
1487 3409 1792 3478 suspicatus

214 3524 364 3573 sum,
396 3522 483 3560 me
505 3506 681 3575 ipsum
702 3520 803 3574 pro
835 3504 983 3557 virili
1010 3509 1163 3573 parte
1191 3501 1492 3556 obstitisse.

945 3635 971 3706 §
1002 3634 1068 3689 ιι.

287 3743 445 3809 Quod
475 3750 632 3797 antea
659 3742 769 3810 jam
803 3740 977 3809 tetigi,
1007 3753 1167 3807 posse
1198 3736 1333 3790 mihi
1377 3735 1517 3790 forte
1564 3736 1793 3789 aliorum

215 3837 439 3891 obstare
464 3835 859 3896 auctoritatem,
890 3831 983 3900 qui
1010 3831 1145 3883 nihil
1180 3830 1286 3883 tale
1327 3828 1587 3898 suspicati
1645 3836 1790 3891 sunt,

219 3930 277 3984 id
331 3929 512 3981 adhuc
554 3925 825 3979 contendo
867 3924 1002 3976 vitio
1048 3920 1183 3975 mihi
1233 3920 1375 3974 verti
1434 3920 1586 3973 nullo
1633 3918 1794 3972 modo

219 4021 373 4091 [Pag.
406 4017 460 4089 8]
521 4032 700 4086 posse.
751 4016 827 4069 lta
871 4014 1018 4068 enim
1072 4012 1126 4065 in
1170 4012 1257 4065 his
1290 4010 1489 4065 studiis
1520 4009 1653 4063 mibi
1683 4010 1793 4077 jam

219 4114 314 4166 diu
343 4110 637 4163 multorum
671 4104 1089 4160 auctoritatibus
1115 4101 1259 4155 suasi
1298 4116 1417 4155 esse
1441 4098 1792 4162 versandum,

222 4212 288 4256 ut
313 4211 519 4255 temere
546 4197 703 4259 nihil,
735 4212 837 4250 nec
883 4196 1002 4249 sine
1052 4192 1357 4247 rationibus
1401 4190 1558 4244 facile
1605 4189 1795 4242 crede-

222 4309 364 4348 rem.
396 4292 581 4361 Neque
610 4291 714 4344 hoc
738 4304 919 4343 meum
953 4301 1183 4339 examen
1227 4284 1337 4337 ulla
1381 4282 1437 4336 in
1484 4297 1540 4335 re
1589 4279 1797 4333 nomini

224 4396 548 4452 magnorum
571 4380 814 4432 virorum
836 4376 1100 4444 derOgare
1142 4371 1346 4441 aliquid
1389 4378 1587 4439 potest.
1616 4368 1799 4422 Mirari

224 4477 373 4529 enim
400 4488 561 4527 nemo
590 4472 697 4526 erit
716 4470 809 4539 qui
833 4475 1001 4531 vetet,
1030 4482 1127 4521 cur
1149 4466 1291 4518 hanc
1327 4477 1489 4516 nemo
1530 4462 1801 4530 quaestio-

225 4582 353 4619 nem
382 4564 632 4617 moverit.
658 4563 774 4617 Nisi
800 4560 923 4630 quis
965 4574 1031 4612 eo
1075 4557 1215 4611 forte
1258 4555 1458 4609 referat
1498 4553 1797 4615 Possinum,

226 4660 324 4727 qui
364 4659 419 4711 in
444 4656 727 4709 Thesauro
757 4670 856 4709 suo
878 4650 1112 4706 ascetico
1141 4648 1209 4702 de
1239 4647 1399 4699 tertio
1427 4644 1660 4699 Macario
1680 4642 1803 4695 ideo

228 4753 455 4822 cogitat,
483 4748 627 4818 quod
662 4748 859 4802 horum
885 4745 1117 4799 duorum
1148 4740 1331 4795 neutri
1356 4746 1601 4792 veterum
1649 4735 1802 4790 testi-

229 4846 480 4901 monium
521 4849 715 4895 exstet.
758 4839 930 4905 Quam
988 4835 1209 4905 quidem
1261 4832 1413 4885 litem
1462 4829 1622 4884 simul
1670 4844 1803 4881 con-

229 4941 437 5001 fecero,
464 4935 509 4988 si
535 4935 675 4987 hanc
692 4941 941 5001 potuero,
970 4943 1130 4997 quam
1160 4926 1273 4996 ipse
1304 4922 1523 4991 incipio.

1012 5060 1101 5114 Ill.

1012 5060 1101 5114 Ill.

304 5162 480 5229 Atque
506 5158 789 5212 videamus
838 5060 977 5224 jam?
1014 5152 1215 5221 quibus
1262 5147 1594 5218 argumentis
1642 5145 1803 5198 [idem

234 5252 429 5307 haberi
466 5251 639 5303 velint
674 5256 768 5301 aut
802 5246 940 5298 velle
971 5244 1202 5313 possint,
1234 5240 1326 5309 qui
1376 5238 1629 5299 Macario,
1680 5236 1804 5305 qui-

1812 2605 1858 2656 Α
1887 2586 2137 2642 codicum
2160 2584 2310 2639 MSS.
2343 2592 2447 2648 est,
2486 2586 2718 2639 alterum
2758 2601 2827 2640 ex
2866 2586 2998 2655 ipsis
3033 2594 3283 2641 veterum
3324 2590 3461 2643 scri-

1888 2678 1998 2749 ptis
2018 2677 2247 2747 petitum
2269 2684 2325 2731 et
2359 2677 2703 2731 testimoniis.
2737 2677 2893 2744 Quod
2942 2678 2985 2732 si
3032 2694 3163 2749 ergo
3205 2688 3463 2735 neutrum

1890 2770 2083 2825 stabile
2135 2778 2192 2823 et
2230 2769 2449 2823 ﬁrmum
2496 2770 2588 2833 sit,
2631 2786 2742 2823 non
2787 2778 2992 2825 temere
3053 2770 3309 2827 dubitare
3364 2788 3465 2844 ego

1890 2860 2137 2913 videbor.
2166 2859 2341 2928 Atque
2369 2859 2425 2913 id
2446 2859 2625 2929 ipsum
2647 2876 2748 2931 ego
2769 2876 2973 2915 assero.

1959 2962 2203 3017 Primum
2226 2962 2376 3015 enim
2402 2963 2547 3031 quod
2574 2964 2772 3017 attinet
2798 2964 2866 3018 ad
2900 2963 3072 3029 MSS,
3112 2967 3180 3020 ad
3224 2982 3363 3037 quae
3408 2968 3464 3022 in

1891 3048 1979 3103 his
2004 3050 2169 3103 rebus
2192 3065 2492 3119 provocare
2518 3066 2629 3104 non
2653 3052 2908 3121 exiguum
2948 3062 3033 3107 est
3066 3055 3461 3121 testimonium,

1892 3140 2062 3193 multa
2087 3147 2251 3194 erunt
2286 3140 2803 3211 circumspicienda.
2848 3142 3020 3209 Quam
3064 3147 3274 3215 antiqui
3330 3149 3466 3203 tales

1894 3230 2112 3284 codices
2135 3231 2264 3295 sint,
2296 3232 2389 3300 qui
2413 3231 2709 3285 Macarium
2747 3242 3027 3289 auctorem
3060 3236 3321 3305 produnt,
3353 3248 3465 3294 sta-

1894 3330 2051 3375 tuere
2077 3320 2169 3374 vix
2189 3337 2433 3390 possum,
2462 3323 2591 3391 quia
2612 3338 2804 3377 eorum
2830 3325 2884 3379 in
2918 3326 3004 3381 his
3050 3329 3229 3393 terris,
3276 3337 3339 3383 ut
3384 3332 3463 3395 ﬁt,

1892 3412 2043 3464 nulla
2070 3420 2164 3465 aut
2183 3414 2378 3481 exigua
2408 3421 2492 3466 est
2514 3414 2727 3468 notitia.
2756 3416 2826 3468 At
2864 3417 3197 3474 contendere
3236 3420 3327 3474 vix
3367 3438 3463 3477 ve-

1895 3518 2039 3566 reor,
2063 3519 2171 3556 non
2196 3505 2339 3557 ultra
2377 3505 2653 3559 saeculum
2700 3522 2771 3559 xu
2826 3515 2920 3561 aut
2973 3524 3066 3562 xm
3115 3525 3235 3565 esse
3281 3528 3463 3581 posse,

1895 3594 2041 3661 quia,
2071 3602 2129 3646 ut
2178 3594 2530 3649 ostendemus
2572 3604 2780 3666 postea,
2826 3613 2988 3653 nemo
3030 3599 3142 3655 fere
3190 3612 3313 3657 ante
3362 3603 3467 3659 ista

1897 3694 2143 3754 tempora
2173 3686 2399 3739 istorum
2430 3701 2657 3755 Operum
2677 3688 2899 3742 Macarii
2922 3691 3024 3743 sub
3049 3693 3269 3748 nomine
3308 3711 3465 3749 men-

1898 3778 2102 3831 tionem
2128 3777 2273 3832 facit.
2302 3779 2415 3833 lloc
2454 3796 2585 3850 ergo
2633 3797 2763 3835 sane
2816 3797 2927 3835 non
2970 3784 3203 3837 multum
3253 3786 3469 3843 roboris

1898 3869 2123 3922 habebit
2167 3879 2571 3939 argumentum.
2620 3870 2769 3942 [Pag.
2795 3872 2851 3943 9]
2890 3873 3135 3939 Accedit,
3188 3876 3297 3930 sint
3338 3877 3469 3931 licet

1828 3960 1869 4013 Β
1895 3958 2041 4012 MSS.
2066 3960 2243 4023 multi,
2272 3969 2501 4029 possunt
2544 3961 2613 4015 ab
2658 3978 2767 4016 uno
2812 3978 3004 4018 omnes
3046 3964 3276 4033 profecti
3322 3980 3464 4031 esse,

1896 4060 2057 4120 atque
2080 4066 2209 4121 ergo
2232 4053 2574 4107 auctoritatis
2600 4054 2781 4107 adhuc
2804 4054 3053 4109 minoris.
3083 4055 3244 4120 Tum,
3287 4057 3333 4111 si
3378 4060 3467 4113 vel

1897 4142 2129 4195 maxime
2154 4142 2219 4195 de
2243 4143 2568 4197 auctoritate
2590 4142 2740 4196 MSS.
2767 4151 3063 4209 constaret,
3092 4146 3159 4200 iis
3180 4156 3359 4202 tamen
3399 4165 3469 4205 ex

1896 4246 1962 4284 eo
1982 4240 2190 4285 tantum
2209 4232 2383 4300 capite
2411 4232 2614 4301 aliquid
2634 4233 2873 4286 dandum
2890 4244 3057 4297 esset,
3079 4237 3224 4304 quod
3244 4239 3468 4292 rationi-

1896 4323 1999 4377 bus
2014 4322 2285 4376 contraria
2302 4340 2409 4376 non
2429 4324 2636 4377 dicunt.
2659 4324 2773 4377 Jam
2796 4341 2928 4379 vero
2945 4326 3063 4379 ﬁeri
3083 4330 3170 4381 vix
3190 4339 3387 4398 potest,
3408 4341 3469 4385 ut

1898 4422 2087 4468 auctor
2109 4415 2397 4478 asceticus,
2426 4415 2605 4484 qualis
2633 4424 2717 4469 est
2739 4415 3021 4479 Macarius,
3046 4426 3153 4471 tam
3202 4420 3295 4474 diu
3344 4437 3465 4475 mo-

1899 4506 2089 4559 nachis
2117 4506 2396 4575 ignoratus
2417 4506 2488 4559 sit
2514 4520 2611 4575 per
2638 4522 2671 4559 x
2696 4515 2751 4560 et
2772 4506 2925 4576 plura
2946 4509 3183 4574 saecula,
3218 4519 3280 4565 ut
3303 4528 3464 4567 [ιαηο

1898 4596 2017 4664 ejus
2042 4595 2373 4649 meminerit.
2404 4595 2576 4660 Adde,
2608 4596 2754 4664 quod
2800 4598 2958 4651 multi
3006 4598 3135 4653 talia
3175 4611 3464 4670 praecepta

1899 4687 2240 4756 scripserint,
2272 4696 2333 4741 ut
2361 4688 2465 4741 hoc
2488 4688 2730 4743 studium
2754 4689 3047 4759 ἀσκητικὸν
3087 4690 3201 4745 fere
3251 4707 3468 4763 semper

1903 4777 2157 4847 viguerit.
2186 4777 2265 4831 Ita
2284 4779 2389 4833 hoc
2410 4778 2743 4849 eodemjure
2766 4780 2989 4844 Caveas,
3017 4782 3156 4837 Hist.
3184 4784 3287 4838 Lit.
3328 4786 3386 4839 Ρ.
3426 4803 3465 4849 ι,

1901 4870 2125 4923 Macarii
2145 4878 2307 4939 negat
2355 4886 2475 4925 esse
2525 4872 2849 4941 opusculum
2891 4875 3111 4943 aliquod
3160 4876 3229 4929 de
3269 4876 3467 4929 exodio

1903 4962 2117 5014 animae
2162 4961 2430 5030 justorum
2481 4970 2537 5015 et
2586 4962 2900 5032 impiorum,
2948 4966 3127 5032 quod,
3184 4966 3312 5020 licet
3352 4966 3463 5020 MS.

1903 5050 2173 5119 praeferat
2208 5050 2425 5103 Macarii
2458 5067 2677 5115 nomen,
2722 5059 2901 5105 tamen
2944 5054 3083 5106 ratio
3129 5053 3468 5109 tractationis

1903 5142 2108 5195 absona
2130 5150 2185 5195 et
2210 5158 2318 5195 non
2346 5143 2676 5197 conveniens
2707 5142 2794 5196 sit.
2824 5143 2890 5196 Et
2923 5144 3186 5213 profecto,
3234 5145 3279 5198 si
3338 5146 3468 5200 licet

1904 5232 2235 5303 conjecturis
2253 5232 2555 5303 indulgere,
2584 5250 2691 5287 non
2718 5234 2927 5298 dubito,
2948 5242 3134 5288 nostra
3155 5236 3464 5289 omniaMa-

235 5303 455 5414 cunque
482 5342 526 5397 is
556 5342 646 5403 sit,
686 5341 787 5393 ista
822 5303 1161 5392 adscribunt.
1191 5303 1368 5387 Nulla
1416 5339 1561 5385 certe
1601 5303 1801 5384 habere
1829 5303 1876 5363 θ
1908 5326 2126 5377 variana
2151 5322 2421 5393 opuscula
2444 5334 2685 5395 tempore
2708 5327 2899 5380 eodem
2931 5342 3053 5380 cum
3090 5326 3193 5380 hoc
3215 5328 3319 5382 isto
3339 5338 3464 5383 nata

236 5436 345 5488 alia
371 5441 619 5503 possunt,
648 5445 809 5499 quam
838 5427 1061 5482 omnino
1096 5426 1225 5479 duo.
1275 5422 1515 5489 Quorum
1570 5420 1801 5474 alterum

1910 5424 1965 5471 et
1992 5415 2362 5471 consarcinata
2396 5415 2581 5471 fuisse.

1750 5593 1996 5649 NOTAE.

242 5736 480 5806 logetico
507 5733 802 5806 disputatio
848 5732 1068 5806 additur
1095 5730 1280 5806 brevis
1307 5730 1411 5783 hoc
1440 5729 1618 5806 indice
1651 5748 1662 5781 :
1694 5730 1801 5806 Ea:-

242 5800 822 5877 pIEndispdtii'caussa,
853 5802 984 5873 quod
1009 5818 1088 5856 me
1115 5800 1320 5871 fefellit,
1345 5800 1607 5872 pauculas
1630 5802 1799 5853 anim-

1910 5726 2239 5798 adversiones
2261 5728 2313 5780 in
2342 5727 3059 5798 TertullianiApoiogeticum
3094 5730 3275 5798 prodo.
3306 5729 3457 5785 Εωτ.

1985 5796 2062 5867 (a)
2106 5796 2289 5864 Corn,
2326 5798 2603 5854 Scmlcrus
2631 5796 2766 5857 falso
2800 5796 3017 5869 scripsit
3039 5796 3186 5853 xm.
3211 5800 3286 5854 In.
