4274 6358
750 396 856 459 867

1451 514 1476 585 §
1503 516 1614 569 llll.

827 604 1047 660 MSSH'
1072 621 1220 677 ergo,
1249 615 1309 661 ut
1333 606 1592 671 vidimus,
1640 607 1745 660 nisi
1773 606 1991 662 aliunde
2024 608 2316 661 auctoritas

757 694 987 759 accedit,
1014 694 1161 749 nulla
1191 702 1293 749 est.
1317 694 1608 750 Videamus
1625 698 1735 767 jam
1769 705 2147 767 argumentum
2178 697 2315 750 alte-

760 802 901 850 rum,
936 794 1120 840 utrum
1153 787 1259 841 tale
1288 787 1493 855 aliquid
1515 796 1689 843 exstet
1712 788 1770 842 in
1794 797 2039 843 veterum
2078 788 2313 857 scriptis.

759 878 863 934 Ubi
890 878 1110 947 quidem
1144 879 1373 948 cogitate
1398 880 1636 934 scribere
1670 896 1755 935 me
1787 880 1950 934 credo
1979 888 2033 933 et
2051 880 2315 950 judicare,

760 972 965 1026 nemini
998 979 1243 1025 veterum
1279 983 1466 1037 notum
1498 973 1684 1039 fuisse,
1712 974 1858 1043 quod
1901 973 2165 1027 Macarius
2218 972 2320 1026 ista

763 1063 1069 1129 reliquerit.

832 1154 909 1208 lta
941 1171 1151 1220 omnes,
1179 1157 1271 1226 qui
1307 1157 1372 1210 de
1403 1156 1761 1225 scriptoribus
1785 1154 2166 1210 ecclesiasticis
2211 1162 2323 1208 tra-

763 1242 1038 1308 diderunt,
1065 1256 1215 1300 certo
1245 1262 1310 1299 ex
1341 1246 1566 1299 consilio
1597 1244 1663 1297 de
1689 1245 1921 1301 Macario
1973 1252 2028 1297 et
2071 1243 2158 1296 his
2209 1243 2328 1311 ejus

763 1333 1050 1403 Opusculis
1094 1344 1293 1389 tacent.
1352 1336 1525 1404 Atque
1579 1336 1678 1388 hos
1737 1350 1836 1403 ego
1901 1342 2172 1396 auctores,
2219 1347 2329 1401 quo

765 1429 1027 1497 cujusque
1062 1426 1210 1497 [Pag.
1251 1425 1341 1498 {0]
1387 1427 1558 1496 major
1593 1440 1711 1479 esse
1754 1424 2049 1477 auctoritas
2090 1422 2326 1485 videtur,

764 1518 1005 1589 singulos
1048 1519 1241 1573 ordine
1286 1518 1579 1573 collocabo.
1628 1516 1834 1585 Agmen
1889 1516 2133 1570 omnium
2181 1514 2332 1568 ducit

764 1607 1132 1676 Hieronymus.
1169 1608 1287 1670 Hic,
1322 1606 1468 1675 quod
1501 1613 1690 1658 notum
1715 1605 1857 1658 inter
1889 1620 2077 1659 omnes
2102 1610 2203 1666 est,
2223 1618 2332 1656 non

764 1699 975 1768 vulgari
1011 1699 1290 1768 diligentia
1324 1699 1379 1751 in
1426 1698 1531 1752 isto
1564 1707 1882 1767 argumento
1932 1703 2179 1751 versatus
2229 1703 2331 1759 est,

765 1797 1123 1858 veterumque
1150 1788 1482 1860 reipublicae
1506 1787 1849 1842 Christianae
1876 1787 2170 1856 insignium
2193 1786 2337 1839 viro-

768 1894 891 1933 rum
912 1855 1073 1944 vitas,
1106 1888 1161 1933 et
1188 1855 1508 1949 praesertim
1543 1878 1744 1947 scripta
1769 1892 1958 1931 eorum
1994 1855 2233 1946 reliquit.
2266 1876 2336 1930 At
2370 1855 2409 1909 Β

768 1970 914 2025 idem
939 1970 1029 2024 hic
1054 1969 1415 2039 Hieronymus
1438 1970 1630 2029 nescit,
1658 1967 1950 2020 Macarium
1972 1965 2177 2034 aliquid
2201 1978 2333 2018 con-

766 2061 1072 2131 scripsisse,
1102 2068 1158 2113 et
1190 2060 1311 2114 ideo
1348 2075 1414 2113 ex
1448 2059 1551 2113 isto
1590 2059 1714 2111 albo
1757 2058 1977 2111 omittit.
2032 2055 2209 2124 Atque
2232 2055 2336 2109 hoc

767 2162 1146 2223 argumentum
1174 2167 1238 2206 eo
1270 2160 1352 2206 est
1382 2151 1619 2221 gravius,
1646 2150 1790 2220 quod
1829 2149 2142 2221 Hieronymi
2187 2158 2338 2203 aetas

768 2258 881 2298 non
905 2243 1077 2297 solum
1120 2240 1339 2295 Macarii
1398 2248 1645 2310 tempora
1695 2255 1807 2293 non
1851 2239 2022 2292 multo
2075 2244 2197 2307 post
2252 2243 2339 2290 est

769 2343 1084 2396 consecuta,
1120 2331 1215 2401 sed
1242 2340 1297 2385 et
1329 2331 1443 2400 ipse
1483 2330 1855 2383 habitaculum
1902 2328 2120 2382 Macarii
2165 2327 2340 2381 oculis

769 2425 888 2485 Suis
936 2424 1105 2489 vidit,
1146 2424 1208 2478 ut
1249 2433 1479 2479 testatur
1507 2423 1573 2477 de
1634 2437 1693 2476 se
1741 2421 1857 2490 ipse
1907 2420 2049 2473 inter
2082 2418 2342 2489 opuscula

772 2516 842 2571 de
871 2516 1013 2572 Vitis
1041 2523 1276 2585 patrum.
1305 2514 1503 2569 Mortui
1524 2515 1636 2585 jam
1662 2521 1820 2568 erant
1849 2511 2089 2574 Macarii,
2135 2518 2190 2564 et
2244 2508 2338 2579 qui

772 2608 842 2663 iis
876 2608 1311 2678 supervixerant,
1364 2606 1535 2660 multa
1586 2605 1972 2675 Hieronymum
2028 2603 2095 2656 de
2151 2616 2341 2655 eorum

772 2699 887 2754 vita
918 2706 974 2753 et
997 2698 1162 2752 rebus
1202 2697 1368 2767 gestis
1405 2695 1733 2759 docuerunt,
1769 2704 1824 2749 at
1872 2695 1938 2749 de
1994 2693 2212 2763 scriptis
2259 2703 2341 2748 ta—

775 2798 919 2850 cent.
952 2789 1108 2857 Quod
1134 2788 1179 2843 si
1203 2804 1332 2859 ergo
1362 2788 1442 2853 hi,
1476 2787 1569 2857 qui
1601 2786 1803 2851 omnia,
1832 2802 1972 2856 quae
2008 2786 2075 2839 ad
2127 2786 2343 2841 laudem

776 2882 1137 2939 Macariorum
1215 2880 1490 2950 pertinere
1555 2878 1905 2942 videbantur,
1971 2879 2341 2944 contulerunt,

776 2973 927 3030 nulla
958 2974 1076 3043 ejus
1109 2972 1311 3041 scripta
1333 2970 1536 3035 sciunt,
1567 2970 1708 3024 scire
1743 2970 1916 3023 multo
1942 2969 2127 3023 minus
2152 2969 2189 3022 ii
2223 2984 2346 3038 pos-

778 3072 930 3130 sunt,
959 3065 1053 3134 qui
1081 3064 1314 3117 multum
1347 3069 1535 3133 postea
1557 3061 1831 3115 vixerunt.
1860 3061 1966 3115 Sed
1992 3070 2047 3116 et
2072 3069 2223 3114 certo
2245 3075 2345 3114 ne-

2036 400 2126 456 JO.
2165 400 2312 455 SAL.
2349 402 2706 460 SEMLERUS

2343 524 2387 577 A
2415 518 2557 587 apud
2602 516 2939 571 Gennadium
2986 517 3173 585 quaeri
3220 514 3458 584 possint?
3496 533 3510 563 ι
3560 512 3701 567 Haec
3739 512 3973 567 Caveus.

2415 610 2563 677 Quae
2591 620 2645 665 et
2674 619 2863 664 contra
2880 624 2966 662 me
2994 610 3121 671 sint,
3155 608 3259 661 nisi
3292 617 3613 661 averterem.
3639 604 3792 670 Quod
3818 604 3976 658 facile

2417 715 2656 770 possum.
2686 700 2852 753 Miror
2878 700 3047 763 enim,
3077 700 3255 751 virum
3291 696 3347 750 in
3378 697 3481 750 hoc
3504 710 3700 765 genere
3725 694 3977 749 doctissi-

2418 808 2565 846 mum
2601 790 2703 843 ista
2742 791 3046 859 scripsisse.
3094 790 3256 843 Putat
3284 788 3351 841 de
3394 788 3523 841 solis
3551 787 3799 856 epistolis
3826 782 3979 854 loqui

2418 881 2775 938 Gennadium.
2806 880 2875 934 At
2894 881 2949 935 id
2982 896 3091 933 non
3118 879 3382 933 credibile
3405 887 3510 943 est,
3544 878 3671 947 quia
3699 876 3981 930 confectu-

2422 991 2518 1030 rus
2538 983 2657 1030 erat
2686 974 2919 1028 indicem
2933 974 3205 1043 potiorum
3230 979 3516 1026 auctorum
3538 980 3596 1025 et
3624 970 3979 1039 scriptorum.

2423 1066 2688 1121 Macarius
2729 1066 2834 1119 isto
2868 1072 3112 1134 tempore
3141 1064 3493 1128 notissimus;
3536 1062 3658 1116 ideo
3701 1062 3858 1123 dicit,
3896 1061 3985 1114 ille

2424 1156 2741 1228 Aegyptius.
2784 1156 3003 1210 Etcum
3046 1156 3166 1225 ejus
3202 1155 3536 1208 mentionem
3573 1152 3756 1216 faciat,
3794 1153 3987 1221 utique

2424 1264 2535 1302 non
2560 1249 2826 1301 minorem
2849 1259 3058 1316 partem
3090 1248 3159 1300 ab
3180 1262 3247 1301 eo
3275 1245 3603 1315 scriptorum
3630 1243 3993 1305 nominasset,

2426 1340 2525 1395 sed
2553 1340 2813 1409 majorem
2851 1348 2907 1393 et
2936 1340 3225 1409 potiorem.
3259 1338 3327 1392 Et
3352 1337 3399 1390 si
3434 1335 3666 1389 fuissent
3700 1343 3886 1387 nostra
3923 1347 3990 1386 eo

2430 1439 2697 1500 tempore,
2728 1429 2971 1498 jfuissent
3017 1429 3321 1491 tritissima,
3364 1426 3492 1495 quia
3525 1423 3816 1495 daxrjttxd.
3852 1422 3990 1477 Cum

2432 1522 2579 1593 [Pag.
2632 1519 2721 1591 12]
2754 1536 2884 1590 ergo
2934 1529 3111 1574 taceat
3137 1518 3473 1581 Gennadius,
3522 1517 3666 1570 idem
3711 1523 3796 1569 est
3836 1530 3901 1569 ac
3944 1515 3993 1568 si

2432 1614 2595 1677 dicat,
2627 1611 2921 1665 Macarium
2950 1611 3086 1665 haec
3110 1626 3217 1664 non
3242 1609 3543 1678 scripsisse.
3568 1607 3773 1661 Deinde
3804 1614 3996 1675 aperte

2433 1706 2747 1763 Gennadius
2783 1705 2936 1769 dicit,
2974 1704 3197 1774 scripsit
3240 1720 3403 1755 unam
3448 1709 3654 1755 tantum
3681 1700 3996 1768 epistolam,

2439 1799 2473 1852 i.
2511 1814 2561 1853 e.
2590 1798 2729 1852 nihil
2765 1796 2913 1851 aliud
2944 1796 3105 1849 ultra.
3136 1794 3250 1849 Nec
3277 1793 3479 1863 fugisse
3512 1791 3702 1846 eadem
3729 1790 3797 1845 de
3828 1804 3999 1846 causa

2436 1890 2540 1944 ista
2573 1895 2799 1959 possunt
2839 1889 2957 1958 ejus
2996 1886 3184 1953 oculos
3230 1891 3325 1939 aut
3366 1881 3724 1953 diligentiam,
3769 1880 3901 1950 quia
3939 1886 4000 1935 et

2435 1982 2611 2051 majus
2638 1994 2793 2049 opus,
2820 1993 2983 2047 quam
3011 1977 3260 2046 epistola,
3290 1973 3608 2037 conficiunt,
3632 1979 3689 2026 et
3715 1981 3844 2025 nota
3858 1971 4001 2025 fuis-

2434 2080 2559 2126 sent
2594 2071 2837 2125 omnium
2868 2068 3123 2123 maxime.
3155 2066 3300 2133 Quin
3332 2072 3387 2119 et
3414 2065 3549 2119 haec
3568 2062 4003 2133 epistola,quam

2435 2162 2671 2217 Macario
2710 2161 2801 2215 dat
2832 2159 3163 2224 Gennadius,
3188 2158 3279 2212 vix
3307 2156 3443 2211 mihi
3476 2170 3668 2209 revera
3701 2153 3769 2207 ab
3793 2167 3861 2206 eo
3880 2165 4005 2206 esse

2435 2252 2675 2315 videtur,
2702 2250 2848 2320 quod
2898 2249 3261 2318 Hieronymus
3305 2261 3415 2300 non
3460 2245 3793 2299 mentionem
3837 2240 4003 2305 facit;

2438 2341 2554 2411 qui,
2590 2341 2637 2395 si
2681 2339 3002 2403 exstitisset,
3050 2353 3168 2392 eam
3212 2337 3268 2390 in
3306 2335 3525 2389 deserto
3567 2334 3672 2388 isto
3724 2329 4007 2385 domicilio

2439 2429 2856 2491 monachorum,
2889 2428 3091 2498 quibus
3106 2425 3343 2497 praefuit
3376 2423 3661 2487 Macarius,
3690 2422 3807 2476 sine
3834 2420 4009 2474 dubio

2438 2522 2687 2578 vidisset.
2733 2521 2828 2576 His
2872 2521 3011 2575 addo
3073 2520 3253 2575 adhuc
3302 2517 3574 2586 Ruﬁnum,
3620 2514 3714 2584 qui
3762 2513 3909 2566 libro
3953 2527 4009 2566 xi

2440 2630 2560 2686 cap.
2590 2615 2623 2668 4
2650 2612 2725 2684 (α)
2758 2612 2860 2667 et8
2882 2613 2947 2667 de
2971 2611 3219 2666 Macariis
3243 2611 3371 2679 agit,
3400 2617 3455 2661 at
3481 2608 3547 2661 de
3580 2605 3800 2675 scriptis
3830 2611 4008 2667 tacet;

2441 2706 2731 2763 Honorium
2777 2704 3313 2774 Augustodunensem,
3348 2702 3440 2770 qui
3489 2699 3745 2769 pleraque
3783 2694 4011 2764 quidem

2442 2813 2511 2852 ex
2543 2797 2825 2853 Gennadio
2861 2804 2916 2851 et
2949 2796 3071 2853 aliis
3110 2794 3366 2864 sublegit,
3401 2801 3455 2846 at
3488 2792 3616 2860 quia
3660 2796 3824 2852 tacet,
3866 2784 4012 2839 nihil

2444 2889 2586 2950 ultra
2603 2888 2920 2957 cognovisse
2942 2885 3248 2942 credendus
3265 2892 3365 2938 est.
3383 2882 3489 2937 Sed
3506 2880 3662 2935 omisi
3676 2877 4011 2939 Palladium,

2444 2981 2540 3052 qui
2568 2981 2747 3050 primo
2768 2987 2890 3048 post
2917 2978 3308 3049 Hieronymum
3336 2975 3457 3029 loco
3496 2967 4015 3025 commemorandus

2446 3074 2658 3136 fuisset,
2689 3070 2797 3125 nisi
2820 3068 2910 3123 isti
2934 3067 3069 3122 mihi
3092 3064 3457 3136 conjungendi
3485 3078 3604 3117 esse
3633 3061 3734 3114 visi
3754 3060 4009 3113 fuissent.

780 3156 981 3221 sciunt,
1009 3155 1138 3224 quia
1162 3154 1351 3207 itidem
1386 3159 1584 3207 tacent.
1615 3152 2005 3223 Hieronymum
2040 3151 2187 3205 enim
2232 3152 2343 3222 jam
2372 3187 2409 3245 ο

2372 3187 2414 3245 c
2446 3163 2547 3218 Hic
2568 3175 2709 3215 anno
2741 3166 2867 3230 post
2893 3158 3104 3214 obitum
3130 3154 3349 3212 Macarii
3378 3152 3611 3211 eundem
3631 3151 3687 3206 in
3706 3151 3887 3205 locum
3916 3164 4011 3203 so-

776 3247 979 3316 excipit
1002 3244 1321 3309 Gennadius,
1357 3242 1728 3298 testimonium
1756 3242 2153 3311 perhibiturus,
2178 3258 2235 3296 se
2278 3242 2345 3296 de

779 3338 868 3395 bis
888 3337 1111 3391 Macarii
1142 3336 1279 3389 nihil
1311 3335 1533 3390 omnino
1574 3349 1671 3388 suo
1724 3342 1967 3403 tempore
2009 3335 2344 3403 cognovisse.

778 3428 892 3485 Nec
916 3428 1137 3499 objiciat
1161 3428 1305 3497 quis,
1337 3426 1483 3496 quod
1515 3426 1807 3480 Macarium
1858 3425 1999 3478 inter
2058 3426 2349 3495 scriptores

780 3519 1181 3577 ecclesiasticos
1224 3526 1409 3587 ponat.
1445 3516 1585 3571 lllud
1640 3516 1787 3569 enim
1836 3514 1972 3568 nihil
2027 3514 2135 3567 huc
2172 3514 2345 3585 juvat.

780 3612 1075 3667 Videamus
1100 3610 1216 3680 ipsa
1247 3608 1515 3665 Gennadii
1541 3607 1609 3661 de
1641 3606 1877 3661 Macario
1902 3606 2087 3659 verba.

1500 3698 1628 3769 §v.

851 3795 1139 3858 Macarius,
1168 3795 1451 3849 monachus
1482 3791 1575 3845 ille
1596 3791 1900 3862 Aegyptius,
1931 3791 2092 3860 signis
2116 3796 2165 3842 et
2190 3789 2353 3841 virtu-

784 3888 919 3943 tibus
952 3888 1153 3952 clarus,
1188 3903 1353 3940 unam
1388 3893 1596 3940 tantum
1627 3886 1836 3954 scripsit
1872 3884 1940 3936 ad
1965 3883 2203 3952 juniores
2232 3898 2353 3951 proo

784 3979 1019 4048 fessionis
1037 3995 1165 4032 suae
1189 3978 1487 4048 epistolam,
1506 3978 1560 4029 in
1583 3993 1687 4044 qua
1713 3976 1877 4039 docet,
1907 3974 2055 4046 [Pag.
2088 3972 2177 4044 ll]
2199 3958 2353 4025 illum

782 4072 1008 4142 perfecte
1033 4087 1179 4143 posse
1194 4072 1389 4124 servire
1416 4069 1545 4134 Deo,
1579 4070 1669 4141 qui
1699 4068 2044 4122 conditionem
2075 4067 2351 4120 creationis

781 4174 906 4216 suae
949 4176 1255 4230 cognoscens
1303 4159 1371 4211 ad
1413 4174 1589 4211 omnes
1641 4159 1971 4227 semetipsum
2021 4155 2353 4209 inclinaverit

785 4249 1008 4315 labores,
1041 4258 1090 4302 et
1131 4249 1375 4303 luctando
1421 4256 1577 4318 atque
1622 4247 1719 4302 Dei
1768 4247 2028 4301 auxilium
2075 4248 2354 4302 adversum

784 4357 957 4405 omne,
992 4341 1131 4410 quod
1159 4342 1215 4393 in
1259 4341 1357 4393 hac
1392 4342 1501 4395 uita
1549 4356 1710 4394 suave
1748 4347 1844 4403 est,
1894 4338 2243 4407 exploranda,
2286 4338 2355 4391 ad

786 4434 1087 4487 naturalem
1148 4450 1350 4504 quoque
1398 4434 1699 4503 perveniens
1742 4434 2046 4503 puritatem,
2090 4432 2355 4485 continen-

788 4527 919 4579 tiam
938 4525 1077 4579 velut
1106 4532 1331 4578 naturae
1366 4524 1595 4577 debitum
1626 4540 1814 4576 munus
1837 4524 2133 4576 obtinuerit.

860 4616 980 4681 Hic,
1017 4623 1078 4669 ut
1103 4614 1376 4678 videmus,
1412 4613 1659 4668 meminit
1692 4614 1884 4683 scripti
1918 4613 2150 4683 alicujus
2176 4629 2205 4667 a
2232 4613 2353 4666 Ma-

787 4705 953 4765 cario,
986 4702 1081 4756 sed
1106 4702 1413 4771 epistolam,
1438 4708 1493 4755 et
1520 4700 1739 4769 quidem
1760 4718 1923 4755 unam
1946 4709 2152 4754 tantum
2172 4700 2355 4770 appel-

786 4794 879 4851 lat.
906 4792 1165 4861 Adeoque
1192 4807 1294 4846 nec
1323 4792 1606 4855 Homilias,
1637 4805 1741 4845 nec
1767 4791 1873 4845 alia
1903 4789 2174 4860 Opuscula
2196 4791 2353 4845 audi-

786 4894 942 4940 verat
992 4893 1088 4938 aut
1129 4885 1359 4938 viderat.
1396 4884 1557 4937 Venit
1602 4885 1659 4938 in
1703 4894 1944 4938 mentem
1993 4884 2159 4949 illius,
2207 4885 2355 4954 quod

789 4976 984 5033 Caveas
1014 4977 1151 5031 Hist.
1177 4975 1281 5029 Lit.
1312 4977 1371 5030 P.
1406 4992 1441 5029 ll
1485 4975 1553 5030 de
1583 4976 1815 5030 Macario
1845 4984 2031 5031 contra
2065 4978 2349 5031 Possinum

789 5066 1002 5131 scribit,
1050 5067 1141 5135 qui
1202 5066 1392 5119 eadem
1445 5066 1512 5120 de
1560 5081 1721 5121 causa
1781 5067 2002 5121 tertium
2056 5068 2349 5122 Macarium

788 5157 1178 5225 exsculpserat,
1216 5156 1362 5225 quod
1392 5156 1704 5211 Gennadius
1728 5157 1794 5211 de
1824 5158 2087 5227 Aegyptio
2116 5166 2343 5213 taceret.

790 5246 1121 5316 Respondet,
1139 5248 1380 5317 inquam,
1399 5248 1607 5303 Caveus
1631 5250 1705 5303 ita
1732 5267 1743 5301 :
1778 5269 1795 5300 ‹
1819 5249 1959 5315 Quid
1977 5253 2019 5304 si
2039 5250 2352 5305 Gennadius

792 5337 859 5391 de
892 5338 1024 5391 solis
1060 5338 1277 5391 Macarii
1331 5340 1578 5408 epistolis
1626 5340 1902 5408 loquitur?
1952 5339 2090 5405 Quid
2148 5340 2193 5393 si
2247 5342 2352 5394 alia

793 5430 1076 5499 scripserit
1097 5430 1381 5493 Macarius,
1418 5447 1554 5499 quae
1587 5430 1853 5485 Gennadii
1888 5432 2221 5501 diligentiam
2265 5432 2352 5485 fu-

792 5522 988 5593 gerint,
1035 5537 1157 5575 cum
1196 5538 1304 5575 non
1346 5538 1513 5591 pauca
1554 5522 1663 5576 sint
1710 5524 1932 5592 scripta,
1984 5539 2121 5592 quae
2149 5524 2350 5579 frustra

2446 3253 2699 3311 litudinis
2722 3250 2973 3313 accessit,
2995 3257 3051 3303 et
3074 3256 3256 3301 tamen
3279 3246 3417 3301 nihil
3444 3245 3641 3298 horum
3678 3243 4012 3311 scriptorum

2448 3339 2699 3397 meminit
2726 3338 2781 3392 in
2810 3336 3052 3393 Historia
3081 3335 3366 3397 Lausiaca,
3392 3333 3521 3387 licet
3546 3332 3765 3386 Macarii
3792 3330 4016 3399 egregia

2448 3431 2589 3487 facta
2620 3429 2913 3485 collaudet.
2954 3426 3127 3482 Omisi
3152 3434 3210 3481 et
3246 3425 3508 3479 Joannem
3544 3421 3879 3483 Cassianum,
3916 3420 4015 3488 qui

2449 3522 2517 3577 de
2563 3520 2827 3575 institutis
2876 3516 3192 3571 monasticis
3244 3514 3491 3569 scribens
3551 3513 3721 3565 multa
3773 3508 4016 3564 celebria

2448 3612 2669 3667 Macarii
2692 3611 2838 3665 dicta
2859 3609 3037 3673 aﬂ‘ert,
3070 3616 3127 3661 at
3160 3608 3295 3661 haec
3318 3606 3436 3676 ejus
3470 3603 3741 3674 Opuscula
3777 3602 4015 3671 ignorat,

2450 3720 2591 3775 quae
2612 3712 2793 3757 tamen
2824 3700 3047 3771 proprie
3074 3698 3141 3753 ad
3180 3712 3338 3752 suum
3379 3695 3655 3751 scribendi
3686 3709 3855 3764 genus
3883 3707 4017 3761 per-

2450 3797 2769 3858 tinuissent,
2794 3793 2840 3847 si
2860 3791 3219 3847 exstitissent.
3252 3787 3417 3853 Quin,
3445 3786 3591 3855 quod
3626 3784 3804 3839 adhuc
3848 3781 4017 3844 addo,

2452 3895 2598 3941 tacet
2628 3894 2685 3941 et
2702 3884 2914 3939 Suidas.
2937 3883 3124 3951 Neque
3148 3880 3297 3935 enim
3328 3879 3385 3932 in
3417 3878 3529 3931 vita
3555 3877 3778 3931 Macarii
3808 3874 4020 3942 scripta

2451 3977 2569 4047 ejus
2602 3976 2711 4029 ulla
2738 3980 3025 4036 memorat,
3063 3970 3157 4026 sed
3184 3968 3448 4039 quaedam
3481 3967 3719 4036 Evagrii,
3760 3963 4020 4033 discipuli

2454 4068 2621 4122 illius.
2650 4065 2856 4121 Unicus
2880 4071 3069 4126 restat,
3106 4060 3201 4116 sed
3240 4061 3288 4114 is
3310 4076 3378 4115 ex
3399 4058 3821 4121 recentioribus,
3850 4056 4023 4111 Joan-

2453 4175 2542 4213 nes
2598 4156 2947 4219 Trithemius,
3020 4152 3113 4222 qui
3161 4152 3454 4206 Macarium
3522 4151 3667 4203 inter
3720 4148 4021 4217 scriptores

2455 4247 2603 4319 [Pag.
2653 4245 2743 4317 15]
2777 4246 2950 4315 ponit,
2984 4244 3133 4298 nulla
3181 4252 3362 4297 tamen
3394 4242 3514 4311 ejus
3544 4239 3747 4309 scripta
3772 4253 4018 4292 comme-

2454 4346 2650 4393 morat.
2674 4337 2832 4403 Quod
2853 4337 2919 4391 ad
2944 4335 3238 4390 Simeonem
3255 4333 3593 4402 Logothetam
3614 4330 3828 4393 attinet,
3853 4344 4020 4397 quem

2454 4430 2664 4485 Caveus
2690 4436 2876 4483 monet
2913 4426 3154 4497 capitula
3187 4424 3375 4480 CLXX
3416 4422 3653 4479 ascetica
3684 4420 4019 4494 metaphrasi

2380 4514 2423 4569 D
2454 4524 2773 4587 illustrasse,
2803 4522 2909 4575 hoc
2940 4520 3193 4585 sufﬁciat,
3234 4534 3384 4583 eum,
3418 4518 3548 4587 quia
3573 4524 3667 4570 aut
3693 4516 3891 4569 incerti
3922 4515 4016 4577 sit,

2450 4625 2543 4669 aut
2581 4622 2729 4668 certe
2776 4629 2850 4667 ιιι
2900 4613 3120 4667 demum
3169 4611 3396 4676 saeculi,
3471 4626 3662 4679 parum
3706 4624 3867 4679 posse
3912 4608 4018 4664 ista

2453 4706 2655 4775 scripta
2692 4705 2855 4760 tueri.
2890 4704 2946 4759 Si
2983 4704 3052 4758 ad
3096 4719 3320 4758 manum
3368 4702 3659 4772 aliquando
3694 4702 3809 4771 ipse
3850 4700 4019 4755 fuerit

2455 4797 2501 4851 is
2520 4798 2679 4862 liber,
2728 4796 2887 4866 plura
2931 4794 3072 4849 forte
3115 4794 3447 4848 notabimus.
3478 4792 3701 4847 Certum
3746 4808 3879 4862 ergo
3906 4802 4013 4857 est,

2454 4898 2579 4942 ante
2601 4887 2877 4943 saeculum
2918 4904 2991 4941 xu
3029 4902 3139 4941 non
3178 4896 3307 4940 nota
3334 4886 3503 4940 fuisse
3525 4884 3848 4939 Macariana.

3152 4977 3178 5047 ξ
3216 4979 3304 5032 νι.

2527 5068 2669 5123 Satis
2697 5084 2827 5140 ergo
2860 5067 2973 5122 suis
3020 5068 3329 5122 rationibus
3365 5068 3705 5131 destituitur,
3741 5065 4011 5129 utcredo,

2458 5162 2643 5231 Opinio
2676 5162 2985 5231 pervulgata
3012 5161 3079 5215 de
3112 5160 3335 5215 Macarii
3377 5162 3617 5230 scriptis.
3648 5160 3754 5214 Sed
3792 5175 3892 5213 nec
3931 5159 4020 5213 his

2457 5254 2791 5323 argumentis
2833 5255 2961 5308 solis
2991 5254 3219 5317 innitor,
3251 5269 3419 5323 quum
3463 5254 3530 5307 de
3568 5252 3859 5322 Opusculis
3899 5252 4021 5306 istis

2454 5344 2666 5397 dubito.
2700 5344 2907 5397 Addam
2944 5344 3091 5398 aliud
3122 5344 3320 5407 adhuc,
3356 5344 3500 5413 quod
3534 5352 3745 5396 tantum
3777 5342 3930 5395 abest
3959 5346 4021 5393 ut

2452 5435 2573 5489 istis
2599 5436 2775 5499 cedat,
2812 5446 2871 5489 ut
2899 5436 3137 5505 pondere
3162 5450 3261 5488 suo
3293 5444 3570 5504 praestare
3594 5434 3774 5504 potius
3804 5432 4015 5501 opiner.

2454 5526 2673 5581 Scilicet
2697 5537 2861 5582 totam
2890 5526 3162 5581 scribendi
3201 5526 3487 5591 rationem,
3525 5542 3631 5595 qua
3657 5524 3889 5579 confecti
3919 5523 4020 5578 isti

2281 5679 2527 5736 NOTAE.

866 5792 945 5863 (a)
983 5793 1161 5860 Corr.,
1192 5796 1463 5851 Semlcrus
1494 5794 1656 5849 habet
1690 5794 1738 5845 3.
1777 5793 1920 5848 Enn.
