4274 6358
220 379 325 442 τεο

1257 393 1341 447 DE
1381 348 1686 450 SCillPTlS
1724 394 1780 449 S.
1823 391 2105 447 MACARII
2143 390 2479 448 AEGYPTII.

3354 393 3461 451 210

220 514 351 562 sunt
373 507 565 571 libelli,
599 508 830 562 alienam
868 525 987 567 esse
1010 527 1119 565 non
1146 512 1321 566 solum
1346 529 1375 566 a
1405 514 1662 577 Macario,
1699 511 1797 566 sed
1826 516 1869 570 Α
1902 511 2043 564 idem
2081 510 2359 576 traditur;
2399 520 2459 565 ut
2487 509 2612 564 inde
2654 508 2827 563 ferme
2871 518 3146 579 appareat,
3182 508 3459 564 consarci-

219 613 251 650 a
289 599 487 667 quovis
513 598 621 655 alio
654 609 879 653 auctore
920 601 1211 654 contendo.
1252 601 1422 655 Eccui
1473 603 1620 656 enim
1651 599 1788 655 illud

220 691 509 761 probabile
555 691 799 754 videtur,
856 692 925 745 ab
966 693 1150 761 aliquo
1195 702 1417 747 auctore
1468 694 1555 748 bis
1606 702 1663 748 et
1706 701 1790 747 ter

218 782 409 835 eadem
434 789 491 835 et
520 782 681 834 verba
711 781 1035 850 easdemque
1055 783 1352 836 sententias
1405 781 1621 836 diversa
1665 798 1790 834 συν-

218 873 413 941 αφείᾳ,
448 874 502 925 in
526 888 692 942 parva
717 872 1043 941 scriptorum
1062 874 1223 937 mole,
1241 888 1341 942 pro
1358 872 1582 942 integris
1601 881 1656 926 et
1672 872 1791 926 aliis

219 963 501 1031 opusculis
548 962 719 1031 repeti
754 970 811 1016 et
849 964 1114 1017 obtrudi?
1140 965 1209 1018 At
1240 965 1294 1017 id
1326 964 1677 1018 ostendemus
1715 963 1790 1018 ita

221 1056 275 1107 in
311 1055 399 1108 his
432 1054 654 1109 Macarii
701 1070 845 1120 esse,
894 1056 971 1109 ita
1003 1065 1205 1121 tamen,
1246 1064 1308 1111 ut
1346 1057 1505 1111 simul
1532 1072 1787 1111 nonnun-

218 1162 385 1215 quam
414 1146 518 1199 alia
550 1162 787 1216 quoque,
835 1162 1008 1216 pauca
1052 1156 1231 1201 tamen
1273 1162 1609 1212 moneamus,
1650 1161 1790 1217 quae

220 1238 287 1292 ad
314 1238 588 1292 diversam
616 1238 947 1307 scripturam
984 1247 1041 1293 et
1069 1238 1361 1293 lectionem
1397 1239 1673 1309 pertinere
1709 1239 1791 1292 vi-

219 1328 520 1383 debuntur.

894 1420 921 1487 §
964 1420 1077 1473 vn.

289 1510 539 1580 Exempli
578 1511 697 1566 loco
740 1527 1075 1581 apponemus
1117 1527 1201 1575 ea,
1248 1527 1386 1581 quae
1429 1512 1497 1566 de
1545 1528 1663 1581 cap.
1722 1514 1789 1567 15

217 1600 481 1667 Opusculi
515 1600 577 1651 de
615 1599 865 1654 Custodia
908 1601 1075 1652 cordis
1116 1616 1170 1668 p.
1233 1599 1303 1652 2‘2
1345 1600 1480 1654 edit.
1518 1600 1789 1655 Pritianae

219 1691 373 1760 [Pag.
408 1689 498 1760 14]
533 1691 864 1744 notavimus.
898 1690 976 1743 Ex
1002 1691 1105 1743 isto
1136 1691 1345 1759 integra
1382 1690 1615 1743 Homilia
1654 1706 1788 1744 con-

1893 612 2019 656 nata
2062 603 2286 657 aliunde
2317 602 2451 657 haec
2495 618 2636 656 esse.
2674 601 2827 667 Quod
2861 616 2992 656 vero
3041 601 3107 655 ad
3141 603 3460 655 varietatem

1892 696 2196 763 scripturae
2229 694 2514 747 allatorum
2554 693 2848 748 verborum
2892 708 3059 762 porro
3093 694 3306 758 attinet,
3337 708 3462 762 pos-

1892 787 2003 839 sint
2044 786 2147 841 ista
2182 787 2473 855 conjuncta
2510 786 2677 841 fuisse
2716 785 2931 839 videri:
2959 784 3150 855 καὶμὴ
3186 784 3457 852 ἀπογινώ-

1891 895 2059 938 σκειν,
2109 878 2224 930 ἀλλ’
2268 881 2324 930 ὲν
2356 877 2533 931 πίστει
2563 886 2694 941 cet.,
2726 886 2819 931 aut
2844 877 3003 931 facile
3042 876 3110 930 ab
3145 877 3327 945 aliquo
3358 876 3456 929 ad~

1889 971 2006 1025 dita
2037 978 2183 1024 sunt.
2210 970 2397 1039 Neque
2418 969 2565 1023 enim
2599 969 2810 1032 dubito,
2837 968 2983 1038 quod
3006 982 3075 1023 ex
3101 968 3459 1035 sequentibus

1890 1059 2174 1131 apparebit
2198 1060 2416 1123 melius,
2444 1058 2691 1113 diversos
2715 1058 2906 1121 fuisse,
2927 1059 3019 1127 qui
3046 1058 3149 1112 ista
3180 1072 3247 1112 ex
3270 1057 3457 1112 diver-

1892 1152 1967 1207 sis
2006 1150 2126 1204 aliis
2152 1148 2544 1219 congesserint.
2565 1149 2671 1204 Sed
2700 1150 2789 1203 vix
2819 1150 3054 1219 placent,
3089 1165 3227 1217 quae
3254 1149 3458 1204 ibidem

1892 1248 2022 1295 sunt
2057 1259 2070 1293 :
2103 1240 2195 1293 τὸν
2228 1240 2433 1294 σκοπὸν
2472 1240 2565 1293 τοῦ
2604 1240 2724 1303 νοὸς
2755 1240 2919 1293 αὑτοῦ
2952 1242 3031 1303 εἰς
3072 1240 3228 1293 τοῦτο
3272 1241 3459 1310 ἔχοντα

1889 1330 1976 1383 διὰ
2004 1332 2225 1394 παντὸς.
2262 1331 2451 1399 Neque
2492 1333 2638 1385 enim
2672 1332 2812 1385 scire
2850 1332 3009 1385 facile
3043 1339 3147 1395 est,
3187 1332 3319 1400 quid
3356 1332 3459 1386 ista

1893 1423 2223 1493 signiﬁcent.
2264 1423 2334 1477 Et
2372 1438 2494 1477 cum
2532 1439 2642 1477 non
2676 1424 2751 1476 ita
2792 1425 2962 1477 multo
3000 1432 3123 1493 post
3149 1432 3409 1493 sequatur
3440 1442 3453 1476 :

1895 1516 2053 1585 μόνον
2086 1517 2176 1570 τὸν
2219 1516 2423 1586 Κύριον
2459 1516 2545 1568 ἀεὶ
2577 1517 2683 1585 πρὸ
2715 1516 3005 1585 ὀφθαλμῶν
3046 1516 3189 1585 ἔχειν
3227 1517 3319 1571 καὶ
3360 1514 3458 1578 τὰς

1898 1605 2114 1667 ἐντολὰς
2142 1604 2326 1665 αὑτοῦ,
2352 1620 2544 1673 parum
2572 1605 2726 1658 abest
2746 1605 2879 1674 quin
2918 1605 3119 1673 legam:
3148 1606 3236 1655 τόν
3257 1623 3313 1659 τε
3336 1623 3460 1657 σκο-

1892 1694 1991 1747 πὸν
2011 1695 2104 1747 τοῦ
2130 1694 2250 1756 νοὸς
2280 1693 2444 1745 αὑτοῦ
2469 1695 2547 1755 είς
2575 1695 2759 1746 τοῦτον
2793 1694 2903 1765 [τὸν
2940 1692 3164 1762 Κύριον]
3200 1694 3340 1763 ἔχειν
3371 1695 3459 1750 διὰ

216 1781 358 1832 l‘ecta
380 1790 483 1843 est,
513 1780 703 1833 iisdem
743 1780 924 1834 verbis
982 1792 1037 1833 et
1082 1780 1387 1845 sententiis,
1414 1794 1533 1834 xxxt
1580 1781 1791 1835 scilicet
1824 1850 1853 1854 _
1891 1784 2109 1847 παντός.
2146 1783 2301 1837 Licet
2328 1784 2474 1837 enim
2500 1784 2708 1853 liquido
2742 1785 3067 1854 intelligere,
3104 1785 3288 1839 omnia
3313 1786 3459 1841 inter

215 1888 269 1939 p.
302 1871 430 1924 287.
457 1871 575 1937 Quo
594 1870 788 1924 addam
817 1871 1053 1941 denique
1074 1872 1407 1941 Opusculum
1436 1872 1497 1925 de
1526 1872 1786 1925 Libertate
1821 1850 1862 1904 Β
1887 1892 1966 1939 se,
1996 1876 2041 1931 si
2071 1876 2356 1930 materiam
2400 1850 2574 1945 ipsam
2604 1885 2837 1945 spectes,
2873 1850 3098 1930 confusa
3118 1892 3255 1931 esse.
3278 1875 3457 1946 Atque

216 1964 407 2015 mentis
460 1978 579 2031 cap.
632 1962 719 2025 18,
756 1970 813 2015 et
856 1964 1249 2033 Apophthegma
1293 1964 1527 2033 primum
1576 1979 1630 2031 p.
1660 1963 1781 2015 2'51.

287 2052 348 2106 ln
378 2052 654 2122 Opusculo
672 2054 734 2106 de
757 2052 1005 2108 Custodia
1028 2054 1195 2107 cordis
1219 2070 1273 2123 p.
1291 2054 1360 2107 22
1378 2054 1454 2107 ita
1482 2053 1745 2107 habemus
1768 2072 1781 2108 :

215 2147 249 2198 ὁ
295 2146 676 2213 ,ϐουλόμενος
719 2144 1079 2213 προσελθεῖν
1121 2145 1201 2209 τῷ
1246 2147 1457 2212 Κυρίῳ,
1498 2145 1597 2198 καὶ
1639 2143 1783 2211 ζωῆς

212 2236 460 2289 αὶωνίου
493 2236 951 2305 καταξιωθῆναι,
998 2238 1096 2291 καὶ
1145 2236 1598 2305 κατοικητήριον
1640 2235 1785 2291 Θεοῦ

212 2325 531 2394 γενέσθαι,
574 2327 675 2379 καί
718 2328 1059 2396 πνεύματος
1108 2329 1279 2397 ἁγίου
1328 2327 1782 2396 καταξιωθῆναι,

212 2415 317 2466 ινα
342 2415 482 2479 τοὺς
529 2417 797 2482 καρποὺς
819 2417 1006 2471 αὑτοῦ
1054 2420 1201 2471 κατὰ
1230 2419 1335 2484 τὰς
1378 2420 1631 2486 ἐντολὰς
1679 2420 1785 2474 τοῦ

212 2508 441 2573 Κυρίου
468 2506 701 2575 δυνηθῇ
738 2507 988 2576 ἀμώμως
1017 2510 1117 2562 καί
1151 2512 1418 2579 καθαρῶς
1450 2513 1663 2577 ποιεῖν,
1689 2513 1786 2565 οὔ-

212 2615 329 2662 τως
379 2598 607 2666 ὀφείλει
659 2600 1047 2667 ἐνάρξασθαι.
1097 2601 1241 2656 Haec
1297 2604 1557 2673 periodus
1610 2604 1785 2673 prima

212 2689 380 2757 primi
431 2688 690 2759 Opusculi
724 2692 821 2762 (α).
867 2692 933 2746 Et
965 2694 1220 2749 similiter
1267 2696 1455 2749 eadem
1506 2697 1673 2751 verba
1730 2697 1785 2751 in

214 2779 486 2833 Bomiliae
519 2782 750 2849 periodo
786 2783 984 2851 prima,
1012 2785 1118 2840 nisi
1136 2786 1281 2854 quod
1309 2802 1410 2856 pro
1426 2786 1559 2840 Θεοῦ
1588 2788 1785 2858 legitur

213 2871 312 2923 τοῦ
366 2872 597 2941 Χριστοῦ
626 2872 720 2943 (b),
767 2890 868 2943 pro
918 2876 1359 2946 καταξιωθῆναι,
1414 2879 1783 2950 πληρωθῆναι,

212 2962 364 3031 quod
411 2962 555 3017 forte
602 2963 830 3031 factum,
883 2983 953 3021 ne
1001 2968 1145 3022 idem
1186 2969 1415 3023 verbum
1468 2970 1651 3024 statim
1700 2972 1786 3025 bis

212 3064 565 3121 occurreret;
593 3072 693 3124 pro
725 3060 970 3128 καρποὺς
1001 3060 1166 3112 αὑτοῦ
1197 3060 1397 3130 legitur
1422 3063 1667 3129 καρποὺς
1691 3062 1785 3114 τοῦ

211 3142 548 3213 πνεύματος,
573 3144 691 3209 ubi,
719 3146 844 3215 quis
860 3148 1020 3210 αὐτὸς
1039 3148 1130 3212 sit,
1154 3148 1624 3219 exprimitur;pro
1644 3152 1785 3204 κατὰ

210 3236 311 3298 τὰς
336 3235 554 3297 ἐντολὰς
594 3236 686 3287 τοῦ
722 3238 928 3308 Κυρίου
958 3238 1158 3307 legitur
1190 3242 1281 3291 καὶ
1318 3240 1418 3302 τὰς
1450 3240 1667 3303 ἐντολὰς
1692 3241 1785 3293 τοῦ

211 3324 475 3395 Χριστοῦ.
515 3327 623 3379 Καὶ
646 3342 775 3380 sane
794 3329 1103 3397 perplacet;
1132 3330 1383 3384 Christus
1407 3346 1507 3399 pro
1533 3332 1783 3397 Domino,

210 3417 347 3485 quia
382 3417 438 3469 in
469 3418 691 3470 Patrum
743 3419 961 3488 scriptis
1004 3420 1268 3474 Dominus
1300 3429 1357 3474 et
1396 3421 1645 3477 Christus
1687 3440 1786 3492 pro

209 3509 412 3563 eodem
443 3519 546 3562 est.
582 3509 719 3562 Tum
747 3526 847 3579 pro
882 3509 1128 3580 ἁμώμως
1156 3514 1248 3563 καὶ
1278 3512 1531 3582 καθαρῶς
1559 3514 1787 3583 legimus

211 3600 473 3668 καθαρῶς
497 3600 590 3652 καὶ
608 3600 873 3671 ἀμώμως,
893 3601 999 3655 levi
1028 3603 1361 3669 mutatione;
1394 3614 1449 3657 et
1470 3620 1569 3673 pro
1593 3609 1783 3671 ποιεῖν,

211 3694 466 3763 ποιῆσαι,
492 3711 601 3747 non
624 3695 786 3758 male,
810 3694 940 3763 quia
955 3695 1060 3749 hoc
1077 3704 1291 3765 tempus
1313 3712 1474 3765 saepe
1502 3699 1782 3767 sequitur;

210 3801 313 3854 pro
347 3786 539 3851 οὕτως,
563 3781 736 3847 οὗτος,
772 3786 933 3848 male,
965 3802 1093 3839 nam
1119 3788 1408 3856 legendum
1452 3788 1655 3853 οὓτως;
1684 3805 1784 3859 pro

208 3875 563 3945 ἐνάρξασθαι,
603 3875 884 3945 ἄρξεσθαι,
932 3877 1078 3947 quod
1125 3878 1319 3931 melius
1360 3878 1641 3949 ἄρξασθαι.
1680 3882 1783 3935 Pe-

210 3966 406 4020 riodus
441 3968 613 4020 altera
653 3968 761 4021 levi
793 3968 1096 4021 mutatione
1129 3968 1331 4021 differt.

282 4059 344 4112 ln
381 4057 655 4127 Opusculo
690 4060 753 4112 de
796 4059 1046 4113 Custodia
1077 4061 1327 4128 sequitur
1362 4079 1374 4114 :
1414 4063 1509 4114 καὶ
1540 4066 1619 4128 είς
1670 4064 1782 4130 τὴν

208 4148 405 4216 εὐχὴν
450 4149 707 4203 πάντοτε
768 4152 1235 4218 προσκαρτερεῖν
1280 4156 1500 4206 αὐτόν·
1546 4154 1642 4206 καὶ
1694 4155 1779 4223 μὴ

208 4238 648 4305 ἀπογινώσκειν
706 4239 1185 4307 προσδεχόμενος
1227 4243 1349 4295 ’τοῦ
1402 4244 1620 4309 Κυρίου
1669 4243 1781 4310 τὴν

206 4330 538 4396 ἐπίσκεψιν
574 4328 673 4381 καὶ
721 4330 834 4394 τὴν
854 4330 1143 4395 ,ϐοήθειαν
1185 4331 1462 4397 πάντοτε,
1498 4334 1602 4385 τὸν
1634 4347 1778 4385 σκο-

206 4419 331 4472 πὸν
370 4418 476 4472 τοῦ
507 4418 647 4484 νοὸς
684 4421 869 4473 αὐτοῦ
899 4422 983 4486 είς
1010 4422 1187 4475 τοῦτο
1212 4423 1367 4490 ἔχων
1398 4424 1495 4477 διὰ
1532 4425 1774 4489 παντός.

1889 1967 1993 2022 hoc
2049 1967 2249 2037 ipsum,
2304 1975 2364 2020 ut
2408 1966 2691 2021 Christum
2746 1967 2869 2036 quis
2924 1966 3220 2031 intueatur,
3271 1976 3457 2021 monet

1889 2055 2223 2125 Opusculum
2260 2054 2322 2108 de
2368 2056 2629 2109 Libertate
2684 2072 2803 2125 cap.
2836 2057 2902 2111 l6
2934 2066 2997 2112 et
3042 2058 3128 2121 17,
3174 2058 3318 2112 unde
3364 2058 3457 2111 vix

1886 2148 2078 2201 dubito
2101 2149 2238 2202 haec
2271 2162 2393 2201 esse
2432 2156 2711 2216 excerpta.
2748 2148 2858 2202 Nec
2887 2156 2969 2202 est
3001 2148 3145 2217 quod
3179 2148 3302 2217 quis
3331 2147 3454 2201 ideo

1885 2239 2101 2294 dubitet
2147 2240 2215 2294 de
2271 2241 2373 2294 hac
2419 2240 2753 2309 conjectura,
2801 2240 2947 2309 quod
3001 2240 3272 2309 scriptura
3320 2239 3455 2293 haec

1884 2332 2075 2385 eadem
2104 2332 2175 2385 sit
2213 2333 2267 2385 in
2298 2332 2554 2385 llomilia.
2588 2331 2908 2386 Videbimus
2940 2332 3087 2385 enim
3133 2332 3453 2386 alterutrum

1884 2430 2070 2477 natum
2098 2432 2153 2477 et
2180 2422 2381 2477 factum
2411 2438 2533 2477 esse
2565 2422 2859 2491 posterius,
2909 2422 3058 2493 [Pag.
3099 2422 3190 2493 16]
3223 2430 3278 2476 et
3316 2422 3455 2476 adeo

1885 2519 2197 2580 corruptam
2247 2520 2342 2566 aut
2393 2512 2593 2565 bonam
2636 2510 2863 2565 alterius
2912 2514 3237 2581 scripturam
3294 2526 3451 2565 acce-

1885 2602 2051 2671 pisse.

1956 2693 2215 2762 Sequitur
2248 2708 2412 2763 porro
2444 2693 2501 2747 in
2530 2694 2591 2746 de
2632 2692 2881 2748 Custodia
2926 2709 2943 2747 :
2981 2690 3105 2747 εἶτα
3144 2692 3450 2757 βιάζεσθαι

1885 2786 2001 2853 χρὴ
2031 2784 2120 2838 ἀεὶ
2140 2787 2226 2851 εἱς
2252 2784 2374 2839 πᾶν
2398 2785 2645 2854 ἀγαθὸν,
2688 2786 2785 2837 καὶ
2816 2787 2901 2850 εὶς
2927 2784 3127 2849 πάσας
3151 2786 3256 2849 τὰς
3288 2786 3452 2837 ἐντο..

1884 2874 1997 2939 λὰς
2036 2874 2139 2927 τοῦ
2178 2874 2415 2940 Κυρίου,
2453 2874 2569 2926 κᾶν
2604 2873 2690 2941 μὴ
2735 2875 3032 2941 θελούσης
3057 2872 3167 2939 τῆς
3206 2873 3454 2941 καρδίας

1885 2962 1980 3016 διὰ
2026 2963 2140 3031 τὴν
2196 2966 2513 3019 συνοῦσαν
2557 2965 2709 3033 αὐτῇ
2761 2967 3072 3035 ἁμαρτίαν.
3114 2967 3174 3020 In
3223 2966 3453 3023 Homili:

1886 3054 2155 3108 omittitur
2200 3056 2306 3118 ἀεὶ,
2356 3072 2459 3110 nec
2496 3056 2552 3109 id
2598 3058 2773 3122 male;
2829 3057 3051 3111 additur
3097 3071 3230 3111 vero
3277 3059 3455 3124 ἔργον

1888 3141 2108 3211 ἀγαθόν,
2134 3147 2265 3200 item
2309 3161 2421 3202 non
2448 3147 2623 3213 male;
2657 3148 2929 3201 omittitur
2959 3147 3087 3201 item
3122 3147 3223 3200 κᾶν
3258 3148 3331 3219 μὴ
3362 3147 3451 3199 θε-

1887 3235 2082 3305 λούσης
2128 3238 2227 3307 τῆς
2256 3237 2501 3307 καρδίας,
2538 3252 2648 3291 non
2703 3238 2862 3293 bene.
2906 3238 2966 3292 In
2994 3236 3268 3307 Opusculo
3307 3237 3453 3290 enim

1886 3328 1949 3379 de
1982 3327 2244 3380 Libertate
2273 3330 2460 3381 mentis
2509 3343 2627 3399 cap.
2666 3330 2733 3384 15
2763 3330 2819 3385 id
2864 3328 3105 3395 additur,
3139 3328 3288 3399 quod
3326 3343 3455 3382 mox

1886 3419 2136 3486 pluribus
2162 3419 2493 3473 videbimus.

1956 3507 2013 3561 ln
2042 3507 2315 3576 Opusculo
2354 3510 2531 3578 primo
2566 3509 2639 3563 ita
2668 3510 2917 3579 procedit
2951 3526 2964 3562 :
2998 3515 3126 3562 οἱον
3146 3507 3452 3572 ,βιάζεσθαι

1884 3598 2101 3655 ἑαυτὸν
2142 3601 2229 3664 είς
2266 3600 2331 3652 τὸ
2386 3600 2874 3669 ταπεινοφρονεῒν
2912 3598 3168 3653 ἐνώπιον
3213 3597 3452 3651 πάντων

1883 3689 2225 3757 ἀνθρώπων,
2264 3690 2364 3745 καὶ
2398 3692 2620 3748 ἑαυτὸν
2667 3692 2909 3745 πάντων
2957 3690 3181 3745 ἐλάττω
3208 3689 3304 3743 και
3329 3690 3449 3759 χεί-

1876 3798 2030 3849 ρονα
2068 3781 2359 3849 ἡγεῖσθαι,
2383 3783 2467 3851 μὴ
2500 3782 2683 3851 ζητῶν
2718 3782 2898 3852 τιμὴν
2922 3782 2960 3850 ἢ
2991 3784 3239 3836 ἔπαινον
3269 3781 3308 3849 ἣ
3351 3781 3450 3834 δό-

1883 3873 1997 3936 ξαν
2024 3873 2181 3940 παρά
2212 3890 2394 3937 τινος,
2440 3873 2635 3938 καθὼς
2661 3874 2730 3926 ἐν
2759 3872 2838 3937 τῷ
2862 3875 2904 3924 Ε
2909 3873 3201 3942 ὐαγγελίῳ
3247 3871 3452 3941 γέγρα-

1883 3978 2040 4017 πται.
2082 3965 2137 4017 In
2177 3965 2410 4018 Homilia
2445 3982 2543 4035 pro
2586 3965 2866 4034 βιάζεσθαι
2895 3973 2978 4021 est
3024 3963 3311 4033 βιαζέσθω,
3339 3979 3449 4017 non

1881 4057 2041 4119 male,
2086 4056 2229 4123 quod
2266 4057 2625 4124 imperativus
2656 4073 2816 4126 saepe
2850 4057 3121 4128 sequitur,
3150 4064 3207 4111 et
3245 4055 3450 4125 ubique

1880 4144 2019 4199 forte
2048 4145 2390 4213 reponendus
2420 4145 2510 4199 sit.
2546 4147 2681 4199 Nam
2716 4145 2962 4215 sequitur
2991 4162 3003 4196 :
3042 4146 3115 4215 μὴ
3156 4144 3334 4213 ζητῶν
3366 4162 3450 4197 τι-

1884 4234 1989 4304 μὴν
2043 4244 2173 4297 cet.,
2221 4235 2366 4303 quod
2418 4251 2527 4289 non
2576 4245 2723 4289 stare
2772 4243 2952 4304 potest
2997 4250 3121 4288 cum
3170 4235 3450 4303 βιάζεσθαι

1883 4322 2054 4396 [χρή1,
2102 4324 2196 4377 sed
2238 4340 2393 4377 casus
2432 4333 2663 4392 quartus
2707 4340 2827 4378 esse
2888 4325 3140 4379 debebat.
3195 4324 3445 4387 Omissis,

1879 4430 2017 4483 quae
2046 4430 2155 4469 non
2190 4416 2423 4468 multum
2455 4416 2739 4478 differunt,
2762 4431 2861 4485 pro
2890 4417 3040 4484 παρά
3082 4432 3226 4476 τινος
3253 4424 3338 4469 est
3359 4416 3446 4469 δό-

206 4510 270 4565 ln
304 4510 539 4563 Homilia
558 4510 894 4578 aliquantum
919 4511 1077 4564 aliter
1106 4530 1118 4564 :
1148 4514 1240 4565 καὶ
1262 4516 1339 4575 εἰς
1370 4514 1464 4584 τὴν
1492 4516 1652 4585 εὐχὴν
1672 4516 1774 4584 χρὴ
1808 4522 1850 4575 Ι)
1879 4508 1894 4572 ξ

1756 4535 1774 4584 τί
1808 4522 1850 4575 ι)
1879 4508 1976 4572 ξαν
1999 4504 2322 4575 ἀνθρώπων
2341 4509 2491 4577 παρά
2512 4506 2832 4574 τινος,ᾳοοᾱ
2857 4513 3042 4575 putem
3064 4504 3444 4560 invertendum

206 4602 374 4657 αὐτὸν
406 4600 554 4671 [Pag.
593 4600 680 4671 15]
708 4601 938 4653 πάντοτε
987 4608 1434 4674 προσκαρτερεῖν,
1462 4613 1518 4659 et
1550 4606 1623 4659 ita
1656 4606 1778 4675 qui-

208 4694 337 4746 dem
376 4701 557 4757 recte;
587 4708 712 4745 nam
747 4693 850 4764 χρὴ
875 4702 970 4749 aut
1000 4695 1435 4763 exprimendum,
1477 4697 1621 4765 quod
1664 4713 1780 4750 ma-

205 4785 330 4848 lim,
357 4792 452 4837 aut
492 4785 1032 4854 subintelligendum.
1068 4787 1173 4840 Sed
1212 4802 1377 4855 porro
1407 4788 1480 4841 ita
1512 4788 1645 4857 legit
1681 4806 1692 4840 :
1725 4790 1781 4840 ἐν

207 4876 395 4927 πίστει
419 4875 744 4944 προσδοκίας
762 4875 853 4927 τοῦ
878 4876 1081 4946 Κυρίου
1107 4878 1204 4947 τὴν
1227 4879 1510 4948 ἐπίσκεψιν
1535 4881 1625 4931 καὶ¹
1652 4880 1779 4949 βοὴ-

208 4968 367 5017 θιιαν
415 4964 582 5017 αὑτοῦ
620 4966 849 5017 πάντοτε
896 4967 1267 5037 ἐκδεχόμενον,
1310 4970 1402 5023 τὸν
1447 4970 1643 5022 σκοπὸν
1685 4970 1778 5022 τοῦ

207 5057 333 5118 νοὸς
362 5056 529 5108 αὑτοῦ
552 5057 799 5119 είςτοῦτο
820 5058 1011 5128 ἔχοντα
1040 5060 1127 5113 διὰ
1151 5060 1366 5121 παντός.
1387 5060 1535 5127 Quae
1555 5062 1774 5124 d0cent,

209 5163 501 5217 perperam
546 5150 601 5200 in
656 5148 890 5218 vulgatis
935 5150 1093 5207 istius
1138 5149 1396 5219 Opusculi
1446 5152 1779 5207 editionibus

207 5254 334 5291 esse
373 5238 804 5307 προσδεχόμενος
833 5248 890 5293 et
938 5240 1096 5309 ἔχων,
1126 5256 1248 5294 cum
1289 5244 1557 5297 sermonis
1606 5245 1776 5297 series

208 5328 505 5382 manifesto
540 5329 783 5397 requirat
815 5346 1001 5384 casum
1047 5340 1321 5400 quartum.
1373 5334 1500 5397 ista,
1551 5334 1617 5389 de
1664 5350 1774 5388 non

207 5419 578 5487 desperando,
606 5436 715 5473 non
741 5422 1025 5475 commode
1055 5422 1145 5477 hic
1175 5432 1321 5488 sunt,
1340 5434 1396 5479 et
1419 5426 1473 5478 in
1503 5424 1776 5494 Opusculo

208 5513 272 5563 de
306 5510 565 5564 Libertate
605 5515 789 5566 mentis
823 5529 939 5582 cap.
980 5514 1045 5567 16
1075 5522 1130 5568 et
1159 5516 1223 5569 17
1262 5516 1478 5569 meliori
1516 5518 1777 5587 συναφείᾳ

1875 4598 2028 4664 δόξαν
2051 4599 2200 4669 παρά
2228 4616 2369 4662 τινος
2405 4597 2729 4668 ἀνθρώπων.

1948 4691 2006 4743 In
2036 4689 2310 4759 Opusculo
2344 4704 2506 4760 porro
2533 4697 2617 4742 est
2643 4706 2655 4740 :
2699 4688 2857 4741 ἀλλὰ
2880 4690 3071 4757 μόνον
3102 4687 3205 4739 τὸν
3232 4686 3447 4753 Κύριον

1876 4782 1963 4834 ἀεὶ
1993 4783 2104 4849 πρὸ
2136 4783 2455 4851 ὀφθαλμῶν
2478 4782 2661 4849 ἔχειν,
2688 4780 2784 4833 καὶ
2812 4781 2919 4844 τὰς
2947 4779 3198 4841 ἐντολὰς
3235 4774 3444 4843 αὑτοῦ,

1876 4873 2037 4938 αὐτῷ
2074 4876 2240 4944 μόνῳ
2265 4874 2641 4940 βουλόμενος
2684 4871 2913 4939 ἀρέσαι.
2957 4871 3014 4923 ln
3064 4867 3296 4922 Homilia
3346 4882 3445 4935 pro

1877 4962 2019 5030 ἔχειν
2076 4972 2159 5016 est
2208 4962 2366 5031 ἔχων,
2429 4961 2591 5030 idque
2646 4969 2814 5015 recte.
2868 4957 3241 5027 Supplendum
3295 4954 3446 5009 enim

1878 5055 2144 5125 βιαζέσθω
2168 5066 2269 5110 cet.
2299 5056 2453 5124 ἔχων.
2488 5054 2691 5109 Cetera
2721 5068 2912 5123 parum
2940 5051 3160 5104 distant.

1949 5148 2022 5199 De
2064 5146 2313 5199 Custodia
2362 5160 2527 5214 porro
2571 5148 2700 5209 εεὶς
2747 5144 2860 5209 τὴν
2898 5142 3198 5209 πραότητα
3231 5138 3443 5208 ὁμοίως

1874 5238 2091 5291 ἑαυτὸν
2125 5236 2399 5303 βιαζὲτω,
2446 5238 2543 5290 καὶ
2572 5238 2655 5306 μὴ
2691 5237 2986 5301 θελούσης
3022 5232 3133 5301 τῆς
3171 5230 3439 5313 καρδίας.

1874 5330 1953 5395 ὥς
1982 5346 2172 5397 φησιν
2202 5333 2233 5383 ό
2260 5331 2471 5395 Κύριος
2493 5347 2505 5359 ·
2533 5329 2747 5397 μάθετε
2773 5328 2875 5380 ἀπ’
2898 5325 3040 5393 ἐμοῦ
3067 5331 3170 5380 cet.
3208 5322 3440 5377 Homilia

1872 5425 2023 5478 addit
2069 5426 2147 5486 εἰς
2214 5425 2310 5493 τὴν
2352 5425 2631 5494 πραότητα
2671 5422 2782 5489 τῆς
2827 5422 3090 5488 καρδίας,
3133 5426 3188 5472 et
3239 5416 3442 5470 omittit

1878 5514 2127 5587 βιαξέτω,
2173 5515 2319 5585 quod
2359 5532 2388 5569 a
2442 5516 2733 5584 glossatore
2785 5522 2917 5583 puto
2954 5528 3019 5566 ex
3065 5509 3440 5581 superioribus

1700 5649 1947 5704 NOTAE.

281 5736 368 5811 (ait
414 5736 501 5811 S_i_c
540 5736 845 5811 senilerus;
899 5738 1056 5811 lege“:
1102 5740 1241 5796 llaec
1294 5742 1547 5811 periodus
1588 5742 1755 5810 prima

204 5810 395 5877 capitis
429 5807 492 5860 15
523 5808 680 5875 primi
720 5807 983 5877 Opusculi.
1011 5808 1153 5863 linit.

1940 5742 2010 5812 (ἕν)
2042 5745 2221 5804 Οοττ..
2247 5745 2521 5799 Scmlcrus
2554 5744 2714 5799 habet
2758 5762 2767 5795 :
2803 5759 2898 5811 pro
2934 5742 3036 5795 τοῦ
3075 5738 3206 5793 Θεοῦ
3236 5736 3436 5807 legitur

1870 5814 2145 5880 Χριστοῦ.
2180 5815 2252 5868 Ιυ.
