4274 6358
767 350 871 410 ΩἩ

2036 346 2127 403 JO.
2168 345 2313 401 SAL.
2357 344 2717 402 SEMLERUS

3893 339 4001 397 972

760 468 1055 539 repetitum
1077 482 1214 529 esse.
1240 466 1373 523 Nam
1394 464 1633 521 abfuisse
1655 463 1815 519 docet
1849 463 1922 527 id,
1946 462 2091 532 quod
2111 478 2220 515 non
2246 462 2327 515 in-
2354 471 2400 525 Α
2426 479 2448 517 ε

2313 492 2327 502 -
2354 471 2400 525 Α
2426 463 2672 533 ejusdem
2721 462 2981 532 Opusculi
3017 478 3033 513 :
3072 459 3502 527 προσδοκῶντα
3546 458 3643 511 διὰ
3673 454 3903 522 παντὸς
3931 456 4001 509 ἐν

763 559 993 616 tercedit
1015 560 1226 630 signum
1248 557 1626 619 connexionis,
1649 555 1744 609 sed
1761 563 2036 625 tamquam
2060 561 2329 623 perpetuo

762 650 911 724 [Pag.
939 649 1028 721 l7]
1053 664 1301 704 sermone
1328 650 1575 720 junctum
1606 656 1708 701 est.

828 740 889 793 In
921 738 1165 795 Custodia
1187 754 1350 808 porro
1375 756 1388 791 :
1415 738 1627 807 ὁμοίως
1652 739 1737 802 εις
1753 736 1816 789 τὸ
1840 730 1993 789 εἶναι
2010 734 2329 802 ἐλεήμονα,

761 829 1049 897 χρηστὸν.
1092 831 1541 898 εὕσπλαγχνον,
1591 828 1834 896 ἀγαθὸν,
1884 826 1998 893 ὅση
2046 826 2328 894 δύναμις,

762 918 978 973 ἑαυτὸν
1009 917 1217 979 ἐθίζειν
1259 919 1410 987 μετὰ
1444 918 1613 984 βίας,
1665 916 1744 983 ὦς
1776 932 1966 985 φησιν
2014 918 2046 968 ὀ
2080 916 2325 982 Κύριος·

760 1012 1002 1078 γίνεσθε
1032 1019 1140 1066 cet.
1182 1011 1243 1066 In
1276 1011 1511 1066 Homilia
1543 1026 1643 1080 pro
1679 1008 1948 1063 inﬁnitivo
1979 1007 2175 1061 melius
2215 1005 2328 1059 ἐθι-

763 1102 924 1169 ζέτω,
955 1103 1157 1157 omisso
1192 1102 1329 1174 μετὰ
1364 1103 1502 1173 βίας,
1539 1101 1682 1171 quod
1712 1100 1934 1155 nollem.

834 1192 983 1259 Quae
1014 1210 1179 1265 porro
1223 1201 1550 1263 sequuntur,
1598 1208 1708 1246 non
1768 1192 1999 1245 multum
2046 1188 2328 1254 differunt,

762 1285 868 1339 nisi
896 1285 1041 1355 quod
1093 1286 1149 1339 in
1193 1285 1425 1339 Homilia
1463 1300 1563 1353 pro
1595 1284 1813 1353 vulgato
1858 1282 2038 1351 legere
2088 1280 2327 1335 vellem:

763 1374 951 1445 ὣσπερ
992 1376 1352 1446 ὑπογραμμὸν
1390 1375 1504 1443 πρὸ
1533 1371 1852 1443 ὀφθαλμῶν
1877 1372 2059 1441 ἐχέτω
2088 1373 2146 1423 ὲν
2182 1372 2332 1441 πάσῃ

767 1465 956 1534 μνήμῃ
1000 1464 1183 1517 αὑτοῦ
1230 1463 1612 1533 ἁληθαργήτῳ,
1644 1462 1771 1530 quia
1814 1460 1972 1514 aliter
2002 1460 2104 1514 ista
2143 1458 2332 1513 ultima

763 1568 874 1606 non
923 1552 1063 1607 bene
1114 1554 1487 1617 cohaererent,
1546 1560 1601 1607 et
1645 1567 1699 1621 p.
1742 1551 1813 1605 25
1877 1552 1933 1605 in
1961 1549 2235 1620 Opusculo
2271 1550 2334 1601 de

764 1640 1013 1704 Custodia
1048 1642 1184 1697 haec
1221 1642 1334 1697 fere
1372 1649 1698 1711 repetuntur
1731 1660 1743 1695 :
1778 1642 1897 1693 τότε
1930 1639 2149 1710 θεωρῶν
2170 1640 2198 1691 ό
2222 1640 2333 1691 Κύ-

766 1749 897 1804 ριος.
927 1774 939 1786 .
973 1773 985 1787 .
1023 1775 1036 1787 .
1065 1732 1181 1796 πῶς
1208 1731 1379 1802 βιάζει
1413 1733 1601 1787 ἑαυτὸν
1624 1732 1849 1785 πάντοτε
1880 1732 1958 1792 εἰς
1990 1731 2089 1801 τὴν
2115 1731 2332 1801 μνήμην

2430 553 2629 606 πίστει
2659 551 2996 615 ἀδιατὰκτφ
3024 548 3090 602 τί)
3119 550 3290 616 ἔλεος
3319 548 3526 611 αὐτοῦ,
3563 548 3659 601 καὶ
3688 545 3999 611 ,βιάζεσθαι

2430 642 2644 694 ἑαυτὸν
2674 643 2762 706 εἷς
2806 640 2870 693 τὸ
2911 640 3221 704 οικτείρειν
3257 645 3388 703 εει.,
3417 652 3518 707 pro
3546 652 3657 707 quo
3691 634 3910 693 auctius
3943 636 3998 691 in

2431 730 2693 802 Homilia,
2722 731 3101 801 προσδοκῶντα
3129 728 3217 781 διὰ
3246 728 3447 791 παντὸς
3476 729 3533 780 ὲν
3564 728 3744 780 πίστει
3773 724 3998 781 ἅδιστά-

2430 840 2544 892 κτῳ
2584 822 2643 875 τὸ
2674 823 2818 885 ἔλεος
2850 821 3038 887 absab,
3088 822 3185 874 καὶ
3235 819 3516 889 βιάζεσθαι
3555 819 3743 872 ἑαυτὸν
3789 820 3871 881 εἰς
3900 819 4000 888 τὴν

2430 914 2668 985 ἀγάπην,
2712 914 2785 983 μὴ
2840 914 3031 984 ἔχοντα
3084 912 3336 982 ἀγάπην
3398 911 3677 981 βιάζεσθαι
3741 922 3881 978 cet.;
3942 920 3998 966 et

2430 1006 2635 1061 rectius
2662 1005 2884 1075 quidem
2923 1005 3018 1069 ita,
3056 1004 3202 1076 quod
3246 1004 3409 1060 docet
3451 1003 3785 1074 Opusculum
3820 1004 3883 1057 de
3912 1004 4001 1059 Li-

2430 1094 2630 1150 bertate
2672 1111 2721 1151 c.
2782 1096 2893 1151 18:
2936 1098 3072 1167 πρὸς
3112 1097 3351 1166 ἀγάπην,
3396 1096 3471 1165 μὴ
3505 1095 3726 1165 ἔχοντας
3755 1096 3997 1166 ἀγάπην.

2428 1187 2547 1243 Jam
2579 1190 2847 1257 scriptura
2876 1188 2931 1242 in
2962 1187 3193 1242 Homilia
3216 1196 3273 1241 et
3303 1185 3579 1257 Opusculo
3616 1187 3712 1241 Ιωο
3746 1187 3999 1256 aliquan-

2431 1281 2607 1333 tulum
2637 1278 2839 1343 diﬂ‘ert,
2873 1278 3016 1333 unde
3069 1278 3201 1348 quid
3230 1285 3556 1342 statuamus,
3609 1294 3676 1332 ex
3720 1280 3996 1349 scriptura

2431 1369 2690 1440 Opusculi
2729 1369 2791 1424 de
2830 1369 3093 1424 Libertate
3138 1384 3491 1439 exponemus.
3526 1368 3674 1435 Quae
3704 1370 3828 1425 talis
3864 1379 3949 1425 est
3984 1390 3997 1424 ;

2434 1460 2765 1533 [συνωθεῖν]
2810 1462 2945 1531 πρὸς
2986 1460 3048 1513 τὸ
3102 1459 3391 1530 ἀνέχεσθαι
3440 1461 3662 1531 ἀτιμίας
3716 1463 3812 1514 καὶ
3858 1479 4001 1532 mp-

2432 1553 2671 1622 οράσεως
2715 1552 2810 1604 καὶ
2845 1553 2955 1611 τοῖς
2987 1550 3455 1620 ἐξουθενουμένοις
3485 1552 3864 1620 ἐγκαρτερεῖν,
3902 1566 4002 1619 pro

2432 1660 2541 1714 quo
2585 1645 2703 1715 lege
2756 1658 2885 1699 casu
2939 1651 3135 1713 quarto
3185 1645 3309 1705 τοὺς
3361 1642 3840 1712 ὲξουθενουμένους
3880 1645 3996 1699 scil.

2431 1734 2597 1803 ἡμᾶς,
2630 1733 2667 1785 i.
2711 1747 2761 1786 ε.
2803 1741 2865 1785 ιιι
2909 1730 2963 1785 in
3010 1731 3245 1785 Homilia
3276 1738 3452 1786 exstat
3480 1749 3493 1784 :
3519 1733 3597 1795 εἰς
3630 1732 3711 1786 τὸ.
3750 1774 3761 1784 .
3802 1772 3817 1785 .
3851 1732 4002 1796 ἐξου-

762 1823 926 1876 αὑτοῦ
958 1831 1101 1889 cet.;
1141 1824 1272 1878 hinc
1316 1824 1559 1878 additum
1603 1823 1797 1878 vellem
1842 1821 2028 1886 αὑτοῦ,
2059 1820 2177 1875 scil.
2235 1820 2329 1873 τοῦ
2362 1810 2402 1863 Β
2431 1822 2450 1875 Ε

2235 1820 2329 1873 τοῦ
2362 1810 2402 1863 Β
2431 1821 2802 1892 θενούμενονῆ
2846 1821 3248 1893 ἀτιμαζόμενον
3280 1821 3357 1894 μὴ
3411 1822 3740 1890 ἀγανακτεῖν
3766 1819 3874 1876 cet.

854 1932 1021 1969 ιστου.

854 1932 1021 1969 ιστου.

762 1916 893 2058 KPIn
925 2005 987 2057 de
1009 2004 1256 2060 Custodia
1283 2022 1336 2075 p.
1366 2006 1435 2059 24
1483 2006 1733 2075 sequitur
1767 2024 1779 2059 ;
1811 2005 1910 2058 καὶ
1933 2006 2047 2073 ὅση
2078 2007 2330 2075 δύναμις

2500 1913 2760 1983 Sequitur
2796 1927 2962 1981 porro
3010 1912 3067 1965 in
3096 1911 3159 1965 de
3210 1910 3460 1966 Luatodia
3508 1929 3526 1966 :
3576 1912 3891 1977 ,ϐιάζεσθαί
3938 1931 4002 1966 τε

2429 2008 2645 2060 ἑαυτὸν
2672 2008 2757 2069 εἰς
2782 2004 2895 2071 τὴν
2915 2003 3128 2071 εὐχὴν,
3153 2003 3332 2072 μήπω
3359 2004 3578 2070 ἔχοντα
3602 2005 3798 2072 εὐχὴν
3822 2007 4001 2057 πνεύ-

766 2096 1050 2160 βιαζέσθω
1086 2096 1213 2161 ταῖς
1241 2098 1447 2166 εὐχαῖς
1472 2096 1953 2166 προσκαρτερεῖν,
1979 2097 2075 2150 διὰ
2104 2098 2331 2164 παντὸς
2424 2113 2454 2163 ,ιι

2313 2118 2331 2164 ς
2424 2111 2629 2163 ματος.
2668 2092 2907 2147 Homilia
2942 2106 3137 2161 parum
3176 2091 3379 2155 differt,
3420 2100 3476 2145 et
3507 2093 3845 2163 corrigemus
3874 2095 4001 2150 hinc

762 2186 1042 2256 δεόμενος
1066 2187 1163 2240 καὶ
1195 2189 1513 2242 πιστεύων.
1547 2187 1605 2241 In
1647 2187 1882 2243 Homilia
1909 2188 2177 2243 omittitur
2209 2190 2328 2259 βια-

764 2279 939 2344 ζέσθω
961 2287 1016 2334 ει
1043 2279 1305 2335 scribitur
1345 2280 1840 2350 προσκαρτερεξτω.

836 2369 1097 2441 Sequitur
1141 2386 1308 2442 porro
1350 2371 1573 2435 ibidem,
1604 2372 1822 2425 omissis
1864 2387 2004 2441 quae
2044 2372 2181 2427 nihil
2218 2371 2332 2428 fere

764 2470 979 2518 mutant
1010 2479 1024 2515 :
1056 2462 1153 2515 καὶ
1184 2463 1369 2528 οὕτως
1400 2462 1440 2515 ἅ
1482 2462 1597 2515 νῦν
1618 2462 1766 2530 μετὰ
1800 2462 1944 2528 βίας
1985 2464 2083 2517 καὶ
2128 2463 2213 2532 μὴ
2244 2468 2334 2518 θε-

764 2556 999 2620 λούσης
1046 2552 1158 2621 τῆς
1196 2551 1444 2619 καρδίας
1493 2552 1668 2615 ποιεῖ,
1722 2552 1929 2611 ἐθίζειν
1971 2552 2188 2606 ἑαυτὸν
2238 2553 2336 2608 διὰ

764 2646 992 2711 παντὸς
1030 2647 1117 2710 εις
1148 2646 1211 2697 τὸ
1241 2644 1483 2713 ἀγαθὸν,
1534 2643 1634 2695 καὶ
1662 2642 1766 2696 τοῦ
1804 2643 2025 2711 Κυρίου
2067 2645 2159 2698 ἀεὶ
2186 2663 2337 2714 μνη-

759 2737 1064 2813 μονεύειν,
1102 2736 1199 2789 καὶ
1256 2732 1605 2803 προσδοκᾷν
1640 2734 1827 2788 αὐτὸν
1867 2733 1965 2787 διὰ
2004 2737 2231 2802 παντὸς
2267 2738 2337 2790 ἐν

766 2825 971 2897 πολλῇ
995 2827 1316 2896 ἀγαθότητι
1356 2825 1455 2878 καὶ
1487 2824 1713 2894 ἀγάπῃ.
1748 2826 1810 2880 In
1847 2824 2081 2881 Homilia
2113 2843 2214 2896 pro
2262 2829 2336 2898 μὴ

768 2916 1027 2987 θελούσης
1060 2924 1165 2971 εει.
1197 2926 1281 2970 est
1309 2917 1547 2985 ἀκούσης
1582 2917 1682 2985 τῆς
1720 2918 1944 2988 καρδίας
1984 2921 2149 2980 ποιεῖ,
2185 2919 2338 2971 ἐκου-

769 3009 900 3071 σιως
926 3006 1003 3079 (a)
1026 3007 1219 3078 πράξει
1240 3007 1385 3071 ποτέ,
1411 3005 1634 3070 Ἐθίξων
1655 3015 1783 3073 cet.,
1806 3007 1996 3070 ἐθίζων
2016 3024 2232 3077 quoque
2257 3009 2336 3063 le-

766 3098 1003 3169 gendum
1047 3104 1131 3151 est
1166 3097 1222 3150 in
1253 3095 1545 3165 Opusculo.
1583 3096 1721 3150 Nam
1752 3095 1950 3161 ὲθίζειν
1984 3113 2094 3151 non
2134 3099 2329 3167 placet,

768 3187 915 3258 quod
944 3188 1156 3242 librarii
1179 3188 1253 3241 ita
1274 3187 1543 3252 fecerunt,
1573 3194 1636 3240 ut
1662 3188 1944 3242 videretur
1974 3189 2331 3253 constructio,

767 3295 909 3349 quae
936 3288 1118 3334 tamen
1138 3280 1286 3334 nulla
1309 3287 1409 3332 est.
1434 3280 1648 3334 Mallem
1676 3287 1857 3333 tamen
1884 3288 2129 3334 ceterum
2154 3280 2335 3349 legere

768 3371 1042 3434 ἀκουσίως
1085 3373 1178 3423 καὶ
1207 3370 1284 3441 μὴ
1327 3370 1586 3440 θελούσης
1607 3371 1704 3440 τῆς
1730 3369 1973 3440 καρδίας,
2006 3372 2132 3441 quia
2158 3371 2339 3439 sequi-

770 3470 861 3518 tur
882 3461 1142 3523 ἑκουσίως
1168 3479 1181 3513 :
1210 3469 1267 3514 et
1291 3466 1439 3513 certe
1471 3459 1546 3512 ita
1576 3460 1740 3513 credo
1769 3459 1957 3513 fuisse.

840 3552 1013 3607 Porro
1061 3550 1117 3604 in
1148 3548 1423 3619 Opusculo
1450 3548 1643 3602 eodem
1670 3580 1739 3588 —
1772 3550 1963 3602 omitto
2000 3566 2107 3604 non
2142 3566 2335 3621 pauca,

769 3642 901 3712 quia
960 3642 1065 3696 hoc
1113 3642 1391 3711 specimen
1447 3641 1611 3695 breve
1646 3655 1764 3694 esse
1816 3640 1979 3694 debet
2009 3672 2078 3680 —
2116 3658 2169 3711 p.
2226 3643 2335 3697 26:

769 3733 869 3789 ὅτε
928 3732 1291 3800 καρποφορεῖ
1328 3731 1627 3800 καθαρῶς,
1691 3747 1788 3800 pro
1823 3746 1932 3801 quo
1986 3747 2053 3785 ex
2105 3732 2339 3788 Homilia

769 3839 825 3895 p.
854 3822 958 3877 290
990 3822 1341 3876 scribendum
1370 3824 1501 3875 τότε
1532 3825 1874 3891 καρποφορεῖ
1920 3822 2196 3892 καθαρῶς.
2227 3822 2337 3876 lbi-

770 3914 895 3969 dem
931 3931 945 3967 :
970 3913 1086 3983 χρὴ
1119 3914 1185 3967 δὲ
1209 3915 1512 3981 πρότερον.
1553 3954 1566 3966 .
1600 3955 1611 3968 .
1647 3914 1831 3977 οὕτως
1853 3912 2078 3976 βιάζειν
2106 3915 2201 3968 καὶ
2230 3917 2337 3967 αὐ-

770 4008 898 4069 τόν,
920 4022 1020 4076 pro
1041 4022 1149 4075 quo
1179 4006 1234 4059 in
1266 4006 1497 4060 Homilia
1525 4005 1550 4075 §
1572 4007 1604 4059 5
1628 4006 1903 4073 βιάζεσθαι
1927 4006 2116 4060 ἑαυτὸν
2139 4016 2335 4062 exstat.

770 4095 840 4150 Et
879 4094 1027 4167 [Pag.
1070 4094 1159 4167 48]
1210 4094 1263 4148 id
1303 4095 1499 4165 placet,
1559 4094 1685 4163 quia
1730 4094 2002 4149 divulsum
2058 4095 2340 4165 βιάζεσθαι

770 4188 1048 4257 peperisse
1084 4186 1300 4240 videtur
1331 4186 1723 4241 diversitatem.
1759 4186 1876 4240 Jam
1908 4202 2040 4241 vero
2072 4188 2208 4241 haec
2234 4188 2340 4258 χρὴ

771 4282 1037 4347 πρότερον
1090 4286 1196 4331 cet.
1240 4276 1462 4329 tertium
1506 4285 1803 4329 occurrunt
1854 4276 1908 4331 in
1965 4276 2239 4345 Opusculo
2278 4278 2342 4330 de

772 4369 1034 4423 Libertate
1061 4368 1245 4421 mentis
1270 4384 1388 4437 cap.
1421 4368 1505 4420 18.
1538 4368 1617 4422 lbi
1666 4368 1811 4421 enim
1850 4367 2032 4421 omnia
2079 4368 2148 4422 ab
2182 4368 2339 4424 initio

772 4460 1107 4515 conveniunt
1128 4475 1253 4513 cum
1285 4459 1549 4514 Homiliae
1583 4460 1873 4529 scriptura,
1903 4460 2005 4514 nisi
2023 4461 2169 4529 quod
2204 4462 2337 4516 haec
2369 4481 2413 4535 υ

773 4553 972 4606 melius
1032 4552 1197 4605 habet
1260 4550 1644 4620 προσελθόντα.
1711 4550 1859 4615 Quae
1914 4558 2217 4619 sequuntur
2282 4552 2337 4604 in

774 4640 965 4695 eodem
995 4640 1058 4692 de
1089 4640 1350 4693 Libertate
1364 4638 1636 4708 Opusculo
1669 4658 1685 4692 :
1721 4639 1913 4710 βιαστὴ
1945 4641 2075 4709 γὰρ,
2117 4641 2281 4709 φησὶν
2311 4643 2338 4693 ὁ

774 4738 903 4792 εει.,
936 4738 1083 4787 recte
1112 4728 1260 4783 hunc
1286 4728 1469 4782 locum
1504 4735 1803 4797 occupant;
1856 4727 1913 4780 in
1944 4727 2179 4780 Homilia
2207 4742 2338 4780 vero

773 4830 829 4875 et
862 4820 1137 4891 Opusculo
1181 4821 1203 4874 l
1239 4834 1347 4875 non
1378 4818 1583 4890 optimo
1608 4818 1732 4872 loco
1785 4825 2019 4872 exstant.
2068 4816 2337 4887 Corrupta

774 4926 904 4964 vero
943 4919 1096 4972 sunt,
1128 4924 1267 4977 quae
1302 4924 1426 4961 mox
1460 4908 1514 4961 in
1554 4905 1828 4977 Opusculo
1861 4907 1923 4959 de
1949 4905 2207 4959 Libertate
2256 4922 2339 4960 se-

774 5010 1036 5071 quuntur.
1086 5000 1257 5071 Vulgo
1288 4999 1433 5053 enim
1476 4999 1551 5055 ita
1581 5008 1744 5053 sunt:
1787 4998 2145 5065 ἀγωνίζεσθαι
2179 4998 2338 5051 πάλιν

774 5094 935 5145 αὑτὸν
965 5093 1221 5145 εἰσελθεῖν
1264 5092 1351 5144 διὰ
1382 5093 1480 5162 τῆς
1511 5094 1702 5161 στενῆς
1731 5091 1919 5161 θύρας,
1955 5105 2093 5158 quae
2127 5096 2183 5142 et
2212 5090 2337 5145 lati-

774 5200 906 5237 num
939 5184 1293 5252 interpretem
1338 5183 1692 5253 deceperunt.
1724 5183 1888 5239 Certo
1939 5190 2122 5237 autem
2153 5182 2338 5252 legen-

776 5274 905 5327 dum
932 5271 1047 5329 esti
1074 5274 1166 5326 καὶ
1198 5275 1358 5327 πάλιν
1383 5274 1757 5345 [γέγραπται]
1787 5292 1797 5303 ·
1825 5275 2183 5341 ἀγωνίζεσθαι
2206 5282 2337 5338 cet.,

777 5373 839 5419 ut
875 5365 987 5419 fere
1013 5375 1190 5420 exstat
1222 5366 1277 5419 in
1306 5367 1368 5419 de
1396 5365 1641 5421 Custodia
1675 5382 1726 5434 p.
1758 5366 1844 5419 25.

844 5454 1047 5510 Omitto
1073 5456 1319 5525 judicare
1357 5457 1423 5511 de
1456 5457 1540 5519 iis,
1573 5473 1710 5526 quae
1736 5456 1790 5509 in
1827 5456 2057 5510 llomilia
2088 5465 2141 5507 et
2171 5456 2342 5527 Opus-

778 5545 901 5599 culo
936 5546 956 5600 Ι
996 5545 1279 5616 interjecta
1341 5556 1488 5611 sunt,
1542 5558 1597 5602 et
1643 5562 1808 5617 pergo
1857 5546 1923 5600 ad
1967 5563 2023 5617 p.
2076 5548 2145 5603 9.6
2180 5548 2342 5619 hujus

2431 2185 2579 2258 [Pag.
2609 2182 2699 2255 i9]
2725 2184 2905 2239 locum
2963 2184 3019 2237 in
3064 2184 3127 2237 de
3173 2182 3453 2250 Libertate,
3508 2185 3602 2239 ubi
3655 2186 3729 2241 ita
3777 2196 3997 2242 exstat:

2430 2277 2582 2330 οῠπω
2617 2277 2820 2347 ταύτην
2843 2278 3141 2347 ἐσχηκότας
3168 2276 3266 2344 τὴν
3292 2276 3403 2341 ἕξιν
3435 2278 3571 2349 πρὸς
3606 2280 3790 2349 εὐχὴν,
3836 2280 4005 2348 μήπω

2432 2367 2740 2438 πνεύματος
2785 2368 2948 2439 εὐχὴν
2993 2370 3385 2439 κεκτημένους,
3435 2384 3536 2438 pro
3565 2369 3768 2439 quibus
3812 2369 4001 2441 legen-

2433 2460 2564 2514 dum
2606 2462 2742 2533 πρὸς
2790 2461 2953 2531 εὐχὴν
2998 2461 3151 2531 (scil.
3199 2461 3509 2529 συνωθεῖν),
3568 2463 3735 2533 μήπω
3798 2463 4005 2533 ταύτης

2434 2551 2731 2621 ἐσχηκότας
2762 2550 2858 2622 τὴν
2887 2551 3021 2617 ἕξιν,
3047 2552 3140 2604 καὶ
3169 2554 3332 2623 μήπω
3369 2562 3474 2606 εει.

3118 2641 3145 2713 §
3182 2642 3318 2697 vm.

2506 2732 2613 2786 Sed
2658 2740 2718 2786 ut
2746 2733 2857 2802 jam
2906 2733 3225 2802 perveniam
3271 2732 3340 2786 ad
3388 2732 3463 2796 id,
3515 2734 3675 2803 cujus
3724 2734 3802 2788 rei
3840 2750 4012 2791 causa

2437 2823 2574 2877 haec
2605 2824 2821 2893 scripsi,
2853 2824 3102 2877 omittam
3130 2823 3395 2877 orationis
3439 2824 3496 2877 in
3518 2824 3754 2878 Macario
3786 2826 4009 2890 seriem,

2436 2922 2493 2968 et
2516 2914 2818 2978 ostendam,
2847 2914 3133 2983 probabile
3162 2929 3303 2979 esse,
3339 2914 3473 2968 haec
3500 2915 3683 2968 omnia
3712 2931 3741 2968 a
3772 2916 4011 2971 Macario

2438 3023 2546 3060 non
2578 3007 2779 3076 scripta
2818 3022 2959 3071 esse,
3005 3007 3102 3061 sed
3143 3006 3418 3061 celebrata
3467 3015 3678 3059 tantum
3731 3022 4009 3072 sermone,

2439 3098 2507 3151 ab
2550 3098 2672 3151 aliis
2708 3097 2909 3152 deinde
2941 3098 3072 3151 talia
3116 3099 3575 3168 apophthegmata
3625 3099 3857 3153 subinde
3892 3100 4011 3154 col-

2438 3187 2577 3242 lecta
2608 3195 2665 3241 et
2712 3196 2893 3252 aucta,
2943 3196 2999 3242 et
3052 3188 3271 3243 tandem
3308 3190 3363 3243 in
3402 3190 3537 3243 haec
3583 3205 3751 3259 opera
3800 3191 4013 3260 digesta

2437 3294 2577 3333 esse.
2616 3278 2859 3348 Subjccit
2890 3279 3095 3333 Pritius
3126 3279 3354 3333 editioni
3380 3294 3511 3333 suae
3540 3280 4013 3349 Apophthegmata

2438 3371 2704 3439 quaedam
2753 3371 2995 3435 Macarii,
3030 3386 3261 3439 quorum
3294 3372 3529 3440 primum
3568 3381 3744 3425 exstat
3787 3388 3838 3441 p.
3881 3372 4011 3436 231,

2438 3462 2585 3531 quod
2628 3461 2675 3515 si
2705 3462 2829 3530 quis
2870 3462 3021 3531 legit,
3060 3470 3117 3516 et
3152 3462 3297 3532 leget
3334 3472 3523 3533 postea
3568 3479 3653 3527 ea,
3706 3464 3773 3517 de
3807 3464 4015 3533 quibus

2438 3552 2777 3623 scripsimus,
2809 3551 3051 3606 oﬂ‘endet
3086 3552 3275 3606 eadem
3332 3568 3391 3607 re
3428 3552 3543 3621 ipsa
3579 3552 3795 3608 diversa
3823 3554 4014 3610 verbis

2437 3656 2559 3696 esse
2588 3649 2643 3695 et
2670 3640 2973 3695 sententiis.
3002 3642 3062 3695 ln
3086 3641 3201 3710 ipsa
3220 3650 3399 3695 tamen
3416 3641 3507 3695 illa
3537 3644 3804 3711 scriptura
3823 3644 4013 3698 malim

2439 3748 2539 3804 pro
2574 3732 2670 3785 καὶ
2702 3734 2773 3802 μὴ
2807 3735 3044 3803 μετρεῖν,
3070 3732 3175 3786 τοῦ
3211 3732 3285 3802 μὴ
3319 3742 3449 3798 εει.,
3500 3734 3753 3788 similiter
3788 3750 3890 3805 pro
3918 3737 4017 3788 καὶ

2440 3824 2504 3875 τὸ
2554 3823 2627 3893 μὴ
2670 3825 2872 3893 κρῖναι,
2917 3825 3011 3875 χαι
3038 3824 3145 3877 τοῦ
3176 3825 3250 3894 μὴ
3286 3835 3420 3889 εει.,
3467 3834 3524 3879 ει
3549 3829 3644 3879 καὶ
3672 3826 3777 3879 τοῦ
3810 3827 4017 3894 ὑποφέ-

2443 3932 2575 3984 ρειν,
2606 3924 2662 3969 ει
2688 3917 2780 3968 καὶ
2806 3915 2910 3968 τοῦ
2939 3916 3317 3986 ἀπορρίπτειν,
3345 3924 3401 3971 ει
3432 3917 3664 3986 βιαστῶν
3687 3920 3816 3972 ἐστι
3858 3919 4016 3989 βασι-

2441 4002 2556 4054 λεία
2587 4019 2685 4072 pro
2710 4005 2829 4057 ἐπί.
2861 4004 3016 4069 Quod
3050 4020 3179 4075 ergo
3208 4006 3413 4061 diversi
3462 4008 3695 4063 diversis
3726 4009 3860 4063 locis
3903 4010 4014 4067 ista

2440 4094 2654 4164 egregia
2684 4094 2923 4149 hominis
2975 4096 3118 4149 dicta
3159 4098 3530 4167 collegerunt,
3556 4108 3613 4153 at
3642 4100 3748 4153 alio
3781 4100 3872 4155 alii
3915 4117 4011 4155 or-

2441 4183 2567 4237 diue
2600 4184 2961 4255 digesserunt,
3002 4186 3128 4240 inde
3163 4189 3334 4252 venit,
3370 4189 3515 4258 quod
3563 4191 3699 4245 haec
3735 4190 4013 4260 Opuscula

2441 4284 2566 4329 nata
2594 4286 2741 4339 sunt,
2792 4285 2848 4331 et
2891 4278 3057 4331 multa
3084 4287 3178 4331 aut
3206 4278 3468 4348 pleraque
3497 4281 3681 4335 omnia
3705 4281 3790 4336 bis
3824 4290 3882 4336 et
3925 4291 4013 4337 ter

2441 4372 2753 4417 occurrunt.

3135 4458 3161 4528 §
3198 4460 3287 4513 IX.

2514 4548 2619 4602 Sed
2650 4548 2783 4601 mihi
2812 4550 3035 4601 omnino
3062 4550 3378 4614 videndum,
3409 4568 3476 4606 ne
3505 4552 3720 4607 desinat
3748 4554 3853 4607 hoc
3886 4568 4009 4608 esse

2441 4639 2738 4708 specimen.
2796 4639 3038 4694 Sufﬁciat
3114 4643 3419 4696 ostendisse
3484 4645 3664 4697 omnia
3712 4645 3879 4699 verba
3934 4646 4011 4699 ita

2438 4740 2559 4779 esse
2581 4727 2832 4795 repetita,
2876 4737 2937 4782 ut
2979 4729 3069 4782 vix
3116 4730 3371 4783 diﬂ’erant
3411 4732 3516 4786 levi
3555 4733 3875 4788 traiectione
3912 4743 4007 4789 aut

2438 4817 2648 4887 aliquot
2699 4817 2893 4872 literis.
2929 4818 3183 4874 Ceterum
3217 4821 3486 4890 spondere
3542 4823 3741 4884 ausim,
3780 4838 3869 4877 me
3898 4824 4012 4878 alio

2439 4906 2579 4961 forte
2623 4914 2865 4976 tempore
2918 4919 3286 4973 ostensurum,
3336 4913 3425 4965 vix
3466 4913 3746 4967 minimam
3796 4924 4009 4983 partem

2439 4998 2606 5052 semel
2627 4998 2755 5063 dici,
2784 5000 2878 5053 sed
2902 5001 3081 5054 omnia
3109 5002 3222 5056 fere
3248 5004 3353 5066 bis,
3383 5004 3551 5057 multa
3581 5012 3667 5059 ter
3691 5020 4006 5059 occurrere.

2440 5090 2588 5162 [Pag.
2646 5089 2735 5161 20]
2780 5092 2974 5147 Paucis
3024 5092 3203 5149 adhuc
3255 5096 3536 5164 attingam,
3588 5111 3728 5166 quae
3780 5096 4009 5151 uberius

2441 5183 2570 5236 olim
2628 5184 2949 5253 exponenda
2998 5187 3126 5241 sint.
3168 5188 3431 5252 Primum,
3468 5190 3610 5243 male
3661 5189 3844 5242 omnia
3904 5190 4007 5244 ista

2435 5287 2556 5326 esse
2604 5276 2922 5342 composita,
2964 5286 3044 5341 ut,
3099 5294 3221 5331 cum
3276 5280 3347 5334 sit
3393 5279 3611 5349 aliquod
3671 5278 4005 5349 Opusculum

2439 5364 2499 5416 de
2532 5364 2800 5431 Oratione,
2834 5369 3001 5423 multa
3034 5369 3088 5423 in
3120 5385 3185 5424 eo
3216 5371 3343 5435 sint,
3372 5387 3511 5439 quae
3545 5372 3671 5436 alio,
3708 5380 3763 5425 et
3797 5372 3850 5424 in
3882 5370 4007 5424 aliis

2438 5456 2619 5525 plura,
2664 5474 2802 5527 quae
2848 5474 2915 5513 eo
2945 5461 3310 5530 pertinebant.
3366 5462 3570 5516 Deinde
3609 5462 3899 5532 praecipue
3948 5462 4006 5517 in

2441 5546 2691 5603 Homiliis
2736 5550 2912 5605 oratio
2958 5567 3069 5605 non
3106 5552 3409 5622 interrupta
3464 5551 3640 5607 solum
3683 5552 4004 5623 quaestiun-

2283 5654 2532 5711 NOTAE.

855 5744 930 5816 (α)
970 5746 1149 5813 Corr.,
1181 5745 1461 5802 Semlerus
1486 5746 1731 5812 ἑκούσης.
1769 5744 1912 5801 Enn.
