4274 6358
213 369 328 429 επ.

216 574 605 643 responsiones
643 570 788 627 haud
827 587 954 626 raro
986 572 1226 642 ineptae,
1256 580 1320 626 ut
1359 580 1617 642 appareat
1675 586 1786 626 non

214 680 340 718 esse
378 662 783 734 responsiones,
832 668 890 717 et
924 677 1035 716 non
1078 678 1237 733 posse
1273 677 1303 716 a
1340 662 1520 731 primo
1564 669 1788 717 auctore

216 764 376 810 natas
396 769 538 809 esse.
561 754 699 809 Nolo
726 755 915 809 multis
934 754 1023 809 his
1043 754 1344 809 immorari.
1377 754 1565 825 Legat,
1588 754 1635 809 si
1664 753 1789 823 quis

215 847 387 909 volet,
411 860 551 914 quae
577 853 704 899 sunt
732 844 792 898 in
826 845 1060 899 Homilia
1084 861 1176 900 vtn
1205 846 1260 899 in
1286 847 1391 899 tine
1419 844 1447 916 §
1475 846 1529 910 4,
1551 854 1607 901 et
1627 844 1792 900 addat

217 935 558 1007 Opusculum
596 937 659 990 de
703 934 974 990 Charitate
997 951 1116 1005 cap.
1166 933 1233 988 10
1280 942 1544 991 extremo.
1593 934 1793 1005 Jungat

220 1043 390 1098 porro
412 1027 571 1081 istius
596 1026 863 1081 Homiliae
885 1025 912 1096 §
936 1027 970 1081 5
994 1035 1049 1081 et
1071 1027 1219 1081 illius
1247 1026 1506 1096 Opusculi
1555 1041 1675 1095 cap.
1702 1025 1790 1089 12,

221 1120 318 1173 ubi
360 1120 633 1189 integrum
690 1128 855 1187 caput
916 1118 1198 1182 inseritur,
1251 1117 1397 1187 quod
1445 1134 1513 1173 ex
1560 1116 1794 1172 Homilia

222 1211 397 1266 abest.
432 1210 572 1264 Tum
620 1225 753 1264 vero
799 1210 1043 1264 omnium
1072 1210 1304 1265 maxime
1330 1225 1388 1265 se
1426 1209 1576 1265 fraus
1611 1209 1797 1281 prodit

224 1301 496 1359 Homiliae
522 1301 766 1371 ejusdem
800 1300 827 1371 §
860 1301 895 1356 6
923 1316 1020 1371 per
1054 1301 1328 1372 egregiam
1360 1300 1793 1371 responsionem.

223 1393 548 1463 Quaesitum
572 1401 711 1459 erat,
736 1394 793 1448 in
833 1394 1036 1464 quibus
1064 1393 1324 1464 gradibus
1360 1392 1713 1463 perfectionis
1737 1400 1797 1447 tu

226 1486 323 1541 es?
346 1494 403 1541 et
426 1486 789 1559 respondetur
820 1504 833 1540 :
862 1485 997 1557 μετὰ
1015 1486 1075 1538 τὸ
1093 1488 1317 1559 σημεῖον
1336 1485 1428 1538 τοῦ
1449 1482 1683 1555 σταυροῦ
1701 1483 1797 1538 νῦν

1238 366 1328 423 DE
1362 365 1668 424 SCRIPTIS
1705 366 1763 423 S.
1801 365 2083 423 MACARII
2111 364 2445 422 AEGYPTll.

215 483 381 546 culis,
411 480 508 537 sed
557 489 614 536 et
660 480 764 536 hae
794 479 943 551 ipsae
970 480 1104 536 satis
1132 479 1525 551 incompositae
1561 488 1710 547 sunt,
1737 488 1794 535 et
1820 487 1869 544 Α

3348 365 3455 424 2η

2618 479 2749 550 5x.

1958 570 2161 628 Ultimo
2181 571 2303 627 loco
2333 570 2474 625 addo
2502 571 2636 626 illud
2664 571 2864 635 adhuc,
2888 586 2988 640 pro
3012 586 3132 626 mea
3161 572 3455 639 sententia,

1888 664 2100 719 nescire
2115 679 2220 729 me,
2245 662 2378 734 quid
2402 662 2508 717 sibi
2526 662 2658 716 velit
2682 661 2813 716 illud
2842 660 2987 730 quod
3013 676 3174 731 saepe
3218 664 3460 718 occurrit

1888 755 2099 825 φησιν.
2139 755 2269 811 Tale
2308 770 2409 826 ego
2442 769 2659 824 semper
2691 753 2855 808 credo
2891 768 3012 808 esse
3054 756 3325 809 narrantis
3361 755 3459 809 ali-

1890 846 2025 915 quid
2053 846 2121 901 de
2162 847 2354 912 altero,
2385 861 2497 900 non
2525 860 2657 900 vero
2685 845 2976 900 scribentis
3018 860 3135 899 sua.
3168 847 3236 899 At
3280 855 3459 902 exstat

1892 951 2012 1007 cap.
2060 935 2146 1000 10,
2191 952 2310 1006 cap.
2356 937 2409 1001 9,
2453 951 2572 1005 cap.
2621 934 2653 989 8
2683 934 2745 989 de
2792 934 3081 990 Charitate.
3114 935 3193 990 lta
3240 950 3459 1005 quoque

1893 1043 2011 1098 cap.
2038 1026 2072 1081 9
2105 1027 2179 1081 ita
2198 1027 2457 1082 scribitur
2481 1044 2494 1081 :
2522 1027 2605 1081 Ad
2627 1029 3057 1098 interrogantem,
3084 1046 3154 1082 an
3185 1028 3336 1102 [Pag.
3366 1028 3460 1103 21]

1894 1123 2053 1192 possit
2088 1124 2239 1175 homo
2269 1120 2326 1173 in
2373 1137 2429 1174 eo
2462 1136 2665 1190 semper
2685 1128 2831 1174 statu
2891 1122 3104 1185 durare,
3138 1125 3211 1175 sic
3248 1140 3466 1194 respon-

1895 1213 2120 1267 dendum
2152 1220 2225 1266 est
2271 1219 2377 1267 cet.
2406 1212 2466 1266 1n
2496 1212 2729 1267 Homilia
2754 1227 2885 1267 vero
2913 1221 3103 1267 octava
3128 1211 3154 1282 §
3176 1212 3211 1267 Ξ
3231 1214 3466 1270 habetur

1896 1314 1954 1360 et
1993 1303 2243 1374 quaestio
2273 1311 2329 1358 et
2375 1304 2678 1374 responsio,
2713 1304 2929 1359 omissis
2967 1304 3087 1359 istis
3126 1306 3204 1359 ita
3248 1322 3464 1375 respon—

1898 1396 2126 1450 dendum
2153 1404 2246 1449 est.
2279 1394 2459 1450 Facile
2499 1402 2723 1465 apparet
2770 1393 2976 1449 dictum
3006 1394 3228 1465 aliquod
3261 1405 3316 1450 et
3347 1411 3465 1449 me-

1900 1494 2169 1542 moratum
2208 1494 2398 1557 postea
2436 1500 2755 1556 responsum
2808 1484 3026 1540 Macarii
3081 1486 3149 1541 ad
3192 1487 3297 1541 tale
3334 1487 3464 1556 quid

226 1580 263 1648 ή
284 1579 443 1649 χάρις
473 1578 643 1640 οὕτως
666 1579 896 1649 ἐνεργεῖ,
926 1578 1021 1631 καὶ
1046 1575 1314 1649 εἰρηνεύει
1337 1576 1434 1629 ὅλα
1461 1576 1526 1629 τὰ
1553 1575 1686 1645 μέλη
1704 1574 1801 1628 καὶ
1902 1595 1914 1631 ι

1778 1574 1801 1628 ‘t
1902 1588 2179 1648 rogantem
2207 1577 2263 1631 in
2287 1577 2429 1631 hanc
2450 1577 2689 1647 regulam
2725 1592 3047 1632 conversum
3076 1592 3215 1631 esse.
3243 1578 3466 1631 Possem

226 1672 329 1742 τὴν
370 1668 619 1741 καρδίαν,
655 1669 795 1723 ὥστε
829 1670 927 1741 τὴν
954 1670 1130 1741 ψυχὴν
1164 1672 1230 1723 ὲκ
1257 1672 1357 1739 τῆς
1400 1667 1598 1737 πολλῆς
1628 1669 1801 1738 χαρᾶς
1901 1685 1914 1739 ι

1779 1683 1801 1731 ς
1901 1669 2077 1739 plura.
2113 1668 2219 1723 Sed
2240 1668 2308 1723 de
2336 1668 2422 1722 his
2442 1676 2497 1721 et
2524 1668 2665 1731 aliis,
2694 1668 2840 1723 unde
2858 1678 2914 1724 et
2935 1668 3152 1737 quando
3178 1668 3278 1721 ista
3302 1684 3467 1737 opera

228 1763 305 1827 ὡς
333 1762 542 1816 παιδίον
564 1762 769 1815 ἄκακον
802 1762 1111 1831 φαίνεσθαι,
1144 1762 1239 1815 καὶ
1263 1760 1362 1813 οὐκ
1382 1759 1461 1811 ἔτι
1483 1759 1801 1829 κατακρίνει
1833 1826 1867 1831 _
1902 1754 1916 1809 l

1784 1775 1801 1810 t
1833 1826 1867 1831 _
1902 1754 2122 1810 Macarii
2158 1756 2535 1810 consarcinata
2576 1756 2888 1821 videantur,
2939 1758 2984 1811 si
3025 1758 3168 1811 Deus
3212 1757 3464 1821 voluerit,

228 1856 259 1906 ὁ
288 1852 574 1922 ἅνθρωπος
590 1826 826 1921 Ἕλληνα
846 1851 881 1920 ἢ
910 1851 1179 1906 Ἰουδαῖον.
1203 1849 1351 1915 Quae
1379 1863 1540 1918 quam
1564 1826 1799 1901 absurde
1833 1826 1875 1879 Β
1902 1864 1916 1902 t

1780 1861 1799 1901 Β
1833 1826 1875 1879 Β
1902 1858 1958 1902 et
1994 1851 2129 1904 haec
2148 1864 2259 1903 non
2282 1848 2701 1919 displicuerunt,
2726 1848 3017 1918 aliquando
3048 1848 3273 1903 uberius
3299 1864 3468 1919 expo.

231 1944 582 2005 cohaereant,
630 1942 812 1997 dicere
849 1958 958 1997 non
998 1942 1211 1997 attinet.
1241 1941 1508 2011 Jungatur
1550 1938 1799 2009 Opuscu-
1904 1955 2116 1995 nemus.

232 2034 348 2089 lum
373 2033 435 2086 de
458 2030 729 2086 Cltaritate
756 2047 874 2101 cap.
912 2032 996 2085 12.

1156 2404 1944 2497 DISSEBTATIO
2043 2406 2542 2495 ALTERA.

234 2630 518 2713 Specirnen.
552 2626 1146 2713 animadversionumﬁin
1174 2626 1373 2713 aliquot
1395 2624 1656 2713 quseu'ta
1703 2625 1901 2713 Graec‘a
1926 2627 2515 2713 Magarig‘in‘natalem
2553 2635 2687 2688 diem
2721 2636 2825 2713 viri
2844 2650 3043 2713 tamine
3076 2639 3357 2700 reverendi,
3382 2653 3451 2691 ea;

311 2700 693 2773 cellentissimi,
721 2698 1002 2773 doctissimi
1037 2696 1356 2773 Sigismundi
1383 2697 2296 2773 Jacobi__Baunigarten,_SS._7TIteol.
2332 2702 2478 2756 Doct.
2512 2713 2559 2757 et
2600 2705 2743 2773 Prof.
2782 2702 2934 2758 Publ.
2977 2704 3182 2770 Ordin.,
3212 2696 3473 2761 Seminar.

312 2770 486 2849 ῑιιςρις
506 2771 820 2849 ,υίεςεεοτίκθ
845 2767 1495 2849 ρειετοηίηεψαεοφοτίε
1514 2767 1890 2849 ρίβείορίεξὶηιρ
1911 2767 2142 2849 solens}.
2175 2772 2300 2849 tene
2334 2767 2717 2849 οηι-ετιρὸειηάιιέ
2740 2775 2900 2829 edidit
2931 2776 3014 2831 ιο.
3040 2767 3473 2839 δαιίδενηιετωκ

309 2840 551 2911 Salfelda
575 2840 822 2907 Thuring.
845 2834 1023 2893 'Halae
1045 2834 1252 2893 Salicae
1292 2834 1474 2891 Literis
1501 2834 1720 2892 Joannis
1750 2834 2032 2894 Christiani
2060 2840 2319 2896 Hendelii.
2358 2844 2511 2898 1746.
2541 2844 2618 2916 (a)

1814 2982 1879 2991 .—

310 3075 463 3147 [Pag.
489 3070 546 3143 5]
574 3071 661 3125 Vir
680 3087 879 3125 summe
907 3070 1198 3132 reverende,
1223 3067 1665 3129 excellentissime,
1699 3068 2009 3133 doctissime,
2035 3067 2235 3121 Fautor
2262 3078 2311 3122 et
2342 3077 2564 3139 patrone
2592 3071 3065 3126 benevolentissime

310 3146 373 3222 ln
393 3166 669 3222 communi
703 3164 1025 3219 Academiae
1051 3165 1215 3218 huius
1242 3163 1470 3226 laetitia,
1498 3177 1605 3231 qua
1637 3162 1864 3231 insignis
1891 3162 1982 3215 hic
2017 3162 2137 3217 dies
2169 3146 2361 3217 omnes
2400 3164 2674 3218 Musarum
2710 3166 2990 3234 perfundit
3013 3168 3263 3232 ordines,
3292 3178 3481 3238 patere

236 3268 297 3313 et
334 3273 421 3312 me
444 3256 691 3311 sollemni
720 3256 847 3310 huic
884 3256 991 3309 luci
1031 3255 1288 3325 gaudium
1327 3263 1384 3308 et
1413 3263 1538 3309 vota
1565 3270 1663 3324 per
1699 3270 1963 3307 summam
2011 3254 2271 3323 pietatem
2305 3256 2621 3311 decernere.
2665 3257 2747 3311 Ad
2792 3273 2880 3312 me
2915 3259 3061 3312 enim
3105 3259 3209 3314 hoc
3244 3260 3480 3316 ofﬁcium

241 3364 417 3403 unum
441 3349 685 3401 omnium
708 3346 941 3401 maxime
969 3347 1189 3401 videtur
1212 3347 1508 3416 pertinere,
1546 3346 1601 3400 in
1626 3362 1788 3416 quem
1821 3355 1901 3400 tot
1929 3363 2056 3401 sane
2088 3356 2144 3401 et
2175 3355 2326 3401 tanta
2353 3357 2570 3403 exstant
2606 3350 2721 3404 Tua
2753 3350 3014 3405 beneficia
3044 3359 3101 3406 et
3129 3354 3356 3409 eximiae
3384 3355 3481 3410 be—

236 3438 584 3495 nevolentiae
608 3437 954 3499 documenta,
983 3444 1060 3500 ut,
1095 3452 1256 3505 quem
1296 3436 1673 3506 Praeceptoris
1704 3437 1879 3490 Tuum
1918 3453 2121 3491 numen
2152 3440 2603 3494 venerabundum
2631 3441 2905 3507 eﬂecerat,
2929 3445 3040 3513 jam
3078 3442 3225 3514 [Pag.
3250 3445 3303 3516 4]
3339 3448 3476 3502 Fau-

240 3532 383 3586 toris
414 3527 772 3583 beneﬁcentia
802 3538 911 3582 tam
935 3527 1236 3581 reddiderit
1258 3542 1438 3591 suum,
1471 3536 1533 3580 ut
1555 3527 1841 3597 diligenter
1866 3542 2059 3598 negem
2088 3529 2221 3581 mihi
2255 3544 2583 3598 quemquam
2609 3531 2664 3584 in
2690 3530 2876 3586 oﬂiciis
2904 3548 3030 3603 erga
3069 3533 3145 3587 Te
3170 3550 3289 3590 esse
3319 3552 3481 3606 supe-

240 3627 470 3681 riorem.
504 3624 693 3693 Neque
722 3639 873 3689 vero,
900 3625 1029 3677 licet
1060 3624 1351 3693 praecipua
1381 3625 1499 3695 ejus
1522 3640 1648 3694 pars
1673 3640 1793 3677 mea
1834 3625 1924 3689 sit,
1958 3641 2078 3678 mea
2124 3626 2289 3678 unius
2316 3633 2399 3679 est
2426 3626 2563 3680 haec
2598 3626 2810 3695 pietas;
2843 3643 3032 3683 omnes
3058 3627 3208 3694 boni,
3240 3637 3300 3682 ut
3336 3631 3485 3685 hunc

238 3721 391 3777 diem
419 3721 596 3774 Tuum
635 3720 890 3790 gaudent,
918 3720 989 3772 ita
1019 3720 1231 3774 felicem
1258 3722 1376 3790 ejus
1415 3720 1650 3775 reditum
1677 3720 1818 3774 votis
1848 3720 2232 3789 ominibusque
2267 3720 2486 3790 optimis
2520 3729 2835 3790 precantur.
2871 3720 3081 3787 Quibus
3119 3723 3340 3791 quidem
3380 3724 3485 3779 rite

241 3816 516 3885 susceptis
545 3816 686 3869 votis
728 3823 838 3868 tam
870 3814 1195 3869 conﬁdimus
1229 3816 1402 3869 Deum
1445 3831 1855 3885 responsurum,
1903 3830 2065 3885 quam
2112 3826 2263 3869 certo
2294 3815 2529 3879 scimus,
2568 3815 2663 3869 Dei
2704 3815 2778 3868 Te
2823 3815 3084 3885 singulari
3126 3816 3392 3870 beneficio
3427 3818 3485 3871 in

243 3909 589 3963 uberrimum
629 3908 926 3961 multorum
959 3909 1389 3963 emolumentum
1414 3909 1554 3963 hanc
1592 3910 1769 3963 lucem
1806 3908 2138 3978 adspexisse.
2175 3908 2430 3963 Ceterum
2471 3908 2794 3962 clementem
2824 3909 2920 3974 Te,
2955 3909 3039 3963 vir
3076 3925 3285 3964 summe
3325 3924 3483 3965 reve-

243 4002 438 4065 rende,
472 4000 603 4055 huic
640 4002 747 4055 levi
770 4004 974 4071 scripto
1010 4012 1137 4072 opto
1173 4004 1552 4073 interpretem,
1584 4004 1728 4073 quod
1761 4013 1817 4059 et
1847 4003 2231 4057 brevissimum
2262 4012 2381 4067 est,
2403 4003 2527 4071 quia
2557 4004 2669 4056 scio
2697 4004 2869 4057 otium
2904 4003 3073 4059 ferme
3094 4004 3224 4059 Tuis
3255 4006 3487 4076 negotiis

242 4095 461 4159 deesse,
491 4097 691 4150 nedum
722 4095 808 4151 his
847 4097 1175 4153 iuvenilibus
1206 4099 1403 4162 rebus,
1431 4109 1488 4153 et
1519 4099 1874 4163 levissimum,
1910 4098 2056 4169 quod
2090 4099 2252 4169 hujus
2279 4098 2386 4152 diei
2413 4098 2619 4153 laetitia
2658 4100 2987 4154 severiorem
3017 4101 3337 4170 gravitatem
3372 4101 3485 4173 pati

244 4204 360 4243 non
404 4188 715 4244 videbatur.
748 4188 829 4243 Tu
858 4205 1011 4253 vero,
1034 4191 1118 4243 vir
1153 4206 1363 4244 summe
1393 4191 1714 4256 reverende,
1741 4206 1897 4245 serva
1928 4191 2003 4245 sis
2034 4191 2169 4245 mihi
2207 4190 2449 4245 favorem
2480 4197 2537 4244 et
2571 4190 3027 4245 benevolentiam.
3058 4192 3207 4247 Vale.

318 4281 448 4335 Dies
468 4280 609 4335 Xllll
642 4281 820 4335 Martii
851 4281 1103 4337 feliciter.
1137 4280 1508 4338 MDCCXLV].

1835 4402 1886 4411 -4

321 4521 472 4592 [Pag.
509 4524 564 4596 5]
596 4519 733 4573 Cum
762 4535 792 4572 a
821 4519 1061 4584 nemine,
1116 4518 1263 4589 quod
1306 4521 1495 4585 sciam,
1524 4521 1819 4590 peculiaris
1845 4531 1888 4587 ε
1989 4524 2071 4578 Ad
2097 4523 2411 4580 Opuscuwu
2447 4542 2665 4588 paruus,
2702 4525 2845 4595 quod
2888 4533 2972 4579 est
3019 4527 3156 4593 Περὶ
3204 4527 3476 4595 φυλακῆς

248 4627 388 4667 cura
418 4612 475 4664 in
513 4611 734 4664 Macarii
761 4609 941 4680 Opera
968 4611 1148 4665 adhuc
1184 4618 1437 4680 suscepta
1478 4613 1569 4675 sit,
1598 4612 1689 4667 hic
1718 4628 1819 4667 au-
1924 4615 2194 4685 καρδίας,
2232 4617 2368 4671 haec
2389 4616 2504 4671 fere
2534 4625 2737 4672 annoto
2763 4634 2774 4669 :

250 4714 366 4761 tam
404 4702 549 4756 idem
587 4701 757 4755 fatum
800 4703 1126 4757 sustinuerit
1170 4718 1235 4757 ac
1274 4704 1373 4756 alii
1406 4704 1704 4773 scriptores
1728 4720 1817 4758 ve:

250 4810 422 4860 teres,
451 4796 519 4850 ad
548 4811 686 4865 quos
724 4804 781 4849 et
810 4796 1079 4849 lectorum
1117 4794 1393 4864 imperitia
1423 4802 1479 4849 et
1515 4803 1819 4864 temporum

1986 4792 2111 4848 CAP.
2145 4793 2203 4846 I:
2230 4792 2291 4845 οὐ
2323 4791 2431 4864 γὰρ
2464 4794 2496 4863 ἡ
2527 4793 2702 4865 ἀποχὴ
2719 4792 2825 4845 τῶν
2858 4791 3042 4847 κακῶν
3072 4793 3483 4867 ὲστινὴκάθαρ-

253 4888 457 4959 injuria
494 4888 724 4941 multum
754 4886 1066 4949 valuerunt,
1105 4884 1428 4939 brevissime
1466 4893 1677 4939 tantum
1722 4900 1821 4954 per

1920 4899 2024 4946 σις,
2061 4881 2175 4936 ἀλλ’
2213 4882 2245 4951 ὴ
2282 4882 2420 4934 κατὰ
2450 4881 2750 4951 συνείδησιν
2780 4881 2955 4933 τελεία
2997 4878 3291 4952 κάθαρσις,
3323 4899 3484 4952 neque

254 4980 466 5049 aliquot
502 4977 776 5049 Opuscula
818 4976 1120 5030 Macariana
1165 4975 1469 5040 ostendam,
1522 4991 1586 5029 ea
1630 4990 1821 5045 exspe-
1920 4974 2054 5026 enim
2107 4972 2421 5026 abstinentia
2464 4989 2497 5025 a
2549 4972 2915 5043 grandioribus
2960 4973 3097 5025 vitiis
3147 4980 3221 5026 est
3256 4975 3481 5043 paritas,

253 5080 407 5126 ctare
434 5069 615 5124 adhuc
642 5068 925 5123 meliorem
941 5067 1246 5138 scripturae
1267 5082 1476 5120 curam.
1495 5067 1620 5131 Ubi,
1649 5068 1819 5122 omis-

254 5161 332 5215 sis
381 5169 497 5213 tum
528 5157 931 5229 typographicis
959 5165 1075 5211 tum
1094 5155 1358 5211 versionis
1406 5156 1574 5221 vitiis,
1605 5156 1819 5225 potiora

254 5250 525 5323 quaedam
583 5248 886 5318 scripturae
945 5245 1142 5301 menda
1194 5246 1469 5301 sublatum
1519 5244 1631 5309 ibo,
1678 5259 1820 5313 quae

256 5346 404 5403 inter
434 5341 723 5412 legendum
762 5339 1038 5395 annotavi.
1088 5339 1233 5395 Usus
1278 5354 1398 5393 sum
1427 5337 1669 5393 editione
1698 5338 1818 5393 Pri-

378 5435 497 5490 Jam

1922 5065 2012 5118 sed
2053 5064 2278 5134 perfecta
2326 5065 2666 5118 conscientiae
2697 5065 3023 5134 expurgatio.
3084 5064 3285 5120 Sensus
3326 5067 3485 5135 paul-

1924 5154 2037 5207 lum
2087 5154 2481 5209 incommodus.
2530 5154 2592 5208 ln
2639 5153 2912 5223 Opusculo
2958 5154 3104 5207 enim
3161 5155 3288 5221 γιο,
3349 5158 3485 5215 Περὶ

1926 5245 2183 5314 ὑψώσεως
2218 5245 2365 5318 [Pag.
2391 5245 2445 5317 6]
2478 5245 2572 5299 τοῦ
2620 5246 2755 5311 νοός,
2787 5260 2907 5315 cap.
2935 5244 3004 5298 20
3033 5254 3278 5301 extremo
3325 5244 3488 5303 aliter

1927 5337 2200 5394 habetur:
2242 5340 2335 5391 καὶ
2390 5337 2499 5410 γὰρ
2545 5338 2642 5408 οὐχ
2684 5337 2717 5407 ἡ
2759 5336 2868 5389 τῶν
2914 5336 3250 5408 φαινομένων
3300 5340 3493 5404 κακῶν

1756 5600 2003 5657 NOTAE.

335 5776 415 5850 to)
442 5774 664 5835 Constat
684 5778 893 5853 paginis
916 5778 984 5832 20
1012 5774 1177 5834 ιιι-4⁸.
1199 5774 1354 5835 Enn.
