4274 6358
788 360 896 416 275

2072 350 2166 409 JO.
2209 351 2355 408 SAL.
2398 352 2763 413 SEMLERUS

3924 341 4034 403 276

789 470 968 541 ἀποχὴ
995 468 1270 531 τελείωσίς
1301 469 1471 533 ἐστιν,
1505 467 1618 520 ἀλλ’
1655 469 1687 537 ἠ
1717 466 1856 520 κατὰ
1878 467 2119 521 διάνοιαν
2149 467 2358 538 κάθαρ-
2388 481 2430 533 Α
2462 489 2477 526 ε

2342 498 2358 508 ·
2388 481 2430 533 Α
2462 475 2608 526 enim
2635 473 2908 542 dependet
2938 470 3298 528 constructio.
3345 469 3536 522 Latina
3566 464 3749 519 versio
3774 462 4030 516 similiter

791 579 892 627 σις,
928 561 1064 632 αὔτη
1095 561 1291 613 τελεία.
1336 561 1404 614 Et
1433 561 1487 613 in
1509 559 1743 614 Iiomilia
1779 575 1884 613 xvn
1913 558 1939 629 §
1973 559 2068 613 15:
2100 559 2160 612 οὑ
2191 559 2297 628 γάρ
2325 562 2358 628 ἡ

787 654 967 723 ἀποχὴ
984 652 1092 704 τῶν
1119 652 1324 716 κακῶν,
1349 651 1487 722 αῦτη
1510 652 1655 703 ἐστὶν
1694 654 1726 722 ἡ
1755 652 2057 715 τελείωσις,
2084 652 2197 705 ἀλλ’
2225 660 2355 716 cet.,

792 741 884 794 ubi
925 742 1149 810 paulum
1177 742 1370 795 variat.
1403 742 1654 795 Planiora
1686 742 1759 796 ita
1791 753 1975 796 essent
1991 743 2046 796 in
2080 741 2276 812 Opusc.
2315 744 2356 807 l,

789 833 834 884 si
860 848 958 900 pro
990 833 1168 902 primo
1223 833 1485 902 κάθαρσις
1538 844 1686 888 esset
1732 835 2025 897 τελείωσις,
2055 845 2117 889 ut
2151 837 2206 888 in
2239 836 2360 888 aliis

790 923 945 987 locis,
982 923 1111 976 licet
1137 923 1427 992 inscriptis
1455 923 1787 977 Graecorum
1842 925 2094 979 ascetieis
2145 927 2361 978 τελείω-

791 1032 876 1077 σις
906 1023 962 1069 et
998 1015 1266 1085 κάθαρσις
1324 1016 1470 1068 idem
1505 1015 1620 1069 fere
1660 1016 1751 1069 sit.
1823 1018 2023 1072 Ultima
2057 1019 2226 1071 verba
2262 1035 2354 1072 ca-

791 1107 919 1176 pitis
947 1107 1110 1177 hujus
1148 1108 1236 1160 imi
1292 1107 1428 1160 haec
1455 1109 1617 1177 vulgo
1643 1117 1801 1161 sunt:
1833 1112 1880 1161 εἰ
1923 1110 1980 1161 δὲ
2028 1110 2121 1180 μὴ,
2175 1128 2363 1163 ταπει-

791 1198 982 1261 νωθεὶς
1016 1199 1091 1260 ὡς
1130 1199 1314 1267 ἐνδεὴς
1343 1200 1435 1251 καὶ
1452 1200 1771 1268 ἁμαρτωλὸς
1802 1201 1940 1270 ὑπὲρ
1971 1201 2077 1253 τῶν
2107 1201 2353 1271 κρυφίων

793 1309 886 1344 σου
910 1291 1159 1360 δεόμενος
1186 1291 1280 1343 τοῦ
1308 1291 1462 1346 Θεοῦ.
1499 1291 1601 1346 Ubi
1639 1292 1794 1346 deest
1850 1294 2082 1346 verbum
2109 1294 2178 1347 ad
2212 1294 2359 1364 quod

793 1383 896 1437 ista
931 1383 1216 1452 participia
1257 1382 1551 1451 pertinent.
1587 1382 1742 1448 Quod
1791 1384 2154 1452 supplendum
2188 1395 2364 1440 estex

792 1476 994 1544 Opusc.
1013 1477 1054 1529 ν
1073 1475 1306 1544 cap.21:
1349 1476 1646 1543 πρόσελθε
1688 1475 1828 1546 ὑπὲρ
1857 1477 1964 1528 τῶν
1993 1479 2240 1548 κρυφίων
2253 1486 2359 1532 cet.

863 1566 946 1620 Ad
977 1583 1089 1620 CAP.
1125 1567 1170 1620 ll
1207 1567 1274 1621 de
1302 1567 1488 1620 verbis
1544 1567 1753 1621 ultimis
1800 1569 2222 1622 monemuszotb
2269 1571 2364 1622 καὶ

794 1655 960 1706 ὕπνον
989 1655 1218 1723 λέγομεν
1261 1655 1359 1724 τὴν
1389 1655 1645 1726 κοίμησιν
1692 1656 1800 1708 τῶν
1829 1657 2018 1724 ἁγίων.
2067 1658 2260 1713 Melius
2292 1675 2361 1713 ex

795 1744 1032 1798 Homilia
1059 1745 1159 1798 ista
1193 1744 1310 1814 xv§
1340 1745 1407 1799 39
1458 1746 1562 1815 legi
1593 1765 1605 1799 :
1644 1745 1811 1799 ὕπνον
1843 1744 1934 1799 οὖν
1978 1749 2208 1817 λέγομεν
2271 1749 2363 1802 καὶ

2461 575 2628 628 errat,
2667 582 2806 634 quae
2837 566 2976 619 solet
3003 577 3394 632 nonnunquam
3425 561 3556 614 satis
3578 559 3717 612 mala
3748 572 3890 610 esse.

2527 657 2650 710 CAP.
2687 658 2758 711 IX
2786 665 2908 727 post
2941 657 3214 711 medium:
3271 655 3431 706 καλόν
3462 655 3608 703 ἐστιν
3640 653 3672 718 ἡ
3715 647 3966 718 νηστεία.
3999 647 4029 714 ἡ

2459 751 2752 820 ἀγρυπνία,
2795 753 2828 820 ἡ
2861 749 3115 812 ξενιτεία·
3149 747 3284 800 ἀλλὰ
3333 744 3502 796 ταῦτα
3557 742 3706 810 ἀκμὴ
3758 738 4032 798 πολιτείας

2459 844 2605 894 ἐστὶν
2630 842 2859 910 ἀγαθῆς·
2901 841 3037 911 πλὴν
3072 842 3104 908 ἡ
3151 837 3302 901 τάξις
3331 837 3437 888 τῶν
3494 831 3834 902 Χριστιανῶν
3876 829 4026 899 [Pag

2460 927 2512 998 8]
2552 930 2794 997 ἐσωτέρα
2832 929 2946 979 ἐστὶ
2971 923 3178 979 τούτων
3206 934 3312 978 cet.
3346 924 3536 976 Latina
3560 920 3734 974 versio
3776 920 3897 970 talis
3927 927 4027 970 est:

2460 1019 2561 1073 Sed
2585 1021 2709 1072 haec
2731 1023 2826 1089 ﬂos
2860 1022 2969 1089 ipse
2995 1035 3056 1072 ac
3092 1020 3239 1088 vigor
3266 1027 3385 1070 sunt
3408 1013 3816 1066 conversationis
3843 1011 4027 1062 bonae.

2461 1109 2703 1164 Ceterum
2728 1110 2853 1161 ordo
2881 1108 3301 1162 Christianorum
3329 1107 3545 1157 interior
3570 1111 3641 1153 est
3669 1101 3746 1152 his
3796 1107 3902 1151 cet.
3938 1096 4035 1149 llic

2462 1203 2640 1270 qualis
2672 1202 2899 1254 sensus?
2927 1201 2981 1254 Si
3021 1199 3227 1267 aliquid
3259 1206 3342 1250 est
3382 1194 3737 1265 praecipuum
3760 1191 3813 1243 in
3855 1188 4036 1256 aliqua

2463 1290 2802 1352 re,curillud
2836 1301 2943 1344 tam
2964 1290 3118 1358 parvi
3148 1288 3411 1342 ducatur?
3440 1287 3496 1340 ιη
3524 1283 3801 1353 Opusculo
3821 1280 3889 1333 Vl
3915 1295 4035 1348 cap.

2461 1384 2529 1437 50
2564 1385 2697 1438 haec
2727 1384 2799 1436 ita
2831 1383 3133 1436 habentur:
3173 1380 3394 1448 καλὸνὴ
3427 1378 3740 1447 νηστεία,...
3776 1373 3869 1425 καὶ
3900 1388 4035 1443 προ-

2462 1476 2612 1545 οίμια
2637 1475 2810 1528 ταῦτα
2847 1474 3121 1535 πολιτείας
3149 1470 3445 1538 θεοφιλοῦς·
3479 1469 3763 1535 ἀλόγιστον
3798 1465 3858 1518 δὲ
3924 1465 4037 1516 ἀτε-

2463 1567 2604 1636 χνῶς
2651 1567 2709 1618 τὸ
2734 1566 2916 1628 ἁπλῶς
2956 1567 3069 1626 τοῖς
3125 1562 3382 1623 τοιούτοις
3425 1560 3758 1629 ἐπιθαρρεἷν.
3805 1554 4037 1609 Reddita

2464 1667 2591 1712 sunt
2614 1676 2626 1711 :
2659 1660 2784 1711 haec
2811 1658 3076 1727 prooemia
3093 1665 3213 1708 sunt
3237 1652 3644 1706 conversationis
3666 1650 3833 1702 Deum
3853 1662 4035 1698 aman-

2467 1751 2615 1812 tium,
2674 1765 2836 1802 sensu
2889 1763 2999 1801 non
3045 1745 3411 1806 incommodo,
3461 1743 3556 1796 sed
3607 1743 3715 1795 huc
3772 1755 3881 1793 non
3911 1752 4036 1806 per-

796 1837 1051 1908 κοίμησιν
1096 1837 1206 1888 τῶν
1244 1837 1417 1905 ἁγίων
1467 1839 1558 1892 τὸν
1610 1839 1860 1892 θάνατον.
1909 1841 2044 1894 Nam
2089 1840 2252 1904 ὕπνος
2309 1849 2366 1895 et
2402 1834 2442 1888 Β
2478 1849 2484 1891 1

2352 1849 2366 1895 ι
2402 1834 2442 1888 Β
2478 1842 2707 1894 tinente.
2734 1839 2914 1908 Lege:
2954 1837 3050 1890 καὶ
3081 1838 3357 1908 παρόμοια
3383 1834 3552 1888 ταῦτα
3602 1832 3878 1892 πολιτείας
3933 1829 4040 1879 θεο-

797 1927 1052 1996 κοίμησις
1081 1927 1226 1980 idem
1251 1927 1543 1997 signiﬁcat.

879 2016 1114 2072 Omissis
1142 2017 1357 2087 aliquot
1377 2020 1651 2088 capitibus
1685 2020 1991 2090 leviterque
2019 2024 2365 2078 variantibus

797 2109 1089 2178 scripturis
1110 2109 1176 2162 ad
1209 2125 1324 2163 CAP.
1368 2111 1433 2165 Vl
1465 2112 1735 2165 venimus.
1763 2112 1840 2164 lbi
1868 2113 1940 2166 ita
1976 2122 2154 2168 exstat
2182 2132 2193 2166 :
2226 2114 2369 2167 οὕτω

797 2202 894 2256 καὶ
924 2202 1370 2273 όπροδλεπτικδς
1401 2203 1527 2268 νοῦς
1581 2205 1880 2276 προὸλέπει
1930 2209 2097 2276 ταχὺς
2146 2207 2222 2260 ὣν
2266 2209 2366 2278 τῆς

797 2295 1180 2367 ἀντικειμένης
1206 2296 1487 2367 δυνάμεως
1517 2297 1615 2360 τὰς
1647 2298 1839 2368 τέχνας
1863 2306 1970 2352 cet.
2002 2299 2236 2353 llomilia
2274 2317 2371 2353 au-

798 2398 912 2444 tem
940 2406 1013 2443 vu
1046 2388 1072 2459 ᾗ
1110 2388 1183 2442 8:
1219 2387 1362 2441 οὕτω
1385 2389 1479 2442 καὶ
1509 2392 1538 2442 ὁ
1589 2389 1711 2453 νοῦς
1758 2389 2054 2460 προδλέπει
2099 2391 2360 2462 γοργόρος

798 2480 878 2535 ὢν
914 2480 1588 2550 οεῑ.1.εςεῐιὰιιωγοργὸς.
1644 2496 1755 2535 non
1817 2482 2113 2553 γοργόρος;
2183 2492 2240 2537 et
2267 2483 2372 2538 ista

802 2589 908 2626 vox
930 2589 1090 2642 saepe
1116 2572 1358 2626 occurrit
1386 2572 1442 2625 in
1467 2571 1703 2626 Homilia
1740 2588 1838 2626 un.
1870 2573 2170 2644 Hesychius
2194 2592 2206 2626 :
2237 2593 2373 2642 γορ-

800 2667 929 2734 τός,
973 2665 1288 2734 εὐκίνητος,
1338 2664 1528 2734 ταχύς,
1564 2664 1820 2736 σκληρός,
1874 2665 2124 2735 λιπαρός,
2178 2667 2373 2738 εὑτρα-

803 2757 931 2826 φής.
968 2755 1119 2810 Adeo
1150 2757 1318 2825 ταχὺς
1357 2756 1413 2809 in
1442 2755 1642 2826 Opusc.
1675 2757 1697 2812 Ι
1728 2773 1848 2827 cap.
1881 2758 1912 2812 6
1934 2766 2020 2812 est
2055 2758 2235 2828 glossa
2276 2761 2372 2812 τοῦ

804 2849 1014 2992 Tagi?
1029 2938 1119 2993 VII
1151 2954 1251 3008 pro
1279 2938 1372 2991 τοῦ
1421 2937 1514 2991 νοῦ
1535 2941 1566 3007 ἡ
1577 2939 1694 3008 μῶν
1718 2941 2195 3010 προσκαλουμένου
2227 2940 2373 3012 μετὰ

805 3029 900 3083 τοῦ
929 3031 1136 3100 Κυρίου
1161 3031 1390 3084 πάντοτε
1417 3031 1534 3100 lege
1561 3049 1572 3083 :
1600 3033 2080 3102 προσκολλωμένου
2137 3033 2214 3104 τῷ
2265 3035 2376 3085 Κυ-

2470 1931 2677 2000 φιλοῦς,
2709 1939 2756 1983 et
2782 1929 2978 1983 similia
3003 1929 3136 1981 talia
3191 1928 3462 1981 exercitia.
3524 1925 3613 1978 Sic
3641 1931 3696 1977 et
3749 1923 3802 1975 in
3835 1920 4037 1989 Opusc.

2473 2023 2492 2078 Ι
2519 2023 2622 2092 legi
2653 2022 2814 2076 velim
2847 2021 2970 2075 ικαὶ
2998 2021 3130 2074 ἄλλα
3158 2019 3326 2072 ταῦτα
3365 2019 3458 2069 καὶ
3485 2018 3666 2086 ὃμοια,
3699 2013 3734 2066 ἃ
3758 2013 4038 2073 πολιτείας

2475 2116 2621 2168 ἐστὶν
2677 2113 2902 2184 ἀγαθῆς
2959 2112 3098 2182 πλὴν
3136 2109 3323 2181 ῆάξία
3371 2108 3478 2160 τῶν
3537 2106 3877 2178 Χριστιανῶν
3910 2112 4038 2165 CCL,

2470 2207 2704 2276 dignitas
2723 2220 2902 2258 eorum
2943 2203 3104 2258 altior
3131 2212 3223 2258 est.
3262 2201 3425 2266 Τάξις
3447 2209 3626 2254 tamen
3659 2206 3841 2269 potest
3887 2196 4040 2260 ferri,

2469 2295 2774 2367 signiﬁcatu
2820 2295 3040 2350 rariori.

2542 2387 2668 2444 CAP.
2709 2387 2758 2442 Χ
2791 2406 2803 2440 :
2845 2388 2919 2459 μὴ
2949 2389 3145 2460 νομίσῃ
3175 2386 3366 2440 ἐαυτὸν
3400 2381 3786 2453 κατειληφέναι
3819 2397 3892 2444 τι,
3948 2380 4042 2431 καὶ

2475 2481 2634 2552 οἰηθῇ
2665 2474 2804 2534 εἶναί
2850 2499 2952 2546 τις,
2979 2481 3072 2533 καὶ
3097 2481 3326 2551 ἄρξηται
3373 2479 3662 2532 διδάσκειν.
3721 2473 3861 2539 Quid
3906 2472 4047 2524 διδά-

2474 2591 2624 2626 σκειν
2640 2574 2731 2628 hic
2758 2573 2912 2637 velit,
2947 2590 3057 2626 non
3082 2572 3322 2634 invenio,
3354 2586 3478 2624 cum
3504 2570 3557 2622 in
3586 2567 3940 2636 sequentibus
3962 2563 4043 2616 di-

2472 2673 2628 2718 catur
2664 2663 2731 2718 de
2759 2663 2852 2718 siti
2882 2664 3143 2718 ulteriore
3182 2663 3408 2733 gratiae.
3449 2659 3693 2722 Accedit,
3733 2657 3788 2710 in
3841 2655 4044 2725 Opusc.

2474 2761 2541 2815 Vl
2575 2775 2694 2829 cap.
2724 2759 2790 2812 30
2819 2758 2924 2812 ﬁne
2957 2772 3058 2827 pro
3083 2756 3170 2810 his
3207 2757 3410 2826 legitur
3446 2772 3458 2807 :
3511 2747 3584 2823 μὴ
3619 2751 3836 2820 νομίσαι
3865 2766 4047 2801 κατει-

2474 2855 2721 2926 ληφέναι,
2784 2850 2918 2921 μηδὲ
2963 2849 3280 2918 κατακόρως
3342 2847 3504 2916 ἔχειν.
3548 2844 3699 2900 Unde
3748 2843 3888 2896 forte
3949 2856 4048 2910 pro

2480 2944 2747 2997 διδάσκειν
2775 2939 3062 3010 legendum
3083 2939 3343 3008 διαρκεῖν,
3375 2937 3520 3006 quod
3551 2935 3922 2990 celerantibus
3968 2933 4051 2986 ni-

2477 3037 2582 3090 mis
2646 3033 2821 3088 oculis
2875 3047 2975 3100 pro
3033 3029 3305 3082 διδάσκειν
3369 3037 3652 3097 acceptum
3718 3037 3819 3080 est.
3879 3025 4052 3078 Paulo

809 3121 912 3192 ρίῳ
963 3131 1094 3186 cet.;
1154 3122 1229 3176 ita
1263 3130 1438 3176 exstat
1498 3123 1554 3175 in
1604 3121 1802 3192 Opusc.
1836 3123 1880 3178 ll
1903 3141 2022 3194 cap.
2081 3125 2185 3178 l5:
2217 3127 2245 3178 ὁ
2270 3124 2376 3195 γὰρ
2403 3169 2444 3226 C
2487 3141 2497 3194 ι

2362 3143 2444 3226 2C
2487 3131 2646 3194 post:
2689 3122 2777 3175 ἵνα
2816 3120 2911 3190 ἔχῃ
2934 3119 3024 3172 τὸν
3072 3119 3252 3181 πόνον,
3309 3118 3408 3187 τὴν
3453 3117 3632 3185 δίψαν,
3688 3131 3786 3185 pro
3832 3129 3943 3183 quo
3997 3113 4050 3166 in

2491 3214 2525 3226 Λ
2724 3212 2789 3226 ενι
2872 3210 2981 3226 )~\\
3161 3211 3183 3224 ν
3285 3208 3297 3226 Ι
3463 3208 3530 3226 κδ
3571 3208 3628 3226 Ι*
3716 3205 4050 3226 ΙΥ,,]-..Ι..--.

807 3214 934 3277 νοῦς
965 3213 1122 3284 ἡμῶν
1153 3213 1295 3266 οὕτω
1327 3215 1615 3277 διαπαντὸς
1638 3217 1715 3285 τῷ
1735 3216 1853 3286 Θεῷ
1889 3216 2373 3285 προσκολλώμενος

809 3315 917 3360 cet.
945 3307 1231 3361 Praeterea
1261 3318 1592 3375 provocatur
1616 3307 1683 3360 ad
1714 3308 1734 3361 l
1761 3307 1886 3361 Cor.
1913 3325 1986 3371 vi,
2026 3309 2111 3372 l7,
2154 3309 2246 3361 ubi
2274 3309 2380 3363 hoc

812 3397 963 3469 [Pag.
999 3397 1050 3468 7]
1088 3399 1316 3452 verbum
1350 3400 1478 3452 item
1530 3409 1723 3452 exstat.
1781 3401 2004 3469 Vulgata
2042 3399 2203 3453 lectio
2262 3399 2380 3452 sine

810 3506 998 3553 sensu,
1031 3500 1093 3543 ut
1116 3490 1278 3544 docet
1311 3492 1494 3545 versio
1526 3492 1716 3545 latina.
1755 3491 2018 3560 Sequitur
2047 3491 2121 3545 ibi
2159 3492 2376 3544 statim:

812 3578 1002 3631 τοῦτον
1021 3579 1078 3630 δὲ
1128 3578 1221 3632 τὸν
1266 3579 1508 3649 κρυπτὸν
1539 3579 1726 3646 ἀγῶνα
1771 3581 1867 3632 καὶ
1910 3579 2137 3650 μελέτην
2174 3580 2380 3650 Κυρίου

811 3671 909 3723 καὶ
935 3670 1097 3723 πόνον
1138 3670 1330 3733 νυκτὸς
1367 3671 1459 3724 καὶ
1513 3671 1728 3741 ἡμέρας
1777 3670 1919 3740 ἔχειν
1949 3672 2094 3740 ἡμᾶς
2143 3671 2248 3742 χρὴ
2303 3672 2382 3732 είς

813 3762 996 3815 πᾶσαν
1026 3762 1372 3830 ἐπιτήδευσιν
1426 3761 1668 3830 ἐντολῆς,
1737 3761 1846 3813 εἴτε
1891 3762 2219 3831 εὐχομένων,
2275 3762 2380 3813 εἴτε

814 3851 1183 3922 ἐσθιόντων,ἦ
1229 3852 1639 3916 διακονούντων,
1672 3854 1704 3923 ἢ
1731 3854 2016 3915 πινόντων,
2050 3853 2082 3923 ἢ
2123 3853 2308 3922 ἕτερόν
2331 3870 2384 3905 τι

815 3941 1131 3996 ποιούντων.
1155 3943 1258 3998 Ubi
1290 3944 1628 3997 constructio
1663 3959 1854 4013 graeca
1887 3943 2156 3997 claudicat
2178 3960 2208 3996 a
2257 3959 2382 3996 ver-

816 4034 888 4088 bo
945 4034 1051 4104 χρὴ
1105 4034 1370 4102 pendens.
1435 4035 1751 4104 Legendum
1805 4050 1873 4088 ex
1931 4035 2124 4088 eodem
2177 4033 2377 4104 Opusc.

817 4123 864 4178 ll
894 4124 1096 4193 ubique
1118 4141 1245 4178 casu
1265 4132 1461 4193 quarto
1487 4142 1498 4176 :
1535 4126 1644 4176 εἴτε
1673 4124 2018 4193 εὐχομένους,
2059 4127 2170 4177 εἴτε
2212 4126 2388 4177 διακο-

816 4214 1059 4277 νοῦντας,
1086 4215 1116 4284 ἦ
1144 4215 1443 4280 ἐσθίοντας,
1477 4215 1798 4281 ἧπίνοντας,
1829 4216 1860 4284 ἢ
1888 4215 2072 4285 ἕτερόν
2098 4234 2149 4267 τι
2170 4215 2385 4267 ποιοῦν-

816 4324 936 4372 τας,
987 4315 1196 4360 mutato
1225 4307 1387 4359 simul
1423 4307 1619 4360 ordine
1655 4307 1881 4360 secundi
1923 4316 1978 4359 et
2021 4307 2169 4360 tertii
2205 4307 2381 4360 verbi.

888 4417 1016 4473 CAP.
1044 4419 1160 4473 V'lll
1189 4418 1437 4472 occurrit
1454 4419 1699 4488 phrasis:
1736 4419 1790 4471 τί
1814 4419 1857 4471 δ’
1891 4420 2018 4472 ἄλλο
2047 4419 2136 4472 διὰ
2171 4420 2377 4472 τούτων

2486 3214 2684 3283 Opusc.
2724 3212 2829 3267 Vl:
2861 3210 2996 3263 ἀλλὰ
3030 3211 3216 3280 πεινᾷν
3241 3208 3359 3260 τότε
3392 3208 3485 3259 κα)⁵
3504 3208 3683 3276 διψᾷν.
3716 3206 3868 3261 Unde
3895 3205 4054 3256 πόνον

2488 3306 2578 3358 vix
2613 3312 2762 3357 recte
2805 3302 2988 3355 habet.
3023 3300 3284 3369 Legerem
3323 3299 3418 3368 τὴν
3471 3301 3681 3361 πεῖναν,
3728 3296 3835 3349 nisi
3891 3294 4054 3364 paulo

2491 3393 2818 3448 insolentior
2844 3407 2951 3445 vox
2977 3399 3141 3444 esset.
3175 3390 3338 3442 Forte
3371 3388 3474 3441 fuit
3504 3405 3515 3438 :
3555 3382 3694 3457 ἵναῇ
3756 3385 3874 3436 τότε
3931 3400 4054 3434 πει-

2488 3486 2593 3539 νῶν
2627 3487 2721 3538 καὶ
2743 3482 2910 3553 διψῶν
2942 3491 3048 3537 cet.
3088 3482 3294 3536 Ibidem
3327 3480 3578 3549 sequitur
3609 3498 3620 3530 :
3670 3478 3763 3530 καὶ
3795 3476 3893 3548 ἔχῃ
3941 3475 4056 3526 υἱὸν

2493 3575 2755 3649 μονογενῆ
2817 3576 2912 3628 καὶ⁵
2943 3574 3220 3627 παιδεύσει
3248 3573 3408 3624 αὑτόν
3439 3581 3544 3624 cet.
3568 3571 3670 3625 Ubi
3702 3569 3887 3624 nescio
3921 3568 4056 3638 quid

2489 3664 2555 3718 ad
2587 3679 2828 3718 amorem
2866 3673 2922 3717 et
2955 3662 3022 3717 ad
3085 3670 3440 3732 augmentum
3486 3661 3667 3714 luctus
3711 3660 3948 3721 intersit,
4010 3658 4057 3712 si

2492 3755 2662 3808 ﬁlium
2712 3753 2996 3823 castigavit
3044 3761 3236 3806 mater.
3280 3752 3470 3805 Potius
3527 3765 3651 3804 cum
3713 3749 3769 3802 in
3817 3748 4058 3802 llomilia

2492 3846 2643 3917 [Pag.
2672 3844 2727 3915 9]
2748 3844 2879 3914 Ἆγις
2915 3845 2974 3896 ll
3008 3844 3142 3897 haec
3174 3843 3364 3896 eadem
3409 3849 3719 3904 occurrant,
3751 3849 3804 3894 et
3835 3855 3937 3909 pro
3971 3840 4058 3893 his

2492 3937 2714 3990 vocibus
2766 3937 2976 4005 legatur
3020 3935 3094 3988 ibi
3162 3934 3565 3995 εὑειδέστατον,
3627 3931 3898 3984 rescribo:
3966 3933 4059 3982 καὶ

2492 4027 2654 4080 παῖδα
2685 4027 3070 4091 εὑειδέστατον,
3106 4035 3152 4080 et
3194 4043 3310 4078 cum
3340 4025 3487 4078 vultu
3539 4024 3898 4078 honestissimo
3935 4021 4057 4092 pul-

2493 4121 2872 4188 cherrimoque.
2939 4119 3039 4173 llic
3102 4119 3248 4172 enim
3290 4118 3338 4171 si
3402 4117 3676 4178 moritur,
3735 4115 3800 4168 ad
3848 4116 4060 4168 luctum

2499 4211 2734 4264 multum
2789 4209 2941 4273 facit,
2983 4210 3111 4277 quia
3155 4209 3328 4262 forma
3361 4216 3469 4262 tam
3505 4206 3820 4271 excellenti,
3848 4217 3905 4260 et
3951 4221 4066 4260 non

2495 4302 2671 4354 solum
2700 4301 2894 4354 unicus
2927 4300 3052 4353 fuit.

2565 4414 2691 4469 CAP.
2731 4413 2802 4467 XI
2832 4432 2844 4465 :
2880 4413 2954 4482 μὴ
2985 4411 3300 4482 νομίσωσιν,
3324 4415 3405 4467 ὅτι
3437 4413 3684 4483 εἰσῆλθον
3715 4413 3795 4476 εἰς
3827 4412 3928 4481 τὴν
3958 4431 4060 4464 κα-

820 4509 1119 4561 αίνίττεται
1147 4507 1209 4559 τὺ
1253 4507 1468 4576 πνεῦμα
1489 4547 1504 4569 ,
1540 4507 1653 4560 ἀλλ’
1703 4507 1736 4576 ἦ
1777 4507 2113 4576 ὑψηλοτέραν
2159 4506 2389 4576 θεωρίαν
2424 4521 2470 4578 ι)
2501 4507 2792 4567 τάπαυσιν,
2815 4504 2889 4566 ὡς
2918 4504 2976 4556 δέ
3005 4505 3189 4575 ἀκμὴν
3215 4507 3296 4567 είς
3343 4505 3413 4558 τὰ
3444 4505 3693 4576 πρόθυρα
3728 4506 3821 4557 καὶ
3853 4507 3934 4567 εἰς
3961 4506 4064 4568 τὰς

821 4597 1099 4666 ἐμφαίνων
1129 4595 1407 4661 cet.Quae
1447 4595 1638 4649 ultima
1683 4596 1852 4649 verba
1895 4596 2073 4648 lucem
2114 4596 2389 4663 quandam

822 4686 1100 4754 accipiunt
1124 4701 1192 4739 ex
1229 4685 1477 4741 Andreae
1503 4685 1872 4740 Caesariensis
1904 4687 2134 4756 Prologo
2158 4686 2212 4739 in
2241 4702 2392 4739 com-

824 4779 1153 4833 mentarium
1218 4795 1378 4832 suum
1417 4779 1473 4832 in
1513 4779 1894 4850 Apocalypsin.
1954 4779 2056 4844 Qui
2108 4787 2393 4848 postquam

824 4878 1116 4922 monuerat
1134 4868 1200 4922 de
1223 4868 1422 4937 triplici
1448 4884 1611 4922 sensu
1644 4876 1738 4921 aut
1761 4868 2030 4922 divisione
2056 4867 2393 4937 Scripturae,

828 4967 893 5012 ut
923 4959 978 5012 in
1004 4974 1110 5028 qua
1141 4959 1294 5028 quasi
1332 4975 1533 5027 corpus
1563 4959 1675 5022 sit,
1710 4968 1765 5013 et
1801 4958 2019 5028 πνεῦμα
2053 4966 2110 5012 et
2151 4958 2296 5028 ψυχή
2327 4959 2394 5013 de

829 5051 1006 5105 altero
1056 5052 1131 5106 ita
1162 5053 1371 5121 pergit:
1424 5051 1674 5124 καθάπερ
1709 5051 1766 5103 δὲ
1801 5051 2070 5121 πνεῦμαή
2114 5051 2223 5103 τῶν
2269 5051 2398 5121 μελ-

827 5145 1030 5197 λὸντων
1085 5145 1180 5196 καὶ
1231 5143 1577 5214 ὑψηλοτέρων
1635 5143 1900 5213 άγαγωγὴ
1928 5143 2021 5196 καὶ
2062 5143 2265 5213 θεωρία
2303 5143 2398 5195 πέ-

830 5253 1017 5306 φηνεν.
1043 5235 1146 5290 Ubi
1178 5235 1322 5288 idem
1352 5244 1436 5288 est
1481 5234 1683 5304 θεωρία
1711 5234 2054 5304 ὑψηλοτέρων
2083 5249 2146 5288 ac
2197 5233 2397 5303 ὑψηλο-

835 5328 988 5396 τέρα.
1020 5327 1135 5380 Nisi
1172 5326 1310 5380 forte
1335 5327 1390 5379 in
1430 5326 1666 5380 Macario
1712 5343 1811 5395 pro
1843 5326 2178 5398 ὑψηλοτέραν
2208 5327 2396 5398 legen-

830 5416 962 5470 dum
999 5427 1082 5470 est
1107 5415 1469 5485 ὑψηλοτέρων.
1514 5415 1790 5469 Ibidem...
1829 5417 2073 5486 κομίζειν
2123 5417 2234 5469 δεῖν
2266 5418 2399 5469 πάν-

831 5521 954 5556 τοτε
983 5505 1080 5572 τὴν
1114 5504 1214 5573 τῆς
1261 5503 1485 5574 καρδίας
1529 5504 1676 5574 ἱερὰν
1737 5505 1945 5557 θυσίανο
1971 5505 2040 5558 τὰ
2087 5507 2393 5576 ἀκροθίνια,

833 5595 927 5647 καὶ
949 5594 1016 5646 τὰ
1039 5593 1183 5663 ἄκρα
1214 5593 1321 5646 τῶν
1338 5593 1556 5659 ἀγαθῶν
1585 5593 1924 5663 λογισμῶν...
1945 5595 2397 5665 άπασχολοῦντος.

833 5686 911 5742 Ita
939 5688 1118 5741 adhuc
1138 5687 1254 5741 sine
1278 5702 1442 5741 sensu
1483 5687 1697 5756 legitur.
1742 5688 1844 5739 Pro
1877 5702 2007 5755 quo-
2038 5704 2163 5740 casu
2199 5699 2395 5757 quarto

834 5775 1182 5832 scribendum
1216 5775 1675 5846 ἁπασχοὶοῦντας,
1703 5776 1818 5830 scil.
1849 5777 1929 5829 δεῖ
1951 5776 2194 5846 κομίζειν
2228 5795 2240 5831 :
2269 5777 2396 5832 inde

2496 4596 2664 4658 αὑλὰς
2693 4595 3052 4664 εἰσέρχονται.
3088 4596 3148 4648 In
3172 4593 3447 4665 Opusculo
3469 4596 3536 4650 Vl
3565 4611 3682 4666 cap.
3714 4596 3774 4648 51
3808 4613 3821 4648 :
3865 4596 3938 4666 μὴ
3974 4615 4064 4648 νο-

2499 4687 2803 4756 μιζέτωσαν
2838 4687 2940 4757 ῆδη
2989 4686 3082 4739 τοῦ
3111 4687 3297 4750 τέλους
3356 4689 3448 4740 καὶ
3509 4688 3608 4757 τῆς
3665 4689 4065 4752 καταπαύσεως

2501 4779 2784 4848 ἐπιϐῆναι·
2812 4779 3012 4844 πόθεν;
3045 4778 3125 4832 ἐτι
3159 4779 3268 4849 γὰρ
3320 4779 3503 4841 αὑτοῖς
3552 4780 3680 4849 περὶ
3712 4780 3781 4831 τὰ
3812 4781 4068 4851 πρόθυρα

2496 4869 2591 4921 καὶ
2611 4869 2706 4930 τὰς
2735 4868 2959 4937 αὑλὰςή
2999 4869 3334 4938 ἀναστροφή.
3387 4869 3539 4924 Unde
3595 4869 3737 4924 forte
3785 4870 3842 4923 in
3881 4869 4066 4939 Opus-

2496 4963 2620 5016 culo
2667 4963 2690 5017 Ι
2740 4963 3069 5032 legendum:
3112 4963 3229 5025 πῶς
3253 4981 3351 5030 γες
3411 4963 3595 5034 ἀκμὴν
3659 4963 3768 5031 γὰρ
3822 4965 3900 5025 εἰς
3928 4973 4062 5029 eet.;

2495 5054 2654 5108 aliter
2677 5069 2868 5124 graeca
2905 5054 3180 5123 languent.
3232 5053 3492 5123 Sequitur
3533 5054 3586 5106 in
3627 5053 3807 5124 Opusc
3847 5055 3905 5108 ιε
3939 5057 4066 5108 εἰδὲ

2497 5143 2589 5195 καὶ
2615 5143 2835 5214 χάριτος
2889 5143 3112 5212 μέτοχος
3164 5143 3412 5213 γένηται,
3452 5143 3703 5212 οἰηθῆναι
3767 5144 3842 5206 ὠς
3888 5161 4066 5196 κατα-

2497 5233 2700 5298 λαϐών,
2737 5235 2792 5288 in
2822 5235 3022 5304 Opusc.
3053 5235 3120 5288 Vl
3153 5253 3163 5286 :
3199 5236 3301 5288 κᾶν
3333 5236 3552 5306 χάριτός
3579 5253 3724 5298 τινος
3767 5254 4071 5305 πνευματι-

2498 5329 2599 5396 κῆς
2624 5325 2953 5394 ἠξιώθησαν·
2990 5327 3124 5396 μηδέ
3163 5325 3324 5379 τοῦτο
3380 5327 3542 5380 πάλιν
3571 5327 3766 5388 αὑτοὺς
3799 5329 4070 5381 ἀπατάτω

2497 5424 2603 5470 cet.
2646 5416 2968 5470 Addendum
2996 5433 3124 5487 ergo
3153 5417 3207 5470 in
3243 5417 3442 5487 Opusc.
3482 5419 3501 5472 l
3535 5418 3654 5484 Μὴ,
3679 5419 3762 5486 μὴ
3791 5419 4066 5489 οἰηθῆναι,

2495 5506 2641 5577 quod
2672 5514 2847 5560 exstat
2895 5507 3115 5576 quidem
3178 5508 3232 5561 in
3277 5509 3549 5572 versione,
3595 5509 3688 5563 sed
3724 5511 3794 5564 ob
3842 5526 4068 5566 sensum

2495 5606 2705 5652 tantum
2734 5615 2747 5662 ;
2776 5613 3026 5666 graecum
3068 5600 3260 5652 vitium
3295 5601 3510 5655 mansit.
3547 5601 3722 5656 Porro
3758 5601 3961 5672 Opusc.
3999 5603 4019 5658 l
4049 5621 4065 5658 :

2495 5689 2595 5740 οὑκ
2653 5688 2856 5756 ὀφείλει
2891 5692 3117 5760 ἐρευνᾷν
3151 5692 3400 5754 ἕκαστον,
3448 5695 3495 5744 εἰ
3541 5687 3699 5762 εῦρεν
3754 5695 3809 5744 ἐν
3840 5694 3917 5761 τῷ
3972 5695 4065 5747 ὁσ-

2501 5781 2738 5851 τρακένῳ
2767 5783 2944 5836 σκεύει
2968 5784 3056 5837 τὸν
3080 5783 3351 5854 θησαυρόν
3386 5797 3492 5840 cel.
3519 5785 3710 5840 Latina
3732 5785 3910 5842 VCI'SiO
3934 5805 3945 5838 :
3978 5803 4066 5844 ηι¹ι
