4274 6358
217 318 331 375 971
1249 326 1337 383 DE
1368 325 1673 386 SCRIPTIS
1707 330 1765 387 S.
1804 328 2087 391 MACARII
2123 338 2461 395 AEGYPTII.
3348 353 3456 410 278

212 444 459 490 convenit
498 440 732 493 scrutari
758 455 1199 514 unumquemque,
1224 462 1352 499 num
1376 447 1509 516 forte
1531 448 1785 510 inveniat,
1816 452 1863 506 Α
1890 464 1998 505 non
2049 454 2209 523 plane
2241 456 2425 511 nullus
2458 459 2530 511 sit
2566 471 2777 524 sensus,
2812 466 2993 516 tamen
3027 475 3096 516 ex
3129 460 3361 521 Homilia
3400 475 3458 524 et

212 538 350 621 (ἔοις
394 530 562 599 impio
595 546 791 599 sensu;
826 534 973 621 quod
1000 536 1219 593 mireris
1247 548 1521 593 servatum
1549 555 1687 593 esse.
1728 540 1789 593 In
1901 540 2178 612 Opusculo
2209 544 2298 599 νη
2330 546 2702 601 restituendus
2732 557 2817 603 est
2845 548 3148 605 infinitivus
3175 551 3457 621 βιάζεσθαι

208 618 416 689 Opusc.
446 621 543 675 VI:
572 624 807 714 ἐρευνᾷν
822 620 917 679 οὖν
946 627 1246 696 προσῆκεν,
1279 642 1427 686 recte
1458 645 1609 685 vero.
1644 630 1787 700 Lege
1894 654 1896 684 :

1770 646 1787 684 ι
1894 635 1985 687 καὶ
2024 636 2229 704 ἀγχειν.
2275 636 2482 692 Ibidem
2539 653 2639 707 pro
2696 656 2709 691 :
2759 641 2901 694 κατά
2941 641 3002 693 τὸ
3045 618 3458 714 γεγραμμένον,

205 724 345 779 ergo
369 728 381 762 :
405 711 613 778 ὀφείλει
641 708 735 766 οὗν
761 715 1007 785 ὲρευνᾷν.
1028 716 1236 771 Ibidem
1262 736 1274 771 :
1298 718 1415 771 ἐστι
1444 718 1602 790 γάρὴ
1625 718 1786 789 χάρις
1891 754 1893 769 ι

1768 734 1786 779 ῖ
1891 726 2037 794 quod
2083 726 2249 781 etiam
2282 728 2339 782 in
2377 729 2611 784 Homilia
2666 730 2741 784 ita
2793 732 3017 803 legitur,
3051 708 3456 791 restituendum

204 803 473 867 πολλάκις
540 805 836 877 ὲνεργοῦσα
889 808 1274 877 ἀδιαλείπτως,
1324 810 1382 865 in
1426 808 1625 881 Opusc.
1667 808 1780 863 VI:
1888 835 1892 843 ·

1770 827 1780 862 ε
1888 819 2105 873 videtur
2155 821 2294 874 κατά
2332 820 2391 873 τὸ
2422 822 2728 891 εἰρημένον,
2754 825 2881 892 quia
2918 825 2975 879 in
3014 833 3128 881 toto
3161 826 3226 880 N.
3259 827 3323 881 T.
3351 830 3458 883 tale

202 896 330 949 ἐνὸν
374 898 508 969 γὰρ,
548 898 623 962 ὡς
674 900 934 966 πολλάκις
959 902 1273 973 δεδήλωται,
1324 904 1417 958 καὶ
1462 905 1562 976 τὴν
1614 902 1776 974 χάριν
1887 934 1890 957 ι

1769 920 1776 950 ι
1887 910 2020 978 quid
2073 926 2183 965 non
2213 918 2408 976 exstat,
2441 922 2497 966 et
2532 913 2589 966 in
2638 912 2838 983 Opusc.
2877 916 2968 971 VII
2991 917 3190 987 legitur
3224 919 3361 990 πρὸς
3387 921 3457 974 τὰ

200 987 568 1054 ἀδιαλείπτως
604 992 869 1063 ἐνεργεῖν,
920 1008 1091 1058 sensu
1134 996 1310 1051 multo
1351 997 1600 1052 meliore.
1633 996 1778 1067 Lege
1886 1038 1888 1048 ι

1770 1015 1778 1048 ι
1886 1002 2172 1073 εἰρημένα,
2212 1004 2357 1058 unde
2411 1004 2595 1071 ﬁdem,
2634 1006 2822 1073 credo,
2852 1006 3083 1063 fecimus
3110 987 3458 1081 conjecturae

195 1096 369 1151 ergo:
410 1081 527 1135 ἐστι
544 1083 705 1154 γάρὴ
734 1086 914 1157 χάρις,
942 1086 1019 1150 ὡς
1048 1086 1311 1151 πολλάκις
1347 1089 1583 1160 εῐρηται,
1620 1091 1774 1159 ἐνερ-

1764 1119 1774 1129 ·
1885 1105 2123 1151 nostrae.
2181 1097 2427 1167 Denique
2461 1117 2474 1151 :
2511 1100 2571 1152 τὸ
2596 1100 2781 1153 λοιπὸν
2804 1100 2915 1171 γὰρ
2956 1101 3123 1155 ἐλθὼν
3156 1106 3183 1156 ὁ
3225 1104 3452 1174 Κύριος,

194 1172 376 1239 γοῦσα
404 1175 785 1239 ἀδιαλείπτως.
819 1178 1116 1249 Corruptio
1153 1188 1247 1234 aut
1283 1181 1478 1235 lacuna
1518 1180 1623 1236 ista
1675 1196 1775 1235 ne-

1766 1210 1775 1220 -
1882 1186 2051 1241 ὲλθὼν
2105 1189 2200 1241 καὶ
2232 1190 2523 1260 γενόμενος
2552 1191 2610 1244 ὲν
2642 1192 2811 1262 αύτῷ.
2863 1192 2973 1247 Aut
3012 1194 3247 1248 alterum
3282 1172 3454 1248 ἐλθὼν

195 1268 315 1321 scio
368 1264 518 1323 unde
576 1270 814 1339 accidit;
870 1273 1137 1328 accidisse
1174 1289 1241 1328 ex
1272 1273 1475 1343 Opusc.
1516 1274 1583 1329 VI
1651 1288 1774 1329 cer-
1882 1308 1883 1321 η

1769 1303 1774 1312 ·
1882 1278 2233 1343 eiiciendum,
2263 1289 2357 1335 aut
2383 1281 2673 1351 legendum
2714 1284 2743 1335 ὁ
2776 1282 2978 1353 Κύριος
2997 1284 3138 1336 κατά
3165 1285 3263 1354 τὴν
3290 1286 3457 1354 ἐπαγ-

200 1367 321 1411 tum
352 1368 462 1413 est.
1878 1387 1888 1400 '

1878 1370 2084 1439 γελίαν,
2125 1372 2218 1424 καὶ
2246 1372 2534 1441 γενόμενος
2564 1380 2694 1435 cet.,
2725 1380 2784 1426 ut
2808 1382 2983 1428 exstat
3016 1374 3073 1428 in
3105 1373 3305 1445 Opusc.
3336 1377 3451 1443 VII;

268 1449 397 1505 CAP.
441 1450 536 1505 XII
584 1462 708 1522 post
756 1453 1038 1509 medium:
1075 1455 1261 1527 ἐπειδὴ
1295 1451 1390 1510 οὖν
1428 1455 1580 1530 [Pag.
1618 1456 1705 1529 10]
1738 1459 1771 1529 ή
1876 1472 1934 1517 et

1075 1455 1261 1527 ἐπειδὴ
1295 1451 1390 1510 οὖν
1428 1455 1580 1530 [Pag.
1618 1456 1705 1529 10]
1738 1459 1771 1529 ή
1876 1472 1934 1517 et
1975 1464 2255 1533 corruptio
2283 1464 2503 1533 quidem
2536 1463 2726 1519 facilis.

193 1541 424 1595 ἐναντία
459 1543 685 1613 δύναμις
734 1548 1104 1618 προτρεπτική
1147 1548 1328 1611 ἐστιν,
1388 1549 1488 1602 οὐκ
1534 1550 1773 1617 ἀναγκα-

1763 1580 1773 1590 ·
1946 1552 2218 1609 ΟΑΡ.ΧΙΙΙΙ
2233 1554 2397 1624 paulo
2430 1562 2552 1625 post
2572 1555 2788 1609 initium
2806 1572 2903 1626 pro
2917 1556 2949 1628 ἢ
2963 1557 3151 1609 ἀπόλει
3162 1557 3260 1627 τὴν
3271 1558 3451 1629 χάριν.

195 1632 385 1703 στικὴ,
432 1635 528 1687 καὶ
577 1636 697 1689 θεία
732 1637 891 1707 χάρις
943 1640 1315 1709 προτρεπτική
1349 1637 1489 1692 ἐστι.
1521 1637 1666 1710 Lego
1698 1638 1769 1692 ob
1875 1641 2724 1714 ἢλαμδάνεικαὶπίπτειιοεοεῆν
2744 1644 2920 1711 ελαὸε,
2948 1646 3042 1698 καὶ
3060 1645 3449 1715 πίπτενῆζοθι.

190 1724 491 1779 meliorem
526 1728 926 1783 connexionem
966 1746 979 1782 :
1014 1729 1199 1800 ἐπειδὴ
1225 1724 1339 1794 οὖν,
1371 1728 1447 1794 ὡς
1474 1731 1509 1800 ἠ
1549 1730 1770 1784 ἐναντία
1874 1730 1878 1785 ἶ

1762 1747 1770 1782 '.
1874 1730 1942 1786 Et
1963 1732 2127 1801 paulo
2143 1741 2293 1801 post:
2315 1732 2617 1801 ὀφείλουσιν
2633 1730 2727 1787 οὖν
2762 1733 3068 1805 βουλόμενοι
3100 1736 3160 1800 ἐξ
3184 1737 3450 1805 ἀληθείας

186 1812 449 1883 δόναμις,
483 1818 576 1869 καὶ
609 1817 641 1885 ἡ
674 1815 793 1870 θεία
819 1818 974 1887 χάρις
1017 1821 1386 1890 προτρεπτική
1429 1819 1568 1883 ἐστι,
1604 1818 1693 1873 διά
1713 1819 1775 1872 τὸ
1807 1806 1848 1862 Β
1876 1822 2231 1893 εὐαρεστῆσαι
2260 1822 2339 1893 τῷ
2365 1823 2538 1894 θεῷ...
2560 1826 2653 1879 καὶ
2670 1825 2947 1896 βιάζεσθαι
2981 1826 3195 1896 πρῶτον
3217 1829 3407 1880 ἑαυτόν
3432 1846 3446 1881 :

187 1906 542 1972 αὐτεξούσιον
574 1909 666 1961 καὶ
697 1908 842 1961 λιτὸν
872 1910 969 1978 τῆς
1010 1908 1245 1978 φύσεως,
1279 1911 1465 1964 λοιπὸν
1517 1912 1613 1965 ἐάν
1644 1919 1754 1967 cet.

1876 1912 1999 1967 dele
2044 1914 2138 1965 καὶ
2184 1920 2309 1967 ante
2342 1912 2661 1981 βιάζεσθαι,
2698 1924 2753 1969 et
2777 1932 2918 1985 pone
2948 1931 3048 1985 pro
3080 1932 3147 1971 eo
3174 1919 3355 1981 colon,
3389 1925 3447 1972 et

186 1999 273 2053 Ita
315 2001 503 2054 omnia
551 2002 866 2056 cohaerent.
930 2002 1037 2057 Pro
1081 2002 1222 2056 λιτὸν
1254 2004 1438 2057 malim
1477 2002 1770 2069 αὐταίτιον,

1760 2042 1770 2068 ,
1876 2016 1978 2070 pro
2014 1999 2204 2053 ἑαυτὸν
2240 2000 2391 2072 [Pag.
2420 2001 2509 2073 l2]
2541 2004 2660 2072 lege
2686 2004 2941 2068 ὲαυτούςς
2970 2022 3095 2059 nam
3121 2009 3361 2076 pertinet
3378 2009 3448 2063 ad

185 2091 341 2161 quod
382 2091 529 2146 idem
563 2091 676 2146 fere
703 2102 788 2147 est
838 2108 903 2147 ao
934 2094 1296 2160 αὐτεξούσιον,
1333 2104 1530 2149 notans
1553 2096 1773 2152 liberta-

1762 2125 1773 2138 .
1878 2092 2211 2162 βουλόμενοι.
2247 2094 2508 2163 Sequitur
2539 2102 2729 2164 postea
2760 2113 2773 2148 ε
2804 2096 3011 2167 μεγάλη
3048 2097 3252 2167 ὖψωτις
3287 2101 3320 2170 η
3354 2118 3450 2155 τα-

185 2190 304 2237 tem
337 2183 643 2237 arbitrandi
668 2191 723 2237 et
747 2184 1096 2239 decernendi.
1122 2185 1228 2240 Pro
1262 2202 1372 2255 quo
1396 2187 1451 2239 in
1472 2185 1671 2257 Opusc.
1697 2203 1770 2243 νη

184 2291 312 2344 cap.
377 2275 412 2331 3
459 2283 545 2329 est
584 2276 866 2347 ἐλεύθερον
908 2278 1002 2330 καὶ⁵
1024 2278 1383 2342 αὐτεξούσιον.
1412 2279 1611 2335 Aﬂines
1643 2287 1772 2335 sunt

181 2366 385 2422 literae
416 2369 460 2420 Δ
482 2376 540 2423 et
565 2368 608 2421 Λ
634 2384 893 2437 graecae;
927 2369 1051 2423 inde
1078 2384 1250 2434 error,
1273 2387 1370 2441 per
1386 2372 1769 2442 compendium

181 2457 472 2513 scribendi
520 2458 761 2527 adjutus.
804 2459 874 2512 Et
902 2460 1154 2515 similiter
1191 2470 1433 2517 erratum
1463 2478 1583 2517 esse
1611 2462 1771 2517 vide-

182 2557 281 2603 tur
317 2551 485 2619 paulo
534 2557 657 2619 post
688 2551 744 2604 in
776 2550 970 2605 eodem
1027 2550 1225 2622 Opusc.
1265 2552 1286 2606 I
1330 2571 1341 2605 :
1379 2553 1564 2625 ἐπειδὴ
1594 2553 1770 2625 ἑαυτῷ

180 2641 403 2709 ἐγίνετο
445 2644 474 2695 ὁ
503 2640 787 2712 ἄνθρωπος
824 2643 994 2707 αἴτιος
1037 2644 1131 2697 τοῦ
1169 2643 1375 2712 ἀγαθοῦ
1399 2662 1412 2675 ·
1442 2644 1617 2715 αὐτῆς
1660 2646 1768 2717 γάρ

181 2730 307 2783 ἐστι
350 2732 451 2801 τῆς
480 2731 693 2800 φύσεως
723 2726 893 2796 οὗτος.
916 2734 1023 2789 Pro
1057 2735 1257 2803 quibus
1283 2736 1570 2806 legendum
1596 2744 1765 2805 puto:

180 2821 542 2885 αὑτεξουσίου
581 2823 689 2893 γάρ
745 2825 864 2876 ἐστι
928 2824 1026 2893 τῆς
1078 2824 1310 2892 φύσεως.
1368 2826 1503 2881 Nam
1550 2828 1768 2897 vulgata

180 2914 464 2982 scriptura
504 2914 743 2969 obscuro
794 2929 977 2969 sensu.
1010 2916 1078 2971 Et
1114 2917 1296 2987 priora
1342 2918 1563 2987 quidem
1600 2920 1767 2975 verba

180 3020 298 3058 non
328 3013 535 3060 temere
566 3004 882 3075 accipienda
938 3016 1085 3072 sunt,
1134 3023 1203 3062 ne
1243 3008 1426 3064 minus
1458 3010 1765 3080 pelagizare

180 3094 503 3150 videantur.

1875 2183 2163 2247 πείνωσις’
2202 2184 2297 2238 καὶ
2327 2183 2576 2254 τιμιότης
2625 2184 2717 2238 καὶ
2753 2185 2969 2255 ἀξίωμα
3014 2188 3047 2257 ή
3090 2204 3450 2260 ταπεινοφρο-

1876 2274 2029 2345 σύνη.
2055 2274 2163 2329 Pro
2188 2290 2298 2344 quo
2325 2274 2382 2329 in
2412 2274 2648 2329 Homilia
2679 2275 2842 2330 citata
2867 2277 3048 2348 [Hom.
3086 2295 3174 2332 xu
3212 2279 3238 2349 §
3280 2278 3335 2351 8']
3363 2281 3449 2335 le«

1874 2367 2017 2436 gitur
2062 2385 2074 2419 :
2121 2365 2331 2436 μεγάλη
2378 2365 2705 2431 ταπείνωσις
2759 2368 2793 2438 ὴ
2846 2368 3295 2440 ὑψηλοφροσύνη·
3352 2370 3449 2423 καὶ

1877 2461 2087 2530 μεγάλη
2124 2459 2331 2529 ὖψωσις
2370 2461 2466 2513 καὶ
2520 2461 2767 2532 τιμιότης
2812 2462 2908 2515 καὶ
2956 2461 3169 2531 ἀξίωμα
3202 2465 3450 2534 ἡταπει-

1872 2551 2213 2622 νοφροσύνηε
2259 2552 2514 2606 similiter
2556 2561 2733 2608 exstat
2759 2554 2815 2607 in
2850 2552 3051 2622 Opusc.
3082 2555 3173 2608 VII
3207 2570 3325 2624 cap.
3356 2555 3442 2610 l9.

1873 2643 2049 2713 Atque
2084 2644 2189 2698 hoc
2217 2645 2417 2699 melius
2458 2660 2580 2700 esse
2608 2646 2847 2700 videtur.
2888 2646 2956 2699 Et
2990 2645 3056 2700 ad
3083 2646 3245 2699 ﬁnem
3281 2661 3447 2716 porro

1872 2734 2072 2804 legitur
2101 2751 2114 2785 :
2138 2735 2233 2787 καὶ
2268 2733 2442 2798 οὕτως
2467 2734 2576 2787 τῶν
2606 2734 2839 2788 ἐντολῶν
2867 2735 2961 2787 τοῦ
2992 2735 3198 2805 Κυρίου
3229 2735 3447 2808 πληρω-

1874 2824 2066 2877 θεισῶν
2112 2825 2196 2893 ἐφ’
2232 2826 2385 2894 ἡμῖν.
2434 2826 2543 2880 Pro
2580 2842 2690 2894 quo
2730 2825 3025 2895 legendum
3053 2825 3143 2893 ὑφ’
3174 2826 3350 2895 ἡμῶν,
3383 2836 3446 2880 ut

1870 2914 2033 2969 etiam
2078 2913 2135 2967 in
2181 2912 2419 2969 Homilia
2465 2923 2660 2970 exstat.
2705 2915 2851 2969 Haec
2896 2914 3137 2969 breviter
3193 2914 3263 2969 ad
3307 2916 3444 2969 In“

1871 3002 2228 3075 Opusculum.

1941 3094 2019 3148 An
2076 3108 2345 3148 secunnmt
2393 3092 2744 3159 Opuscuwl,
2798 3094 2938 3162 Περὶ
2969 3094 3336 3161 τελειότητος
3374 3093 3446 3147 ἐν

253 3206 382 3263 CAP.
428 3209 547 3263 XIII
594 3227 608 3263 :
657 3212 749 3262 καὶ
797 3209 967 3273 οὕτως
1026 3208 1062 3264 ἀ
1100 3208 1196 3263 νῦν
1244 3209 1382 3280 μετά
1415 3209 1534 3279 βίας
1560 3211 1655 3266 καὶ
1689 3210 1764 3283 μὴ
1790 3183 1832 3212 υ
1870 3200 1941 3237 π’

1752 3183 1832 3283 ιν
1870 3184 2179 3253 πνεύματι,
2216 3199 2387 3254 pauca
2424 3193 2482 3240 et
2509 3185 2656 3240 levia
2700 3185 2832 3240 item
2872 3185 3049 3241 habeo
3082 3200 3222 3255 quae
3256 3183 3440 3255 profe-

181 3300 453 3369 θελούσης
506 3301 602 3370 τῆς
643 3302 869 3371 καρδίας
936 3303 1118 3363 ποιεῖ,
1170 3300 1368 3364 ἐθίζειν
1419 3302 1611 3355 ἑαυτὸν
1671 3302 1761 3356 διά

180 3390 393 3452 παντὸς
443 3392 521 3452 είς
568 3390 629 3443 τὸ
679 3390 878 3459 ἀγαθὸν
909 3393 1002 3444 καὶ
1051 3391 1143 3444 τοῦ
1189 3392 1393 3463 Κυρίου
1431 3393 1517 3445 ἀεὶ
1558 3409 1768 3463 μνημο-

179 3481 386 3543 νεύειν,
417 3485 511 3534 καὶ
534 3483 834 3553 προσδοκᾷν
852 3484 1014 3536 αὑτὸν
1032 3483 1120 3536 διὰ
1145 3484 1344 3546 παντὸς
1368 3485 1424 3536 ὲν
1446 3485 1613 3554 πολλῇ
1638 3486 1769 3552 ἀγα-

177 3571 369 3639 θότητι
407 3572 501 3625 καὶ
525 3573 730 3644 ἀγάπῃ.
754 3575 979 3629 Versio:
1012 3575 1083 3629 Et
1111 3577 1185 3629 sic
1206 3591 1341 3645 quae
1367 3592 1507 3629 nunc
1540 3592 1631 3647 per
1658 3578 1761 3629 vim

178 3671 231 3715 et
286 3664 441 3716 corde
474 3666 637 3717 inuito
689 3666 834 3735 facit,
890 3666 1243 3735 adsuefaciant
1296 3668 1467 3736 ipsum
1521 3669 1576 3720 in
1616 3683 1767 3721 omne

179 3762 391 3823 tempus
434 3755 502 3807 ad
544 3755 754 3821 bonum,
796 3767 843 3809 et
879 3757 947 3810 ad
991 3773 1193 3825 semper
1233 3757 1405 3810 vivam
1433 3755 1528 3809 Dei
1567 3771 1765 3809 memo-

177 3848 324 3899 riam
371 3847 705 3912 habendam,
751 3856 798 3901 et
835 3850 1237 3919 exspectandum
1287 3866 1405 3902 eum
1457 3865 1660 3917 semper
1707 3850 1764 3903 in

178 3935 357 3989 multa
396 3937 624 3992 bonitate
669 3946 717 3991 et
750 3941 991 3993 caritate.
1043 3939 1147 3995 Ubi
1195 3956 1386 3994 sensus
1424 3947 1507 3994 sat
1559 3941 1758 4006 bonus,

179 4029 351 4082 modo
379 4045 504 4082 eum
537 4046 729 4099 graeca
765 4039 1104 4099 paterentur.
1129 4030 1264 4085 Nam
1295 4031 1504 4100 integra
1532 4040 1759 4086 senten-

180 4120 261 4172 tia
292 4120 494 4173 omissa
519 4128 604 4174 est
634 4136 701 4173 ex
725 4121 1007 4175 oscitantia
1026 4121 1259 4185 librarii,
1290 4137 1357 4176 ex
1387 4122 1620 4177 Homilia
1649 4141 1755 4187 xrx,

181 4206 280 4259 ubi
320 4207 499 4261 omnia
550 4207 742 4261 eadem
790 4208 1063 4262 habentur
1114 4208 1215 4277 δε,
1248 4210 1543 4279 repetenda
1577 4221 1632 4265 et
1670 4229 1758 4266 re-

180 4296 479 4349 stituenda.
522 4296 747 4365 Legitur
783 4298 931 4351 enim
969 4298 1045 4351 ibi
1098 4299 1171 4354 ita
1221 4316 1234 4351 :
1275 4300 1369 4351 καὶ
1396 4300 1567 4364 οὕτως
1595 4301 1631 4354 ἀ
1664 4301 1758 4355 νῦν

184 4388 329 4459 μετά
373 4387 495 4457 βίας
542 4388 782 4458 ἀκούσης
835 4389 937 4458 τῆς
998 4390 1223 4459 καρδίας
1272 4394 1449 4456 ποιεῖ,
1495 4392 1755 4456 ἑκουσίως

1871 3294 2006 3333 ram.

1937 3386 2061 3441 CAP.
2116 3388 2160 3443 ν
2212 3388 2414 3458 legitur
2456 3387 2619 3457 vulgo
2653 3396 2708 3442 et
2743 3387 3104 3458 distinguitur
3131 3404 3143 3439 :
3170 3382 3276 3440 οἶδε
3307 3386 3438 3458 γὰρ,

1868 3480 2029 3549 φησὶν
2063 3480 2095 3549 ἡ
2136 3479 2340 3549 γραψὴ,
2374 3478 2443 3530 τὰ
2479 3478 2687 3549 κρύφια
2736 3477 2907 3530 ταῦτα
2929 3479 3028 3546 τῆς
3064 3477 3241 3546 ψυχῆς
3258 3478 3439 3548 ἀμαρ-

1864 3570 2079 3639 τῄματα
2135 3571 2192 3622 ὲν
2239 3570 2341 3639 ἴσῳ
2388 3572 2499 3631 τοῖς
2557 3570 2710 3632 ὲκτὺς
2764 3568 3030 3633 τίθεσθαι,
3075 3585 3141 3624 ex
3183 3570 3438 3624 versione

1863 3659 2072 3728 vulgari
2124 3659 2199 3712 ita
2244 3658 2374 3711 item
2416 3658 2674 3714 distincta
2716 3658 2917 3712 :Novit
2968 3660 3127 3723 enim,
3161 3661 3236 3712 ait
3290 3656 3439 3712 Scri-

1865 3759 2041 3819 ptura,
2072 3748 2275 3802 occulta
2308 3751 2434 3803 haec
2475 3752 2687 3803 animae
2731 3760 2944 3820 peccata
2991 3752 3111 3820 pari
3166 3750 3277 3803 loco
3317 3767 3436 3804 cum

1864 3841 2089 3892 externis
2130 3838 2383 3893 Dominus
2416 3856 2642 3894 censere.
2677 3840 2779 3895 Ubi
2830 3840 2967 3893 adeo
2996 3839 3200 3909 Κύριος
3226 3841 3365 3894 male
3396 3855 3429 3894 a

1874 3930 2241 3999 sequentibus
2264 3930 2556 4001 abruptum
2582 3940 2638 3985 et
2666 3932 2773 3984 huc
2797 3938 3031 3984 tractum
3048 3939 3149 3995 est,
3177 3931 3305 3999 quia
3337 3930 3438 3985 ali-

1865 4028 1949 4074 ter
1993 4021 2183 4075 deerat
2238 4022 2545 4091 subjectum
2600 4022 2657 4075 in
2709 4021 2941 4074 ratione.
2977 4020 3083 4074 Sed
3124 4036 3431 4089 perperam.

1860 4115 1977 4168 Vox
2010 4115 2141 4183 φησὶ
2189 4115 2413 4168 minime
2456 4113 2524 4166 ad
2572 4114 2757 4183 γραφὴ
2791 4114 3062 4182 pertinet,
3096 4113 3193 4166 sed
3221 4121 3305 4165 est
3339 4112 3434 4167 illa

1860 4207 2139 4260 sollemnis
2196 4205 2252 4258 in
2306 4206 2393 4258 his
2445 4204 2734 4274 Opusculis
2790 4205 3042 4267 formula,
3095 4220 3201 4272 qua
3248 4203 3430 4259 scriba

1859 4307 1954 4351 aut
1985 4297 2244 4351 collector
2278 4296 2475 4349 horum
2511 4297 2938 4349 Macarianorum
2987 4296 3197 4359 innuit,
3248 4296 3429 4349 Maca-

1859 4389 2000 4441 rium
2042 4388 2145 4441 hoc
2174 4386 2308 4439 illud
2339 4402 2589 4440 sermone
2620 4387 2943 4440 celebrasse.
2986 4386 3267 4455 Distingue
3296 4401 3429 4456 ergo

179 4467 386 4547 πράξει
425 4480 575 4543 ποτὲ,
608 4479 799 4542 ἐθίζων
828 4478 977 4551 [Pag.
1006 4479 1096 4551 ll]
1117 4480 1308 4533 ἑαυτὸν
1339 4482 1424 4535 δτά
1458 4484 1656 4545 παντὸς
1677 4486 1755 4547 είς
1788 4511 1827 4563 D
1857 4479 1867 4531 i

1736 4501 1755 4547 ;
1788 4511 1827 4563 ι)
1857 4479 1931 4531 ita
1964 4496 1976 4530 :
2013 4473 2117 4530 οἶδε
2143 4476 2274 4547 γὰρ,
2311 4478 2474 4545 φησὶν
2509 4475 2854 4548 [Μακάριος],
2898 4478 2930 4543 ἡ
2960 4477 3146 4547 γραφὴ
3183 4478 3253 4529 τὰ
3289 4478 3424 4544 κρύ-

178 4569 245 4620 τὺ
274 4568 498 4635 ἀγαθὸν,
538 4570 632 4620 καὶ
682 4569 773 4621 τοῦ
810 4570 1009 4640 Κυρίου
1068 4572 1418 4641 μνημονεύων
1467 4582 1573 4627 cet.
1612 4574 1751 4629 Hinc
1856 4586 1866 4618 ε

1735 4590 1751 4629 3
1856 4585 2020 4636 φια...
2054 4566 2318 4628 τίθεσθαι,
2383 4569 2522 4619 novit
2567 4568 2707 4619 enim
2741 4565 3017 4636 Scriptura
3057 4568 3182 4620 haec
3218 4566 3423 4623 occulta

181 4661 241 4714 in
273 4659 473 4729 Opusc.
507 4660 527 4713 Ι
563 4661 853 4732 legendum
887 4679 899 4714 :
1044 4664 1142 4733 τῆς
1168 4664 1392 4733 καρδίας
1416 4668 1577 4729 ποιεῖ,
1602 4668 1755 4719 ἐκου-

183 4749 319 4811 σίως
352 4750 547 4820 πράξει
580 4750 731 4815 ποτὲ,
754 4750 1035 4813 ὲθίζων....
1082 4755 1432 4823 μνημονεύων
1462 4756 1556 4807 καὶ
1587 4773 1753 4824 προσ-

178 4838 360 4891 δοκῶν
411 4846 517 4893 cet.
574 4839 652 4892 Ita
712 4848 860 4895 recte
913 4842 1025 4911 jam
1078 4842 1299 4897 habent.
1346 4843 1513 4898 Paulo
1568 4854 1690 4913 post
1737 4862 1751 4898 :

190 4933 396 5004 μᾶλλον
432 4934 488 4986 δὲ
530 4936 558 4986 ὁ
595 4933 798 5004 Κύριος
840 4938 988 4988 ποιεῖ
1014 4937 1071 4990 ὲν
1110 4937 1257 5007 αύτῷ
1295 4939 1392 5001 τὰς
1422 4938 1559 5001 ἰδίας
1589 4938 1754 4992 αὑτοῦ

184 5022 413 5085 ἐντολὰς
440 5064 455 5086 ,
523 5023 617 5076 καὶ
662 5024 788 5087 τοὺς
845 5026 1089 5094 καρποὺς
1135 5026 1229 5079 τοῦ
1271 5026 1614 5097 πνεύματος,
1668 5030 1756 5081 ὅτε

183 5117 532 5187 καρποφορεῖ
574 5115 847 5186 καθαρῶς.
882 5116 1199 5187 Legendum
1236 5120 1368 5171 τότε
1393 5124 1754 5191 καρποφορεῖ,

182 5222 385 5274 nempe
422 5206 544 5259 talis
574 5207 745 5259 homo.
787 5206 863 5260 Ita
893 5223 1002 5261 non
1042 5209 1219 5262 solum
1260 5209 1314 5262 in
1348 5210 1580 5263 Homilia
1612 5211 1757 5265 exci-

183 5307 298 5351 tata
336 5298 554 5367 legitur,
605 5298 700 5351 sed
746 5305 801 5351 et
836 5297 951 5366 ipsa
1001 5299 1270 5354 connexio
1295 5301 1468 5370 jubet.
1520 5301 1690 5356 Porro
1736 5319 1747 5353 :

184 5390 284 5441 καὶ
318 5387 657 5451 ἁπαξαπλῶς
694 5394 852 5459 τηρεῖ
904 5389 1052 5459 αύτῷ
1089 5390 1179 5443 τὸν
1210 5391 1419 5460 καρπὸν
1443 5391 1536 5444 τοῦ
1588 5392 1752 5445 πνεύ-

187 5496 376 5551 ματος.
437 5479 751 5550 Legendum
804 5497 869 5535 ex
937 5481 1167 5536 Homilia
1230 5490 1285 5536 et
1356 5481 1631 5551 Opusculo
1662 5483 1755 5537 VII

182 5585 312 5639 cap.
358 5570 426 5624 I8
464 5588 479 5623 :
528 5570 725 5640 πληροῖ
758 5572 919 5624 αὑτὸν
946 5573 1053 5624 τῶν
1088 5570 1330 5642 καρπῶν.
1365 5573 1567 5626 Vitium
1594 5588 1623 5627 a
1671 5573 1755 5627 diu

184 5670 373 5716 etanta
408 5662 578 5715 venit.
638 5662 766 5716 Post
800 5679 899 5731 pro
937 5681 949 5714 :
987 5663 1090 5733 χρὴ
1128 5663 1233 5733 γὰρ
1277 5664 1525 5724 ἕκαστον,
1573 5664 1759 5735 ὥσπερ

188 5754 269 5816 είς
288 5752 387 5824 τὴν
438 5751 601 5825 εὐχὴν
643 5752 885 5823 βιάζεται
929 5754 1116 5809 ἑαυτὸν
1146 5756 1235 5810 καὶ
1274 5755 1430 5825 ἄγχει
1462 5766 1591 5825 cct.,
1629 5756 1755 5813 licet

1854 4662 2063 4713 animae
2107 4660 2235 4713 vitia
2264 4661 2382 4730 pari
2412 4665 2465 4713 in
2504 4660 2692 4728 pretio,
2729 4676 2791 4711 ac
2822 4659 2921 4712 illa
2961 4668 3179 4712 externa
3209 4676 3421 4728 ponere.

1858 4750 2154 4820 Sequentia
2202 4750 2421 4813 docent,
2460 4750 2607 4803 hunc
2644 4765 2766 4803 esse
2798 4766 2989 4804 verum
3028 4765 3286 4814 sensum,
3322 4749 3418 4805 ubi

1860 4838 2149 4907 alligantur
2189 4839 2396 4908 aliquot
2433 4838 2677 4892 carmina
2716 4839 3029 4907 Scripturae
3065 4838 3134 4892 de
3188 4839 3423 4894 occultis

1859 4929 2057 4982 talibus
2094 4928 2244 4982 vitiis
2282 4928 2428 5000 [Pag.
2478 4927 2568 4998 l5]
2600 4928 3030 4998 pronuntiantia.
3068 4929 3263 4983 Statim
3298 4938 3421 4999 post

1858 5022 1960 5075 ista
2019 5022 2266 5092 sequitur
2320 5029 2614 5091 corruptus
2667 5022 2796 5075 item
2833 5022 2990 5076 locus
3023 5038 3036 5073 :
3070 5021 3295 5073 καὶτῶν
3323 5022 3420 5075 λα-

1857 5113 2090 5167 λούντων
2113 5115 2331 5185 εἰρήνην
2385 5114 2521 5183 μετά
2559 5114 2666 5166 τῶν
2718 5113 2946 5182 πλησίον
2990 5113 3190 5177 αὐτῶν,
3230 5114 3324 5167 καὶ
3352 5114 3421 5168 τὰ

1856 5206 1980 5275 ἑξῆς
2000 5224 2013 5237 ·
2046 5206 2138 5259 καὶ
2168 5205 2330 5258 πάλιν
2356 5222 2369 5237 ·
2415 5206 2507 5258 καὶ
2538 5204 2644 5275 γὰρ
2682 5206 2740 5256 ὲν
2770 5204 2965 5274 καρδίᾳ
2995 5204 3223 5272 ἀνομίας
3252 5204 3419 5275 ὲργά-

1858 5298 2044 5361 ζεσθαι
2079 5299 2135 5350 ὲν
2163 5299 2229 5367 τῇ
2259 5299 2349 5366 γῇ.
2391 5296 2495 5351 Ubi
2519 5296 2753 5365 primum
2788 5312 2978 5349 sensus
3017 5311 3126 5349 non
3154 5294 3420 5363 exprimi-

1860 5400 1968 5454 tur,
2014 5388 2106 5458 qui
2157 5389 2212 5441 in
2250 5388 2462 5442 Psalmo
2509 5395 2611 5453 est,
2648 5388 2855 5443 scilicet
2901 5403 3016 5452 eos,
3057 5388 3150 5455 qui
3180 5386 3326 5440 aliud
3369 5392 3423 5445 in

1857 5492 2096 5551 pectore,
2129 5496 2290 5549 quam
2326 5480 2381 5533 in
2414 5480 2596 5549 lingua
2637 5481 2891 5545 habeant,
2924 5496 2955 5534 a
2987 5479 3098 5534 Deo
3132 5479 3419 5549 insigniter

1859 5574 2061 5644 puniri,
2095 5582 2155 5625 ut
2192 5573 2329 5626 alios
2359 5581 2544 5641 aperte
2580 5582 2915 5641 peccatores.
2947 5564 3151 5625 Deinde
3181 5569 3418 5625 efﬁcitur

1860 5663 2013 5734 quasi
2060 5663 2198 5717 alius
2230 5664 2384 5717 locus
2424 5680 2436 5714 ε
2474 5664 2532 5714 ἐν
2585 5663 2780 5732 καρδίᾳ
2821 5662 3047 5729 ἀνομίας
3086 5660 3416 5731 ἐργάζεσθαι

1862 5759 1919 5810 ιν
1951 5758 2017 5828 τῇ
2054 5760 2145 5828 γῇ,
2179 5772 2341 5828 quem
2376 5763 2430 5810 et
2458 5755 2639 5811 versio
2682 5754 2848 5813 latina
2877 5755 2951 5810 ita
2980 5751 3255 5823 exprimit,
3291 5767 3416 5808 cum
