4274 6358
821 367 931 428 279

2105 379 2199 436 JO.
2241 378 2387 435 SAL.
2432 379 2791 438 SEMLERUS

3940 378 4049 438 280

823 484 927 537 tale
957 482 1163 538 dictum
1201 500 1311 538 non
1364 485 1696 553 inveniatur,
1725 496 1780 543 et
1814 490 1858 544 si
1908 491 2265 559 inveniretur,
2300 504 2378 548 ta-
2406 494 2708 564 Aipsorum
2763 503 2811 547 et
2871 493 3208 547 cadaveribus
3269 494 3325 547 in
3377 494 3596 547 deserto.
3645 494 3748 557 Ita,
3796 492 4044 562 inquam,

818 590 945 629 men
966 577 1035 630 ad
1066 592 1178 631 rem
1207 587 1487 633 tractatam
1517 596 1625 635 non
1664 584 1950 652 pertineat.
1981 585 2118 639 Hinc
2144 594 2269 642 ante
2291 587 2382 639 λα-

821 669 1055 722 λούντων
1080 672 1395 739 reponenda
1421 682 1567 736 sunt,
1590 690 1728 743 quae
1754 684 1970 730 exstant
1994 679 2048 730 in
2075 679 2162 732 Ps.
2194 695 2379 744 xxvm,

820 758 886 813 ὃς
918 760 1007 829 Μὴ
1039 760 1367 833 συνελκύσῃς
1399 763 1539 831 μετά
1572 766 1905 837 ἁμαρτωλῶν
1932 770 2028 839 τὴν
2054 772 2230 840 ψυχήν
2258 789 2381 841 μου,

823 852 916 904 καὶ
952 851 1086 921 μετά
1118 854 1499 921 ἐργαζομένων
1533 857 1747 910 ἀδικίαν
1780 858 1852 928 μὴ
1893 861 2261 931 συναπολέσῃς
2292 880 2381 931 με,

822 942 930 994 τῶν
958 941 1258 996 λαλούντων
1309 952 1441 1007 cet.,
1477 944 1707 1000 delenda
1732 964 1861 1003 vero
1881 959 2009 1004 sunt
2032 953 2089 1003 ἐν
2118 954 2381 1022 καρδία...

821 1035 886 1103 τῇ
916 1035 1007 1103 γῇ.
1038 1033 1171 1087 Nam
1196 1034 1421 1103 ἀνομίας
1455 1037 1539 1090 vel
1576 1036 1803 1107 ἀνομίαν
1841 1048 1958 1094 erat
1981 1043 2198 1096 varians
2223 1044 2385 1098 lectio

822 1120 914 1173 τοῦ
943 1121 1181 1177 ἀδικίαν
1213 1124 1269 1176 in
1300 1125 1533 1190 Psalmo,
1570 1136 1627 1181 et
1661 1136 1843 1183 cetera
1878 1141 2131 1200 corrupta
2164 1133 2383 1188 aliunde

820 1223 970 1277 sunt,
1002 1216 1298 1269 memoriae
1348 1217 1481 1270 vitio
1528 1219 1817 1273 maximam
1858 1230 2088 1289 partem,
2123 1224 2215 1278 ubi
2245 1226 2386 1280 alius

822 1305 988 1359 citata
1027 1307 1183 1360 aliter
1215 1309 1465 1376 explevit.
1502 1310 1635 1363 Nam
1690 1328 1798 1365 non
1846 1314 2057 1383 integer
2094 1316 2249 1371 locus
2282 1334 2380 1386 ap-

824 1397 1035 1465 positus
1074 1396 1207 1460 fuit,
1242 1398 1336 1451 sed
1372 1408 1580 1453 tantum
1626 1402 1799 1469 prima
1841 1405 2037 1467 verba,
2074 1415 2129 1459 et
2173 1408 2385 1476 signum

822 1486 1088 1541 orationis
1120 1488 1385 1557 abruptae
1445 1508 1497 1542 κ.
1550 1509 1600 1543 τ.
1658 1509 1702 1545 ε.
1758 1493 1880 1547 Mox
1935 1497 2231 1565 sequitur:
2266 1500 2388 1550 ἐπεὶ

822 1576 942 1638 πῶς
996 1577 1219 1630 δυνατὸν
1266 1580 1733 1649 ἀγαθοεργοῡντας
1779 1584 1987 1637 ὲσάπαν
2034 1586 2249 1649 λαθεῖν,
2288 1606 2387 1657 pro

823 1681 934 1733 quo
994 1667 1192 1720 melius
1243 1670 1345 1738 legi
1386 1670 1602 1723 videtur
1648 1687 1809 1742 posse
1847 1691 1859 1726 :
1899 1675 2070 1737 εἴποις
2109 1677 2221 1739 πῶς
2253 1686 2383 1741 cet.,

822 1756 980 1809 dices.
1038 1756 1169 1810 Nam
1221 1759 1343 1810 ἐπεὶ
1401 1769 1551 1814 caret
1599 1764 1976 1828 connexione,
2014 1781 2175 1833 quam
2207 1775 2387 1822 tamen

824 1846 1109 1899 mentitur.

894 1933 1019 1987 CAP.
1076 1936 1144 1988 XI
1175 1954 1187 1987 :
1217 1936 1338 2005 ἥτις
1370 1936 1597 2009 [ὲντολὴ,
1648 1955 1759 1994 non
1790 1941 2000 2011 ἀγάπη,
2058 1952 2121 1997 ut
2169 1945 2386 2013 supplet

824 2023 1118 2096 interpres]
1150 2027 1254 2078 ἀπὸ
1282 2027 1375 2097 τῆς
1411 2030 1555 2081 ἔνδον
1602 2032 1759 2100 ἡμῶν
1808 2032 2099 2097 διαθέσεως
2142 2036 2386 2107 συνειδή-

825 2116 962 2179 σεώς
992 2134 1051 2169 τε
1084 2119 1311 2186 ἀγαθῆς,
1344 2121 1437 2172 καὶ
1470 2122 1663 2188 ὑγειῶν
1690 2123 1797 2175 τῶν
1832 2125 1965 2195 πρὸς
1993 2125 2124 2177 Θεὸν
2148 2127 2382 2191 ἐννοιῶν,

824 2210 1038 2277 συνάμα
1092 2211 1184 2260 καὶ
1245 2210 1490 2280 βοηθείας
1541 2216 2018 2287 συνεφαπτομένης
2074 2220 2385 2273 συνίσταται

823 2309 929 2353 cet.
984 2300 1125 2369 Lege
1172 2301 1418 2372 βοηθείας
1474 2304 1641 2367 θείας,
1684 2324 1809 2360 nam
1862 2310 1997 2363 haec
2047 2326 2151 2365 vox
2189 2326 2220 2365 a
2262 2312 2388 2384 βοη-

825 2390 973 2452 θείας
1012 2392 1235 2461 syllabis
1268 2396 1559 2462 postremis
1596 2397 1853 2467 absorpta
1889 2408 1990 2454 est.

894 2481 971 2535 An
1008 2482 1247 2538 TERTIUM
1293 2485 1625 2551 Oruscuwn,
1658 2490 1797 2557 Περὶ
1829 2492 2193 2562 προσευχῆς,
2218 2510 2387 2565 pauca

825 2570 960 2625 haec
989 2573 1255 2641 praefero.

895 2660 1018 2714 CAP.
1052 2662 1093 2715 V
1125 2680 1136 2715 :
1172 2666 1216 2714 εἱ
1255 2663 1385 2734 μὴή
1420 2668 1877 2738 ταπεινοφροσύνη
1901 2671 1996 2722 καὶ
2038 2673 2067 2739 ἠ
2106 2673 2314 2742 ἀγάπη,
2351 2676 2383 2743 ἡ

827 2752 1064 2820 ἁπλότης
1105 2770 1163 2804 τε
1215 2754 1307 2805 καὶ
1349 2756 1621 2826 ἀγαθότης
1666 2759 2064 2813 κατακολλῶσιν
2111 2762 2264 2833 [Pag.
2303 2765 2389 2837 14]

827 2843 957 2909 ἡμῖν
991 2844 1088 2911 τὴν
1121 2844 1281 2913 εὐχὴν
1315 2855 1441 2905 cet.,
1479 2848 1679 2901 Nisi....
1705 2851 2059 2919 conglutinent
2094 2854 2235 2907 nobis
2268 2872 2392 2909 ora-

828 2933 1058 2997 tionem;
1092 2949 1255 2987 sensu
1305 2952 1411 2989 non
1460 2939 1686 3006 optimo.
1746 2942 2057 3011 Legendum
2115 2948 2388 2999 κατακαλ-

828 3024 1033 3087 λιῶσιν,
1063 3038 1268 3090 ornent,
1307 3037 1365 3081 ut
1394 3029 1467 3100 (a)
1497 3033 1548 3084 in
1576 3033 1772 3101 Opusc.
1809 3036 1827 3088 I
1860 3052 1976 3105 cap.
2005 3038 2036 3090 9
2072 3056 2084 3090 :
2117 3039 2210 3091 ἐὰν
2244 3042 2316 3109 μὴ
2345 3042 2377 3110 ἡ

829 3117 1291 3189 ταπεινοφροσύνη
1320 3122 1412 3173 καὶ
1443 3124 1474 3189 ἡ
1506 3124 1744 3193 ἁπλότης
1787 3128 1879 3177 καὶ
1906 3129 1939 3197 ἡ
1986 3128 2255 3199 ἀγαθότης
2288 3149 2388 3183 κα-

829 3210 1154 3279 τακοσμήσῃ
1200 3212 1367 3279 ἡμᾶς.
1416 3211 1520 3266 Ubi
1576 3231 1676 3283 pro
1734 3219 1879 3285 ἡμᾶς
1932 3219 2070 3273 adde
2108 3222 2241 3289 ἡμῖν
2287 3224 2384 3292 τὴν

830 3296 1014 3366 εὐχήν,
1043 3312 1103 3355 ut
1124 3304 1430 3357 necessario
1455 3320 1647 3359 sensus
1674 3310 1911 3376 postulat
1941 3319 1997 3363 et
2024 3312 2241 3365 collatio
2269 3328 2392 3367 cum

828 3386 1102 3457 Opusculo
1134 3392 1236 3445 isto
1272 3394 1360 3446 III.
1416 3396 1649 3463 Κοσμέω
1675 3407 1731 3450 et
1757 3398 1985 3451 καλλιόω
2010 3401 2201 3453 eodem
2229 3419 2391 3456 sensu

830 3488 976 3532 sunt.
1021 3481 1088 3534 Et
1127 3484 1179 3535 in
1220 3484 1323 3538 line
1357 3487 1549 3553 capitis
1592 3488 1819 3557 hujusV
1855 3505 1997 3558 pone
2044 3494 2257 3562 signum
2306 3497 2391 3549 in-

834 3572 1186 3639 terrogandi:
1239 3576 1311 3643 μὴ
1347 3576 1552 3642 ἀγνοῶν
1582 3578 1825 3645 φαίνεται
1870 3580 2213 3649 ψυχαγωγεῖν
2268 3586 2393 3636 ἑαυ-

829 3660 921 3711 τὸν
970 3664 1468 3732 παρακρουόμενος,
1511 3668 1604 3719 καὶ
1639 3668 1886 3735 μεγάλων
1943 3670 2110 3734 ὅντως
2164 3676 2391 3745 καρπῶν

829 3748 925 3800 τοῦ
966 3751 1292 3820 πνεύματος,
1341 3754 1427 3807 διὰ
1467 3757 1527 3807 τὸ
1564 3756 1733 3820 οὕτως
1763 3757 1925 3826 ἔχειν,
1956 3761 2302 3832 ἀποστερῶν;
2332 3767 2391 3819 In

827 3842 1061 3909 vulgatis
1104 3852 1185 3897 est
1216 3844 1395 3896 τελεία
1442 3850 1661 3916 στιγμή,
1712 3850 1855 3917 quod
1888 3866 2103 3904 sensum
2146 3854 2389 3923 impedit.

901 3930 1025 3984 CAP.
1063 3932 1133 3985 IX
1191 3942 1434 3988 extremo
1485 3953 1584 4005 pro
1629 3938 1702 4001 ὡς
1754 3940 1813 3990 τὸ
1864 3941 1995 3993 πολὺ
2019 3944 2117 3995 οὐκ
2167 3946 2391 3998 ἐκπλεό-

827 4038 976 4080 νασε,
1011 4025 1104 4075 καὶ
1135 4024 1209 4085 ὡς
1253 4025 1313 4077 τὸ
1363 4026 1539 4092 ὀλίγον
1577 4028 1674 4080 οὐκ
1714 4030 2073 4101 ἠλαττόνησεν
2099 4036 2214 4103 lege
2240 4052 2302 4089 ex
2346 4038 2390 4091 Il

830 4111 980 4165 Cor;
1006 4130 1096 4166 vm
1122 4123 1178 4168 et
1209 4116 1378 4169 Exod.
1418 4134 1501 4171 xvr
1524 4137 1535 4171 :
1568 4122 1595 4171 ὁ
1623 4120 1683 4171 τὸ
1702 4121 1854 4183 πολὺ,
1878 4131 1933 4176 et
1960 4127 1986 4176 ὁ
2017 4126 2077 4177 τὸ
2103 4126 2279 4194 ὀλίγον
2306 4131 2389 4183 vel

828 4200 1067 4255 ἔλαττον.

896 4291 1019 4345 CAP.
1042 4292 1089 4344 Χ
1138 4302 1257 4360 post
1287 4294 1539 4348 initium:
1576 4299 1667 4348 καὶ
1699 4302 1762 4368 τῇ
1796 4302 1925 4371 εὑχῇ
1979 4305 2207 4375 ὀκνηρὸς
2245 4316 2386 4376 cct.;

825 4380 943 4451 lege
973 4384 1042 4436 ob
1075 4384 1353 4439 meliorem
1381 4389 1769 4449 connexionem
1796 4393 1887 4443 καί
1928 4409 2010 4460 γε,
2034 4397 2121 4449 vel
2154 4399 2247 4450 καὶ
2276 4400 2382 4470 γὰρ

829 4483 936 4525 σοι.

899 4564 1069 4632 Pergo
1107 4565 1172 4617 ad
1212 4582 1323 4619 exp.
1378 4568 1517 4631 XIII,
1559 4570 1775 4625 omissis
1804 4574 1989 4629 multis
2037 4578 2251 4633 mendis
2307 4589 2388 4651 ty--

826 4655 1213 4723 pographicis:
1246 4658 1369 4718 τοὺς
1406 4658 1663 4713 ἀδύνατον
1712 4665 2131 4731 ήγουμένους.,,.
2181 4669 2210 4719 ὁ
2255 4670 2389 4721 ἀπό-

831 4744 1014 4805 στολος
1046 4745 1340 4815 διαρρήδην
1363 4750 1604 4811 ἐοικότας
1656 4753 1847 4815 αὐτοὺς
1876 4756 2107 4809 δείκνυσι
2156 4762 2265 4821 τοῖς
2320 4762 2387 4812 δι’

828 4834 1084 4885 ἀπιστίαν
1117 4837 1214 4904 τὴν
1243 4837 1345 4905 γῆν
1378 4839 1473 4907 τῆς
1498 4842 1821 4909 ἐπαγγελίας
1854 4845 2109 4899 εἰσελθεῖν
2134 4847 2207 4917 μὴ
2233 4849 2388 4917 ἠξιω-

829 4924 1032 4994 μένοις,
1086 4927 1176 4977 καὶ
1202 4927 1287 4978 διὰ
1317 4928 1470 4980 τοῦτο
1510 4935 1871 4987 πεπτωκότων
1912 4937 2094 4999 αὐτοῖς
2118 4938 2225 4991 τῶν
2274 4941 2385 4993 κὼ-

826 5014 932 5065 λων
962 5016 1019 5066 ὲν
1056 5019 1120 5084 τῇ
1170 5017 1377 5088 ἐρήμῳ.
1435 5019 1537 5073 Ubi
1586 5038 1777 5091 graeca
1834 5028 2009 5079 oratio
2062 5029 2382 5099 σολοικίζει;

827 5105 1018 5165 saltem
1044 5106 1117 5159 ita
1144 5107 1383 5173 videtur,
1402 5110 1506 5164 nisi
1526 5119 1807 5168 commode
1838 5117 2161 5184 explicetur.
2187 5120 2381 5175 Latina

825 5196 1008 5250 versio
1030 5197 1163 5251 haec
1184 5215 1374 5268 graeca
1395 5202 1633 5271 neglexit
1660 5214 1884 5273 prOpter
1900 5209 2068 5261 solam
2092 5210 2231 5263 hanc
2250 5228 2379 5265 cau-

826 5300 962 5351 sam,
996 5295 1051 5341 et
1079 5291 1261 5357 posuit
1286 5293 1591 5347 versionem
1624 5297 1825 5366 vulgati
1855 5298 2183 5368 interpretis.
2213 5302 2291 5354 Tu
2310 5302 2383 5357 ita

824 5385 1014 5430 verte:
1063 5395 1301 5449 expresse
1328 5400 1334 5405 '
1361 5383 1556 5436 similes
1598 5386 1719 5439 dicit
1758 5390 1868 5441 istis
1888 5430 1901 5453 ,
1934 5393 2023 5459 qui
2055 5409 2087 5443 a
2125 5396 2383 5461 promissa

828 5477 974 5521 terra
1013 5480 1223 5541 propter
1250 5473 1505 5527 ἀπιστίαν
1540 5478 1783 5546 prohibiti
1810 5490 1954 5545 sunt,
1987 5486 2265 5553 prostratis
2302 5486 2384 5538 vel

827 5566 1042 5631 prapter
1082 5562 1201 5626 hoc,
1240 5562 1278 5615 i.
1324 5578 1373 5616 e.
1426 5566 1553 5633 quia
1607 5582 1715 5621 non
1774 5570 2090 5637 credebant,
2143 5574 2383 5628 membris

2483 601 2678 655 graeca
2712 584 2990 640 reddenda
3047 594 3195 640 sunt.
3228 586 3472 641 Clariora
3519 586 3702 639 omnia
3750 595 3959 649 essent,
4002 601 4047 639 δι

2483 677 2698 731 abesset
2741 693 2852 742 και,
2889 686 2946 732 et
2984 679 3259 749 legeretur
3280 686 3491 732 tantum
3514 678 3601 730 διὰ
3630 676 3806 730 τοῦτο.
3838 676 4049 730 Eodem

2483 768 2657 836 capite
2688 769 2847 837 paulo
2878 776 2999 836 post
3042 769 3143 822 ista
3173 786 3185 821 :
3219 770 3281 819 τὸ
3311 770 3365 821 δὲ
3395 768 3693 836 ἀποστῆναι
3714 767 3813 818 οὐκ
3834 767 3927 817 ἐπὶ
3954 765 4049 817 τοῦ

2484 859 2837 927 ἀρνήσασθαι,
2868 858 3013 929 [Pag.
3044 858 3132 929 15]
3161 858 3273 911 ἀλλ’
3305 860 3396 911 ἐπὶ
3419 857 3511 911 τοῦ
3543 861 3663 920 ταῖς
3694 857 4052 924 ἐπαγγελίαις

2485 947 2646 1000 αὐτοῦ
2694 949 3029 1019 ἀπιστῆσαι,
3061 950 3335 1003 τέθεικεν
3368 950 3556 1020 ἀμέλει
3595 950 3689 1001 καὶ
3732 950 3800 1001 τά
3844 948 4051 1000 τυπικὰ

2482 1039 2591 1092 τῶν
2637 1040 2900 1093 Ἰουδαίων
2922 1042 3253 1112 ἀλληγορῶν.
3295 1043 3395 1097 Ubi
3433 1043 3565 1112 quid
3602 1043 3673 1096 sit
3695 1041 3906 1110 ἀμέλει,
3940 1056 4053 1094 non

2485 1129 2836 1199 interpretari
2866 1146 3108 1199 possum.
3141 1131 3453 1202 Legendum
3494 1140 3627 1201 puto
3650 1147 3751 1201 pro
3783 1146 3850 1184 eo
3882 1131 4057 1182 τέθει-

2485 1237 2598 1285 κεν,
2628 1220 2952 1288 ἐπαγγελίας
2980 1223 3074 1274 καὶ
3098 1222 3166 1275 τά
3188 1223 3393 1275 τυπικά
3413 1223 3521 1275 τῶν
3564 1221 3852 1286 Ἰουδαίων,
3883 1221 4053 1292 ἀλλη-

2485 1314 2662 1381 γορῶν
2700 1322 2805 1367 cet.

2555 1422 2869 1478 OPUSCULUH
2898 1424 3010 1486 IIII,
3042 1424 3118 1475 De
3142 1424 3409 1477 Patientia
3438 1431 3488 1475 et
3520 1422 3863 1479 Discretione.

2554 1512 2683 1582 Cap.
2715 1514 2782 1567 III
2812 1514 3009 1583 legitur
3033 1532 3044 1566 :
3070 1514 3142 1576 ὡς
3170 1517 3218 1567 οἱ
3250 1515 3377 1584 περὶ¹
3408 1515 3579 1581 Ἰαννῆ
3603 1532 3743 1584 φημι
3767 1518 3859 1567 καὶ
3888 1518 4057 1586 Μαμ-

2486 1604 2641 1674 ϐρῆν,
2668 1614 2727 1656 ut
2756 1606 2953 1659 Jannes
2984 1616 3031 1659 et
3064 1605 3342 1659 Mambres.
3368 1607 3471 1661 Ubi
3497 1607 3625 1660 licet
3660 1608 3919 1678 Ἰαμϐρῆς
3943 1608 4056 1662 fre-

2486 1694 2742 1762 quentius
2764 1696 2852 1758 sit,
2875 1712 3035 1763 quam
3059 1712 3154 1765 per
3172 1696 3228 1749 Μ
3251 1697 3540 1760 Mambres,
3566 1697 3671 1750 hoc
3700 1705 3884 1751 tamen
3916 1699 4055 1752 ferri

2488 1785 2671 1847 debet,
2701 1786 2826 1854 quia
2851 1786 2905 1838 in
2933 1788 3215 1856 evangelio
3243 1788 3551 1857 apocrypho
3573 1787 3853 1841 Nicodemi
3880 1788 4057 1841 Ham-

2487 1875 2601 1926 bres
2633 1874 2763 1927 item
2808 1874 3027 1944 legitur,
3058 1891 3218 1943 quam
3272 1876 3599 1943 scripturam
3659 1875 3821 1927 etiam
3876 1883 4060 1928 servat

2488 1964 2599 2019 MS.
2624 1964 2794 2018 codex
2824 1966 2879 2019 in
2902 1966 3233 2020 bibliotheca
3262 1964 3745 2034 Orphanotropbii.
3797 1964 4058 2019 Ceterum

2487 2054 2739 2108 videatur
2782 2055 3064 2109 Fabricius
3094 2056 3149 2109 in
3184 2055 3382 2110 Codice
3426 2055 3750 2125 Apocrypho
3793 2055 3858 2108 N.
3898 2054 3961 2107 Τ.
3990 2055 4058 2109 de

2489 2145 2591 2199 hac
2628 2162 2780 2200 voce.
2828 2147 2975 2201 Idem
3023 2147 3130 2201 MS.
3185 2148 3355 2200 codex
3405 2147 3627 2200 exhibet
3673 2146 3889 2199 Jamaes
3958 2162 4059 2215 pro

2486 2235 2685 2289 Jannes
2708 2254 2725 2301 ;
2746 2252 2847 2289 nec
2880 2237 3025 2307 piget
3057 2238 3325 2307 integrum
3354 2238 3532 2289 locum
3565 2237 3896 2300 exscribere,
3929 2238 4059 2305 quia

2490 2327 2676 2381 dili‘ert
2702 2343 2730 2380 a
2760 2328 2977 2397 vulgata
3001 2328 3238 2382 lectione
3266 2327 3406 2397 apud
3432 2327 3746 2380 Fabricium
3783 2345 3796 2377 :
3826 2336 3875 2379 et
3902 2335 4059 2379 erant

2487 2418 2557 2471 ibi
2591 2428 2832 2470 curantes
2875 2418 3059 2470 medici
3102 2419 3307 2471 nomine
3350 2416 3567 2469 Jamnes
3601 2425 3651 2467 et
3681 2414 3966 2476 Mambres,
4010 2421 4060 2466 et

2492 2508 2723 2577 fecerunt
2771 2510 2947 2578 signa,
2978 2524 3112 2579 quae
3154 2509 3271 2577 fecit
3305 2508 3525 2577 Moyses,
3564 2507 3654 2560 sed
3702 2522 3805 2559 non
3854 2507 4055 2558 omnia.

2496 2600 2686 2655 Lectio
2717 2602 2935 2669 vulgata
2972 2601 3136 2653 habet
3177 2617 3191 2653 :
3248 2600 3421 2653 Erant
3473 2600 3545 2651 ibi
3593 2598 3734 2667 magi
3762 2596 3965 2649 Jannes
4008 2603 4057 2649 et

2490 2692 2771 2757 Mambres,
2816 2694 3141 2762 feceruntque
3173 2701 3221 2743 et
3257 2692 3354 2760 ipsi
3389 2708 3479 2761 per
3511 2691 3893 2743 incantationes
3930 2704 4059 2741 suas

2490 2788 2662 2855 signa,
2690 2802 2824 2854 quae
2859 2785 3051 2853 fecerat
3082 2783 3279 2852 Moyses
3300 2823 3313 2843 ,
3339 2782 3428 2833 sed
3458 2798 3562 2833 non
3607 2796 3700 2850 per
3745 2781 3947 2832 omnia.
3998 2777 4060 2831 In

2494 2874 2602 2927 MS.
2656 2874 2750 2927 illo
2782 2873 2971 2927 codice
3012 2873 3269 2926 mendum
3300 2880 3402 2933 est,
3439 2871 3513 2923 ita
3542 2870 3679 2923 forte
3710 2868 4012 2922 tollendum
4040 2883 4055 2920 :

2494 2965 2565 3018 Et
2596 2973 2747 3017 erant
2768 2965 2837 3017 ibi
2862 2966 3219 3017 incantatores
3260 2963 3447 3031 magici
3492 2969 3598 3015 eet.
3636 2961 3809 3029 Hujus
3845 2959 4057 3013 codicis

2496 3057 2605 3111 MS.
2652 3058 2774 3110 ideo
2817 3058 2907 3109 hic
2947 3057 3050 3109 feci
3104 3057 3458 3117 mentionem,
3509 3055 3638 3123 quia
3709 3054 3906 3123 dignus
3971 3061 4058 3105 est

2419 3170 2459 3225 ο
2495 3147 2587 3215 qui
2622 3163 2745 3201 cum
2782 3147 2929 3201 edito
2977 3154 3125 3199 textu
3170 3146 3403 3198 Fabricii
3444 3144 3777 3205 conferatur,
3802 3142 3950 3212 quod
4001 3150 4059 3196 et

2494 3238 2802 3291 accuratior
2827 3246 2882 3291 et
2924 3238 3135 3307 plenior
3169 3237 3460 3305 scriptura,
3489 3244 3543 3289 et
3574 3236 3762 3289 multis
3810 3235 4059 3289 historiis

2494 3328 2974 3381 etnarrationibus
2998 3328 3210 3380 auctior
3236 3335 3317 3379 est
3337 3327 3575 3380 libellus.
3597 3326 3918 3392 Exemplum
3937 3325 4059 3394 ejus

2495 3418 2574 3470 rei
2603 3417 2875 3486 proferam
2912 3416 3175 3485 quaedam
3222 3431 3287 3467 ex
3330 3413 3723 3483 posterioribus
3772 3412 3922 3482 [Pag.
3968 3411 4057 3481 lii]

2493 3508 2657 3571 foliis,
2693 3508 2855 3577 paulo
2902 3516 3026 3559 ante
3067 3505 3229 3558 ﬁnem
3257 3505 3521 3574 evangelii
3556 3503 3737 3571 hujus,
3782 3502 3878 3563 ibi,
3919 3516 4059 3569 quae

2494 3605 2815 3658 occurrunt,
2849 3597 3031 3650 omnia
3064 3612 3094 3649 a
3138 3596 3371 3664 vulgatis
3416 3596 3631 3647 absunt.
3673 3593 3818 3646 Inter
3856 3593 3963 3645 alia
4004 3599 4060 3647 et

2496 3689 2633 3741 haec
2664 3687 2730 3740 de
2772 3688 2991 3741 Simone
3035 3688 3206 3756 Mago,
3244 3688 3399 3755 cujus
3435 3687 3488 3737 in
3518 3685 3709 3738 eodem
3748 3683 3852 3736 hoc
3880 3684 4059 3751 capite

2495 3780 2711 3832 Macarii
2742 3779 2801 3833 ﬁt
2829 3780 3033 3832 mentio
3074 3797 3085 3830 :
3121 3779 3288 3831 Antea
3325 3778 3537 3847 quidam
3562 3776 3939 3830 Samaritanus
3969 3789 4058 3826 ve—

2494 3878 2643 3921 nerat
2676 3869 2882 3920 nomine
2907 3865 3122 3936 Symon,
3144 3868 3197 3918 in
3232 3876 3345 3918 arte
3363 3867 3564 3934 magica
3600 3865 3752 3916 nimis
3780 3863 4044 3925 eruditus,

2493 3961 2547 4011 in
2586 3975 2685 4029 quo
2716 3964 2762 4010 et
2798 3958 3037 4011 demonia
3076 3958 3241 4010 multa
3275 3957 3656 4009 inhabitabant.
3693 3953 3793 4017 Qui
3830 3953 4055 4015 dicebat,

2493 4052 2627 4116 quod
2655 4049 2764 4116 ipse
2794 4064 2976 4117 passus
2998 4047 3196 4115 fuisset,
3216 4058 3449 4099 mortuus
3468 4056 3513 4098 et
3539 4044 3792 4115 sepultus,
3818 4052 3866 4095 et
3899 4044 4058 4095 tertia

2493 4139 2575 4191 die
2607 4140 2868 4191 asserebat
2899 4156 2952 4191 se
2975 4140 3340 4191 resurrexisse.
3368 4138 3515 4202 Quae
3550 4139 3672 4190 dum
3694 4136 3889 4189 Neroni
3921 4133 4056 4187 Cae-

2490 4230 2601 4281 sari
2633 4230 2881 4283 nunciata
2911 4230 3124 4298 fuissent
3150 4230 3211 4281 de
3232 4230 3348 4283 Iesu
3374 4229 3598 4291 Christo,
3629 4227 3764 4279 Filio
3795 4226 3892 4279 Dei
3934 4226 4054 4289 vivi,

2492 4326 2541 4369 et
2569 4320 2766 4383 omnia,
2797 4335 2931 4387 quae
2970 4321 3032 4371 de
3074 4337 3131 4372 eo
3162 4331 3312 4372 erant
3371 4329 3489 4372 acta
3549 4319 3688 4388 apud
3738 4317 4006 4372 Iudaeam
4037 4358 4054 4383 ,

2493 4410 2798 4461 nunciatum
2828 4419 2902 4462 est
2930 4411 3087 4462 simul
3128 4413 3174 4463 ei
3200 4411 3262 4462 de
3284 4410 3495 4479 Pylato.
3528 4408 3627 4473 Qui
3652 4411 3833 4462 statim
3862 4410 4055 4462 direxit

2417 4488 2461 4543 1)
2488 4514 2609 4549 suos
2639 4495 2825 4549 milites
2853 4499 2906 4549 in
2942 4497 3273 4567 Cymerinam
3311 4500 3591 4557 civitatem,
3620 4508 3667 4550 et
3704 4497 3955 4568 Pylatum
3982 4499 4055 4551 ad

2486 4601 2539 4639 se
2568 4586 2811 4638 accersiri
2843 4588 3123 4655 praecepit.
3144 4586 3209 4637 Et
3240 4604 3357 4637 cum
3381 4588 3425 4637 ei
3448 4595 3809 4654 praesentatus
3847 4587 4051 4654 fuisset,

2486 4678 2725 4729 narravit
2758 4674 2952 4728 Neroni
2985 4679 3160 4728 omnia
3195 4693 3329 4745 quae
3363 4679 3425 4728 de
3450 4676 3650 4729 Christo
3674 4676 3952 4729 Nazareno
3972 4676 4055 4727 di-

2487 4776 2570 4819 cta
2615 4772 2757 4827 sunt,
2801 4766 3254 4833 praesentavitque
3289 4764 3335 4815 ei
3368 4762 3644 4832 discipulos
3684 4762 3794 4831 ejus
3830 4761 4055 4815 Petrum

2485 4867 2531 4910 et
2559 4855 2806 4909 Paulum.
2838 4854 2943 4924 Ipsi
2964 4865 3139 4908 autem
3186 4853 3429 4924 apostoli,
3455 4854 3739 4922 refutantes
3769 4850 4055 4921 Symonem

2493 4964 2600 4999 esse
2625 4945 2909 5009 Christum,
2941 4946 3183 4998 dixerunt
3214 4946 3410 4999 Neroni
3438 4945 3652 4999 Caesari
3676 4962 3693 4998 :
3722 4944 3862 4997 Bone
3886 4945 4057 5012 impe-

2489 5047 2656 5101 rator,
2698 5039 2741 5090 si
2778 5038 2851 5090 vis
2889 5038 3040 5101 scire,
3064 5054 3195 5106 quae
3224 5045 3378 5105 gesta-
3407 5046 3529 5089 sunt
3564 5036 3639 5086 de.
3665 5034 3870 5087 Iudaea
3893 5074 3906 5095 ,
3961 5050 4053 5085 ac-

2490 5130 2600 5198 cipe
2629 5128 2807 5181 literas
2842 5130 2996 5196 hujus
3033 5128 3207 5180 Pontii
3228 5128 3408 5196 Pylati
3431 5127 3499 5180 ad
3531 5125 3809 5179 Claudium
3835 5126 4050 5189 missas,

2487 5228 2537 5271 et
2561 5228 2683 5271 tunc
2718 5223 2895 5274 omnia
2928 5236 3235 5289 cognoscere
3260 5220 3472 5289 poteris.
3505 5217 3606 5273 Ille
3637 5225 3813 5270 autem
3837 5217 4051 5269 mittens

2485 5310 2553 5362 ad
2584 5310 2943 5365 bibliothecam
2987 5310 3253 5382 Capitolii,
3296 5312 3350 5362 in
3386 5326 3485 5379 quo
3510 5311 3627 5379 ipsa
3655 5310 3852 5377 scripta
3876 5308 4050 5357 conti-

2482 5400 2757 5454 nebantur.
2780 5403 3088 5473 Accepitque
3110 5403 3315 5454 easdem
3355 5401 3560 5463 literas,
3589 5408 3637 5452 et
3673 5398 3798 5469 legit
3833 5414 3957 5461 eas;
3995 5406 4051 5449 et

2482 5494 2642 5546 series
2665 5495 2740 5547 ita
2769 5504 2882 5547 erat
2908 5512 2925 5548 :
2954 5495 3172 5548 Pontius
3195 5494 3411 5563 Pylatus
3436 5496 3542 5564 regi
3559 5492 3779 5549 Claudio
3793 5490 4045 5545 salutem.

2484 5578 2753 5650 Nuper....
2788 5584 2860 5638 Et
2890 5592 3125 5639 mortuus
3147 5594 3220 5637 est
3244 5582 3453 5656 [Nero],
3483 5593 3533 5638 et
3579 5601 3613 5637 α
3643 5582 3779 5653 lupis
3822 5582 4051 5637 devora-

2310 5687 2559 5748 NOTAE.

903 5759 979 5832 (a)
1014 5762 1103 5819 Sic
1123 5780 1210 5834 ap.
1239 5767 1500 5834 Semlcr.;
1532 5769 1631 5840 leg.
1666 5780 1731 5824 et.
1760 5771 1852 5826 Ευ.
