4274 6358
181 396 284 453 881

1206 392 1297 448 DE
1331 391 1638 449 SCRIPTIS
1673 393 1730 449 S.
1761 390 2043 448 MACARII
2079 392 2419 448 AEGYPTII.

3298 392 3407 449 282

182 515 288 567 tu,
320 504 755 574 quemadmodum
802 520 896 573 per
926 501 1137 573 ἀναίνοίὶ
1171 510 1341 556 artem
1371 502 1744 574 interpretatus
1772 509 1821 565 Α
1846 502 1948 568 Qui
1990 502 2324 573 signiﬁcatus
2364 502 2526 572 hujus
2560 501 2711 556 verbi
2753 500 2978 558 Graecis
3017 516 3127 556 non
3171 502 3411 559 insolens

183 598 361 665 fuerin
387 598 434 649 ei
453 594 667 666 Symon.
698 596 800 650 llic
837 597 946 666 jam
975 595 1101 650 linis
1134 596 1400 666 evangelii
1436 605 1559 666 post
1586 596 1743 651 addi-

183 699 293 743 tam
318 687 680 759 doxologiam.
713 688 863 753 Quae
886 688 1069 741 omnia
1094 695 1152 741 et
1179 687 1357 741 multa
1377 695 1504 741 ante
1526 687 1661 743 haec
1688 689 1746 743 in

181 781 403 851 vulgato
429 780 711 849 evangelio
735 779 878 849 apud
904 778 1212 833 Fabricium
1241 779 1459 833 absunt.
1496 778 1551 833 Si
1576 796 1747 850 quan-

183 869 255 921 do
279 868 453 921 otium
476 866 809 937 suppeditat,
844 866 1110 935 polliceor
1148 866 1278 921 huic
1308 867 1417 921 MS.
1451 883 1573 921 cum
1596 867 1746 922 edito

184 958 336 1029 [Pag.
379 956 467 1029 I7]
496 957 828 1012 conferendo
850 973 1022 1012 meam
1052 958 1480 1029 qualemcunque
1502 974 1742 1029 operam.

182 1050 301 1103 Jam
329 1049 398 1103 ad
430 1049 721 1104 Macarium
764 1050 949 1104 redeo.

254 1138 380 1193 CAP.
402 1140 513 1193 IIII.
537 1134 847 1211 Καθαπερεὶ
870 1140 1284 1213 τεκμηράμενον
1312 1139 1407 1212 τὴν
1434 1140 1533 1208 τῆς
1554 1139 1746 1193 ἑαυτοῦ

188 1230 467 1298 βασιλείας
505 1231 841 1302 καθαίρεσιν.
885 1248 987 1302 pro
1050 1248 1159 1302 quo
1203 1231 1420 1285 videtur
1458 1232 1747 1301 legendum

185 1336 307 1374 esse
335 1322 766 1391 τεκμαιρόμενον
780 1323 867 1376 vel
890 1321 1374 1392 τεκμηριούμενον,
1402 1338 1432 1377 a
1454 1322 1746 1393 τεκμαίρο-

189 1429 288 1480 μαι
330 1421 427 1466 aut
456 1412 791 1482 τεκμηριόω.
835 1413 985 1467 Istud
1021 1414 1298 1484 vulgatum
1326 1412 1629 1483 cujusmodi
1654 1412 1743 1477 sit,

187 1518 297 1556 non
347 1503 697 1573 interpretor.
751 1504 811 1557 In
853 1504 1044 1558 eodem
1093 1504 1272 1557 adhuc
1310 1503 1487 1572 capite
1519 1519 1532 1554 :
1566 1504 1655 1555 ἐπὶ
1692 1505 1748 1556 δὲ

186 1592 283 1644 τοῦ
323 1593 530 1662 Κυρίου
564 1593 699 1662 πρὸς
737 1593 996 1662 ἀλήθειαν
1032 1594 1191 1646 τοῦτο
1218 1592 1429 1655 παθεῖν,
1462 1592 1640 1647 reddit
1662 1594 1747 1646 in-

188 1694 405 1751 terpres
440 1701 475 1736 a
508 1682 767 1747 Domino,
812 1683 958 1753 quod
998 1684 1197 1739 melius
1238 1683 1566 1738 reddidisset
1591 1685 1747 1737 adve-

188 1776 363 1827 niente
390 1774 634 1828 Domino.
681 1775 1034 1830 Notissimum
1085 1776 1233 1830 enim
1287 1783 1399 1840 est,
1438 1774 1532 1828 in!
1574 1774 1630 1828 in
1663 1776 1748 1829 his

186 1873 407 1931 tempus
439 1872 651 1917 notare.

254 1952 383 2008 Cu.
412 1954 546 2007 VIII.
577 1953 711 2007 Item
748 1962 897 2008 errat
931 1954 1112 2009 versio
1144 1972 1158 2008 :
1186 1956 1412 2026 καὶγὰρ
1434 1958 1463 2009 6
1486 1955 1743 2021 τοιοῦτος,

183 2047 243 2097 ἓν
274 2046 563 2116 λεπτότητι
606 2046 693 2099 διὰ
736 2047 834 2117 τῆς
870 2045 1100 2111 πίστεώς
1143 2065 1305 2117 φημι,
1342 2048 1437 2101 καὶ
1477 2048 1577 2117 τῆς
1618 2064 1750 2117 προ-

187 2135 411 2201 θυμίας,
439 2135 538 2205 ήδη
573 2136 817 2187 κοινωνεί
854 2134 931 2204 τῷ
953 2133 1090 2203 Θεῷ.
1127 2134 1319 2189 Latina
1358 2134 1561 2189 habent
1590 2148 1605 2187 :
1646 2133 1748 2187 Et-

184 2228 326 2280 enim
354 2226 477 2280 tati:
520 2227 601 2296 (in
640 2228 892 2279 tenuitate
938 2243 1053 2281 mea
1081 2244 1173 2298 per
1204 2226 1363 2296 fidem
1400 2237 1449 2282 et
1487 2226 1752 2295 conﬁden-

185 2320 317 2371 tiam
349 2319 461 2388 aio)
485 2318 606 2371 talis
647 2319 864 2389 inquam
894 2320 1014 2390 jam
1040 2320 1149 2374 Deo
1175 2322 1560 2385 communicat;
1591 2319 1747 2388 quasi

183 2420 374 2465 essent
401 2412 568 2465 verba
595 2412 836 2466 auctoris
859 2412 925 2466 de
950 2428 1007 2466 se
1036 2412 1327 2481 loquentis.
1365 2411 1541 2465 Minus
1565 2418 1748 2464 autem

184 2514 354 2558 recte.
373 2502 702 2559 Vertendum
724 2512 838 2558 est:
867 2506 923 2557 in
955 2505 1160 2574 exiguo,
1188 2503 1224 2557 i.
1247 2519 1297 2558 e.
1320 2502 1743 2573 quodammodo,

186 2595 313 2648 talis
334 2595 457 2663 jam
492 2593 763 2648 κοινωνεῖ
796 2593 874 2658 τῷ
919 2594 1038 2659 Θεῷ
1077 2603 1287 2665 propter
1318 2594 1477 2663 ﬁdem
1526 2602 1575 2646 et
1617 2594 1750 2646 desi-

184 2688 395 2739 derium
423 2702 514 2740 seu
561 2694 859 2757 promptum
904 2689 1158 2741 animum.
1211 2687 1415 2741 Auctor
1444 2686 1579 2749 vult,
1608 2686 1750 2740 hanc

186 2776 358 2829 animi
395 2776 670 2831 credentis
702 2775 1259 2846 dispositionem,qua
1287 2784 1505 2845 exoptat
1529 2775 1751 2845 conjun-

185 2868 427 2921 ctionem
456 2883 581 2921 cum
631 2868 762 2932 Deo,
800 2869 909 2938 jam
948 2882 1067 2922 esse
1096 2867 1377 2919 κοινωνίαν
1434 2866 1745 2935 aliqualem,

186 2974 308 3021 seu,
342 2966 405 3011 ut
429 2959 611 3011 statim
656 2957 887 3011 inferius
933 2958 1102 3023 dicit,
1156 2958 1320 3011 talem
1365 2958 1611 3025 καθάπερ
1648 2957 1751 3026 ἠδη

187 3051 438 3101 κοινωνεῖ
460 3049 536 3118 τῷ
557 3049 692 3118 Θεῷ.
724 3048 879 3115 Quod
908 3048 1147 3103 ostendit
1176 3049 1243 3102 ab
1281 3048 1529 3117 exemplo
1560 3047 1747 3101 Matth.

183 3156 241 3203 v,
291 3139 394 3203 28,
447 3140 540 3193 ubi
577 3139 775 3209 cupido
827 3139 1079 3194 adulterii
1130 3156 1159 3193 a
1196 3140 1307 3193 Deo
1339 3148 1622 3209 reputetur
1651 3155 1750 3208 pro

1841 599 1944 646 est.
1989 592 2197 646 Ibidem
2226 591 2388 661 paulo
2414 600 2539 645 ante
2572 590 2733 644 ﬁnem
2760 608 2775 644 :
2807 590 2967 651 εὐθὺς
2994 591 3070 654 ὡς
3096 586 3210 659 είχε
3234 591 3411 645 ποδῶν

1842 686 2118 753 ἐκφυγεῖν,
2153 686 2228 754 μὴ
2276 684 2513 753 μελῆσαν
2552 681 2700 750 αὐτῷ
2725 682 2833 733 τῶν
2866 682 3108 751 μηδενός,
3160 696 3261 751 pro
3301 696 3412 751 quo

1842 776 1984 830 forte
2017 773 2368 829 scribendum
2407 791 2419 826 :
2454 774 2527 843 μὴ
2575 771 2903 841 μελήσαντος
2933 772 3081 842 αὐτῷ
3109 773 3215 825 τῶν
3245 772 3410 825 αὑτοῦ

1846 867 2087 937 μηδενός.
2107 866 2244 932 Quia
2266 866 2508 920 breviter
2541 871 2753 917 tantum
2774 864 3017 918 delibare
3029 864 3120 919 hic
3138 865 3211 918 ibi
3238 880 3408 934 quae-

1843 957 1967 1012 dam
1999 958 2283 1021 constitui,
2306 968 2458 1011 verto
2491 972 2578 1011 me
2599 958 2709 1026 jam
2738 956 2827 1011 ad.

1913 1047 2226 1105 OPUSCULUI
2253 1048 2318 1114 γ,
2352 1048 2429 1102 De
2459 1048 2766 1103 Elevatione
2800 1050 3005 1101 mentis.

1917 1145 2042 1200 CAP.
2068 1144 2109 1199 I.
2139 1144 2240 1198 Hic
2272 1143 2452 1197 statim
2484 1142 2661 1213 primo
2698 1142 2756 1197 in
2791 1143 2967 1212 capite
2990 1142 3123 1196 levis
3152 1158 3309 1197 error
3352 1142 3409 1195 in

1844 1238 2053 1309 graecis
2097 1236 2165 1290 ab
2200 1236 2498 1304 interprete
2532 1250 2641 1288 non
2683 1243 2874 1288 cautus
2917 1242 3040 1287 est:
3079 1235 3233 1301 ὑμεῖς
3277 1234 3407 1303 γὰρ,

1847 1330 2029 1399 φησὶν,
2056 1367 2069 1379 .
2102 1367 2115 1380 .
2148 1365 2163 1378 .
2191 1324 2664 1394 κάτοπτριζόμεθα
2685 1333 2790 1378 cet.
2820 1325 2959 1379 Sunt
2984 1315 3214 1377 eicitata
3244 1326 3410 1378 verba

1846 1431 1913 1470 ex
1939 1414 2179 1484 Epistola
2216 1414 2365 1483 [Pag.
2396 1411 2485 1483 19]
2516 1413 2668 1466 Pauli
2704 1414 2943 1467 secunda
2974 1414 3038 1467 ad
3067 1413 3315 1467 Corinth.
3357 1429 3408 1467 c.

1846 1523 1923 1571 ιιι,
1955 1506 2040 1559 18.
2082 1505 2184 1560 Ubi
2204 1505 2474 1574 interpres
2499 1520 2596 1573 per
2618 1505 2960 1559 oscitantiam
2991 1506 3081 1558 vix
3107 1506 3412 1559 condonan-

1846 1596 1969 1650 dam
1996 1594 2266 1648 reddidit:
2301 1593 2461 1646 Vos...
2495 1594 2857 1661 speculantes,
2887 1608 3010 1646 cum
3038 1600 3145 1645 tam
3187 1608 3253 1647 ex
3286 1611 3411 1646 συν-

1848 1686 2009 1755 αφείᾳ
2030 1686 2323 1748 luculenta,
2347 1699 2509 1754 quam
2535 1699 2601 1737 ex
2625 1684 2744 1738 loco
2764 1684 2926 1738 allato
2945 1683 3087 1739 scire
3130 1685 3411 1739 debuisset

1847 1775 2135 1846 legendum
2156 1789 2275 1827 esse
2308 1774 2485 1843 ἡμεῖς,
2529 1789 2643 1825 nos.

1782 1860 1824 1914 Β
1917 1868 2121 1923 Omitto
2150 1867 2436 1936 quaedam,
2466 1874 2523 1920 et
2551 1866 2606 1919 in
2635 1882 2747 1920 CAP.
2789 1866 2905 1921 VIII
2938 1882 2952 1919 :
2988 1865 3128 1919 οὕτω
3157 1866 3289 1936 φησὶ
3318 1864 3415 1919 καὶ

1850 1960 2063 2028 ἑκάστῳ
2093 1959 2200 2011 τῶν
2247 1958 2433 2029 ἱερέων
2480 1957 2573 2010 καὶ
2616 1957 2785 2022 ἁγίων
2808 1957 2836 2007 ὁ
2861 1954 2989 2018 Θεὸς
3018 1953 3175 2023 ὤφθη
3231 1955 3414 2008 scribo

1849 2050 1955 2104 τῶν
1993 2048 2261 2117 πατέρων
2292 2050 2384 2101 καί
2413 2049 2602 2115 ἁγίων.
2632 2048 2766 2101 Nam
2789 2045 2856 2099 de
2877 2046 3253 2099 sacerdotibus
3277 2046 3415 2100 nihil

1850 2143 1955 2197 tale
1990 2142 2238 2211 legimus,
2265 2140 2429 2210 etqui
2458 2146 2759 2207 sequuntur
2782 2152 2892 2190 non
2921 2144 3048 2190 sunt
3081 2137 3412 2190 sacerdotes.

1848 2234 1927 2288 Ne
1953 2233 2077 2302 quis
2127 2232 2361 2297 dubitet,
2396 2231 2528 2301 legit
2565 2230 2727 2284 etiam
2771 2228 3003 2284 Homilia
3052 2233 3156 2296 1νῇ
3201 2227 3268 2282 15
3306 2228 3416 2281 τῶν

1848 2325 2019 2393 ἁγίων
2059 2324 2328 2393 πατέρων.
2395 2322 2602 2377 Ibidem
2652 2327 2975 2375 recensetur
3028 2318 3220 2373 Daniel
3272 2318 3416 2373 inter

1848 2415 2019 2470 Noam
2048 2423 2104 2469 et
2134 2414 2340 2477 Mosen,
2377 2428 2477 2482 pro
2504 2427 2611 2481 quo
2647 2411 2935 2481 legendum
2970 2408 3251 2479 Σαμουήλ;
3288 2424 3416 2463 nam

1850 2504 2037 2559 Daniel
2054 2504 2293 2574 pertinet
2313 2502 2376 2556 ad
2402 2502 2717 2572 prophetas,
2738 2500 2805 2555 de
2828 2499 3028 2570 quibus
3041 2498 3224 2553 statim
3244 2497 3414 2555 dicit:

1851 2596 1946 2649 καὶ
1976 2595 2191 2663 ἑκάστῳ
2223 2594 2331 2646 τῶν
2366 2593 2678 2662 προφητῶν.

1922 2686 1981 2740 In
2015 2684 2123 2739 ﬁne
2154 2699 2348 2738 CAPITIS
2378 2682 2450 2736 IX
2486 2683 2614 2735 item
2647 2681 2841 2735 vitium
2890 2689 2974 2735 est
3006 2698 3018 2732 :
3070 2679 3231 2749 σχολῇ
3270 2680 3321 2746 γ’
3350 2677 3416 2731 ἂν

1851 2778 1901 2829 οί
1939 2776 2127 2846 ἐκείνῳ
2166 2775 2241 2845 τῷ
2278 2775 2475 2827 ἀπαθεῖ
2501 2773 2803 2843 βληθέντες,
2847 2772 3008 2839 ἔρωτί
3058 2789 3158 2822 τινι
3187 2770 3293 2821 τῶν
3321 2768 3415 2821 τοῦ

1854 2869 2059 2939 κόσμου
2094 2868 2346 2920 καθεκτοὶ
2375 2867 2633 2934 γένοιντο.
2664 2864 2767 2919 Ubi
2799 2879 2855 2917 se
2887 2864 3027 2917 male
3074 2868 3294 2930 torquet
3333 2860 3418 2913 in-

1856 2968 2065 3031 terpres
2098 2962 2214 3015 :An
2235 2975 2387 3029 segne
2416 2959 2581 3010 otium
2611 2956 2708 3008 erit
2738 2956 2990 3009 desiderio
3011 2953 3417 3024 perturbationis

1854 3052 2021 3105 omnis
2049 3051 2272 3103 immuni
2293 3048 2553 3119 permissis
2584 3061 2817 3100 amorem
2845 3044 3074 3114 aliquem
3103 3043 3283 3097 mundi
3313 3058 3419 3095 non

1855 3141 2160 3196 cohibendi?
2206 3139 2351 3209 Lego
2393 3156 2406 3193 :
2454 3139 2562 3207 ὅσῳ
2595 3137 2791 3207 μᾶλλον
2829 3136 2877 3187 ot
2922 3134 3112 3203 ἐκείνῳ
3144 3134 3225 3203 τῷ
3268 3132 3419 3203 πόθῳ

187 3230 309 3299 ipso
361 3229 649 3284 adulterio.
708 3230 776 3283 Et
829 3239 913 3283 est
956 3230 1061 3284 hoc
1107 3230 1325 3301 elegans
1378 3230 1748 3285 testimonium
1775 3212 1875 3305 σε

1731 3212 1818 3284 tc-
1855 3234 2143 3305 βληθέντες
2177 3232 2337 3303 ἔρωτι
2365 3248 2445 3292 τε,
2486 3230 2595 3282 τῶν
2637 3228 2730 3281 τοῦ
2775 3235 2881 3282 cet.
2934 3227 3012 3280 Ita
3063 3226 3255 3281 suadet
3287 3240 3419 3281 con-

185 3321 535 3389 antiquitatis
564 3321 631 3375 de
660 3322 873 3375 ratione
908 3320 1056 3375 ﬁdei.

255 3411 410 3465 Falsa
442 3412 641 3482 legitur
669 3413 937 3467 sententia
967 3428 1078 3466 cu.
1112 3412 1182 3467 XI
1209 3431 1222 3465 :
1271 3412 1365 3465 κα)⁸
1402 3411 1509 3484 γὰρ
1536 3452 1549 3466 .
1582 3454 1597 3468 .
1626 3453 1640 3467 .
1672 3452 1686 3466 .
1718 3413 1753 3483 ἠ

187 3502 279 3555 διὰ
310 3503 404 3555 τοῦ
434 3503 739 3574 πνεύματος
760 3504 916 3570 ἁγίου
946 3503 1193 3570 γέννησις
1220 3502 1400 3556 εἰκόνα
1423 3502 1755 3572 τελειότητος

187 3593 303 3662 ἔχει
355 3592 412 3645 ἐν
455 3610 513 3645 τε
568 3596 633 3665 τῇ
675 3597 854 3664 μορφῇ
884 3594 1115 3658 καὶτοῖς
1169 3594 1416 3664 μέλεσιν·
1450 3594 1509 3647 οὺ
1574 3593 1755 3663 μέντοι

184 3683 435 3752 δυνάμει,
481 3684 514 3753 ἢ
548 3684 642 3755 νῷ,
677 3684 709 3753 ἢ
744 3684 963 3755 ἀνδρεία
989 3725 1004 3748 ,
1038 3701 1142 3738 non
1183 3692 1361 3738 tamen
1404 3686 1614 3749 virtute,
1663 3691 1756 3738 aut

186 3783 385 3838 mente,
402 3783 493 3827 aut
519 3775 840 3843 fortitudine.
867 3776 1180 3846 Legendum
1206 3792 1219 3828 :
1254 3816 1267 3828 .
1292 3816 1304 3828 .
1337 3815 1351 3828 .
1378 3775 1613 3845 μέλεσιν,
1640 3774 1671 3845 ἢ
1697 3777 1755 3827 ὲν

184 3868 255 3934 τῇ
286 3865 511 3934 δυνάμει
541 3874 646 3920 cet.

261 3972 472 4032 Vitium
500 3979 755 4033 similiter
782 3995 902 4034 esse
939 3980 1161 4035 videtur
1193 3996 1305 4035 cu.
1345 3979 1515 4037 XXIII
1549 3979 1605 4033 in
1636 3995 1758 4034 ver-

189 4070 280 4123 bis
321 4069 431 4121 :6t‘
462 4069 581 4131 ἑνὸς
606 4069 662 4121 δὲ
706 4069 1103 4139 ύποδείγματος
1146 4069 1434 4140 γνώρισμα
1476 4069 1624 4141 [Pag.
1664 4067 1754 4139 18]

189 4159 345 4211 ἔσται
388 4158 467 4228 τῷ
498 4159 635 4229 μετὰ
669 4162 876 4231 χεῖρας,
921 4161 1016 4215 ubi
1049 4176 1241 4231 graeca
1280 4162 1554 4231 languent.
1590 4160 1759 4230 Lege-

189 4265 332 4305 rem.
361 4290 375 4303 .
404 4292 419 4304 .
442 4290 457 4303 .
484 4250 821 4321 γνωρίσομεν
850 4252 1039 4318 ταῦτα,
1068 4253 1097 4305 ὅ
1124 4256 1237 4306 ἐστι
1272 4252 1409 4323 μετὰ
1432 4254 1639 4323 χεῖρας.

263 4341 325 4395 In
364 4356 477 4395 cn.
522 4341 668 4396 XXV
701 4342 833 4396 item
874 4343 1134 4398 mendosa
1171 4352 1255 4397 est
1286 4343 1450 4397 lectio
1502 4360 1515 4396 :
1548 4344 1607 4396 τὸ
1651 4343 1759 4413 γὰρ

187 4433 411 4485 ἔκδοτον
438 4434 627 4486 ἑαυτὸν
668 4438 967 4505 παρασχεῖν
992 4436 1069 4507 τῷ
1095 4437 1265 4504 φίλων
1303 4435 1451 4506 αὐτῷ
1487 4435 1757 4504 φαίνεται,

1854 3339 2035 3379 DCXIO.

1915 3415 2107 3470 Statim
2132 3412 2200 3467 ab
2222 3411 2377 3465 initio
2403 3426 2516 3465 cn.
2545 3409 2665 3463 XIII
2690 3416 2773 3463 est
2798 3407 2995 3460 vitium
3036 3406 3267 3459 duarum
3295 3406 3421 3459 lite-

1854 3524 2077 3562 rarum:
2114 3506 2161 3557 εί
2186 3505 2246 3557 τὸ
2271 3502 2521 3555 σύνθετον
2564 3503 2739 3553 ὲκείνο
2780 3500 2957 3552 ἔλαιον
2998 3498 3270 3567 τοσαύτην
3307 3498 3422 3572 ἔχει

1852 3600 1950 3670 τὴν
1970 3598 2215 3666 δύναμιν.
2235 3596 2309 3657 ὡς
2330 3596 2452 3656 τοὺς
2482 3592 2860 3663 χρησαμένους
2894 3589 3065 3659 αὐτῷ.
3099 3590 3241 3659 Lege
3269 3606 3422 3660 χριο-

1852 3688 2046 3757 μένους
2068 3702 2137 3741 ex
2156 3684 2389 3739 Homilia
2408 3699 2533 3745 xvn,
2559 3683 2655 3736 ubi
2710 3682 2846 3736 haec
2883 3680 3068 3735 omnia
3099 3687 3420 3735 occurrunt.

1854 3778 1916 3833 In
1956 3777 2149 3832 eodem
2192 3775 2369 3843 capite
2410 3774 2653 3828 occurrit
2681 3788 2786 3827 vox
2817 3772 2993 3826 rarior
3029 3772 3224 3840 τρανός
3252 3792 3263 3825 :
3292 3789 3424 3842 τρα-

1854 3871 1965 3933 νοῖς
1991 3870 2083 3922 καὶ
2105 3866 2530 3927 ἀνεπικωλύτοις
2549 3865 2869 3934 ὀφθαλμοῖς.
2900 3866 3005 3919 Pro
3024 3880 3130 3933 qua
3154 3863 3208 3916 in
3236 3863 3424 3918 Homi-

1855 3961 1928 4016 lia
1962 3968 2047 4016 est
2086 3961 2228 4015 bona
2256 3962 2435 4029 glossa
2465 3958 2747 4028 καθαροῖς,
2772 3973 2913 4028 quae
2956 3958 3280 4028 signiﬁcatio
3321 3975 3424 4014 nec

1856 4050 2001 4120 apud
2045 4057 2260 4104 veteres
2300 4056 2385 4102 est
2419 4048 2874 4118 Lexicographos.
2930 4048 3231 4119 Hesychius
3273 4048 3423 4101 enim

1857 4138 2092 4206 τρανός,
2146 4139 2341 4207 σαφής,
2377 4138 2603 4207 ἀληθής.
2637 4136 2827 4207 Cyrilli
2860 4136 3245 4191 Onomasticon
3286 4155 3423 4206 rpa-

1856 4229 1995 4294 νὼς,
2025 4243 2300 4297 expresse.
2326 4228 2471 4281 Ilaec
2504 4226 2639 4281 adeo
2668 4242 2777 4280 vox
2804 4226 3084 4297 eleganter
3111 4226 3423 4280 declaratur

1856 4335 1955 4389 per
1990 4318 2223 4388 καθαρός
2250 4328 2307 4371 et
2329 4316 2745 4378 ἀνεπικώλυτος.

1928 4432 2244 4488 Oruscnwu
2268 4430 2357 4494 VI,
2387 4429 2463 4483 De
2500 4427 2791 4483 Charitate.

186 4526 380 4596 ἔτερος
406 4526 621 4596 ὁμιλίας
648 4529 707 4590 ὲς
732 4527 883 4579 οὐδὲν
902 4528 1037 4581 δέον.
1061 4528 1211 4595 Quae
1251 4527 1521 4599 interpres
1552 4528 1627 4583 ita
1662 4545 1756 4583 ex-
1787 4550 1833 4609 υ

1735 4560 1756 4569 -
1787 4550 1833 4609 D
1929 4520 2171 4574 Primum
2198 4534 2361 4573 cum
2388 4516 2629 4571 ostendit
2654 4516 2925 4579 lacunam,
2952 4516 3100 4570 unde
3128 4526 3185 4571 et
3216 4515 3422 4571 Pritius

188 4617 363 4687 plevit
395 4634 408 4669 :
446 4634 572 4671 nam
604 4618 902 4688 impendere
931 4636 986 4673 se
1014 4621 1185 4689 ipsum
1218 4620 1398 4674 amicis
1436 4620 1757 4673 vindicandi:

190 4707 315 4761 laus
348 4708 449 4776 ipsi
473 4707 709 4773 videtur;
738 4708 833 4760 alii
858 4710 1127 4779 jucundae
1155 4718 1279 4764 sunt
1315 4709 1759 4779 confabulationes

190 4799 400 4869 facetae
440 4799 504 4851 de
542 4802 695 4870 nugis
768 4800 1093 4854 scurrilibus.
1141 4801 1314 4867 Quem
1364 4815 1581 4855 sensum
1628 4800 1762 4854 haec

188 4909 390 4963 graeca
432 4894 543 4964 pati
581 4910 690 4950 non
722 4905 968 4966 possunt.
1018 4897 1310 4951 Tentarem
1356 4895 1644 4951 restituere
1686 4912 1700 4947 :
1733 4895 1763 4947 6

187 4986 379 5055 ἕτερος
414 4984 627 5038 ἔκδοτον
668 4986 859 5039 ἑαυτὸν
906 4985 1200 5055 παρασχὼν
1236 4985 1343 5038 τῶν
1391 4985 1557 5054 φίλων
1592 4982 1759 5052 αὐτῷ,

190 5076 445 5144 φαίνεται
477 5078 669 5147 ἐτέρας
698 5078 910 5146 ὁμιλίας
926 5081 983 5142 ἐς
1005 5079 1156 5131 οὐδὲν
1184 5077 1454 5147 δεόμενος,
1487 5085 1549 5130 ut
1574 5084 1763 5130 auctor

193 5169 392 5238 ἑτέραν
420 5169 639 5237 ὁμιλίαν
674 5168 941 5240 intelligat
975 5169 1430 5223 consuetudinem
1468 5183 1591 5222 cum
1628 5167 1758 5230 Deo,

194 5257 354 5326 cujus
384 5256 487 5311 ista
530 5272 655 5311 cum
682 5258 806 5313 aliis
836 5258 1100 5329 improbis
1136 5256 1373 5312 amicitia
1408 5254 1763 5325 impedimen-

196 5359 315 5401 tum
335 5348 425 5402 sit.

269 5438 381 5493 Nec
411 5439 611 5495 desunt
636 5441 766 5495 nodi
794 5442 1095 5511 scripturae
1119 5444 1175 5497 in
1206 5459 1317 5498 cn.
1337 5440 1505 5495 XXVI
1538 5458 1550 5493 :
1578 5437 1762 5501 ὼςτοῦ

200 5528 535 5598 ὶμπρησμοῦ
564 5529 783 5599 ᾔσθετο,
808 5532 1010 5601 γυμνὸς
1033 5531 1361 5600 ἐκπέφευγε,
1384 5531 1597 5584 πάντων
1626 5530 1762 5597 ἀμε-

200 5613 397 5683 λήσας,
440 5617 532 5668 καὶ
561 5616 663 5685 τῆς
690 5618 881 5671 ἑαυτοῦ
923 5620 1090 5688 μόνης
1119 5620 1296 5689 ψυχῆς
1334 5619 1641 5687 γενόμενος.
1663 5617 1763 5672 Ubi

202 5705 495 5775 γενόμενος
526 5705 644 5763 sine
678 5724 838 5764 sensu
868 5720 970 5765 est.
999 5711 1114 5765 Nisi
1141 5710 1345 5781 aliquid
1370 5708 1654 5772 exciderit,
1685 5710 1766 5762 le-

206 5810 392 5865 Iel‘em
422 5799 746 5870 ἡγουμένης,
774 5802 842 5855 da
871 5803 977 5857 ihm
1003 5804 1111 5857 sein
1132 5803 1297 5857 Leben
1324 5802 1449 5856 uber
1470 5800 1599 5856 alter
1622 5800 1762 5869 ging.

1858 4619 1953 4665 aut
1977 4610 2246 4679 interpres
2276 4610 2331 4663 in
2365 4609 2607 4679 margine
2637 4617 2789 4663 notat
2828 4627 2847 4659 ι
2876 4616 3170 4677 corruptus
3202 4606 3424 4661 videtur

1858 4704 2026 4757 locus.
2055 4722 2074 4754 ι
2110 4701 2283 4756 Habet
2314 4702 2424 4755 ita:
2448 4701 2561 4753 ἀλλ’
2591 4702 2648 4750 ὲν
2675 4702 2740 4770 τῇ
2774 4698 2866 4751 τοῦ
2892 4698 3125 4767 σταυροῦ
3157 4698 3416 4767 δυνάμει*

1858 4794 2065 4857 τούτοις
2100 4792 2483 4863 ὲνεργούμενος
2512 4794 2569 4842 ὲν
2600 4790 2879 4861 ὑποστάσει]
2903 4792 3011 4853 τοῖς
3038 4789 3416 4855 καταξιωθεῖσι

1859 4885 2064 4957 ταύτην
2123 4886 2445 4955 κτήσασθαι.
2492 4883 2731 4938 Videbar
2800 4883 2936 4937 mihi
2998 4883 3183 4951 itaque
3264 4883 3425 4939 resti-

1862 4985 2035 5033 tuere.
2058 5016 2072 5029 .
2093 5016 2107 5029 .
2130 5016 2143 5029 .
2164 4975 2388 5045 δυνάμει
2403 4992 2417 5005 ·
2458 4973 2628 5037 οὕτως
2650 4973 3039 5044 ὲνεργούμενός
3058 4975 3206 5025 ἐστιν
3243 4975 3272 5026 6
3296 4974 3425 5045 περὶ

1864 5064 2093 5137 σταυροῦ
2146 5065 2303 5133 λόγος
2356 5066 2465 5125 τοῖς
2510 5062 2893 5125 καταξιωθείσι
2936 5061 3142 5132 ταύτην
3181 5060 3425 5135 [σοφίαν]

1862 5157 2184 5229 κτήσασθαι,
2230 5157 2317 5210 vel
2349 5157 2405 5208 ὲν
2438 5157 2549 5217 τοῖς
2594 5152 2996 5218 καταξιωθεῖσι,
3043 5153 3127 5206 vel
3170 5152 3419 5223 δύναμιν.

1862 5248 2153 5317 Corruptio
2173 5262 2240 5301 ex
2264 5242 2598 5312 compendiis
2620 5240 2895 5297 scribendi
2916 5241 3083 5295 venit.

1938 5338 2065 5394 CAP.
2092 5338 2160 5391 llI
2192 5336 2259 5390 ab
2289 5336 2481 5388 initio:
2510 5332 2659 5385 οὕπω
2689 5331 2945 5403 διακορὴς
2970 5331 3197 5398 γίνεται,
3223 5329 3421 5399 μᾶλλον

1861 5431 1961 5501 τῆς
1989 5429 2297 5498 ἐπιθυμίας.
2334 5426 2563 5479 Videtur
2587 5424 2853 5479 excidisse
2875 5423 3079 5491 γίνεται
3106 5422 3163 5474 δὲ
3200 5420 3421 5491 μᾶλλον,

1866 5533 1925 5578 ut
1945 5524 2153 5591 γίνεται
2183 5520 2267 5575 his
2288 5526 2559 5573 occurrat.

1933 5612 2058 5667 Cn.
2086 5612 2128 5665 V
2150 5608 2389 5664 occurrit
2408 5624 2511 5662 vox
2531 5606 2712 5677 μυχοί,
2741 5607 2795 5660 in
2815 5621 2923 5674 qua
2947 5604 3244 5675 Hesychius
3263 5605 3423 5659 vitio-

1868 5720 1962 5760 sus
1994 5711 2094 5766 est,
2121 5699 2325 5770 μυχοὶ,
2348 5702 2401 5753 αί
2429 5698 2766 5759 καταδύσεις,
2806 5700 2854 5749 οἱ
2884 5697 3147 5749 ὲνδότατοι
3173 5698 3265 5749 καὶ
3288 5697 3424 5749 ἀπό-

1870 5812 2066 5865 κρυφοι
2104 5793 2281 5861 τόποι,
2323 5790 2557 5861 λιμένες,
2598 5788 2923 5858 κοιλότητες,
2973 5787 3171 5856 ἔσχατα
3210 5788 3302 5840 καὶ
3352 5788 3420 5842 τὰ
