4274 6358
880 390 986 449 985
2158 394 2252 452 JO.
2296 392 2427 451 PICI
2458 395 2568 451 ΡΝ

2458 394 2844 452 PRAEFATIO
4015 391 4125 448 288

882 506 1181 574 ποιήματα,
1217 505 1249 575 ἣ
1283 505 1350 559 τὰ
1384 506 1627 578 ἐσώτερα
1662 507 1822 578 μέρη.
1854 508 1935 563 Τὰ
1990 510 2271 581 ποιήματα
2298 512 2449 567 varie
2479 520 2524 575 Α

2425 529 2449 567 e
2479 520 2524 575 Α
2618 512 2749 582 Cap.
2782 512 2829 566 Χ
2865 530 2878 566 :
2915 509 3155 581 Ἐδείχθη
3186 510 3368 563 ἐκεῖνα
3383 510 3447 581 δὴ
3467 510 3533 562 τὰ
3558 505 3834 577 θαυμάσια
3888 516 3998 562 cet.
4023 508 4113 559 Vi-

878 603 1094 650 tentant
1136 606 1295 650 notae
1349 596 1635 651 doctorum
1689 598 1933 654 virorum
1981 600 2048 655 ad
2091 601 2440 672 Hesychium.
2552 622 2566 659 ί

2552 604 2712 659 detur
2735 605 3034 660 excidisse:
3060 606 3153 657 καὶ
3177 602 3307 673 γὰρ,
3336 602 3374 656 ὃ.
3397 601 3631 671 ἐδείχθη,
3662 608 3770 655 cet.
3794 599 3973 655 Aliter
4007 601 4128 653 lan—

876 688 1009 743 Mihi
1032 705 1224 743 verum
1250 690 1471 746 videtur
1492 692 1876 748 ταπεινότατα.
2555 713 2564 765 ι

2555 706 2722 766 guent
2745 710 2958 766 graeca.
2994 694 3102 751 Kal
3126 692 3312 747 ταῦτα
3339 692 3414 760 δὴ
3432 691 3550 761 μὲν
3576 691 3778 745 ταῦτα.

891 910 1077 925 _

892 926 1081 939 *ι-

1194 1102 2112 1219 HOMILIARUM
2200 1103 2319 1217 S.
2426 1105 3026 1220 MACARII
3110 1101 3804 1217 AEGYPTII

1968 1374 2399 1467 EDITIO
2491 1375 3080 1467 PRINCEPS

871 1584 1220 1655 CUI_TITULUS
1251 1602 1263 1638 :
1303 1587 1443 1640 ΤΟΥ
1473 1588 1699 1638 ΟΣΙΟΥ
1729 1587 2012 1655 ΠᾼΤΡΟΣ
2054 1586 2434 1655 ΜΑΚΑΡΙΟΥ
2456 1654 2459 1655 ν
2485 1586 2559 1637 T0

2456 1586 2630 1655 ,ΤΟΥ
2652 1588 3068 1641 ΑῙΓΥΠΤΙΟΥ
3097 1588 3393 1640 ΟΜῙΛΙΑῙ
3420 1591 3492 1638 γ’.
3524 1583 3587 1637 Β.
3628 1583 3850 1639 Macarii
3883 1586 4126 1655 Aegyptii

943 1652 1203 1709 Homiliae
1238 1658 1638 1728 quinquaginta.
1676 1656 1759 1709 Ex
1784 1649 2099 1728 Bibliotheca
2126 1655 2308 1728 Regia.
2334 1653 2551 1709 Parisiis
2575 1653 2647 1709 Μ.
2682 1655 2749 1710 D.
2785 1656 2919 1711 LIX.
2947 1656 3099 1728 Apud
3119 1656 3257 1712 Guil.
3287 1655 3583 1718 Moralium,
3628 1657 3683 1707 in
3719 1655 3929 1711 Graecis
3958 1649 4123 1726 typo-

941 1728 1200 1795 graplzum
1241 1724 1485 1795 Regium.
1517 1726 1600 1779 Ea:
1644 1726 1912 1797 privilegio
1940 1724 2111 1795 Regis.
2144 1726 2251 1777 12°.

941 1818 1301 1872 Praefationis
1339 1820 1457 1872 loco
1480 1819 1678 1873 Suidae
1709 1818 2083 1871 testimonium
2110 1832 2241 1887 prae
2269 1832 2326 1871 se
2350 1816 2458 1871 fert
2490 1818 2659 1872 hocce
2686 1834 2701 1869 :

2167 1908 2176 1975 Ι
2238 1911 2339 1962 ΕΚ
2376 1910 2512 1962 ΤΩΝ
2550 1909 2844 1963 ΣΟΥΙΔΑ.

939 2000 1314 2055 ΜΑΚΑΡΙΟΣ.
1344 1999 1447 2052 Δύο
1490 2000 1733 2068 ἐγένοντο
1781 1999 2037 2069 μακάριοι
2084 1997 2365 2069 ὁμώνυμοι
2402 1998 2498 2052 καὶ
2545 1999 2860 2071 περιϐόητοι
2896 1998 2964 2051 δι’
2998 1998 3251 2068 ἄσκησιν,
3281 1999 3367 2053 διὰ
3419 1999 3552 2069 βίον,
3575 2000 3664 2053 διὰ
3687 2001 3910 2072 τρόπον,
3940 1999 4029 2053 διὰ
4052 2001 4124 2053 τὰ

872 2099 1187 2169 μαθήματα.
1224 2099 1260 2165 ὁ,
1299 2098 1395 2167 μὲν
1438 2096 1724 2164 αίγύπτιος
1780 2094 2192 2165 θαυματουργὺς
2219 2089 2307 2162 ἦν,
2334 2096 2427 2147 καὶ
2456 2094 2594 2165 μετὰ
2620 2095 2714 2148 τοῦ
2749 2094 3010 2159 εὐλαὸοὖς
3038 2094 3173 2166 πρὸς
3200 2098 3327 2160 τοὺς
3356 2096 3788 2165 ἐντυγχάνοντας
3821 2096 4119 2166 αὐστηρός

867 2193 896 2243 ὁ
928 2191 985 2245 δέ
1030 2188 1385 2260 ἀλεξανδρεὺς
1434 2188 1575 2241 κατὰ
1610 2188 1788 2239 πάντα
1826 2184 1901 2239 ὢν
1936 2185 2315 2255 παραπλήσιος
2353 2184 2431 2255 τῷ
2477 2184 2750 2255 αἰγυπτίῳ
2795 2185 2889 2238 καὶ
2926 2186 3105 2257 ἱλαρός
3127 2202 3139 2216 ·
3172 2184 3347 2249 οὕτως
3394 2186 3575 2256 ἱλαρὸς
3612 2180 3679 2256 ἦν
3708 2189 3820 2250 τοῖς
3855 2186 4124 2255 ἐντυγχά-

867 2296 1038 2347 νουσι,
1078 2283 1171 2336 καὶ
1202 2283 1280 2353 τῷ
1326 2281 1758 2352 χαριεντίζεσθαι
1789 2280 1916 2343 τοὺς
1966 2278 2118 2342 νέους
2162 2274 2265 2349 ἦγε
2308 2279 2443 2351 πρὸς
2491 2279 2745 2349 ἄσκησιν.
2786 2279 2986 2332 τούτων
3010 2280 3279 2351 Εὑάγριος
3306 2280 3596 2350 γενόμενος
3633 2280 3881 2350 μαθητὴς
3922 2280 4023 2350 τὴν
4054 2267 4119 2332 δι’

868 2376 1043 2447 ἔργων
1079 2376 1394 2445 φιλοσοφίαν
1435 2376 1726 2444 ἐκτήσατο,
1755 2374 2019 2444 πρότερον
2047 2372 2191 2442 λόγῳ
2226 2372 2370 2442 μόνῳ
2400 2373 2687 2441 φιλόσοφος
2724 2373 2799 2426 ὢν
2819 2392 2831 2404 ·
2858 2372 2917 2436 ὃς
2962 2375 3019 2426 ἐν
3050 2369 3460 2427 Κωνσταντίνου
3492 2373 3644 2425 πόλει
3689 2373 3792 2425 ὑπὸ
3817 2373 4120 2443 Γρηγορίου

866 2468 960 2520 τοῦ
989 2466 1235 2535 θεολόγου
1264 2470 1343 2531 εἰς
1376 2468 1475 2538 τὴν
1504 2467 1598 2520 τοῦ
1624 2466 1872 2520 διακόνου
1903 2463 2284 2535 προεχειρίσθη
2320 2464 2491 2529 τάξιν.
2540 2464 2678 2518 ἀλλὰ
2719 2467 2813 2518 καὶ
2854 2467 2914 2528 ἐς
2939 2464 3035 2535 τὴν
3058 2464 3334 2533 Αἴγυπτον
3365 2465 3662 2529 κατελθὼν,
3694 2466 3788 2519 καὶ
3829 2468 3943 2528 τοῖς
3972 2482 4113 2535 προ-

868 2562 1138 2631 λεχθεῖσιν
1180 2557 1416 2629 ἐντυχὼν
1464 2559 1708 2628 ἀνδράσι,
1741 2558 1833 2611 τὸν
1861 2557 2084 2611 ἐκείνων
2128 2557 2241 2627 βίον
2265 2556 2526 2627 ἐζήλωσε.
2572 2558 2747 2625 τούτῳ
2782 2557 2962 2627 βιϐλία
2992 2558 3131 2625 ἄγαν
3162 2556 3425 2611 σπουδαῖα
3461 2558 3907 2629 συγγέγραπται·
3944 2551 4023 2611 ὧν
4060 2558 4121 2610 τὸ

875 2655 973 2723 μὲν
1011 2651 1243 2721 μοναχὸς
1267 2650 1298 2720 ἢ
1334 2666 1399 2701 πε
1411 2649 1463 2719 pl.
1493 2648 1803 2719 πρακτικῆς
1836 2646 2270 2715 ἐπιγέγραπταιο
2306 2647 2368 2699 τὸ
2390 2647 2445 2699 δὲ
2464 2646 2814 2717 γνωστικὸςῆ
2844 2648 2972 2716 περὶ
3000 2648 3108 2699 τῶν
3137 2646 3598 2712 καταξιωθέντων
3626 2646 3880 2716 γνώσεως
3898 2663 3914 2678 ⁸
3946 2648 4122 2717 κεφά-

868 2745 994 2798 λαια
1033 2744 1089 2796 δέ
1121 2742 1283 2795 αὑτοῦ
1340 2760 1440 2794 πεν
1492 2743 1500 2809 |
1558 2744 1821 2812 τήκοντα·
1860 2741 1922 2793 τὸ
1948 2741 2003 2793 δὲ
2048 2736 2430 2811 ἀπιρρητικὸν
2484 2740 2621 2811 πρὸς
2669 2742 2795 2804 τοὺς
2841 2738 3200 2810 πειράζοντας
3232 2740 3511 2811 δαίμονας,
3540 2743 3597 2795 ἐν
3620 2741 3761 2795 ὀκτὼ
3786 2742 4124 2814 διῃρημένον

872 2834 1083 2902 μέρεσι,
1111 2832 1250 2886 κατὰ
1271 2832 1361 2885 τὸν
1394 2832 1624 2902 ἀριθμὸν
1651 2832 1760 2883 τῶν
1796 2830 1939 2883 ὀκτὼ
1963 2830 2264 2900 λογισμῶν·
2296 2832 2387 2883 καὶ⁵
2410 2827 2663 2894 ἑξακόσια
2696 2832 3075 2903 προγνωστικὰ
3104 2832 3495 2902 προϐλήματα·
3548 2832 3644 2885 καὶ
3677 2835 3908 2903 στιχηρὰ
3944 2833 4020 2902 β’·
4052 2837 4108 2886 ἒν

871 2924 1008 2995 πρὸς
1039 2925 1164 2987 τοὺς
1215 2924 1272 2977 ἐν
1324 2923 1607 2987 κοινοόίοις
1650 2924 1684 2994 ἢ
1741 2922 2001 2986 συνοδίαις
2050 2921 2347 2993 μοναχούς·
2378 2922 2471 2974 καὶ
2500 2921 2559 2974 ἒν
2593 2923 2727 2993 πρὸς
2758 2924 2857 2993 τὴν
2884 2923 3204 2994 παρθενίαν.
3261 2924 3354 2976 καί
3394 2941 3527 2995 φησι
3561 2926 3701 2979 κατὰ
3746 2925 3888 2989 λέξιν
3910 2926 4084 2987 οὕτως
4106 2945 4117 2956 ’

868 3016 1161 3082 ἀναγκαῖον
1188 3016 1285 3077 τὰς
1315 3015 1467 3079 ὁδοὺς
1488 3016 1596 3070 τῶν
1639 3017 2082 3086 προοδευσάντων
2140 3016 2386 3086 μοναχῶν
2443 3016 2619 3085 ὀρθῶς
2650 3016 2933 3089 διερωτᾷν,
2970 3018 3065 3070 καὶ
3111 3018 3243 3089 πρὸς
3296 3017 3463 3080 αὐτὰς
3496 3017 3886 3088 κατορθοῦσθαι
3907 3035 3922 3050 ο
3950 3019 4122 3072 πολλὰ

868 3112 978 3181 γάρ
1005 3114 1151 3164 ἐστιν
1182 3111 1273 3162 ὑπ’
1306 3106 1485 3164 αὐτῶν
1512 3112 1578 3165 τὰ
1621 3112 1857 3183 ρηθέντα
1895 3113 1991 3166 καὶ
2030 3111 2342 3182 πραχθέντα
2395 3110 2576 3173 καλῶς
2599 3126 2612 3140 ·
2648 3112 2705 3163 ἐν
2759 3104 2841 3173 οἷς
2891 3110 2987 3163 καὶ
3035 3111 3193 3164 τοῦτό
3219 3129 3301 3175 τις
3330 3110 3521 3180 ἔφησε,
3557 3111 3655 3179 τὴν
3702 3111 4002 3183 ξηροτέραν
4029 3114 4121 3163 καὶ

867 3200 1153 3270 ἀνώμαλον
1178 3201 1403 3266 δίαιταν,
1434 3202 1625 3272 ἀγάπῃ
1654 3202 2064 3271 συζευχθεῖσαν,
2097 3203 2289 3256 θᾶττον
2322 3201 2530 3269 διάγειν
2553 3200 2644 3254 τὸν
2681 3200 2910 3272 μοναχὸν
2939 3203 3021 3265 είς
3053 3202 3342 3257 ἀπάθειαν.

940 3292 1281 3365 [Sequuntur
1297 3294 1563 3349 Homiliae
1593 3310 1787 3364 graece
1810 3311 1964 3365 pagg.
1987 3293 2177 3350 1-567.
2200 3294 2261 3349 In
2295 3295 2402 3349 ﬁne
2436 3294 2563 3348 libri
2581 3296 2779 3367 legitur
2811 3313 2823 3348 :
2856 3296 3154 3350 Excudebat
3184 3294 3327 3352 Guil.
3362 3295 3609 3350 Morelius
3650 3298 3706 3349 in
3736 3299 3936 3367 graccis
3963 3305 4117 3368 typo-

869 3384 1099 3453 graphus
1128 3381 1316 3453 Regius
1345 3382 1416 3437 Μ.
1459 3383 1524 3437 D.
1561 3382 1721 3456 LIX.]

1698 3737 2209 3830 JOANNIS
2288 3742 2523 3832 PICI
2618 3743 3296 3838 PRAEFATIO

1512 3947 1597 3993 AD
1636 3946 1999 3993 VERSIONEM
2038 3947 2310 3993 LATINAM
2352 3947 2752 3994 HOMILIARUM
2793 3950 2847 3994 S.
2893 3952 3149 3996 MACARII
3188 3952 3478 3999 AEGYPTII

2184 4094 2339 4153 Quam
2362 4092 2519 4141 edidit
2540 4093 2634 4143 hoc
2656 4095 2803 4143 titulo
2829 4109 2843 4143 :

868 4251 926 4305 S.
954 4249 1128 4304 Patris
1155 4244 1377 4301 Macarii
1397 4245 1637 4321 Aegyptii
1664 4242 1931 4321 Homiliag
1955 4241 2357 4321 quin-quaginta,
2376 4240 2660 4321 interprete
2679 4239 2887 4321 {canae
2908 4238 3053 4321 Pico,
3086 4244 3140 4321 in
3166 4243 3366 4298 Senatu
3392 4246 3634 4321 Pariensi
3660 4248 3905 4303 classium
3936 4252 4116 4321 inqui-

954 4257 1128 4304 Patris
1155 4257 1377 4301 Macarii
1397 4257 1637 4315 Aegyptii
1664 4257 1925 4297 ﬂammae
1955 4259 2077 4313 qum
2118 4257 2186 4293 ua
2223 4257 2357 4303 mta,
2377 4257 2660 4320 interprete
2679 4257 2887 4296 Joanne
2908 4257 3053 4308 l’tCO,
3086 4261 3140 4297 ιη
3166 4257 3366 4298 δεηαιιι
3392 4257 3633 4300 Pariensi
3660 4257 3905 4303 classium
3936 4257 4114 4321 inqui-

935 4321 1241 4391 sitoriarum
1265 4317 1522 4391 praeside.
1548 4316 1769 4369 Parisiis
1790 4312 1864 4367 Μ.
1887 4312 1953 4366 ι).
1989 4259 2124 4367 [Δί.
2172 4257 2325 4379 Xpud
2369 4308 2511 4364 Guil.
2539 4309 2816 4364 Moralium
2842 4316 2897 4367 in
2923 4314 3133 4368 Graecis
3158 4320 3540 4386 typographum
3585 4318 3822 4389 Regium.
3869 4321 3955 4374 Ea:
3997 4316 4114 4391 pri-

936 4390 1123 4460 vilegio
1153 4387 1325 4457 Regis.
1361 4385 1465 4437 12°.

2466 4497 2532 4505 _

939 4625 1169 4677 Joannes
1190 4622 1363 4685 Picus,
1387 4622 1441 4672 in
1476 4626 1663 4673 senatu
1700 4617 1989 4670 Parisiensi
2035 4616 2298 4673 Classiam
2343 4621 2804 4689 inquisitoriarum
2836 4619 3078 4683 Praeses,
3106 4622 3201 4689 piis
3229 4624 3467 4675 omnibus
3496 4622 3689 4678 Christi
3736 4636 3787 4679 et
3843 4628 4113 4683 Ecclesiae

868 4729 1083 4775 sanctae
1111 4718 1389 4771 cultoribus
1417 4714 1675 4769 Salutem.

940 4814 1109 4879 Quam
1137 4812 1360 4879 antiqua
1401 4810 1471 4861 sit
1511 4815 1565 4860 et
1608 4806 1831 4859 illustris
1878 4807 2331 4859 anachoretarum
2374 4823 2435 4861 ac
2472 4809 2863 4862 monachorum
2911 4809 3084 4878 origo,
3127 4810 3368 4864 declarat
3409 4812 3660 4880 inprimis
3704 4812 3849 4866 beati
3886 4814 4114 4867 Joannis

872 4910 1143 4978 Baptistae
1170 4908 1412 4963 solitaria
1444 4903 1806 4964 conversatio,
1834 4918 1995 4971 quam
2028 4902 2443 4971 Evangeliorum
2479 4904 2621 4957 libro
2677 4905 3003 4975 descriptam
3038 4908 3335 4973 habemus;
3384 4906 3662 4959 declarant
3716 4905 3958 4959 secundo
3989 4906 4113 4959 loco

874 4997 1225 5059 monimenta,
1262 5011 1401 5065 quae
1462 4994 1621 5047 nobis
1673 4995 2014 5062 reliquerunt
2051 4994 2436 5061 Apostolorum
2488 4995 2741 5065 discipuli
2777 5005 2833 5050 et
2887 5012 3078 5050 eorum
3118 5000 3303 5052 coaevi
3337 4995 3670 5067 philosophi,
3706 4996 3862 5063 cujus
3889 4997 4113 5065 generis

874 5085 1083 5140 exstitit
1115 5085 1269 5139 Philo
1301 5084 1657 5153 philosophus
1688 5093 1741 5137 et
1765 5093 1947 5137 orator
1980 5084 2333 5149 clarissimus,
2401 5086 2491 5153 qui
2521 5095 2831 5140 sanctorum
2865 5088 3008 5142 Petri
3051 5088 3324 5157 Marcique
3356 5089 3723 5158 apostolorum
3767 5088 4110 5157 temporibus

873 5178 1097 5242 floruit;
1132 5178 1410 5232 declarant
1448 5186 1723 5246 postremo
1762 5183 2014 5227 auctores
2042 5174 2311 5227 Historiae
2352 5175 3094 5245 ecclesiasticae,rerumque
3123 5177 3430 5229 divinarum
3473 5176 3723 5228 doctores
3750 5184 3804 5227 et
3829 5174 4105 5243 interpre-

876 5279 959 5324 tes
1000 5284 1177 5336 :quos
1205 5267 1551 5320 introducere
1580 5267 1864 5333 loquentes
1897 5266 2057 5329 malo,
2094 5281 2256 5333 quam
2282 5280 2589 5319 sermonem
2644 5282 2826 5319 meum
2887 5268 2994 5321 illis
3062 5267 3350 5337 alIingere,
3399 5268 3657 5336 quoniam
3732 5266 3787 5319 in
3842 5281 3904 5319 ea
3963 5274 4106 5318 tem-

875 5374 1007 5427 pora
1048 5357 1357 5419 incidimus,
1384 5357 1581 5425 quibus
1604 5371 1782 5419 omne,
1810 5355 2159 5424 quantumvis
2180 5370 2390 5417 verum,
2416 5365 2778 5425 Oppugnatur,
2810 5373 2909 5411 nec
2932 5356 3173 5411 creditur
3196 5373 3223 5409 a
3245 5359 3516 5429 plerisque
3564 5362 3669 5414 nisi
3692 5360 3837 5428 quod
3866 5358 4019 5412 lubet
4050 5368 4105 5411 et

876 5448 1096 5501 arridet.
1119 5448 1507 5516 Depromamus
1526 5462 1654 5516 ergo
1671 5446 1908 5515 primum
1931 5445 2193 5514 quaedam
2216 5445 2434 5499 exlibro
2476 5446 2618 5499 beati
2642 5447 2881 5518 Dionysii
2908 5446 3296 5516 Apostolorum
3334 5448 3584 5517 discipuli
3634 5449 3701 5503 de
3720 5446 4104 5505 Ecclesiastica

874 5538 1179 5593 hierarcbia
1197 5554 1214 5591 ῐ
1232 5538 1329 5608 (α);
1358 5558 1375 5589 ι
1397 5540 1459 5591 Ἡ
1479 5538 1534 5590 δὲ
1553 5539 1660 5591 τῶν
1672 5540 2006 5608 τελουμένων
2026 5536 2248 5591 ἁπασῶν
2269 5538 2571 5611 ὑψηλοτέρα
2590 5541 2805 5610 τάξις,ή
2829 5539 2934 5592 τῶν
2958 5540 3204 5609 μοναχῶν
3225 5542 3371 5593 ἐστιν
3394 5541 3510 5611 ἱερὰ
3526 5541 3902 5611 διακόσμησις,
3918 5541 4103 5592 πᾶσαν

878 5631 976 5701 μὲν
995 5632 1483 5701 ἀποκεκαθαομένη
1505 5632 1786 5702 κάθαρσιν,
1810 5632 1960 5701 ὀλικῇ
1981 5633 2332 5703 δυνάμει,καὶ
2352 5634 2603 5686 παντελεῖ
2618 5635 2724 5687 τῶν
2743 5635 2957 5689 οἰκείων
2976 5634 3260 5705 ἐνεργειῶν
3282 5634 3557 5704 ἁγνότητι,
3574 5635 3748 5704 πάσης
3768 5634 3989 5708 δέιὸσης
4007 5632 4100 5690 οε,

2368 5741 2615 5799 NOTAE.

951 5813 1026 5885 (a)
1058 5813 1188 5883 Cap.
1221 5814 1253 5868 6
1280 5814 1347 5869 de
1376 5812 1663 5867 ordinibus
1686 5812 1778 5881 qui
1814 5809 2116 5868 initiantur.
