4274 6358
216 363 341 430 285
1009 373 1099 427 AD
1137 372 1529 430 VERSIONEM
1566 375 1722 435 LAT.
1764 376 1937 435 HOM.
1970 378 2027 436 S.
2066 377 2347 437 MACARII
2382 380 2720 439 AEGYPTII.
3356 388 3463 449 986

223 480 393 551 μιτδν
416 481 551 551 αὑτῇ
576 481 821 551 θεωρεῖν,
844 483 1155 556 ἱερουργίας
1176 488 1234 539 ἐν
1258 490 1417 558 νοερᾷ
1448 489 1457 559 |
1491 488 1694 561 θεωρίᾳ
1720 492 1812 544 καὶ
1844 492 2097 565 κοινωνίᾳ
2130 494 2493 565 γεγενημένη,
2514 496 2607 550 καὶ⁵
2621 498 2744 559 ταῖς
2763 495 2870 551 τῶν
2899 498 3169 571 ἱεραρχῶν
3184 501 3458 556 τελειωτι-

218 577 357 639 καῖς
382 576 676 646 δυνάμεσιν
697 578 1133 652 ἐγχειριζομένη,
1160 583 1255 636 καὶ
1269 586 1387 647 ταῖς
1404 584 1610 648 ἐνθέοις
1626 586 1805 639 αὑτῶν
1826 586 2121 657 ἐλλάμψεσι
2139 590 2240 642 ικαὶ
2276 590 2613 661 ἱεραρχικαῖς
2646 590 3006 662 παραδόσεσιν
3033 592 3455 664 ἐκδιδασκομένη

216 668 329 730 τὰς
353 668 783 733 ἐποπτευθείσας
810 669 919 723 τῶν
957 672 1078 724 κατ’
1106 674 1275 745 αὑτὴν
1295 675 1453 745 ἱερῶν
1492 677 1722 730 τελετῶν
1752 680 2083 758 ἱερουργίας,
2115 681 2368 753 καὶπρὸς
2405 684 2505 754 τῆς
2544 686 2694 751 ἱερᾶς
2721 687 2899 740 αὐτῶν
2926 688 3233 758 ἐπιστήμης
3268 685 3458 740 ἀναλό-

218 781 339 831 γως
372 767 455 828 είς
506 765 850 837 τελειοτάτην
897 767 1207 838 ἀναγομένη
1250 770 1549 825 τελείωσιν.
1581 770 1732 826 ἐνθεν
1789 753 2022 832 οῖ’ῖθεῐοι
2064 775 2437 847 καθηγεμόνες
2466 753 2640 847 ήμῶν
2686 777 3013 850 ἐπωνυμιῶν
3053 753 3249 843 αὑτοὺς
3297 778 3458 849 ἱερῶν

216 856 490 927 ἠξίωσαν,
526 860 576 911 οἱ
609 860 708 930 μὲν
734 860 1097 932 θεραπευτάς,
1151 865 1201 916 οἱ
1238 862 1295 915 δὲ
1336 864 1601 934 μοναχοὺς
1627 864 2010 935 ὀνομάσαντες,
2042 871 2105 922 ἐκ
2148 870 2247 941 τῆς
2274 869 2369 925 τοῦ
2410 869 2543 923 Θεοῦ
2574 872 2817 945 καθαρᾶς
2846 874 3148 945 ὑπηρεσίας
3175 873 3268 927 καὶ
3291 873 3455 945 θερα-

220 954 413 1015 πείας,
450 954 542 1006 καὶ
585 956 685 1024 τῆς
716 955 1014 1027 ἀμερίστου
1061 958 1156 1012 καὶ
1187 958 1391 1022 ἐνιαίας
1419 957 1584 1029 ζωῆς,
1632 962 1708 1024 ὡς
1740 963 2089 1036 ἐνοποιούσης
2116 966 2311 1030 αὑτοὺς
2337 967 2395 1020 ἐν
2419 969 2537 1031 ταῖς
2568 967 2675 1022 τῶν
2698 966 2977 1036 διαιρετῶν
3009 965 3180 1037 ἱεραῖς
3206 965 3456 1036 συμπτύ-

220 1045 396 1109 ξεσιν,
430 1048 509 1109 είς
533 1047 737 1119 θεοειδῆ
770 1049 973 1119 μονάδα
995 1051 1090 1105 καὶ
1113 1051 1355 1120 φιλόθεον
1375 1053 1671 1109 τελείωσιν.
1697 1054 1764 1108 δι’
1798 1055 1826 1108 ὃ
1856 1056 1949 1109 καὶ
1973 1057 2287 1129 τελεστικὴν
2322 1058 2505 1124 αὑτοῖς
2534 1059 2843 1131 ἐδωρήσατο
2862 1057 3073 1129 χάρινὴ
3107 1057 3230 1128 ἱερά
3258 1058 3455 1129 θεσμο-

219 1139 407 1201 θεσία,
446 1139 537 1191 καί
565 1157 708 1204 τινος
735 1142 931 1207 αὑτοὺς
966 1143 1199 1213 ἠξίωσεν
1230 1145 1600 1217 ἀφιερωτικῆς
1639 1147 1979 1219 ἐπικλήσεως
2002 1151 2101 1221 οὑχ
2136 1151 2477 1224 ἱεραρχικῆς,
2506 1154 2687 1224 ἐκείνη
2732 1152 2839 1223 γὰρ
2872 1153 2964 1206 ἐπὶ
2994 1152 3181 1222 μόναις
3209 1152 3455 1221 γίγνεται

217 1232 345 1292 ταῖς
381 1232 685 1303 ἱερατικαῖς
710 1236 952 1303 τάξεσιν,
974 1236 1089 1291 ἀλλ’
1135 1240 1508 1312 ἱερουργικῆς,
1529 1241 1635 1294 ὑπό
1655 1241 1763 1296 τῶν
1785 1243 1946 1296 ὁσίων
1971 1244 2163 1314 ἱερέων
2185 1248 2253 1317 τῇ
2283 1246 2565 1318 ίεραρχικῇ
2587 1246 2935 1319 τελετουργίᾳ
2951 1246 3211 1320 δευτέρως
3238 1248 3453 1319 ἱερουρ-

220 1339 321 1389 γου
329 1324 523 1395 μένης.

1274 1424 1624 1490 Μυστήριον
1655 1424 1988 1495 μοναχικῆς
2020 1428 2399 1495 τελειώσεως.

302 1533 365 1585 Ὀ
395 1532 494 1602 μὲν
518 1533 695 1603 ἱερεὺς
720 1533 947 1603 ἔστηκεν
974 1535 1269 1606 ἐπίπροσθε
1305 1536 1398 1588 τοῦ
1425 1536 1568 1589 θείου
1601 1537 2003 1611 θυσιαστηρίου,
2036 1542 2134 1613 τὴν
2166 1540 2462 1612 μοναχικὴν
2487 1542 2771 1613 ἐπίκλησιν
2793 1543 3095 1614 ίερολογῶν·
3122 1547 3151 1598 6
3176 1545 3234 1598 δὲ
3261 1543 3448 1598 τελού⁹

226 1640 394 1691 μενος
416 1624 591 1675 ὀπίσω
622 1622 717 1675 τοῦ
746 1624 932 1693 ἱερέως
952 1625 1199 1695 ἕστηκεν,
1226 1628 1327 1679 οὑκ
1351 1628 1516 1697 ἄμφω
1541 1628 1619 1680 τὼ
1646 1631 1769 1682 πόδε
1799 1632 2015 1693 κλίνων,
2051 1634 2149 1703 οὺχ
2173 1634 2268 1685 ἐνα
2304 1636 2418 1686 τοῖν
2458 1634 2657 1699 ποδοῖν,
2686 1636 2785 1688 οὑκ
2825 1615 2918 1688 ἐπὶ
2947 1636 3185 1704 κεφαλῆς
3216 1637 3354 1706 ἔχων
3380 1639 3449 1688 τά

217 1714 594 1784 θεοπαράδοτα
623 1715 801 1783 λόγια,
836 1716 993 1786 μόνον
1021 1717 1077 1769 δὲ
1104 1717 1181 1787 τῷ
1208 1720 1340 1789 ἱερεῖ
1364 1719 1645 1790 παρεστὼς
1677 1722 2034 1794 ἱερολογοῦντι
2066 1726 2165 1794 τὴν
2189 1724 2274 1776 ἐπ’
2298 1723 2447 1794 αὑτῷ
2496 1726 2765 1796 μυστικὴν
2792 1728 3092 1798 ἐπίκλησιν.
3137 1728 3358 1792 τελέσας
3388 1730 3448 1782 δὲ

215 1806 389 1877 αὑτὴν
418 1808 445 1857 6
476 1806 673 1877 ἱερεὺς,
699 1808 792 1858 ἐπὶ
821 1807 913 1859 τὸν
936 1807 1257 1879 τελούμενον
1285 1810 1471 1877 ἐλθὼν,
1504 1813 1753 1883 ἐπερωτᾷ
1779 1815 1994 1885 πρῶτον
2019 1816 2201 1882 αὑτὸν,
2229 1818 2277 1868 εί
2298 1815 2499 1879 πάσαις
2522 1816 2886 1870 ἀποτάσσεται
2914 1823 3033 1882 ταῖς
3057 1820 3356 1891 διαιρεταῖς
3382 1823 3445 1874 οὑ

219 1902 383 1968 μόνον
411 1901 602 1965 ζωαίς,
622 1900 758 1953 ἀλλά
790 1902 883 1953 καὶ
920 1902 1259 1970 φαντασίαις.
1285 1900 1401 1959 εἶτα
1420 1905 1517 1976 τὴν
1541 1906 1881 1977 τελειοτάτην
1911 1908 2058 1978 αὑτῷ
2090 1908 2232 1980 ζωὴν
2272 1909 2582 1979 ὑφηγεῖται,
2615 1910 3081 1981 μαρτυρούμενος,
3110 1914 3191 1965 ὅτι
3225 1913 3447 1985 χρὴτῆς

218 1994 399 2063 μέσης
423 1994 587 2047 αὑτὸν
636 1996 1156 2067 ὑπερανεστηκέναι.
1198 1998 1368 2052 ταῦτα
1415 1999 1471 2053 δὲ
1500 2003 1675 2056 πάντα
1703 2002 1794 2055 τοῦ
1828 2002 2146 2072 τελουμένου
2196 2003 2475 2075 προσεχῶς
2520 2004 2970 2073 ὁμολογήσαντος,
2996 2002 3075 2075 τῷ
3118 2006 3448 2076 σταυροειδεῖ

212 2086 375 2154 τύπῳ
400 2086 841 2157 σφραγισάμενος
871 2088 1029 2141 αὑτὸν
1057 2090 1085 2141 6
1118 2090 1316 2159 ἱερεὺς.
1348 2091 1652 2162 ἀποκείρει,
1683 2092 1781 2163 τὴν
1807 2091 2031 2164 τρισσὴν
2060 2093 2159 2162 τῆς
2184 2092 2334 2157 θείας
2368 2094 2766 2164 μακαριότητος
2794 2094 3090 2164 ἐπιὸοήσας
3124 2095 3443 2162 ὑπόστασιν,

214 2177 312 2231 καὶ
337 2178 437 2248 τὴν
472 2178 674 2247 ἐσθῆτα
705 2181 885 2231 πᾶσαν
914 2181 1166 2249 ἀπαμφιέ
1197 2181 1208 2251 |
1240 2197 1359 2245 σας,
1397 2183 1589 2254 ἑτέραν
1616 2184 1961 2254 ἀμφιέννυσι,
1992 2184 2084 2237 καὶ
2110 2184 2247 2255 μετά
2274 2184 2380 2238 τῶν
2406 2185 2578 2239 ἀλλων
2610 2184 2767 2254 ἱερῶν
2792 2185 2998 2256 ἀνδρῶν
3023 2186 3137 2239 ὅσοι
3166 2187 3440 2259 πάρεισιν,

212 2272 630 2342 ἀσπασάμενος,
661 2272 825 2326 αὑτὸν
856 2274 1106 2326 κοινωνὸν
1134 2274 1385 2327 ἀποτελεῖ
1438 2276 1547 2329 τῶν
1590 2275 1893 2348 θεαρχικῶν
1945 2276 2278 2347 μυστηρίων.
2330 2276 2391 2328 τὸ
2439 2275 2641 2345 μηδένα
2686 2278 2796 2328 τοῖν
2837 2276 3016 2330 ποδοῖν
3044 2276 3265 2343 κλίνειν,
3308 2280 3445 2349 μηδὲ

209 2365 307 2417 ἐπὶ
352 2364 595 2435 κεφαλῆς
645 2363 790 2435 ἔχειν
833 2365 903 2417 τὰ
932 2364 1299 2435 θεοπαράδοτα
1327 2365 1501 2434 λόγια,
1534 2369 1866 2439 παρεστάναι
1897 2366 1954 2419 δὲ
1992 2366 2068 2438 τῷ
2102 2369 2254 2453 ἱερεῖ,
2275 2366 2374 2439 τὴν
2415 2366 2700 2436 ἐπίκλησιν
2744 2368 3122 2438 ἱερολογοῦντι,
3152 2370 3301 2443 δηλοῖ
3343 2374 3444 2445 τὴν

212 2462 523 2533 μοναχικὴν
565 2460 719 2525 τάξιν
760 2460 861 2513 οὑκ
907 2456 1045 2514 εἶναι
1094 2462 1515 2532 προσαγωγικὴν
1544 2464 1764 2533 ἐτέρων,
1805 2461 1919 2515 ἀλλ’
1948 2462 2031 2532 ἐφ’
2061 2463 2259 2533 ἑαυτῆς
2300 2462 2540 2515 ἐστῶσαν
2570 2464 2628 2514 ἐν
2659 2463 2916 2535 μοναδικῇ
2948 2466 3040 2519 καὶ
3073 2468 3196 2537 ἱερᾷ
3230 2469 3438 2535 στάσει,

206 2560 331 2619 ταῖς
364 2558 664 2627 ῖερατικαῖς
691 2556 964 2625 ἑπομένην
986 2555 1194 2619 τάξεσι,
1225 2556 1320 2608 κα)⁵
1350 2557 1483 2628 πρὸς
1511 2556 1689 2609 αὑτῶν
1714 2557 1788 2619 ὡς
1810 2556 2009 2609 ὀπαδὸν
2036 2556 2129 2609 ἐπὶ⁵
2160 2556 2258 2627 τὴν
2284 2556 2433 2609 θείαν
2460 2556 2567 2609 τῶν
2595 2557 2715 2609 κατ’
2742 2555 2908 2625 αὐτὴν
2941 2556 3099 2627 ἱερῶν
3127 2558 3441 2631 ἐπιστήμην

210 2647 483 2710 εὐπειθῶς
514 2647 879 2718 ἀναγομένην.
919 2648 952 2717 ἡ
1001 2646 1059 2699 δὲ
1099 2646 1207 2698 τῶν
1237 2647 1505 2717 μεριστῶν
1532 2648 1592 2700 οὑ
1626 2647 1782 2717 μόνον
1816 2646 1990 2709 ζωῶν,
2022 2646 2156 2699 ἀλλά
2181 2646 2287 2717 μὴν
2316 2649 2410 2700 καὶ
2438 2647 2744 2715 φαντασιῶν
2773 2647 3023 2717 ἀποταγὴ
3050 2648 3150 2719 τὴν
3169 2648 3440 2705 τελειοτά-

206 2757 309 2809 την
339 2740 594 2809 ἐμφαίνει
639 2739 747 2790 τῶν
792 2738 1038 2808 μοναχῶν
1089 2739 1424 2809 φιλοσοφίαν,
1464 2740 1521 2792 ἐν
1567 2740 1842 2810 ἐπιστήμῃ
1888 2737 1996 2791 τῶν
2044 2739 2303 2792 ἐνοποιῶν
2335 2740 2562 2793 ἐντολῶν
2602 2741 3017 2812 ἐνεργουμένην.
3048 2742 3162 2795 ἐστι
3199 2742 3328 2815 γάρ.
3362 2746 3440 2811 ὡς

207 2831 370 2900 ἔφην,
403 2831 464 2884 οὑ
484 2831 583 2899 τῆς
606 2830 775 2899 μέσης
801 2829 907 2882 τῶν
930 2828 1266 2900 τελουμένων
1285 2829 1510 2893 τάξεως,
1545 2828 1679 2882 ἀλλὰ
1701 2832 1798 2898 τῆς
1831 2828 2019 2882 πασῶν
2048 2830 2401 2900 ὑψηλοτέρας.
2422 2831 2510 2903 ίδιθ
2544 2831 2573 2883 6
2618 2832 2712 2884 καὶ
2754 2831 2925 2885 πολλά
2963 2833 3100 2902 πρὸς
3134 2836 3234 2905 τῆς
3268 2835 3437 2907 μέσης

206 2921 415 2986 τάξεως
460 2920 841 2989 ἀκατακρίτως
873 2921 1275 2990 ἐνεργουμένων
1325 2920 1620 2990 ἀπείρηται
1667 2921 1853 2990 τρόπῳ
1901 2922 2063 2973 παντὶ
2109 2922 2221 2983 τοῖς
2264 2920 2484 2983 ἐνιαὶοις
2512 2923 2783 2991 μοναχοῖς,
2811 2921 2887 2985 ὡς
2920 2922 3057 2993 πρὸς
3086 2923 3147 2976 τὸ
3174 2922 3231 2977 ἓν
3259 2924 3437 2979 αὐτῶν

206 3016 533 3085 ὀφειλόντων
560 3014 939 3079 ἐνοποιεῖσθαι,
975 3016 1069 3069 καὶ
1093 3015 1231 3088 πρὸς
1264 3015 1415 3086 ἱερὰν
1449 3016 1649 3087 μονάδα
1671 3014 2019 3083 συνάγεσθαι,
2045 3017 2140 3068 καὶ
2182 3016 2319 3085 πρὸς
2346 3017 2443 3081 τὴν
2467 3018 2767 3086 ἱερατικὴν,
2788 3008 2875 3081 ’ὡς
2908 3017 3144 3088 θεμιτὸν,
3186 3020 3435 3092 ἀπομορ-

207 3109 440 3179 φοῦσθαι
470 3109 634 3180 ζωὴν,
663 3108 737 3172 ὡς
767 3109 826 3162 τὸ
857 3109 1112 3178 συγγενὲς
1132 3109 1301 3180 αὐτῆς
1322 3110 1548 3181 ἔχουσαν
1572 3112 1629 3163 ἐν
1653 3110 1891 3173 πολλοῖς,
1933 3110 2029 3163 καὶ
2062 3111 2262 3181 μᾶλλον
2285 3110 2420 3181 αὑτῇ
2448 3111 2597 3181 παρά
2618 3111 2716 3174 τὰς
2742 3108 2934 3172 λοιπάς
2959 3109 3068 3162 τῶν
3102 3092 3438 3179 τελουμένων

204 3201 389 3267 τάξεις
423 3200 846 3270 πλησιάζουσαν.
898 3202 933 3271 ἡ
976 3202 1034 3255 δὲ
1057 3202 1150 3254 τοῦ
1184 3201 1556 3273 σταυροειδοῦς
1594 3202 1765 3255 τύπου
1809 3202 2061 3273 σφραγὶς,
2095 3202 2169 3264 ὡς
2189 3202 2290 3273 ήδη
2320 3201 2451 3273 παρ’
2479 3201 2635 3271 ἡμῶν
2667 3200 2899 3272 εἴρηται,
2928 3200 3077 3271 δηλοῖ
3098 3200 3197 3272 τὴν
3244 3200 3435 3255 πασῶν

204 3297 343 3366 ὁμοῦ
378 3296 491 3348 τῶν
522 3296 801 3366 σαρκικῶν
826 3295 1057 3367 ὀρέξεων
1081 3295 1492 3367 ἀνενεργησίαν.
1550 3297 1584 3366 ή
1623 3296 1679 3347 δὲ
1704 3297 1812 3348 τῶν
1844 3295 2044 3366 τριχῶν
2064 3295 2365 3366 ἀπόκαρσις
2393 3296 2646 3366 ἐμφαίνει
2671 3296 2768 3365 τὴν
2793 3294 3037 3366 καθαρὰν
3062 3295 3155 3347 καὶ
3181 3294 3434 3367 ἀσχημά-

204 3408 383 3443 τιστον
409 3389 575 3460 ζωὴν,
608 3391 708 3443 οὐκ
741 3390 1092 3453 ἐπιπλάστοις
1123 3390 1363 3461 σχήμασι
1397 3389 1459 3442 τὸ
1488 3390 1626 3443 κατὰ
1660 3390 1783 3444 νοῦν
1821 3389 2057 3452 δυσειδὲς
2099 3389 2423 3452 ἐπιθετικῶς
2468 3388 2929 3453 καλλωπίζουσαν,
2971 3386 3087 3441 ἀλλ’
3130 3387 3299 3456 αὐτὴν
3345 3389 3434 3454 ἐφ’

204 3480 405 3550 ἑαυτῆς
434 3480 535 3533 οὑκ
566 3480 929 3551 ἀνθρωπικοῖς
969 3481 1242 3543 κάλλεσιν,
1285 3480 1399 3533 ἀλλ’
1426 3479 1647 3543 ἐνιαίοις
1677 3482 1771 3532 καὶ
1812 3481 2063 3550 μοναχοῖς
2097 3480 2176 3543 εἱς
2230 3479 2290 3533 τὸ
2327 3478 2715 3533 θεοειδέστατον
2755 3479 3117 3549 ἀναγομένην.
3165 3480 3199 3548 ὴ
3241 3478 3297 3530 δὲ
3330 3479 3431 3547 τῆς

204 3575 477 3646 προτέρας
506 3574 730 3645 ἐσθῆτος
757 3577 1019 3646 ἀποϐολὴ,
1045 3576 1141 3630 καὶ
1173 3576 1271 3645 τῆς
1294 3575 1485 3647 ἐτέρας
1514 3576 1695 3645 λῆψις,
1721 3576 1820 3647 τὴν
1842 3576 1950 3630 ἀπὸ
1981 3576 2151 3645 μέσης
2176 3577 2329 3646 ἱερᾶς
2357 3574 2501 3646 ζωῆς
2537 3575 2631 3627 ἐπὶ
2648 3573 2746 3645 τὴν
2773 3574 3111 3647 τελειοτέραν
3142 3573 3431 3645 μετάταξιν

201 3665 485 3734 ἐμφαίνει,
507 3666 757 3738 καθάπερ
789 3667 879 3719 ἐπὶ
913 3668 1012 3737 τῆς
1042 3668 1190 3737 ἱερᾶς
1217 3666 1554 3735 θεογενεσίας
1592 3668 1626 3738 ή
1663 3669 1759 3736 τῆς
1802 3666 2025 3736 ἐσθῆτος
2064 3666 2289 3736 ἀμειψις
2325 3666 2511 3737 ἐδήλου
2540 3666 2639 3736 τῆς
2669 3663 3174 3735 ἀποκαθαιρομένης
3215 3664 3359 3734 ζωῆς
3388 3665 3401 3733 |

200 3759 279 3819 είς
304 3757 642 3829 θεωρητικὴν
675 3759 770 3812 καὶ
796 3759 1113 3829 σοφιστικὴν
1150 3758 1263 3822 ἕξιν
1288 3759 1598 3829 ἀναγωγήν.
1651 3760 1699 3811 εἰ
1733 3758 1789 3811 δὲ
1810 3758 1904 3812 καὶ
1933 3757 2026 3811 νῦν
2057 3760 2086 3811 6
2118 3758 2295 3828 ἱερεύς
2322 3773 2382 3809 τε
2407 3756 2502 3808 καὶ
2532 3757 2730 3820 πάντες
2754 3757 2866 3809 ὅσοι
2898 3756 3150 3826 πάρεισιν
3178 3754 3314 3825 ἱεροὶ
3336 3754 3430 3808 τὸν

198 3851 579 3922 τετελεσμένον
599 3853 953 3917 ἀσπάζονται,
976 3852 1074 3923 τὴν
1106 3852 1256 3924 ἱερὰν
1284 3852 1392 3905 τῶν
1426 3851 1672 3905 θεοειδῶν
1699 3852 1949 3920 ἐννόησον
1988 3850 2290 3912 κοινωνίαν,
2322 3830 2675 3916 ἀγαπητικῶς
2701 3848 2759 3900 ἐν
2792 3844 3097 3917 εὐφροσύνῃ
3136 3843 3257 3915 θείᾳ
3298 3860 3428 3897 συν-

195 3941 475 4011 ηδομένων
512 3943 786 4014 ἀλλήλοις.
826 3946 883 3997 ἐν
915 3944 1058 3996 τέλει
1085 3944 1140 3997 δὲ
1166 3944 1380 3997 πάντων
1398 3944 1427 3995 6
1458 3944 1637 4013 ἱερεὺς
1664 3944 1753 3995 ἐπὶ
1773 3943 1869 4013 τὴν
1894 3942 2187 4013 θεαρχικὴν
2211 3940 2492 3994 κοινωνίαν
2515 3938 2671 3992 καλεῖ
2689 3936 2779 3991 τὸν
2802 3936 3205 4006 τετελεσμένον,
3229 3936 3427 4007 ἐμφαί-

198 4054 303 4091 νων
337 4038 516 4107 ἱερῶς,
548 4038 623 4101 ὡς
654 4042 682 4091 ό
721 4038 1015 4103 τελεσθεὶς,
1045 4037 1204 4109 είπερ
1230 4037 1447 4108 ἀληθῶς
1474 4038 1569 4090 ἐπὶ
1592 4037 1691 4107 τὴν
1720 4037 2019 4108 μοναχικὴν
2047 4034 2298 4103 ἀφίκοιτο
2318 4034 2411 4087 καὶ
2436 4032 2646 4087 ἐνιαὶαν
2677 4028 2982 4100 ἀναγωγὴν,
3012 4029 3074 4081 οὑ
3099 4027 3427 4100 θεωρητικὸς

202 4131 355 4200 μόνον
378 4130 530 4183 ἐσται
554 4130 661 4183 τῶν
694 4130 813 4184 κατ’
844 4130 1005 4184 αὑτὸν
1032 4129 1211 4199 ἱερῶν,
1237 4130 1356 4182 οὑδέ
1383 4129 1524 4183 κατὰ
1554 4130 1723 4199 μέσην
1751 4127 1903 4193 τάξιν
1933 4126 2026 4179 ἐπὶ
2042 4127 2140 4195 τὴν
2178 4123 2462 4179 κοινωνίαν
2484 4122 2604 4194 ἥξει
2639 4121 2747 4175 τῶν
2778 4120 3083 4190 ἱερωτάτων
3120 4118 3424 4187 συμϐόλων,

195 4221 333 4276 ἀλλά
364 4222 502 4291 μετὰ
531 4221 680 4284 θείας
719 4220 828 4275 τῶν
860 4221 954 4273 ὑπ’
995 4219 1159 4273 αὑτοῦ
1204 4220 1577 4291 μετεχομένων
1614 4219 1773 4292 ἱερῶν
1814 4217 2086 4287 γνώσεως,
2111 4216 2281 4286 ἑτέρῳ
2318 4216 2504 4287 τρόπῳ
2541 4212 2693 4284 παρὰ
2728 4210 2818 4264 τὸν
2852 4208 2994 4280 ἱερὸν
3018 4208 3147 4262 λαδν
3190 4208 3285 4262 ἐπὶ
3324 4208 3425 4279 τὴν

198 4314 495 4385 μετάληψιν
528 4312 647 4383 ἦξει
676 4312 775 4380 τῆς
801 4311 1096 4382 θεαρχικῆς
1116 4312 1413 4375 κοινωνίας.
1445 4331 1463 4362 ι

262 4406 412 4473 Quae
442 4405 522 4459 sic
553 4404 720 4458 vertit
737 4402 1044 4469 Perionius.

270 4515 291 4550 ι
328 4496 584 4551 Summus
613 4509 744 4548 vero
763 4508 953 4547 eorum
995 4493 1262 4567 omnium,
1291 4495 1387 4564 qui
1426 4493 1711 4548 initiantur
1755 4501 1812 4549 et
1840 4493 2217 4564 perﬁciuntur,
2244 4489 2379 4545 ordo
2402 4496 2487 4545 est
2510 4496 2821 4545 sanctorum
2849 4480 3261 4547 monachorum,
3294 4496 3421 4537 cum

191 4599 250 4648 et
271 4591 417 4646 omni
441 4588 680 4658 piaculo,
718 4595 829 4641 tota
844 4575 905 4640 ivi
930 4589 1186 4659 omnique
1210 4589 1487 4643 actionum
1515 4604 1739 4643 suarum
1767 4589 2123 4645 sanctimonia
2148 4587 2397 4657 expiatus
2418 4586 2509 4650 sit,
2536 4593 2592 4639 et
2614 4582 2792 4639 omnis
2836 4577 3101 4650 mysterii,
3126 4572 3271 4643 quod
3294 4572 3418 4641 qui-

193 4682 315 4736 dem
338 4682 389 4735 ei
412 4680 493 4734 fas
515 4680 587 4733 sit
612 4678 876 4747 aspicere,
909 4674 1171 4745 spiritalis
1196 4684 1471 4744 spectator
1494 4676 1876 4746 particepsque
1937 4677 2007 4730 sit
2059 4676 2234 4731 factus
2268 4674 2605 4741 traditusque
2652 4667 2959 4742 perﬁcienti
2982 4662 3300 4735 pontiﬁcum
3325 4676 3418 4715 or-

193 4773 328 4835 dini,
356 4787 418 4825 ac
442 4770 644 4825 divinis
667 4785 860 4823 eorum
903 4768 1363 4823 illustrationibus
1407 4768 1815 4838 pontiﬁciisque
1854 4769 2121 4823 institutis
2167 4768 2340 4821 discat
2359 4774 2668 4819 sanctorum
2690 4759 3097 4833 mysteriorum,
3125 4768 3263 4825 quae
3290 4767 3418 4807 eum

191 4863 479 4932 attingunt,
507 4875 661 4914 sacra
684 4874 824 4929 quae
846 4859 1139 4928 aspexerit,
1160 4865 1323 4927 atque
1350 4865 1536 4912 sancta
1573 4858 1893 4914 eorumdem
1928 4858 2153 4913 scientia
2183 4872 2284 4928 pro
2307 4854 2469 4909 modo
2493 4869 2591 4909 suo
2613 4853 2682 4908 ad
2720 4865 2987 4907 summam
3024 4844 3417 4917 perfectionem

190 4954 552 5019 virtutemque
576 4950 856 5009 eﬁ'eratur.
890 4950 1029 5003 Hinc
1062 4948 1233 5003 divini
1278 4960 1657 5019 praeceptores
1708 4952 1881 5006 nostri
1924 4951 2125 5005 sanctis
2148 4965 2242 5003 eos
2289 4948 2604 5002 nominibus
2647 4943 2907 5016 appellari
2960 4942 3273 5003 voluerunt,
3321 4936 3413 4993 alii

190 5044 480 5106 cultorum,
513 5042 604 5095 alii
632 5041 1046 5103 monachorum,
1076 5054 1107 5092 a
1132 5054 1269 5108 puro
1307 5040 1402 5093 Dei
1428 5039 1692 5094 famulatu
1723 5050 1780 5095 et
1816 5040 1989 5105 cultu,
2016 5039 2401 5106 individuaque
2450 5052 2515 5090 ac
2558 5034 2815 5105 singulari
2838 5032 2970 5096 vita,
3025 5030 3224 5100 quippe
3274 5042 3414 5096 quae

189 5148 283 5186 eos
307 5148 472 5186 unum
500 5132 660 5186 faciat
684 5133 885 5186 sanctis
911 5149 1095 5187 rerum
1119 5133 1463 5187 dividuarum
1487 5133 1982 5197 coniunctionibus,
2006 5132 2072 5186 ad
2102 5132 2339 5186 divinam
2366 5130 2623 5183 unionem
2648 5128 2864 5195 Deoque
2885 5132 3091 5195 gratam
3120 5118 3411 5190 perfectio-

191 5241 313 5280 nem
337 5224 759 5294 adipiscendam.
790 5224 975 5294 ltaque
1008 5224 1327 5294 perﬁciendi
1350 5226 1430 5278 eis
1456 5240 1656 5278 munus
1677 5232 1861 5278 sancta
1886 5224 1973 5277 lex
1996 5222 2284 5285 concessit,
2312 5220 2639 5289 dignataque
2664 5225 2748 5271 est
2769 5231 2864 5270 eos
2906 5210 3247 5267 invocatione
3273 5224 3412 5278 quae

190 5318 297 5372 vim
320 5317 673 5372 consecrandi
726 5318 735 5387 |
788 5318 973 5383 habet,
999 5335 1110 5373 non
1164 5319 1443 5387 pontiﬁcia
1466 5318 1711 5388 quidem,
1762 5334 1823 5373 ea
1856 5320 2003 5371 enim
2027 5327 2111 5372 est
2135 5326 2342 5371 tantum
2373 5329 2542 5384 penes
2565 5311 2911 5367 sacerdotum
2931 5307 3173 5370 ordines,
3198 5304 3292 5359 sed
3320 5318 3410 5360 sa-

191 5405 463 5471 cerdotali,
488 5423 627 5476 quae
652 5423 683 5461 a
707 5409 908 5464 sanctis
941 5410 1318 5465 sacerdotibus
1343 5411 1583 5466 secundo
1613 5427 1643 5465 a
1668 5410 1949 5481 pontiﬁcio
1973 5409 2340 5481 munere‘loco
2366 5406 2675 5461 adhibetur.

1227 5565 1530 5635 Mysterium
1553 5566 1874 5619 monasticae
1908 5562 2326 5617 consecrationis.

303 5681 563 5737 Sacerdos
583 5681 804 5751 quidem
829 5690 935 5735 stat
962 5690 1088 5736 ante
1112 5682 1357 5736 divinum
1383 5683 1572 5747 altare,
1592 5682 1961 5751 precationem
1984 5695 2123 5750 quae
2140 5677 2433 5733 monachos
2454 5674 2671 5743 attingit
2686 5672 2921 5726 recitans
2933 5682 2994 5723 ac
3008 5666 3407 5737 pronunciaus;

191 5773 239 5832 is
260 5781 459 5841 autem,
486 5773 579 5843 qui
607 5782 959 5828 consecratur
986 5780 1041 5827 et
1068 5772 1337 5839 initiatur,
1364 5781 1469 5827 stat
1492 5781 1614 5842 post
1646 5772 2008 5835 sacerdotem,
2032 5784 2135 5825 nec
2157 5777 2448 5836 utrumque
2470 5778 2613 5834 genu
2639 5760 2808 5817 ﬂectit
2870 5773 2970 5815 nec
3002 5756 3255 5818 alterum,
3303 5769 3406 5812 nec
