4274 6358
874 368 981 426 987
2168 369 2262 426 JO.
2305 369 2436 426 PICI
2471 370 2558 425 PR

2471 370 2858 428 PRAEFATIO
4019 372 4131 432 288

871 495 1034 558 caput
1085 483 1251 538 habet
1306 482 1650 552 suppositum
1702 482 1907 537 divinis
1933 483 2109 548 libris,
2142 484 2238 538 sed
2288 493 2499 538 tantum
2544 495 2767 554 praesto
2816 495 2900 539 est
2926 485 3197 540 sacerdoti
3223 486 3316 556 qui
3353 486 3632 557 mysticam
3667 487 4042 557 precationem
4089 507 4127 544 ιι

869 581 987 648 ipso
1011 577 1221 631 recitat.
1247 577 1512 631 Sacerdos
1537 592 1669 630 vero
1694 592 1756 630 ea
1784 577 2044 646 perfecta,
2065 592 2190 630 cum
2222 577 2290 630 ad
2316 593 2443 631 eum
2470 579 2563 646 qui
2604 577 2856 632 initiatur
2880 579 3051 642 venit,
3079 579 3229 631 illum
3255 589 3409 648 rogat
3430 579 3687 648 primum,
3726 597 3859 633 num
3879 581 4130 635 remittat

867 675 1119 728 nuntium
1148 689 1256 727 non
1290 673 1465 727 solum
1498 673 1740 727 dividuis
1763 673 2146 741 distinctisque
2171 675 2319 738 vitis,
2359 689 2553 727 verum
2586 675 2752 728 etiam
2782 675 3116 738 visionibus;
3149 674 3348 729 deinde
3395 675 3848 744 perfectissimam
3872 677 3925 731 ei
3953 675 4123 730 vitam

866 765 1111 833 exponit,
1141 763 1246 817 hoc
1270 779 1370 831 pro
1397 763 1709 816 testimonio
1737 763 1946 827 dicens,
1997 778 2122 816 eum
2152 764 2386 817 mediam
2414 765 2579 817 vitam
2613 780 2887 833 superare
2914 780 2975 817 ac
3007 766 3282 819 transilire
3308 777 3580 834 oportere.
3630 767 3777 832 Quae
3808 768 3904 820 ubi
3937 768 4124 823 omnia

867 857 915 910 is
940 858 1030 925 qui
1059 857 1304 911 initiatur
1346 857 1686 910 continenter
1737 857 2014 926 professus
2035 869 2120 911 est
2143 875 2201 912 se
2225 874 2343 912 esse
2371 860 2663 923 facturum,
2691 861 2945 914 sacerdos
2971 861 3124 930 signo
3151 862 3331 915 crucis
3357 878 3482 916 eum
3506 864 3880 933 consignatum
3907 863 4118 927 tondet,

866 949 1142 1016 appellans
1169 957 1276 1002 tres
1300 964 1562 1016 personas
1590 949 1806 1002 divinae
1832 950 2189 1004 beatitudinis
2213 969 2226 1014 ;
2257 951 2514 1019 omnique
2541 960 2691 1006 veste
2717 952 2959 1005 detracta
2986 968 3110 1006 eum
3140 954 3245 1006 alia
3275 954 3474 1015 induit,
3519 965 3572 1009 et
3597 971 3721 1008 eum
3745 957 3869 1009 aliis
3913 957 4123 1010 sanctis

863 1044 998 1097 viris
1019 1044 1111 1112 qui
1137 1043 1355 1107 adsunt,
1386 1059 1509 1097 cum
1537 1060 1660 1096 eum
1688 1045 1963 1108 salutavit,
1995 1046 2316 1115 participem
2339 1047 2469 1099 facit
2495 1046 2809 1101 divinorum
2848 1048 3255 1117 mysteriorum.

2291 1183 2695 1254 Contemplatio.

940 1318 956 1348 ‹
988 1298 1143 1364 Quod
1169 1310 1422 1353 neutrum
1451 1317 1590 1370 genu
1622 1299 1812 1362 ﬂectit,
1839 1317 2014 1370 neque
2043 1302 2206 1355 habet
2235 1311 2393 1371 caput
2421 1303 2619 1356 divinis
2653 1303 2804 1356 libris
2833 1304 3161 1366 subiectum,
3190 1314 3511 1373 praestoque
3551 1315 3632 1358 est
3677 1306 3944 1360 sacerdoti
3990 1324 4118 1377 pre-

861 1397 1127 1447 cationem
1153 1395 1421 1458 recitanti,
1451 1396 1707 1459 declarat,
1736 1398 2126 1450 monachorum
2157 1399 2368 1451 ordinis
2394 1415 2501 1450 non
2526 1414 2649 1452 esse
2677 1400 2813 1452 alios
2841 1399 3134 1462 deducere,
3165 1400 3258 1452 sed
3295 1400 3349 1452 in
3379 1416 3434 1452 sc
3461 1415 3522 1452 ac
3549 1415 3644 1467 per
3685 1415 3739 1452 se
3769 1409 4015 1468 perstare
4063 1402 4118 1454 in

859 1490 1116 1558 singulari
1143 1499 1437 1558 sanctoque
1464 1500 1628 1552 statu,
1659 1492 2002 1544 sacerdotum
2030 1493 2250 1547 ordines
2275 1502 2654 1554 assectantem,
2701 1503 2757 1546 et
2782 1493 2849 1546 ab
2894 1495 2973 1547 eis
2999 1494 3064 1546 ad
3089 1494 3328 1546 divinam
3358 1509 3639 1546 sacrorum
3672 1509 3810 1560 quae
3843 1494 3996 1545 illum
4027 1505 4116 1546 at-

863 1585 1074 1653 tingunt
1099 1587 1377 1639 scientiam
1403 1586 1558 1638 facile
1589 1587 1818 1639 traduci.
1849 1588 2154 1640 Divisarum
2178 1599 2360 1642 autem
2388 1589 2838 1655 diversarumque
2887 1604 2995 1641 non
3020 1589 3197 1642 solum
3226 1590 3480 1649 vitarum,
3512 1588 3604 1639 sed
3635 1589 3800 1640 etiam
3830 1589 4110 1640 visionum

859 1683 920 1725 ut
948 1675 1018 1727 ita
1073 1675 1080 1743 Ι
1135 1675 1311 1727 dicam
1358 1677 1772 1729 abrenunciatio
1809 1676 2257 1744 perfectissimam
2283 1678 2672 1730 monachorum
2698 1677 3096 1746 philosophiam
3124 1677 3409 1746 significat,
3433 1677 3639 1744 quaein
3665 1685 4114 1744 praeceptorum,

856 1783 994 1836 quae
1023 1786 1188 1822 unum
1245 1769 1469 1830 faciunt,
1500 1772 1721 1824 scientia
1752 1772 1859 1823 vim
1887 1779 1941 1824 et
1965 1771 2338 1825 efﬁcacitatem
2368 1773 2552 1825 habet.
2586 1773 2681 1825 Est
2719 1773 2887 1835 enim,
2924 1781 2983 1824 ut
3006 1771 3139 1835 dixi,
3168 1787 3276 1824 non
3319 1771 3482 1824 medii
3524 1786 3715 1824 eorum
3743 1769 3835 1838 qui
3885 1769 4116 1822 initian-

856 1871 946 1914 tur
975 1861 1201 1924 ordinis,
1230 1861 1320 1915 scd
1353 1863 1546 1913 summi
1570 1864 1834 1915 omnium.
1867 1861 2050 1931 Itaque
2081 1864 2248 1916 multa
2275 1880 2486 1927 eorum,
2516 1880 2652 1932 quae
2689 1866 2909 1933 impune
2948 1879 3010 1918 ac
3051 1865 3169 1917 sine
3208 1864 3608 1932 improbatione
3650 1880 3678 1917 a
3708 1865 3890 1918 medio
3915 1864 4116 1917 ordine

856 1966 1139 2027 geruntur,
1189 1957 1334 2010 omni
1383 1957 1591 2010 ratione
1618 1958 1986 2026 singularibus
2029 1959 2312 2012 monachis
2340 1961 2632 2014 interdicta
2655 1970 2810 2026 sunt;
2862 1961 3060 2030 quippe
3084 1961 3324 2029 quicum
3361 1977 3470 2013 uno
3497 1960 3752 2030 coniungi
3792 1959 4032 2013 debeant
4060 1975 4116 2019 ei

855 2064 979 2100 cum
1008 2063 1157 2101 sacra
1213 2049 1442 2102 monade
1465 2050 1641 2118 colligi
1692 2060 1852 2118 atque
1875 2050 1942 2104 ad
1973 2053 2316 2105 sacerdotum
2364 2054 2553 2115 vitam,
2584 2064 2847 2122 quantum
2896 2055 3042 2116 licet,
3071 2054 3328 2118 formari;
3374 2054 3518 2122 quod
3543 2055 3592 2107 ei
3618 2054 3798 2107 ordini
3830 2054 3885 2107 in
3915 2054 4116 2107 multis

854 2139 990 2191 ordo
1016 2140 1103 2193 ille
1127 2140 1322 2192 similis
1366 2140 1455 2202 sit,
1484 2149 1538 2192 et
1563 2156 1705 2193 unus
1749 2157 1816 2194 ex
1838 2142 2095 2196 omnibus
2119 2127 2405 2197 ordinibus
2429 2159 2621 2197 eorum
2639 2144 2732 2213 qui
2769 2145 3075 2208 initiantur,
3099 2145 3164 2198 ad
3188 2160 3312 2198 eum
3339 2144 3583 2212 proxime
3607 2143 3846 2196 accedat.
3881 2144 4114 2211 Signum

854 2247 986 2285 vero
1015 2232 1219 2302 ﬁgurae
1244 2234 1443 2296 crucis,
1479 2243 1539 2287 ut
1570 2235 1675 2287 iam
1697 2251 1725 2289 a
1751 2235 1911 2290 nobis
1937 2237 2142 2290 dictum
2169 2247 2271 2300 est,
2307 2239 2545 2292 declarat
2576 2241 2954 2294 universarum
2978 2239 3045 2293 ad
3073 2255 3272 2309 corpus
3322 2239 3714 2308 pertinentium
3742 2238 4116 2308 cupiditatum

854 2325 1236 2394 privationem.
1255 2325 1494 2395 Capillus
1518 2335 1696 2380 autem
1725 2336 1917 2382 tonsus
1943 2344 2135 2397 puram
2160 2332 2418 2400 nullaque
2440 2331 2607 2401 ﬁgura
2635 2332 2870 2386 fucatam
2889 2334 3056 2386 vitam
3080 2333 3302 2396 indicat,
3325 2347 3463 2400 quae
3490 2347 3598 2384 non
3628 2331 3876 2384 ﬁctarum
3907 2330 4084 2400 ﬁgura

856 2433 978 2470 rum
1004 2427 1096 2470 aut
1121 2419 1362 2471 colorum
1393 2418 1707 2473 inductione
1731 2419 2129 2475 deformitatem
2156 2423 2356 2475 mentis
2377 2433 2554 2486 ornet,
2576 2423 2668 2477 sed
2688 2439 2784 2492 per
2801 2424 3035 2491 seipsam
3061 2439 3170 2476 non
3197 2424 3432 2475 humana
3459 2421 3893 2491 pulchritudine,
3915 2438 4114 2475 verum

855 2513 1109 2582 singulari
1131 2524 1185 2567 et
1205 2515 1362 2568 unica
1391 2514 1457 2567 ad
1480 2515 1716 2567 divinam
1733 2517 1953 2569 excitet.
1972 2517 2324 2571 Priorisvero
2341 2519 2507 2572 vestis
2536 2519 2802 2572 detractio
2825 2527 2881 2573 et
2897 2518 3122 2572 alterius
3145 2518 3391 2572 inductio
3414 2518 3683 2587 signiﬁcat
3701 2518 3928 2572 amedia
3951 2533 4113 2571 sanc-

857 2613 908 2655 ta
963 2605 1072 2656 vita
1120 2604 1186 2657 ad
1218 2604 1596 2673 perfectiorem
1633 2605 2029 2660 traductionem
2061 2626 2072 2658 :
2103 2607 2563 2676 quemadmodum
2596 2610 2649 2661 in
2677 2618 2799 2662 ortu
2825 2626 2854 2663 a
2881 2610 2992 2662 Deo
3018 2610 3134 2661 sive
3163 2610 3435 2678 baptismo
3464 2613 3632 2664 vestis
3651 2610 4105 2666 vicissitudinem

852 2713 930 2752 ac.
953 2697 1313 2750 mutationem
1339 2714 1367 2750 a
1411 2698 1521 2752 vita
1545 2715 1683 2768 quae
1715 2701 2035 2768 expiabatur
2056 2701 2121 2754 ad
2149 2702 2627 2770 contemplationis
2677 2704 3086 2772 sapientiaeque
3113 2713 3312 2758 statmn
3339 2716 3393 2758 et
3426 2706 3672 2759 habitum
3719 2707 4107 2775 migrationem

858 2791 1171 2863 signiﬁcare
1195 2791 1530 2846 dicebamus.
1564 2792 1721 2858 Quod
1749 2794 1790 2847 si
1821 2810 1966 2848 nunc
1992 2796 2156 2848 etiam
2180 2805 2235 2849 et
2262 2796 2520 2850 sacerdos
2543 2790 2598 2850 et
2626 2812 2816 2851 omnes
2844 2799 3011 2851 sancti
3035 2799 3129 2867 qui
3158 2799 3432 2853 intersunt
3462 2815 3586 2853 eum
3624 2801 3717 2868 qui
3745 2800 3998 2852 initiatus
4024 2809 4110 2852 est

852 2884 1212 2946 consalutant,
1239 2885 1478 2952 intellige
1535 2891 1775 2937 sanctam
1823 2900 2013 2938 eorum
2055 2887 2148 2954 qui
2178 2885 2519 2940 divinitatem
2548 2888 2831 2941 imitantur
2855 2891 3193 2954 societatem,
3237 2901 3483 2946 amanter
3512 2909 3633 2946 cum
3677 2894 3862 2947 divina
3889 2897 4108 2950 laetitia

854 2978 998 3032 inter
1039 2994 1094 3032 se
1122 2979 1531 3048 gratulantium.
1564 2981 1844 3033 Postremo
1871 2981 2124 3035 sacerdos
2151 2981 2219 3034 ad
2244 2981 2484 3035 divinam
2513 2984 2950 3039 communionem
2978 2985 3168 3039 invitat
3195 3004 3322 3041 eum
3351 2988 3445 3056 qui
3492 2989 3738 3041 initiatus
3765 2997 3868 3051 est,
3911 2999 4105 3044 sancte

852 3066 1097 3120 indicans
1123 3067 1273 3120 illum
1309 3069 1400 3136 qui
1456 3068 1464 3137 |
1522 3079 1870 3123 consecratus
1895 3079 2016 3124 est:
2047 3073 2092 3126 si
2114 3090 2245 3128 vero
2269 3075 2337 3129 ad
2365 3076 2759 3131 monachorum
2804 3077 3136 3141 institutum,
3187 3080 3333 3148 quod
3377 3080 3653 3148 singulare
3694 3088 3797 3143 est,
3824 3096 4103 3149 pervene-

852 3160 946 3221 rit,
973 3175 1081 3211 non
1108 3160 1282 3212 solum
1311 3169 1672 3229 spectatorem
1699 3179 1976 3218 sacrorum
2004 3183 2141 3236 quae
2164 3169 2213 3222 ei
2240 3171 2505 3239 permissa
2536 3181 2662 3226 sunt
2685 3171 2819 3234 fore,
2863 3188 2964 3226 nec
2987 3173 3094 3226 ritu
3127 3174 3289 3226 medii
3314 3175 3520 3228 ordinis
3546 3177 3597 3228 in
3624 3176 4101 3230 sanctissimorum

849 3262 1315 3308 sacramentorum
1340 3258 1650 3312 societatem
1695 3263 2245 3334 communionemque
2284 3275 2596 3330 venturum,
2632 3268 2728 3322 sed
2780 3285 2904 3322 cum
2931 3270 3115 3323 divina
3144 3287 3331 3325 eorum
3379 3288 3658 3326 sacrorum
3687 3289 3826 3341 quae
3848 3275 4103 3343 percepit

848 3348 1178 3417 c0gnitione,
1224 3349 1332 3402 alio
1371 3367 1532 3419 quam
1581 3363 1800 3407 sanctus
1854 3357 2087 3424 populus
2145 3360 2307 3413 modo
2331 3370 2622 3414 venturum
2648 3378 2767 3417 esse
2792 3364 2859 3417 ad
2886 3364 3101 3418 divinae
3128 3366 3403 3420 soeielatis
3433 3367 3777 3436 adeptionem
3805 3377 3861 3422 et
3899 3385 4098 3437 perce—

850 3438 1111 3506 ptionem.
1148 3459 1164 3489 I
1201 3440 1358 3494 Philo
1407 3457 1538 3494 vero
1588 3442 1654 3496 de
1705 3446 2021 3500 eorumdem
2074 3457 2195 3502 ortu
2238 3451 2458 3519 scripsit
2489 3452 2636 3506 hunc
2668 3453 2722 3507 in
2771 3454 2992 3508 modum
3023 3472 3039 3509 ι
3070 3456 3178 3524 (a):
3246 3477 3262 3507 ‹
3297 3458 3586 3526 Postquam
3615 3460 3681 3513 de
3715 3460 3936 3516 Essaeis
3980 3461 4096 3516 dis-

850 3534 1140 3596 seruimus,
1205 3534 1297 3603 qui
1380 3535 1544 3590 vitam
1625 3538 1854 3591 activam
1932 3549 2229 3604 exercent,
2296 3543 2573 3607 omnibus,
2650 3555 2777 3607 aut,
2845 3547 2990 3614 quod
3073 3548 3254 3601 minus
3340 3549 3667 3604 invidiosum
3742 3552 3892 3605 dictu
3970 3565 4093 3617 est,

847 3626 1123 3694 plerisque
1183 3626 1392 3681 felicius
1456 3629 1589 3683 ordo
1646 3631 1901 3699 postulat,
1949 3643 2009 3686 ut
2046 3635 2305 3704 deinceps
2352 3637 2595 3694 dicamus
2640 3657 2777 3709 quae
2817 3642 3047 3695 dicenda
3087 3652 3213 3696 sunt
3257 3644 3324 3696 de
3386 3646 3825 3714 contemplationi
3871 3647 4093 3702 deditis.

846 3716 966 3771 Non
1015 3718 1176 3771 debet
1225 3722 1371 3773 enim
1431 3721 1744 3781 huiusmodi
1807 3725 2052 3780 virorum
2111 3728 2286 3781 virtus
2340 3731 2536 3785 eximia
2596 3749 2814 3787 causam
2881 3736 3145 3803 praebere
3202 3737 3404 3790 silentii
3465 3738 3551 3790 his
3586 3738 3678 3806 qui
3721 3739 3856 3792 nihil
3922 3740 4095 3794 bone.

846 3815 990 3860 stum
1039 3818 1228 3875 putant
1281 3811 1568 3865 tacendum
1625 3813 2209 3885 dissimulandumque.
2257 3818 2571 3874 lnstitutum
2621 3832 2803 3877 autem
2870 3825 3036 3879 huius
3099 3827 3477 3896 philosophiae
3547 3845 3672 3882 mox
3731 3840 3960 3899 apparet
4025 3846 4092 3884 ex

845 3894 975 3963 ipsis
1024 3899 1504 3966 appellationibus;
1555 3913 1820 3957 vocantur
1871 3905 2016 3957 enim
2075 3910 2446 3978 therapeutae,
2504 3913 3052 3984 therapeutridesque,
3101 3894 3215 3970 hoc
3270 3894 3354 3970 est
3414 3925 3697 3971 curatores
3748 3894 3821 3971 e—t—
3856 3919 4090 3972 euratri-

843 4002 955 4050 ces,
989 3989 1102 4043 sive
1129 3991 1366 4046 cultores
1393 4003 1449 4047 et
1487 3995 1763 4060 cultrices,
1814 4014 1946 4051 vero
1989 4001 2230 4063 nomine,
2261 4003 2344 4056 vel
2372 4003 2498 4071 quia
2532 4005 2860 4072 proﬁtentur
2895 4008 3221 4061 medicinam
3268 4011 3718 4078 praestantiorem
3743 4011 3843 4064 ista
3868 4013 4088 4080 vulgata

843 4099 941 4152 per
965 4087 1146 4141 omnia
1171 4088 1366 4158 oppida
1391 4107 1406 4155 ;
1435 4091 1570 4145 haec
1592 4093 1739 4146 enim
1764 4094 2014 4148 medetur
2043 4097 2173 4150 solis
2199 4100 2519 4166 corporibus
2539 4140 2553 4163 ,
2583 4100 2672 4153 illa
2700 4112 2755 4155 et
2780 4103 2989 4157 animas
3015 4105 3214 4158 liberat
3236 4108 3441 4162 morbis
3463 4107 3720 4178 gravibus
3743 4116 3798 4160 et
3821 4105 4089 4160 adversus

845 4177 1083 4232 medelas
1111 4182 1543 4247 contumacibus,
1576 4200 1715 4252 quos
1742 4185 2056 4240 inﬁixerunt
2079 4187 2403 4257 voluptates,
2432 4194 2906 4262 concupiscentiae
2927 4235 2941 4258 ,
2972 4195 3210 4260 dolores,
3248 4200 3490 4262 timores,
3517 4200 3796 4264 avaritiae,
3823 4199 4089 4269 insipieno

847 4267 969 4329 tiae,
1000 4269 1295 4325 iniustitiae.
1327 4281 1381 4325 et
1405 4283 1616 4327 ceterae
1643 4276 2083 4343 perturbationes
2111 4288 2165 4332 et
2194 4281 2448 4335 vitiorum
2477 4299 2667 4352 agmen
2707 4284 3133 4352 innumerabile;
3160 4290 3241 4342 vel
3269 4292 3394 4358 quia
3417 4290 3731 4344 didicerunt
3753 4306 3782 4343 a
3809 4267 4005 4344 natura
4031 4299 4086 4345 et

843 4371 872 4408 ε
898 4361 1065 4413 sacris
1089 4362 1299 4431 legibus
1325 4367 1505 4419 colere
1531 4367 1660 4420 illud
1692 4369 1797 4422 Ens
1824 4379 1879 4424 et
1901 4371 2044 4424 bono
2070 4372 2266 4426 melius
2308 4383 2365 4426 et
2389 4390 2500 4426 uno
2534 4376 2804 4430 sincerius
2830 4386 2884 4431 et
2915 4380 3122 4434 unitate
3151 4381 3206 4434 in
3256 4383 3565 4451 generando
3590 4382 3869 4450 antiquius
3893 4393 4080 4452 atque,

841 4454 902 4498 ut
926 4448 996 4501 ita
1043 4449 1238 4514 dicam,
1278 4453 1650 4523 principalius.
1676 4456 1880 4510 Horum
1926 4459 2113 4527 pietati
2139 4475 2276 4528 quos
2313 4462 2532 4514 tandem
2580 4465 2776 4518 merito
2821 4448 3301 4537 comparabimus?
3339 4493 3357 4524 ›
3387 4473 3456 4526 Et
3499 4473 3688 4542 paucis
3724 4448 4079 4528 interiectis:

849 4561 865 4591 ι
895 4542 964 4596 At
1020 4543 1029 4613 |
1091 4545 1224 4599 illud
1250 4547 1531 4602 hominum
1559 4567 1728 4620 genus
1754 4553 2188 4623 therapeuticum
2212 4572 2427 4625 semper
2451 4558 2507 4611 in
2532 4559 2836 4616 divinitatis
2862 4569 3319 4635 contemplatione
3346 4569 3613 4638 proﬁciet,
3640 4571 3802 4624 etiam
3843 4571 3956 4625 sole
3977 4571 4084 4624 hoc

839 4638 1082 4691 sensibili
1107 4643 1419 4708 praeterito,
1471 4661 1572 4698 nec
1599 4663 1838 4715 unquam
1865 4665 2022 4704 suum
2069 4651 2318 4704 ordinem
2375 4652 2592 4708 deseret
2637 4657 2950 4712 tendentem
2979 4661 3044 4713 ad
3087 4661 3402 4716 felicitatem
3437 4664 3909 4732 perfectissimam.
3941 4662 4082 4717 Huic

837 4727 978 4782 vitae
1003 4730 1252 4786 instituto
1276 4734 1367 4801 qui
1393 4751 1450 4789 se
1498 4737 1780 4803 addicunt,
1829 4755 1939 4794 non
1962 4757 2028 4795 ex
2053 4757 2203 4796 more
2228 4751 2322 4796 aut
2364 4746 2536 4814 rogati
2566 4745 2619 4798 id
2646 4746 2874 4813 faciunt,
2902 4751 2995 4804 sed
3021 4768 3205 4807 amore
3233 4757 3469 4823 correpti
3516 4771 3698 4809 rerum
3735 4756 4076 4818 caelestium,

834 4825 891 4869 et
916 4819 1070 4885 quasi
1093 4819 1279 4873 divino
1304 4821 1488 4878 furore
1515 4825 1729 4893 perciti,
1757 4828 1932 4884 donec
1955 4831 2021 4884 ad
2047 4833 2560 4900 contemplationem
2586 4835 2730 4890 illam
2761 4838 3278 4896 desideratissimam
3330 4819 3669 4914 perveniant.
3718 4847 3922 4901 Deinde
3947 4863 4078 4916 prae

837 4908 1156 5008 immortalis
1186 4912 1482 4984 beataeque
1504 4917 1646 4971 vitae
1667 4920 1923 4988 cupidine
1956 4924 2108 4991 quasi
2141 4925 2243 4977 iam
2270 4926 2370 4979 hac
2397 4930 2610 4982 mortali
2630 4930 2894 4996 defuncti,
2928 4933 3212 4990 facultates
3257 4908 3382 4991 suas
3418 4942 3736 5008 relinquunt
3769 4908 3964 4996 liberis
3983 4953 4078 4996 aut

836 5001 1095 5100 cognatis,
1151 5002 1292 5055 ultro
1338 5005 1416 5058 eis
1463 5008 1808 5074 possessione
1829 5012 2074 5067 cedendo
2098 5031 2108 5066 :
2138 5023 2300 5084 atque
2329 5018 2491 5070 etiam
2520 5021 2682 5075 sociis
2702 5032 2755 5076 et
2785 5025 2996 5088 amicis,
3026 5027 3070 5079 si
3097 5031 3310 5097 cognati
3342 5031 3538 5084 desint.
3564 5034 3790 5100 Oportet
3819 5033 3986 5096 enim,
4015 5044 4076 5088 ut

834 5091 1293 5196 quiiperspica‘ces
1322 5095 1539 5150 divitias
1571 5099 1799 5168 adeptus
1826 5110 1929 5166 est,
1958 5119 2144 5159 caecas
2167 5107 2286 5161 illas
2311 5109 2582 5179 relinquat
2605 5115 2881 5169 mentibus
2902 5091 3358 5176 caecutienlibus.
3387 5143 3403 5172 ι
3440 5124 3550 5177 Nec
3571 5091 3742 5179 multo
3766 5137 3917 5196 post:
3939 5091 4076 5183 «lie-

835 5181 976 5236 lietis
1007 5185 1170 5252 igitur
1191 5185 1540 5243 facultatibus
1557 5199 1611 5243 et
1630 5195 1996 5248 avocamentis
2013 5199 2268 5253 omnibus
2291 5200 2523 5271 fugiunt,
2544 5206 2690 5259 nulla
2712 5207 2897 5262 habita
2921 5212 3131 5266 ratione
3152 5212 3399 5278 fratrum,
3419 5215 3737 5281 liberorum,
3759 5181 4068 5287 parentum,

837 5289 1189 5386 uirorumque,
1205 5288 1258 5332 et
1279 5279 1537 5386 deserunt
1562 5300 1882 5342 numerosas
1911 5292 2280 5358 cognationes,
2297 5297 2606 5363 societates,
2625 5302 2914 5369 amicitias,
2935 5306 3078 5374 ipsas
3098 5307 3331 5378 denique
3357 5313 3577 5379 patrias,
3595 5313 3650 5365 in
3679 5315 3877 5382 quibus
3901 5317 4069 5386 geniti

832 5365 1155 5435 educatique
1189 5380 1332 5424 sunt.
1374 5370 1600 5436 Quando
1625 5377 1846 5445 quidem
1877 5383 2215 5437 consuetudo
2245 5402 2498 5456 magnum
2533 5402 2869 5449 momentum
2913 5398 3076 5453 habet
3103 5402 3170 5454 ad
3226 5365 3556 5458 a‘llec‘tandos
3590 5365 3816 5460 animos.
3880 5365 4068 5463 Semi-

833 5467 987 5526 grant
1016 5469 1197 5513 autem
1228 5478 1335 5516 non
1361 5466 1422 5570 in
1443 5467 1599 5520 aliam
1633 5471 1930 5538 civitatem,
1965 5476 2108 5539 sicut
2133 5481 2300 5545 servi,
2328 5484 2421 5550 qui
2461 5500 2518 5537 se
2538 5487 2698 5540 vendi
2724 5490 2844 5543 aliis
2873 5493 3019 5547 heris
3044 5495 3336 5565 impetrant
3372 5500 3579 5563 miseri,
3618 5509 3676 5554 ut
3701 5505 3794 5570 qui
3825 5505 4066 5558 servitu-

830 5563 937 5608 tem
964 5559 1191 5617 mutant,
1224 5569 1330 5607 non
1353 5556 1637 5627 eﬁugiunt.
1674 5561 1908 5627 Quaevis
1934 5567 2080 5620 enim
2108 5570 2319 5636 civitas,
2348 5575 2432 5626 vel
2468 5579 2691 5643 optimis
2708 5593 2896 5637 ornata
2929 5556 3158 5655 legibus,
3187 5589 3344 5657 plena
3375 5599 3464 5645 est
3516 5556 3754 5646 tumultu
3803 5556 4063 5665 plurimo,

2338 5688 2587 5745 NOTAE.

2338 5688 2380 5740 Ν
2435 5688 2518 5742 TA
2577 5735 2587 5745 .

898 5755 976 5826 (a)
1001 5758 1119 5812 Lib.
1150 5761 1222 5814 De
1261 5765 1369 5816 vita
1397 5770 1811 5838 contemplativa
1843 5774 1957 5830 sive
1983 5778 2290 5848 supplicum
2316 5687 2632 5840 vigintiiis.
