4274 6358
183 390 293 448 289
957 392 1047 447 AD
1080 385 1476 447 VERSlO-NEM
1515 386 1669 445 LAT.
1711 385 1874 443 HOM.
1910 386 1967 443 Β.
2008 386 2289 443 MACARII
2328 386 2666 444 AEGYPTll.
3328 393 3429 450 290

180 523 349 579 quem
388 521 553 561 nemo
582 505 880 576 sapientiae
899 514 1138 561 sectator
1166 507 1451 561 sustineat.
1486 504 1594 560 Sed
1624 510 1781 558 extra
1804 503 2033 558 moenia
2055 502 2259 574 degunt
2286 504 2344 557 in
2376 501 2552 557 hortis
2579 512 2673 557 aut
2699 502 2841 557 villis
2866 504 3146 569 solitariis,
3185 518 3433 566 amantes

179 604 560 672 solitudinem,
595 620 707 659 non
741 602 1024 658 hominum
1056 602 1203 664 odio,
1228 602 1323 656 sed
1346 601 1414 655 ad
1441 597 1714 654 cavendos
1740 612 2067 668 congressus
2096 610 2222 651 cum
2251 595 2630 660 dissimilibus.
2655 611 2797 664 quos
2835 600 3016 653 sciunt
3059 599 3225 657 bonis
3270 608 3441 660 mori~

179 704 286 759 bus
323 702 562 758 ofﬁcere.
608 703 723 756 Hoc
744 717 917 774 genus
940 700 1213 769 reperitur
1241 700 1298 753 in
1324 698 1515 752 multis
1542 696 1694 751 orbis
1728 696 2066 767 regionibus,
2097 694 2313 761 merito,
2361 703 2424 749 ut
2454 694 2732 749 absolutae
2788 693 3096 762 probitatis,
3153 705 3435 765 receptum

177 808 207 845 a
229 792 457 847 Graecis
485 801 655 863 atque
683 793 958 849 Barbaris.
993 795 1224 850 Maxime
1255 804 1437 850 tamen
1468 792 1481 863 |
1512 793 1565 848 in
1593 793 1840 865 Aegypto
1867 792 2249 862 frequentatur
2280 808 2379 863 per
2407 792 2778 862 praefecturas
2804 792 3064 863 singulas,
3112 796 3434 862 praesertim

177 888 388 943 circum
417 890 820 944 Alexandriam.
842 890 923 944 Ex
952 891 1211 945 omnibus
1230 900 1416 944 autem
1444 888 1580 943 locis
1608 890 1852 959 optimus
1873 888 2108 957 quisque
2128 886 2608 957 therapeutarum,
2634 894 2910 956 tamquam
2940 885 2997 940 in
3022 885 3188 941 huius
3218 890 3437 959 generis

177 982 438 1045 patriam,
473 981 702 1036 colonus
734 980 974 1035 mittitur
1018 981 1076 1036 in
1116 982 1303 1037 locum
1333 981 1606 1052 quendam
1654 981 2019 1052 aptissimum,
2057 981 2225 1035 situm
2267 981 2334 1035 ad
2377 988 2627 1051 stagnum
2683 978 2927 1047 Mariam,
2964 981 3021 1035 in
3050 988 3269 1038 terreno
3296 982 3436 1041 colle

176 1074 374 1131 acclivi
428 1076 646 1139 leviter,
676 1082 856 1129 tutum
896 1076 1059 1131 simul
1115 1077 1185 1131 ab
1213 1077 1359 1131 aeris
1391 1076 1678 1147 temperie.
1719 1074 2083 1130 Securitatem
2123 1075 2273 1130 enim
2336 1075 2389 1130 ei
2423 1082 2705 1146 praestant
2730 1075 2890 1131 villae
2921 1077 3137 1149 vicique
3161 1080 3432 1151 proximi;

177 1188 363 1225 aerem
399 1190 533 1227 vero
564 1182 833 1243 temperat
860 1175 1208 1230 emissarium
1245 1174 1421 1244 stagni
1454 1173 1805 1229 exonerantis
1833 1188 1890 1227 se
1917 1173 1973 1226 in
2007 1188 2176 1237 mare,
2210 1181 2265 1226 et
2297 1186 2463 1225 aurae
2499 1186 2780 1241 nunquam
2821 1187 2931 1227 non
2961 1189 3030 1227 ex
3053 1174 3159 1229 alto
3190 1177 3436 1247 aspiran-

178 1276 259 1321 tes
286 1269 553 1332 tenuiter,
595 1268 738 1323 sicut
792 1269 1091 1323 crassiores
1125 1269 1382 1325 feruntur
1428 1285 1459 1324 e
1494 1279 1705 1339 stagno,
1736 1268 1940 1338 quibus
1959 1268 2243 1337 permixtis
2270 1274 2758 1338 temperamentum
2788 1270 2974 1324 existit
2997 1271 3432 1329 saluberrimum.

178 1363 467 1418 Domicilia
521 1380 651 1419 vero
684 1380 1055 1420 convenarum
1100 1376 1228 1423 sunt
1280 1366 1573 1421 admodum
1615 1366 1867 1437 frugalia,
1893 1375 2082 1437 parata
2103 1376 2293 1421 contra
2320 1375 2531 1420 aestum
2570 1364 2949 1419 tantummodo
2986 1374 3042 1419 et
3072 1365 3295 1437 frigora,
3324 1382 3437 1424 non

178 1456 440 1525 contigua
467 1466 527 1510 ut
563 1457 618 1510 in
649 1458 901 1524 urbibus,
936 1479 1045 1517 non
1076 1464 1225 1517 enim
1246 1463 1426 1533 placet
1458 1463 1511 1517 id
1534 1464 1850 1519 amantibus
1879 1464 2257 1529 solitudinem,
2290 1479 2392 1518 nec
2415 1473 2595 1520 tamen
2640 1462 2799 1532 longe
2819 1473 3027 1517 remota
3050 1506 3062 1527 ,
3104 1467 3230 1533 quia
3267 1468 3439 1521 socie-

178 1563 348 1607 tatem
405 1555 659 1625 diligunt,
711 1566 772 1611 ut
824 1560 927 1614 sibi
994 1564 1206 1632 possint
1271 1563 1507 1619 invicem
1555 1578 1877 1618 succurrere
1935 1562 2198 1618 adversus
2252 1563 2526 1616 latronum
2586 1561 2842 1617 incursus
2893 1559 3167 1617 fortuitos.
3225 1556 3435 1629 Singuli

176 1658 363 1703 autem
397 1652 605 1706 habent
629 1669 812 1709 sacras
837 1657 1115 1712 aediculas
1145 1674 1287 1729 quae
1313 1662 1535 1728 σεμνεῖα
1567 1668 1769 1714 vocant
1796 1660 1911 1714 sive
1938 1657 2293 1725 monasteria,
2313 1657 2409 1713 ubi
2440 1656 2674 1711 solitarii
2718 1663 2939 1711 sanctae
2986 1654 3130 1708 vitae
3160 1653 3438 1723 mysteriis

176 1740 310 1793 dant
346 1757 593 1811 operam.
626 1745 739 1799 Nec
765 1746 876 1800 cibi
905 1758 1135 1818 potusve
1162 1750 1461 1819 quicquam
1514 1765 1581 1803 eo
1609 1749 1874 1815 inferunt,
1908 1749 2128 1803 aliudve
2182 1748 2237 1803 in
2291 1764 2449 1803 usam
2477 1746 2745 1816 corporis,
2793 1747 2889 1802 sed
2929 1744 3101 1815 legem
3130 1753 3339 1797 tantum
3381 1752 3438 1797 et

176 1831 575 1901 prophetarum
626 1838 848 1891 oracula
892 1838 1158 1895 divinitus
1213 1840 1429 1911 prodita
1456 1840 1798 1912 hymnosque
1829 1849 1886 1895 et
1939 1840 2208 1909 quaedam
2240 1840 2343 1894 alia
2393 1837 2581 1908 pietati
2620 1837 2990 1905 scientiaeque
3036 1833 3437 1905 promovendae

176 1924 354 1978 utilia.
372 1925 558 1994 Itaque
575 1937 893 1997 perpetuam
910 1929 1113 1983 habent
1128 1930 1222 1985 Dei
1238 1932 1581 1995 memoriam,
1600 1941 1657 1985 ut
1678 1945 1747 1983 ne
1765 1930 1821 1984 in
1837 1929 2047 1985 somnis
2060 1930 2281 1999 quidem
2298 1930 2447 1986 aliud
2462 1929 2543 1985 eis
2558 1929 2879 1984 obversetur
2896 1943 3057 1997 quam
3078 1927 3341 1997 imagines
3357 1926 3440 1980 di-

174 2018 433 2072 vinarum
448 2020 939 2088 pulchritudinum.
956 2023 1023 2077 Et
1038 2034 1167 2077 sunt
1178 2023 1231 2076 in
1252 2024 1338 2078 his
1352 2023 1445 2093 qui
1464 2021 1785 2077 somniando
1800 2021 2038 2093 produnt
2052 2024 2356 2093 praeclaras
2372 2039 2557 2079 sacrae
2572 2022 2945 2093 philosophiae
2963 2022 3276 2075 sententias.
3296 2020 3440 2087 Quo-

175 2111 311 2166 tidie
331 2112 419 2167 bis
435 2115 651 2183 precari
669 2116 867 2181 solent,
886 2132 1045 2170 mane
1071 2134 1135 2171 ac
1152 2118 1255 2172 sub
1286 2134 1602 2188 vesperam:
1622 2118 1833 2175 oriente
1850 2119 1961 2174 sole
1980 2126 2229 2189 petentes
2246 2116 2389 2170 diem
2406 2130 2534 2171 vere
2556 2116 2791 2178 felicem,
2821 2124 2989 2183 utque
3016 2124 3226 2168 mentes
3247 2129 3435 2167 eorum

175 2204 404 2259 caelesti
425 2205 742 2275 repleantur
754 2207 988 2273 lumine;
1008 2210 1293 2266 occidente
1308 2225 1459 2275 vero,
1473 2221 1535 2264 ut
1552 2211 1730 2266 anima
1748 2211 1803 2265 in
1816 2219 1988 2265 totum
2002 2218 2294 2267 exonerata
2326 2208 2335 2281 |
2367 2208 2617 2269 sensibus
2629 2209 2878 2277 moleque
2895 2223 3077 2262 rerum
3095 2206 3435 2262 sensibilium

176 2298 472 2353 veritatem
498 2299 731 2370 vestiget
755 2300 810 2354 in
831 2302 1158 2357 consistorio
1174 2300 1494 2358 domestico.
1516 2304 1750 2359 Medium
1772 2320 1902 2358 vero
1918 2304 2173 2358 matutini
2192 2300 2595 2373 vespertinique
2620 2300 2879 2371 temporis
2895 2298 3246 2353 interstitium
3263 2309 3436 2354 totum

176 2391 529 2447 meditationi
555 2391 838 2446 tribuitur.
860 2393 1156 2451 Versantes
1172 2396 1317 2450 enim
1342 2412 1492 2452 sacra
1520 2396 1800 2451 volumina
1825 2396 1958 2451 dant
1978 2406 2197 2465 operam
2212 2393 2599 2469 philosophiae
2616 2408 2713 2464 per
2731 2405 2923 2445 manus
2940 2402 3197 2461 acceptae
3216 2408 3245 2445 a
3268 2394 3439 2447 maio-

177 2484 357 2549 ribus,
402 2481 699 2536 scrutando
726 2482 850 2536 eius
881 2482 1194 2555 allegorias,
1247 2486 1507 2555 quoniam
1555 2486 1658 2539 sub
1682 2486 1896 2555 apertis
1911 2485 2098 2539 verbis
2128 2486 2301 2539 latere
2346 2484 2583 2538 credunt
2606 2491 2815 2537 secreta
2837 2491 3084 2546 naturae,
3107 2484 3439 2539 coniecturis

173 2576 511 2649 explicanda
542 2576 947 2646 probabilibus.
974 2577 1193 2632 Habent
1217 2580 1382 2634 etiam
1409 2580 1719 2649 priscorum
1745 2580 2191 2643 commentarios,
2214 2578 2308 2648 qui
2336 2576 2501 2634 huius
2532 2585 2711 2631 sectae
2736 2585 2986 2631 auctores
3024 2575 3193 2631 multa
3238 2594 3436 2635 monu-

181 2678 373 2726 menta
396 2669 749 2738 reliquerunt
778 2670 847 2723 de
870 2670 1148 2741 allegoriis
1172 2672 1465 2736 eiusmodi,
1496 2672 1561 2726 ad
1594 2687 1830 2742 quorum
1863 2654 2224 2727 imitationem
2253 2670 2457 2742 posteri
2482 2686 2539 2728 se
2564 2670 2993 2725 acoemmodant.
3022 2670 3207 2741 itaque
3225 2687 3333 2726 non
3352 2687 3441 2726 δοι-

174 2766 293 2820 lum
326 2764 793 2834 contemplantur,
834 2764 929 2819 sed
957 2764 1124 2819 etiam
1169 2767 1385 2823 cantica
1416 2768 1757 2839 hymnosque
1785 2768 1840 2821 in
1888 2768 1984 2823 Dei
2036 2767 2256 2823 laudem
2295 2775 2650 2838 componunt,
2688 2767 2845 2821 vario
2894 2776 3193 2821 metrorum
3239 2769 3435 2823 carmi-

174 2872 425 2927 numque
448 2872 652 2927 genere
678 2856 953 2928 rhythmis
981 2858 1339 2915 concinnatos
1362 2860 1419 2915 in
1443 2861 1818 2932 augustiorem
1848 2876 1914 2915 ac
1940 2861 2253 2932 religiosam
2276 2862 2536 2931 speciem.
2555 2860 2660 2915 Per
2683 2874 2777 2915 sex
2797 2860 2918 2917 dies
2934 2876 3180 2915 seorsum
3203 2862 3437 2932 quisque

175 2951 234 3004 in
267 2951 387 3004 suis
411 2950 521 3005 illis
546 2951 710 3006 modo
735 2951 900 3007 dictis
930 2953 1283 3009 monasteriis
1303 2955 1778 3031 philosophantur,
1801 2971 1915 3011 non
1943 2955 2360 3027 progredientes
2396 2954 2565 3020 foras,
2592 2956 2760 3009 immo
2787 2972 2857 3011 ne
2883 2956 3279 3028 prospicientes
3310 2957 3436 3027 qui--

176 3044 328 3098 dem.
361 3041 609 3111 Septima
636 3058 771 3097 vero
796 3044 1130 3098 conveniunt
1153 3046 1209 3099 in
1238 3055 1455 3101 coetum
1487 3062 1855 3114 communem,
1880 3054 1938 3103 et
1967 3046 2117 3102 iuxta
2143 3047 2339 3102 aetatis
2371 3046 2623 3101 ordinem
2652 3047 2947 3101 considunt
2970 3048 3188 3103 decenti
3223 3050 3433 3114 habitu.

175 3150 375 3189 manus
404 3135 750 3190 continentes
778 3136 880 3190 sub
902 3137 1088 3206 pallio,
1111 3137 1359 3192 dextram
1382 3138 1525 3194 inter
1547 3148 1739 3209 pectus
1758 3139 2119 3210 barbamque,
2148 3118 2429 3194 sinistram
2459 3138 2737 3208 applicant
2752 3138 2933 3193 lateri.
2962 3138 3099 3192 Tum
3117 3155 3437 3211 progressus

175 3231 232 3282 in
261 3229 508 3283 medium
540 3239 672 3284 natu
699 3230 967 3284 maximus
1012 3240 1068 3285 et
1091 3231 1405 3301 dogmatum
1429 3234 1550 3288 eius
1598 3243 1780 3289 sectae
1829 3235 2203 3305 peritissimus
2228 3231 2450 3287 disserit
2476 3231 2631 3289 vultu
2665 3230 2733 3285 ad
2762 3231 3082 3301 gravitatem
3110 3234 3430 3302 composito,

174 3338 311 3377 voce
339 3324 644 3389 moderata,
666 3339 778 3377 non
813 3324 930 3378 sine
960 3340 1155 3394 magna
1182 3324 1494 3393 prudentia,
1524 3341 1681 3381 secus
1708 3342 1872 3397 quam
1898 3335 2147 3381 oratores
2171 3334 2266 3380 aut
2294 3324 2492 3382 aetatis
2514 3333 2733 3379 nostrae
2764 3324 3041 3393 sophistae
3070 3335 3434 3383 ostentatores

172 3418 562 3487 eloquentiae:
606 3426 667 3470 ut
696 3418 786 3470 cui
813 3417 985 3487 magis
1015 3416 1169 3471 cordi
1198 3424 1327 3471 sunt
1354 3418 1658 3487 exquisitae
1683 3420 1987 3474 sententiae
2020 3417 2361 3488 diligensque
2389 3425 2445 3473 et
2468 3425 2723 3470 accurata
2746 3415 2939 3470 harum
2964 3418 3261 3482 enarratio,
3292 3437 3433 3490 quae

173 3526 287 3563 non
314 3510 549 3564 summis
587 3508 789 3564 insidat
832 3510 1079 3573 auribus,
1134 3509 1227 3563 sed
1262 3526 1359 3579 per
1386 3511 1636 3567 auditum
1683 3520 1938 3581 penetret
1978 3512 2035 3566 in
2081 3511 2324 3568 animum
2376 3512 2563 3581 ibique
2608 3510 2835 3567 ﬁrmiter
2871 3511 3171 3566 inhaereat.
3215 3513 3427 3583 Reliqui

172 3617 373 3656 omnes
413 3601 730 3656 auscultant
756 3618 853 3672 per
884 3616 1159 3657 summum
1190 3602 1492 3670 silentium,
1522 3613 1855 3660 annutantes
1881 3605 2057 3662 oculis
2082 3613 2291 3664 tantum
2315 3605 2628 3675 autcapite.
2662 3604 2718 3659 Id
2744 3620 3035 3660 commune
3068 3612 3333 3677 πμνείον,
3373 3610 3430 3663 in

174 3698 325 3766 quod
359 3697 367 3768 |
402 3697 638 3768 septimo
661 3697 749 3751 die
775 3698 1132 3771 conveniunt,
1160 3706 1315 3767 septo
1342 3699 1615 3754 clauditur
1646 3699 1872 3768 duplici,
1905 3701 2173 3769 separatis
2194 3700 2440 3755 virorum
2462 3708 2517 3753 et
2546 3699 2843 3754 mulierum
2864 3700 3131 3755 coetibus.
3154 3702 3289 3757 Nam
3313 3718 3433 3756 mu-

173 3790 343 3844 lieres
374 3805 596 3858 quoque
638 3790 953 3844 auscultant
976 3806 1043 3845 ex
1068 3775 1243 3857 more,
1267 3791 1539 3847 duntaxat
1572 3806 1712 3862 quae
1739 3791 2055 3846 institutum
2089 3792 2235 3846 idem
2270 3801 2572 3847 sectantur.
2603 3791 2816 3851 Medius
2833 3800 3017 3846 autem
3049 3793 3232 3863 paries
3257 3810 3289 3849 a
3315 3795 3435 3849 solo

172 3884 356 3955 surgit
381 3884 563 3938 tribus
587 3894 891 3953 quatuorve
917 3886 1121 3941 cubitis
1148 3887 1203 3940 in
1232 3886 1455 3941 modum
1476 3887 1738 3942 loriculae
1758 3903 1773 3952 ;
1794 3888 2085 3957 superiora
2107 3903 2281 3957 usque
2306 3893 2375 3945 ad
2407 3896 2612 3942 tectum
2630 3896 2840 3958 patent.
2890 3886 3047 3944 Unde
3070 3888 3285 3959 gemina
3305 3906 3436 3959 pro.

172 3979 327 4033 venit
350 3978 736 4043 commoditas,
769 3987 825 4033 et
847 3981 995 4049 quod
1016 3981 1217 4051 pudori
1266 3981 1525 4036 foeminei
1553 3997 1715 4037 sexus
1742 3982 2074 4047 consulitur,
2100 3990 2158 4036 et
2198 3980 2348 4051 quod
2375 3981 2544 4036 verba
2580 3981 2827 4038 doctoris
2858 3981 3230 4039 exaudiuntur
3269 3983 3430 4039 facile

171 4074 384 4144 absque
409 4073 710 4128 obstaculis
748 4090 887 4143 quae
920 4092 1114 4132 vocem
1141 4077 1514 4147 intercipiant.
1562 4077 1983 4147 Temperantiae
2027 4086 2286 4147 tanquam
2325 4075 2683 4134 fundamento
2714 4076 2771 4131 in
2809 4076 2992 4131 anima
3029 4076 3173 4130 iacto
3196 4076 3432 4133 virtutes

173 4174 392 4219 ceteras
415 4171 823 4234 superstruunt.
851 4165 963 4220 Nec
992 4167 1176 4221 cibum
1205 4182 1309 4222 nec
1333 4176 1523 4237 potum
1548 4168 1839 4237 quisquam
1863 4168 2033 4222 sumit
2055 4176 2181 4226 ante
2214 4167 2353 4223 solis
2379 4182 2659 4237 occasum,
2689 4165 2836 4236 quod
2861 4167 3162 4235 sapientiae
3185 4167 3429 4223 studium

174 4259 283 4313 luci
315 4258 614 4312 convenire
659 4259 928 4323 iudicent,
951 4259 1197 4313 tenebris
1223 4276 1355 4314 vero
1379 4275 1567 4314 curam
1606 4260 1875 4329 corporis.
1907 4258 2035 4313 ideo
2056 4266 2199 4313 totos
2234 4258 2353 4312 dies
2393 4258 2573 4323 alteri,
2593 4258 2758 4320 alteri
2799 4272 2931 4313 vero
2962 4258 3213 4327 exiguam
3252 4258 3434 4312 noctis

172 4361 388 4420 partem
420 4349 693 4403 tribuunt.
723 4350 983 4405 Nonnulli
1008 4367 1089 4406 ex
1117 4352 1205 4406 his
1240 4351 1331 4404 vix
1359 4351 1521 4405 tertio
1550 4366 1769 4419 quoque
1794 4350 1885 4404 die
1925 4349 2125 4406 famem
2163 4348 2429 4414 sentiunt,
2456 4350 2649 4403 attenti
2681 4350 2854 4418 magis
2900 4348 2967 4403 ad
3011 4349 3429 4420 disciplinarum

173 4445 484 4499 scientiam.
509 4444 621 4499 Nec
644 4444 864 4510 desunt,
890 4446 987 4515 qui
1014 4446 1297 4515 praelaute
1326 4453 1558 4513 accepto
1581 4446 1745 4514 epulo
1784 4445 2087 4513 sapientiae
2111 4444 2332 4513 copiose
2354 4444 2682 4513 praebentis
2722 4460 2821 4498 sua
2862 4444 3087 4514 placita,
3115 4446 3422 4515 perdurant

174 4536 409 4606 duplum
440 4537 563 4589 eius
598 4534 881 4605 temporis,
910 4543 965 4589 et
991 4535 1081 4591 vix
1113 4544 1267 4592 sexto
1294 4534 1381 4589 die
1415 4535 1708 4604 degustant
1736 4536 1931 4601 cibum
1959 4536 2361 4599 necessarium,
2388 4537 2594 4590 assueti
2621 4536 2765 4591 sicut
2808 4536 3029 4591 cicadae
3054 4552 3178 4589 rore
3213 4536 3423 4601 vivere,

173 4627 431 4689 canticis,
481 4626 699 4696 Opinor,
749 4626 989 4681 solantes
1034 4625 1293 4681 inediam.
1330 4625 1634 4695 Septimum
1666 4642 1799 4680 vero
1849 4628 2017 4691 diem,
2060 4634 2120 4681 ut
2171 4627 2372 4687 festum
2418 4637 2821 4697 sacratumque,
2874 4629 3082 4684 honore
3131 4629 3425 4698 dignantur

184 4724 433 4788 eximio;
466 4738 576 4793 quo
611 4730 735 4792 post
762 4738 951 4778 curam
970 4721 1149 4779 animi
1190 4737 1391 4791 corpus
1415 4736 1633 4791 quoque
1660 4721 1933 4788 reficiunt,
1972 4724 2116 4783 sicut
2152 4723 2398 4778 iumento
2437 4725 2743 4781 relaxantes
2786 4724 3029 4779 laborem
3075 4725 3424 4782 continuum.

172 4818 239 4872 1n
265 4818 459 4871 cibatu
479 4824 713 4871 utuntur
735 4831 874 4886 pane
902 4814 1162 4885 simplici;
1188 4814 1265 4868 sal
1292 4814 1467 4868 vicem
1490 4815 1708 4884 supplet
1730 4814 1943 4872 obsonii
1965 4831 1980 4881 ;
2005 4816 2101 4884 qui
2121 4815 2465 4871 delicatiores
2481 4824 2627 4878 sunt,
2650 4816 2941 4887 hyssopum
2959 4833 3059 4886 pro
3078 4817 3428 4873 condimento

172 4912 468 4965 adiiciunt.
498 4909 694 4963 Potum
721 4924 752 4963 e
783 4909 1007 4964 ﬂuentis
1030 4909 1314 4973 hauriunt,
1341 4910 1583 4963 contenti
1614 4909 1829 4977 placare
1860 4908 2111 4965 dominas
2134 4925 2165 4963 a
2188 4920 2383 4963 natura
2411 4910 2739 4965 mortalibus
2762 4910 2994 4973 additas,
3022 4910 3222 4966 famem
3253 4903 3431 4963 sitim-

171 5023 304 5076 que,
332 5008 539 5075 absque
572 5005 831 5060 omnibus
852 5005 1161 5069 lenociniis,
1187 5004 1423 5060 fruendo
1449 5005 1615 5061 rebus
1638 5006 1758 5060 sine
1797 5006 2002 5074 quibus
2030 5022 2141 5062 non
2166 5007 2295 5062 licet
2324 5006 2532 5060 vivere.
2563 5006 2748 5060 Edunt
2777 5006 2941 5075 igitur
2962 5020 3032 5058 ne
3048 5004 3312 5065 esuriant,
3339 5004 3421 5057 bi-

174 5101 317 5154 bunt
344 5114 415 5153 ne
438 5097 648 5162 sitiant,
666 5096 1011 5152 saturitatem
1036 5097 1281 5154 cavendo
1308 5107 1367 5152 ut
1394 5097 1547 5153 inimi
1580 5097 1590 5168 |
1622 5113 1740 5153 cam
1765 5099 1946 5153 animo
1963 5099 2169 5168 pariter
2191 5114 2255 5155 ac
2278 5099 2514 5167 corpori.
2545 5097 2613 5152 Et
2638 5099 2896 5167 quoniam
2924 5097 3179 5167 tegminis
3207 5112 3428 5167 quoque

172 5193 318 5247 duae
342 5198 478 5243 sunt
502 5187 737 5257 species,
772 5186 941 5241 vestis
973 5196 1306 5258 tectumque,
1335 5186 1402 5243 de
1437 5188 1665 5243 aedibus
1687 5188 1792 5244 iam
1812 5188 1947 5251 dixi,
1976 5204 2099 5244 esse
2122 5189 2356 5244 incultas
2387 5196 2443 5243 et
2471 5198 2940 5258 extemporaneas,
2972 5188 3142 5242 factas
3170 5186 3236 5245 ad
3265 5206 3427 5260 prae-

173 5294 390 5339 sentem
417 5297 579 5337 usum
606 5281 1008 5336 tantummodo.
1051 5281 1111 5335 [ιι
1137 5290 1288 5335 veste
1321 5289 1503 5335 autem
1526 5279 1719 5334 eadem
1755 5290 1986 5350 apparet
2011 5282 2357 5352 simplicitas,
2385 5281 2453 5336 ad
2476 5282 2745 5336 arcendos
2776 5281 2987 5335 calores
3010 5290 3065 5333 et
3084 5280 3304 5351 frigora,
3329 5297 3429 5351 pro

174 5377 426 5447 pellioeis
452 5388 639 5430 crassa
679 5375 866 5429 tunim
893 5372 949 5427 in
976 5372 1192 5444 hyeme,
1222 5380 1431 5427 aestate
1458 5386 1590 5426 vero
1614 5372 1826 5425 exomis
1852 5380 1945 5425 aut
1969 5373 2205 5426 interula
2229 5373 2394 5427 linea.
2427 5373 2487 5426 in
2508 5374 2824 5427 universum
2851 5372 2996 5425 enim
3027 5382 3283 5427 exercent
3309 5388 3429 5425 mo-

171 5474 433 5536 destiam,
456 5479 518 5526 ut
552 5471 763 5525 fontem
780 5469 1058 5532 veritatis,
1094 5468 1237 5522 sicut
1264 5483 1293 5521 e
1314 5468 1458 5522 fastu
1482 5467 1831 5521 mendacium
1874 5476 2202 5536 prognatum
2238 5466 2549 5521 autumant.
2576 5466 2861 5521 Profluunt
2904 5468 3049 5521 enim
3075 5484 3106 5522 e
3141 5467 3430 5521 mendacio

174 5569 366 5623 variae
419 5568 691 5622 malorum
744 5566 998 5635 species;
1034 5575 1228 5618 contra
1280 5580 1348 5617 ex
1383 5563 1615 5617 veritate
1652 5562 1897 5616 omnium
1945 5562 2267 5616 felicitatum
2314 5563 2674 5616 humanarum
2724 5562 3142 5631 divinarumque
3188 5565 3363 5628 copia.
3404 5579 3423 5609 ι

173 5660 385 5716 Deinde
412 5661 741 5730 quibusdam
774 5657 1079 5716 interiectis
1119 5658 1255 5712 haec
1280 5658 1388 5711 ait:
1416 5678 1432 5708 ι
1466 5657 1567 5712 Ubi
1597 5673 1728 5711 vero
1761 5673 2072 5711 convenere
2099 5656 2372 5712 candidati
2402 5668 2457 5712 et
2490 5658 2616 5710 laeti
2656 5672 2779 5711 eum
2820 5671 3029 5709 summa
3066 5655 3329 5725 gravitate
3359 5652 3427 5706 ad

175 5764 391 5825 signum
409 5754 595 5808 datum
616 5769 644 5806 a
664 5753 919 5822 quopiam
936 5752 1476 5821 ephemereuta—sic
1497 5750 1810 5804 huiusmodi
1831 5750 2109 5803 ministros
2126 5751 2475 5804 nomin’ant—
2486 5750 2805 5819 priusquam
2828 5749 3195 5811 discumbant,
3222 5754 3429 5800 stantes

175 5866 284 5905 una
307 5849 451 5905 serie
481 5847 764 5910 decenter,
786 5847 1127 5914 sublatisque
1148 5848 1212 5899 ad
1242 5847 1451 5899 caelum
1472 5845 1725 5897 manibus
1746 5854 1909 5913 atque
1930 5844 2104 5898 oculis
2124 5862 2134 5896 :
2156 5844 2240 5898 his
2268 5844 2523 5914 quoniam
2542 5844 2847 5899 didicerunt
2875 5853 3116 5912 spectare
3142 5841 3417 5905 caelestia,

415 5941 685 6002 PATROL.
722 5943 836 6001 Gn.
883 5942 1142 6001 XXXIV.
2956 5935 3023 5998 10
