4274 6358
870 378 974 432 291
2135 362 2227 417 JO.
2268 362 2397 417 PlCl
2429 363 2812 418 PRAEFATIO
3981 361 4085 415 293

877 495 987 549 illis
1038 499 1222 561 utpote
1251 486 1578 555 incorruptis
1608 501 1637 539 a
1663 484 1982 538 muneribus
1996 488 2054 536 et
2080 489 2307 550 quaestu
2334 479 2524 532 illicito
2548 497 2561 531 :
2588 488 2902 549 precantur,
2918 487 2982 533 ut
3006 480 3116 535 Deo
3140 480 3349 549 placeat
3374 478 3427 533 id
3442 478 3771 532 convivium.
3803 474 4083 531 Absolutis

874 585 1132 656 precibus
1165 582 1407 636 seniores
1436 579 1802 641 discumbunt,
1837 592 1900 631 ac
1932 591 2055 629 mox
2074 575 2174 628 alii
2200 590 2299 643 pro
2327 573 2593 641 cuiusque
2612 574 2894 643 dignitate.
2921 574 3033 628 Nec
3059 575 3205 629 enim
3233 575 3476 629 seniores
3499 588 3566 627 ex
3595 572 3753 626 annis
3768 572 4079 633 aestimant,

875 677 969 731 sed
999 675 1344 745 quantumvis
1366 672 1699 743 grandaevos
1717 670 1920 723 habent
1940 682 2039 737 pro
2062 666 2272 735 pueris,
2302 665 2347 719 si
2377 680 2503 719 sero
2523 664 2838 719 institutum
2863 664 2968 719 hoc
2989 665 3257 735 complexi
3278 672 3434 730 sunt;
3462 665 3725 717 honorem
3748 678 3881 718 vero
3916 677 4078 715 sene—

874 773 1042 825 ctutis
1072 771 1323 824 tribuunt
1341 769 1430 823 his
1450 768 1545 836 qui
1577 770 1940 820 exercuerunt
1963 778 2071 815 sea
2094 762 2377 814 iuventute
2401 760 2457 812 in
2481 759 2585 812 hac
2606 759 2972 827 pulcherrima
2991 758 3284 828 divinaque
3316 768 3468 828 parte
3490 756 3942 826 contemplativae
3958 754 4083 824 phi-

872 864 1168 934 losOphiae.
1202 864 1545 919 Adhibentur
1568 876 1787 915 mensae
1805 858 2072 913 foeminae
2091 871 2329 925 quoque,
2353 870 2491 910 anus
2515 855 2825 925 pleraeque,
2845 854 2940 909 sed
2963 854 3224 923 virgines,
3246 870 3355 908 non
3378 862 3603 909 coactae
3627 851 3913 915 castitatis,
3943 850 4083 906 sicut

871 956 1014 1025 apud
1034 955 1267 1009 Graecos
1286 954 1549 1024 quaedam
1573 951 1930 1014 sacriﬁculae,
1953 950 2048 1003 sed
2076 957 2265 1018 sponte
2294 949 2637 1001 continentes
2668 962 2799 1016 prae
2829 962 3014 1000 amore
3037 947 3356 1015 sapientiae,
3388 946 3545 1000 cuius
3582 944 3762 997 studio
3785 959 3883 1012 per
3912 952 4079 997 totam

870 1053 1035 1105 vitam
1085 1054 1526 1117 contempserunt
1553 1048 1857 1114 voluptates
1885 1044 2150 1113 corporis,
2177 1042 2439 1095 nimirum
2482 1042 2719 1105 divinae,
2764 1057 2873 1094 non
2914 1042 3178 1105 mortalis,
3218 1042 3392 1110 prolis
3432 1039 3678 1109 cupidae,
3722 1054 3884 1108 quam
3936 1040 4081 1096 solae

869 1140 980 1191 Deo
1012 1138 1021 1207 Ι
1052 1137 1246 1190 charae
1270 1136 1477 1189 animae
1502 1150 1569 1188 ex
1591 1133 1783 1202 seipsis
1805 1133 2045 1202 pariunt,
2074 1132 2409 1201 excipientes
2432 1147 2535 1199 pro
2552 1131 2761 1185 semine
2797 1130 3170 1201 intelligibiles
3196 1131 3375 1184 Patris
3415 1132 3614 1195 radios,
3650 1140 3709 1185 ut
3742 1131 3964 1185 decreta
3992 1145 4078 1183 sa-

870 1231 1109 1301 pientiae
1135 1228 1551 1298 contemplando
1576 1228 1853 1296 percipere
1878 1227 2112 1280 valeant.
2140 1225 2456 1279 Discubitus
2480 1223 2555 1277 ita
2584 1224 2954 1287 distribuitur,
2975 1232 3037 1277 ut
3068 1239 3313 1278 seorsum
3337 1224 3439 1277 viri
3463 1224 3711 1277 dextrum
3743 1221 3904 1285 latus,
3932 1236 4080 1274 seor-

872 1343 990 1381 sum
1008 1326 1273 1380 focminae
1292 1326 1573 1378 sinistrum
1593 1331 1828 1375 teneant.
1859 1322 2011 1387 Quod
2038 1323 2083 1374 si
2108 1322 2233 1390 quis
2247 1321 2577 1389 suspicatur,
2604 1321 3058 1377 lectisterniaetsi
3081 1337 3188 1373 non
3210 1329 3544 1389 sumptuosa,
3565 1329 3713 1373 certe
3737 1316 4080 1373 molliuscula

872 1418 1049 1485 parari
1084 1416 1395 1469 hominibus
1416 1414 1666 1483 ingenuis
1691 1420 1746 1465 et
1776 1412 2147 1481 philosophiae
2187 1411 2407 1474 deditis,
2439 1410 2574 1463 sciat
2608 1426 2727 1464 esse
2759 1419 2965 1480 tegetes
2995 1411 3155 1464 rudes
3179 1426 3208 1463 e
3242 1412 3335 1464 vili
3359 1419 3634 1479 contextas
3659 1411 3905 1472 materia,
3931 1408 4082 1461 vidc-

870 1512 998 1564 licet
1028 1526 1058 1563 e
1084 1524 1282 1579 papyro
1312 1508 1583 1576 indigena,
1612 1505 1690 1557 sic
1715 1504 1866 1556 humi
1894 1512 2159 1572 aggestas,
2195 1511 2254 1555 ut
2272 1501 2564 1555 eminendo
2587 1500 2814 1553 fulciant
2836 1501 3070 1555 cubitos.
3108 1501 3411 1555 Remittunt
3444 1492 3591 1554 enim
3620 1501 3899 1569 paululum
3931 1502 4078 1553 illam

868 1600 1165 1653 laconicam
1191 1598 1509 1666 disciplinae
1548 1595 1826 1657 duritiam,
1863 1608 2077 1661 semper
2132 1600 2187 1645 et
2230 1592 2437 1660 ubique
2477 1591 2770 1659 probantes
2793 1591 3075 1645 liberalem
3106 1592 3486 1660 frugalitatem,
3515 1592 3644 1645 totis
3671 1591 3883 1644 viribus
3921 1607 4078 1644 aver-

870 1691 1039 1745 sando
1060 1692 1350 1759 voluptatis
1372 1689 1675 1743 illecebras.
1705 1708 1721 1739 ›
1756 1688 1823 1741 Ει
1847 1688 2008 1756 paulo
2027 1694 2149 1755 post
2173 1704 2185 1738 :
2218 1705 2236 1735 ε
2272 1687 2469 1740 Vinum
2502 1700 2601 1755 per
2631 1686 2753 1739 illos
2779 1685 2897 1739 dies
2917 1701 3025 1739 non
3053 1686 3366 1755 praebetur,
3392 1685 3485 1739 sed
3512 1701 3649 1754 aqua
3678 1685 4079 1755 limpidissima,

870 1787 1065 1839 ceteris
1088 1786 1303 1855 frigida,
1331 1784 1503 1839 calida
1535 1798 1663 1837 vero
1689 1783 1774 1835 his
1802 1782 1897 1851 qui
1928 1781 2068 1834 inter
2095 1781 2336 1834 seniores
2357 1787 2659 1833 tractantur
2685 1779 2988 1834 delicatius.
3025 1781 3205 1834 Mensa
3230 1796 3363 1849 pura
3390 1789 3474 1833 est
3501 1796 3530 1833 a
3554 1781 3798 1834 cruentis
3821 1780 4077 1850 dapibus.

869 1880 972 1933 Pro
999 1878 1120 1931 cibo
1139 1878 1292 1946 panis
1314 1877 1623 1945 apponitur,
1652 1876 1727 1928 sal
1754 1890 1853 1943 pro
1886 1873 2137 1935 obsonio,
2164 1880 2221 1926 et
2254 1887 2355 1941 pro
2380 1872 2730 1925 condimento
2752 1872 3018 1942 hyssopus
3043 1872 3098 1924 in
3121 1872 3475 1925 delicatorum
3497 1872 3743 1940 gratiam.
3769 1869 4082 1941 Operantur

868 1974 1011 2026 enim
1048 1982 1106 2025 ut
1138 1972 1445 2025 sacerdotes
1483 1971 1651 2023 sacris
1674 1969 1975 2031 abstemiis,
2002 1976 2114 2021 tota
2154 1968 2333 2021 victus
2376 1967 2583 2020 ratione
2630 1967 2886 2036 castigata
2923 1966 2989 2020 ad
3023 1966 3251 2021 eandem
3287 1967 3670 2037 frugalitatem.
3709 1967 3845 2021 Nam
3882 1968 4076 2021 vinum

869 2065 1069 2119 habent
1095 2081 1192 2133 pro
1218 2080 1426 2117 veneno
1453 2063 1709 2117 afferente
1746 2061 2096 2124 dementiam,
2124 2059 2366 2129 opiparis
2388 2068 2570 2113 autem
2600 2059 2846 2112 obsoniis
2868 2060 3021 2111 aiunt
3049 2058 3251 2111 irritari
3291 2058 3809 2127 concupiscentiam,
3838 2058 4079 2113 belluam

869 2161 1294 2217 insaturabilem.
1322 2160 1464 2212 Haec
1490 2166 1615 2212 sunt
1648 2158 1867 2211 exordia
1899 2157 2159 2211 convivii.
2194 2176 2211 2206 ι
2249 2157 2316 2209 Et
2350 2164 2472 2224 post
2501 2172 2672 2225 pauca
2706 2155 2957 2208 subditur
2984 2170 2997 2207 :
3028 2173 3046 2204 ί
3074 2154 3461 2209 Enarrationes
3491 2163 3669 2208 autem
3700 2170 3980 2209 sacrarum
4011 2155 4081 2207 li-

868 2262 1106 2306 terarum
1135 2260 1381 2305 constant
1408 2268 1475 2305 ex
1500 2250 1795 2319 allegoriis.
1823 2248 1959 2303 Nam
1989 2247 2046 2300 hi
2067 2248 2171 2300 viri
2205 2253 2372 2300 totam
2399 2247 2571 2316 legem
2597 2248 2909 2301 existimant
2946 2246 3147 2301 habere
3187 2246 3435 2300 animalis
3464 2245 3897 2309 similitudinem,
3933 2247 4080 2315 quod

869 2351 1155 2413 praecepta
1182 2358 1380 2411 corpus
1408 2340 1668 2403 referant,
1692 2339 1930 2393 animam
1960 2353 2093 2393 vero
2119 2337 2420 2393 sententiae
2457 2338 2785 2391 retrusiorcs
2828 2338 2929 2392 sub
2957 2338 3226 2393 velamine
3255 2336 3548 2391 verborum
3586 2335 3821 2390 abditae.
3868 2336 3928 2390 1n
3955 2337 4080 2405 qui—

866 2437 969 2489 bus
997 2436 1279 2489 rationalis
1295 2435 1473 2489 anima
1495 2434 1712 2504 egregie
1739 2433 1972 2503 seipsam
1997 2433 2396 2502 contemplatur
2419 2441 2672 2500 tanquam
2702 2433 2756 2485 in
2781 2434 3021 2502 speculo,
3050 2432 3151 2486 sub
3178 2432 3263 2485 his
3284 2432 3415 2501 ipsis
3441 2431 3624 2485 verbis
3642 2431 3837 2485 miram
3862 2439 4083 2485 senten-

864 2526 1062 2578 tiarum
1106 2525 1573 2594 pulchritudinem
1600 2523 1947 2593 conspiciens
1973 2531 2028 2578 et
2055 2524 2332 2592 explicans
2373 2539 2405 2577 e
2450 2523 2555 2593 ﬁgu
2588 2524 2598 2593 |
2631 2540 2811 2577 rarum
2862 2524 3178 2587 involucris,
3229 2532 3391 2591 atque
3430 2524 3506 2576 ita
3548 2522 3874 2592 penitiorem
3912 2522 4079 2575 intel—

864 2615 1065 2671 lectum
1094 2617 1146 2669 in
1184 2616 1359 2669 lucem
1386 2614 1691 2684 producens
1722 2614 1985 2667 duntaxat
2011 2614 2151 2684 apud
2180 2630 2295 2678 eos,
2318 2614 2411 2682 qui
2442 2629 2539 2693 per
2573 2616 2911 2668 occasionem
2946 2615 3211 2669 admoniti
3259 2616 3441 2668 sciunt
3484 2615 3718 2668 obscura
3760 2631 3827 2669 ex
3871 2616 4082 2685 apertis

865 2710 1139 2779 colligere.
1168 2710 1268 2764 Ubi
1296 2724 1428 2762 vero
1457 2723 1676 2777 praeses
1697 2708 1847 2761 visus
1866 2716 1950 2762 est
1974 2724 2089 2761 rem
2117 2708 2255 2762 bene
2296 2708 2581 2761 tractando
2627 2708 2951 2762 satisfecisse
2990 2708 3300 2762 auditorum
3330 2707 3628 2772 desiderio,
3670 2710 3897 2778 plausus
3945 2725 4079 2778 pro-

866 2805 1040 2873 palam
1066 2804 1249 2857 editur
1276 2804 1343 2856 ab
1370 2803 1641 2857 omnibus.
1673 2803 1810 2857 Tum
1838 2804 1926 2857 ille
1960 2819 2248 2873 assurgens
2278 2804 2535 2873 hymnum
2554 2804 2620 2856 in
2654 2804 2866 2857 laudem
2888 2804 2983 2857 Dei
3024 2807 3232 2873 primus
3254 2808 3419 2869 canit,
3444 2816 3539 2858 aut
3566 2821 3757 2859 recens
3788 2821 3817 2858 a
3839 2820 3897 2859 se
3926 2822 4077 2859 com-

865 2898 1123 2965 positum,
1180 2906 1273 2951 aut
1333 2897 1677 2967 desumptum
1738 2898 1804 2950 ab
1852 2898 2035 2967 aliquo
2075 2908 2257 2951 vatum
2301 2906 2565 2952 veterum.
2633 2899 2857 2952 Exstant
2900 2899 3048 2953 enim
3110 2899 3274 2953 huius
3322 2901 3540 2969 generis
3588 2902 3828 2954 carmina
3875 2902 4077 2969 prisca,

864 3003 1023 3041 versu
1076 2989 1343 3050 trimetro,
1393 2997 1448 3041 et
1506 2987 1693 3058 hymni
1740 3002 1863 3040 cum
1911 2988 2026 3041 suis
2071 2988 2389 3041 accentibus
2436 2990 2579 3040 inter
2628 3002 2779 3040 sacra
2829 2987 3058 3041 canendi
3126 2996 3249 3042 ante
3290 2988 3505 3052 altaria,
3554 2989 3640 3043 vel
3695 3004 3727 3043 a
3781 2991 4076 3053 stantibus,

863 3077 947 3129 vel
1016 3092 1045 3130 a
1110 3077 1337 3130 choreas
1399 3076 1727 3129 ducentibus
1790 3076 2097 3130 moderatas
2163 3077 2331 3129 variis
2394 3076 2624 3131 flexibus
2692 3085 2856 3145 atque
2919 3077 3229 3132 reﬂexibus.
3276 3079 3585 3132 Praesulem
3621 3094 3746 3133 mox
3790 3080 4077 3134 imitantur

865 3168 1035 3221 ceteri
1095 3167 1309 3221 decenti
1390 3168 1583 3221 ordine
1612 3208 1626 3231 ,
1676 3168 1930 3221 omnibus
1985 3167 2191 3220 intente
2257 3167 2549 3235 quieteqne
2618 3168 3085 3235 auscultantibus,
3150 3178 3527 3239 praeterquam
3586 3169 3643 3223 in
3708 3169 3816 3223 ﬁne
3890 3170 4077 3240 hymni

862 3267 1211 3327 extremaque
1283 3260 1541 3313 clausula.
1611 3260 1766 3313 Tunc
1831 3261 1975 3312 enim
2039 3258 2275 3311 universi
2344 3274 2533 3312 vocem
2582 3260 2880 3325 extollunt,
2955 3260 3071 3314 sine
3126 3276 3287 3314 sexus
3347 3261 3679 3315 discrimine.
3733 3278 3751 3311 ι
3798 3261 3903 3313 Ista
3949 3270 4077 3313 sunt

865 3350 1107 3403 Philonis
1124 3350 1306 3402 verba.
1336 3349 1483 3414 Quae
1504 3359 1768 3419 quantum
1816 3350 1883 3402 ad
1925 3350 2237 3418 religionem
2274 3349 2626 3403 christianam
2670 3357 2727 3404 et
2752 3350 3173 3404 ecclesiasticum
3212 3350 3455 3405 ordinem
3494 3352 3708 3415 faciant,
3734 3353 3943 3421 liquido
3977 3353 4075 3406 de-

863 3441 1029 3492 clarat
1050 3440 1314 3492 Eusebius
1335 3440 1700 3493 Caesariensis
1722 3441 1987 3493 Historiae
2014 3441 2419 3494 Ecelesiasticae
2451 3440 2591 3495 libro
2615 3442 2873 3495 secundo.
2908 3441 3009 3506 Qui
3034 3443 3253 3510 quidem
3292 3443 3485 3495 borum
3513 3444 3857 3512 θεραπευτῶν
3878 3445 4072 3499 ducem

862 3530 1086 3584 affirmat
1111 3547 1229 3585 esse
1258 3534 1475 3585 beatum
1520 3533 1754 3585 Marcum
1792 3534 2094 3599 apostolum
2136 3542 2191 3587 et
2215 3533 2620 3602 evangelistam,
2649 3534 2885 3602 primum
2916 3536 3273 3589 Alexandriae
3307 3537 3640 3604 episcopum,
3681 3536 4071 3607 Philonemque

860 3623 1255 3676 ecclesiasticae
1288 3624 1643 3677 institutionis
1672 3624 1824 3675 initia
1859 3632 1913 3675 et
1946 3624 2207 3693 originem
2233 3626 2559 3693 apostolicae
2586 3634 2747 3694 atque
2768 3627 2931 3679 etiam
2956 3627 3297 3695 evangelicae
3322 3626 3627 3681 traditionis
3654 3628 3828 3682 eidem
3848 3629 4072 3698 Suppli-

860 3728 982 3765 cum
1015 3714 1155 3765 libro
1183 3715 1495 3777 intexuisse,
1528 3716 1607 3767 sic
1651 3715 1972 3767 scribens‘:
2017 3733 2035 3764 ‹
2080 3715 2317 3769 Marcum
2351 3716 2497 3771 hunc
2534 3717 2768 3786 primum
2806 3718 2959 3771 aiunt
3002 3718 3068 3771 ad
3111 3718 3403 3787 Aegyptum
3444 3721 3689 3785 missum,
3727 3723 4067 3791 evangelium

855 3804 989 3865 illic,
1019 3805 1161 3873 quod
1193 3815 1248 3859 et
1291 3806 1707 3875 conscripserat,
1753 3806 2114 3873 praedicasse,
2144 3807 2488 3876 primumque
2510 3808 2770 3861 ecclesias
2800 3808 3159 3861 Alexandriae
3194 3794 3559 3863 constituisse.
3590 3810 3754 3865 Tanta
3786 3823 3966 3866 autem
3994 3814 4065 3867 ibi

860 3896 1195 3949 credentium
1222 3898 1459 3950 virorum
1492 3914 1554 3951 ac
1580 3899 1868 3951 mulierum
1895 3899 2185 3953 multitudo
2209 3900 2387 3969 prima
2416 3902 2727 3955 accessione
2760 3916 2857 3969 per
2889 3902 3206 3955 exercitium
3233 3902 3663 3971 philosophicum
3692 3904 3984 3959 admodum
4006 3923 4066 3961 ac

859 3988 1331 4058 diligentissimum
1378 3989 1605 4042 collecta
1644 3998 1764 4051 est,
1807 3999 1867 4043 ut
1905 3989 2164 4044 exercitia
2208 4006 2430 4055 eorum,
2474 4000 2793 4055 conventus,
2827 3992 3115 4061 symposia,
3152 4001 3208 4046 et
3235 3994 3540 4047 universam
3565 4010 3623 4048 re
3656 3994 3665 4065 Ι
3698 3995 3898 4063 liquam
3922 3998 4062 4051 vitae

856 4081 1320 4138 conversationem
1345 4081 1506 4135 Philo
1548 4082 1721 4135 literis
1763 4082 2022 4136 mandare
2062 4083 2318 4153 dignatus
2350 4084 2441 4139 sit.
2474 4086 2669 4139 Fertur
2711 4087 2879 4141 etiam
2914 4088 3004 4141 hic
3047 4089 3203 4142 Philo
3235 4090 3437 4143 Romae
3470 4090 3571 4143 sub
3600 4089 3826 4145 Claudio
3856 4092 3925 4146 ad
3957 4094 4065 4147 col-

857 4173 1097 4240 loquium
1128 4172 1271 4226 Petri
1307 4172 1564 4225 Romanis
1606 4182 1719 4226 tum
1765 4174 2129 4250 praedicantis
2162 4174 2393 4229 venisse.
2468 4176 2656 4245 Neque
2698 4177 2801 4231 hoc
2845 4193 2977 4231 vero
3012 4178 3273 4232 dissimile
3309 4189 3409 4233 est.
3449 4180 3883 4236 Commentarius
3917 4185 4062 4237 enim

859 4266 968 4325 ille,
994 4280 1153 4332 quem
1199 4264 1411 4317 tandem
1449 4265 1517 4317 ab
1563 4279 1630 4317 eo
1673 4265 2067 4333 posterioribus
2102 4267 2439 4334 temporibus
2458 4268 2798 4321 elaboratum
2836 4284 2954 4323 esse
2978 4270 3229 4333 dicimus,
3261 4272 3537 4325 Ecclesiae
3567 4288 3835 4340 canones,
3863 4276 3958 4341 qui
3996 4275 4062 4328 ad

860 4356 991 4408 haec
1029 4366 1210 4409 nostra
1242 4372 1412 4423 usque
1436 4365 1677 4424 tempora
1699 4364 2002 4420 servantur,
2028 4356 2309 4411 manifeste
2330 4357 2589 4411 continet.
2624 4360 2736 4412 lmo
2765 4361 3018 4427 quoniam
3047 4362 3209 4413 vitam
3243 4362 3403 4414 etiam
3443 4364 3818 4431 religiosorum
3847 4375 4061 4418 nostro—

859 4465 978 4505 rum
1004 4462 1165 4513 quam
1190 4447 1303 4499 fieri
1340 4448 1518 4513 potuit
1553 4447 1959 4499 accuratissime
1988 4447 2295 4517 descripsit,
2323 4448 2454 4501 satis
2480 4450 2823 4503 manifestum
2849 4452 3192 4519 relinquitur,
3214 4468 3323 4505 non
3350 4453 3509 4506 modo
3537 4454 3736 4507 vidisse
3760 4470 3886 4507 eum
3916 4457 4063 4511 viros

859 4540 978 4590 illos
1004 4538 1326 4604 apostolicos
1372 4537 1453 4589 sui
1492 4537 1752 4605 temporis
1791 4552 1856 4590 ex
1902 4538 2179 4603 Hebraeis,
2228 4547 2291 4593 ut
2326 4554 2455 4592 vero
2498 4540 2672 4592 simile
2704 4550 2807 4603 est,
2829 4544 3119 4609 profectos,
3154 4545 3225 4597 ob
3251 4561 3477 4614 eamque
3516 4560 3731 4598 causam
3758 4545 4059 4613 priscorum

862 4628 1019 4680 ritum
1044 4626 1220 4679 adhuc
1253 4642 1403 4679 more
1446 4627 1774 4679 Judaeorum
1802 4627 2175 4690 observantes,
2199 4628 2293 4681 sed
2315 4638 2371 4682 et
2392 4628 2671 4695 probasse,
2696 4629 3020 4698 divinosque
3043 4642 3098 4685 et
3122 4632 3377 4687 honestos
3403 4634 3686 4688 iudicasse.
3710 4633 3844 4687 Cum
3869 4635 4061 4703 primis

856 4729 911 4771 et
944 4718 1043 4770 hoc
1092 4718 1282 4785 liquet,
1309 4718 1451 4785 quod
1475 4718 1609 4770 nihil
1638 4718 1779 4771 ultra
1813 4719 2095 4773 veritatem
2133 4720 2350 4774 aliunde
2374 4731 2468 4775 aut
2498 4738 2561 4775 ex
2600 4723 2776 4791 seipso
2809 4724 2913 4783 his.
2950 4739 3087 4792 quae
3119 4724 3356 4778 scribere
3394 4734 3619 4779 conatus
3647 4724 3782 4789 fuit,
3825 4726 4063 4782 adiicere

858 4811 1044 4863 volens
1083 4812 1135 4864 in
1175 4827 1242 4865 eo
1280 4812 1438 4874 libro,
1473 4828 1633 4880 quem
1657 4812 1723 4865 de
1763 4813 1871 4867 vita
1892 4814 2307 4882 contemplativa
2337 4826 2432 4871 aut
2454 4817 2521 4871 de
2550 4818 2899 4885 precantibus
2923 4819 3220 4888 inscripsit,
3267 4820 3504 4874 cultores
3536 4836 3650 4884 eos,
3692 4829 3749 4875 et
3777 4821 4060 4886 mulieres,

855 4915 994 4971 quae
1015 4916 1137 4953 cum
1177 4903 1258 4955 eis
1280 4910 1453 4964 erant,
1490 4903 1742 4957 cultrices
1757 4906 1935 4957 vocari
1961 4905 2177 4969 dixerit,
2196 4922 2519 4975 causamque
2553 4910 2926 4975 appellationis
2943 4910 3105 4963 huius
3127 4912 3405 4973 adiecerit,
3428 4920 3520 4964 aut
3542 4912 3683 4980 quod
3719 4912 3929 4965 animos
3969 4928 4063 4966 ac-

856 4994 1208 5048 cedentiuma
1246 4996 1586 5063 passionibus
1604 4996 1840 5051 malitiae
1879 4998 2049 5051 instar
2081 4999 2412 5053 medicorum
2445 5002 2739 5055 liberantes
2760 5003 3069 5056 curaverint
3090 5018 3152 5055 ac
3177 5003 3503 5066 sanaverint,
3535 5004 3620 5056 vel
3642 5002 3787 5072 quod
3827 5003 4063 5055 caeleste

856 5101 1055 5139 numen
1105 5088 1306 5141 mundo
1344 5089 1493 5141 cultu
1537 5087 1852 5156 sinceraque
1887 5090 2143 5157 religione
2182 5093 2422 5144 venerati
2456 5093 2580 5145 sint.
2618 5092 2741 5145 Sive
2774 5093 2938 5161 igitur
2967 5094 3106 5147 hanc
3150 5093 3256 5147 illis
3295 5094 3705 5163 appellationem
3746 5093 3813 5147 de
3856 5108 3957 5146 suo
3988 5091 4062 5144 ob

854 5176 1158 5245 praedictas
1189 5193 1376 5232 causas
1412 5180 1686 5247 imposuit,
1719 5195 2022 5246 nomenque
2054 5180 2293 5233 virorum
2329 5182 2554 5235 istorum
2589 5184 2808 5251 proprie
2844 5184 2946 5237 hoc
2980 5195 3137 5253 pacto
3190 5184 3494 5253 descripsit,
3530 5185 3643 5239 sive
3685 5185 3866 5239 statim
3900 5183 4063 5236 initio

853 5282 982 5319 vere
1006 5267 1084 5318 sic
1112 5267 1285 5319 vocati
1308 5268 1433 5328 sint,
1460 5283 1583 5320 cum
1612 5267 1979 5322 Christianum
2001 5284 2199 5323 nomen
2223 5271 2639 5340 haudquaquam
2675 5280 2788 5326 tum
2814 5275 3009 5341 quovis
3036 5276 3156 5329 loco
3180 5276 3571 5340 celebraretur,
3592 5293 3702 5331 non
3723 5287 3805 5332 est
3827 5293 4061 5333 necesse

857 5368 914 5409 ut
941 5358 1349 5410 contendamus.
1381 5358 1493 5411 Hoc
1524 5368 1701 5412 tamen
1722 5374 1842 5411 cum
1867 5362 2057 5427 primis
2093 5370 2341 5425 testatur,
2364 5362 2507 5430 quod
2534 5363 2883 5419 facultatibus
2910 5368 3023 5420 suis
3052 5369 3441 5433 renunciarint,
3476 5384 3539 5423 ac
3564 5370 3721 5423 bonis
3746 5370 3811 5424 ad
3848 5386 3903 5425 se
3930 5387 4059 5440 per-

855 5445 1157 5498 tinentibus
1188 5446 1453 5514 cesserint
1495 5448 1546 5499 hi
1572 5449 1666 5517 qui
1692 5450 2061 5530 philosophari
2086 5452 2425 5519 coepissent;
2454 5452 2651 5507 deinde
2682 5464 2739 5508 et
2760 5471 2791 5508 a
2822 5472 2927 5510 cun
2959 5457 2968 5525 |
3000 5457 3102 5511 ctis
3126 5457 3267 5512 vitae
3297 5459 3460 5513 huius
3494 5460 3641 5513 curis
3665 5460 4054 5525 abstinuerint,

850 5535 1163 5603 relictisque
1199 5538 1367 5590 muris
1394 5538 1447 5590 in
1471 5540 1612 5607 agris
1632 5549 1688 5593 et
1724 5540 1895 5594 hortis
1922 5542 2163 5596 solitarie
2191 5544 2493 5598 conversati
2523 5546 2651 5608 sint,
2677 5556 2827 5600 certo
2853 5549 3086 5604 scientes
3110 5552 3379 5605 consortia
3410 5566 3597 5605 eorum
3617 5592 3631 5614 ,
3664 5552 3757 5621 qui
3784 5551 4055 5621 disparem

853 5626 1218 5694 sequebantur
1262 5627 1475 5681 vivendi
1514 5630 1799 5698 rationem,
1823 5632 2034 5686 inutilia
2054 5642 2108 5687 et
2138 5634 2297 5688 noxia
2323 5650 2444 5689 esse
2472 5636 2580 5690 illis
2601 5637 2693 5707 qui
2730 5646 2843 5691 tum
2863 5641 3125 5707 temporis
3155 5641 3277 5706 hoc,
3324 5652 3384 5697 ut
3416 5657 3513 5711 par
3546 5653 3681 5709 erat,
3702 5644 3953 5715 agebant,
4000 5658 4059 5702 ut

924 5719 937 5745 ¹
976 5715 1095 5769 Lib.
1128 5732 1163 5769 ιι
1188 5731 1302 5787 cap.
1337 5717 1404 5771 16
1431 5733 1515 5786 sq.
