4274 6358
225 419 338 474 293
1001 416 1091 471 AD
1154 411 1542 471 VERSIONEM
1584 412 1739 468 LAT.
1786 412 1946 467 "OM.
1991 414 2047 468 S.
2082 414 2360 470 MACARII
2400 415 2738 470 AEGYPTH.
3352 416 3457 470 296

224 538 392 595 alacri
424 536 766 603 ferventique
813 534 917 587 ﬁde
943 549 1039 587 eos
1076 533 1423 587 imitarentur
1447 532 1538 601 qui
1570 532 1944 601 propheticam
1984 533 2148 585 vitam
2188 532 2480 586 ducebant.
2517 531 2733 584 Etenim
2772 540 2828 585 et
2879 530 2931 583 in
2983 530 3133 585 Actis
3182 537 3459 602 apostolo-

227 646 351 685 rum
383 631 424 694 ⁸,
456 629 523 683 de
562 628 767 696 quibus
800 626 935 680 nihil
969 634 1053 679 est
1085 625 1260 687 dubii,
1291 624 1397 677 hoc
1440 632 1795 686 memoratur,
1836 623 1979 691 quod
2014 638 2203 677 omnes
2246 623 2630 693 Apostolorum
2682 623 2933 692 discipuli
2983 627 3352 693 possessiones
3391 643 3456 684 ac

224 724 511 777 facultates
540 737 667 775 suas
715 719 1025 773 divenditas
1059 718 1271 771 cunctis
1314 716 1716 779 distribuerint,
1752 717 1899 770 iuxta
1940 716 2083 784 quod
2135 716 2376 770 cuiusvis
2407 716 2657 786 exigebat
2692 718 3005 780 necessitas,
3048 718 3119 773 ita
3176 729 3238 774 ut
3293 736 3457 777 nemo

224 834 451 885 prorsus
474 819 618 871 inter
652 832 746 870 eos
766 823 971 885 egeret.
1008 812 1286 880 Quotquot
1310 812 1478 871 enim,
1505 810 1646 864 sicut
1682 810 1795 878 ipsa
1826 809 1991 862 verba
2034 808 2253 872 habent,
2273 825 2611 877 possessores
2632 820 2787 863 erant
2812 826 3067 880 agrorum
3094 822 3187 866 aut
3211 814 3452 875 aedium,

222 907 618 969 vendiderunt,
650 922 713 961 ac
762 906 1003 975 pretium
1044 905 1430 959 distractorum
1463 902 1727 955 bonorum
1761 901 2050 955 afferentes
2082 902 2149 955 ad
2180 902 2346 970 pedes
2377 900 2758 970 Apostolorum
2791 902 3093 971 ponebant,
3129 904 3195 956 ad
3245 905 3369 972 hoc,
3394 918 3453 964 ut

222 996 453 1064 singulis
492 996 788 1051 secundum
815 995 1056 1049 cuiusvis
1093 993 1474 1047 necessitatem
1522 990 1940 1058 expenderetur.
1983 990 2297 1045 Consimilia
2340 992 2457 1044 istis
2487 990 2798 1059 praedictus
2827 992 2981 1045 Philo
3014 993 3352 1061 testiﬁcatus,
3386 1000 3451 1053 ad

220 1086 452 1139 verbum
496 1088 718 1143 subiicit
742 1088 969 1141 dicens:
1006 1105 1026 1137 ι
1060 1087 1156 1140 Est
1188 1092 1369 1139 autem
1424 1084 1478 1137 in
1519 1082 1707 1136 multis
1737 1081 1954 1149 quidem
1989 1090 2255 1135 terrarum
2288 1083 2423 1137 locis
2463 1082 2567 1136 hoc
2602 1098 2773 1151 genus
2803 1082 3121 1150 hominum;
3166 1088 3454 1155 oportebat

220 1178 370 1230 enim
402 1179 626 1247 perfecti
659 1180 785 1233 boni
817 1179 1108 1248 participes
1125 1178 1243 1231 ﬁeri
1265 1185 1370 1230 tam
1394 1176 1631 1231 Graecos
1656 1190 1818 1245 quam
1842 1177 2109 1229 Barbaros
2134 1192 2356 1230 :verum
2382 1176 2437 1229 in
2463 1176 2703 1252 Aegypto
2728 1176 2780 1230 in
2816 1178 3045 1248 singulis
3072 1182 3448 1260 praefecturis,

221 1272 383 1325 sicuti
407 1283 623 1337 vocant,
652 1274 912 1336 abundat,
940 1281 995 1327 et
1025 1274 1259 1326 maxime
1306 1272 1450 1324 circa
1479 1268 1880 1323 Alexandriam.
1907 1264 2157 1337 Undique
2190 1277 2371 1323 autem
2397 1270 2635 1337 optimus
2676 1271 2907 1339 quisque
2938 1270 3088 1324 velut
3120 1272 3173 1325 in
3198 1276 3447 1341 patriam,

223 1360 295 1412 ita
335 1361 393 1412 in
424 1362 697 1415 cultorum
741 1364 1008 1417 coloniam
1039 1364 1106 1416 ad
1139 1362 1639 1415 commodissimum
1674 1361 1874 1422 locum,
1919 1361 2011 1428 qui
2045 1361 2184 1414 laeui
2230 1358 2429 1415 Mariae.
2475 1362 2528 1414 in
2560 1361 2770 1415 tumulo
2819 1362 3174 1416 submissiore
3215 1364 3446 1426 adiacet,

220 1450 516 1504 admodum
544 1462 847 1521 opportune
893 1462 1116 1521 propter
1150 1454 1499 1505 securitatem
1532 1452 1781 1520 aerisque
1813 1454 2130 1519 temperiem
2164 1468 2283 1506 sese
2316 1453 2528 1521 recipit.
2565 1472 2581 1504 ι
2622 1454 2831 1507 Deinde
2863 1465 2918 1508 et
2962 1456 3324 1511 habitationes
3351 1474 3448 1513 eo—

221 1556 367 1602 rum,
402 1545 590 1609 quales
636 1544 758 1597 illae
812 1546 1037 1608 fuerint,
1065 1545 1402 1604 describens,
1430 1544 1496 1597 de
1540 1545 1789 1597 ecclesiis
1814 1542 1934 1597 eius
1972 1545 2208 1614 regionis
2238 1543 2373 1599 haec
2411 1545 2581 1599 dicit:
2621 1563 2639 1595 ‹
2673 1543 2731 1597 In
2767 1545 2990 1614 singulis
3023 1556 3203 1600 autem
3233 1564 3446 1603 sacrum

227 1629 575 1683 domicilium
603 1640 705 1693 est,
738 1633 882 1700 quod
934 1636 1174 1700 σεμνείον
1197 1642 1252 1685 et
1292 1633 1658 1685 monasterion
1682 1638 1904 1684 vocatur
1932 1649 1946 1697 ;
1976 1633 2031 1686 in
2064 1648 2175 1701 quo
2201 1644 2501 1696 manentes,
2530 1635 2787 1687 honestae
2813 1651 2875 1689 ac
2919 1647 3134 1689 sanctae
3155 1640 3299 1691 vitae
3330 1655 3446 1709 my-

218 1722 388 1775 steria
413 1724 711 1786 celebrant,
736 1725 873 1777 nihil
899 1725 992 1779 illo
1015 1724 1337 1787 inferentes,
1372 1724 1380 1791 |
1412 1740 1514 1778 nec
1531 1732 1739 1793 potum,
1762 1740 1862 1779 nec
1889 1726 2092 1787 cibum,
2117 1740 2295 1793 neque
2320 1725 2466 1779 aliud
2488 1726 2781 1794 quidquam
2806 1742 2993 1780 eorum
3007 1742 3144 1795 quae
3169 1730 3234 1781 ad
3258 1746 3448 1798 corpm

224 1814 301 1864 ris
342 1824 473 1867 sunt
509 1817 957 1869 sustentationem
990 1817 1315 1880 necessaria,
1349 1816 1444 1869 sed
1479 1817 1624 1885 leges
1649 1823 1704 1870 et
1736 1818 1956 1870 oracula
1988 1816 2373 1885 prophetarum
2405 1826 2461 1871 et
2496 1817 2723 1887 hymnos
2755 1834 2816 1871 ac
2851 1820 3059 1887 reliqua
3105 1820 3441 1883 huiusmodi,

218 1901 425 1968 quibus
453 1903 677 1957 scientia
700 1914 755 1957 et
776 1905 949 1973 pietas
977 1913 1276 1975 augescunt
1297 1912 1352 1958 et
1384 1912 1847 1958 consummantur.
1890 1924 1908 1956 ι
1935 1902 2001 1959 Et
2026 1906 2302 1975 aliquanto
2325 1916 2444 1975 post
2475 1908 2606 1961 dicit
2630 1924 2642 1959 :
2673 1906 2901 1963 «Totum
2936 1919 3114 1963 autem
3147 1911 3277 1964 illud
3306 1922 3445 1965 tem-

230 1991 382 2057 poris
422 1992 683 2059 spacium,
728 1995 872 2061 quod
899 2010 929 2048 a
960 1994 1200 2049 diluculo
1231 2003 1313 2048 est
1352 2009 1523 2063 usque
1568 1995 1636 2048 ad
1682 2009 1986 2063 vesperam,
2039 1996 2092 2049 in
2124 1998 2442 2051 exercitium
2485 1999 2591 2051 illis
2642 2000 2953 2051 insumitur.
3010 2000 3203 2055 Sacras
3242 2004 3444 2071 quippe

217 2082 533 2151 Scripturas
556 2085 795 2153 legentes
826 2086 1293 2155 philosophantur,
1322 2101 1384 2139 ac
1422 2086 1650 2153 patriam
1679 2084 2071 2153 philosophiam
2112 2087 2401 2156 allegorice
2434 2096 2686 2141 tractant.
2726 2089 2939 2142 Etenim
2966 2100 3157 2158 putant
3188 2110 3272 2157 ea,
3302 2110 3442 2163 quae

219 2172 272 2224 in
312 2175 599 2229 manifesta
624 2185 750 2230 sunt
783 2176 1185 2247 Scripturarum
1214 2178 1551 2246 expositione
1582 2218 1596 2242 ,
1631 2176 1892 2246 quaedam
1931 2192 2050 2230 esse
2093 2177 2439 2231 absconditae
2474 2189 2699 2235 naturae
2726 2182 2965 2251 symbola
3008 2200 3103 2253 per
3134 2185 3334 2255 ﬁguras
3366 2186 3442 2240 si-

220 2266 497 2332 gniﬁcata.
529 2269 743 2324 Habent
769 2279 825 2324 et
853 2272 1271 2325 commentarios
1296 2272 1596 2340 priscorum
1625 2271 1891 2334 virorum,
1915 2272 2007 2340 qui
2050 2287 2173 2325 cum
2237 2272 2523 2327 haereseos
2569 2274 2809 2342 ipsorum
2850 2277 3016 2329 duces
3042 2286 3242 2340 essent,
3274 2279 3442 2331 multa

221 2358 282 2413 in
315 2359 489 2417 forma
542 2376 727 2418 rerum
758 2362 1046 2431 allegorice
1086 2361 1408 2416 traditarum
1443 2370 1566 2429 post
1593 2375 1651 2413 se
1692 2370 2043 2413 monumenta
2090 2361 2449 2429 reliquerunt,
2480 2364 2680 2431 quibus
2720 2373 2973 2433 tanquam
3008 2366 3315 2436 archetypis
3358 2370 3439 2421 usi

218 2456 487 2523 pr0positi
514 2456 729 2509 illorum
755 2452 1036 2510 imitantur
1065 2453 1353 2505 rationem.
1401 2471 1418 2502 ι
1452 2453 1596 2505 Haec
1638 2452 1803 2520 igitur
1838 2452 1910 2505 ita
1957 2452 2216 2505 videntur
2260 2452 2328 2505 ab
2366 2454 2472 2507 hoc
2502 2455 2624 2507 viro
2659 2454 2824 2519 dicta,
2863 2467 2923 2509 ut
2967 2466 3256 2525 appareat,
3288 2457 3437 2510 illutn

216 2560 411 2601 eorum
450 2545 615 2600 fuisse
651 2547 988 2611 auditorem,
1017 2543 1107 2615 qui
1144 2557 1323 2600 sacras
1360 2540 1673 2614 Scripturas
1702 2552 2091 2613 exposuerunt.
2119 2542 2257 2599 Vero
2301 2544 2476 2597 simile
2508 2553 2689 2597 autem
2725 2553 2827 2607 est,
2869 2547 3285 2600 commentarios
3319 2547 3438 2600 illos

215 2636 525 2701 priscorum
553 2638 813 2701 virorum,
838 2653 974 2706 quos
998 2638 1140 2705 apud
1167 2652 1261 2691 eos
1292 2636 1458 2690 fuisse
1500 2636 1652 2699 dicit,
1677 2652 1799 2690 esse
1842 2637 2137 2705 Evangelia
2167 2647 2221 2691 et
2254 2633 2639 2704 Apostolorum
2672 2636 2894 2702 scripta,
2920 2642 2974 2687 et
3005 2636 3262 2703 quasdam
3295 2635 3440 2689 anti-

214 2743 452 2794 quorum
496 2729 882 2797 prophetarum
929 2729 1311 2797 expositiones,
1343 2727 1531 2795 quales
1580 2742 1703 2781 cum
1740 2743 1823 2791 ea,
1864 2743 2001 2795 quae
2044 2727 2109 2779 ad
2152 2728 2431 2782 Hebraeos
2478 2738 2580 2791 est,
2618 2735 2731 2782 tum
2776 2725 2911 2778 aliae
2958 2726 3141 2794 plures
3181 2727 3439 2795 epistolae

215 2819 370 2871 Pauli
411 2821 709 2873 continent.
736 2820 977 2889 Denique
996 2829 1051 2874 et
1081 2821 1146 2874 de
1182 2836 1268 2885 eo,
1294 2819 1439 2888 quod
1461 2819 1527 2873 de
1548 2835 1689 2873 novo
1724 2820 1960 2889 psalmos
1992 2820 2413 2888 composuerint,
2435 2820 2499 2873 ad
2524 2820 2669 2874 hunc
2703 2814 2921 2873 modum
2955 2818 3143 2870 scribit
3168 2834 3179 2869 :
3212 2837 3229 2867 ε
3252 2817 3436 2885 Itaque

220 2928 327 2965 non
357 2913 519 2966 modo
555 2914 736 2967 divina
767 2915 1223 2982 contemplantur,
1252 2913 1345 2967 sed
1366 2922 1423 2967 et
1446 2914 1656 2967 cantica
1673 2921 1727 2966 et
1754 2913 1982 2981 hymnos
2002 2912 2067 2967 ad
2096 2915 2263 2967 Deum
2288 2914 2674 2967 sacratioribus
2697 2915 2873 2967 omnis
2898 2911 3110 2984 generis
3139 2920 3435 2965 metrorum

212 3016 269 3058 et
299 3004 605 3058 carminum
632 3002 900 3072 rhythmis
922 3004 1157 3072 graviter
1187 3010 1529 3057 construunt.
1565 3020 1583 3053 ›
1627 3001 1694 3055 Et
1714 3001 1818 3055 alia
1850 3002 2071 3069 quidem
2100 3002 2267 3055 multa
2298 3002 2363 3055 de
2400 3002 2526 3066 illis,
2558 3018 2789 3071 quorum
2832 3004 2919 3057 hic
2950 3002 3283 3058 mentionem
3308 3001 3440 3055 faci-

209 3110 355 3157 mus,
386 3096 441 3147 in
479 3110 543 3146 eo
587 3094 729 3147 libro
761 3094 996 3147 disserit.
1032 3094 1233 3147 Verum
1282 3094 1371 3146 illa
1400 3095 1515 3147 visa
1558 3107 1684 3147 sunt
1709 3094 2022 3147 necessario
2047 3093 2352 3162 deligenda,
2381 3109 2479 3161 per
2508 3109 2647 3162 quae
2686 3104 2861 3147 certas
2879 3096 3283 3150 ecclesiasticae
3304 3111 3437 3151 conv

208 3196 368 3237 versa
402 3184 411 3253 |
445 3183 608 3237 tionis
653 3191 806 3236 notas
846 3183 1043 3251 posuit.
1072 3181 1224 3247 Quod
1271 3184 1313 3235 si
1363 3183 1596 3251 cuipiam
1624 3199 1686 3237 ea
1716 3198 1874 3251 quae,
1909 3183 2050 3235 dicta
2099 3191 2242 3246 sunt,
2276 3199 2384 3235 non
2407 3184 2623 3251 proprie
2648 3183 2713 3237 ad
2742 3185 3110 3253 evangelicam
3157 3189 3432 3257 pertinere

210 3276 477 3345 politiam,
504 3274 601 3329 sed
644 3282 699 3327 et
729 3274 849 3327 aliis
876 3284 1091 3342 praeter
1128 3274 1297 3327 dictos
1322 3275 1560 3326 cultores
1588 3273 1825 3341 adaptari
1860 3289 2016 3340 posse
2050 3273 2322 3335 videntur,
2346 3272 2530 3326 credat
2572 3274 2760 3326 saltem
2795 3272 2879 3327 his
2912 3274 3059 3329 illius
3084 3277 3265 3331 verbis
3290 3293 3428 3346 quae

208 3366 590 3427 subiiciemus,
616 3380 681 3417 ex
711 3364 910 3432 quibus
949 3364 1334 3424 indubitatum,
1373 3364 1415 3415 si
1450 3378 1621 3430 aequo
1667 3362 1737 3414 sit
1782 3362 1981 3423 animo,
2010 3361 2111 3414 hac
2152 3361 2217 3414 de
2272 3378 2331 3414 re
2368 3362 2737 3414 testimonium
2790 3365 3110 3432 reportahit.
3165 3365 3254 3420 Sic
3284 3368 3428 3421 enim

208 3456 407 3509 scribit
438 3471 450 3504 :
492 3473 507 3501 σ
536 3453 933 3506 Continentiam
960 3461 1137 3505 autem
1172 3452 1409 3520 primum
1456 3460 1707 3519 tanquam
1757 3450 2168 3502 fundamentum
2206 3449 2477 3518 quoddam
2518 3452 2571 3503 in
2616 3453 2793 3506 anima
2830 3455 3116 3520 collocant,
3150 3457 3345 3514 deinde
3378 3459 3431 3515 et

205 3548 345 3601 alias
380 3545 613 3599 virtutes
638 3554 1041 3613 superstruunt.
1070 3543 1262 3597 Cibum
1297 3554 1389 3596 aut
1412 3552 1598 3611 potum
1626 3558 1785 3595 nemo
1812 3543 2030 3594 illorum
2077 3551 2200 3594 ante
2233 3542 2363 3594 solis
2394 3558 2643 3595 occasum
2671 3554 2918 3613 usurpat.
2943 3546 3153 3599 Etenim
3190 3550 3428 3617 philoso—

206 3637 371 3704 phiae
395 3636 632 3689 studium
660 3635 800 3697 luce,
835 3633 1077 3702 corporis
1113 3649 1240 3685 vero
1269 3633 1619 3686 necessitates
1652 3632 1891 3685 tenebris
1926 3632 2115 3701 dignas
2142 3647 2258 3685 esse
2285 3632 2563 3698 iudicant;
2599 3634 2739 3687 unde
2776 3642 2834 3688 et
2853 3636 2994 3689 diem
3028 3632 3125 3701 illi,
3156 3639 3273 3695 istis
3299 3658 3431 3695 vero

206 3727 480 3780 modicam
528 3726 703 3780 noctis
754 3737 959 3795 partem
1011 3726 1275 3779 tribuunt.
1325 3726 1579 3779 Nonnulli
1623 3741 1688 3777 ex
1736 3725 1814 3777 eis
1884 3733 1996 3777 toto
2040 3724 2218 3777 triduo
2262 3724 2368 3777 cibi
2408 3742 2515 3777 non
2564 3727 2958 3791 recordantur,
3010 3731 3209 3797 quibus
3252 3737 3428 3788 maius

202 3819 469 3872 scientiae
500 3834 660 3886 quam
692 3819 796 3871 cibi
821 3818 1153 3871 desiderium
1184 3817 1400 3871 insedit.
1428 3816 1685 3870 Nonnulli
1727 3816 1799 3867 ita
1834 3816 2107 3871 laetantur
2148 3832 2209 3869 ac
2254 3816 2595 3870 delectantur
2634 3819 2897 3886 sapientia
2933 3822 3104 3888 pasci,
3158 3839 3296 3890 quae
3331 3824 3429 3877 do-

210 3921 394 3979 gmata
425 3910 679 3977 opulente
712 3917 766 3962 et
787 3909 1000 3962 abunde
1022 3910 1419 3972 subministrat,
1441 3919 1501 3962 ut
1525 3910 1799 3978 duplicato
1834 3908 2093 3977 temporis
2112 3908 2286 3975 spatio
2304 3908 2631 3973 abstineant,
2657 3925 2717 3963 ac
2738 3911 2825 3963 vix
2848 3928 2944 3979 per
2976 3928 3067 3966 sex
3092 3914 3205 3968 dies
3236 3930 3425 3968 neces—

203 4001 356 4069 sario
388 3999 513 4051 cibo
549 4006 831 4068 gustantes
858 4008 1166 4051 vescantur.
1198 4015 1216 4047 ι
1255 3999 1396 4051 Haec
1424 3999 1665 4053 Philonis
1690 4000 1856 4051 verba
1880 3999 2023 4050 clare
2055 4008 2110 4050 et
2141 3997 2343 4065 absque
2375 4000 2484 4051 ulla
2512 4000 2937 4055 contradictione
2975 4002 3041 4056 de
3074 4003 3275 4058 nostris
3306 4021 3426 4060 esse

200 4092 347 4144 dicta
371 4100 640 4158 putamus.
686 4089 741 4142 Si
772 4105 899 4141 vero
944 4088 1122 4141 adhuc
1154 4088 1437 4155 quisquam
1470 4089 1754 4141 obﬁrmate
1786 4088 2197 4149 contradixerit,
2228 4088 2315 4140 vel
2341 4088 2418 4140 sic
2450 4088 2554 4141 sibi
2583 4091 2896 4157 persuaderi
2931 4092 3092 4155 sinat,
3128 4102 3186 4146 ut
3228 4096 3423 4150 clario-

201 4188 357 4239 ribus
400 4182 959 4237 demonstrationibus
978 4182 1183 4242 credat,
1208 4194 1341 4248 quas
1378 4196 1485 4233 non
1527 4182 1669 4249 apud
1693 4182 1827 4234 alios
1852 4180 2111 4248 quosdam
2144 4179 2249 4232 nisi
2271 4179 2436 4231 solam
2461 4178 2892 4235 Christianorum
2921 4185 3217 4239 secundum
3245 4188 3422 4243 Evan-

198 4276 407 4345 gelium
443 4272 761 4341 religionem
798 4271 1042 4323 invenire
1080 4269 1225 4321 licet.
1276 4268 1415 4321 Dicit
1444 4271 1611 4331 enim,
1644 4270 1785 4337 apud
1817 4285 1932 4332 eos,
1978 4269 2045 4321 de
2082 4269 2281 4336 quibus
2324 4268 2586 4335 loquitur,
2624 4269 2882 4324 mulieres
2920 4288 3133 4341 quoque
3171 4278 3420 4344 reperiri,

197 4379 435 4432 quarum
458 4364 746 4431 pleraeque
774 4360 1109 4429 grandaevae
1135 4358 1376 4426 virgines
1400 4359 1702 4412 castitatem
1736 4373 1843 4411 non
1875 4360 2219 4418 necessitate,
2245 4359 2383 4411 sicut
2409 4359 2673 4426 quaedam
2700 4360 3007 4414 sacerdotes
3030 4364 3173 4431 apud
3212 4376 3418 4434 gentes,

197 4459 371 4527 magis
403 4471 564 4525 quam
612 4464 799 4523 sponte
838 4468 933 4505 sua
966 4462 1187 4520 propter
1212 4454 1384 4505 zelum
1416 4468 1477 4505 ac
1504 4452 1835 4505 desiderium
1881 4451 2175 4520 sapientiae
2218 4451 2544 4513 custodiant,
2579 4450 2735 4504 cuius
2757 4454 3140 4506 commercium
3180 4457 3421 4513 studiose

195 4550 462 4609 colentes,
488 4561 774 4613 corporum
797 4544 1117 4613 voluptates,
1137 4544 1208 4595 im
1242 4544 1253 4612 ι
1282 4544 1589 4597 mortalium
1614 4544 1931 4607 liberorum,
1956 4560 2091 4611 quos
2114 4544 2261 4596 solus
2278 4560 2461 4597 amans
2482 4544 2575 4597 Dei
2598 4544 2809 4597 animus
2830 4560 2895 4598 ex
2916 4562 2971 4598 se
2989 4546 3205 4615 gignere
3221 4559 3417 4617 potest,

198 4658 310 4694 non
336 4640 647 4693 mortalium
678 4638 905 4705 cupidae
939 4648 1317 4705 aspernentur.
1347 4636 1551 4689 Deinde
1578 4637 1900 4690 subsecutus
1932 4637 2133 4690 clarius
2170 4634 2272 4689 ista
2298 4636 2519 4703 exponit
2548 4654 2559 4687 :
2604 4654 2621 4685 ι
2649 4636 3122 4704 lnterpretationes
3148 4647 3348 4704 autem,
3380 4661 3396 4691 ι

198 4733 433 4801 inquit,t
470 4741 779 4785 sanctarum
810 4728 1213 4796 Scripturarum
1241 4728 1561 4795 allegoricae
1591 4728 1697 4781 illis
1722 4743 1784 4781 ac
1818 4728 2075 4797 ﬁguratae
2108 4735 2251 4779 sunt.
2280 4725 2505 4779 Videtur
2536 4726 2680 4779 enim
2707 4727 2840 4780 viris
2872 4727 2988 4781 istis
3011 4725 3263 4783 universa
3284 4732 3420 4801 legis

196 4826 486 4891 Scriptura
531 4822 789 4875 animanti
825 4823 1016 4875 similis
1040 4838 1177 4883 esse,
1201 4822 1273 4875 ita
1302 4829 1362 4873 ut
1401 4821 1715 4889 superﬁcies
1746 4820 2060 4881 verborum,
2087 4818 2349 4887 corporis,
2386 4834 2577 4872 sensus
2600 4834 2731 4873 vero
2770 4821 2825 4873 in
2856 4821 3039 4875 verbis
3083 4824 3415 4885 reconditus,

194 4918 413 4969 animae
441 4915 511 4967 sit
548 4914 688 4969 loco.
714 4928 874 4980 quem
921 4912 1162 4979 ipsorum
1209 4911 1403 4979 religio
1434 4912 1743 4979 praecipue,
1784 4910 1935 4977 quasi
1974 4924 2069 4975 per
2108 4909 2388 4977 Speculum
2429 4909 2710 4961 nominum
2737 4910 2987 4963 eximiam
3022 4913 3414 4965 sententiarum

198 5005 667 5080 pulchritudinem
712 5006 1045 5059 relucentem
1090 5006 1405 5067 observans,
1435 5006 1791 5072 contemplari
1840 5004 2036 5071 coepit.
2077 5023 2093 5053 ι
2133 5002 2274 5067 Quid
2307 5018 2442 5070 opus
2469 5010 2551 5055 est
2590 5002 2709 5056 istis
2748 5004 3007 5065 adiicere,
3041 5006 3315 5072 quomodo
3360 5010 3415 5061 in

196 5116 370 5154 unum
409 5098 738 5167 congregati,
777 5097 1171 5165 separatimque
1198 5098 1299 5149 viri
1332 5112 1394 5150 ac
1422 5096 1707 5165 separatim
1758 5097 2014 5148 mulieres
2054 5095 2357 5148 conversati
2384 5095 2511 5155 sint,
2540 5103 2593 5147 et
2619 5110 2756 5162 quae
2786 5096 2892 5148 illis
2924 5097 3178 5150 exercitia
3204 5098 3256 5150 in
3281 5114 3416 5152 con-

193 5203 355 5247 sueto
374 5192 611 5253 fuerint;
636 5206 773 5259 quae
802 5190 1097 5243 etiamnum
1128 5188 1269 5257 apud
1298 5204 1396 5243 nos
1424 5189 1641 5251 durant,
1673 5198 1728 5241 et
1756 5188 2043 5256 praecipue
2068 5188 2209 5241 circa
2233 5186 2480 5239 salutaris
2504 5187 2775 5239 Passionis
2797 5186 2991 5240 festum
3027 5188 3167 5241 diem
3196 5189 3248 5241 in
3275 5188 3413 5241 ieiu-

196 5285 308 5337 niis
340 5293 397 5336 et
436 5283 644 5350 vigiliis
679 5281 965 5334 nocturnis
1013 5279 1430 5347 divinorumque
1470 5295 1784 5333 sermonum
1832 5280 2066 5332 lectione
2098 5292 2353 5332 exercere
2400 5278 3075 5342 consuevimus?Quaevir
3100 5280 3411 5347 praedictus

192 5374 391 5427 eodem
433 5373 615 5433 modo,
645 5386 752 5438 quo
784 5374 925 5438 apud
970 5385 1069 5421 nos
1106 5370 1249 5423 solos
1272 5370 1534 5422 hactenus
1569 5376 1695 5422 sunt
1719 5378 1949 5430 servata,
1980 5369 2265 5437 diligenter
2302 5368 2585 5420 annotavit
2614 5377 2669 5420 et
2694 5370 3096 5421 commentariis
3120 5370 3232 5423 suis
3263 5370 3407 5421 inse--

194 5468 330 5527 ruit,
361 5465 679 5533 praesertim
720 5472 1017 5515 nocturnas
1040 5462 1214 5530 magni
1248 5460 1367 5513 festi
1395 5462 1623 5529 vigilias,
1648 5470 1703 5514 et
1734 5461 1927 5512 horum
1952 5461 2228 5521 exercitia,
2254 5474 2375 5512 cum
2406 5460 2617 5529 hymnis
2645 5459 2735 5526 qui
2766 5458 2905 5525 apud
2940 5474 3039 5511 nos
3069 5460 3173 5513 dici
3211 5461 3408 5517 solent.

194 5555 545 5617 describens;
583 5561 638 5605 et
661 5552 930 5620 quomodo
954 5567 1063 5604 uno
1100 5566 1222 5603 cum
1251 5551 1501 5619 rhythmo
1524 5551 1785 5618 psallente
1832 5550 2021 5617 reliqui
2057 5565 2177 5603 cum
2210 5550 2425 5602 silentio
2458 5550 2823 5601 auscultantes
2850 5558 3143 5601 extremam
3184 5550 3385 5619 hymno

195 5663 322 5699 rum
370 5653 581 5714 partem
627 5660 732 5697 una
780 5659 902 5696 cum
947 5643 1039 5696 illo
1084 5641 1421 5695 concinendo
1447 5640 1767 5705 terminent;
1795 5640 2067 5710 quomodo
2107 5639 2270 5692 etiam
2314 5638 2605 5708 praedictis
2634 5637 2825 5690 diebus
2866 5637 3015 5689 humi
3058 5638 3111 5691 in
3154 5643 3409 5706 stragulis

271 5767 286 5793 ¹
333 5762 449 5814 Aet.
475 5776 544 5814 tv.
582 5758 647 5811 52
680 5770 797 5823 sqq.
