4274 6358
819 376 929 434 29³
2078 373 2172 430 JO.
2205 371 2334 428 PlCl
2368 371 2507 427 PRA

2386 371 2755 429 ⁵ΙίΜΞΙῖἌΤΙΟ
3978 384 4074 440 396

819 492 1080 555 iacentes,
1110 491 1300 545 vinum
1331 490 1389 545 in
1431 490 1769 553 universum,
1790 488 1938 544 sicut
1976 490 2114 560 ipsis
2142 488 2329 544 verbis
2360 490 2602 560 scripsit,
2634 491 2780 546 etde
2820 491 3192 550 animantibus
3224 510 3293 549 ne
3318 504 3537 565 gustant
3570 498 3812 568 quidem,
3838 498 3935 554 sed
3962 501 4072 555 sola

816 582 928 638 illis
961 596 1103 652 aqua
1136 588 1327 650 potum
1363 580 1643 650 praebeat,
1665 591 1723 636 et
1742 581 2033 635 obsonium
2058 582 2131 637 sit
2154 581 2311 651 panis
2340 596 2466 636 cum
2490 582 2602 636 sale
2632 594 2691 638 et
2713 584 2965 654 hyssopo.
2995 586 3282 642 Praeterea
3313 589 3527 656 scribit,
3550 606 3662 661 quo
3684 601 3845 661 pacto
3867 597 4074 663 praesi-

813 675 983 731 deant
1002 675 1147 730 inter
1168 688 1268 729 eos
1288 674 1329 729 ii
1348 674 1553 744 quibus
1574 676 1945 731 ecclesiastica
1970 676 2266 731 commissa
2288 686 2420 730 sunt
2450 676 2777 741 ministeria,
2801 676 3124 733 diaconatus
3143 678 3336 745 etiam,
3372 680 3381 751 |
3412 691 3468 737 et
3492 698 3633 752 quae
3658 699 3825 753 supra
3846 685 4075 739 cunctos

812 767 1060 822 eminent
1083 766 1432 837 episcopatus
1446 768 1867 836 praesidentiae.
1891 768 2049 835 Quod
2079 769 2124 823 si
2151 770 2242 825 cui
2261 769 2596 825 desiderium
2629 770 2792 825 inerit
2815 771 2913 826 ista
2935 781 3123 827 exacte
3142 776 3527 845 cognoscendi,
3553 778 3729 832 discat
3751 792 3815 831 ea
3838 794 3906 833 ex
3932 779 4074 833 dicta

813 861 923 917 iam
943 860 1051 917 viri
1072 860 1238 914 huius
1255 860 1507 915 historia.
1523 861 1681 929 Quod
1702 862 1869 933 igitur
1892 862 2052 918 Philo
2076 862 2192 919 illic
2210 864 2279 919 de
2296 863 2489 933 primis
2510 864 2857 934 evangelicae
2877 864 3154 921 doctrinae
3173 869 3539 937 praeconibus
3560 880 3616 925 et
3639 870 3838 925 ritibus
3852 871 3987 927 olim
4007 871 4072 925 ab

818 956 1095 1026 Apostolis
1114 954 1334 1010 traditis
1353 955 1635 1011 disserens
1654 956 1757 1009 ista
1770 956 2078 1026 scripserit,
2091 956 2267 1011 cuivis
2282 956 2633 1011 manifestum
2649 956 3075 1027 est.Singulares
3089 960 3540 1015 anachoretarum
3557 961 3697 1017 vitas
3714 977 3962 1019 summae
3980 977 4073 1017 au-

811 1050 1085 1105 ctoritatis
1108 1050 1166 1103 in
1186 1049 1431 1105 Ecclesia
1453 1049 1561 1102 viri
1580 1049 1955 1118 scripserunt:
1980 1050 2045 1104 D.
2074 1050 2413 1105 Athanasius
2436 1048 2838 1104 Alexandrinae
2870 1050 3025 1105 urbis
3043 1051 3335 1122 episc0pus
3357 1068 3421 1107 ac
3444 1053 3754 1109 Dorotheus
3771 1055 3943 1110 vitam
3964 1056 4070 1109 An-

812 1147 948 1201 tonii
970 1147 1167 1218 magni,
1183 1162 1347 1216 quam
1368 1154 1557 1215 postea
1598 1145 1766 1198 latino
1785 1159 2037 1198 sermone
2056 1146 2282 1201 tradidit
2298 1144 2579 1215 Evagrius;
2603 1145 2665 1199 D.
2690 1144 3055 1216 Hieronymus
3074 1147 3226 1201 Pauli
3254 1147 3577 1214 heremitae,
3591 1148 3883 1205 Hilarionis
3907 1163 4069 1221 atque

809 1241 1009 1299 Malchi
1027 1240 1227 1310 captivi
1248 1238 1530 1302 monachi;
1549 1237 1887 1306 reliquorum
1904 1246 2089 1291 autem
2114 1238 2505 1292 monachorum
2523 1239 2664 1294 vitas
2686 1238 2959 1308 prosecuti
2985 1249 3113 1294 sunt
3128 1239 3511 1296 Theodoretus
3533 1256 3597 1295 ac
3616 1241 3894 1298 Palladius
3912 1244 4069 1299 iustis

810 1334 1209 1396 voluminibus,
1234 1346 1377 1401 quae
1425 1329 1595 1384 latina
1625 1345 1803 1399 nuper
1832 1328 2161 1399 prodierunt
2196 1331 2252 1385 in
2280 1331 2456 1385 lucem
2481 1345 2647 1400 opera
2680 1330 2930 1385 Gentiani
2957 1331 3200 1396 Herveti,
3226 1332 3331 1386 viri
3358 1333 3426 1388 de
3461 1334 3758 1389 christiana
3786 1337 4066 1406 republica

810 1434 951 1489 bene
977 1429 1430 1485 meriti.lstorum
1452 1441 1619 1495 porro
1640 1426 1914 1494 colloquia
1940 1426 1986 1480 si
2012 1426 2135 1495 quis
2152 1425 2446 1491 desideret,
2474 1426 2617 1496 legat
2632 1424 2971 1480 Cassianum.
2991 1426 3060 1479 At
3084 1442 3209 1481 cum
3234 1427 3548 1483 huiusmodi
3587 1430 3839 1485 homines
3856 1447 3957 1501 per
3977 1432 4070 1488 de-

810 1536 956 1581 serta
980 1523 1219 1594 respersi
1240 1522 1517 1589 vitamque
1562 1517 1861 1570 solitariam
1888 1527 2132 1589 agentes,
2157 1518 2259 1572 sibi
2291 1518 2554 1573 duntaxat
2581 1516 2841 1586 prodesse
2869 1518 3206 1584 viderentur,
3263 1528 3318 1575 et
3356 1521 3674 1591 religionem
3714 1522 4064 1579 Christianam

808 1635 1003 1689 parum
1032 1631 1374 1687 promovere,
1395 1613 1630 1670 Basilius
1643 1612 1867 1681 magnus
1883 1610 2181 1666 Caesareae
2199 1610 2570 1680 Cappadociae
2590 1609 2901 1678 episcopus,
2923 1618 2981 1663 ut
3004 1611 3081 1663 ait
3102 1611 3485 1666 Nazianzenus
3509 1613 3566 1666 in
3593 1613 3710 1668 Vita
3733 1615 3942 1678 Basilii,
3966 1617 4062 1672 de-

809 1713 964 1768 duxit
984 1724 1082 1765 eos
1105 1708 1175 1763 ad
1203 1708 1454 1763 civitates
1471 1714 1530 1763 et
1547 1707 1767 1778 oppida,
1783 1713 1843 1759 ut
1863 1705 1933 1759 ab
1955 1705 2043 1758 his
2061 1703 2295 1774 populus
2315 1703 2426 1757 Deo
2445 1711 2648 1773 gratam
2672 1703 2890 1757 vivendi
2908 1704 3173 1757 rationem
3194 1720 3255 1759 ac
3271 1705 3479 1759 cultum
3503 1706 3749 1763 divinum
3771 1708 4061 1768 edisceret.

809 1801 996 1872 Itaque
1018 1800 1269 1871 Gregorii
1294 1797 1629 1854 Nazianzeni
1652 1797 1823 1852 verba
1844 1794 1929 1867 (α)
1947 1795 2223 1851 subiicere
2255 1808 2363 1848 non
2398 1793 2734 1863 poenitebit:
2771 1812 2789 1845 ι
2816 1794 2886 1849 Ut
2917 1801 3122 1858 autem,
3153 1813 3170 1844 ι
3200 1795 3295 1860 ait,
3338 1816 3355 1847 ι
3382 1813 3492 1851 non
3519 1800 3694 1852 solum
3714 1801 3840 1865 sibi,
3881 1803 3978 1858 sed
4007 1810 4066 1857 et

806 1898 932 1953 aliis
953 1912 1170 1967 quoque
1204 1892 1517 1965 proﬁceret,
1543 1893 1756 1963 primus
1774 1890 2039 1947 coenobia
2081 1890 2431 1961 excogitavit,
2457 1890 2731 1959 ritumque
2755 1889 2911 1943 illum
2935 1889 3328 1943 monachorum
3373 1893 3659 1961 antiquum
3708 1903 3873 1966 atque
3910 1912 4063 1968 agre-

809 2001 947 2048 stem
967 1991 1035 2045 ad
1054 1988 1308 2043 ordinem
1326 1987 1603 2058 quendam
1626 1985 2028 2056 formulamque
2049 1982 2299 2055 religioni
2324 1984 2638 2052 propiorem
2659 1982 2892 2038 reduxit.
2918 1980 3055 2037 Cum
3084 1981 3229 2036 enim
3274 1982 3768 2052 animadvertisset,
3808 2004 3925 2056 eos,
3970 1999 4063 2062 qui

808 2084 867 2139 in
890 2083 1169 2140 communi
1193 2082 1329 2147 vita,
1351 2083 1459 2137 hoc
1478 2091 1585 2147 est,
1615 2082 1761 2137 inter
1779 2082 1918 2135 alios
1936 2079 2150 2134 mixtim
2180 2086 2367 2148 agunt,
2408 2092 2497 2131 mo
2530 2076 2539 2148 Ι
2571 2078 2835 2133 nasticam
2855 2077 2985 2131 licet
3004 2076 3393 2131 abstinentiam
3417 2090 3659 2144 servent,
3682 2082 3805 2137 aliis
3839 2085 4063 2154 quidem

809 2182 990 2245 utiles,
1035 2180 1142 2234 sibi
1183 2194 1316 2234 vero
1356 2193 1704 2247 nequaquam
1744 2177 2003 2239 existere,
2041 2189 2167 2229 cum
2201 2172 2259 2226 in
2299 2171 2488 2225 multis
2526 2185 2622 2224 eos
2644 2185 2866 2225 necesse
2898 2169 2970 2223 sit
2992 2170 3202 2223 versari
3230 2169 3387 2223 malis
3409 2186 3550 2239 quae
3572 2172 3715 2228 vitae
3736 2176 3957 2244 quietae
3991 2194 4057 2234 ac

806 2273 967 2343 plane
984 2271 1259 2342 perfectae
1289 2268 1567 2325 contraria
1589 2267 1872 2331 videntur,
1894 2280 1989 2320 eos
2006 2279 2159 2328 vero,
2191 2262 2286 2331 qui
2315 2261 2371 2314 in
2391 2260 2685 2315 solitudine
2708 2259 2903 2329 procul
2925 2259 2993 2313 ab
3011 2258 3133 2313 aliis
3160 2270 3349 2329 agunt,
3384 2260 3656 2317 ﬁrmiores
3694 2280 3827 2321 sane
3859 2285 4061 2338 propo-

808 2369 913 2423 sito
930 2368 1208 2437 magisque
1225 2366 1339 2420 Deo
1358 2364 1683 2419 coniunctos
1706 2376 1872 2432 quam
1908 2358 2248 2429 supradictos
2266 2356 2424 2419 vidit,
2447 2365 2683 2410 attamen
2715 2355 2819 2410 sibi
2856 2364 3067 2409 tantum
3094 2354 3279 2418 utiles,
3310 2370 3434 2409 cum
3460 2371 3644 2411 rerum
3669 2356 4062 2429 experientiam

809 2476 1154 2531 nequaquam
1184 2470 1430 2525 teneant,
1449 2475 1553 2513 nec
1574 2473 1700 2512 cum
1726 2458 1849 2511 aliis
1887 2454 2278 2510 commercium
2314 2453 2487 2507 ullum
2525 2452 2783 2517 habeant,
2818 2461 3112 2521 utrumque
3141 2450 3285 2505 vitae
3318 2467 3491 2522 genus
3519 2455 3855 2525 coniungere
3895 2474 4058 2513 cona-

810 2563 898 2608 tus
919 2562 1023 2607 est.
1046 2551 1418 2619 Quamobrem
1441 2550 1841 2605 monachorum
1870 2548 2137 2603 coenobia
2178 2545 2324 2601 haud
2349 2545 2537 2614 procul
2564 2546 2634 2599 ab
2661 2546 2749 2609 iis,
2782 2544 2875 2614 qui
2918 2546 2975 2600 in
3013 2544 3299 2599 hominum
3334 2545 3595 2601 societate
3633 2549 3845 2613 vivunt.
3877 2552 4064 2606 aedili-

807 2645 921 2701 cari
952 2644 1129 2710 iussit,
1150 2660 1254 2699 nec
1266 2644 1492 2698 omnino
1506 2644 1799 2712 separavit,
1828 2650 1891 2696 ut
1910 2650 1968 2697 et
1991 2640 2419 2712 propinquitate,
2445 2654 2569 2692 cum
2602 2653 2740 2708 opus
2763 2638 3046 2693 charitatis
3068 2647 3409 2708 exposceret,
3434 2639 3624 2695 adesse
3645 2644 3915 2708 valerent,
3939 2645 4054 2700 dis-

809 2737 899 2791 siti
922 2735 1126 2805 alioqui
1152 2735 1389 2805 propriis
1415 2734 1690 2799 terminis,
1718 2748 1789 2787 ne
1829 2732 1988 2802 quies
2034 2747 2227 2786 eorum
2260 2741 2355 2785 aut
2385 2746 2491 2800 pax
2525 2731 2847 2799 interrumpi
2881 2746 2981 2799 per
3005 2730 3415 2788 multitudinem
3444 2743 3652 2802 posset,
3675 2751 3779 2790 nec
3810 2736 3912 2805 ipsi
3942 2753 4062 2791 mo-

808 2831 969 2887 nachi
994 2832 1226 2887 actionis
1250 2830 1470 2895 merito,
1490 2829 1637 2900 quod
1658 2845 1727 2883 ex
1752 2828 2116 2899 impendenda
2138 2828 2261 2881 aliis
2290 2828 2491 2896 pietate
2528 2836 2693 2891 esset,
2731 2825 3101 2896 privarentur,
3140 2841 3320 2895 neque
3358 2843 3549 2882 rursus
3581 2844 3774 2883 eorum
3798 2831 3941 2885 actio
3967 2846 4065 2902 per

810 2925 1075 2980 tumultus
1100 2924 1314 2978 inutilis
1330 2921 1660 2987 eﬂiceretur,
1690 2930 1749 2976 et
1772 2908 1911 2975 alter
1933 2921 2165 2976 alterum
2198 2919 2304 2973 hoc
2327 2918 2487 2971 modo
2521 2918 2711 2972 iuvare
2744 2927 2948 2987 posset,
2969 2926 3028 2972 et
3058 2918 3452 2971 monachorum
3476 2920 3589 2973 vita
3622 2936 3725 2990 per
3759 2937 4057 2977 conversa-

808 3020 1013 3076 tionem
1037 3032 1250 3085 eorum,
1297 3017 1471 3088 quiin
1499 3018 1777 3073 communi
1821 3025 2009 3088 agunt,
2039 3016 2130 3087 pia
2168 3014 2344 3079 ﬁeret,
2371 3023 2425 3069 et
2456 3014 2555 3083 ipsi
2588 3030 2656 3067 ex
2682 3014 2966 3070 monachis
2989 3014 3256 3084 quietem,
3303 3017 3686 3081 constantiam,
3714 3020 4061 3090 sapientiam,

808 3115 1316 3184 contemplationem
1328 3114 1658 3178 ediscerent,
1673 3112 2132 3183 quemadmodum
2157 3111 2316 3165 tellus
2338 3127 2401 3164 ac
2425 3119 2625 3180 pontus
2652 3110 2885 3164 invicem
2911 3125 2967 3164 se
2992 3110 3187 3164 iuvant
3209 3126 3271 3164 ac
3294 3112 3659 3181 suscipiunt.)
3684 3114 3794 3170 Hos
3814 3134 3946 3189 ergo
3972 3120 4064 3174 ubi

808 3207 1075 3276 coegisset
1092 3206 1327 3260 Basilius
1352 3205 1413 3259 in
1442 3204 1628 3269 urbes,
1656 3218 1722 3258 ac
1750 3218 1782 3257 e
1804 3202 2086 3256 monachis
2106 3210 2163 3256 et
2210 3201 2555 3255 anachoretis
2588 3200 2904 3255 coenobitas
2924 3200 3219 3265 eﬁecisset,
3245 3202 3462 3256 vivendi
3494 3206 3739 3275 regulam
3769 3208 4067 3281 Evangelio

807 3310 1235 3356 consentaneam
1254 3300 1364 3355 illis
1388 3299 1735 3369 conscripsit,
1763 3314 1925 3366 quam
1946 3307 2003 3351 et
2031 3298 2087 3350 in
2120 3296 2309 3367 precio
2345 3295 2632 3359 habemus,
2673 3305 2729 3349 et
2758 3294 2924 3350 totius
2952 3293 3214 3350 Graeciae
3238 3298 3489 3351 monachi
3513 3298 3776 3357 hactenus
3804 3304 4063 3358 observa-

811 3401 940 3448 runt
965 3394 1130 3463 atque
1150 3393 1373 3450 reveriti
1394 3401 1542 3456 sunt,
1568 3389 2027 3461 quemadmodum
2047 3400 2104 3444 et
2122 3387 2300 3444 Latini
2323 3397 2593 3457 sumptam
2626 3387 2753 3441 inde
2776 3388 3018 3458 regulam
3057 3387 3340 3443 beatorum
3364 3391 3699 3465 Hieronymi,
3751 3396 4064 3466 Augustini,

806 3488 1108 3555 Benedicti,
1146 3488 1418 3543 Dominici
1439 3528 1456 3553 ,
1499 3487 1808 3549 Francisci,
1836 3485 2123 3549 Bernardi,
2144 3501 2209 3538 ac
2230 3484 2589 3552 reliquorum.
2634 3482 2891 3537 Ceterum
2947 3497 3018 3536 ne
3054 3484 3220 3538 variis
3246 3485 3665 3554 allegationibus
3697 3489 3908 3545 obruen
3944 3492 3951 3561 |
3986 3502 4067 3545 tes

814 3580 1048 3636 lectoris
1088 3580 1331 3635 animum
1379 3578 1644 3650 epistolae
1677 3577 1900 3631 modum
1948 3575 2297 3637 excedamus,
2341 3572 2690 3645 institutique
2714 3575 2888 3630 nostri
2924 3572 3210 3627 videamur
3237 3573 3417 3640 obliti,
3444 3575 3582 3631 duos
3607 3577 3773 3634 fuisse
3800 3580 4067 3636 Macarios

810 3680 1080 3727 testantur
1103 3672 1380 3728 Palladius
1398 3687 1462 3726 ac
1482 3669 1825 3739 Nicephorus
1846 3668 1950 3739 (ὁ),
1976 3667 2211 3721 alterum
2236 3664 2663 3720 Alexandrinum
2686 3681 2907 3739 genere,
2933 3664 3027 3736 qui
3052 3664 3181 3718 licet
3205 3664 3389 3722 iunior
3414 3671 3469 3723 in
3496 3670 3583 3732 iis,
3621 3686 3762 3740 quae
3793 3683 3922 3726 sunt
3943 3688 4062 3727 mo-

810 3772 1108 3828 nachorum
1130 3769 1445 3840 praecipua,
1468 3769 1671 3839 primas
1694 3764 1996 3827 obtinebat,
2018 3762 2255 3817 alterum
2278 3761 2625 3832 Aegyptium,
2652 3771 2829 3817 aetate
2850 3761 3315 3830 grandiorem,qui
3344 3762 3441 3815 has
3462 3763 3604 3833 ipsas
3632 3783 3823 3837 graece
3845 3769 4065 3837 scripsit

811 3867 1096 3930 Homilias,
1135 3878 1274 3932 quas
1308 3864 1367 3916 in
1388 3863 1621 3916 latinum
1650 3873 1960 3915 sermonem
1985 3858 2382 3911 transtulimus.
2417 3858 2519 3912 Hic
2542 3858 2837 3927 nonaginta
2865 3856 3002 3909 vixit
3023 3872 3197 3911 annos
3223 3858 3487 3928 integros,
3511 3876 3745 3929 quorum
3779 3868 4061 3937 sexaginta

810 3957 1076 4028 transegit
1108 3955 1167 4009 in
1191 3952 1513 4008 solitudine.
1540 3952 1733 4021 Itaque
1762 3958 1926 4004 natus
1952 3962 2125 4002 annos
2152 3947 2392 4017 triginta,
2418 3955 2475 4001 et
2505 3946 2560 3999 in
2590 3946 2815 4000 iuvenili
2847 3946 3178 4003 constitutus
3203 3956 3400 4012 aetate,
3441 3958 3550 4004 tam
3590 3954 3890 4011 toleranter
3935 3964 4061 4018 tulit

807 4058 1026 4114 labores
1055 4049 1465 4108 exercitationis
1498 4056 1671 4103 totum
1700 4044 2050 4107 decennium,
2089 4050 2151 4096 ut
2191 4058 2385 4113 magna
2408 4042 2641 4112 quadam
2665 4050 2721 4095 et
2746 4040 2946 4111 insigni
2972 4042 3171 4111 dignus
3195 4043 3495 4097 haberetur
3527 4044 3901 4117 distinctione,
3920 4056 4060 4111 adeo

810 4156 869 4203 ut
899 4156 1184 4202 vocaretur
1214 4140 1677 4214 παιδαριογέρων,
1728 4137 1786 4192 id
1816 4144 1923 4200 est,
1947 4136 2004 4188 in
2039 4135 2235 4204 puerili
2262 4143 2441 4189 aetate
2476 4150 2661 4199 senex,
2703 4134 2963 4204 quoniam
2989 4135 3155 4189 citius
3193 4151 3355 4204 quam
3405 4153 3506 4207 pro
3546 4149 3721 4197 aetate
3753 4146 4059 4213 profecerat

807 4239 1123 4296 virtutibus.
1165 4234 1533 4304 Quadraginta
1563 4246 1735 4285 annos
1761 4237 1922 4283 natus
1944 4236 2267 4297 potestatem
2306 4227 2516 4295 accepit
2551 4228 2814 4283 adversus
2845 4229 3158 4293 daemonas,
3187 4230 3416 4299 gratiam
3452 4231 3582 4286 item
3621 4238 3869 4304 curandi,
3896 4244 4063 4312 spiri.

809 4342 1037 4400 tumque
1078 4324 1430 4398 praedicendi
1468 4323 1674 4377 futura.
1713 4322 1919 4391 Dignus
1953 4334 2173 4389 quoque
2192 4327 2278 4373 est
2318 4320 2535 4373 habitus
2576 4320 2896 4375 honorando
2950 4322 3276 4376 sacerdotio.
3324 4322 3651 4382 Habitarunt
3680 4344 3807 4385 cum
3840 4349 3909 4389 eo
3946 4336 4059 4392 duo

807 4423 1065 4493 discipuli
1098 4422 1156 4475 in
1187 4420 1383 4474 intima
1409 4416 1710 4473 solitudine
1744 4430 1886 4485 quae
1917 4422 2144 4469 vocatur
2173 4413 2351 4469 Scete.
2385 4413 2626 4480 Quorum
2660 4432 2803 4470 unus
2825 4416 3072 4486 quidem,
3116 4418 3267 4471 velut
3293 4419 3563 4487 minister,
3608 4424 3688 4478 illi
3718 4441 3937 4498 semper
3972 4447 4059 4485 as.

807 4521 1025 4577 sidehat
1052 4531 1245 4572 eorum
1286 4514 1461 4585 gratia
1493 4512 1589 4582 qui
1613 4510 1910 4566 veniebant
1951 4508 2203 4573 curandi,
2229 4510 2364 4563 alter
2402 4517 2585 4562 autem
2611 4524 2855 4564 seorsum
2902 4511 3193 4566 secedebat
3229 4513 3284 4567 in
3323 4513 3536 4569 cellam.
3563 4516 3901 4579 Procedente
3926 4542 4057 4582 νει-ο

807 4625 1054 4685 tempore
1080 4602 1208 4667 cum
1249 4617 1472 4665 sanctus
1518 4605 1821 4677 perspicaci
1844 4604 2006 4658 oculo
2037 4601 2419 4672 praevidisset,
2448 4602 2584 4656 dixit
2608 4602 2857 4658 ministro
2884 4618 2984 4657 suo
3028 4607 3250 4662 nomine
3280 4610 3498 4678 Joanni,
3533 4614 3625 4682 qui
3654 4625 3844 4683 postea
3879 4619 4060 4675 factus

808 4710 1093 4781 presbyter
1114 4705 1380 4761 suﬁ‘ectus
1399 4711 1486 4758 est
1509 4702 1566 4757 in
1586 4702 1768 4756 locum
1795 4700 2014 4755 Macarii
2041 4716 2056 4751 :
2083 4698 2254 4761 Audi,
2304 4698 2379 4751 mi
2417 4696 2586 4751 frater
2610 4698 2866 4763 Joannes,
2899 4713 3187 4772 meamque
3212 4705 3295 4759 fer
3320 4722 3496 4777 aequo
3518 4711 3700 4765 animo
3722 4714 4057 4773 admonitio.

807 4819 934 4858 nem
979 4802 1081 4857 tibi
1116 4800 1278 4854 valde
1315 4797 1680 4877 profuturam.
1727 4795 1984 4849 Tentaris
2013 4792 2185 4853 enim,
2213 4791 2409 4859 inquit,
2446 4798 2574 4845 ette
2611 4800 2783 4847 tentat
2814 4794 3037 4863 spiritus
3067 4798 3359 4865 avaritiae;
3402 4802 3481 4855 sic
3518 4804 3665 4857 enim
3710 4819 4060 4877 perspectum

808 4897 1027 4960 habeo;
1063 4896 1177 4949 scio
1203 4902 1409 4956 tamen,
1440 4892 1487 4945 si
1515 4905 1695 4945 meam
1736 4889 1970 4959 benigne
2013 4888 2208 4943 tuleris
2240 4888 2698 4948 adhortationem,
2723 4896 2775 4941 te
2802 4886 3106 4955 perfectum
3128 4889 3244 4946 fore
3291 4894 3348 4947 in
3370 4895 3466 4949 Dei
3492 4896 3687 4953 timore
3725 4908 3893 4970 atque
3939 4907 4061 4962 eius

808 5003 997 5056 opere,
1018 4986 1460 5054 Iaudaberisque,
1477 4990 1533 5037 et
1563 4983 1573 5052 |
1603 4981 1875 5052 ﬂagellum
1898 4996 2005 5035 non
2031 4979 2490 5049 appropinquabit
2514 4979 2865 5034 tabernaculo
2880 4991 2991 5035 tuo.
3007 4982 3162 5048 Quod
3184 4985 3228 5038 si
3256 5002 3363 5041 non
3384 4990 3646 5057 audieris,
3662 4993 3715 5046 in
3739 5001 3790 5047 te
3810 4999 4057 5061 venient,

809 5096 951 5152 quae
966 5081 1117 5137 Giezi
1138 5080 1359 5135 tandem
1377 5077 1724 5141 acciderunt,
1746 5076 1908 5131 cuius
1919 5076 2054 5130 vitio
2078 5075 2317 5129 laboras.
2333 5074 2571 5146 Contigit
2590 5090 2775 5145 porro,
2808 5084 2868 5130 ut
2891 5077 3149 5134 defuncto
3173 5082 3405 5138 Macario
3426 5102 3536 5140 non
3570 5091 3833 5156 paruerit,
3859 5094 3958 5148 sed
3983 5096 4056 5157 ei,

810 5173 903 5246 qui
952 5180 1177 5244 propter
1222 5170 1508 5225 avaritiam
1554 5167 1797 5239 alligavit
1838 5166 2010 5222 Judae
2050 5166 2332 5235 laqueum.
2368 5165 2579 5235 Elapsis
2618 5166 2801 5236 itaque
2830 5168 3141 5236 quindecim
3183 5181 3277 5226 aut
3307 5175 3496 5244 viginti
3549 5179 3725 5245 annis,
3759 5196 3883 5235 cum
3915 5184 4057 5239 bona

812 5283 1114 5341 pauperum
1153 5276 1490 5335 usurpasset,
1522 5273 1634 5319 tam
1681 5262 1832 5334 gravi
1877 5261 2149 5316 laboravit
2168 5261 2498 5332 elephantis,
2528 5269 2589 5315 ut
2620 5260 2675 5314 in
2720 5270 2834 5316 toto
2883 5263 3005 5318 eius
3032 5279 3263 5335 corpore
3314 5283 3425 5323 non
3456 5270 3797 5327 inveniretur
3843 5275 4060 5348 integer

812 5366 986 5427 locus,
1012 5362 1069 5416 in
1090 5376 1203 5431 quo
1225 5362 1352 5429 quis
1378 5358 1609 5429 digitum
1631 5358 1797 5428 ﬁgere
1816 5365 2020 5427 posset.
2052 5357 2200 5412 Haec
2228 5357 2333 5413 fuit
2351 5358 2564 5413 Macarii
2584 5358 2887 5428 prophetia.
2912 5358 3214 5413 Ferebatur
3252 5360 3343 5415 hic
3362 5373 3584 5419 sanctus
3608 5368 3719 5435 pati
3762 5372 4055 5426 continen-

816 5469 925 5513 tem
962 5458 1221 5520 ecstasin,
1272 5456 1599 5525 saepiusque
1642 5454 1726 5509 vel
1765 5471 1888 5508 cum
1934 5455 2067 5529 Deo,
2091 5454 2177 5508 vel
2207 5455 2263 5507 in
2290 5454 2453 5507 rebus
2485 5455 2690 5508 versari
2740 5453 3087 5509 caelestibus.
3137 5456 3299 5511 Fama
3323 5459 3488 5513 etiam
3528 5472 3783 5518 constans
3808 5478 3947 5531 erat,
3998 5469 4054 5521 in

812 5546 1107 5603 solitudine
1150 5548 1305 5601 illum
1342 5548 1635 5601 suscitasse
1676 5556 1975 5609 mortuum,
2000 5554 2062 5599 ut
2089 5545 2444 5615 persuaderet
2486 5546 2702 5600 cuidam
2733 5546 3015 5600 haeretico
3036 5551 3255 5619 neganti
3288 5556 3762 5613 resurrectionem.
3795 5558 4051 5631 Reliqua,

2377 5658 2624 5714 NOTAE.

910 5732 963 5797 α)
997 5734 1075 5786 Ex
1113 5732 1367 5785 monodia
1394 5730 1555 5799 Crcg.
1590 5731 1918 5785 Nazianzeni
1947 5732 1999 5784 in
2035 5732 2198 5784 vitam
2230 5730 2431 5784 Basilii.

910 5734 963 5797 α)
997 5734 1075 5786 Ex
1113 5734 1367 5785 monodia
1394 5734 1555 5799 Crcg.
1590 5734 1918 5785 Nazianzeni
1947 5734 1999 5784 in
2035 5734 2198 5784 vitam
2231 5734 2431 5784 Basilii.

885 5734 964 5873 29)
994 5803 1195 5857 Pailad.
1226 5803 1280 5855 in
1306 5802 1544 5856 Historia
1574 5802 1794 5855 Patrum
1826 5818 1943 5870 cap.
1982 5802 2065 5865 19,
2098 5800 2200 5863 20;
2233 5800 2458 5869 Niceph.
2492 5800 2629 5853 Hist.
2664 5800 2811 5855 Eccl.
2844 5802 2938 5855 lib.
2972 5820 3020 5856 ix
3054 5820 3168 5873 cap.
3207 5806 3287 5857 Η.
