4274 6358
245 379 355 436 297
1009 384 1101 437 AD
1154 382 1548 438 VERSIONEM
1597 383 1755 439 LAT.
1801 385 1965 441 HOM.
2003 386 2059 443 S.
2101 387 2385 446 MACARII
2423 391 2761 449 AEGYPTII.
3391 405 3504 465 298

246 509 389 563 quae
399 494 588 551 divino
603 496 871 552 beneﬁcio
887 505 1039 569 gesta
1060 510 1191 555 sunt
1206 500 1375 564 abeo,
1403 500 1636 571 petenda
1659 509 1787 556 sunt
1804 517 1835 557 e
1857 503 2116 559 Palladio.
2136 504 2371 575 Spiritus
2399 507 2563 579 igitur
2588 510 2827 575 divinus,
2851 512 2944 581 qui
2962 512 3174 583 vigebat
3192 515 3246 570 in
3266 517 3502 576 Macario

246 595 458 651 nostro,
480 603 591 644 non
619 589 798 659 potuit
824 590 1033 645 otiosus
1055 606 1196 656 esse,
1214 592 1348 662 quin
1371 607 1469 662 per
1482 607 1610 649 eum
1637 592 1879 651 fructum
1910 596 2147 666 aliquem
2176 597 2387 665 ederet,
2411 600 2704 672 eﬂ‘ecitque
2735 611 2794 658 ut
2829 604 2923 674 qui
2943 607 3325 666 consodalibus
3354 612 3500 667 dun-

245 690 397 736 taxat
416 684 701 740 monachis
717 686 967 756 exemplo
990 687 1269 756 proderat,
1320 689 1539 758 scriptis
1561 688 1628 743 ad
1651 697 1901 759 posteros
1934 693 2269 748 transmissis
2298 696 2558 752 omnibus
2586 699 2891 768 prodesset.
2918 699 2961 754 E
2989 700 3191 771 quibus
3220 704 3495 775 quinqua-

243 776 395 844 ginta
410 778 587 833 solum
604 778 856 835 homilias
876 795 1067 849 graece
1105 780 1338 852 scriptas
1356 782 1667 851 accepimus
1685 798 1717 838 e
1740 782 2077 841 Bibliotheca
2109 785 2296 857 Regia.
2319 788 2464 855 Quas
2500 805 2627 845 cum
2662 793 2904 862 legentes
2942 793 3499 851 animadverteremus

242 886 356 924 non
379 880 590 925 tantum
618 872 899 927 monachis
928 880 984 927 et
1004 873 1345 944 religionem,
1372 873 1519 944 quod
1544 874 1720 940 aiunt,
1746 875 2150 945 proﬁtentibus,
2174 880 2268 933 sed
2288 880 2600 953 cuicunque
2622 884 2922 940 christiano
2937 886 3127 942 lectori
3154 889 3492 959 profuturas,

245 975 361 1017 tum
383 964 533 1033 quod
556 964 816 1019 afﬂictum
837 980 901 1019 ac
920 972 1258 1021 moerentem
1282 966 1440 1021 valde
1457 967 1701 1022 solantur
1722 966 1986 1035 animum,
2014 984 2249 1040 eumque
2270 988 2301 1027 a
2331 976 2490 1045 nugis
2514 975 2765 1032 futilibus
2786 979 2958 1036 huius
2985 982 3175 1036 mundi
3203 983 3501 1041 traducunt

241 1060 310 1114 ad
334 1061 574 1127 caelum,
603 1070 718 1115 tum
762 1061 908 1130 quod
932 1061 1073 1118 bene
1106 1062 1374 1134 beateque
1417 1063 1637 1119 vivendi
1661 1078 1910 1120 normam
1949 1067 2245 1136 Evangelio
2270 1072 2690 1127 convenientem
2717 1075 3121 1143 praescribunt,
3155 1076 3211 1131 in
3261 1078 3498 1133 latinum

242 1170 555 1210 sermonem
600 1158 989 1223 convertimus,
1022 1160 1247 1215 cuilibet
1273 1160 1526 1216 homiliae
1554 1171 1874 1232 argumento
1896 1163 2050 1218 brevi
2084 1165 2345 1234 praeﬁxo,
2380 1168 2524 1223 unde
2548 1169 2837 1225 confestim
2869 1172 2879 1243 |
2909 1184 3171 1243 emergat,
3194 1174 3328 1244 quid
3358 1190 3495 1228 una-

240 1266 496 1321 quaeque
527 1253 822 1308 contineat.
852 1253 962 1309 Has
990 1255 1135 1325 ipsas
1166 1256 1462 1326 impressas
1486 1272 1684 1327 graece
1704 1257 2004 1328 latineque,
2033 1261 2192 1317 vobis
2229 1244 2415 1317 animo
2436 1276 2590 1333 grato
2624 1268 2962 1337 suscepturis
2983 1268 3273 1333 mittimus,
3299 1268 3495 1340 siquid

242 1348 442 1403 melius
471 1349 705 1404 allatura
737 1350 808 1405 sit
834 1358 1145 1421 temporum
1180 1354 1572 1423 tranquillitas,
1605 1353 1859 1422 protinus
1883 1354 2163 1412 emissuri.
2194 1357 2383 1421 Valete
2410 1359 2730 1428 plurimum,
2766 1361 3047 1432 Deumque
3078 1361 3403 1431 precemiui.
3433 1367 3495 1415 ut

240 1443 446 1499 nostris
484 1443 661 1499 faveat
681 1445 750 1499 ad
787 1447 1015 1517 gloriam
1043 1446 1165 1501 eius
1191 1447 1462 1518 susceptis
1488 1446 1754 1502 consiliis.

514 1578 743 1629 Lutetiae
763 1580 958 1631 Calend.
986 1581 1097 1633 Maii
1122 1582 1385 1633 [ωλι.

1146 1850 1502 1912 JOANNIS
1552 1848 1661 1911 DA
1674 1847 1830 1910 VAL
1886 1848 2214 1911 TBEPOR
2228 1847 2595 1910 TUENSIS

1030 1992 1330 2039 DOCTORIS
1361 1989 1674 2037 THEOLOGI
1710 1989 1779 2036 IN
1820 1990 2075 2035 LAUDEM
2112 1991 2176 2033 D.
2224 1989 2345 2034 PICI
2385 1988 2709 2036 PRAESIDIS

1621 2075 2126 2132 HEXASTICHON.

1043 2191 1157 2259 Quo
1187 2192 1460 2256 celebrem,
1492 2191 1714 2258 Macari,
1747 2191 1962 2247 donabis
1994 2207 2209 2245 munere
2236 2190 2442 2257 Picum,

1111 2262 1214 2335 Qui
1248 2263 1525 2335 splendore
1550 2279 1644 2317 suo
1674 2264 1926 2335 candidat
1953 2262 2295 2335 AethiOpem?

1044 2332 1249 2389 Silenos
1278 2332 1492 2405 aperit,
1535 2336 1713 2389 miscet
1754 2332 1914 2405 simul
1948 2332 2080 2387 utile
2121 2332 2297 2397 dulci,

1110 2403 1419 2486 .tiltquensuis
1447 2406 1674 2486 Graecas
1702 2403 1959 2486 unguibus
1979 2412 2135 2486 auget
2161 2406 2318 2473 apes?

1038 2471 1307 2528 Pelle'sub
1337 2476 1557 2529 obscura
1594 2471 2017 2528 celasti'clausus
2053 2471 2271 2539 odores;

1112 2545 1181 2599 At
1209 2545 1381 2599 celata
1413 2547 1504 2599 diu
1541 2545 1692 2599 Picus
1722 2551 1909 2614 aperta
1938 2544 2082 2613 facit.

1642 2730 1649 2797 |
1687 2729 1773 2787 De
1808 2727 2141 2789 Macariis.

1762 2848 1798 2896 E
1824 2845 1993 2897 Suida.

302 2957 420 3011 Duo
458 2957 683 3013 fuerunt
720 2957 940 3013 Macarii
979 2957 1227 3012 eiusdem
1263 2957 1499 3012 nominis
1525 2973 1589 3012 ac
1622 2956 1958 3027 professione
1994 2958 2228 3013 ascetica
2260 2957 2519 3027 insignes,
2553 2956 2685 3020 vita,
2720 2955 2997 3020 moribus,
3037 2955 3304 3009 doctrina.
3346 2955 3495 3011 Alter

224 3050 548 3121 Aegyptius,
584 3053 862 3108 miraculis
888 3054 1070 3109 clarus
1092 3069 1155 3108 ac
1188 3069 1313 3109 cum
1338 3053 1589 3123 religiosa
1616 3054 1871 3109 cautione
1910 3054 1967 3107 in
1992 3068 2089 3107 eos
2125 3053 2219 3123 qui
2260 3070 2318 3107 se
2365 3054 2764 3108 conveniebant
2801 3066 3027 3107 severus
3054 3070 3067 3105 :
3100 3052 3235 3105 alter
3257 3051 3477 3105 Alexan-

225 3145 447 3212 drinus,
474 3164 573 3217 per
595 3150 775 3203 omnia
803 3150 998 3204 similis
1021 3149 1307 3221 Aegyptio,
1340 3164 1554 3205 necnon
1599 3150 1773 3205 comis
1794 3159 1851 3205 et
1880 3149 2142 3216 festivus;
2174 3152 2229 3205 in
2255 3166 2349 3205 eos
2384 3150 2476 3220 qui
2505 3150 2571 3204 ad
2610 3165 2669 3204 se
2693 3150 2988 3205 veniebant
3016 3148 3090 3202 ita
3114 3148 3387 3203 humanus
3431 3160 3497 3202 ac

225 3232 466 3290 blandus
491 3236 581 3291 hic
604 3247 743 3303 erat,
770 3247 829 3292 ut
857 3254 922 3293 ea
944 3237 1238 3293 festivitate
1259 3240 1491 3309 juvenes
1522 3238 1590 3293 ad
1615 3239 1906 3293 asceticam
1933 3240 2100 3293 vitam
2133 3240 2432 3311 pelliceret.
2464 3239 2668 3293 Horum
2716 3240 2981 3310 Evagrius
3030 3240 3335 3310 discipulus
3366 3238 3487 3300 fuit,

223 3342 290 3381 ac
312 3327 473 3385 factis
497 3331 897 3401 philosophiam
923 3334 1173 3389 exercuit
1198 3334 1291 3403 qui
1322 3334 1506 3388 verbis
1532 3333 1792 3389 duntaxat
1819 3335 1972 3404 prius
2005 3336 2512 3405 philosophabatur.
2542 3336 2691 3390 idem
2717 3335 3187 3405 Constantinopoli
3228 3351 3259 3390 a
3282 3336 3488 3405 Grego-

224 3421 312 3474 rio
340 3422 619 3495 Theologo
646 3425 1003 3481 diaconorum
1030 3426 1213 3481 ordini
1239 3425 1551 3495 adscriptus
1572 3435 1682 3491 est;
1712 3426 1845 3495 quin
1882 3426 2046 3481 etiam
2086 3428 2141 3481 in
2164 3427 2468 3498 Aegyptum
2494 3428 2771 3497 profectus
2811 3444 2875 3483 ac
2909 3444 3033 3484 cum
3072 3428 3322 3484 Macariis
3351 3442 3489 3496 quos

226 3516 341 3571 dixi
366 3516 672 3571 collocutus
708 3518 873 3570 vitam
902 3517 1121 3571 illorum
1159 3518 1465 3572 aemulatus
1490 3526 1592 3571 est.
1630 3516 1713 3571 Ab
1751 3518 1855 3572 hoc
1890 3518 2019 3572 libri
2044 3518 2203 3573 valde
2244 3534 2436 3588 graves
2470 3535 2533 3573 ac
2575 3520 2705 3575 serii
2743 3521 3038 3590 conscripti
3071 3528 3216 3575 sunt.
3245 3518 3486 3585 Quorum

224 3628 374 3666 unus
402 3608 687 3663 Monachus
714 3611 827 3663 sive
853 3609 920 3664 de
948 3610 1059 3663 vita
1082 3610 1255 3664 activa
1282 3609 1576 3679 inscriptus
1603 3617 1719 3676 est;
1748 3610 1886 3665 alter
1917 3610 2185 3667 Gnosticus
2224 3612 2336 3666 sive
2372 3610 2441 3666 de
2480 3611 2547 3667 iis
2580 3613 2673 3682 qui
2698 3613 3025 3683 cognitionis
3046 3628 3275 3667 munere
3300 3612 3487 3668 donati

223 3710 378 3765 sunt,
418 3701 513 3770 qui
554 3701 731 3769 capita
758 3701 1140 3769 complectitur
1165 3717 1396 3755 numero
1421 3700 1849 3772 quinquaginta;
1885 3704 2083 3757 tertius
2117 3703 2499 3759 Antirrheticus
2550 3705 2812 3759 adversus
2853 3712 3126 3759 tentantes
3169 3704 3486 3770 daemones,

224 3805 352 3851 octo
375 3795 625 3865 partibus
646 3794 956 3860 distinctus,
985 3804 1046 3848 ut
1070 3803 1193 3849 octo
1216 3796 1609 3865 cogitationum
1634 3796 1782 3851 modi
1808 3805 2194 3863 recensentur;
2220 3798 2459 3869 itemque
2482 3809 2734 3855 sexcenta
2752 3798 3102 3869 Prognostica
3124 3800 3482 3869 problemata,

222 3900 282 3943 et
306 3890 675 3944 Elementaria
702 3889 831 3953 duo,
862 3906 1029 3943 unum
1057 3889 1124 3943 ad
1157 3891 1454 3944 monachos
1476 3891 1531 3944 in
1556 3891 1839 3945 coenobiis
1861 3900 1955 3945 aut
1984 3894 2364 3950 contuberniis
2392 3896 2659 3959 viventes,
2686 3896 2917 3949 alterum
2951 3894 3018 3948 ad
3042 3894 3315 3965 virginum
3354 3912 3483 3949 coe-

226 3990 364 4037 tum.
396 3981 529 4036 Eius
554 3989 736 4035 autem
762 3988 889 4035 sunt
929 3980 1065 4036 haec
1095 3981 1261 4036 verba
1291 4000 1303 4035 :
1341 4001 1360 4032 ‹
1388 3982 1621 4037 Necesse
1654 3991 1758 4048 est,
1797 3992 1859 4037 ut
1897 3983 2088 4038 sedulo
2128 4000 2319 4039 eorum
2354 3987 2447 4056 qui
2484 3994 2903 4056 praecesserunt
2937 3986 3331 4041 monachorum
3368 3988 3489 4042 vias

228 4070 570 4141 indagemus,
597 4071 664 4124 ad
688 4087 988 4140 earumque
1012 4087 1260 4126 normam
1284 4074 1615 4145 dirigamur;
1644 4073 1816 4129 multa
1842 4076 1987 4129 enim
2015 4076 2083 4129 ab
2110 4076 2177 4130 iis
2203 4086 2350 4132 recte
2375 4085 2431 4132 et
2466 4078 2613 4133 dicta
2639 4087 2768 4132 sunt
2799 4087 2854 4133 et
2888 4078 3062 4144 facta;
3092 4078 3237 4136 inter
3261 4094 3401 4148 quae
3428 4087 3484 4134 et

228 4166 333 4222 hoc
358 4167 630 4237 quispiam
656 4166 812 4232 dixit,
840 4166 1134 4223 aridiorem
1158 4178 1215 4223 et
1237 4183 1365 4239 aspe
1397 4170 1406 4241 |
1438 4187 1555 4225 ram
1584 4170 1801 4225 vivendi
1830 4172 2096 4226 rationem
2123 4190 2249 4229 cum
2272 4173 2538 4230 charitate
2564 4176 2873 4245 copulatam
2897 4175 3132 4231 celerius
3153 4176 3482 4231 monachum

229 4262 294 4317 ad
321 4261 492 4317 animi
519 4262 987 4331 tranquillitatem,
1015 4278 1177 4333 quam
1208 4265 1473 4320 ἀπάθειαν
1500 4268 1794 4337 appellant,
1827 4270 2147 4337 perducere.
2190 4292 2208 4322 ι

1290 4450 1299 4523 1
1335 4449 1755 4512 Hamiliarum
1796 4454 2073 4515 Macarii
2100 4453 2489 4532 singularum

1663 4540 2053 4611 argumenta.

230 4700 283 4799 ζ,
548 4696 1219 4799 {ltilipjilalioaltegorica
1248 4714 1457 4799 visionis
1493 4716 1634 4799 apud
1660 4718 1982 4799 Ezechielem
2008 4725 2347 4799 descriptaes
2475 4796 2492 4799 _
2617 4797 2625 4799 ξ
2658 4798 2663 4799 ν
2892 4798 2897 4799 ί
3238 4729 3365 4799 Pag.
3448 4733 3473 4786 1

230 4769 317 4865 1
646 4780 1171 4865 {fguﬁlgnebraru‘im
1199 4785 1291 4837 hoc
1316 4793 1389 4837 est
1410 4768 1637 4865 pecc'ato,
1665 4799 1711 4843 et
1737 4794 1997 4865 hominem
2023 4768 2307 4849 soliusde
2331 4796 2576 4865 beneficio
2608 4797 2821 4853 liberari
2846 4798 2910 4853 ab
2939 4814 3017 4853 eo.
3313 4768 3343 4799 δ
3412 4768 3479 4855 ié

223 4834 317 4932 {LI
533 4834 818 4932 [efﬁgiata
844 4846 1070 4913 fratrum
1090 4834 1233 4932 inter
1253 4871 1307 4908 se
1331 4834 1721 4932 conversatibne
1746 4834 2307 4932 ei'p¥52i'i'o°i£23;ié'rif
2331 4834 2576 4865 “mpm,
2608 4834 2821 4853 "ww"
2846 4834 2907 4853 ιω
2939 4834 3017 4853 ω’

223 4909 304 4995 εγ
531 4904 885 4995 ,ρῳ-,παριῇς
916 4904 2017 4995 prmissa's'sa"cn;;a;nz.“""
3406 4904 3471 4995 éi

227 4978 287 5027 ν-
528 4978 794 5052 Quantum
810 4978 1077 5060 discrepat
1100 4995 1207 5048 vita
1234 4978 1655 5051 Christianorum

330 5118 347 5125 _
542 5051 614 5125 Qe
654 5058 803 5125 modo
831 5063 1096 5125 precandi.

1788 5003 2074 5073 aliquorum
2103 5007 2368 5061 hominum
2396 5009 2523 5062 vita.

240 5082 257 5099 ,
282 5082 303 5101 ,
542 5082 612 5101 νο
655 5082 803 5106 ιιιυιιυ
831 5082 1096 5125 precanat.

234 5118 347 5173 γη
536 5112 611 5169 De
639 5120 909 5180 clementia
941 5129 1131 5187 Christi
1176 5152 1299 5207 erga
1342 5139 1590 5196 homines.
1623 5141 1863 5199 Continet
1904 5164 1922 5200 ε

617 5188 747 5249 forte
774 5200 1019 5253 curiosas.

1787 5154 1863 5198 net
1904 5148 2063 5200 etiam
2110 5150 2465 5217 responsiones
2505 5152 2573 5204 ad
2605 5151 2862 5222 quasdam
2894 5152 3333 5222 interrogationes

227 5259 368 5316 vm
532 5222 744 5313 υεττδσ
774 5222 1027 5283 “ma
1339 5280 1349 5291 .
1408 5282 1417 5292 .
1500 5285 1511 5295 .
1568 5286 1579 5295 .
3404 5222 3473 5275 δεῖ

233 5329 249 5347 Ι
270 5329 310 5347 ν
540 5326 578 5347 ἢ
661 5279 712 5345 ιε.
732 5281 868 5347 quae
891 5281 1195 5343 contingunt
1228 5275 1537 5336 Christianis
1561 5292 1698 5337 inter
1728 5288 2005 5341 orandum.
3403 5292 3471 5345 59

220 5329 310 5382 ῙΧ
532 5326 1340 5434 Ρνῇζξῇείέίιξξῇαῇηςορξιεεὶαε
1385 5350 1590 5434 diuinas
1636 5358 1942 5434 per_parios
1986 5376 2245 5412 successus
2292 5369 2357 5412 et
2386 5364 2695 5417 tentationes
2737 5362 2975 5434 impleri,
3006 5370 3055 5416 et
3086 5362 3187 5417 soli
3215 5363 3324 5417 Deo

613 5402 945 5491 adhaerendo
975 5402 1187 5491 liberari
1220 5435 1312 5471 nos
1345 5421 1407 5473 ab
1436 5402 1850 5491 infestationibus
1881 5402 2244 5482 dilemZJITJC'
2292 5402 2340 5412 Ἦ
2407 5402 2694 5417 “unum.”
2738 5402 2975 5434 mum”,
3006 5402 3054 5416 ν’
3086 5402 3186 5417 ’νη
3215 5402 3324 5417 uw
3401 5434 3468 5489 65

219 5464 272 5519 Χ
535 5470 847 5554 Humilitate
872 5487 919 5531 et
958 5464 1907 5566 atacﬁidzé'}2zi£e}{ii7}i'3&32;?u:

229 5605 301 5613 Μ
535 5610 574 5613 __
611 5559 693 5595 via
722 5547 1025 5613 per-duntur.

1742 5464 2079 5563 yenlurudc'n‘a
2106 5464 2312 5570 Elatiae
2348 5502 2575 5568 divinae,
2608 5502 2854 5574 superbia
2882 5511 3058 5559 autem
3088 5511 3136 5557 et
3170 5504 3325 5573 iqna-
3401 5464 3430 5590 :

614 5574 693 5595 υιιι
788 5574 881 5600 ruu
923 5574 940 5601 ι
1014 5596 1025 5605 ι

218 5605 301 5659 XI
535 5574 785 5667 Virtute};
810 5574 1231 5693 sanlctuirSpiritus
1258 5630 1313 5683 in
1344 5632 1497 5685 corde
1531 5634 1751 5690 hominis
1783 5655 1837 5691 se
1870 5640 1903 5692 h

218 5676 330 5729 ΧΗ
528 5680 605 5733 De
629 5693 773 5733 statu
806 5688 947 5733 Atina.
974 5702 1090 5733 mur
1120 5697 1399 5733 ὅηηηεηρυη
1440 5702 1527 5733 nn.-
1556 5706 1810 5733 “mm-..
1869 5710 1877 5733 I

1783 5655 1837 5691 se
1869 5640 2056 5733 habere
2084 5642 2253 5695 instar
2290 5643 2445 5712 ignis.

218 5688 357 5800 il},
528 5688 605 5734 De
629 5693 773 5737 “am
802 5688 947 5744 Adae
973 5688 1090 5763 p03:
1120 5697 1399 5768 imaginem
1432 5702 1527 5755 Dei
1554 5688 1833 5774 pérdita'h:
1869 5688 2011 5779 "'""'
2033 5688 2051 5693 '
2085 5688 2237 5695 νην-ν·
2292 5688 2445 5712 νει-η...

228 5814 340 5825 -----
529 5750 691 5825 Quem
720 5756 949 5825 fructum
979 5780 1010 5816 a
1043 5763 1338 5823 Christiano
1370 5772 1508 5825 Deus
1540 5778 1732 5825 exigat.
3396 5782 3462 5825 tu

809 5768 949 5845 ctum
979 5767 1345 5845 aphristiano
1370 5772 1508 5827 Deus
1540 5767 1732 5845 exigat.
1869 5767 1877 5779 ’
3396 5782 3462 5834 94

622 5825 633 5835 ,
720 5814 730 5825 .
984 5814 1003 5816 ρ
1050 5814 1335 5823 γαπ--..ην
1370 5814 1507 5827 μνη
1540 5814 1634 5828 ην..
1659 5814 1732 5828 ι...
3398 5814 3462 5834 ιιι.

220 5814 340 5870 XIV
532 5820 632 5886 Qui
665 5841 720 5878 se
754 5828 993 5885 dedicant
1016 5833 1143 5900 Deo,
1176 5856 1277 5893 non
1303 5844 1413 5895 sine
1442 5861 1531 5897 sne
1566 5814 1997 5904 remunerationis
2029 5852 2079 5904 id
2120 5852 2333 5907 faciunt.
3393 5851 3464 5906 9⁵
