4274 6358
797 368 903 427 299
1835 360 2221 416 ZACHARIAE
2264 358 2628 413 PALTHENII
2661 357 3043 411 PRAEFATIU
3928 351 4032 407 suo

804 480 889 536 XV
1098 473 1268 599 gnam
1297 481 1478 529 sancte
1507 481 1555 525 et
1580 481 1719 527 caste
1745 488 1799 524 se
1828 486 2007 540 gerere
2034 470 2216 521 debeat
2255 470 2431 521 anima
2471 466 2755 521 Christiani
2783 484 2907 537 erga
2935 465 3197 521 Christum
3216 484 3470 535 sponsum
3504 484 3677 520 suum.
3928 463 4031 521 100

804 547 917 599 XVI
1140 544 1376 599 viritales
1416 546 1645 597 homines
1689 542 1931 594 obnoxios
1981 555 2089 593 esse
2132 538 2500 591 tentationibus
2548 548 2596 591 et
2644 537 3017 599 afﬂictionibus,
3062 552 3290 599 quarum
3345 538 3489 599 origo
3537 546 3611 590 est
3662 538 3889 599 primum

802 547 917 605 XVI
1099 537 1376 616 Spiritales
1416 546 1645 597 homines
1689 537 1931 594 obnoiios
1981 555 2089 593 esse
2132 538 2500 591 tentationibus
2548 548 2596 591 et
2644 537 3017 607 afﬂictionibus,
3062 552 3290 606 quarum
3345 538 3489 607 origo
3537 546 3611 590 est
3661 538 3889 606 primum
3922 608 4029 661 r2

1178 621 1463 661 neccatum-
3957 625 3991 661 0

1214 621 1463 667 eccatum.
3922 608 3991 661 15

800 686 944 744 XVII
1096 632 1615 739 Depél‘i‘i-igiz'riorum
1642 681 1885 733 unctione
1908 678 2138 747 spiritali
2156 686 2204 729 et
2230 676 2419 747 gloria.

799 756 972 812 XVIII
1095 754 1173 808 De
1198 756 1437 808 thesauro
1463 751 1875 807 Christianorum
1899 749 1989 818 qui
2019 758 2094 803 est
2120 748 2352 803 Christus
2377 758 2423 801 et
2450 747 2675 816 Spiritus
2699 755 2909 801 sanctus
2934 750 3093 802 variis
3118 748 3279 801 modis
3303 763 3546 801 exercens
3570 763 3655 801 eos
3675 747 3744 800 ad
3770 762 3891 817 per-

1182 825 1450 893 fectionem
1474 822 1867 893 assequendam.
1985 889 1995 893 _
2197 888 2244 893 Α.
2406 887 2417 893 .
2464 888 2473 893 _
2912 890 2921 893 _
3141 886 3175 893 η
3318 887 3328 893 _
3364 887 3375 893 _

798 895 918 950 XIX
1103 886 1429 962 Christianus
1451 890 1702 962 proﬁcere
1726 889 1900 962 volens
1926 889 1995 943 ad
2017 905 2168 941 omne
2192 888 2244 940 id
2280 887 2417 956 quod
2457 888 2644 939 bonum
2675 894 2771 962 est,
2799 903 2853 939 se
2876 890 2922 941 vi
2953 886 3263 962 compellere
3293 887 3459 940 debet.

796 966 890 1021 XX
1097 961 1249 1017 Solus
1271 957 1502 1017 Christus
1528 963 1735 1013 sanavit
1765 959 2020 1021 animam,
2043 976 2201 1028 quam
2224 966 2531 1028 ornamento
2557 957 2762 1025 gratiae
2781 974 2907 1011 suae
2931 960 3149 1011 vestivit.
3926 960 4029 1010 466

796 1033 920 1088 XXI
1102 1032 1314 1086 Homini
1339 1030 1634 1087 Christiano
1657 1028 1849 1099 duplex
1883 1026 2133 1082 incumbit
2158 1026 2369 1091 bellum,
2396 1034 2666 1079 externum
2695 1034 2744 1078 et
2767 1028 3050 1081 internum.
3923 1030 4029 1081 168

796 1103 975 1185 ἔξζζ,
1102 1101 1179 1185 29
1208 1103 1401 1185 ἀπέριέςί
1428 1110 1571 1185 eam
1595 1100 1968 1185 ἀπράεηείωῑι·
2246 1175 2263 1185 ,
2590 1181 2605 1185 Α
3923 1099 4018 1185 21'.

798 1172 975 1228 XXIII
1100 1171 1169 1224 Hi
1194 1166 1291 1225 soli
1320 1172 1562 1224 diadema
1593 1172 1791 1238 regium
1817 1178 2022 1238 gestare
2048 1175 2282 1238 possunt,
2310 1166 2397 1235 qui
2426 1173 2548 1238 sunt
2580 1181 2616 1238 e4
2636 1166 2830 1238 semine
2855 1167 3014 1236 regio.
3924 1167 4029 1219 172

796 1241 965 1295 XXIV
1099 1240 1513 1295 Christianorum
1542 1235 1708 1292 status
1736 1235 2062 1292 mercaturae
2088 1248 2136 1290 et
2163 1235 2549 1306 fermentationi
2573 1236 2756 1288 similis
2781 1246 2874 1289 est.
3922 1238 4028 1290 iu

796 1311 933 1365 XXV
1095 1309 1198 1364 Per
1227 1312 1625 1364 inobedientiam
1666 1310 1862 1362 redacti
1899 1325 2075 1360 sumus
2115 1309 2169 1358 in
2195 1307 2511 1368 servitutem,
2542 1323 2575 1357 α
2612 1322 2716 1373 qua
2743 1321 2834 1375 per
2866 1308 3168 1376 mysterium
3202 1310 3368 1361 crucis
3398 1308 3719 1372 liberamur;
3760 1310 3887 1361 item

1178 1380 1240 1432 de
1271 1381 1612 1435 lacrimarum
1642 1386 1688 1429 et
1714 1380 1847 1447 ignis
1872 1379 2031 1431 divini
2058 1377 2301 1445 efﬁcacia.
2388 1445 2396 1447 ξ
2881 1446 2886 1447 ί
3530 1445 3539 1447 Α
3920 1378 4025 1431 178

796 1448 962 1504 XXVI
1097 1447 1172 1501 De
1186 1451 1471 1570 (dignitate,
1519 1445 1771 1519 facultate
1811 1457 1859 1501 et
1883 1446 2265 1517 operationibus
2308 1445 2536 1508 animae,
2562 1452 2611 1496 et
2649 1460 2754 1513 qua
2786 1446 2989 1499 ratione
3036 1454 3263 1499 tentetur
3292 1464 3324 1501 a
3364 1445 3571 1500 diabolo
3613 1454 3663 1499 et
3692 1446 3700 1516 |
3732 1447 3797 1499 ab
3828 1463 3886 1499 eo
3919 1516 3988 1570 18

1206 1537 1221 1570 τ
1259 1529 1448 1570 eretur.

1186 1518 1448 1572 liberetur.
1522 1518 1527 1519 ⁷
3919 1518 4023 1570 184

796 1589 990 1644 XXVII
1103 1588 1420 1657 Dignitatem
1445 1597 1493 1640 et
1519 1594 1715 1641 statum
1739 1588 1957 1639 hominis
1982 1584 2263 1640 Christiani
2292 1583 2639 1652 prosequitur,
2654 1584 2864 1652 eiusque
2892 1584 3109 1637 liberum
3134 1585 3428 1644 arbitrium.
3458 1587 3728 1655 permixtis
3750 1588 3887 1639 inte-

1176 1655 1276 1710 rim
1316 1657 1524 1710 utilibus
1558 1658 1959 1710 quaestionibus.
3917 1655 4023 1706 200

1176 1675 1276 1710 rim
1316 1674 1524 1710 utuwus
1594 1674 1959 1710 uaesuonwus.
3918 1674 4023 1706 zuu

798 1726 1018 1781 XXVIII
1099 1725 1351 1796 Describit
1380 1743 1439 1779 ac
1463 1674 1700 1796 deplorat
1734 1723 2337 1796 calamitatemianirnae
2372 1721 2426 1771 in
2453 1735 2557 1796 qua
2592 1732 2803 1796 propter
2834 1732 3111 1796 peccatum_
3130 1739 3231 1774 non
3260 1723 3459 1796 habitat
3488 1723 3739 1796 Christus.
3920 1725 4025 1796 ξιξ

798 1796 964 1850 XXIX
1096 1795 1303 1864 Duplici
1329 1790 1537 1850 ratione.
1554 1798 1780 1864 gratiam
1802 1811 1952 1846 suam
1981 1794 2204 1862 largitur
2233 1791 2390 1864 D_eu_s,
2416 1791 2557 1840 cuius
2597 1790 2821 1864 fructum
2853 1792 3064 1846 tandem
3098 1794 3229 1844 iusto
3252 1793 3443 1864 iudicio
3468 1795 3670 1861 repetit.
3919 1794 4023 1846 218

797 1864 961 1934 XXX,
1101 1859 1191 1934 Eni
1210 1863 1408 1934 Spiritu
1436 1859 1616 1919 sancto
1645 1866 1844 1917 renasci
1872 1864 2029 1934 debet
2048 1859 2225 1934 anima
2258 1859 2348 1910 Dei
2376 1874 2589 1934 regnum
2623 1860 2944 1934 ingressum,
2975 1871 3023 1913 et
3048 1863 3137 1929 qui
3159 1864 3251 1913 hoc
3277 1861 3393 1934 ﬁat.
3527 1859 3533 1861 “
3826 1932 3833 1934 _
3918 1864 4022 1915 225

798 1933 964 2003 XXXI
1096 1926 1285 1987 Fidelis
1314 1937 1488 1989 animo
1516 1936 1709 1987 mutari
1750 1934 1894 1986 debet
1924 1941 1971 1985 et
2016 1933 2068 1983 in
2096 1931 2264 1982 Deum
2307 1926 2548 1995 colligere
2592 1932 2927 1997 cogitationes
2956 1926 3153 1992 omnes,
3193 1950 3225 1984 a
3257 1926 3437 2001 quibus
3481 1948 3597 1984 vere
3634 1932 3885 1999 dependet

1179 2004 1478 2057 obseauium
1504 2004 1754 2057 divinum.
3919 2001 4023 2053 230

796 2071 990 2126 XXXII
1096 2070 1276 2127 Gloria
1291 2068 1713 2129 Christianorum
1737 2072 1886 2125 modo
1918 2071 2042 2124 latet
2066 2072 2119 2124 in
2145 2068 2333 2123 animis
2367 2082 2565 2132 eorum,
2590 2084 2723 2137 quae
2780 2072 3168 2125 resurrectionis
3193 2079 3422 2140 tempore
3450 2079 3673 2139 emerget
3696 2078 3746 2123 et
3765 2070 3889 2124 illu-

1180 2144 1365 2196 strabit
1388 2160 1608 2213 corpora
1635 2159 1727 2211 pro
1754 2158 1845 2193 suo
1877 2156 2109 2211 quaeque
2140 2140 2331 2213 modo.

1102 2208 1272 2281 Quam
1305 2208 1499 2266 attente
1536 2208 1907 2280 diligenterque
1943 2208 2259 2281 precandum
2290 2212 2376 2263 sit.
3918 2210 4012 2281 illi

1096 2280 1173 2351 De
1208 2282 1377 2351 gloria
1413 2278 1831 2337 Christianorum
1852 2278 1957 2334 illis
1986 2297 2087 2332 non
2117 2280 2315 2349 ignota.

797 2347 1008 2421 V_
1100 2349 1176 2421 De
1197 2347 1410 2405 sabbato
1437 2354 1647 2421 antiquo
1670 2359 1716 2402 et
1742 2367 1897 2421 novo.
2141 2347 2153 2349 “

796 2415 1035 2490 7
1097 2418 1315 2490 Diversa
1340 2429 1417 2474 est
1442 2415 1823 2490 resurgentium
1849 2420 2035 2488 gloria.
2528 2453 2535 2459 -

796 2485 1061 2559 ί
1098 2488 1174 2559 De
1198 2493 1441 2559 paradiso
1464 2498 1513 2544 et
1540 2485 1646 2559 lege
1666 2485 1913 2557 spiritali.

798 2554 1063 2629 XXXVIII
1096 2554 1298 2613 Exacto
1325 2578 1449 2629 opus
1476 2568 1549 2613 est
1578 2554 1766 2613 iudicio
1789 2561 1843 2610 in
1867 2559 2215 2611 discernendis
2241 2559 2375 2612 veris
2406 2560 2736 2625 Christianis,
2764 2568 2813 2613 et
2842 2562 3057 2629 quinam
3085 2561 3190 2613 sint
3229 2560 3332 2613 illi.

798 2622 1010 2700 XXXIX
1101 2628 1181 2700 4d
1203 2632 1326 2699 quid
1349 2622 1618 2700 Scriptura
1649 2629 1822 2700 divina
1858 2629 1999 2681 nobis
2021 2628 2221 2700 donata
2249 2638 2321 2681 est
2348 2647 2379 2681 a
2406 2630 2533 2684 Deo.
2724 2622 2731 2625 ⁷
2855 2622 2865 2629 ’

798 2693 916 2766 XL_
1110 2693 1361 2754 Virtutum
1386 2693 1522 2753 inter
1547 2715 1600 2752 se
1624 2697 1907 2766 colligatio,
1933 2699 2108 2750 itidem
2134 2700 2397 2751 vitiorum.
3914 2696 4020 2752 2ὓὲ

799 2762 916 2818 XLI
1106 2766 1283 2853 Quam
1307 2770 1566 2853 profunda
1587 2770 1691 2822 sint
1728 2762 1935 2820 animae
1969 2767 2281 2837 penetralia,
2321 2786 2455 2837 quae
2491 2770 2751 2839 paulatim
2784 2771 3104 2822 incrementa
3143 2770 3347 2839 gratiae
3386 2776 3478 2824 aut
3510 2770 3752 2825 vitiorum
3790 2783 3880 2822 ac-

800 2907 945 2962 XLII
1098 2839 1479 2993 Noszglelrna,
1503 2909 1592 2963 sed
1619 2908 1825 2961 interna
1851 2915 2150 2977 promovent
2191 2915 2283 2961 aut
2326 2907 2536 2963 laedunt
2576 2910 2855 2975 hominem,
2879 2908 3039 2964 veluti
3068 2912 3280 2981 spiritus
3307 2912 3511 2981 gratiae
3545 2917 3637 2963 aut
3666 2911 3881 2979 spiritus
3914 2838 4019 3029 ΞΣ

1183 2990 1461 3032 neauitiae.

1183 2997 1461 3034 nequitiae.

1101 2996 1475 3119 Denpezigiza
1508 3051 1604 3103 viri
1630 3046 1932 3119 Christiani,
1962 3049 2105 3099 cuius
2132 3055 2241 3119 tota
2266 3050 2339 3100 vis
2377 3048 2627 3117 dependet
2655 3067 2687 3103 a
2718 3049 2889 3111 corde,
2916 3057 2973 3102 ut
3011 3050 3091 3101 hic
3128 3050 3273 3119 varie
3308 3049 3632 3103 describitur.
3915 2996 4021 3100 :33

800 3116 960 3170 XLIV
1104 3115 1371 3183 Quantam
1395 3121 1449 3171 in
1476 3120 1679 3200 homine
1709 3116 2002 3170 Christiano
2035 3118 2374 3170 mutationem
2409 3115 2471 3169 ac
2504 3121 2889 3173 renovationem
2931 3120 3091 3187 faciat
3127 3117 3379 3183 Christus,
3413 3120 3500 3187 qui
3529 3120 3728 3171 morbos
3759 3119 3879 3171 ani-
3914 3184 4018 3239 276

1182 3204 1297 3239 mae
1329 3197 1553 3239 sanavit.

1182 3204 1297 3240 mae
1329 3191 1553 3241 sanavit.

802 3255 934 3309 XLV
1104 3255 1276 3310 Nullis
1304 3258 1501 3311 artibus
1544 3264 1636 3310 aut
1680 3255 1912 3323 operibus
1960 3258 2109 3309 huius
2154 3258 2352 3319 mundi,
2386 3257 2474 3309 sed
2504 3256 2614 3311 solo
2652 3256 2843 3313 Christi
2892 3259 3114 3312 adventu
3150 3265 3397 3312 sanatum
3440 3274 3546 3310 esse
3589 3257 3879 3318 hominem;

1181 3329 1324 3378 cuius
1352 3344 1597 3395 magnam
1621 3342 1737 3376 cum
1762 3324 1867 3395 Deo
1897 3329 2251 3394 cognationem
2275 3327 2431 3394 refert
2456 3328 2581 3379 haec
2610 3328 2841 3382 homilia.

802 3391 990 3467 _
1102 3393 1184 3467 Pe
1206 3391 1495 3467 differentia
1519 3398 1655 3467 inter
1681 3394 1889 3445 verbum
1921 3391 2013 3467 Dei
2044 3405 2091 3446 et
2118 3391 2549 3467 verbumimundi,
2582 3404 2630 3447 et
2664 3398 2799 3451 inter
2835 3397 2973 3467 ﬁlios
3007 3396 3099 3449 Dei
3130 3404 3178 3448 et
3206 3397 3344 3463 ﬁlios
3368 3398 3516 3450 huius
3540 3397 3737 3451 mundi.

800 3458 1021 3534 _
1094 3458 1389 3534 Explicatio
1418 3465 1701 3534 allegorica
1727 3465 2050 3530 quorundam
2078 3465 2169 3517 sub
2194 3465 2302 3534 lege
2331 3466 2731 3533 benefactorum.
2835 3458 2848 3467 ’
3206 3458 3216 3463 ”
3911 3462 4013 3534 2ῼᾷ

801 3530 1021 3603 XLVIII
1104 3530 1186 3603 De
1206 3536 1432 3603 perfecta
1455 3530 1557 3601 ﬁde
1581 3537 1633 3586 in
1661 3532 1844 3583 Deum.
2456 3530 2466 3533 “
3910 3532 4010 3584 SOI

802 3598 965 3657 XLIX
1101 3598 1218 3656 Non
1250 3598 1377 3656 satis
1403 3598 1476 3657 est
1502 3606 1649 3657 huius
1692 3603 1884 3654 saeculi
1926 3603 2137 3657 delicias
2181 3602 2468 3672 reliquisse,
2506 3606 2605 3658 nisi
2642 3605 2755 3675 quis
2790 3605 3008 3659 alterius
3049 3604 3247 3658 saeculi
3289 3606 3659 3661 beatitudinem
3698 3618 3879 3657 conse-
3913 3669 4018 3723 505

1182 3682 1394 3723 auatur.

1218 3682 1394 3726 uatur.

1218 3688 1394 3726 uatur.
3913 3688 4017 3723 0υῦ

799 3736 846 3791 ι
1102 3688 1241 3795 Deis
1264 3750 1359 3807 est,
1386 3745 1472 3812 qui
1498 3759 1589 3813 per
1609 3755 1812 3799 sanctos
1836 3760 1955 3798 suos
1981 3752 2028 3795 et
2057 3754 2326 3797 creaturas
2356 3743 2459 3795 edit
2491 3743 2769 3797 miracula.
3915 3738 4017 3794 508

800 3911 987 3984 [Festus
1017 3913 1295 3984 scripturae
1317 3916 1529 3984 locorum
1551 3932 1715 3969 sacrae
1754 3916 1847 3984 qui
1878 3916 1929 3965 in
1950 3915 2160 3984 hom_iliis
2192 3920 2395 3984 citantur
2425 3938 2443 3969 ι
2470 3928 2616 3984 atque
2643 3937 2661 3968 ι
2693 3934 2853 3984 rerum
2877 3920 3260 3984 memorabilium
3286 3935 3303 3966 ι
3327 3930 3449 3968 auos
3478 3919 3675 3984 indiges
3698 3922 3893 3984 pxslsni
3914 3916 4018 3984 fio—

860 3976 1031 4045 lgilise
1072 3976 1288 4045 latine}.
1304 3978 1422 4045 _1-5_l
1431 3980 1572 4045 χιιιῇ
1593 3976 1796 4045 quarui'n
1821 3980 1917 4045 ﬁne
1960 3977 2087 4040 legis
2123 3982 2437 4034 :Excudebat
2478 3976 2605 4031 Guil.
2635 3981 2867 4032 Morelius
2908 3982 2960 4031 in
2998 3980 3192 4032 Graecis
3234 3980 3559 4045 typographus
3595 3976 3766 4040 Regius
3808 3977 4016 4027 Lutetiae

864 4035 1171 4085 Parisiorum
1195 4035 1263 4085 ii;
1294 4040 1354 4087 D.
1384 4040 1511 4088 ιιι.
1538 4035 1640 4091 Cal.
1666 4039 1837 4089 Maias.
1845 4038 1866 4102 J

821 4215 4001 4253 mm

1120 4393 1924 4506 ZACHARIAE
2030 4396 2801 4509 PALTHENII
2897 4394 3696 4510 PRAEFATIO

1516 4610 1609 4666 Αι)
1644 4612 2041 4669 EDITIONEH
2073 4612 2520 4668 HOMILIARUM
2554 4612 2609 4668 S.
2648 4613 2942 4669 MACARII
2975 4613 3303 4671 AEGYPTII

2179 4719 2316 4765 omni
2353 4717 2635 4755 mscnwsn'

797 4788 1045 4846 SANCTI
1072 4788 1330 4844 PATRIS
1375 4788 1669 4843 MACARII
1710 4790 2070 4846 EREMITAE
2112 4791 2437 4846 AECYPTII
2476 4791 2819 4845 ΠοΜιιιΑΕ
2860 4789 3313 4846 SPIRITUALES
3353 4788 3869 4856 QUINQUAGINTA
3913 4792 4015 4847 DE

864 4859 1328 4942 INTEGRIIAATI';
1355 4858 1542 4942 QUAE
1574 4859 1806 4942 DECET
1826 4859 2297 4942 CHRISTIXNQS,
2329 4863 2524 4942 cunctis
2555 4863 2734 4942 quibus
2759 4864 2967 4942 animae
2987 4861 3129 4942 salus
3155 4877 3333 4913 revera
3356 4877 3513 4913 curae
3535 4869 3634 4942 est,
3661 4870 3780 4942 lim:
3792 4872 4013 4942 propter

865 4929 1118 4997 insignem
1131 4931 1345 5049 ﬁietatis
1373 4930 1683 4991 doctrinam,
1715 4939 1824 4983 tum
1849 4942 2058 5002 propter
2079 4931 2325 4984 similium
2352 4931 2689 4998 frequentiam
2730 4933 2954 4983 maxime
3000 4930 3151 4983 utiles
3191 4947 3251 4983 ac
3290 4932 3628 5010 necessariae,
3663 4929 3710 4982 E
3740 4929 4017 4987 CRAECU

865 4996 943 5050 IN
970 4998 1127 5051 LA'I'I
1184 4998 1281 5051 ΠΜ
1307 4994 1989 5053 SERMOVEM'conversae
2022 5010 2068 5052 et
2096 5002 2406 5053 coniunctim
2432 5016 2570 5051 nunc
2600 5002 2823 5053 primum
2856 5001 2907 5051 in
2945 4999 3223 5052 Germania
3260 4999 3429 5051 editae
3467 5016 3499 5051 a
3543 4999 3613 5052 Μ.
3660 4998 4011 5053 ZACHARIA

863 4996 943 5050 IN
970 4996 1281 5051 LATINUM
1307 4996 1989 5053 SERMOVEM'conversae
2022 5010 2068 5052 et
2096 4996 2406 5053 coniunctim
2432 4996 2570 5051 nunc
2600 5002 2823 5067 primum
2856 5001 2907 5051 in
2945 4999 3223 5052 Germania
3260 4999 3429 5051 editae
3467 5016 3499 5051 a
3543 4999 3613 5052 Μ.
3660 4998 4011 5053 ZACHARIA

863 5065 1260 5188 gAgglENIO
1300 5067 1815 5129 FRIDBERCENSI
1855 5070 2008 5127 1594.
2037 5070 2367 5138 Francofurti
2390 5069 2541 5138 Apud
2569 5070 2725 5122 Ioan.
2757 5068 2971 5123 Wecheli
3000 5069 3231 5132 viduam,
3260 5069 3505 5136 impensis
3535 5067 3737 5122 Nicolai
3768 5067 4011 5125 Bassaei.

898 5146 917 5164 °
958 5146 1082 5189 min.

891 5297 900 5369 Ι
930 5299 1253 5364 Reverendo,
1285 5302 1484 5370 generis
1523 5301 1795 5368 splendore
1840 5318 1900 5353 ac
1942 5301 2208 5353 nobilitate
2247 5304 2485 5370 antiqua,
2522 5300 2797 5368 religione,
2826 5301 3033 5361 virtute,
3074 5298 3309 5351 doctrina
3344 5297 3618 5367 multisque
3640 5299 3695 5350 in
3718 5296 4011 5353 Ecclesium

794 5387 986 5443 Christi
1024 5391 1220 5445 meritis
1259 5393 1706 5459 praestantissimo
1754 5392 1863 5443 viro
1901 5390 2015 5443 DD.
2052 5389 2304 5444 JOANNI
2338 5387 2747 5444 SWICHARDO
2781 5388 2821 5441 Α
2870 5385 3265 5448 CRONBERC,
3313 5387 3530 5455 insignis
3574 5384 4011 5455 metrOpolitanae

794 5482 1037 5537 ecclesiae
1076 5483 1480 5554 Moguntinensis
1522 5483 1856 5548 Scholastico,
1903 5484 1957 5539 S.
1983 5485 2195 5538 .Albani
2238 5485 2570 5553 Praeposito,
2620 5500 2711 5535 nec
2747 5500 2849 5535 non
2891 5482 3297 5534 reverendissimi
3333 5490 3381 5533 et
3412 5480 3756 5537 illustrissimi
3796 5484 4013 5538 Domini

799 5574 859 5627 1).
894 5572 1187 5644 Wolfgangi
1219 5574 1597 5646 Archiepiscopi
1623 5585 1671 5628 et
1700 5576 1957 5647 Principis
1987 5577 2239 5631 Electoris
2264 5577 2669 5649 Maguntinensis
2697 5578 2751 5629 in
2780 5574 3134 5646 spiritualibus
3160 5573 3362 5627 Vicario
3388 5574 3639 5643 generali,
3681 5574 3903 5629 Domino
3947 5595 4008 5629 ac

799 5664 1025 5717 Patrono
1050 5680 1141 5717 suo
1168 5665 1450 5733 plurimum
1478 5666 1689 5721 colendo
1726 5667 1782 5722 S.
1818 5668 1880 5721 P.

864 5759 1321 5830 Quotiescunque,
1348 5762 1665 5826 reverenda,
1694 5762 2031 5818 nobilissime
2058 5773 2110 5818 et
2133 5764 2461 5833 amplissime
2480 5764 2576 5818 Do.
2602 5761 3004 5826 Schwicharde,
3029 5760 3307 5815 Maecenas
3328 5762 3644 5828 clarissime,
3670 5761 3754 5816 vir
3777 5763 4007 5817 summis
