4274 6358
272 383 370 439 301
1162 393 1252 448 AD
1288 391 1660 448 EDITIONEM
1692 390 1855 448 HOM.
1896 390 1951 446 S.
1991 390 2269 449 MACARII
2306 392 2639 451 AEGYPTII.
3394 400 3507 455 302'

273 496 499 554 laudum
524 500 835 569 praeconiis
860 510 1023 573 atque
1052 505 1271 560 nomine
1294 519 1572 573 nunquam
1613 504 1906 559 interituro
1930 502 2265 574 dignissime,
2298 507 2746 578 quotiescunque,
2773 510 3015 579 inquam,
3052 510 3156 565 hac
3196 512 3503 568 tristissima

274 592 468 647 mundi
494 602 715 650 senecta
737 596 876 651 adeo
897 596 1093 668 frigide
1117 613 1182 653 ac
1204 599 1397 669 supine
1425 614 1674 670 graecam
1704 599 1944 669 linguam
1971 599 2028 653 in
2047 600 2327 671 plerisque
2356 602 2491 659 locis
2518 614 2633 660 tum
2661 606 2799 660 tradi
2823 614 2945 660 tum
2976 605 3179 661 addisci
3204 608 3502 677 conspicio,

272 689 538 745 continuo
561 692 778 747 animus
800 708 959 749 meus
989 693 1243 749 obruitur
1277 695 1451 761 luctu,
1491 710 1740 751 moerore
1767 703 1822 750 et
1848 695 2072 749 tristitia
2102 712 2213 752 non
2254 699 2467 769 exigua.
2503 700 2649 766 Quae
2685 703 2885 755 etenim
2927 710 3011 756 est
3047 701 3337 767 dementia,
3364 718 3502 771 quae

271 784 517 851 fatuitas,
541 804 682 857 quae
708 788 920 844 insania
940 806 1133 846 eorum
1162 792 1466 857 hominum,
1491 792 1585 861 qui
1607 791 1815 861 absque
1840 791 2006 846 huius
2036 791 2045 862 |
2075 791 2290 863 linguae
2316 796 2640 852 rudimentis
2671 813 2827 851 rarae
2857 806 2912 852 et
2949 796 3152 851 solidae
3178 797 3503 853 eruditionis

270 879 490 935 laudem
516 897 575 937 se
599 884 859 954 consequi
884 900 1045 954 posse
1069 887 1322 957 sperant?
1345 887 1465 942 Non
1490 886 1668 942 minor
1699 895 1866 951 certe,
1890 902 1954 941 ac
1987 888 2031 942 si
2063 889 2186 957 quis
2214 889 2419 960 absque
2460 892 2561 945 rati
2592 892 2913 948 immensum
2949 907 3012 949 ac
3045 899 3254 948 vastum
3280 893 3502 964 pelagus

275 972 530 1039 transire,
556 981 652 1028 aut
676 974 881 1045 absque
913 977 1014 1032 alis
1044 977 1100 1032 in
1126 977 1347 1033 aethera
1370 978 1608 1043 evolare,
1632 986 1729 1032 aut
1763 977 1967 1048 absque
1992 980 2175 1049 lingua
2217 996 2314 1036 seu
2359 981 2594 1052 Spiritus
2624 985 2795 1039 sancti
2838 984 2981 1039 dono
3021 993 3272 1039 aeternae
3312 986 3502 1041 salutis

271 1066 531 1137 mysteria
554 1068 816 1135 enodare,
840 1070 1145 1140 patefacere
1166 1080 1223 1127 et
1244 1070 1535 1141 explicare,
1561 1080 1656 1126 aut
1678 1071 1912 1141 denique
1934 1072 2139 1143 absque
2161 1073 2379 1131 Christo
2402 1092 2528 1147 rege
2552 1086 2608 1133 et
2629 1078 2795 1133 fratre
2816 1086 3005 1134 nostro
3026 1094 3315 1149 supernam
3338 1080 3496 1135 Jeru-

270 1163 443 1218 salem
466 1162 742 1218 civitatem
764 1166 1051 1222 caelestem
1078 1175 1136 1222 et
1157 1168 1351 1239 gaudia
1374 1168 1623 1240 paradysi
1652 1168 1863 1238 ingredi
1886 1175 2194 1224 conaretur.
2222 1170 2289 1224 Et
2317 1180 2464 1227 certe
2496 1179 2645 1227 tanta
2671 1180 2754 1226 est
2788 1172 2951 1227 huius
2980 1173 3193 1243 linguae
3221 1180 3498 1243 praestan-

273 1258 370 1324 tia,
400 1266 551 1313 tanta
575 1259 830 1331 dignitas,
857 1270 1007 1317 tanta
1032 1262 1283 1333 dignitati
1321 1263 1616 1318 coniuncta
1650 1264 1879 1328 utilitas,
1913 1271 2060 1317 tanta
2100 1265 2422 1335 amplitudo,
2456 1274 2606 1321 tanta
2640 1268 2894 1322 maiestas
2922 1275 3211 1336 tantusque
3245 1266 3409 1320 decor
3442 1274 3499 1321 et

272 1361 520 1420 ornatus,
545 1362 628 1421 ut,
654 1356 699 1411 si
723 1355 972 1412 instituta
995 1358 1284 1413 collatione
1310 1358 1445 1413 haec
1474 1358 1659 1429 lingua
1680 1374 1804 1414 cum
1827 1358 2026 1413 ceteris
2058 1368 2423 1429 comparetur,
2463 1361 2700 1431 reliquas
2728 1376 2915 1416 omnes
2945 1370 3058 1415 tum
3084 1361 3303 1430 copiosa
3335 1375 3495 1415 voca-

271 1449 529 1506 bulorum
552 1452 716 1516 serie,
753 1459 869 1507 tum
908 1453 1154 1508 miranda
1182 1453 1540 1509 dialectorum
1565 1454 1828 1509 varietate
1870 1453 1950 1509 sic
1986 1454 2196 1508 anteire
2237 1464 2294 1509 et
2316 1469 2576 1524 superare
2617 1456 2892 1520 videatur,
2932 1463 2993 1509 ut
3032 1456 3110 1509 sol
3150 1456 3206 1508 in
3243 1455 3497 1523 superius

272 1544 736 1615 hemisphaerium
759 1545 1058 1615 productus
1085 1555 1309 1602 cunctas
1350 1548 1527 1602 octavi
1567 1547 1718 1602 orbis
1761 1548 1944 1602 stellas
1978 1548 2266 1616 splendore
2306 1564 2407 1603 suo
2451 1548 2700 1605 oﬂuscat.
2744 1550 2903 1605 Nulla
2938 1551 3086 1605 enim
3110 1558 3193 1604 est
3223 1565 3253 1604 e
3289 1550 3495 1604 circulo

274 1641 637 1695 humanarum
663 1649 823 1710 atque
846 1641 1204 1711 ingenuarum
1228 1642 1427 1696 artium
1453 1657 1518 1696 ac
1552 1641 1982 1711 disciplinarum,
2009 1656 2147 1711 quae
2179 1643 2281 1697 hac
2306 1657 2512 1709 carere,
2535 1644 2687 1698 nulla
2714 1660 2853 1714 quae
2887 1645 3091 1713 absque
3122 1645 3225 1699 hac
3258 1644 3495 1713 perfecte

272 1734 479 1799 doceri,
502 1744 559 1790 et
584 1735 734 1791 nulla
757 1750 896 1805 quae
925 1735 1132 1806 absque
1163 1737 1266 1791 hac
1288 1737 1508 1807 penitus
1533 1738 1740 1807 percipi
1766 1738 2083 1808 cognoscive
2112 1739 2302 1808 possit.
2334 1738 2390 1793 Si
2416 1747 2472 1795 et
2502 1739 2509 1809 |
2540 1740 2707 1803 enim,
2734 1747 2795 1794 ut
2819 1740 2939 1794 luce
2972 1740 3272 1795 meridiana
3297 1740 3494 1794 clarius

270 1837 377 1893 est,
401 1828 601 1884 latinus
623 1844 803 1885 sermo
824 1844 855 1885 e
878 1844 1072 1900 graeco
1096 1830 1337 1886 manavit
1363 1837 1524 1901 atque
1550 1832 1833 1901 processit,
1862 1831 1998 1885 adeo
2031 1838 2111 1897 ut,
2136 1832 2280 1901 quod
2308 1832 2573 1887 Homerus
2600 1833 2667 1888 de
2692 1847 2895 1889 oceano
2920 1834 3067 1888 canit
3092 1850 3105 1885 :

987 1947 1078 2020 Ἐξ
1104 1939 1275 2020 οὗπερ
1309 1949 1508 2012 πάντες
1537 1948 1772 2020 ποταμοὶ
1805 1948 1897 2001 καὶ
1928 1949 2079 2001 πᾶσα
2102 1948 2349 2020 θάλασσα.

971 2018 1081 2071 Καὶ
1107 2018 1278 2073 «deat
1300 2021 1495 2091 κρῆναι
1518 2020 1613 2071 καὶ
1642 2019 1851 2089 φρέατα
1876 2020 2054 2073 πάντα
2081 2019 2267 2071 νάουσι

275 2152 345 2207 de
380 2167 571 2223 graeca
602 2152 786 2223 lingua
816 2167 925 2206 non
959 2153 1231 2209 immerito
1260 2152 1366 2208 dici
1390 2151 1582 2222 possit,
1607 2163 1786 2216 nemo,
1816 2149 2028 2220 opinor,
2055 2150 2143 2205 vel
2170 2147 2671 2220 impudentissimus
2708 2151 3003 2221 negaverit,
3033 2150 3235 2221 absque
3268 2166 3489 2223 graecae

269 2241 486 2313 linguae
508 2245 837 2317 cognitione,
856 2245 1125 2317 principio
1149 2248 1410 2302 nimirum
1435 2255 1598 2317 atque
1618 2245 1827 2315 origine
1851 2244 1951 2309 rei,
1976 2253 2222 2299 exactam
2251 2252 2413 2315 atque
2432 2243 2725 2316 perfectam
2748 2243 2941 2299 latinae
2975 2245 3188 2316 linguae
3211 2246 3491 2301 scientiam

268 2337 576 2405 comparari
599 2352 709 2391 non
735 2352 910 2407 posse.
935 2338 1089 2405 Quod
1116 2355 1264 2406 sane,
1292 2341 1356 2406 si,
1376 2352 1436 2394 ut
1461 2340 1632 2409 ipsius
1654 2339 1733 2393 rei
1762 2338 2014 2392 maiestas
2048 2338 2233 2408 exigit,
2268 2338 2324 2392 in
2348 2338 2576 2409 singulis
2596 2337 2680 2392 vel
2707 2336 2902 2393 artium
2929 2338 3249 2407 disciplinis,
3286 2340 3371 2393 vel
3404 2353 3494 2392 ea-

270 2430 505 2485 rundem
525 2433 751 2487 summis
770 2433 1115 2491 facultatibus
1136 2437 1506 2491 demonstrare
1528 2444 1690 2505 atque
1714 2435 1964 2489 evincere
1986 2435 2204 2499 vellem,
2221 2449 2433 2499 vereor,
2452 2451 2519 2490 ne
2546 2434 2602 2489 in
2628 2434 2898 2489 infinitum
2921 2434 3303 2489 extenderetur
3320 2434 3492 2489 oratio

268 2529 478 2575 nostra.
504 2521 660 2576 Modo
684 2525 873 2592 paucis
896 2542 1009 2580 rem
1030 2526 1301 2593 delibabo,
1321 2543 1410 2593 ne,
1433 2527 1578 2597 quod
1603 2526 1736 2592 dixi,
1754 2524 2037 2579 mendacio
2060 2526 2229 2595 magis
2250 2541 2408 2595 quam
2427 2526 2640 2581 veritati
2667 2541 2965 2596 congruum
2987 2541 3047 2580 ac
3070 2532 3493 2588 consentaneum

268 2613 542 2669 videatur.
580 2615 757 2686 Atque
798 2618 1087 2689 principio,
1130 2637 1310 2676 nonne
1350 2636 1539 2677 omnes
1576 2628 1743 2685 artes,
1780 2619 2148 2690 grammatica,
2188 2619 2491 2685 dialectica,
2530 2619 2827 2685 rhetorica,
2864 2619 3089 2683 musica,
3129 2610 3512 2698 arithmetica:

269 2712 587 2779 geometria,
616 2715 965 2778 astronomia,
996 2716 1228 2785 poetica,
1255 2717 1497 2787 politica,
1525 2715 1916 2785 therapeutica,
1948 2713 2186 2783 physica,
2223 2714 2493 2783 theologia
2522 2721 2683 2783 atque
2714 2712 2847 2767 adeo
2870 2714 3121 2767 universa
3153 2713 3493 2782 philosophia

269 2807 561 2876 omnisque
612 2806 1021 2877 disciplinarum
1071 2813 1253 2876 orbis,
1304 2828 1466 2882 quem
1514 2809 1996 2880 ὲγκυκλοπαιδείαν
2041 2824 2329 2874 vocamus,
2379 2817 2603 2879 graecos
2652 2809 2965 2862 etiamnunc
3018 2806 3194 2862 fontes
3244 2805 3496 2875 sapiunt?

299 2900 309 2969 Ι
340 2900 490 2956 Adeo
534 2910 594 2957 ut
627 2918 696 2958 ne
738 2902 959 2957 nomina
1007 2903 1223 2972 quidem
1262 2904 1390 2969 alia,
1429 2920 1589 2973 quam
1635 2903 1817 2957 nativa
1858 2909 1911 2955 et
1956 2912 2150 2973 graeca
2196 2900 2503 2963 admittant,
2532 2913 2709 2968 neque
2752 2913 2853 2951 nos
2894 2897 3015 2951 aliis
3051 2897 3363 2951 nominibus
3401 2911 3495 2950 eas

268 3007 646 3060 agnoscamus,
673 3010 847 3065 eoque
875 2996 990 3049 iure
1031 3010 1088 3049 se
1114 2996 1273 3050 nobis
1302 2997 1640 3065 permittant,
1666 3004 1726 3049 ut
1751 3012 1780 3050 a
1807 2994 2048 3049 fontibus
2081 2993 2288 3048 secludi
2316 3007 2425 3045 non
2451 2990 2746 3060 patiantur.
2774 2988 2829 3043 Si
2866 3005 2895 3043 a
2930 2988 3103 3042 literis
3126 2987 3273 3041 velut
3297 2986 3363 3039 ab
3391 3000 3496 3039 ovo

271 3098 392 3134 rem
418 3095 742 3149 retexamus,
771 3100 948 3138 nonne
974 3084 1153 3139 Latini
1177 3102 1366 3140 omnes
1394 3101 1517 3140 suas
1547 3086 1749 3158 literas,
1779 3100 1885 3138 una
1920 3083 2182 3138 duntaxat
2205 3091 2367 3151 atque
2390 3082 2560 3136 altera
2585 3080 2785 3140 demta,
2815 3096 2845 3133 a
2870 3078 3090 3134 Graecis
3111 3080 3363 3143 mutuati,
3392 3095 3493 3133 nec

272 3184 456 3230 tamen
492 3192 807 3247 graecarum
855 3178 1135 3233 literarum
1174 3180 1445 3234 concisam
1483 3180 1804 3235 brevitatem
1852 3186 1947 3232 aut
1991 3178 2172 3247 potius
2214 3177 2535 3247 elegantiam
2581 3175 2816 3245 perfecte
2854 3191 2917 3230 ac
2959 3176 3116 3245 plene
3147 3173 3221 3245 (a)
3262 3177 3491 3229 assecuti

271 3267 442 3323 sunt?
484 3266 640 3333 Quod
680 3269 826 3323 enim
868 3269 1049 3323 Latini
1092 3278 1350 3339 quatuor,
1382 3272 1437 3326 id
1483 3271 1677 3327 Graeci
1724 3271 1936 3326 duabus
1982 3272 2297 3341 exprimunt
2340 3271 2542 3335 literis,
2590 3270 2644 3325 id
2691 3271 2837 3340 quod
2885 3278 3110 3341 apparet
3153 3271 3208 3325 in
3256 3271 3501 3326 dictione-

269 3362 618 3431 ἀπόφθεγμα,
650 3364 851 3431 φθίσις,
879 3373 935 3417 et
972 3366 1263 3421 similibus.
1304 3367 1497 3422 Nonne
1531 3384 1747 3437 quoque
1786 3368 1957 3423 Gram]

1800 3367 2133 3423 Erammatici
2176 3365 2342 3419 huius
2384 3365 2599 3435 linguae
2626 3366 2820 3434 peritia
2854 3379 3197 3435 summopere
3228 3365 3488 3433 indigent,

270 3452 409 3506 adeo
435 3461 495 3506 ut
517 3453 611 3521 qui
636 3453 801 3508 Crista
830 3470 926 3523 pro
955 3453 1174 3521 Christe,
1204 3457 1393 3511 eleison
1420 3473 1520 3527 pro
1549 3458 1746 3511 eleeson
1772 3465 1827 3512 et
1849 3464 2045 3510 sonant
2076 3464 2131 3509 et
2166 3453 2430 3518 scribunt,
2456 3458 2619 3507 rudes
2644 3462 2806 3522 atque
2832 3454 3072 3507 omnium
3111 3469 3292 3508 rerum
3324 3454 3492 3523 ignari

270 3541 687 3597 existimentur?
714 3543 854 3611 Quid
885 3546 952 3601 de
988 3547 1288 3613 dialectica,
1316 3550 1514 3619 quidve
1541 3549 1608 3604 de
1634 3549 1903 3603 rhetorica
1940 3548 2148 3603 dicam?
2177 3546 2347 3613 Quam
2386 3545 2631 3610 inﬁnitis,
2662 3560 2883 3615 quaeso,
2915 3554 3143 3599 utuntur
3176 3545 3298 3600 illae
3331 3536 3505 3599 voca?

272 3630 439 3695 bulis,
468 3646 606 3701 quae
629 3633 824 3701 partim
854 3641 981 3687 sunt
1004 3651 1215 3705 graeca,
1243 3638 1439 3707 partim
1479 3653 1671 3693 eorum
1711 3638 2014 3693 imitatione
2054 3638 2214 3703 facta,
2244 3651 2479 3707 quorum
2505 3636 2615 3689 vim
2653 3652 2716 3690 ac
2746 3634 3192 3705 significationem
3220 3636 3313 3705 qui
3337 3635 3490 3705 igno-
3516 3650 3517 3653 ‘

270 3734 396 3780 rant
416 3741 579 3795 quam
602 3728 839 3797 graviter
860 3728 1280 3794 hallucinentur,
1305 3737 1494 3783 notum
1516 3730 1788 3784 omnibus.
1827 3730 1895 3783 Et
1924 3736 2071 3785 certe
2100 3729 2267 3783 multa
2302 3736 2430 3782 sunt
2461 3727 2993 3797 apud'Aristotelem,
3025 3742 3162 3796 quae
3199 3734 3293 3781 aut
3324 3727 3492 3781 latine

272 3814 560 3870 transferri
598 3816 800 3885 optime
833 3831 901 3870 ne
933 3817 941 3887 |
972 3825 1198 3886 queunt,
1237 3828 1330 3873 aut
1366 3819 1622 3873 translata
1650 3819 1757 3873 alio
1802 3834 1963 3873 sensu
2006 3819 2349 3889 accipiuntur
2403 3834 2431 3871 a
2474 3818 2777 3887 legentibus
2814 3834 2975 3887 quam
3010 3818 3077 3873 ab
3114 3833 3181 3872 eo
3216 3817 3489 3872 dicuntur.

271 3908 416 3974 Quin
438 3916 495 3962 et
515 3916 702 3978 poetas
726 3924 1043 3979 graecarum
1076 3910 1355 3963 literarum
1391 3909 1607 3978 ignaros
1628 3909 1898 3963 incassum
1926 3909 2165 3963 laborem
2194 3910 2471 3978 suscipere
2503 3924 2566 3963 ac
2582 3926 2866 3979 nunquam
2898 3911 3173 3965 Musarum
3193 3912 3492 3980 penetralia

273 3994 486 4065 ingredi
521 4010 680 4064 posse
700 3996 787 4050 vel
808 4012 875 4049 ex
896 4012 962 4051 eo
992 4005 1157 4066 patet,
1181 3997 1326 4065 quod
1350 4011 1538 4050 omnes
1561 3996 1772 4051 fabulae
1796 4012 1859 4051 ac
1882 3996 2135 4067 figmenta
2158 3999 2369 4067 poetica
2399 4014 2429 4052 e
2454 3997 2672 4053 Graecis
2700 4001 2986 4068 pendeant.
3014 4001 3154 4067 Quid
3183 4001 3249 4055 de
3278 4001 3491 4056 mathe-

272 4089 490 4145 maticis
511 4090 753 4145 scientiis
774 4090 995 4159 loquar?
1018 4091 1144 4145 Illae
1167 4100 1275 4145 tam
1298 4098 1524 4160 possunt
1550 4091 1665 4145 sine
1689 4091 1897 4160 graecis
1918 4090 2096 4145 literis
2117 4090 2353 4159 perfecte
2384 4092 2579 4156 teneri,
2597 4106 2756 4159 quam
2785 4091 2899 4145 sine
2921 4092 3126 4161 graecis
3141 4090 3493 4145 auctoribus?

272 4183 426 4248 Quis,
457 4198 678 4253 quaeso,
710 4183 813 4236 nisi
844 4182 1085 4237 Graecus
1114 4181 1377 4249 intelliget
1405 4180 1716 4233 Euclidem?
1746 4181 1869 4248 quis
1898 4180 2301 4235 Ptolemaeum?
2332 4181 2456 4249 quis
2484 4182 2777 4235 Proclum?
2810 4181 2942 4246 Quis
2980 4181 3088 4235 nisi
3126 4179 3365 4235 Graecus
3400 4195 3493 4232 ex-

274 4273 499 4342 plicabit
534 4272 664 4341 quid
707 4273 779 4327 sit
814 4274 1065 4342 trigonus,
1095 4270 1226 4340 quid
1264 4278 1585 4340 tetragonus,
1619 4269 1749 4339 quid
1780 4287 1978 4335 manas,
2011 4271 2140 4340 quid
2174 4272 2321 4335 trias,
2353 4270 2483 4340 quid
2524 4272 2780 4342 diapente,
2815 4272 2944 4340 quid
2983 4271 3327 4334 diatessaron,
3361 4268 3493 4338 quid

273 4369 575 4433 mentrici,
605 4367 738 4437 quid
768 4367 1099 4438 syncentrici,
1134 4364 1266 4433 quid
1309 4364 1560 4433 epicyclii,
1590 4363 1721 4433 quid
1760 4363 2007 4434 eclypses,
2034 4373 2091 4418 et
2123 4365 2242 4419 eius
2277 4366 2492 4433 generis
2537 4374 2684 4419 tanta
2725 4368 2903 4431 turba,
2935 4376 2997 4420 ut
3039 4365 3311 4420 audiendo
3342 4365 3494 4433 prius

272 4474 438 4526 quam
463 4457 939 4512 commemorando
967 4456 1147 4510 omnia
1174 4454 1455 4525 defatigari
1478 4455 1601 4524 quis
1628 4455 1815 4525 possit.
1857 4454 1937 4509 Ad
1970 4457 2140 4510 serias
2172 4472 2299 4511 vero
2323 4465 2484 4527 atque
2513 4459 2709 4513 arduas
2737 4459 2782 4511 si
2809 4457 3125 4527 progrediar
3155 4440 3501 4525 disciplinas,

273 4550 546 4604 medicina
568 4557 851 4620 tantopere
881 4548 1085 4618 indiget
1110 4547 1318 4617 graecis
1338 4546 1529 4610 literis,
1556 4555 1615 4599 ut
1638 4546 1731 4615 qui
1756 4546 1873 4600 eius
1896 4546 2201 4616 cognitione
2229 4554 2465 4611 careant,
2492 4546 2644 4613 dum,
2672 4555 2732 4603 ut
2759 4554 2918 4616 poeta
2942 4546 3107 4609 canit,

1007 4662 1276 4733 Φάρμακα
1306 4659 1474 4713 πολλὰ
1505 4659 1816 4730 μεμιγμένα
1848 4659 2023 4730 λυγρὰ
2047 4660 2139 4715 καὶ
2162 4658 2327 4713 ἐσθλά

274 4805 607 4870 ministrant,
636 4814 884 4877 aegrotos
918 4820 1029 4859 non
1060 4819 1185 4858 raro
1226 4803 1281 4858 in
1314 4810 1619 4857 extremum
1652 4800 1795 4855 vitae
1827 4800 2131 4870 periculum
2161 4800 2470 4855 coniiciant.
2500 4800 2635 4856 Cum
2662 4800 2809 4855 enim
2842 4800 2981 4870 phar
3010 4800 3021 4871 |
3053 4814 3348 4863 macorum,
3384 4815 3488 4852 un-

272 4907 623 4968 guentorum,
648 4899 1111 4967 cataplasmatum,
1139 4896 1442 4965 potionum,
1470 4901 1824 4957 ceromatum,
1853 4893 1982 4946 item
2010 4891 2383 4956 animantium,
2411 4892 2740 4961 plantarum,
2766 4908 3120 4963 gemmarum,
3150 4891 3488 4955 morborum,

274 4980 665 5051 remediorum,
690 4986 1195 5049 instrumentorum,
1232 4982 1532 5053 ponderum
1560 4991 1615 5037 et
1642 4997 2017 5037 mensurarum
2048 4980 2311 5039 vocabula
2340 4983 2521 5037 omnia
2548 4983 2659 5037 sint
2695 4998 2905 5054 graeca,
2934 4984 3076 5052 quis,
3106 4998 3328 5053 quaeso,
3354 4981 3491 5035 citra

274 5077 441 5132 huius
482 5078 699 5151 linguae
731 5080 1096 5151 cognitionem
1134 5078 1296 5149 periti
1346 5074 1544 5132 medici
1586 5076 1746 5131 laude
1785 5092 1850 5131 ac
1886 5076 2179 5145 praeconio
2221 5075 2474 5131 exornari
2511 5076 2822 5130 mereatur?
2847 5076 2979 5143 Quis
3018 5076 3401 5145 Hippocratem
3438 5082 3492 5126 et

270 5172 541 5228 Calenum
561 5175 805 5231 omnium
830 5176 1164 5231 medicorum
1190 5173 1513 5245 κορυφαίους
1539 5181 1594 5227 et
1620 5172 1923 5242 δᾳδούχους,
1952 5191 1958 5221 ι

1548 5181 1594 5227 et
1620 5172 1923 5242 δᾳδούχους,
1952 5170 2019 5225 de
2046 5170 2247 5240 quibus
2273 5187 2332 5227 re
2359 5187 2486 5226 vera
2515 5171 2623 5226 dici
2652 5174 2831 5241 posset
2860 5166 3002 5238 quod
3036 5166 3236 5220 fuerint

1018 5285 1215 5357 ’ἰητροὶ
1237 5283 1443 5354 ἀνδρῶν
1483 5283 1690 5338 πολλῶν
1723 5282 1960 5347 amato:
1989 5282 2181 5349 ἄλλων,

272 5425 421 5496 quis,
448 5425 691 5495 inquam,
712 5439 808 5480 eos
836 5423 1038 5494 absque
1064 5424 1230 5479 huius
1269 5424 1484 5495 linguae
1522 5424 1747 5480 scientia
1782 5423 2064 5493 intelliget,
2094 5422 2216 5492 quis
2244 5421 2521 5491 enodabit,
2547 5424 2670 5493 quis
2702 5422 2994 5492 genuinum
3032 5433 3331 5486 verumque
3364 5433 3491 5471 sen-

272 5533 398 5573 sum
420 5533 489 5573 ex
512 5517 581 5572 iis
603 5516 794 5573 eruet?
812 5515 925 5572 Nec
952 5530 1084 5571 vero
1106 5515 1241 5570 iuris
1258 5517 1600 5585 prudentiam
1625 5529 1844 5585 graecae
1866 5513 2080 5583 linguae
2108 5511 2437 5569 adminiculo
2459 5527 2644 5569 carere
2668 5528 2845 5583 posse,
2876 5510 3002 5565 hinc
3034 5509 3091 5565 fit
3122 5506 3487 5567 manifestum.

1782 5669 2027 5727 NOTAE.

348 5793 428 5865 (a)
464 5792 643 5859 Corn,
674 5792 844 5850 Palth.
878 5791 1035 5865 pleni.
1067 5792 1211 5847 Eutr.
