4274 6358
787 386 892 443 503
1769 384 2159 441 ZACllARIAE
2205 384 2573 442 PALTllENll
2615 385 2999 443 PRAEFA'IIO
3921 394 4030 452 ω

784 501 928 573 quod
953 500 1211 570 epistolae
1240 511 1297 555 et
1340 501 1600 569 rescripta
1631 500 2019 570 imperatorum
2062 503 2404 571 aliorumque
2444 504 2935 557 iureconsultorum
2966 518 3225 571 responsa
3255 504 3515 575 pleraque
3548 524 3799 565 sermone
3831 528 4028 581 graeco

784 596 990 665 prolata
1023 602 1184 663 atque
1208 594 1356 649 edita
1381 595 1509 659 sint,
1537 596 1847 665 multaeque
1872 612 2033 651 voces
2060 605 2117 651 et
2148 598 2450 651 sententiae
2476 614 2795 667 graecorum
2823 598 3295 668 philosophorum,
3322 611 3607 671 poetarum
3646 614 3703 659 et
3738 616 4027 664 oratorum

784 701 1036 759 tanquam
1068 705 1311 759 gemmae
1339 699 1395 743 et
1418 690 1623 743 lumina
1660 692 1929 746 orationis
1963 692 2029 745 ad
2068 707 2157 747 res
2198 692 2593 761 significantius
2620 693 3001 763 exprimendas
3031 693 3268 749 insertae
3292 697 3419 753 sint.
3447 683 3597 765 Quin
3623 701 3789 756 etiam
3816 704 4030 773 aliquot

780 794 909 839 sunt
946 786 1094 855 leges
1130 794 1186 839 et
1217 784 1382 849 tituli,
1418 801 1558 854 quos
1587 794 1730 840 totos
1761 802 1791 841 a
1844 786 1854 857 |
1905 786 2129 841 Graecis
2172 789 2403 842 mutuati
2446 797 2576 843 sunt
2610 788 2987 851 iureconsulti,
3020 788 3090 842 ab
3122 788 3413 844 Aristotele
3446 792 3705 851 nimirum
3740 793 3935 849 titulus
3962 796 4029 849 de

779 878 974 939 usuris,
1004 891 1035 930 a
1069 876 1289 931 Platone
1322 878 1376 947 fr.
1410 878 1474 933 de
1514 882 1761 936 nundinis
1796 882 1834 937 ι.
1859 882 1912 947 2,
1948 883 2028 937 sic
2071 884 2262 938 titulus
2290 883 2352 935 de
2382 886 2560 953 poenis
2602 899 2670 939 ex
2706 885 2943 939 Homero
2981 892 3036 939 et
3070 884 3451 941 Demosthene.
3495 886 3853 958 Summopere
3893 905 4029 961 ergo

778 986 1093 1039 graecarum
1124 971 1405 1027 literarum
1434 989 1537 1043 ope
1575 976 1781 1048 indiget
1824 978 2003 1048 legum
2034 980 2232 1049 cupida
2262 982 2535 1035 iuventus.
2564 980 2752 1047 Quoad
2790 980 3116 1051 theologiam
3145 997 3298 1047 vero,
3328 998 3468 1053 quae
3493 984 3655 1039 nobis
3679 997 4027 1042 sacrosancta

778 1066 998 1120 oracula
1025 1076 1185 1135 atque
1213 1066 1350 1121 adeo
1372 1069 1562 1124 salutis
1587 1080 1803 1126 nostrae
1826 1088 2090 1128 summam
2114 1075 2301 1139 tradit,
2328 1075 2373 1129 si
2395 1076 2522 1145 quis
2546 1076 2710 1130 huius
2732 1076 2948 1146 linguae
2979 1075 3288 1145 cognitione
3313 1095 3371 1135 se
3392 1095 3581 1135 carere
3610 1096 3768 1151 posse
3796 1094 4025 1147 asserat,

781 1162 825 1215 is
870 1162 1001 1215 mihi
1038 1179 1147 1216 non
1182 1166 1411 1219 multum
1453 1167 1720 1223 absimilis
1755 1170 1974 1225 videtur
1999 1188 2117 1226 esse
2146 1172 2220 1236 ei,
2248 1172 2340 1242 qui
2366 1173 2571 1242 absque
2601 1173 2936 1227 nutrimento
2961 1180 3016 1227 et
3043 1172 3169 1226 cibo
3202 1189 3400 1245 corpus
3432 1177 3638 1229 salvum
3666 1185 3721 1231 et
3748 1176 4027 1233 incolume

779 1255 1089 1307 conservari
1137 1258 1341 1310 statuit.
1391 1258 1581 1313 Nonne
1620 1276 1809 1315 omnes
1850 1264 2254 1333 Evangelistae,
2300 1274 2528 1334 excepto
2569 1280 2682 1319 uno
2726 1264 3028 1327 Matthaeo,
3077 1280 3259 1317 nonne
3305 1281 3497 1321 omnes
3546 1268 3811 1337 epistolae
3846 1268 4031 1332 Pauli,

778 1361 959 1401 nonne
983 1350 1318 1421 apocalypsis
1343 1352 1569 1408 Joannis
1594 1371 1788 1425 graeco
1822 1372 2073 1412 sermone
2100 1360 2400 1429 perscripta
2440 1368 2499 1414 et
2537 1360 2605 1413 ad
2640 1375 2741 1413 nos
2776 1358 2952 1413 delata
2992 1360 3107 1414 est?
3138 1359 3327 1413 Nonne
3364 1359 3615 1422 Basilius,
3643 1375 3824 1414 nonne
3849 1358 4026 1431 Chry-

777 1447 1065 1504 sostomus,
1095 1457 1273 1499 nonne
1298 1444 1690 1513 Nazianzenus,
1723 1467 1905 1507 nonne
1932 1454 2221 1519 Eusebius,
2254 1470 2434 1509 nonne
2467 1453 2747 1524 Origenes,
2776 1471 2957 1510 nonne
2990 1455 3452 1525 Theophylactus,
3481 1472 3663 1510 nonne
3694 1456 4029 1511 Athanasius

777 1544 937 1602 atque
967 1536 1323 1606 Epiphanius,
1350 1544 1451 1597 viri
1477 1543 1621 1598 vitae
1646 1548 2000 1601 sanctimonia
2030 1557 2193 1617 atque
2217 1550 2528 1603 eruditione
2554 1550 2940 1613 commendati,
2965 1564 3090 1604 cum
3120 1549 3321 1618 quibus
3344 1565 3505 1618 quem
3535 1564 3818 1619 compares
3842 1550 4029 1603 cuius-

777 1640 993 1695 cunque
1031 1632 1113 1684 vel
1144 1631 1356 1703 linguae
1387 1638 1470 1691 vel
1515 1638 1712 1693 aetatis
1746 1640 2076 1711 theologum,
2109 1658 2217 1695 non
2254 1643 2411 1697 facile
2443 1643 2604 1697 video
2636 1662 2648 1696 :
2677 1658 2879 1706 nonne,
2908 1644 3149 1712 inquam,
3179 1658 3373 1697 omnes
3410 1657 3606 1713 graeco
3639 1658 3893 1697 sermone
3926 1658 4027 1697 sua

776 1730 940 1785 Opera
967 1724 1444 1794 Conscripserunt?
1476 1734 1608 1799 Quis
1634 1753 1763 1807 ergo
1788 1755 1855 1791 ex
1879 1739 1985 1793 illis
2008 1739 2169 1794 nobis
2196 1740 2413 1794 futurus
2443 1740 2528 1794 fru
2561 1740 2571 1811 ι
2602 1749 2742 1804 ctus,
2764 1756 2902 1809 quae
2931 1740 3228 1795 consolatio
3254 1748 3349 1793 aut
3374 1740 3686 1802 oblectatio,
3714 1739 3758 1793 si
3797 1754 4027 1810 graecae

774 1813 990 1884 linguae
1014 1822 1253 1876 studium
1279 1829 1707 1899 negligeremus?
1735 1835 1926 1889 Nullus
1961 1844 2131 1889 certe.
2171 1837 2239 1889 Et
2266 1845 2417 1891 certe
2470 1836 2574 1890 hoc
2610 1843 2788 1905 pacto,
2818 1835 2964 1905 quod
3003 1835 3164 1899 absit,
3197 1834 3386 1891 irritus
3422 1846 3585 1904 atque
3629 1836 3809 1890 inanis
3843 1836 4028 1890 omnis

777 1909 991 1969 lllorum
1024 1916 1177 1971 labor
1205 1919 1414 1977 fuisset.
1449 1927 1643 1983 Fateor
1670 1930 1913 1999 quidem,
1945 1946 2011 1984 ex
2040 1930 2249 1987 Latinis
2276 1941 2493 2001 gustum
2536 1932 2830 1986 maximum
2870 1930 3082 1984 hauriri
3123 1938 3287 1999 atque
3327 1932 3533 2001 percipi
3572 1946 3752 2001 posse,
3780 1939 4025 1987 attamen

778 2008 879 2063 hac
905 2010 958 2064 in
986 2024 1139 2081 parte
1167 2027 1360 2086 poetae
1389 2022 1693 2095 adstipulor
1723 2027 1814 2096 qui
1845 2027 1991 2081 canit
2021 2045 2033 2079 :

1511 2160 1727 2217 Gratius
1757 2178 1819 2216 ea:
1844 2164 1957 2233 ipso
1988 2165 2128 2232 fonte
2154 2163 2400 2216 bibuntur
2429 2178 2619 2232 aquae.

775 2297 919 2353 Haec
940 2315 1071 2371 ergo
1121 2316 1290 2371 quam
1337 2302 1521 2355 omnia
1563 2300 1655 2365 ita,
1683 2307 1744 2355 ut
1768 2301 1901 2365 dixi,
1935 2300 2014 2355 sic
2048 2314 2105 2353 se
2141 2295 2397 2364 habeant,
2436 2299 2559 2367 quis
2596 2296 2733 2351 adeo
2770 2297 3045 2367 pervicax,
3077 2293 3214 2349 adeo
3270 2292 3573 2346 obstinatae
3619 2285 3841 2348 mentis,
3885 2281 4024 2338 adeo

773 2395 942 2450 durae
987 2398 1221 2455 cervicis
1262 2408 1425 2469 atque
1470 2399 1607 2455 adeo
1649 2400 1890 2470 perversi
1933 2396 2121 2453 iudicii
2163 2413 2282 2453 esse
2322 2396 2515 2467 possit,
2542 2397 2634 2467 qui
2680 2404 2886 2451 tantam
2930 2395 3095 2449 huius
3134 2394 3347 2462 linguae
3379 2385 3787 2459 praestantiam,
3814 2392 4024 2436 tantam

773 2489 1093 2560 dignitatem
1146 2492 1507 2563 dignitatique
1552 2495 1900 2549 coniunctam
1938 2492 2232 2548 utilitatem
2267 2508 2376 2547 non
2414 2501 2690 2564 agnoscat,
2729 2491 2964 2562 agnitam
3008 2488 3310 2560 praedicet,
3349 2494 3512 2552 atque
3550 2479 3750 2535 debilis
3796 2474 4023 2529 Ιιυάυω

771 2589 1038 2644 encomiis
1076 2590 1271 2644 ornet?
1305 2590 1471 2647 Recte
1510 2588 1677 2660 igitur
1719 2600 1883 2659 atque
1919 2588 2123 2659 optime
2162 2587 2383 2643 subtilis
2424 2586 2614 2643 iudicii
2649 2596 2813 2657 atque
2852 2585 3152 2658 profundae
3192 2581 3518 2638 eruditionis
3556 2575 3642 2630 vir
3678 2574 3745 2629 Β·
3780 2571 3838 2626 S-
3873 2569 4026 2625 νεὶυι

773 2684 1023 2753 παρῳδὸς
1051 2685 1119 2740 de
1150 2685 1251 2742 hac
1279 2686 1461 2757 lingua
1492 2686 1643 2741 canit
1674 2702 1689 2739 ι

1511 2803 1777 2876 Γλῴσσηςν
1801 2803 2073 2876 θησαυρὸς
2103 2804 2358 2873 γλῶσσαν
2383 2804 2537 2875 παρὰ
2558 2806 2740 2859 πᾶσαν
2768 2804 2989 2876 ἄριστος

1514 2875 1866 2946 Ἐλλαδικῆςέ
1882 2875 2072 2929 πασῶν
2098 2877 2335 2947 χαρίτων
2361 2878 2469 2930 πᾶν
2494 2876 2694 2949 μέτρον
2724 2875 2977 2947 ἐχούσης.

774 3004 841 3060 Ει
864 3006 1106 3074 quidem,
1135 3018 1194 3063 ut
1226 3004 1457 3082 ingenue
1490 3014 1685 3077 fatear,
1718 3022 1902 3070 tantus
1942 3027 2030 3071 me
2064 3015 2230 3070 huius
2265 3016 2480 3087 linguae
2516 3015 2741 3071 incessit
2762 3028 2938 3079 amor,
2968 3023 3117 3069 tanta
3147 3029 3235 3069 me
3263 3028 3293 3068 a
3322 3012 3528 3067 teneris
3561 3011 3677 3067 fere
3713 3011 4025 3083 unguiculis

771 3095 1007 3153 detinuit
1035 3101 1325 3170 cupiditas,
1359 3112 1421 3158 ut
1449 3118 1547 3176 per
1572 3113 1746 3160 totum
1771 3115 2036 3162 semestre
2063 3107 2321 3177 spatium,
2352 3108 2555 3161 invidia
2580 3106 2730 3162 dicto
2752 3107 2914 3171 absit,
2948 3104 2958 3175 |
2990 3105 3086 3160 uni
3115 3104 3351 3160 Homero

1786 3247 1825 3301 Α
1860 3264 1960 3316 quo
1987 3262 2078 3299 ceu
2116 3245 2257 3315 fonte
2285 3248 2502 3315 perenni

1704 3315 1892 3370 Vatum
1915 3316 2105 3370 Pieriis
2140 3334 2234 3369 ora
2266 3319 2507 3385 rigantur
2533 3318 2703 3383 aquis,

769 3444 1119 3517 perlegendo,
1165 3447 1457 3521 relegendo
1491 3460 1655 3522 atque
1688 3451 2039 3515 revolvendo,
2073 3459 2249 3506 totum
2280 3466 2367 3504 me
2407 3449 2679 3504 dederim.
2728 3447 2875 3505 ldem
2906 3448 3055 3503 enim
3085 3447 3367 3503 accidebat
3410 3447 3565 3513 mihi,
3606 3448 3752 3518 quod
3797 3447 3885 3505 iis.
3929 3446 4024 3516 qui

770 3538 966 3608 exiguo
991 3542 1175 3611 aliquo
1211 3542 1521 3598 divinorum
1555 3546 1935 3616 mysteriorum
1970 3555 2129 3615 gustu
2160 3552 2441 3614 percepto,
2471 3560 2585 3615 quo
2616 3545 2825 3615 majora
2855 3543 2961 3597 sibi
2986 3543 3219 3597 revelata
3258 3542 3464 3597 fuerint
3493 3542 3688 3612 gaudia
3719 3542 4023 3603 caelorum,

769 3644 837 3685 eo
864 3631 1159 3691 ardentiori
1184 3633 1456 3691 desiderio
1483 3645 1756 3692 tenentur.
1791 3638 1879 3691 Sic
1906 3653 2007 3707 ego
2029 3654 2138 3707 quo
2168 3638 2361 3706 majori
2382 3636 2596 3690 fervore
2619 3635 2918 3706 scriptores
2936 3650 3161 3705 graecos
3181 3644 3295 3689 tum
3316 3635 3527 3689 solutae
3551 3642 3665 3689 tum
3684 3634 3881 3704 ligatae
3902 3649 4027 3688 ora—

772 3726 935 3781 tionis
962 3730 1301 3795 evolvebam,
1334 3747 1401 3786 eo
1422 3733 1799 3789 vehementius
1818 3742 2002 3790 aestus
2035 3734 2126 3789 ille
2155 3733 2321 3787 animi
2346 3730 2669 3787 inﬂammari
2696 3740 2859 3800 atque
2893 3730 3109 3785 incendi
3134 3730 3331 3799 coepit,
3364 3730 3500 3783 adeo
3518 3739 3581 3783 ut
3613 3744 3699 3783 me
3726 3727 3875 3782 illius
3905 3736 4025 3781 stu-

771 3818 847 3873 dii
887 3820 1034 3876 nulla
1062 3838 1299 3892 unquam
1327 3824 1579 3896 ἀψικορία
1610 3825 1997 3882 autfastidium
2032 3829 2261 3897 ceperit,
2295 3835 2351 3883 et
2375 3842 2485 3895 quo
2516 3824 2691 3895 magis
2738 3825 3035 3888 esurirem,
3080 3839 3359 3893 nunquam
3398 3832 3578 3879 tamen
3610 3823 3779 3877 fames
3807 3822 3900 3875 illa
3932 3836 4024 3873 se-

768 3910 908 3976 dari,
932 3914 1137 3983 expleri
1161 3925 1254 3970 aut
1275 3919 1576 3976 exsaturari
1604 3920 1859 3989 potuerit.
1900 3920 2187 3990 Quumque
2207 3920 2309 3975 hac
2335 3919 2514 3974 hieme
2536 3935 2567 3973 a
2596 3920 2873 3975 continuis
2895 3916 3197 3980 laboribus,
3221 3918 3422 3985 quibus
3448 3918 3590 3970 ultra
3612 3912 4025 3983 sesquiennium

769 4005 1017 4071 obrutus,
1048 4022 1155 4061 non
1198 4017 1379 4063 tamen
1413 4020 1706 4079 Oppressus
1733 4011 1831 4077 fui,
1862 4013 2148 4082 respiratio
2178 4012 2372 4082 exigua
2406 4012 2821 4075 concederetur,
2848 4009 3014 4064 incidi
3052 4008 3192 4064 forte
3232 4010 3447 4063 fortuna
3480 4010 3535 4062 in
3574 4017 3820 4063 sanctum
3859 4016 4025 4075 atque

768 4096 1014 4152 divinum
1045 4101 1216 4155 sancti
1244 4104 1416 4170 patris
1447 4103 1662 4160 Macarii
1694 4122 1851 4175 opus,
1877 4105 2245 4161 sanctissimas
2283 4107 2541 4160 nimirum
2572 4113 2735 4174 atque
2755 4118 2965 4158 summa
2994 4102 3194 4171 pietate
3228 4102 3455 4157 refertas
3479 4100 3762 4163 Homilias,
3788 4113 4025 4168 quarum

768 4188 931 4245 lectio
958 4207 1043 4245 me
1074 4192 1211 4246 adeo
1236 4195 1547 4261 oblectavit,
1583 4198 1851 4251 recreavit
1881 4205 1937 4251 et
1968 4197 2223 4261 detinuit,
2263 4207 2343 4260 ut,
2366 4198 2683 4268 priusquam
2720 4194 2896 4264 spatio
2950 4194 3116 4249 trium
3167 4193 3381 4247 dierum
3424 4190 3627 4245 librum
3672 4192 4020 4258 evolvissem,

769 4283 1041 4349 perversis
1077 4284 1215 4337 meis
1237 4285 1357 4353 cogi
1389 4284 1398 4353 |
1430 4286 1729 4342 tationibus
1744 4286 1967 4341 omnino
1992 4302 2211 4356 gravem
2235 4298 2292 4341 et
2324 4288 2614 4341 molestum
2646 4302 2731 4339 me
2752 4285 3116 4339 exhibuerim.
3143 4285 3315 4337 Tanta
3346 4283 3491 4337 enim
3518 4282 3782 4352 religione
3810 4293 4025 4337 scatent

770 4371 871 4427 hae
895 4374 1148 4429 homiliae
1179 4384 1341 4446 atque
1375 4394 1673 4443 sermones,
1704 4389 1763 4433 ut
1788 4382 1872 4433 vel
1899 4380 1952 4433 in
1992 4395 2163 4449 agone
2202 4380 2394 4433 mortis
2432 4379 2788 4433 constitutum
2824 4378 2878 4429 in
2913 4378 3079 4430 vitam
3103 4376 3387 4436 reducere,
3434 4385 3598 4443 atque
3648 4373 4025 4428 consolatione

769 4465 856 4532 pia
891 4476 1107 4534 praesto
1138 4484 1257 4524 esse
1290 4479 1510 4539 queant.
1545 4470 1766 4526 Summa
1791 4488 1921 4542 ergo
1941 4472 2207 4528 suavitate
2232 4472 2397 4525 huius
2415 4471 2741 4527 sacerrimae
2762 4470 3013 4524 lectionis
3038 4470 3253 4523 illectus
3276 4476 3437 4537 atque
3464 4466 3769 4527 devinctus,
3802 4465 4025 4518 tandem

769 4560 1061 4631 insignium
1091 4564 1297 4632 aliquot
1334 4572 1387 4617 et
1409 4566 1823 4635 praecipuarum
1853 4566 2198 4621 homiliarum
2244 4567 2550 4621 versionem
2595 4564 2881 4634 aggredior
2922 4563 3177 4626 latinam;
3218 4576 3325 4613 non
3367 4568 3547 4612 tamen
3588 4574 3655 4612 eo
3687 4556 3890 4619 animo,
3941 4564 4023 4619 ut,

768 4669 902 4722 quas
932 4653 1097 4709 latina
1128 4664 1275 4708 veste
1306 4672 1646 4722 exornaram,
1671 4660 1824 4713 alteri
1849 4675 2064 4713 mecum
2100 4668 2283 4713 essent
2326 4674 2664 4720 communes,
2706 4656 2801 4711 sed
2832 4665 2893 4708 ut
2918 4655 3100 4708 aridos
3130 4652 3333 4722 ingenii
3362 4651 3469 4705 mei
3500 4649 3705 4703 rivulos
3733 4649 4024 4717 irrigarem

769 4754 931 4817 atque
957 4748 1190 4804 incultos
1212 4752 1504 4806 memoriae
1526 4752 1728 4821 agellos
1748 4752 2071 4816 excolerem,
2094 4751 2240 4817 Quas
2258 4750 2522 4804 latinitate
2547 4750 2773 4803 donatas
2793 4762 2960 4817 quum
2988 4746 3129 4815 apud
3148 4762 3233 4799 me
3255 4744 3663 4812 conspexissent
3682 4738 3783 4792 viri
3799 4738 4023 4807 quidam

768 4855 877 4895 non
897 4840 1111 4895 infimae
1130 4842 1547 4896 existimationis
1565 4838 1978 4905 eruditionisve,
2004 4840 2079 4895 illi
2098 4851 2351 4911 coeptum
2377 4856 2590 4911 urgere,
2614 4840 2815 4893 instare
2842 4854 2903 4892 ac
2918 4838 3119 4901 dicere,
3141 4853 3247 4899 me,
3269 4836 3335 4898 si,
3354 4850 3515 4904 quam
3536 4832 3834 4901 coepissem
3858 4830 4023 4883 telam

769 4942 1077 5002 pertexere,
1097 4935 1163 4988 ad
1191 4934 1353 4991 finem
1380 4934 1760 5004 perducerem,
1790 4942 1905 4989 tum
1932 4932 2163 5002 cupidae
2182 4946 2499 5002 graecarum
2528 4930 2812 4985 literarum
2831 4927 3124 4991 iuventuti,
3154 4935 3268 4981 tum
3298 4924 3497 4979 ceteris
3519 4922 3794 4982 omnibus,
3821 4919 4029 4988 quibus

768 5030 981 5091 animae
1009 5030 1156 5085 salus
1181 5046 1239 5084 re
1264 5046 1392 5093 vera
1418 5046 1581 5085 curae
1608 5039 1709 5095 est,
1739 5042 1855 5083 rem
1884 5044 1995 5083 non
2020 5028 2245 5083 omnino
2270 5028 2534 5097 ingratam
2559 5025 2973 5095 praestiturum.
2992 5020 3234 5086 Quorum
3270 5016 3487 5071 tandem
3511 5012 3720 5067 ardenti
3748 5009 4024 5065 desiderio

768 5130 823 5177 et
844 5124 1130 5185 voluntati,
1153 5124 1297 5192 quod
1320 5136 1555 5192 aequum
1580 5132 1715 5185 erat,
1743 5120 2053 5174 satisfacere
2077 5118 2324 5189 cupiens,
2349 5133 2507 5187 opus,
2534 5115 2677 5186 quod
2703 5130 2885 5185 spero,
2912 5128 3021 5167 non
3048 5110 3242 5165 inutile
3267 5109 3322 5161 in
3349 5121 3542 5160 manus
3569 5104 3801 5173 sumpsi,
3834 5103 3889 5156 in
3911 5118 4022 5171 quo

767 5226 1028 5285 quantum
1052 5215 1256 5275 laboris
1279 5216 1551 5283 posuerim
1577 5223 1669 5269 aut
1710 5230 1804 5271 sus
1834 5213 1843 5284 |
1876 5212 2154 5277 tinuerim,
2184 5222 2349 5271 testes
2369 5221 2533 5266 erunt
2573 5209 2632 5273 ii,
2655 5210 2747 5278 qui
2774 5224 2910 5278 quos
2946 5208 3063 5261 dies
3098 5214 3393 5273 noctesque
3430 5201 3487 5254 in
3518 5196 3884 5269 typographiis
3918 5210 4021 5249 no-v

768 5309 897 5361 stris
925 5308 1140 5361 labores
1165 5308 1438 5376 impendo,
1464 5315 1692 5361 norunt.
1717 5307 1789 5362 Ut
1807 5308 1952 5361 enim
1969 5307 2142 5361 factae
2165 5306 2512 5375 promissioni
2534 5314 2696 5373 atque
2728 5303 2879 5373 prelo
2901 5300 3289 5360 satisfacerem,
3315 5304 3610 5350 nocturnas
3633 5290 3895 5361 quasdam
3919 5289 4021 5342 ho-

765 5416 855 5458 ras
887 5399 1145 5453 suffurari
1172 5414 1392 5453 necesse
1418 5398 1538 5462 fuit,
1567 5414 1797 5467 quarum
1825 5407 2005 5453 tamen
2028 5397 2304 5450 molestias
2337 5405 2393 5449 et
2418 5395 2787 5464 asperitatem,
2817 5402 2877 5446 ut
2902 5406 3012 5444 non
3049 5387 3525 5458 persentiscerem,
3554 5384 3687 5438 vicit
3721 5396 3875 5435 amor
3912 5380 4020 5436 linw

766 5508 925 5560 guae,
945 5492 1222 5561 superavit
1244 5492 1357 5560 ipsa
1378 5493 1560 5561 operis
1584 5492 1906 5554 amoenitas,
1931 5492 2131 5551 levavit
2154 5490 2588 5544 consolationum
2616 5488 2795 5558 copia,
2818 5479 3014 5539 molliit
3038 5481 3291 5537 caelestis
3315 5480 3499 5535 animo
3515 5478 3730 5547 depicta
3776 5474 4020 5544 requies,

766 5584 902 5638 adeo
954 5594 1033 5646 ut,
1064 5583 1279 5654 Sisyphi
1304 5600 1492 5638 saxum
1518 5584 1646 5637 dum
1674 5585 1970 5647 volverem,
1995 5583 2048 5636 id
2078 5599 2105 5636 a
2135 5599 2221 5637 me
2254 5583 2395 5637 volvi
2423 5582 2647 5637 minime
2666 5580 2947 5635 sentirem.
2971 5576 3237 5643 Quoniam
3266 5588 3417 5636 vero,
3459 5582 3521 5626 ut
3551 5571 3672 5625 fieri
3700 5570 3862 5631 solet,
3908 5584 4021 5622 non

768 5680 1051 5737 defuturos
1078 5679 1377 5748 iniquiores
1407 5680 1620 5749 aliquos
1653 5695 1908 5734 censores
1932 5687 1988 5733 et
2013 5678 2345 5733 aristarchos
2375 5678 2625 5740 verebar,
2651 5676 2743 5745 qui
2778 5674 2961 5727 minus
2998 5672 3242 5727 laborem
3290 5669 3439 5722 hunc
3474 5683 3655 5721 meum
3700 5668 4019 5736 probarent.

769 5787 965 5841 operae
991 5772 1220 5841 pretium
1242 5788 1359 5829 esse
1383 5789 1501 5827 sum
1526 5784 1695 5835 ratus,
1725 5774 1767 5827 si
1794 5788 1953 5840 quem
1988 5781 2276 5840 patronum
2299 5770 2450 5841 operi
2479 5770 2607 5823 huic
2640 5783 2982 5837 quaererem,
3005 5764 3097 5836 qui
3133 5763 3309 5833 ipsum
3334 5774 3394 5820 et
3424 5761 3735 5817 eruditione
3763 5775 3860 5816 sua
3891 5775 4020 5826 pru—
