4274 6358
210 396 317 451 305
1104 398 1193 452 AD
1229 394 1601 453 EDITIONEM
1638 394 1802 452 HOM.
1843 396 1901 453 S.
1942 395 2222 471 MACARII
2262 394 2598 452 AEGYPTII.
3333 398 3437 457 306

213 512 345 566 bare
378 518 437 567 et
466 519 657 566 contra
709 511 865 576 alios,
917 527 1016 581 pro
1067 527 1127 567 re
1171 519 1321 575 nata,
1373 520 1659 582 protegere
1703 519 1906 582 posset.
1951 509 2088 565 Eum
2132 519 2314 565 autem
2352 512 2495 580 quod
2545 512 2642 577 Te,
2691 509 2945 565 Suicarde
2988 510 3065 584 (α)
3105 511 3437 576 nobilissime,

213 618 343 672 prae
360 603 563 658 ceteris
580 602 883 673 selegerim,
904 603 1090 673 plures
1112 602 1267 657 reddi
1308 611 1535 672 possunt
1553 615 1772 656 causae.
1800 598 1937 655 Cum
1968 601 2171 656 etenim
2202 600 2283 654 Tu
2307 616 2448 655 unus
2469 601 2565 665 sis,
2591 616 2754 671 quem
2773 601 2875 655 hac
2891 610 3067 657 aetate
3086 611 3198 656 tum
3219 610 3441 671 propter

210 697 444 753 eximias
465 698 633 752 animi
657 698 833 765 dotes,
858 706 974 753 tum
998 705 1221 768 propter
1241 696 1520 768 praeclara
1537 695 1760 750 virtutis
1788 704 2127 760 ornamenta,
2154 709 2293 764 quae
2312 694 2381 749 ad
2405 694 2680 749 hominem
2701 695 3007 749 ornandum
3039 696 3313 750 cumulate
3342 708 3441 746 va-

211 789 326 844 lere
365 800 616 860 possunt,
650 790 770 846 iure
792 791 988 847 merito
1012 791 1337 861 suspiciunt,
1361 790 1700 845 admirantur
1721 805 1786 845 ac
1805 798 2137 845 venerantur
2158 805 2368 854 omnes,
2396 789 2483 843 cui
2509 790 2692 859 potius
2719 805 2883 859 quam
2915 789 2925 860 |
2956 789 3019 844 T.
3044 790 3109 845 R.
3134 791 3197 844 D.
3226 789 3441 844 excelso

210 890 376 950 atque
396 880 740 937 nobilissimo
772 881 980 936 nomini
1006 889 1219 937 sanctas
1240 880 1411 936 sancti
1441 879 1663 935 Macarii
1683 878 1944 935 Ilomilias
1975 879 2311 950 insignirem,
2344 879 2648 934 dedicarem
2672 889 2833 949 atque
2856 895 3254 935 consecrarem.
3299 878 3439 946 Quid

210 973 360 1026 enim
388 970 459 1025 de
476 972 584 1027 alta
606 981 663 1027 et
686 972 909 1050 antiqua
936 974 1234 1029 stemmatis
1256 973 1360 1029 Tui
1384 972 1642 1044 progenie
1661 981 1718 1027 et
1737 972 1961 1036 familia,
1987 988 2127 1041 quae
2145 972 2331 1027 multis
2354 972 2554 1029 abhinc
2586 974 2818 1029 saeculis
2858 988 3072 1029 summa
3106 989 3321 1045 semper
3354 973 3439 1028 vi-

212 1064 331 1135 guit
358 1064 544 1132 laude,
568 1055 727 1137 plura
754 1065 967 1122 dicam?

1578 1152 1757 1207 Fortes
1782 1164 2028 1207 creantur
2052 1154 2286 1223 fortibus,

1435 1223 1529 1296 Est
1552 1224 1606 1276 in
1626 1226 1877 1296 iuvencis,
1912 1233 1987 1296 est
2011 1226 2079 1296 in
2094 1225 2235 1294 equis
2264 1234 2475 1296 patrum

1432 1294 1625 1357 Virtus,
1655 1311 1746 1347 nec
1770 1292 2029 1347 imbellem
2055 1292 2245 1363 feroces

1425 1363 1788 1434 Progenerant
1816 1362 2026 1433 aquilae
2048 1362 2362 1419 Columbam.

212 1481 509 1538 Testantur
533 1482 637 1538 hoc
663 1482 779 1553 ipsa
810 1482 1163 1538 historiarum
1190 1490 1541 1537 monumenta
1568 1495 1667 1549 per
1696 1489 1862 1535 totam
1886 1478 2231 1535 Germaniam
2257 1488 2419 1548 atque
2449 1480 2586 1536 adeo
2622 1488 2799 1536 totum
2834 1479 2949 1535 fere
2985 1477 3195 1543 orbem,
3240 1476 3439 1547 quibus

210 1576 388 1629 virtus
413 1575 603 1630 Vestra
628 1576 913 1639 illustrata,
943 1575 1123 1645 ignota
1146 1575 1350 1630 diutius
1370 1587 1489 1627 esse
1510 1571 1717 1641 nequit.
1743 1571 1919 1626 Taceo
1942 1571 2299 1640 Imperatores
2326 1581 2382 1627 et
2412 1572 2712 1642 Principes,
2743 1581 2799 1627 et
2821 1587 2931 1626 non
2954 1570 3280 1625 domesticos
3316 1578 3438 1623 tan-

211 1677 352 1732 tum,
379 1667 477 1722 sed
502 1674 760 1722 externos
792 1666 980 1731 etiam,
1002 1666 1202 1735 quibus
1226 1664 1515 1735 prudentia
1538 1661 1994 1733 Cronbergiorum
2018 1662 2073 1715 in
2095 1662 2358 1727 consiliis,
2383 1661 2646 1719 fortitudo
2684 1664 2741 1718 in
2782 1664 2947 1718 rebus
2980 1663 3211 1725 bellicis,
3234 1668 3291 1715 et
3314 1662 3439 1715 usui

208 1769 266 1814 ct
290 1773 539 1813 summae
559 1773 774 1827 semper
793 1757 1137 1812 admirationi
1153 1756 1274 1811 fuit.
1302 1755 1442 1823 Quid
1466 1755 1534 1809 de
1552 1753 1842 1809 Guilielmo
1866 1752 2221 1824 Cronbergio,
2243 1754 2426 1823 equite
2452 1763 2643 1808 aurato
2671 1754 2867 1820 dicam,
2906 1754 3063 1809 cuius
3086 1764 3142 1809 et
3179 1754 3354 1807 virtus
3383 1761 3441 1805 et

208 1849 499 1913 fortitudo,
525 1865 693 1919 quum
720 1849 864 1904 ludis
884 1848 1232 1919 equestribus
1249 1850 1523 1921 Augustae
1545 1846 1897 1902 Trevirorum
1918 1863 1949 1902 a
1966 1846 2217 1903 Conrado
2227 1846 2273 1901 Il
2289 1849 2615 1917 imperatore
2636 1857 2692 1903 et
2722 1847 2977 1903 Franciae
2997 1847 3285 1902 Orientalis
3301 1845 3439 1899 duce

209 1941 478 1998 institutis
502 1957 599 1995 rex
649 1940 1054 2010 praeﬁceretur,
1095 1950 1257 2011 atque
1294 1941 1643 2010 amplissimis
1663 1940 1924 1996 victoriae
1968 1939 2241 2010 βραδείοις
2279 1949 2511 1995 onustus
2549 1940 2619 1995 do
2651 1940 2659 2010 |
2691 1956 2837 1993 mum
2894 1950 3279 2003 reverteretur,
3315 1948 3439 1993 ante

209 2033 383 2087 multa
408 2033 625 2087 saecula
649 2032 909 2087 emicuit?
934 2032 1075 2099 Quid
1100 2032 1169 2087 de
1210 2031 1484 2087 Eberwini
1540 2032 1781 2103 episcopi
1800 2032 2212 2088 Wormatiensis
2235 2033 2304 2088 ab
2335 2032 2557 2087 heroico
2580 2042 2761 2087 vestro
2789 2042 3072 2087 stemmate
3092 2033 3197 2087 orti
3217 2033 3437 2102 pietate,

206 2122 358 2178 vitae
382 2123 694 2194 integritate
716 2133 881 2194 atque
906 2124 1194 2179 sanctitate
1215 2123 1531 2194 d1cam,qui
1563 2125 1715 2179 velut
1739 2124 1881 2180 inter
1903 2133 2086 2179 cetera
2106 2133 2250 2179 astra
2278 2139 2507 2178 aurorae
2536 2124 2689 2179 sidus
2722 2127 3019 2180 eluccscit?
3054 2124 3193 2191 Quid
3217 2126 3284 2181 de
3308 2127 3440 2181 Phi-

207 2213 342 2283 lippi
371 2213 690 2286 Cronbergii
711 2215 1031 2272 fortitudine
1055 2226 1217 2286 atque
1243 2215 1470 2272 infracto
1490 2216 1693 2283 animo,
1721 2233 1884 2288 quem
1912 2217 2207 2288 imperator
2232 2214 2461 2271 Carolus
2480 2217 2645 2272 huius
2675 2219 2912 2274 nominis
2939 2220 3003 2282 ν,
3021 2219 3363 2290 exigentibus
3384 2220 3439 2274 id

204 2309 329 2370 eius
345 2310 559 2365 meritis
578 2320 740 2379 atque
750 2310 917 2365 animi
938 2309 1160 2366 dotibus
1181 2311 2021 2381 praestantissimis,militaribus
2035 2310 2207 2381 copiis
2230 2309 2659 2379 praefecitatque
2675 2312 2993 2380 primarium
3016 2312 3295 2368 ductorem
3312 2330 3441 2369 con-

205 2400 422 2455 stituit?
446 2400 587 2467 Quid
609 2401 677 2456 de
701 2403 1036 2472 reliquorum
1060 2418 1267 2457 summa
1284 2404 1591 2473 cognitione
1618 2412 1676 2458 et
1696 2404 1921 2459 scientia
1944 2402 2320 2471 bonarumque
2351 2400 2637 2455 literarum
2665 2402 2973 2457 eruditione
2993 2402 3440 2472 dicam,:quorum

204 2494 455 2549 omnium
475 2497 647 2566 gloria
700 2507 755 2552 et
777 2498 989 2553 aeterni
1036 2498 1274 2553 nominis
1294 2498 1434 2553 fama
1452 2499 1509 2552 in
1532 2500 1743 2553 excelso
1766 2501 1938 2569 posita
1962 2510 2048 2555 est
2075 2497 2345 2553 loco?Cui
2372 2512 2483 2551 non
2506 2499 2719 2569 cognita
2746 2508 2906 2568 atque
2928 2508 3207 2568 perspecta
3231 2513 3441 2552 summa

206 2585 373 2641 animi
417 2589 750 2659 magnitudo,
775 2590 1085 2661 prudentia,
1121 2591 1330 2662 religio,
1357 2592 1532 2661 pietas
1560 2602 1617 2647 et
1641 2592 1947 2647 humanitas
1986 2590 2426 2647 reverendissimi
2469 2599 2631 2660 atque
2677 2589 3031 2645 illustrissimi
3079 2588 3345 2659 Principis
3377 2604 3441 2642 ac

204 2675 424 2731 Domini
456 2677 520 2731 ι).
546 2678 814 2735 Waltheri
840 2679 1182 2751 Cronbergii,
1217 2682 1383 2736 totius
1417 2680 1636 2737 Ordinis
1678 2682 1962 2738 Teutonici
1996 2698 2095 2753 per
2135 2682 2345 2737 Italiam
2394 2691 2451 2737 et
2484 2680 2828 2737 Germaniam
2873 2681 3110 2753 Magistri
3158 2682 3441 2753 supremi?

204 2760 378 2823 Cuius
411 2768 492 2822 rei
537 2770 844 2825 testimonia
868 2784 900 2825 c
935 2771 1293 2841 scriptoribus
1350 2772 1684 2843 dignissimis
1710 2773 2007 2828 clarissima
2034 2782 2197 2843 atque
2233 2772 2640 2828 evidentissima
2662 2773 2773 2843 peti
2804 2782 3043 2843 possent,
3070 2773 3115 2827 si
3142 2789 3230 2827 res
3250 2783 3438 2843 postu-

204 2853 364 2914 laret.
392 2860 593 2916 Verum
614 2877 685 2917 ne
706 2871 929 2917 externa
953 2863 1207 2933 prosequi
1236 2861 1446 2927 videar,
1464 2861 1830 2917 Hartmannus
1869 2878 1900 2917 a
1923 2861 2066 2918 Cron
2098 2862 2107 2933 |
2139 2861 2291 2932 berg,
2318 2860 2500 2916 senior
2519 2877 2651 2915 suae
2672 2861 2864 2915 aetatis
2882 2861 2941 2915 P.
2961 2861 3052 2924 DL,
3071 2861 3442 2917 nobilissimus

206 2956 300 3016 ille
328 2964 454 3009 tuus
483 2972 699 3025 parens,
723 2958 961 3026 quantis,
981 2973 1203 3028 quaeso,
1220 2957 1539 3021 virtutibus,
1574 2966 1778 3027 quanta
1801 2957 1967 3011 animi
1990 2957 2316 3020 constantia,
2343 2956 2550 3010 iustitia
2574 2965 2735 3025 atque
2759 2956 2955 3011 ceteris
2984 2955 3245 3011 virtutum
3275 2973 3439 3012 orna--

207 3046 411 3101 mentis
434 3045 689 3102 emicuit?
711 3046 900 3101 Tantis
920 3047 1162 3116 quidem,
1188 3056 1250 3101 ut
1270 3045 1338 3100 ad
1363 3062 1628 3100 summam
1653 3047 1803 3101 illum
1825 3047 2141 3116 dignitatem
2165 3061 2512 3115 summosque
2536 3047 2771 3101 honores
2792 3047 3089 3111 evexerint,
3115 3057 3275 3117 atque
3297 3051 3439 3117 apud

206 3134 739 3203 Reverendissimum
762 3135 1191 3191 Illustrissimum
1215 3136 1521 3206 Principem
1550 3137 1858 3192 Electorem
1890 3137 2263 3208 Moguntinum
2301 3146 2503 3192 tantam
2545 3136 2706 3193 ﬁdem
2748 3147 2909 3207 atque
2953 3139 3324 3193 auctoritatem
3362 3140 3441 3196 illi

202 3232 566 3295 conciliarint,
593 3237 653 3284 ut
674 3231 810 3285 nihil
840 3232 1018 3297 ardui,
1050 3231 1313 3300 nihilque,
1338 3230 1485 3301 quod
1510 3232 1739 3285 alicuius
1803 3232 2063 3287 momenti
2085 3233 2170 3287 vel
2195 3232 2455 3302 ponderis
2473 3241 2638 3296 esset,
2662 3232 2950 3297 incideret,
2979 3233 3032 3286 in
3060 3234 3216 3288 cuius
3238 3234 3446 3289 delibe-

205 3326 474 3381 rationem
498 3342 561 3382 ac
581 3325 954 3382 difﬁuitionem
978 3341 1088 3380 non
1109 3325 1273 3381 fuerit
1294 3326 1588 3388 adhibitus,
1638 3325 1747 3380 imo
1778 3326 2076 3397 praecipuo
2104 3327 2227 3381 loco
2250 3326 2509 3381 habitus?
2535 3326 2676 3392 Quid
2703 3341 2831 3381 vero
2862 3322 3058 3381 fratres
3100 3326 3266 3391 Tuos,
3291 3327 3444 3381 viros

203 3420 575 3475 nobilissimos
618 3436 935 3486 memorem,
961 3436 1194 3490 quorum
1246 3421 1447 3491 singuli
1472 3420 1529 3473 in
1552 3420 1912 3475 Illustrissimi
1962 3420 2233 3491 Principis
2280 3420 2548 3476 Electoris
2590 3420 2889 3491 Moguntini
2958 3420 3243 3474 consilium
3286 3420 3440 3473 asciti

205 3515 375 3572 tantis
396 3516 562 3570 animi
591 3516 813 3571 dotibus
837 3518 1013 3571 ornati
1039 3526 1185 3580 sunt,
1211 3526 1273 3572 ut
1294 3531 1363 3571 ex
1389 3532 1473 3580 re,
1500 3532 1569 3570 ex
1597 3516 1937 3585 tempore,de
1962 3516 2206 3586 qualibet
2232 3532 2292 3572 re
2307 3516 2375 3571 ad
2390 3516 2666 3587 negotium
2692 3532 2911 3587 quoquo
2932 3518 3093 3572 modo
3108 3518 3438 3587 pertinente,

202 3612 341 3683 quid
368 3611 509 3667 facto
530 3627 667 3681 opus
690 3612 780 3676 sit,
807 3611 1131 3677 deliberare,
1157 3620 1271 3666 tum
1300 3610 1580 3666 commode
1603 3625 1819 3680 quoque
1843 3609 1909 3664 de
1930 3609 2037 3674 his,
2055 3626 2194 3680 quae
2216 3610 2659 3675 deliberaverint,
2688 3611 2892 3675 dicere,
2918 3611 3330 3680 eaque,quoties
3353 3627 3442 3665 res

202 3702 472 3772 exegerit,
509 3702 781 3758 conﬁcere
804 3702 1033 3772 possint.
1064 3701 1213 3769 Quae
1242 3717 1331 3757 res
1362 3703 1562 3765 effecit,
1595 3711 1657 3757 ut
1678 3702 1745 3756 ad
1778 3702 2137 3771 amplissimas
2162 3712 2322 3771 atque
2347 3702 2923 3757 houoriﬁcentissimas
2950 3703 3061 3757 sint
3084 3702 3318 3771 promoti
3352 3702 3439 3756 di-

203 3795 460 3865 gnitates,
484 3795 681 3864 quibus
706 3811 828 3851 cum
854 3795 1016 3851 laude
1052 3805 1328 3866 praesunt.
1357 3796 1533 3851 Taceo
1557 3796 1648 3850 hic
1673 3796 1931 3864 reliquos,
1957 3809 2097 3865 quos
2136 3804 2230 3849 aut
2269 3795 2507 3866 Burggra
2536 3794 2547 3867 ί
2578 3795 2756 3850 viatus
2794 3803 2890 3849 aut
2928 3794 3299 3863 praefecturae
3321 3809 3438 3847 am-

202 3885 451 3955 plissima
481 3885 740 3956 dignitate
762 3894 1012 3956 suscepto
1035 3886 1240 3941 balthei
1274 3886 1527 3940 militaris
1556 3885 1755 3940 decore
1785 3894 2075 3940 exornatos
2119 3894 2266 3940 totus
2296 3886 2523 3954 suspicit
2550 3886 2722 3950 orbis,
2750 3894 2863 3939 tota
2886 3892 3181 3939 veneratur
3213 3898 3276 3937 ac
3309 3884 3439 3939 colit

202 3982 515 4039 Germania.
556 3983 632 4037 De
661 3982 739 4036 Te
757 3996 909 4046 vero,
936 3980 1231 4035 reverende
1262 3995 1325 4035 ac
1345 3980 1674 4055 amplissime
1711 3977 2011 4043 Swicarde,
2051 3979 2194 4033 avita
2232 3978 2473 4033 Tuorum
2501 3978 2762 4049 religione
2784 3990 2841 4035 et
2860 3981 3144 4035 nobilitate
3176 3978 3437 4033 laudatis-

204 4080 348 4134 simo
371 4078 503 4148 quid
527 4078 739 4133 dicam?
756 4077 856 4133 Cui
881 4092 991 4132 non
1016 4086 1144 4132 sunt
1169 4077 1414 4147 cognitae
1437 4090 1501 4129 ac
1538 4084 1854 4145 perspectas
1878 4074 2166 4143 plurimae,
2192 4089 2333 4143 quae
2358 4074 2414 4127 in
2436 4074 2512 4129 Te
2532 4075 2772 4137 elucent,
2804 4076 3071 4129 virtutes?
3099 4075 3299 4136 Pietas,
3332 4072 3438 4126 hu-

204 4172 430 4235 militas,
456 4171 702 4234 comitas,
727 4170 1056 4235 humanitas,
1088 4168 1501 4238 aequanimitas,
1537 4182 1719 4221 rerum
1753 4166 2109 4236 experientia,
2136 4166 2444 4236 linguarum
2474 4166 2691 4235 peritia,
2719 4166 2965 4221 laborum
2989 4176 3044 4220 et
3062 4165 3437 4220 molestiarum

206 4260 519 4323 tolerantia,
546 4268 601 4313 et
627 4274 756 4329 erga
778 4273 968 4314 omnes
988 4259 1074 4313 vel
1094 4256 1312 4311 inﬁmae
1337 4258 1499 4312 sortis
1526 4255 1775 4310 homines
1794 4265 1850 4310 et
1871 4264 2093 4327 egentes
2120 4270 2332 4309 summa
2362 4255 2665 4326 benignitas
2689 4262 2745 4308 et
2774 4270 3043 4326 propensa
3063 4250 3437 4309 benefaciendi

203 4356 478 4418 voluntas,
496 4362 645 4409 totus
671 4355 935 4409 virtutum
957 4354 1105 4408 orbis
1122 4354 1199 4408 Te
1224 4363 1396 4409 totum
1419 4354 1569 4408 velut
1595 4353 1885 4423 margarita
1921 4352 2186 4421 quaedam
2215 4353 2453 4421 pretiosa
2484 4351 2957 4415 circumvestiunt,
2986 4351 3065 4405 Te
3111 4360 3284 4405 totum
3323 4350 3432 4403 sibi

203 4451 488 4505 vindicant
526 4460 809 4519 totumque
841 4448 908 4503 ad
934 4464 1059 4503 suas
1081 4457 1263 4519 partes
1283 4449 1627 4519 pertrahunt.
1655 4447 1760 4503 Sed
1783 4447 1913 4502 nolo
1928 4447 1984 4499 in
2011 4446 2141 4500 Tuis
2172 4446 2425 4500 laudibus
2453 4445 2823 4509 recensendis,
2849 4459 2988 4514 quae
3011 4442 3437 4497 innumerabiles

205 4552 355 4606 sunt,
382 4542 589 4596 diutius
626 4540 927 4604 immorari,
956 4555 1025 4594 ne
1050 4539 1193 4594 Tuas
1218 4540 1451 4594 virtutes
1473 4539 1740 4608 plurimas
1763 4537 1914 4591 tenui
1940 4536 2185 4591 oratione
2224 4552 2345 4589 mea
2376 4536 2565 4590 videar
2586 4535 2908 4590 imminuere
2936 4552 2948 4590 :
2990 4550 3297 4604 quanquam
3332 4549 3437 4603 pro

206 4631 325 4683 Tua
356 4628 621 4683 modestia
648 4626 884 4698 graviter
906 4626 1067 4689 feras,
1099 4640 1191 4681 eas
1217 4642 1248 4680 a
1270 4640 1542 4695 quoquam
1572 4624 1895 4695 praedicari.
1917 4623 2054 4680 Illud
2077 4623 2380 4679 certissime
2414 4632 2646 4686 constat,
2672 4622 2818 4692 quod
2852 4623 3225 4678 demonstrare
3263 4625 3433 4685 volui,

207 4720 285 4773 Te
306 4735 476 4773 unum
504 4733 644 4782 esse,
672 4732 833 4786 quem
859 4717 1139 4771 literarum
1170 4716 1395 4771 scientia
1431 4716 1651 4785 expoliti
1696 4716 1977 4770 literarum
2004 4725 2059 4771 et
2088 4715 2097 4783 Ι
2129 4717 2393 4771 virtutum
2436 4717 2732 4771 antistitem
2759 4716 2997 4771 habeant
3020 4727 3076 4771 et
3113 4716 3431 4782 observent,

209 4826 671 4881 communemque
710 4809 1049 4865 defensorem
1078 4825 1141 4863 ac
1167 4817 1454 4878 patronum
1476 4809 1579 4863 sibi
1604 4807 1846 4878 diligant.
1876 4808 1993 4874 Quo
2019 4809 2241 4863 nomine
2267 4808 2368 4864 etsi
2397 4823 2495 4877 ego
2516 4808 2571 4861 in
2597 4823 2827 4862 numero
2844 4808 3181 4863 literatorum
3210 4809 3435 4864 minime

210 4920 332 4958 sum
368 4903 733 4973 reponendus,
763 4903 806 4956 si
833 4902 907 4956 Te
937 4902 1069 4955 mihi
1098 4909 1384 4971 patronum
1411 4900 1677 4955 versionis
1706 4900 1871 4955 huius
1899 4902 2192 4964 constituo,
2235 4900 2422 4954 videor
2468 4898 2520 4955 id
2561 4914 2683 4957 meo
2726 4914 2936 4954 summo
2983 4900 3101 4953 iure
3134 4898 3432 4955 vindicare.

207 4993 394 5048 O'll‘ero
419 5009 550 5063 ergo
578 4992 720 5057 Tibi,
755 4992 1050 5047 reverende
1079 5007 1142 5045 ac
1162 4991 1471 5060 spectabilis
1510 4989 1803 5053 Swicarde,
1830 5000 2075 5047 sanctum
2096 4992 2265 5047 sancti
2300 4990 2475 5045 Patris
2498 5004 2655 5059 Opus,
2685 5005 2717 5045 e
2743 5005 2933 5060 graeco
2956 5004 3202 5044 sermone
3226 4990 3281 5042 in
3310 4988 3436 5042 lati-

210 5102 362 5149 num,
397 5084 653 5155 praeﬁxis
691 5092 747 5139 et
765 5085 964 5139 additis
991 5078 1324 5155 singularum
1354 5085 1696 5140 homiliarum
1724 5084 1797 5154 (b)
1832 5087 2184 5154 argumentis,
2215 5083 2281 5139 de
2307 5084 2517 5155 integro
2543 5100 2574 5138 a
2601 5100 2686 5141 me
2710 5098 3030 5139 conversum
3056 5101 3069 5137 :
3101 5082 3245 5152 quod
3279 5098 3434 5137 vere-

209 5195 280 5237 ne
306 5177 585 5242 verterim,
612 5177 692 5231 Tu
719 5178 961 5230 omnium
992 5177 1386 5246 sapientissime
1414 5175 1697 5239 iudicabis,
1738 5175 1783 5229 si
1806 5177 1966 5229 modo
1998 5184 2171 5239 vacat,
2203 5176 2441 5230 animum
2469 5190 2499 5228 a
2528 5173 2870 5244 gravioribus
2901 5174 3046 5228 curis
3076 5172 3144 5226 ad
3184 5180 3432 5229 sanctum

207 5268 386 5329 sancti
419 5275 595 5328 Patris
620 5289 756 5343 opus
787 5273 1175 5344 perlegendum
1213 5282 1550 5329 convertere.
1584 5272 1738 5339 Quod
1778 5273 2001 5331 omnino
2034 5273 2137 5326 iam
2170 5272 2346 5326 Tuum
2377 5271 2637 5326 benevole
2670 5270 2952 5338 suscipias,
2991 5268 3109 5323 Tuo
3141 5266 3431 5337 splendore

209 5366 473 5427 illustres,
504 5366 759 5436 dignitate
780 5365 981 5429 foveas,
1010 5366 1327 5421 auctoritate
1358 5364 1631 5428 defendas,
1674 5374 1733 5419 ut
1755 5365 1799 5418 si
1828 5380 1936 5419 non
1961 5368 2028 5419 de
2057 5372 2295 5428 auctore,
2327 5373 2475 5419 certe
2518 5363 2585 5417 de
2614 5368 2844 5430 patrono
2881 5360 3084 5429 ubique
3117 5358 3289 5426 possit
3330 5372 3431 5412 suo

208 5457 331 5514 iure
362 5457 582 5526 gloriari
612 5477 624 5510 :
660 5471 853 5527 meque
895 5471 1017 5510 cum
1053 5456 1168 5527 ipso
1196 5456 1257 5511 T.
1292 5455 1355 5510 R.
1384 5456 1446 5511 D.
1480 5470 1544 5511 ex
1571 5470 1690 5509 asse
1714 5454 2026 5509 devinctum
2064 5453 2295 5528 recipias
2321 5461 2377 5513 et
2413 5467 2578 5515 ames,
2607 5458 2791 5527 atque,
2837 5448 2981 5519 quod
3028 5449 3085 5504 in
3127 5447 3203 5503 Te
3227 5454 3331 5514 est,
3358 5447 3429 5503 ad

1710 5604 1958 5667 NOTAE.

288 5700 367 5766 (η)
407 5701 496 5755 Sic
520 5703 533 5754 l
563 5701 710 5755 Enn.

284 5772 356 5841 (b)
391 5773 570 5835 Corn,
628 5771 799 5828 Pulth.
846 5770 1046 5831 additis
1091 5769 1286 5839 sinquli
1332 5766 1593 5831 [familiae
1636 5767 1762 5824 suis.
1807 5767 1878 5827 ID.
