4274 6358
817 380 923 436 307
1802 382 2189 439 ZACHARIAE
2228 385 2611 442 PALTHENII-
2636 386 3020 443 PRAEFATIO
3929 392 4035 446 508

819 492 1108 561 dignitates
1133 500 1188 546 et
1212 491 1448 548 honores
1479 509 1817 563 promoveas,
1840 512 2001 565 quam
2025 497 2327 553 humillime
2353 515 2468 554 oro.
2491 498 2644 565 Quod
2664 507 2932 568 superest,
2954 506 3236 553 aeternum
3264 499 3433 555 Deum
3462 507 3670 570 patrem
3697 500 4037 560 Liberatoris

818 582 988 635 nostri
1011 580 1135 637 Jesu
1158 580 1358 636 Christi
1386 598 1453 637 ex
1479 583 1586 637 imo
1614 594 1832 653 pectore
1863 603 2077 657 precor,
2109 596 2167 642 ut
2191 590 2564 644 Revereudam
2595 590 2604 661 Ι
2635 590 3066 645 Dominationem
3095 590 3339 645 Vestram
3368 579 3624 661 tanquam
3667 592 3940 664 singulare
3977 606 4037 652 et

817 673 1046 728 electum
1063 676 1265 745 gratiae
1290 691 1419 732 suae
1447 692 1707 748 organum
1734 681 1834 735 sub
1860 683 2050 737 umbra
2070 685 2279 738 alarum
2310 701 2531 740 suarum
2553 695 2817 757 protegat,
2849 686 3191 755 tranquillam
3217 694 3271 740 et
3294 695 3535 755 pacatam
3554 688 3721 743 vitam
3746 690 4033 761 largiatur,

818 768 1249 823 benedictionem
1294 771 1505 825 animae
1545 779 1601 825 et
1644 774 1784 829 vitae
1821 776 2081 841 conferat,
2112 786 2167 832 et
2201 779 2416 834 tandem
2442 780 2875 835 immarcescibili
2897 779 3250 835 beatitudinis
3280 794 3480 834 corona
3509 791 3754 835 exornet.

887 860 1223 916 Francolurti
1265 878 1334 918 ex
1374 878 1497 919 meo
1520 864 1760 933 Musaeo,
1788 866 2009 924 Calend.
2036 871 2257 940 Aprilis,
2294 888 2438 927 anno
2473 890 2505 928 a
2538 880 2665 929 nato
2692 873 2836 944 Rege
2862 874 3055 928 Messia
3084 871 3194 927 ﬁlio
3215 873 3311 927 Dei
3346 873 3501 928 1594.

2726 968 2791 1022 R.
2820 967 2882 1021 T.
2919 968 2984 1021 D.

2833 1058 3289 1114 devinctissimus.

2483 1153 2553 1208 Μ.
2584 1153 2873 1209 ΖΔοιιΑιιιΑε
2901 1152 3331 1207 PALTHENIUS
3361 1150 3783 1223 Fridhergensis.

848 1328 858 1399 ι
891 1326 1412 1409 ςατεῃεῃῄετοίᾳιηξ
1451 1328 1506 1409 in
1531 1328 1692 1409 vitain
1808 1331 2031 1409 Macarii
2069 1336 2329 1409 Aegyptii,
2374 1341 2602 1392 instituti
2652 1336 3130 1409 vitae_eremiticae
3157 1334 3428 1409 P_rim_arii,
3475 1334 3715 1409 discipuli
3758 1336 4031 1409 guondam

886 1398 952 1473 ρ.
990 1396 1163 1473 Pa_tris
1197 1395 1412 1473 Antonii
1440 1397 1753 1473 devotissimi
1781 1411 1877 1473 etc.
1906 1405 1973 1456 ad
1998 1395 2226 1462 eundern.
2262 1395 2622 1473 reserandum,
2675 1407 2902 1461 nobilem
2937 1412 2984 1459 et
3066 1398 3444 1465 amplissimum
3496 1472 3499 1473 ν
3533 1395 3704 1457 virum
3752 1395 4031 1459 Dominum

888 1466 1318 1549 gmnloannem.
1351 1464 1707 1549 Swichardum
1750 1489 1783 1523 a
1826 1472 2112 1549 ernberg,
2132 1487 2227 1533 etc.
2258 1479 2397 1533 ΠΙ).
2426 1496 2581 1533 suum
2604 1464 2918 1549 gratiosum,
2946 1464 3199 1545 scriptun:
3225 1493 3257 1527 α
3293 1473 3364 1528 Μ.
3404 1472 3677 1529 Valentino
3718 1473 4028 1543 Laudamia,

886 1536 947 1590 S.
988 1536 1188 1589 Palatii
1214 1535 1482 1603 Aulaeque
1505 1538 1874 1595 Lateranensis
1900 1535 2110 1598 Comitve'
2124 1558 2218 1599 etc.

1657 1608 1912 1689 “Quaestio
1944 1626 2088 1668 mota
2120 1618 2233 1681 diu,
2258 1634 2443 1673 sacrae
2472 1634 2581 1672 non
2610 1618 2791 1689 infima
2818 1616 3011 1689 sortis,

1646 1678 1775 1755 Quis
1800 1683 1948 1755 prior
1973 1694 2065 1737 aut
2089 1678 2266 1755 potior
2294 1690 2551 1742 Divorum
2580 1704 2646 1741 ex
2669 1688 2857 1741 ordine
2882 1687 3047 1739 vitam

1651 1748 1865 1822 foverit
1893 1748 2243 1822 abstractam,
2270 1766 2326 1811 et
2354 1759 2565 1813 deserta
2591 1757 2861 1811 habitacla
2882 1756 3136 1810 ferarum.

1643 1818 1775 1889 Nam
1802 1823 2021 1889 quidam
2039 1818 2283 1881 referunt
2318 1827 2522 1881 Heliam
2547 1827 2863 1882 Thesbitide
2892 1833 3123 1887 cretum,

1647 1886 1894 1968 Quiiu‘ga
1922 1894 2151 1968 Carmeli
2177 1898 2495 1952 conscendit
2512 1908 2569 1951 et
2596 1912 2785 1966 aspera
2810 1895 3030 1959 montis,

1649 1957 1901 2038 indignos
1928 1966 2111 2035 regina
2140 1975 2261 2022 tuos
2284 1968 2506 2038 [sabella
2530 1957 2743 2022 furoi'es

1644 2027 1888 2113 Evitans,
1917 2027 2103 2113 saevas
2128 2046 2183 2113 et
2210 2038 2414 2106 iniquis
2440 2037 2710 2091 frontibus
2737 2037 2863 2090 iras.
2890 2104 2920 2113 _
2966 2103 2978 2113 .
3016 2104 3047 2113 ,ν
3150 2103 3161 2113 _
3234 2102 3244 2113 _

1720 2099 1877 2176 Sunt,
1902 2106 1994 2173 qui
2018 2099 2659 2176 Baptistam'memorant,
2690 2122 2851 2175 quem
2889 2103 3123 2173 Spiritus
3150 2102 3280 2172 ipsis

1654 2168 1965 2245 Visceribus
1988 2168 2175 2230 matris
2206 2178 2495 2245 complevit
2514 2168 2737 2230 numine
2768 2168 3029 2235 clausum.

1652 2239 1695 2314 ,ᾗ
1735 2244 1935 2298 teneris
1974 2247 2064 2314 qui
2092 2248 2249 2301 annis
2279 2239 2525 2301 montosa
2562 2246 2841 2301 cacumina
2870 2246 3126 2309 lustrans,

1656 2311 1724 2387 _Et
1758 2315 1944 2387 populi
1972 2311 2177 2371 turmas
2200 2318 2337 2387 fugit
2361 2318 2657 2387 mundique
2681 2316 2912 2387 favores,

1646 2382 1726 2456 Ad
1755 2386 2007 2453 scopulos
2034 2382 2317 2442 nemorum
2348 2388 2505 2456 petiit
2524 2382 2827 2442 Iordanidis
2851 2384 3049 2448 undae,

1649 2450 1816 2521 Texta
1844 2450 2171 2511 camelorum
2200 2450 2366 2521 gessit
2389 2458 2654 2511 velamina
2682 2458 2849 2521 setis;

1648 2520 1713 2593 Et
1734 2538 1899 2593 zonae
1929 2526 2086 2593 pellis
2114 2520 2350 2581 medium
2384 2528 2601 2581 cinxere
2631 2520 2856 2589 ferinae,
2890 2526 2901 2593 l

1649 2591 1716 2643 Et
1748 2591 1950 2648 virides
1971 2595 2174 2650 victum
2206 2597 2468 2651 dederant
2497 2598 2563 2651 de
2589 2612 2717 2649 rure
2740 2591 3001 2659 locustae,

1648 2659 2030 2736 Silvestrisque
2058 2682 2188 2721 cava
2221 2667 2397 2720 mellis
2420 2667 2573 2721 favus
2598 2667 2717 2720 ilice
2742 2676 3021 2736 sumptus;

1648 2730 1876 2801 Bacche,
1914 2730 2034 2789 tuas
2066 2738 2211 2791 vires
2237 2737 2375 2801 risit,
2403 2753 2505 2791 nec
2537 2746 2715 2791 cetera
2740 2730 2934 2791 curans

1639 2798 1787 2876 Quae
1824 2814 2033 2876 mentes
2083 2798 2371 2860 hominum.
2402 2806 2631 2875 genialia
2670 2809 2861 2876 pocula
2898 2806 3155 2860 mulcent.

1694 2870 1790 2923 Ast
1816 2874 1907 2927 alii
1938 2883 1993 2927 et
2018 2891 2247 2931 auorum
2276 2870 2466 2929 melior
2498 2870 2763 2930 sententia
2797 2876 2963 2931 menti

1615 2935 1833 3012 insidet,
1863 2959 1891 2995 a
1915 2935 2145 3012 quodam
2173 2946 2343 2998 Paulo
2376 2946 2635 3000 deducier
2658 2955 2836 3000 ortum

1613 3009 1948 3085 Monstrantf
1961 3015 2052 3083 qui
2080 3016 2226 3070 Decii
2260 3017 2497 3069 crudelis
2524 3024 2766 3085 tempore
2787 3016 2906 3071 diro

1612 3076 1838 3154 insidias
1862 3076 2071 3152 fugiens
2096 3086 2325 3139 accessit
2349 3086 2617 3154 inhOSpita
2637 3076 2798 3149 'rura,

1618 3147 1685 3223 ant
1708 3151 1870 3223 silvas
1904 3147 2065 3218 inter,
2090 3157 2231 3209 inter
2256 3171 2472 3223 quoque
2502 3147 2670 3209 lustra
2705 3147 2944 3219 leonum,

1613 3216 1828 3293 Christe
1856 3223 1953 3275 tibi
1979 3216 2159 3293 gratas
2184 3216 2467 3278 resonaret
2496 3225 2722 3279 Maxime
2746 3216 2955 3289 laudes,

1610 3284 1946 3363 Ederretque
1972 3284 2121 3347 tvuum
2150 3294 2362 3347 sincero
2385 3303 2603 3363 pectore
2628 3311 2847 3349 nomen.

1676 3356 1831 3414 Hunc
1856 3356 2117 3419 exercitio
2147 3364 2275 3416 felix
2299 3356 2554 3417 Antonius
2579 3382 2688 3418 uno

1613 3427 1873 3502 Austerae
1899 3434 2147 3502 sequitur
2176 3435 2353 3497 vitae;
2382 3450 2507 3486 nam
2531 3435 2705 3487 laetus
2730 3450 2917 3488 eremo

1607 3496 1939 3571 Conspectus
1972 3496 2250 3557 hominum
2275 3496 2432 3571 liquit
2456 3519 2715 3571 carosque
2732 3513 3002 3571 parentes,

1606 3566 1674 3640 Et
1697 3566 1876 3640 casses
1900 3583 2137 3634 satanae,
2168 3566 2377 3634 mundi,
2417 3566 2703 3640 carnisque
2725 3566 2961 3637 dolosos,

1610 3636 1677 3711 Et
1700 3638 1837 3711 liber
1863 3653 2044 3710 posset
2073 3642 2290 3695 fraudes
2310 3643 2481 3695 vitare
2506 3636 2785 3711 malignas,

1611 3706 1687 3781 Ac
1708 3706 1924 3781 Christo
1947 3714 2045 3766 soli
2072 3719 2260 3779 pacato
2289 3712 2452 3781 corde
2476 3706 2711 3781 placere,

1614 3775 2016 3851 Servitiumque
2038 3775 2147 3835 Deo
2172 3782 2287 3834 sine
2317 3780 2421 3851 ﬁne
2448 3775 2605 3834 litare
2630 3796 2904 3851 supremo.

1692 3848 1975 3905 Proximus
1999 3852 2125 3904 hinc
2152 3860 2337 3903 noster
2363 3850 2625 3903 Macarius
2657 3848 2847 3905 ordine
2871 3851 3061 3914 fertur,

1616 3914 1785 3991 Quem
1818 3921 1997 3974 studio
2023 3920 2245 3991 Aegypti
2274 3920 2433 3991 tellus
2458 3920 2686 3991 fecunda
2714 3922 2934 3991 Pelasgo

1610 3986 1812 4051 Edidit,
1836 3998 1890 4043 et
1912 3992 2071 4044 nobis
2095 3986 2278 4042 divino
2300 3989 2477 4042 sidere
2506 3990 2670 4043 misit.

1606 4055 1865 4113 Aemulus
1888 4060 2105 4113 Antonii
2131 4059 2294 4111 vitam
2322 4074 2608 4126 moresque
2642 4060 2829 4113 beatos

1618 4126 1924 4197 Discipulus
1954 4130 2045 4183 fidi
2069 4129 2311 4196 sequitur
2344 4128 2554 4196 placido
2588 4144 2682 4182 ore
2719 4128 2979 4197 magistri,

1614 4196 1683 4268 Se
1710 4198 1828 4268 tibi,
1855 4200 2096 4268 Christe,
2120 4200 2270 4251 dedit
2308 4205 2503 4260 totum,
2529 4196 3061 4266 vitamqueisolutam

1606 4265 1650 4338 A
1674 4266 1820 4338 curis
1841 4268 1969 4337 legit
1993 4265 2272 4338 rigidoque
2299 4268 2609 4338 gravamiue
2632 4268 2865 4337 plenam.

1606 4335 1835 4405 Delicias
1857 4335 2395 4404 nfundi'contempsit
2419 4337 2615 4405 iugiter
2634 4335 2849 4401 omnes,

1612 4404 1899 4476 Nimbosos
1931 4408 2193 4476 petiitque
2222 4409 2463 4459 animosa
2488 4404 2672 4459 mente
2700 4422 2967 4469 recessus,

1610 4474 1783 4543 Atque
1810 4477 1882 4530 ibi
1920 4474 2122 4540 nudus,
2155 4478 2331 4543 inops,
2357 4491 2483 4528 saxo
2502 4475 2591 4527 vix
2616 4483 2789 4529 tectus
2812 4476 2974 4529 adeso
2994 4516 3009 4541 ,

1609 4543 1721 4597 Sub
1745 4546 1875 4600 Jove
1908 4546 2049 4601 ferre
2084 4548 2236 4599 nives
2258 4546 2448 4598 statuit
2472 4546 2785 4613 glacialibus
2808 4547 2958 4599 auris

1606 4613 1864 4685 iiiberno,
1904 4625 2159 4685 expertus
2187 4623 2449 4683 quantum
2482 4614 2737 4685 patientia
2768 4615 2981 4668 tandem

1607 4684 1856 4755 Duraque
1880 4684 2168 4755 paupertas
2194 4686 2534 4751 humanaque
2570 4684 2812 4737 membra
2836 4686 3098 4739 valerent.

1608 4754 1745 4807 Exili
1780 4757 1937 4809 cuius
1963 4754 2241 4810 tenuatum
2274 4769 2469 4821 corpus
2491 4755 2713 4816 amictu,

1610 4824 1856 4895 Desidiae
1881 4828 2111 4895 patiens,
2142 4826 2381 4878 tolerans
2402 4824 2611 4895 algoris
2632 4834 2686 4877 et
2714 4832 2915 4888 aestus,

1606 4893 1818 4963 Rugosa
1841 4892 1995 4959 facie,
2021 4895 2363 4961 lacrimisque
2392 4892 2683 4947 fluentibus
2706 4908 2800 4946 ore

1610 4962 1722 5017 Sub
1752 4967 1915 5019 tacito
1940 4975 2171 5033 pastum,
2194 4963 2406 5032 queruli
2428 4971 2709 5033 constante
2733 4962 2937 5033 doloris
2968 4962 2977 5033 Ι

1610 5033 1831 5089 Pectore
1860 5032 2115 5089 duritiem
2137 5032 2491 5100 consumpsit,
2520 5034 2659 5085 laeta
2692 5032 2901 5086 salutis.

1607 5102 1777 5167 Quem
1808 5106 2054 5159 volucres
2082 5106 2297 5157 cinxere
2324 5103 2471 5155 leves
2498 5102 2583 5169 pia
2611 5103 2776 5155 verba
2800 5110 3102 5166 sonantem,

1604 5173 1791 5227 Aurita
1815 5184 1938 5227 ante
1966 5175 2132 5239 pedes
2165 5182 2421 5239 stupuere
2458 5172 2751 5225 animantia
2779 5173 3017 5239 quaevis.

1603 5243 1723 5313 Eon
1749 5259 1881 5297 auro
1903 5241 2219 5313 splendente
2245 5241 2458 5313 domus,
2498 5242 2832 5313 gemmisque
2856 5241 3071 5304 decora,

1604 5312 1686 5365 llli
1714 5312 1943 5381 punecio
1964 5330 2065 5368 nec
2089 5315 2209 5367 lana
2234 5312 2413 5381 colore
2439 5312 2755 5375 rubescens,

1604 5380 1729 5435 Non
1747 5393 1965 5438 centum
1991 5391 2205 5437 versata
2225 5381 2363 5450 iugis
2388 5380 2564 5434 felicia
2589 5382 2763 5449 campi

1605 5451 1814 5521 Iugera,
1836 5453 2099 5507 crescenti
2130 5468 2231 5505 nec
2246 5450 2471 5573 Palmite
2500 5450 2651 5503 dives
2676 5450 2901 5520 agellus,

1609 5521 1715 5573 Aut
1754 5525 1927 5573 arenis
1952 5522 2221 5573 innumeri
2266 5528 2441 5573 oetus.
2474 5536 2575 5573 nec
2606 5535 2783 5573 merce
2810 5518 2901 5573 Sal

1609 5518 1715 5592 Aut
1754 5525 1927 5592 gregis
1952 5522 2221 5592 innumeri
2246 5518 2441 5592 foetus,
2474 5536 2575 5573 nec
2606 5518 2783 5573 merce
2810 5518 3012 5574 Sabaea

1610 5590 1813 5645 Niliaco
1842 5590 2032 5661 plenae
2066 5590 2334 5644 venientis
2358 5590 2751 5661 littore_naves,

1610 5659 1861 5715 Eliiciunt
1887 5663 2016 5715 alias
2038 5661 2247 5715 felicem
2269 5674 2517 5727 quamve,
2544 5659 2713 5713 fuere.

1609 5729 1652 5800 Ο
1676 5746 1834 5798 quam
1858 5733 1995 5785 laeta
2016 5732 2133 5800 piae
2160 5740 2241 5783 est
2269 5736 2559 5800 paupertas
2587 5730 2799 5784 conscia
2825 5733 3041 5794 mentis.

1614 5798 1919 5859 immortale
1943 5798 2060 5856 viro
2091 5801 2217 5856 forti
2251 5798 2418 5858 decus
2442 5806 2602 5872 atque
2634 5805 2902 5870 perennc!
