4274 6358
1170 378 1259 435 ΔΙ)
1286 376 1656 435 ΕΒΙΤῙΟΝΕΜ
1692 377 1855 435 HOM.
1894 378 1951 435 S.
1990 378 2269 437 MACARII
2305 380 2637 437 AEGYPTII.

3330 374 3434 431 310

1038 492 1155 565 Qua
1173 495 1258 549 vel
1284 496 1675 550 Achaemenias
1692 495 1870 565 luxus,
1888 510 2235 565 regnumque
2251 495 2538 551 Phrahatis

1041 563 1259 618 Vicerat
1292 566 1586 629 excelsum,
1612 565 1697 618 vel
1723 563 1857 617 ditia
1878 563 2092 619 fortiter
2113 563 2261 619 arva.

1036 633 1137 706 Cui
1167 634 1567 706 calidircessere
1596 634 1768 703 ignes,
1796 632 2078 706 victusque
2109 634 2306 706 refugit

1040 702 1241 771 Moesta
1265 704 1390 757 dolo
1420 702 1637 757 assiduo
1657 717 1871 771 semper
1898 702 2183 771 qui’corda
2215 702 2421 759 revisit.

1031 770 1294 841 Crudeles
1318 772 1536 827 fraudes
1566 780 1623 826 et
1650 770 1810 825 noxia
1835 770 2062 826 crimina
2086 774 2283 841 pressit

1033 839 1245 904 Omnia,
1272 841 1576 910 deiecitque
1606 841 1786 894 animo
1809 839 2181 910 phantasmata
2208 850 2379 908 casto,

1033 910 1102 964 Et
1130 912 1298 965 variis
1320 909 1570 965 mandata
1599 910 1695 964 Dei
1723 909 2018 963 virtutibus
2042 911 2292 977 implens,

1041 979 1102 1050 in
1125 980 1315 1049 paucis
1338 981 1599 1050 locuples,
1633 978 1829 1050 ﬂuidae
1853 993 1957 1033 nec
1977 994 2085 1050 non

2188 996 2257 1035 na
2286 982 2428 1037 vitae

1037 1049 1351 1128 Eraesentis
1370 1049 1607 1128 fugiens,
1630 1049 1806 1128 potuit
1825 1063 2041 1128 sperare
2062 1049 2264 1128 futura,

1037 1119 1281 1174 Praemia
1300 1118 1461 1189 digna
1490 1118 1634 1189 tulit,
1663 1118 1917 1189 caelestia
1937 1134 2106 1189 regna
2137 1121 2347 1189 petivit.

1038 1189 1193 1262 guno
1217 1189 1351 1242 caeli
1367 1187 1551 1262 “plenis
1577 1187 1789 1262 meritis
1814 1187 2041 1262 sortitus
2068 1187 2305 1245 honores

1034 1257 1215 1329 Exigit
1236 1255 1489 1329 aeternos
1513 1257 1664 1329 horis
1688 1255 1940 1329 felicibus
1962 1271 2155 1329 annos.

1034 1325 1353 1398 Exemplum
1388 1326 1663 1398 egregium
1692 1326 1849 1380 nobis
1875 1325 2023 1379 dedit
2050 1326 2141 1398 ille
2166 1328 2525 1398 sequendum,

1036 1397 1108 1456 Ut
1130 1394 1319 1451 mundi
1345 1394 1569 1466 pompas
1594 1394 1904 1466 fugeremus
1934 1402 1990 1448 et
2025 1395 2133 1449 alta
2156 1394 2388 1462 viai-um,

1031 1467 1206 1547 atque
1419 1464 1575 1547 _puro
1594 1464 1921 1545 meditantes
1949 1474 2166 1547 pectore
2190 1483 2423 1547 semper.

1035 1536 1079 1591 Ο
1110 1534 1339 1591 nimium
1364 1534 1494 1591 felix
1516 1534 1730 1588 animae
1763 1548 1883 1587 sors
1913 1549 1942 1586 a

1950 1544 2074 1601 tque
2096 1536 2269 1592 beatis

1029 1606 1319 1660 Coelicolis
1341 1603 1600 1658 socianda
1626 1602 1758 1672 poli,
1790 1617 1928 1672 quos
1956 1604 2214 1659 clauserit
2239 1608 2461 1671 aether;

1032 1675 1288 1741 Exempla
1318 1673 1453 1729 haec
1471 1673 1559 1727 cui
1583 1671 1729 1725 tanta
1757 1671 1990 1741 placent,
2018 1688 2157 1741 quae
2186 1683 2331 1730 tanta
2357 1685 2560 1740 secuta,

1032 1744 1143 1813 ibit
1159 1740 1225 1797 ad
1248 1743 1457 1813 Elysios
1475 1742 1645 1813 multo
1662 1756 1794 1813 cum
1819 1740 2005 1813 fenore
2029 1740 2266 1813 campos.

1101 1812 1257 1886 Nunc
1292 1809 1361 1886 ad
1385 1811 1481 1886 Te,
1508 1810 1892 1886 Scliwicharde,
1910 1809 2076 1886 feror,
2106 1809 2369 1886 generosa
2397 1830 2655 1886 propago,

1026 1882 1292 1950 Antiquae
1322 1879 1737 1951 Cronbergiacae_
1762 1877 1861 1951 ﬂos
1882 1880 2077 1950 inclyte
2107 1877 2312 1951 stirpis,

1032 1947 1232 2021 Insigni
1262 1951 1466 2021 virtute
1489 1947 1700 2021 potens,
1725 1947 2045 2021 laudateque
2073 1947 2232 2021 fama,

1029 2020 1200 2085 Quem

1229 2021 1421 2089 pietas,
1444 2017 1629 2089 honor
1652 2024 1706 2070 et
1728 2017 1898 2079 zelus,
1921 2018 2167 2080 devotio,
2197 2037 2329 2076 vera

1038 2088 1264 2158 Religio,
1295 2088 1543 2158 Charites
1566 2088 1759 2158 trinae2
1785 2089 2089 2141 constantia
2112 2091 2312 2154 cordis,

1024 2154 1415 2233 Commendant
1438 2157 1686 2233 multum,
1712 2154 1985 2209 Musarum
2013 2159 2269 2233 splendor
2283 2168 2338 2215 et
2359 2160 2567 2233 ingens.

1028 2228 1225 2299 Accipe
1248 2225 1768 2299 Macariumdivum,
1800 2225 2056 2299 sermone
2077 2228 2299 2299 Pelasgo

1025 2293 1357 2371 §criptorem
1386 2296 1680 2364 quondam,
1708 2293 2032 2371 Lationunc
2053 2313 2147 2371 ore
2178 2293 2512 2371 loquentem,

1026 2362 1331 2420 Palihenius
1354 2362 1518 2488 mm
1542 2371 1722 2418 mente
1744 2363 1830 2431 pia
1853 2362 2199 2421 doctissimus
2234 2362 2416 2433 oﬂert,

1030 2437 1098 2488 Et
1133 2436 1331 2488 studiis
1491 2435 1584 2488 htii
1618 2438 1876 2488 consueto
1900 2449 2051 2488 more
2075 2436 2275 2488 faveto.

1030 2437 1098 2497 Et
1133 2436 1331 2491 studiis

1491 2435 1584 2489 htii
1618 2438 1876 2488 consueto
1900 2449 2051 2491 more
2075 2436 2275 2492 faveto.

1172 2614 1404 2669 Joannes
1429 2612 1738 2668 Trithemius
1763 2617 1825 2668 de
1847 2617 2179 2687 scriptoribus
2202 2616 2485 2673 Ecclesiae.

295 2715 563 2772 Macarius
588 2709 887 2767 monachus
913 2705 1208 2777 Aegyptius
1231 2716 1287 2761 et
1310 2706 1370 2760 Β.
1394 2707 1575 2761 Patris
1603 2706 1829 2763 Antonii
1854 2708 2130 2777 quondam
2158 2709 2477 2778 discipulus,
2521 2711 2604 2766 vir
2636 2713 2866 2770 devotus
2901 2716 3271 2771 sanctissimae
3304 2730 3437 2770 con-

222 2806 571 2869 versationis,
597 2803 665 2858 de
688 2816 795 2873 quo
835 2801 1005 2855 multa
1034 2797 1294 2855 miracula
1332 2805 1646 2863 narrantur,
1675 2798 1949 2869 quomodo
1979 2799 2143 2853 etiam
2176 2809 2516 2854 mortuorum
2543 2818 2705 2859 voces
2736 2804 2805 2858 de
2841 2806 3145 2875 sepulchris
3175 2820 3274 2874 pro
3306 2804 3434 2859 ﬁdei

222 2896 638 2957 confirmatione
665 2889 995 2964 impetravit,
1020 2886 1217 2943 claruit
1236 2888 1402 2944 multa
1425 2891 1707 2947 sanctitate
1734 2893 1835 2947 sub
1862 2889 2220 2948 Constantino
2246 2898 2302 2948 et
2326 2890 2645 2952 Constantio
2677 2895 3019 2970 principibus
3048 2912 3192 2954 anno
3221 2895 3437 2955 Domini

221 2992 356 3055 350;
382 2989 539 3044 cuius
558 2993 707 3058 gesta
738 2985 1005 3039 habentur
1027 2982 1083 3035 in
1114 2980 1241 3035 vitis
1263 2981 1503 3037 Patrum.

1532 3052 1632 3106 ΕΚ
1679 3053 1817 3109 ΤΩΝ
1857 3056 1941 3107 ΣΟ
1955 3054 2129 3107 ΥΙΔΑ.

295 3147 400 3201 Δύο
432 3146 675 3216 ιγένοντο
706 3144 975 3215 Μακάριοι
1017 3141 1292 3214 ὁμώνυμοι
1338 3143 1432 3195 κα)⁵
1462 3143 1771 3214 περιϐόητοι
1800 3169 1845 3221 Α
1945 3147 1983 3200 D

1755 3168 1771 3196 ι
1800 3169 1845 3221 Α
1945 3147 2064 3201 Duo
2100 3146 2324 3201 luerunt
2362 3148 2581 3204 Macarii
2607 3148 2853 3207 eiusdem
2893 3151 3133 3206 nominis
3156 3160 3317 3221 atque
3345 3151 3439 3206 de-

218 3243 289 3295 δι“
329 3240 576 3309 ἄσκησιν,
606 3238 692 3290 διὰ
715 3237 856 3307 βίον,
882 3236 971 3289 διὰ
1000 3236 1195 3305 τρόπον
1214 3275 1227 3298 ,
1251 3236 1335 3288 διὰ
1357 3235 1424 3287 τὰ
1456 3237 1769 3306 μαθήματα.

221 3338 252 3387 ὁ
291 3334 389 3403 μὶν
443 3331 731 3399 Αἰγύπτιος
776 3329 1184 3399 θαυματουργὸς
1219 3322 1319 3397 ἦν,
1367 3329 1460 3380 καὶ
1503 3330 1637 3398 μετὰ
1679 3326 1771 3380 τοῦ

222 3422 487 3484 εὑλαόοὓς
521 3422 655 3492 πρὸς
699 3420 821 3482 τοὺς
865 3419 1284 3493 ἐντυγχάνοντας
1319 3418 1615 3489 αὐστηρός·
1650 3418 1678 3469 ὁ
1719 3417 1775 3469 δὲ

238 3512 614 3583 Ἀλεξανδρεὺς
657 3511 798 3563 κατὰ
838 3509 1014 3563 πάντα
1048 3509 1123 3561 ὢν
1170 3508 1543 3579 παραπλήσιος
1582 3507 1658 3577 τῷ
1683 3508 1777 3559 Al-

221 3606 436 3675 γυπτίῳ
465 3605 556 3657 καὶ
579 3603 777 3674 ἱλαρόςο
837 3602 847 3673 |
895 3601 1065 3664 οὓτως
1090 3600 1269 3671 ἱλαρὸς
1296 3597 1361 3671 ἦν
1389 3604 1501 3662 τοῖς
1522 3599 1777 3668 ἐντυγχάο

222 3714 406 3761 νουσι,
435 3696 529 3747 καὶ
569 3694 646 3765 τῷ
688 3692 1116 3764 χαριεντίζεσθαι
1157 3692 1281 3755 τοὺς
1324 3690 1473 3754 νέους
1502 3686 1602 3760 ἦγε
1642 3689 1776 3760 πρὸς

224 3790 475 3860 ἄσκησιν.
501 3786 704 3840 τούτων
724 3785 988 3855 Εὐάγριος
1001 3783 1287 3854 γενόμενος
1315 3782 1561 3853 μαθητὴς
1588 3780 1685 3851 τὴν
1710 3779 1774 3832 δι’

222 3880 401 3951 ἔργων
440 3877 754 3947 φιλοσοφίαν
798 3878 1091 3947 ικτήσατο,
1140 3873 1398 3943 πρότερον
1450 3873 1590 3941 λόγῳ
1634 3871 1776 3941 μόνῳ

224 3971 510 4039 φιλόσοφος
551 3970 625 4023 ὧν
645 3988 659 4001 ·
688 3970 747 4032 ὃς
784 3970 842 4021 ἑν
873 3966 1274 4021 Κωνσταντίνου
1305 3965 1455 4017 πόλει
1500 3966 1603 4017 ὑπὸ
1634 3964 1773 4033 Γρη-

221 4062 407 4132 γορίου
424 4061 517 4114 τοῦ
534 4061 779 4129 Θεολόγου
796 4060 874 4122 είς
899 4058 996 4128 τὴν
1026 4055 1118 4109 τοῦ
1139 4055 1381 4110 διακόνου
1398 4052 1775 4125 προεχειρίσθη

220 4153 394 4217 τάξιν.
442 4152 578 4206 ἀλλὰ
644 4155 737 4204 καὶ
784 4152 839 4213 ἐς
880 4149 975 4219 τὴν
1024 4148 1297 4213 Αἴγυπτον
1341 4145 1648 4207 κατελθὼν,
1685 4144 1776 4195 καὶ

219 4245 334 4304 τοῖς
363 4242 731 4313 προλεχθεῖσιν
766 4238 999 4308 ἐντυχὼν
1024 4237 1277 4308 ἀνδράσι,
1305 4236 1393 4289 τὸν
1420 4236 1637 4288 ἐκείνων
1665 4233 1775 4303 βίον

222 4332 483 4403 ἐζήλωσε.
526 4332 700 4401 τούτῳ
751 4330 929 4401 βιϐλία
974 4330 1109 4398 ἄγαν
1157 4326 1413 4381 σπουδαῖα
1467 4326 1774 4397 συγγέγραο

223 4438 385 4477 πται⁸
419 4415 494 4477 ὧν
534 4423 594 4475 τὸ
640 4423 736 4493 μὲν
772 4420 1041 4488 Μοναχὸ(
1091 4418 1124 4487 ἢ
1160 4417 1285 4487 περὶ
1314 4418 1621 4489 πρακτικῆς
1653 4417 1774 4467 ἑπι-

1873 3237 2074 3291 cantati
2118 3247 2338 3307 propter
2376 3242 2635 3295 exercitia
2673 3243 2996 3307 studiorum,
3038 3244 3225 3307 vitam,
3259 3258 3440 3298 mores

1873 3338 2034 3399 atque
2062 3332 2421 3402 disciplinam.
2448 3334 2599 3389 Alter
2627 3336 2846 3405 quidem
2872 3337 3184 3407 Aegyptius,
3212 3337 3305 3406 qui
3338 3337 3439 3390 mi-

1862 3422 2061 3475 ,racula
2098 3422 2313 3487 edebat,
2362 3438 2425 3479 ac
2471 3426 2725 3495 religiosa
2746 3427 2996 3481 cautione
3032 3428 3085 3480 in
3121 3442 3237 3492 eos,
3261 3428 3355 3496 qui
3381 3442 3439 3481 se

1875 3512 2289 3577 conveniebant,
2308 3522 2427 3568 erat
2458 3531 2683 3571 severus
2708 3534 2721 3570 :
2765 3518 2901 3571 alter
2925 3518 3322 3572 Alexandrinus
3340 3532 3440 3586 per

1874 3602 2055 3656 omnia
2088 3604 2282 3658 similis
2309 3606 2571 3677 Aegyptio
2600 3616 2657 3661 et
2686 3608 2986 3672 humanus,
3020 3606 3030 3677 |
3060 3606 3195 3662 adeo
3233 3608 3435 3662 huma-

1874 3708 1979 3746 nus
2014 3702 2132 3747 erat
2166 3710 2295 3764 erga
2333 3711 2450 3761 eos,
2491 3698 2586 3766 qui
2614 3714 2672 3752 se
2714 3697 3131 3762 conveniebant,
3160 3704 3221 3751 ut
3260 3697 3439 3767 lepida

1875 3786 2185 3840 urbanitate
2210 3787 2416 3841 utendo
2460 3787 2685 3843 iuvenes
2714 3789 2781 3843 ad
2804 3789 3070 3843 exercitia
3094 3797 3435 3859 provocaret.

1876 3876 2081 3930 Horum
2118 3877 2378 3947 Evagrius
2414 3877 2717 3948 discipulus
2768 3878 2972 3943 factus,
3001 3879 3159 3933 factis
3192 3879 3438 3948 philoso-

1876 3967 2059 4036 phiam
2088 3968 2352 4032 exercuit,
2394 3970 2487 4037 qui
2518 3971 2674 4039 prius
2697 3971 2878 4025 verbis
2900 3971 3161 4024 duntaxat
3195 3970 3437 4040 philoso-

1876 4058 2164 4126 phabatur.
2193 4057 2294 4123 Qui
2331 4059 2801 4130 Constantinopoli
2826 4077 2855 4115 a
2880 4061 3142 4131 Gregorio
3164 4061 3439 4130 Theologo

1876 4149 1932 4209 in
1960 4150 2307 4206 diaconorum
2345 4149 2583 4205 adscitus
2622 4160 2705 4205 est
2744 4151 3012 4216 ordinem,
3040 4152 3171 4221 quin
3192 4151 3355 4205 etiam
3381 4150 3438 4204 in

1876 4238 2174 4309 Aegyptum
2226 4238 2534 4307 profectus,
2578 4240 2635 4294 in
2680 4240 2991 4310 praedictos
3043 4239 3237 4293 incidit
3288 4239 3440 4293 viros

1877 4337 2041 4398 atque
2087 4330 2306 4383 illorum
2349 4332 2518 4384 vitam
2557 4332 2863 4386 aemulatus
2905 4338 3007 4385 est.
3042 4331 3126 4385 Ab
3164 4332 3271 4385 hoc
3309 4330 3438 4383 libri

1878 4419 2034 4474 valde
2058 4434 2248 4489 graves
2270 4426 2327 4473 et
2360 4419 2490 4473 serii
2514 4419 2811 4489 conscripti
2858 4429 3004 4485 sunt,
3024 4434 3256 4489 quorum
3294 4434 3438 4473 unus

221 4516 557 4586 γέγραπται·
587 4514 649 4567 τὸ
676 4513 733 4565 δὲ
773 4512 1115 4575 Γνωστικὸς
1142 4509 1174 4579 ἢ
1211 4508 1470 4579 περὶτῶν
1508 4506 1765 4572 καταξιω-
1804 4532 1845 4586 Β
1873 4510 1909 4563 ll

1750 4536 1765 4545 -
1804 4532 1845 4586 Β
1873 4510 2154 4564 Monachus
2188 4510 2303 4564 sive
2344 4510 2412 4564 de
2448 4511 2559 4565 vita
2596 4512 2771 4566 activa
2799 4511 3092 4581 inscriptus
3130 4518 3232 4566 est.
3284 4509 3438 4565 Alter

222 4607 423 4660 θέντων
462 4604 730 4673 γνώσεως·
782 4602 1050 4669 κεφάλαια
1083 4602 1139 4654 δὲ
1184 4599 1347 4655 αὑτοῦ
1402 4600 1770 4668 πεντήκοντα·

218 4695 280 4747 τὸ
309 4694 366 4746 δὲ
405 4691 842 4761 ’Δντιρῤητικὸν
872 4690 1007 4762 πρὸς
1035 4691 1161 4753 τοὺς
1201 4688 1555 4759 πειράζοντας
1590 4688 1776 4757 δαίμο-

218 4800 336 4845 νας,
368 4784 425 4833 ὲν
453 4780 594 4833 ὀκτὼ
627 4780 947 4852 διῃρημένον
980 4779 1189 4849 μέρεσι,
1240 4778 1376 4831 κατὰ
1410 4778 1500 4830 τὸν
1544 4776 1775 4846 ἀριθμὸν

216 4875 326 4925 τῶν
375 4872 519 4924 ὀκτὼ
578 4871 883 4941 λογισμῶν
934 4872 1027 4923 καὶ
1084 4869 1335 4934 ἑξακόσια
1398 4866 1776 4939 προγνωστικὰ

220 4963 584 5033 προϐλήματα
602 4978 615 4991 ·
650 4965 743 5016 καὶ
769 4963 995 5034 στιχηρὰ
1023 4962 1089 5032 β’,
1120 4961 1177 5013 ἐν
1216 4964 1350 5030 πρὸς
1375 4962 1504 5023 τοὺς
1524 4962 1579 5012 ὲν
1606 4976 1775 5012 κοινο-

218 5054 416 5123 6ίοιςῆ
455 5053 717 5117 σιδνοδίαις¹
762 5055 1060 5123 μοναχοὺς,
1098 5053 1191 5105 καὶ
1219 5052 1277 5103 ἓν
1316 5051 1451 5122 πρὸς
1488 5052 1588 5121 τὴν
1630 5066 1773 5119 παρ-

218 5144 421 5197 Θενίαν.
462 5144 553 5196 καί
582 5161 715 5214 φησι
740 5145 879 5199 κατὰ
901 5142 1043 5207 λέξιν
1070 5142 1269 5205 οὕτως·
1308 5141 1649 5211 Ἀναγκαῖον
1668 5141 1774 5205 τὰς

218 5234 399 5298 ὀδοὺς
421 5232 538 5287 τῶν
556 5234 1059 5302 προοδευσάντων
1074 5251 1229 5304 μονα
1232 5233 1354 5302 χῶν
1378 5232 1559 5301 ὀρθῶς
1580 5232 1775 5299 διερω·

217 5324 349 5391 τᾷν,
387 5324 486 5378 καί
529 5326 679 5393 πρὸς
716 5328 901 5390 αὑτὰς
942 5324 1393 5393 κατορθοῦσθαν
1429 5326 1626 5378 πολλὰ
1663 5323 1773 5393 γάρ

217 5416 387 5474 ἐστιν
425 5418 522 5469 ὑπ’
562 5414 760 5469 αὐτῶν
790 5418 862 5468 τὰ
889 5415 1145 5490 ρηθέντα
1174 5416 1270 5468 και
1307 5417 1640 5483 πραχθέντα
1669 5432 1772 5469 κα-

216 5505 364 5571 λῶς,
394 5508 462 5559 ἐν
493 5503 583 5571 οἷς
614 5509 712 5560 καί
737 5508 911 5562 τοῦτό
948 5526 1037 5573 τις
1064 5508 1281 5577 ἔφησε,
1303 5508 1417 5575 τὴν
1446 5508 1771 5576 ξηροτέρων

218 5600 315 5659 καὶ
366 5599 683 5669 ἀνώμαλον
730 5600 992 5662 δίαιταν,
1050 5600 1246 5669 andem
1309 5599 1767 5666 συζευχθεῐσαν,

217 5688 432 5751 ἀᾶττον
455 5687 678 5761 διάγειν
707 5690 813 5744 τὸν
837 5691 1107 5761 μοναχὸν
1145 5694 1229 5756 εἰς
1256 5690 1564 5751 ἀπάθειαν.

1875 4599 2145 4653 Gnosticus
2174 4600 2288 4653 sive
2313 4599 2379 4653 de
2405 4599 2493 4663 iis,
2519 4599 2613 4668 qui
2647 4600 2974 4669 cognitionis
3000 4614 3227 4654 munere
3251 4599 3437 4653 donati

1874 4700 2021 4744 sunt.
2055 4689 2245 4759 Capita
2267 4706 2397 4745 vero
2420 4691 2540 4745 eius
2568 4690 2695 4743 libri
2718 4698 2847 4743 sunt
2863 4689 3272 4759 quinquaginta.
3304 4689 3438 4743 Ter-

1876 4782 1983 4836 tius
2026 4780 2421 4844 Antirrheticus,
2470 4779 2731 4835 adversus
2801 4786 3070 4833 tentantes
3121 4779 3435 4842 daemones,

1874 4881 1995 4925 octo
2034 4871 2320 4926 distinctus
2367 4870 2615 4941 partibus
2640 4871 2941 4924 secundum
2978 4885 3267 4923 numerum
3310 4878 3436 4922 octo

1873 4964 2278 5033 cogitationum.
2290 4963 2423 5016 Item
2441 4968 2694 5016 sexcenta
2712 4960 3061 5030 Prognostica
3078 4959 3433 5029 problemata,

1872 5064 1927 5108 et
1951 5054 2313 5108 Elementaria
2349 5052 2479 5116 duo,
2522 5067 2691 5108 unum
2730 5051 2796 5104 ad
2829 5051 3122 5105 monachos
3144 5050 3200 5102 in
3239 5063 3437 5103 coeno-

1871 5147 1976 5202 biis
2026 5153 2121 5200 aut
2177 5146 2556 5205 contuberniis
2614 5146 2881 5208 viventes,
2914 5143 3146 5199 alterum
3170 5142 3237 5195 ad
3270 5141 3436 5211 virgi-

1870 5255 2001 5292 num
2034 5249 2267 5294 coetum.
2308 5238 2484 5307 Atque
2525 5238 2657 5292 haec
2682 5243 2811 5289 sunt
2850 5237 2967 5289 eius
2990 5234 3191 5289 verba:
3217 5232 3435 5287 Necesse

1871 5338 1966 5394 est,
2002 5338 2060 5382 ut
2088 5330 2198 5383 uias
2231 5344 2431 5392 eorum,
2473 5330 2565 5399 qui
2607 5334 3017 5398 praecesserunt,
3060 5326 3432 5380 monachorum

1868 5422 2049 5475 sedulo
2074 5422 2398 5492 indagemus,
2446 5432 2495 5477 et
2520 5422 2587 5478 ad
2620 5438 2799 5478 eorum
2840 5438 3080 5473 normam
3115 5420 3433 5488 dirigamur.

1869 5510 2035 5564 Multa
2068 5511 2129 5563 ab
2162 5512 2224 5563 iis
2250 5519 2298 5563 et
2323 5511 2460 5564 dicta
2478 5520 2525 5563 et
2550 5511 2691 5579 facta
2712 5518 2833 5563 sunt
2866 5518 3023 5571 recte,
3049 5511 3184 5561 inter
3216 5523 3348 5576 quae
3379 5516 3429 5558 et

1869 5601 1961 5653 hoc
2013 5600 2270 5668 quispiam
2309 5600 2476 5652 dixit:
2511 5600 2804 5653 Aridiorem
2838 5609 2886 5653 et
2929 5614 3172 5669 asperam
3224 5596 3430 5649 uiuendi

1871 5690 2125 5741 rationem
2156 5698 2272 5741 cum
2312 5689 2534 5741 caritate
2564 5688 2864 5758 capulatam
2905 5688 3122 5741 celerius
3148 5696 3433 5757 perducere

1873 5781 2181 5836 monachum
2214 5781 2282 5833 ad
2302 5781 2627 5851 «factionum
2656 5782 2983 5833 vacuitatem.
