4274 6358
809 384 909 443 311
1617 377 2003 440 PRAEFATIO
2039 380 2129 433 AD
2164 375 2537 432 EDITIONEM
2571 377 2682 433 AN.
2734 378 3016 435 MDCXXII
3958 376 4062 432 312

1817 554 2228 615 Homiliarum
2256 554 2330 614 B.
2370 553 2645 615 Macarii
2676 548 3065 629 singularum

2248 664 2637 734 argumenta.

804 832 820 884 1
1097 827 1471 898 Interpretatio
1499 822 2011 898 allegoricavisionis
2037 822 2181 891 apud
2206 821 2523 898 Ezechielem
2548 825 2864 898 descriptael
2913 896 2921 898 _
2954 893 2962 898 _
3089 892 3108 898 _
3150 894 3159 898 _
3422 894 3432 898 _
3499 892 3508 898 _
3806 824 3932 892 Pati.
3985 823 4047 898 7i

808 902 853 955 II
1103 898 1179 951 De
1206 890 1364 967 regno
1395 890 1751 957 tenebrarum,
1779 896 1871 947 hoc
1903 903 1977 945 est
2005 890 2243 967 peccato;
2272 904 2320 946 et
2344 895 2605 949 hominem
2637 890 2797 949 solius
2826 894 2922 947 Dei
2946 892 3193 960 beneﬁcio
3218 890 3433 946 liberari
3456 892 3519 944 ab
3542 907 3623 946 eo.
3884 890 3893 892 7

808 972 877 1025 III
1100 969 1174 1021 De
1200 964 1373 1037 quieta
1400 968 1623 1037 fratrum
1650 969 1864 1037 interse
1890 966 2281 1037 conversatione
2307 973 2356 1017 et
2388 967 2586 1035 proelio
2612 967 2873 1020 interiori.

811 1040 902 1097 IIII
1104 1033 1220 1103 Qua
1255 1033 1459 1093 ratione
1485 1036 1891 1109 promovendum
1918 1035 1971 1109 7in
1988 1036 2103 1109 vita
2127 1033 2449 1109 Christiana.
2682 1108 2689 1109 7
2802 1108 2807 1109 7
3003 1107 3013 1109 7

805 1113 847 1165 ν
1103 1108 1374 1173 Quantum
1398 1104 1650 1179 discrepet
1675 1108 1780 1161 vita
1806 1104 2226 1160 Christianorum
2252 1123 2284 1161 a
2312 1106 2635 1177 reliquorum
2670 1108 2940 1161 hominum
2964 1107 3093 1160 vita.
3980 1106 4051 1179 §§

809 1181 876 1237 VI
1093 1180 1171 1233 De
1202 1182 1349 1233 modo
1372 1175 1692 1250 precandi.7
1901 1248 1908 1250 _
2019 1246 2029 1250 7
2331 1248 2340 1250 _
2424 1175 2432 1177 7
2541 1249 2545 1250 7
2911 1247 2920 1250 7
3129 1246 3138 1250 7
3463 1245 3473 1250 _
3764 1245 3773 1250 _
3980 1175 4050 1228 85

807 1253 897 1307 VII
1094 1245 1470 1368 Derclementia
1502 1248 1694 1304 Christi
1740 1263 1865 1317 erga
1892 1246 2157 1311 homines;
2204 1248 2432 1301 continet
2481 1249 2641 1301 etiam
2687 1247 3044 1317 responsiones
3069 1246 3138 1299 ad
3174 1263 3431 1315 quasaam
3457 1245 3903 1313 interrogationes
3976 1314 4047 1368 tu

1183 1330 1293 1368 orte
1330 1322 1586 1368 curiosas-
3979 1351 3991 1367 ι

1183 1322 1293 1373 orte
1330 1322 1586 1375 curiosas.
3976 1322 3991 1367 ε

1162 1322 1293 1389 forte
1330 1322 1586 1375 curiosas.
3976 1322 4039 1368 Μ

806 1391 919 1447 VIII
1100 1390 1176 1443 De
1210 1393 1286 1443 his
1330 1408 1462 1460 quae
1491 1392 1796 1458 contingunt
1834 1386 2145 1460 Christianis
2172 1388 2309 1439 inter
2337 1387 2619 1440 orandum.
2967 1457 2976 1460 _
3136 1456 3147 1460 _
3252 1456 3260 1460 7
3330 1459 3335 1460 7
3521 1454 3548 1460 __
3589 1453 3620 1460 _
3771 1453 3800 1460 __
3942 1384 4039 1437 101

806 1462 881 1517 IX
1097 1453 1473 1514 Promissiones
1495 1479 1555 1512 ac
1580 1453 1877 1529 prophetias
1896 1459 2096 1511 divinas
2123 1475 2215 1529 per
2243 1460 2415 1511 varios
2437 1475 2700 1512 successus
2716 1467 2765 1511 et
2791 1457 3100 1510 tentationes
3130 1456 3359 1526 impleri,
3384 1464 3430 1509 et
3451 1454 3549 1507 soli
3580 1453 3685 1505 Deo
3712 1453 3905 1506 adhae-

1160 1535 1315 1583 rendo
1347 1532 1558 1584 liberari
1580 1523 1684 1582 7uos'
1707 1531 1769 1582 ab
1794 1523 2211 1597 infestationibus
2240 1530 2573 1581 daemonum.
3208 1523 3216 1526 7
3749 1596 3753 1597 7
3943 1523 4047 1577 I08

805 1600 853 1654 X
1095 1599 1404 1716 Humilitat;
1434 1610 1479 1653 et
1512 1601 1789 1653 alacritate
1818 1596 2106 1652 retinentur
2145 1608 2193 1651 et
2216 1609 2477 1668 augentur
2513 1599 2653 1653 dona
2696 1600 2901 1669 gratiae
2932 1598 3159 1661 divinae,
3184 1596 3426 1666 superbia
3452 1602 3627 1647 autem
3663 1603 3711 1645 et
3740 1596 3898 1664 igna-
3942 1664 4045 1716 ΡΟ

1158 1687 1241 1716 ma
1267 1689 1355 1716 ner
1396 1680 1573 1716 mitur
3974 1678 4003 1716 ζ

1158 1672 1241 1722 via
1267 1672 1573 1723 verduntur.
3942 1672 4003 1716 Η

1158 1689 1241 1722 via
1302 1689 1573 1723 eraunrur.
3942 1689 4045 1716 nu

804 1740 876 1793 XI
1095 1689 1346 1793 Virtuth
1371 1744 1541 1794 sancti
1565 1740 1791 1809 Spiritus
1825 1740 1880 1791 in
1917 1738 2068 1791 corde
2096 1738 2315 1791 hominis
2344 1755 2399 1791 se
2427 1738 2613 1792 habere
2637 1740 2809 1792 instar
2845 1739 3002 1809 ignis.

804 1810 901 1881 XII
1096 1810 1173 1881 De
1196 1820 1340 1863 statu
1371 1813 1517 1865 Adae
1566 1806 1679 1881 post
1703 1808 1988 1881 imaginem
2026 1809 2122 1861 Dei
2151 1809 2430 1877 perditam.
2868 1806 2882 1809 ⁷

804 1880 922 1934 XIII
1099 1879 1265 1943 Quem
1286 1882 1512 1950 fructum
1543 1877 1573 1934 a7
1593 1877 1887 1935 Christiano
1912 1880 2047 1932 Deus
2072 1881 2263 1948 exigat.
2613 1948 2619 1950 7
3941 1877 4006 1929 16

802 1950 922 2005 XIV
1104 1950 1204 2014 Qui
1225 1948 1544 2005 sededicaut
1570 1951 1692 2014 Deo,
1717 1968 1819 2003 non
1856 1952 1965 2003 sine
2000 1967 2089 2017 spe
2106 1950 2540 2002 remunerationis
2566 1948 2620 2001 id
2647 1950 2864 2017 faciunt.
2975 2016 2991 2017 7
3942 1950 4043 2001 166

805 2021 899 2074 XV
1104 2020 1276 2091 Quam
1305 2032 1481 2076 sancte
1505 2031 1551 2074 et
1575 2031 1713 2075 caste
1736 2039 1789 2075 se
1810 2037 1985 2091 gerere
2004 2016 2182 2073 debeat
2204 2021 2383 2072 anima
2410 2019 2443 2091 7]
2499 2016 2786 2091 Christiani
2806 2035 2930 2091 erga
2956 2016 3221 2071 Christum
3254 2033 3504 2091 sponsum
3528 2030 3701 2072 suum,
3942 2020 4043 2091 174

803 2092 921 2146 XVI
1100 2090 1375 2160 Spiritales
1420 2094 1649 2147 homines
1688 2088 1933 2146 obnoxios
1969 2108 2077 2145 esse
2121 2088 2492 2143 tentationibus
2535 2101 2581 2143 et
2617 2089 3008 2159 afflictionibus;
3052 2104 3281 2158 quarum
3338 2088 3481 2158 origo
3532 2096 3604 2139 est
3648 2091 3880 2158 primum
3936 2090 4042 2143 ‘250

1197 2173 1448 2217 eccatum.

802 2233 943 2286 XVII
1106 2180 1630 2288 Db’ech‘rl'ift'i’linorum
1661 2234 1899 2287 unctione
1924 2230 2156 2303 spiritali
2180 2239 2227 2303 e7t
2267 2230 2458 2299 gloria.
2531 2300 2557 2303 Α
2604 2302 2609 2303 7
3182 2302 3207 2303 77
3388 2302 3409 2303 77
3938 2231 4043 2286 246

805 2303 974 2357 XVIII
1104 2302 1181 2356 De
1204 2306 1447 2358 thesauro
1478 2304 1917 2365 Christianorum,
1951 2300 2042 2373 qui
2068 2310 2143 2355 est
2180 2300 2418 2357 Christus
2449 2308 2497 2353 et
2520 2300 2748 2370 Spiritus
2808 2309 3042 2365 sanctus,
3074 2302 3236 2355 uariis
3273 2302 3438 2355 modis
3464 2317 3706 2355 exercens
3756 2317 3841 2354 eos

1161 2375 1229 2428 ad
1257 2379 1617 2444 perfectionem
1642 2372 2037 2443 assequendam.
2253 2443 2258 2444 7
3176 2442 3183 2444 7
3368 2442 3375 2444 7
3939 2372 4043 2444 26L

802 2444 927 2516 XIX
1104 2442 1432 2516 Christianus
1448 2445 1696 2516 proﬁcere
1723 2442 1917 2507 volens,
1946 2444 2014 2496 ad
2035 2459 2185 2497 omne
2207 2443 2280 2505 id,
2313 2444 2448 2511 quod
2463 2443 2653 2495 bonum
2677 2451 2772 2516 est,
2800 2457 2853 2493 se
2877 2444 2925 2495 vi
2964 2442 3271 2515 compellere
3297 2442 3460 2495 debet.

805 2515 903 2567 XX
1098 2512 1251 2569 Solus
1278 2512 1513 2570 Christus
1546 2512 1755 2569 sanavit
1782 2518 2037 2575 animam,
2075 2530 2235 2582 quam
2268 2522 2576 2567 ornamento
2600 2515 2803 2581 gratiae
2825 2530 2952 2566 suae
2980 2512 3197 2569 vestivit.
3940 2512 4043 2565 288

804 2585 927 2640 XXI
1098 2585 1306 2638 Homini
1340 2586 1637 2641 Christiano
1663 2586 1853 2655 duplex
1878 2585 2125 2637 incumbit
2154 2584 2366 2647 bellum,
2401 2593 2675 2637 externum
2693 2592 2738 2635 et
2767 2585 3052 2639 internum.
3939 2583 4043 2655 296

802 2655 948 2710 XXII
1093 2655 1167 2706 De
1191 2655 1382 2710 duplici
1402 2666 1543 2709 statu
1571 2656 1941 2708 decedentium.
3939 2654 4043 2706 502

804 2726 970 2780 XXIII
1100 2725 1165 2796 lii
1186 2724 1284 2778 soli
1306 2728 1547 2780 diadema
1569 2727 1767 2795 regium
1798 2735 2001 2795 gestare
2024 2733 2259 2796 possunt,
2291 2726 2380 2794 qui
2402 2732 2524 2778 sunt
2551 2740 2577 2775 e
2605 2724 2801 2796 semine
2822 2728 2979 2796 regio.
3940 2724 4043 2777 505

804 2796 971 2850 XXIV
1097 2795 1516 2850 Christianorum
1539 2793 1705 2849 status
1738 2793 2066 2850 mercaturae
2096 2804 2142 2847 et
2169 2793 2555 2863 fermentationi
2580 2793 2765 2846 similis
2793 2793 2893 2849 est.7
3941 2796 4042 2849 507

803 2866 947 2921 XXV
1092 2865 1195 2918 Per
1214 2868 1634 2939 inobedientiam
1666 2866 1862 2939 redacti
1892 2883 2072 2939 sumus
2108 2867 2166 2939 in
2190 2868 2508 2929 servitutem,
2546 2882 2578 2915 a
2603 2881 2707 2934 qua
2748 2883 2840 2935 per
2866 2868 3171 2939 mysterium
3194 2870 3362 2923 crucis
3396 2870 3711 2931 liberamur;
3735 2868 3857 2919 item

1188 2938 1250 2988 de
1276 2935 1617 2989 lacrimarum
1656 2946 1702 2988 et
1735 2938 1868 3005 ignis
1894 2937 2053 2989 divini
2085 2934 2339 3002 efﬁcacia.
2749 2934 2755 2935 7
2927 2934 2944 2939 ⁷
3938 2936 4043 2989 514

802 3004 971 3062 XXVI
1089 3005 1167 3059 De
1197 3007 1471 3129 dignitate,
1507 3004 1767 3077 facultate
1784 3016 1832 3061 et
1849 3007 2232 3076 operationibus
2263 3009 2491 3070 animae,
2527 3014 2576 3058 et
2604 3022 2708 3076 qua
2756 3009 2961 3060 ratione
3002 3016 3228 3061 tentetur
3278 3027 3310 3062 a
3344 3010 3552 3063 diabolo
3583 3019 3633 3062 et
3672 3010 3734 3063 ab
3782 3024 3841 3060 eo
3940 3076 4046 3131 526

1219 3095 1235 3129 ι
1271 3087 1464 3131 eretur.
2276 3098 2277 3101 η

1219 3078 1464 3131 iberetur.
2276 3098 2277 3101 η

3940 3078 3972 3130 5

801 3144 992 3201 XXVII
1098 3145 1423 3221 Dignitatem
1451 3154 1719 3221 etstatum
1751 3147 1971 3221 hominis
2003 3144 2287 3201 Christiani
2310 3145 2660 3217 prosequitur,
2700 3148 2911 3218 eiusque
2953 3149 3169 3202 liberum
3220 3151 3517 3214 arbitrium,
3572 3152 3845 3221 permixtis

1188 3220 1395 3270 interim
1429 3218 1638 3271 utilibus
1662 3217 2063 3287 quaestionibus.
2827 3217 2833 3218 7
3573 3217 3581 3221 ⁷
3940 3218 4045 3270 554

802 3286 1017 3341 XXVIII
1104 3287 1353 3340 Describit
1379 3305 1439 3340 ac
1470 3288 1709 3357 deplorat
1735 3286 2094 3357 calamitatem
2120 3287 2330 3339 animae
2369 3287 2421 3338 in
2448 3304 2550 3355 qua
2579 3298 2788 3356 propter
2819 3298 3085 3357 peccatum
3110 3307 3212 3342 non
3244 3291 3442 3346 habitat
3468 3291 3720 3345 Christus.
3941 3288 4046 3341 580

1108 3357 1317 3431 Duplici
1338 3360 1542 3431 ratione
1569 3360 1799 3427 gratiam
1816 3374 1970 3431 suam
1996 3356 2222 3431 largitur
2257 3358 2415 3431 Deus,
2470 3357 2477 3425 |
2529 3359 2673 3431 cuius
2696 3356 2920 3426 fructum
2960 3361 3169 3411 tandem
3194 3362 3328 3414 iusto
3356 3363 3546 3414 iudicio
3577 3363 3786 3431 repetit.

1118 3426 1201 3499 Ex
1228 3426 1427 3497 Spiritu
1444 3426 1624 3482 sancto
1651 3430 1853 3499 renasci
1890 3428 2033 3481 debet
2059 3426 2237 3499 anima
2270 3428 2362 3481 Dei
2392 3444 2609 3496 regnum
2630 3429 2950 3496 ingressura,
2983 3439 3029 3481 et
3055 3432 3142 3498 qui
3168 3432 3258 3483 hoc
3280 3432 3395 3499 ﬁat.
3635 3426 3643 3431 ⁷
3941 3430 4045 3483 596

801 3496 972 3550 XXXI
1124 3496 1314 3571 Fidelis
1337 3500 1512 3571 animo
1545 3500 1740 3571 mutari
1760 3498 1900 3551 debet
1931 3506 1977 3550 et
2011 3499 2065 3550 in
2093 3496 2257 3552 Deum
2279 3499 2521 3568 colligere
2566 3500 2902 3567 cogitationes
2924 3496 3123 3564 omnes,
3161 3519 3193 3554 a
3221 3496 3403 3571 quibus
3452 3518 3571 3555 vere
3612 3501 3868 3571 dependet

1222 3569 1518 3637 obsequium
1552 3569 1804 3621 divinum.
3234 3568 3243 3571 7
3680 3568 3688 3571 ⁷
3942 3568 4043 3623 407

802 3636 994 3689 XXXII
1130 3637 1311 3711 Gloria
1350 3636 1767 3711 Christianorum
1792 3639 1939 3692 modo
1969 3638 2094 3691 latet
2116 3640 2169 3690 in
2200 3640 2389 3711 animis
2419 3656 2620 3698 eorum,
2654 3656 2788 3708 quae
2810 3640 3199 3693 resurrectionis
3226 3650 3457 3711 tempore
3484 3658 3707 3711 emerget
3734 3651 3780 3694 et
3803 3640 3869 3692 il-

1224 3708 1720 3791 lustrabitcorpora
1743 3726 1836 3791 pro
1861 3726 1954 3762 suo
1983 3726 2214 3791 quaeque
2245 3710 2413 3791 modo.
3332 3708 3340 3711 ⁷
3627 3708 3642 3711 ⁷
3943 3711 4045 3791 ξ

800 3776 1018 3849 XXXIII
1123 3777 1294 3841 Quam
1323 3788 1514 3849 attente
1546 3776 1919 3849 diligenterque
1948 3776 2265 3848 precandum
2299 3781 2382 3831 sit.
3942 3779 4045 3832 49.6

1125 3848 1201 3919 De
1223 3849 1392 3919 gloria
1415 3847 1835 3904 Christianorum
1860 3849 1965 3902 illis
1997 3866 2097 3902 non
2135 3850 2332 3918 ignota.
3943 3851 4045 3903 450

1128 3918 1203 3989 De
1226 3917 1449 3972 sabbato
1476 3920 1691 3989 antiquo
1714 3928 1761 3969 et
1784 3936 1931 3971 novo.
2157 3917 2166 3918 7
3940 3921 4045 3972 454

1123 3988 1342 4059 Diversa
1362 3999 1435 4042 est
1462 3987 1843 4059 resurgentium
1873 3989 2063 4057 gloria.
3942 3991 4045 4043 457

799 4056 1039 4129 XXXVII
1120 4058 1196 4111 De
1220 4060 1468 4128 paradiso
1496 4071 1543 4113 et
1579 4056 1688 4129 lege
1713 4056 1962 4128 spiritali.
2198 4128 2219 4129 77
2456 4128 2469 4129 7
3941 4061 4043 4113 450

1113 4126 1313 4201 Exacto
1345 4147 1472 4201 opus
1498 4138 1570 4183 est
1604 4126 1791 4201 iudicio
1819 4131 1873 4181 in
1897 4128 2247 4201 discernendis
2274 4130 2405 4181 veris
2437 4128 2769 4201 Christianis,
2792 4140 2838 4184 et
2865 4134 3081 4201 quinam
3105 4134 3211 4186 sint
3238 4132 3338 4188 illi.
3943 4131 4045 4183 452

803 4148 1061 4181 λλλνιιι
1113 4148 1313 4182 nxacto
1345 4148 1373 4182 o
1414 4148 1472 4184 us
1498 4148 1570 4183 est
1604 4148 1791 4182 auaicio
1819 4148 1873 4181 in
1897 4148 2247 4181 arscernenais
2274 4148 2405 4181 veris
2437 4148 2769 4194 urrrsuams,
2792 4148 2838 4184 et
2865 4148 3081 4201 quinam
3105 4148 3211 4186 sint
3238 4148 3338 4188 uti.
3943 4148 4042 4183 002

798 4197 1020 4268 XXXIX
1110 4199 1189 4251 Ad
1220 4200 1343 4268 quid
1365 4148 1638 4268 gcriptura
1669 4200 1845 4251 divina
1882 4200 2022 4251 nobis
2054 4199 2249 4250 donata
2286 4207 2356 4250 est
2380 4217 2411 4251 a
2434 4199 2559 4252 Dco.
3941 4201 4042 4253 457

801 4267 891 4319 XL
1120 4267 1379 4322 Virtutum
1410 4267 1545 4323 inter
1570 4285 1622 4323 se
1640 4269 1922 4337 colligatio,
1951 4269 2129 4320 itidem
2151 4270 2413 4321 vitiorum.
3940 4271 4043 4327 458

800 4337 915 4390 XLI
1114 4338 1284 4413 Quam
1316 4340 1577 4409 profunda
1605 4340 1708 4392 sint
1735 4340 1945 4393 animae
1969 4338 2281 4407 penetralia,
2324 4354 2460 4405 quae
2500 4341 2763 4408 paulatim
2786 4342 3105 4395 incrementa
3133 4345 3341 4413 gratiae
3385 4355 3478 4399 aut
3505 4347 3750 4399 vitiorum
3776 4362 3863 4398 ac-

1185 4411 1323 4468 cipit.

3136 4411 3147 4413 7
3939 4413 4042 4468 466

797 4477 938 4530 XLII
1118 4429 1493 4558 Noilpbgterna,
1519 4480 1607 4532 sed
1635 4479 1843 4531 interna
1873 4486 2174 4548 promovent
2211 4487 2302 4530 aut
2322 4477 2539 4535 laedunt
2566 4480 2870 4546 hominem;
2895 4481 3055 4535 veluti
3094 4484 3309 4550 spiritus
3350 4489 3553 4556 gratiae
3575 4494 3667 4539 aut
3700 4488 3857 4558 spiri-

1186 4560 1266 4602 tus
1290 4551 1570 4610 nequitiae.
3351 4551 3368 4556 ⁷
3729 4551 3739 4558 ⁷
3937 4555 4041 4609 469

797 4617 963 4689 XLIII
1107 4620 1181 4672 De
1209 4636 1483 4689 progressu
1510 4620 1609 4671 viri
1625 4617 1930 4689 Christiani,
1953 4619 2097 4671 cuius
2119 4626 2227 4669 tota
2248 4619 2321 4671 vis
2355 4619 2605 4689 dependet
2644 4638 2676 4673 a
2703 4621 2874 4683 corde,
2910 4630 2968 4673 ut
3005 4622 3084 4673 hic
3107 4624 3251 4675 varie
3275 4623 3600 4683 describitur.
3938 4626 4046 4680 472

798 4688 960 4742 XLIV
1108 4686 1375 4767 Quantum
1410 4690 1464 4741 in
1486 4691 1691 4767 homine
1725 4686 2021 4741 Christiano
2052 4690 2273 4741 mutatio
2305 4690 2313 4758 |
2348 4686 2465 4743 nem
2491 4707 2552 4743 ac
2593 4694 2975 4744 renovationem
3006 4692 3168 4759 faciat
3199 4692 3455 4760 Christus,
3494 4700 3582 4767 qui
3631 4698 3835 4751 morbos

1184 4762 1393 4811 animae
1423 4761 1648 4811 sanauit.
3506 4761 3515 4767 ⁷
3944 4765 4043 4819 182

796 4827 933 4882 XLV
1105 4829 1275 4902 Nullis
1323 4829 1520 4881 artibus
1548 4836 1637 4881 aut
1664 4827 1901 4902 operibus
1934 4830 2083 4880 huius
2106 4827 2315 4902 mundi,
2343 4828 2431 4902 sed
2478 4828 2589 4902 solo
2629 4828 2821 4902 Christi
2864 4830 3091 4883 adventu
3135 4842 3385 4887 sanatum
3416 4852 3523 4889 esse
3568 4839 3867 4902 hominem;

1183 4901 1324 4952 cuius
1360 4915 1608 4967 magnam
1630 4915 1745 4950 cum
1770 4898 1874 4950 Deo
1909 4899 2269 4966 cognationem
2297 4900 2455 4967 refert
2488 4900 2613 4951 haec
2643 4900 2871 4952 homilia.
3848 4898 3857 4902 ⁷
3940 4906 4043 4959 495

795 4968 958 5039 XLVI
1110 4969 1186 5022 De
1211 4970 1502 5039 differentia
1519 4970 1665 5039 inter
1686 4968 1897 5020 verbum
1923 4968 2015 5020 Dei
2042 4976 2089 5019 et
2122 4968 2330 5039 verbum
2362 4969 2562 5039 mundi,
2598 4976 2647 5021 et
2677 4971 2813 5022 inter
2840 4969 2977 5035 ﬁlios
3009 4968 3103 5023 Dei
3130 4979 3179 5023 et
3194 4970 3335 5038 ﬁlios
3363 4974 3517 5029 huius
3558 4977 3760 5031 mundi.
3942 4977 4042 5028 502.

796 5037 983 5109 XLVII
1122 5037 1415 5107 Explicatio
1448 5038 1733 5109 allegorica
1762 5038 2093 5107 quorundam
2113 5038 2205 5090 sub
2239 5038 2349 5107 lege
2387 5038 2560 5109 [bene]
2599 5040 2877 5108 factorum.
3196 5037 3201 5038 ⁷
3942 5048 4043 5099 509

795 5108 1007 5179 XLVIII
1119 5111 1193 5162 De
1223 5112 1449 5179 perfecta
1471 5109 1575 5175 ﬁde
1598 5110 1651 5159 in
1681 5108 1867 5161 Deum.
1990 5178 1997 5179 7
2247 5177 2255 5179 7
2392 5108 2403 5109 7
2544 5108 2557 5109 7
3940 5118 4045 5172 5‘25

795 5178 963 5231 XLIX
1103 5177 1230 5233 Non
1247 5182 1374 5233 salis
1412 5188 1485 5231 est
1516 5179 1667 5231 huius
1699 5179 1894 5231 saeculi
1915 5178 2130 5231 delicias
2178 5177 2467 5248 reliquisse,
2497 5181 2598 5233 nisi
2644 5181 2757 5249 quis
2788 5179 3008 5235 alterius
3043 5181 3239 5235 saeculi
3276 5185 3655 5241 beatitudinem
3684 5204 3866 5242 ροηδε·-

1216 5259 1393 5304 uatur.
3940 5259 4033 5312 551

796 5318 837 5372 L
1106 5269 1497 5391 Deitate‘slltgui
1524 5339 1614 5391 per
1635 5328 1841 5374 sanctos
1875 5337 1995 5375 suos
2014 5328 2062 5372 et
2091 5327 2362 5373 creaturas
2397 5320 2499 5372 edit
2530 5320 2808 5375 miracula.

2367 5441 2437 5452 ..-

794 5472 1039 5545 Ηοῃιὶὶὶξιθ
1061 5481 1259 5545 exstant
1279 5488 1456 5545 graece
1485 5482 1537 5545 et
1559 5475 1712 5545 latine
1735 5491 1879 5538 pagg.
1904 5477 2076 5545 17-5j2_._
2097 5478 2285 5545 quibus
2324 5478 2534 5543 singulis
2571 5480 2838 5545 praemissa
2856 5486 3349 5545 prgumentagrgeca
3372 5483 3529 5545 multo
3552 5483 3821 5545 prolixiora
3863 5495 3889 5529 a
3932 5482 4043 5529 Pal»

860 5537 1057 5599 thenio,
1076 5540 1258 5599 utipse
1283 5537 1331 5584 in
1360 5537 1666 5587 Praefatione
1695 5537 1849 5599 snpra7
1862 5541 1955 5587 col.
1986 5540 2198 5587 305-306
2221 5537 2448 5598 testatui',
2473 5537 2765 5599 conscripta,
2794 5537 2945 5589 habes
2991 5545 3112 5592 infra
3154 5537 3203 5591 III
3235 5537 3567 5593 Praefatione7
3588 5547 3647 5592 ad
3678 5546 3947 5593 editionem
3975 5546 4044 5591 al-

861 5606 1013 5667 terum
1036 5598 1707 5667 Parisiensemﬂomlliamm
1730 5598 1777 5648 S7.
1806 5599 2003 5667 Mscsrii
2030 5602 2259 5667 Aegyptii
2285 5606 2378 5667 col.
2404 5604 2492 5651 517
2516 5617 2621 5663 sqq.
2653 5598 2885 5650 Homilias
2922 5603 3115 5667 excipit
3142 5605 3302 5667 Index
3327 5619 3493 5656 rerum
3513 5620 3572 5654 ac
3610 5604 3953 5656 sententiarum
3997 5604 4045 5651 in

862 5664 913 5708 S.
938 5658 1146 5708 Macarii
1171 5662 1214 5707 Η
1220 5658 1401 5709 omitiis
1426 5668 1750 5711 contentarum
1766 5660 2062 5723 atphabctico
2083 5658 2252 5711 ordine
2272 5662 2499 5726 diqestus,
2517 5658 2663 5723 quem
2689 5672 2967 5723 sequuntur
2987 5658 3227 5717 Palthenii
3250 5675 3399 5730 atque
3418 5668 3703 5732 typographi
3721 5669 3812 5717 hae
3834 5667 4044 5715 literae:

1901 5749 2335 5797 PALTHENIUS
2371 5750 2650 5801 LECTORI
2686 5752 2759 5799 SA
2776 5751 3018 5801 LUTEM.

871 5832 913 5886 Ε
954 5831 1123 5886 Suida
1158 5841 1213 5887 ct
1247 5831 1570 5898 Trithcmio,
1607 5834 1780 5890 amice
1815 5837 2007 5901 lector,
2073 5838 2125 5891 in
2157 5838 2435 5910 prioribus
2464 5838 2635 5895 libelli
2664 5839 2875 5908 paginis
2908 5840 2973 5894 de
3010 5842 3119 5896 vita
3154 5842 3373 5898 Macarii
3410 5842 3674 5905 quaedam
3710 5840 4039 5901 adiecimus.
