4274 6358
198 334 324 391 315
1237 332 1673 392 HOMILIARUM
1713 336 1769 393 S.
1806 338 2085 396 MACARH
2122 337 2460 397 AEGYPTH.
3359 347 3464 407 344

199 468 321 507 nec
345 458 462 504 tum
490 449 630 505 alios
651 448 946 519 scriptores
972 446 1193 504 Macarii
1222 448 1560 504 mentionem
1590 449 1854 510 facientes
1882 453 1949 507 ad
1982 469 2203 509 manum
2237 454 2550 509 habuimus.
2582 456 2783 511 Verum
2811 471 2937 513 cum
2961 456 3179 513 iamiam
3203 459 3271 516 ad
3298 460 3464 518 linem

199 546 479 618 paulatim
519 561 658 615 opus
696 544 966 608 tenderet,
992 544 1328 601 revolvimus
1364 544 1738 617 Nicephorum
1781 555 1839 602 et
1881 547 2200 604 Palladium.
2255 549 2399 605 Sane
2438 556 2689 620 uterque,
2732 559 2794 603 ut
2839 565 3005 620 supra
3045 549 3253 605 dictum
3277 592 3292 617 ,
3324 552 3466 609 duos

198 638 392 692 fuisse
434 636 704 693 Haearios
739 643 1032 700 testantur,
1078 634 1313 690 alterum
1356 635 1801 692 Alexandrinum.
1834 652 2053 708 genere,
2086 639 2202 709 qui,
2240 639 2371 695 licet
2394 638 2599 703 iunior,
2649 640 2707 693 in
2775 639 2844 694 iis
2886 654 3029 709 quae
3064 642 3463 697 monachorum

200 736 348 784 sunt
376 728 691 799 praecipua,
716 726 924 797 primas
960 724 1266 790 obtinebat,
1289 726 1526 781 alterum
1571 726 1918 799 Aegyptium,
1947 738 2125 784 aetate
2153 730 2524 801 grandiorem,
2562 730 2657 799 qui
2686 729 2785 785 bas
2822 730 2970 801 ipsas
3006 747 3198 803 graece
3219 734 3462 788 conscri-

199 823 326 894 psit
359 822 642 888 Homilias,
665 838 801 893 quas
836 821 893 875 in
922 820 1154 875 latinum
1177 834 1485 876 sermonem
1524 822 1921 878 transtulimus.
1964 823 2063 879 Hic
2085 823 2174 880 XC
2202 825 2341 880 vixit
2364 839 2539 880 annos
2578 824 2847 895 integros,
2887 822 3130 897 quoruin
3156 827 3250 882 LX
3279 836 3460 883 trans-

165 920 327 990 .egit
360 920 419 973 in
449 919 768 974 solitudine.
812 918 1004 987 Itaque
1035 925 1197 972 natus
1215 932 1390 972 annos
1435 917 1584 973 XXX
1611 926 1668 974 et
1708 918 1762 973 in
1788 920 2015 975 iuvenili
2045 928 2223 976 aetate
2255 922 2608 985 constitutus,
2636 929 2744 974 tam
2774 921 3073 975 toleranter
3104 918 3465 974 tulitlabores

199 1017 633 1073 exercitationis
683 1024 859 1072 totum
883 1016 1233 1080 decennium,
1256 1023 1315 1070 ut
1343 1031 1532 1087 magna
1557 1016 1788 1087 quadam
1810 1026 1865 1072 et
1892 1018 2088 1089 insigni
2112 1018 2309 1089 dignus
2328 1019 2626 1073 haberetur
2648 1014 3025 1077 distinctione,
3049 1011 3186 1065 adeo
3214 1021 3273 1064 ut
3295 1027 3461 1065 voca-

208 1118 383 1164 retur
400 1110 855 1180 παιδαριογέρων,
889 1108 943 1163 id
961 1091 1047 1165 est
1066 1110 1121 1164 in
1145 1111 1342 1181 puerili
1375 1119 1552 1165 aetate
1584 1126 1773 1177 senex,
1798 1114 2055 1183 quoniam
2080 1114 2243 1168 citius
2275 1129 2436 1183 quam
2466 1130 2564 1185 pro
2598 1120 2777 1167 aetate
2802 1109 3111 1179 profecerat
3142 1108 3457 1162 virtutibus.

201 1198 309 1253 XL
346 1213 523 1252 annos
547 1206 706 1251 natus
734 1204 1065 1266 potestatem
1095 1200 1309 1269 accepit
1338 1200 1603 1255 adversus
1627 1200 1940 1266 daemones,
1981 1204 2207 1273 gratiam
2240 1206 2372 1259 item
2419 1204 2667 1269 sanandi,
2698 1202 3063 1273 spiritumque
3108 1200 3462 1269 praedicendi

206 1293 424 1346 futura.
464 1293 671 1363 Dignus
709 1306 926 1361 quoque
952 1300 1037 1347 est
1079 1292 1301 1349 habitus
1340 1294 1663 1351 honorando
1696 1297 2020 1352 sacerdotio.
2078 1299 2406 1354 Habitarunt
2452 1316 2576 1355 cum
2615 1314 2682 1353 eo
2729 1297 2840 1351 duo
2866 1286 3121 1366 discipuli
3179 1296 3234 1349 in
3272 1294 3462 1349 intima

206 1387 520 1442 solitudine
545 1402 685 1456 quae
710 1396 941 1441 vocatur
970 1386 1150 1443 Scete.
1182 1389 1426 1455 Quorum
1468 1406 1611 1445 unus
1647 1392 1869 1462 quidem
1899 1394 2051 1447 velut
2096 1394 2347 1449 minister
2378 1394 2455 1449 illi
2491 1408 2707 1463 semper
2743 1390 3017 1445 assidebat
3056 1404 3249 1443 eorum
3288 1388 3463 1458 gratia

200 1482 303 1551 qui
331 1481 630 1534 veniebant
652 1479 915 1545 curandi;
954 1482 1091 1537 alter
1120 1493 1303 1539 autem
1326 1500 1574 1539 seorsum
1604 1486 1895 1541 secedebat
1919 1487 1974 1541 in
2000 1488 2214 1542 cellam.
2239 1489 2605 1545 Praecedente
2642 1501 2775 1542 vero
2805 1493 3049 1554 tempore
3078 1498 3201 1537 cum
3243 1492 3465 1537 sanctus

201 1572 517 1642 perspicaci
546 1571 705 1624 oculo
735 1570 1115 1639 praevidisset,
1154 1574 1293 1627 dixit
1337 1574 1588 1630 ministro
1632 1591 1733 1630 suo
1770 1577 1990 1631 nomine
2030 1577 2247 1642 Joanni,
2281 1580 2375 1649 qui
2416 1588 2601 1649 postea
2644 1580 2819 1636 factus
2860 1579 3147 1649 presbyter
3202 1578 3465 1632 sutl‘cctus

198 1675 295 1722 est
329 1668 390 1721 in
416 1668 596 1722 locum
615 1666 834 1720 Macarii
862 1683 875 1719 :
910 1666 1068 1729 Audi,
1103 1665 1177 1717 mi
1213 1664 1381 1734 frater
1404 1663 1659 1729 Ioannes,
1682 1681 1957 1735 meamque
1987 1666 2065 1735 fer
2086 1682 2250 1737 aequo
2282 1669 2459 1721 animo
2508 1669 2917 1721 admonitionem
2972 1667 3064 1719 tibi
3101 1664 3254 1720 valde
3278 1667 3461 1735 profu-

200 1773 411 1818 turam.
433 1763 672 1817 Tentaris
698 1763 857 1825 enim,
899 1760 1099 1829 inquit,
1127 1768 1175 1813 et
1207 1768 1255 1813 te
1284 1766 1453 1813 tentat
1479 1760 1693 1831 spiritus
1725 1762 1983 1813 avaritiae
2002 1777 2021 1825 ;
2040 1763 2114 1814 sic
2146 1763 2283 1814 enim
2308 1773 2633 1832 perspectum
2655 1762 2835 1815 habeo.
2864 1759 2980 1813 Scio
3010 1770 3206 1820 tamen,
3228 1761 3272 1812 si
3293 1774 3464 1811 meam

200 1856 431 1927 benigne
464 1855 644 1909 tuleris
682 1854 1123 1916 adhortationem,
1152 1860 1201 1904 te
1226 1850 1512 1921 perfectum
1536 1849 1648 1919 fore
1687 1850 1743 1902 in
1781 1848 1876 1903 Dei
1910 1852 2095 1903 timore
2114 1859 2270 1922 atque
2301 1852 2409 1905 eius
2448 1869 2621 1923 opere,
2654 1850 3072 1919 laudaberisque,
3102 1859 3149 1903 et
3190 1848 3461 1920 ﬂagellum

202 1964 314 2000 non
345 1948 791 2018 appropinquabit
840 1942 1179 2000 tabernaculo
1229 1950 1338 1995 tuo.
1379 1939 1529 2006 Quod
1571 1941 1616 1994 si
1680 1956 1785 1993 non
1825 1940 2074 2005 audieris,
2098 1942 2155 1994 in
2204 1949 2252 1995 te
2297 1943 2501 1997 venient
2545 1959 2681 2013 quae
2724 1944 2863 2000 Giezi
2888 1945 3101 1997 tandem
3136 1945 3457 1999 acciderunt.

202 2040 358 2091 cuius
390 2040 514 2091 vitio
546 2039 774 2092 laboras.
798 2036 1040 2110 Contigit
1072 2056 1259 2110 porro,
1300 2047 1360 2093 ut
1382 2037 1644 2093 defuncto
1688 2037 1924 2092 Macario
1954 2052 2065 2091 non
2096 2038 2358 2107 paruerit,
2390 2038 2487 2092 sed
2523 2040 2574 2093 ei
2597 2039 2691 2108 qui
2733 2049 2961 2110 propter,
3003 2039 3289 2093 avaritiam
3335 2039 3453 2093 alii.

203 2130 360 2198 gavit
387 2130 560 2184 Judae
604 2130 882 2199 laqueum.
917 2130 1133 2202 Elapsis
1169 2131 1350 2201 itaque
1370 2128 1464 2183 XV
1495 2135 1591 2181 aut
1624 2125 1723 2181 XX
1762 2126 1941 2191 annis,
1969 2142 2096 2181 cum
2122 2127 2264 2183 bona
2309 2143 2611 2199 pauperum
2642 2139 2989 2201 usurpasset,
3025 2137 3136 2184 tam
3176 2129 3325 2201 gravi
3379 2130 3462 2183 la~

206 2222 430 2276 boravit
456 2224 790 2292 elephantia,
820 2232 873 2277 ut
898 2224 952 2278 in
985 2234 1099 2279 toto
1128 2225 1250 2279 eius
1279 2238 1508 2292 corpore
1524 2237 1630 2276 non
1662 2220 2003 2275 inveniretur
2022 2222 2232 2294 integer
2259 2223 2411 2279 locus
2427 2225 2484 2278 in
2514 2239 2624 2295 quo
2650 2226 2774 2294 quis
2798 2224 3026 2296 digitum
3051 2225 3217 2296 figere
3252 2235 3455 2295 posset.

205 2316 358 2370 Haec
385 2316 491 2372 luit
514 2318 734 2372 Macarii
765 2319 1071 2390 prophetia.
1101 2320 1403 2375 Ferebatur
1431 2318 1521 2372 hic
1546 2323 1769 2372 sanctus
1794 2316 1905 2385 pati
1935 2319 2307 2373 continentem
2347 2321 2609 2385 ecstasin,
2644 2322 2971 2391 saepiusque
2992 2322 3075 2376 vel
3097 2337 3220 2376 cum
3242 2322 3356 2376 Deo
3380 2323 3461 2376 vel

205 2409 265 2461 in
314 2410 483 2464 rebus
541 2410 752 2463 versari
785 2412 1136 2467 caelestibus.
1198 2412 1361 2467 Fama
1418 2410 1582 2465 etiam
1628 2414 1886 2462 constans
1928 2416 2049 2461 erat
2094 2409 2149 2463 in
2194 2410 2512 2475 solitudine,
2571 2412 2863 2467 suscitasse
2907 2427 3034 2466 eum
3074 2420 3371 2477 mortuum,
3402 2422 3463 2466 ut

204 2506 566 2575 persuaderet
592 2506 811 2560 cuidam
847 2508 1127 2562 haeretico
1164 2507 1383 2577 neganti
1417 2502 1894 2560 resurrectionem.
1923 2504 2173 2573 Reliqua,
2192 2521 2332 2574 quae
2358 2505 2547 2559 divino
2571 2504 2843 2560 beneﬁcio
2871 2515 3023 2576 gesta
3055 2510 3458 2579 sunt,petenda

203 2609 338 2657 sunt
365 2615 398 2656 e
438 2600 678 2656 Palladio
704 2601 759 2656 in
784 2601 1021 2657 Historia
1056 2603 1279 2658 Patrum
1307 2617 1427 2673 cap.
1468 2600 1532 2655 l9
1560 2607 1616 2654 et
1643 2597 1733 2662 20,
1761 2596 2072 2668 Nicephoro
2100 2600 2221 2655 Hist
2275 2601 2422 2656 Eccl.
2458 2602 2551 2655 lib.
2581 2618 2633 2655 ιχ
2675 2617 2795 2673 cap.
2822 2602 2908 2657 N.
2947 2603 3078 2659 Vale
3134 2604 3141 2649 |

1420 2778 1871 2859 Typographus
1914 2780 2159 2840 Lectori
2188 2780 2257 2841 S.

276 2905 624 2976 Diligentiam
670 2923 833 2977 qnam
873 2909 929 2963 in
963 2908 1181 2963 Macarii
1230 2908 1480 2962 Homiliis
1526 2907 1899 2972 adhibuimus,
1950 2906 2213 2962 benevole
2254 2908 2447 2973 lector,
2482 2908 2800 2978 praedicare
2829 2908 3116 2976 nolumus;
3165 2912 3282 2981 ipse
3327 2912 3462 2966 satis

203 2998 508 3065 perSpicies
541 2998 598 3051 in
629 3006 947 3055 transcursu
979 3000 1252 3055 lectionis.
1296 3000 1409 3056 Nec
1458 3009 1640 3055 tamen
1689 3016 2005 3056 asseverare
2048 3002 2321 3069 volumus,
2355 3003 2491 3058 nihil
2534 3018 2761 3074 prorsus
2808 3018 2910 3057 nos
2951 3004 3039 3059 hic
3087 3004 3310 3076 fugisse.
3341 3006 3459 3070 sed,

203 3107 347 3159 quae
368 3096 557 3148 oculos
576 3104 792 3151 nostros
818 3096 1148 3162 fefellerunt,
1184 3098 1443 3168 pleraque
1467 3097 1649 3151 omnia
1676 3096 1832 3152 facile
1861 3112 1959 3167 per
1988 3104 2041 3152 te
2084 3100 2338 3169 cognosci
2375 3115 2552 3169 posse.
2590 3100 2650 3155 ln
2678 3113 2787 3153 uno
2815 3106 2993 3153 tamen
3026 3104 3334 3158 monendus
3375 3118 3455 3157 es.

203 3187 677 3245 Demandaramus
707 3206 908 3245 munus
936 3191 1207 3246 versionis
1224 3192 1624 3247 describendae
1672 3206 1741 3245 ex
1786 3191 2034 3244 auctoris
2073 3192 2414 3262 autographo
2464 3193 2712 3247 studioso
2760 3192 3007 3257 cuidam;
3050 3208 3240 3249 verum
3280 3196 3328 3251 is
3351 3213 3457 3267 qua

202 3288 379 3337 scatet
418 3282 641 3337 levitate
672 3284 874 3338 alicubi
898 3284 1097 3339 misere
1129 3286 1405 3355 pervertit
1444 3288 1691 3341 auctoris
1734 3288 1923 3341 verba.
1970 3285 2235 3343 Volumus
2277 3289 2461 3358 itaque
2507 3295 2568 3342 ut
2593 3304 2656 3342 ea
2701 3288 2782 3342 sic
2828 3290 3090 3342 restituas

1088 3375 1408 3448 Sequuntur
1433 3376 1765 3447 Corrigenda
1795 3386 1919 3432 octo
1940 3375 2187 3433 locorum
2214 3380 2504 3435 versionis.

1500 3727 2172 3821 PRAEFATIO

859 3924 959 3985 AD
1000 3923 1417 3985 EDITIONEM
1457 3922 1942 3983 HOMILIARUM
1985 3923 2047 3984 S.
2084 3924 2407 3985 VMACARII
2448 3927 2795 3992 AEGYPTll

1392 4113 1537 4161 QUAE
1578 4111 1872 4151 COIPARUIT
1903 4112 1998 4150 SUB
2027 4114 2249 4153 TITULO:

204 4232 300 4289 SS.
332 4233 439 4286 PP.
471 4232 807 4288 GREGORII
828 4229 1482 4288 NEOCAESARIENSIS
1505 4227 1835 4284 EPISCOPI
1858 4227 2323 4286 COGNOMENTO
2345 4232 2860 4291 THAUHATURGI.
2908 4232 3203 4289 MACARII
3244 4235 3455 4290 AECY—

277 4303 422 4356 PT]!
442 4303 533 4356 ET
546 4302 803 4357 BASILII
826 4302 1220 4357 SELEUCIAE
1252 4300 1587 4357 ISAURIAE
1617 4296 1940 4352 EPISCOPI
1972 4299 2198 4354 OPERA
2224 4300 2437 4357 ΟΜΝΙΑ
2460 4303 2648 4367 QUAE
2665 4302 3003 4357 REPERIRI
3021 4303 3451 4360 POTUERUNT.

272 4374 677 4496 Nunccprimum
709 4371 904 4427 Graece
927 4383 973 4425 et
997 4373 1185 4425 Latine
1210 4374 1524 4425 coniunctim
1550 4370 1709 4428 edita,
1728 4386 1845 4421 cum
1872 4370 2122 4423 indicibus
2156 4374 2479 4426 necessariis.
2507 4374 2730 4428 Accessit
2761 4373 2981 4426 Joannis
3005 4373 3247 4427 Zonarae
3271 4374 3451 4444 Expo-

273 4445 393 4495 sitio
468 4445 812 4495 anonicarum
856 4442 1241 4496 Epistolarum.
1270 4441 1494 4495 Parisiis
1526 4438 1814 4496 sumptibus
1846 4437 2115 4494 Michaelis
2144 4439 2347 4496 Sonnii.
2378 4441 2589 4496 Claudii
2628 4442 2837 4496 Morelli
2866 4452 2915 4496 et
2961 4442 3259 4496 Sebastiani
3313 4443 3425 4496 Cra»

273 4445 393 4495 sitio
425 4437 812 4496 Canonicarum
856 4442 1241 4507 Epistolarum.
1270 4441 1494 4495 Parisiis
1526 4438 1814 4507 sumptibus
1846 4437 2115 4494 Michaelis
2144 4439 2347 4507 Sonnii,
2378 4441 2589 4498 Claudii
2628 4442 2837 4497 Morelli
2866 4452 2915 4496 et
2961 4442 3259 4498 Sebastiani
3313 4437 3425 4498 C'ra»

274 4515 462 4583 moisy,
506 4514 591 4567 via
613 4511 859 4566 Jacobea.
885 4507 1202 4567 HDCXXII.
1227 4511 1358 4567 Cum
1382 4508 1653 4583 privilegio
1680 4507 1836 4577 Regio
1859 4508 1950 4577 χοι.

900 4738 1271 4793 Illustrissimo
1310 4739 1423 4792 viro
1453 4735 1647 4791 Merica
1672 4736 1735 4790 de
1759 4736 1872 4804 Viq,
1897 4751 2099 4789 summa
2129 4734 2426 4789 Galliarum
2448 4735 2879 4805 procancellario.

280 4902 525 4955 Alienum
552 4899 718 4953 nimis
748 4914 779 4953 a
807 4914 1035 4953 munere
1066 4908 1258 4953 nostro
1281 4897 1659 4961 credebamus,
1694 4896 1779 4949 vir
1814 4894 2201 4958 illustrissime,
2230 4895 2277 4949 si
2302 4895 2445 4949 inter
2472 4903 2552 4949 tot
2577 4909 2641 4949 ac
2676 4902 2825 4951 tanta
2867 4898 3116 4966 publicae
3156 4910 3449 4969 congratu-

210 4993 424 5057 lationis
448 4992 669 5055 indicia,
694 4990 897 5059 quibus
919 4993 1178 5044 universa
1202 4988 1376 5045 Gallia
1396 4988 1781 5043 communibus
1806 4988 1948 5041 votis
1970 4994 2026 5041 et
2049 4987 2277 5041 vocibus
2304 4986 2513 5040 Nomen
2541 4986 2794 5039 Vestrum
2817 4989 3184 5055 commendat,
3221 4991 3322 5060 ipsi
3347 4994 3448 5046 soli

210 5094 527 5151 taceremus,
562 5096 617 5140 et
647 5085 795 5138 nulla
822 5084 996 5138 nostri
1018 5084 1184 5138 etiam
1210 5084 1460 5153 obsequii
1485 5083 1659 5137 ofﬁcia
1683 5090 2035 5136 testaremur.
2065 5080 2145 5133 Ex
2190 5095 2299 5149 quo
2329 5080 2477 5133 enim
2531 5080 2872 5133 iustissimus
2915 5079 3169 5149 idemque
3202 5082 3451 5137 invictis-

210 5179 373 5234 simus
396 5178 511 5232 Rex
541 5187 727 5233 noster
746 5176 1058 5231 Ludovicus
1077 5175 1197 5230 Xlll
1224 5186 1434 5231 matura
1462 5174 1854 5230 deliberatione
1877 5172 1944 5227 ad
1965 5174 2235 5227 sanctiora
2262 5171 2474 5225 consilii
2498 5172 2583 5226 sui
2606 5172 2680 5226 Te
2704 5172 2922 5226 admisit
2944 5174 3265 5241 penetralia,
3291 5182 3346 5229 et
3381 5175 3449 5229 ad

212 5272 477 5341 regiorum
505 5269 816 5340 Sigillorum
844 5268 1146 5323 custodiam
1172 5267 1488 5337 deputatum
1512 5266 1587 5321 Te
1618 5265 1810 5328 voluit,
1846 5278 2005 5317 nemo
2032 5263 2151 5324 fuit,
2178 5262 2264 5315 cui
2300 5261 2514 5330 cognita
2549 5270 2637 5315 tua
2692 5262 2868 5315 virtus
2912 5270 3018 5326 est,
3064 5263 3159 5332 qui
3196 5279 3304 5316 non
3332 5265 3449 5318 lau-

210 5360 366 5421 darit,
384 5374 495 5413 non
517 5358 921 5428 approbaverit,
943 5365 999 5411 et
1023 5358 1234 5427 regium
1266 5368 1323 5411 et
1354 5357 1635 5428 egregium
1662 5356 1861 5409 factum
1891 5370 1997 5407 non
2015 5352 2431 5422 praedicaverit.
2452 5352 2639 5405 Virum
2662 5352 2871 5406 scilicet
2889 5361 3162 5406 maturum
3181 5356 3433 5419 consilio,

212 5453 399 5511 iustiet
424 5452 583 5521 aequi
602 5451 1056 5515 amantissimum,
1072 5450 1421 5520 prudentem,
1453 5449 1774 5518 sapientem,
1797 5448 1862 5500 de
1884 5446 2159 5515 republica
2179 5443 2389 5498 summe
2409 5442 2664 5496 meritum
2688 5460 2701 5507 ;
2724 5443 2922 5507 virum,
2947 5443 3270 5511 inquam,ad
3295 5461 3449 5499 suni-

212 5569 293 5609 ma
323 5549 728 5620 natum,_longo
755 5564 941 5603 rerum
968 5564 1071 5602 usu
1104 5556 1160 5603 et
1178 5548 1326 5603 seria
1348 5548 1625 5601 variorum
1659 5544 2003 5614 negotiorum
2043 5540 2436 5595 exercitatione
2473 5538 2542 5591 ad
2588 5548 2762 5593 status
2817 5539 3023 5608 politici
3071 5542 3310 5610 regimen
3347 5558 3446 5611 ap-

211 5649 377 5725 prime
408 5652 705 5709 versatum,
734 5645 827 5699 tali
855 5644 1142 5699 vocatione
1165 5644 1409 5714 dignum.
1448 5642 1601 5696 Unde
1626 5641 1826 5717 factum
1852 5647 1956 5700 est,
1986 5645 2045 5691 ut
2089 5637 2238 5705 ipsae
2284 5635 2447 5689 etiam
2504 5633 2686 5687 Musae
2739 5634 3077 5689 castissimae
3124 5635 3179 5688 in
3235 5644 3447 5704 partem

212 5739 553 5795 exultationis
576 5738 765 5793 venire
788 5738 1104 5808 gestientes,
1130 5735 1251 5792 Tibi
1276 5746 1509 5807 patrono
1532 5752 1631 5790 suo
1656 5734 1721 5789 ad
1749 5736 1953 5803 patrios
1976 5735 2119 5787 lares
2138 5730 2393 5787 redeunti
2416 5738 2471 5784 et
2495 5730 2948 5799 triumphatorem
2986 5746 3166 5802 regem
3191 5739 3446 5786 nostrum
