4274 6358
836 378 939 439 315
1764 378 2149 434 PRAEFATIO
2188 377 2276 431 AD
2315 375 2683 431 EDlTlONEM
2736 376 2846 431 AN.
2900 376 3183 433 MDCXXII
3966 380 4073 440 316

837 494 1115 550 comitanti
1141 493 1333 547 obviae
1356 492 1535 545 forent
1559 501 1801 546 ovantes.
1829 492 1895 545 Et
1920 491 2176 560 quoniam
2200 491 2377 543 virum
2405 488 2471 540 ad
2504 497 2710 542 tantum
2736 488 3014 557 dignitatis
3040 491 3247 559 apicem
3276 498 3519 543 evectum
3548 490 3779 544 maxime
3806 492 4072 545 condecet

836 586 1009 652 pietas
1038 594 1092 639 et
1116 586 1337 653 antiqua
1364 593 1607 638 veterum
1647 585 1869 637 Patrum
1903 583 2035 636 ﬁdes
2057 592 2111 635 et
2147 582 2357 651 religio,
2388 599 2512 636 ecce
2541 598 2571 635 e
2605 581 2745 651 typis
2770 584 2973 636 nostris
3006 583 3274 653 prodeunt
3300 583 3352 635 in
3384 599 3575 637 manus
3607 592 3815 638 vestras
3836 594 3949 637 tres
3981 583 4068 638 in-

836 676 966 728 victi
994 675 1120 731 ﬁdei
1149 678 1386 731 athletae
1417 677 1712 745 Gregorius
1746 676 2201 743 Thaumaturgus,
2228 674 2461 727 Basilius
2492 675 2609 727 lsau
2644 679 2652 745 Ι
2688 678 2851 739 ricus,
2878 683 2933 728 et
2956 676 3250 745 Aegyptius
3277 675 3365 727 ille
3409 675 3625 728 nomine
3678 691 3845 743 reque
3878 675 4071 729 beatus

835 770 1119 832 Macarius,
1146 771 1238 838 qui
1272 786 1339 823 ex
1371 770 1606 823 Orientis
1630 769 1871 822 fontibus
1898 777 1955 821 ut
1983 776 2093 821 tres
2117 769 2245 821 olim
2270 769 2515 835 generosi
2544 769 2762 822 Davidis
2786 768 2987 821 milites
3030 782 3223 835 aquam
3279 766 3345 820 de
3402 767 3638 821 cisterna
3680 766 3981 831 Bethleem,
4016 766 4067 818 id

833 869 936 923 est,
966 861 1139 913 avitae
1170 859 1291 911 ﬁdei
1326 868 1379 911 et
1402 858 1727 926 limpidioris
1756 857 2035 911 doctrinae
2062 858 2251 910 latices
2276 857 2398 909 Tibi
2420 866 2729 927 porrectum
2764 859 3011 912 veniunt.
3044 857 3177 910 Tres
3210 858 3429 925 quidem
3454 874 3562 911 non
3604 858 3810 911 Atticae
3858 866 4067 910 tantum

835 953 1120 1006 facundiae
1147 952 1318 1021 gloria
1344 952 1609 1013 celebres,
1643 951 1757 1014 sed,
1788 950 1933 1019 quod
1954 950 2207 1018 amplius,
2249 958 2304 1004 et
2334 967 2546 1005 morum
2581 952 2851 1021 probitate
2902 961 2958 1005 et
2998 951 3139 1004 vitae
3176 953 3530 1005 sanctimonia
3570 962 3626 1006 et
3677 953 4066 1005 miraculorum

835 1044 1142 1111 frequentia
1170 1044 1473 1110 conspicui.

904 1135 1197 1204 Gregorius
1235 1134 1507 1202 equidem,
1543 1132 1635 1200 qui
1665 1132 2109 1185 Neocaesaricnsi
2142 1132 2403 1185 ecclesiae
2432 1132 2739 1201 praefectus
2788 1132 2862 1187 ita
2910 1134 3197 1203 pastoralis
3247 1132 3406 1187 oﬂicii
3460 1150 3657 1188 munus
3697 1135 3961 1205 implevit,
4008 1147 4067 1190 ut

836 1230 1110 1285 adiunctis
1138 1230 1241 1282 sibi
1267 1227 1652 1297 septemdecim
1676 1242 1785 1279 non
1810 1226 2043 1294 amplius
2065 1226 2225 1279 sociis
2256 1227 2538 1279 universos
2566 1227 2718 1279 urbis
2742 1234 2796 1279 et
2818 1228 2960 1281 ruris
2996 1228 3198 1281 incolas
3224 1228 3290 1281 ad
3310 1227 3509 1281 Christi
3537 1228 3694 1283 ﬁdem
3726 1231 4019 1286 adduxerit
4046 1252 4061 1299 ;

836 1324 927 1391 qui
955 1321 1210 1390 precibus
1248 1328 1485 1371 montem
1508 1319 1779 1371 excelsum
1809 1318 2120 1381 transtulit;
2149 1320 2239 1385 qui
2270 1319 2444 1371 lacum
2472 1319 2795 1371 altissimum
2836 1319 2891 1372 in
2950 1321 3121 1373 solum
3172 1320 3319 1373 ferax
3371 1321 3640 1372 convertit
3661 1328 3715 1373 et
3740 1323 4068 1377 exundantis

835 1416 1076 1471 ﬂuminis
1102 1429 1322 1467 cursum
1348 1416 1529 1482 virgae
1558 1422 1755 1465 attactu
1790 1412 1843 1464 in
1875 1415 2155 1480 proprium
2183 1413 2395 1467 alveum
2418 1413 2650 1477 reduxit,
2681 1412 2825 1466 unde
2849 1420 2903 1467 et
2924 1414 3060 1467 alter
3088 1414 3260 1465 Moses
3284 1412 3463 1465 dictus
3485 1422 3599 1477 est;
3631 1415 3721 1481 qui
3751 1413 4065 1468 futurorum

838 1512 1214 1581 praedictione
1246 1508 1381 1561 nulli
1420 1507 1817 1574 Prophetarum
1866 1508 2114 1572 inferior,
2162 1508 2256 1561 sed
2298 1510 2447 1560 varia
2500 1508 2886 1562 miraculorum
2928 1508 3239 1577 operatione
3292 1508 3478 1561 multis
3522 1508 3770 1577 superior
3812 1508 4061 1575 effectus,

837 1606 1271 1671 Thaumaturgus
1298 1602 1420 1655 inde
1445 1610 1525 1654 est
1557 1603 1874 1669 appellatus.

908 1698 1045 1752 Tum
1072 1700 1324 1761 Basilius,
1352 1697 1443 1764 qui
1475 1712 1637 1764 supra
1660 1703 1888 1747 aetatem
1924 1696 2138 1763 sapiens
2158 1693 2527 1761 duodeviginti
2580 1702 2789 1747 tantum
2826 1710 2997 1747 annos
3038 1703 3196 1747 natus
3232 1693 3509 1747 Seleuciae
3553 1693 3787 1747 lsauriae
3836 1696 3889 1748 in
3934 1696 4056 1764 Epi-

842 1794 995 1861 scopi
1024 1793 1251 1861 gradum
1279 1799 1503 1844 evectus
1534 1790 1840 1842 haereticae
1872 1790 2126 1857 pravitati
2155 1790 2413 1856 singulari
2436 1806 2539 1856 qua
2564 1790 2801 1858 pollebat
2830 1806 2950 1843 cum
2979 1790 3227 1841 doctrina
3257 1798 3367 1841 tum
3401 1789 3563 1843 animi
3594 1789 3912 1843 fortitudine
3942 1807 4065 1843 mu-

838 1900 958 1937 rum
992 1900 1048 1936 se
1078 1900 1177 1952 pro
1217 1884 1378 1936 domo
1408 1882 1501 1934 Dei
1535 1880 1826 1948 opposuit;
1852 1884 1945 1947 qui
1972 1888 2159 1932 coacto
2185 1879 2612 1933 Clialcedonensi
2643 1890 2860 1933 centum
2887 1880 3278 1951 quinquaginta
3316 1881 3694 1949 episcoporum
3741 1882 3976 1935 concilio
4009 1882 4065 1935 in

836 1980 1030 2047 primis
1054 1978 1228 2041 alluit,
1254 1978 1488 2030 Nicenae
1517 1977 1705 2047 synodi
1732 1976 1947 2029 decreta
1997 1977 2299 2030 sententiae
2347 1992 2475 2029 suae
2517 1977 2839 2030 auctoritate
2884 1978 3137 2041 ﬁrmavit,
3180 1983 3235 2029 et
3267 1977 3581 2031 Dioscorum
3623 1975 3746 2031 ﬁdei
3795 1979 4063 2033 vomicam

835 2071 1119 2139 confregit.

903 2161 1168 2214 Macarius
1195 2160 1429 2228 denique
1444 2159 1856 2213 eremicolarum
1883 2158 2068 2220 decus,
2098 2157 2371 2211 solitariae
2396 2159 2595 2227 quietis
2627 2160 3048 2224 amantissimus,
3078 2161 3170 2229 qui
3200 2168 3470 2213 transacto
3493 2161 3546 2212 in
3588 2158 3878 2213 solitudine
3906 2176 4063 2213 sexa—

833 2258 979 2326 ginta
1011 2272 1276 2309 annorum
1310 2255 1485 2308 stadio
1511 2255 1656 2307 nulla
1680 2269 1787 2306 non
1813 2253 2193 2321 fuitexperlus
2218 2253 2500 2321 religiosae
2556 2255 2772 2323 pietatis
2822 2255 3098 2309 exercitia.
3147 2255 3245 2310 Cui
3288 2254 3581 2309 daemonas
3630 2268 3836 2318 arcere,
3882 2257 4066 2309 varios

833 2352 1052 2404 morbos
1091 2366 1303 2411 curare,
1328 2357 1382 2401 et
1409 2349 1604 2416 Spiritu
1632 2349 1950 2416 pr0phetico
1976 2348 2155 2400 futura
2186 2348 2501 2415 praedicere
2525 2347 2785 2403 familiare
2809 2350 2929 2404 fuit.
2961 2350 3063 2416 Qui
3096 2352 3149 2403 in
3199 2351 3413 2405 futurae
3443 2352 3856 2405 resurrectionis
3899 2352 4061 2407 ﬁdem

831 2441 899 2494 ad
925 2440 1315 2493 revincendum
1348 2439 1631 2491 cuiusdam
1662 2440 1963 2493 dubitantis
1986 2454 2229 2492 errorem
2262 2440 2507 2493 suscitati
2537 2442 2699 2494 etiam
2724 2445 2922 2495 mortui
2956 2444 3191 2496 hominis
3221 2445 3590 2497 testimonium
3617 2444 3917 2498 advocavit.
3962 2446 4063 2500 Cui

833 2542 1147 2602 perspectae
1174 2541 1331 2585 erant
1355 2532 1600 2585 cordium
1625 2533 2005 2601 cogitationes,
2028 2540 2085 2585 et
2122 2532 2214 2599 qui
2248 2534 2503 2587 continua
2529 2550 2699 2603 paene
2727 2537 2927 2589 mentis
2958 2536 3153 2589 ecstasi
3188 2536 3367 2589 adhuc
3398 2537 3452 2589 in
3486 2537 3647 2591 terris
3686 2538 3895 2606 positus
3951 2538 4064 2592 Deo

832 2626 1158 2678 coniunctus
1190 2624 1429 2676 vivebat.

900 2710 1040 2777 Quid
1063 2728 1189 2781 ergo
1224 2719 1305 2765 est
1336 2711 1479 2779 quod
1502 2712 1556 2763 in
1588 2711 1708 2764 istis
1738 2710 1989 2764 Patribus
2017 2726 2124 2763 non
2155 2712 2313 2778 aequi
2346 2712 2581 2781 bonique
2613 2717 2860 2769 consulat
2883 2717 2965 2770 vir
3004 2717 3257 2787 sapiens?
3292 2717 3443 2786 Elige
3493 2718 3694 2786 itaque,
3743 2718 3827 2771 vir
3871 2720 4065 2774 clarisr

833 2800 989 2862 sime,
1038 2808 1131 2852 aut
1180 2800 1344 2851 huius
1378 2799 1706 2861 facundiam,
1734 2808 1826 2851 aut
1849 2799 1994 2851 illius
2024 2798 2375 2866 probitatem,
2413 2812 2506 2855 aut
2532 2804 2689 2857 istius
2722 2806 3061 2874 sapientiam,
3091 2809 3173 2860 vel
3200 2808 3393 2861 melius
3434 2815 3725 2876 utrumque
3766 2812 4062 2877 amplecte—

835 2907 913 2946 re.
943 2891 1118 2944 Habes
1144 2892 1290 2943 enim
1325 2891 1379 2942 in
1408 2890 1605 2959 triplici
1638 2899 1911 2941 tantorum
1962 2890 2201 2942 virorum
2236 2891 2449 2945 delectu
2478 2896 2811 2962 complexam
2842 2899 3085 2951 omnium
3124 2900 3410 2961 virtutum,
3452 2915 3592 2967 quae
3631 2902 3807 2953 virum
3842 2917 4060 2969 gravem

833 2987 1219 3049 condecorant,
1258 2985 1753 3054 encyc10paediam.
1785 2984 1964 3037 Habes
1994 2984 2049 3036 in
2082 2986 2251 3038 sacris
2282 2986 2522 3055 ipsorum
2554 2992 2941 3056 monumentis,
2973 3008 3112 3060 quae
3142 2992 3255 3047 suis
3298 2995 3518 3062 scriptis
3546 2994 3845 3063 posteritati
3883 2995 4063 3047 consi—

833 3087 1087 3147 gnarunt,
1121 3094 1431 3147 expressam
1448 3077 1513 3130 ad
1549 3077 1733 3129 vivum
1755 3091 1877 3128 eum
1904 3077 2147 3129 sincerae
2174 3078 2473 3143 doctrinae,
2508 3080 2516 3147 |
2550 3088 2663 3133 tum
2692 3081 2819 3135 ﬁdei
2863 3084 3178 3147 catholicae,
3228 3084 3337 3138 imo
3392 3086 3563 3153 ipsius
3601 3087 3817 3154 pietatis
3870 3086 4062 3154 imagi-

833 3190 979 3227 nem.
1013 3174 1163 3228 Unde
1196 3189 1297 3227 nec
1334 3189 1532 3226 munus
1567 3182 1830 3234 nostrum,
1853 3172 2228 3240 qualecunque
2254 3182 2357 3238 est,
2388 3184 2538 3229 tanto
2593 3176 2713 3228 viro
2759 3176 2826 3231 de
2858 3193 2917 3231 re
2969 3178 3208 3232 literaria
3264 3195 3424 3247 quam
3471 3180 3608 3234 bene
3652 3182 3846 3233 merito
3885 3182 4065 3247 minus

834 3267 1059 3336 dignum
1088 3265 1467 3318 iudicavimus.
1508 3265 1620 3317 lmo
1652 3277 1814 3331 quem
1846 3277 2081 3329 aequum
2120 3277 2303 3315 rerum
2358 3267 2757 3320 aestimatorem
2800 3270 3185 3336 comperimus,
3230 3269 3407 3322 eidem
3460 3284 3620 3337 quem
3666 3270 3744 3321 rei
3786 3270 4063 3323 literariae

835 3368 1111 3412 auctorem
1128 3365 1180 3409 et
1200 3357 1461 3409 fautorem
1481 3364 1679 3424 sperat,
1696 3369 1793 3407 sua
1811 3354 2066 3421 quantula
2086 3362 2213 3405 sunt
2231 3359 2495 3410 munerad
2509 3359 2614 3411 icat
2638 3360 2868 3413 societas
2890 3370 3071 3413 nostra
3096 3362 3496 3431 typographica.
3524 3362 3743 3414 Interim
3766 3362 3895 3415 dum
3914 3373 4063 3428 grata

835 3450 1103 3519 benignus
1137 3449 1336 3517 accipis
1376 3448 1550 3501 nostri
1592 3448 1647 3500 in
1689 3447 1763 3500 Te
1816 3444 1983 3498 animi
2036 3457 2404 3512 monumenta,
2460 3452 2694 3518 excipiat
2724 3451 3031 3505 Altissimus
3055 3460 3176 3505 vota
3206 3461 3409 3516 nostra,
3432 3461 3487 3505 et
3516 3452 3589 3505 Te
3619 3467 3780 3520 quam
3812 3461 4065 3521 optamus

836 3543 951 3605 diu,
978 3557 1100 3595 cum
1136 3541 1408 3595 Ecclesiae
1442 3555 1570 3593 suae
1616 3547 1834 3592 sanctae
1874 3545 1985 3589 tum
2035 3536 2202 3589 totius
2235 3537 2435 3594 Galliae
2462 3540 2605 3594 bono
2640 3551 2816 3596 servet
2842 3543 3169 3597 incolumen.
3196 3543 3347 3597 Vale.

839 3634 1061 3691 Vestrae
1084 3633 1408 3689 Celsitudini
1432 3631 1763 3687 addictisimi

2792 3727 3015 3780 Michael
3039 3726 3285 3781 Sonnius.

2787 3796 3041 3850 Claudius
3070 3797 3339 3851 Morellus.

2787 3864 3126 3919 Sebastianus
3157 3866 3448 3937 Cramoisy.

1492 3998 1779 4060 Sequuntur
1810 4000 1861 4049 S.
1890 4001 2112 4063 Gregorii
2140 4001 2487 4061 Thaumaturgi
2518 4003 2676 4063 Opera
2701 4016 2846 4063 pagg.
2880 4002 3039 4061 1-116,
3060 4004 3173 4051 dein
3198 4005 3370 4052 titulus
3394 4016 3411 4055 t

1569 4100 1621 4142 S.
1664 4100 1882 4143 PATRIS
1924 4104 2174 4145 MACARII
2214 4104 2498 4146 AEGYPTII
2542 4105 2838 4145 HOMILIAE
2883 4104 3345 4155 QUINQUAGINTA

1785 4180 2023 4222 GRAECE
2065 4182 2139 4223 ET
2180 4182 2400 4225 LATINE
2444 4181 2819 4224 CONIUNCTIM
2860 4182 3084 4224 EDITAE

1659 4256 2042 4300 INTERPRETE
2071 4260 2309 4303 JOANNE
2352 4261 2485 4302 PICO
2534 4259 2598 4302 IN
2639 4260 2878 4302 SENATU
2918 4260 3260 4304 PARISIENSI

1823 4337 1929 4378 CLA
1938 4337 2116 4380 SSIUM
2157 4338 2713 4390 INQUISITORIARUM
2754 4338 3053 4380 PRAESIDE
3064 4366 3078 4381 .

1774 4468 1997 4523 Joannis
2030 4470 2204 4525 Παυαί
2228 4473 2617 4543 Treportuensis
2652 4473 2885 4527 Doctoris
2922 4474 3159 4545 Theologi

2050 4563 2104 4615 in
2136 4562 2345 4617 laudem
2373 4565 2439 4618 D.
2473 4565 2584 4617 Pici
2615 4565 2867 4633 praesidis

2274 4656 2641 4709 Hexastichon.

1810 4767 1927 4833 Quo
1958 4769 2226 4823 celebrem
2261 4769 2456 4822 Macari
2481 4771 2709 4824 donabis
2750 4787 2975 4825 munere
3010 4772 3218 4835 Picum,

1811 4838 1913 4902 Qui
1945 4839 2229 4906 splendore
2258 4854 2354 4892 suo
2376 4838 2629 4893 candidat
2655 4841 3013 4901 Aethiopem?

2660 4990 2788 5042 cet.,
2820 4990 2877 5032 ut
2908 4983 2960 5033 in
2990 4980 3075 5034 Io.
3110 4980 3222 5034 Pici
3250 4982 3583 5051 Praefatione
3606 4988 3675 5040 ad

2662 5054 2947 5103 versionem
2979 5052 3203 5103 latinam
3239 5053 3587 5107 Homiliarum
3612 5056 3667 5109 S.

2680 5120 2902 5173 Macarii
2933 5122 3170 5191 Aegyptii
3202 5140 3363 5191 supra
3386 5123 3485 5177 col.
3514 5125 3769 5183 297-298.

906 5240 1133 5295 Joannes
1163 5236 1315 5290 Picus
1337 5235 1391 5287 in
1414 5240 1597 5287 senatu
1620 5231 1906 5285 Parisiensi
1939 5232 2182 5285 classium
2210 5234 2663 5301 inquisitoriarum
2706 5234 2920 5287 Praeses
2964 5242 3011 5286 et
3036 5237 3131 5303 piis
3178 5238 3410 5290 omnibus
3461 5237 3649 5293 Christi
3695 5250 3743 5293 et
3789 5242 4053 5301 Ecclesiae

838 5341 1050 5386 sanctae
1072 5326 1355 5382 cultoribus
1380 5324 1628 5377 salutem.

908 5424 1077 5490 Quam
1108 5422 1332 5489 antiqua
1360 5421 1429 5472 sit
1453 5428 1508 5473 et
1542 5419 1770 5472 illustris
1792 5417 2243 5471 anachoretarum
2271 5428 2324 5471 et
2352 5420 2738 5473 monachorum
2769 5418 2921 5489 origo
2946 5427 3076 5482 cet.,
3104 5427 3158 5470 ut
3184 5420 3370 5472 ibidem
3393 5437 3553 5491 supra
3580 5423 3679 5477 col.
3714 5425 3970 5483 285-284.

1460 5554 1542 5606 Ex
1587 5553 1766 5607 Suida.
3018 5552 3119 5605 Ἐκ

3018 5552 3119 5605 Ἐκ
3147 5552 3265 5606 τῶν
3288 5555 3523 5609 Σουῖδα.

904 5652 1019 5704 Duo
1043 5646 1640 5708 fueruntMacariicet.,
1662 5655 1716 5698 ut
1740 5648 1792 5700 in
1815 5641 2105 5700 Zachariae
2128 5641 2392 5699 Palthenii
2568 5645 2592 5695 Δ

2360 5646 2392 5699 ii
2568 5644 2669 5695 Δύο
2712 5645 2956 5709 ἐγένοντο
2985 5645 3255 5713 Μακάριοι
3291 5662 3342 5695 κ.
3376 5662 3424 5697 τ.
3458 5646 3534 5708 λ..
3564 5656 3618 5699 ut
3656 5651 3708 5701 in
3755 5648 4048 5705 Zacharias

839 5742 1172 5799 Praefatione
1204 5754 1363 5807 supra
1390 5736 1488 5789 col.
1528 5738 1648 5791 510.
2495 5733 2757 5790 Palthenii
2792 5734 3128 5803 Praefatione
3149 5750 3309 5805 supra
3344 5737 3439 5791 col.
3468 5738 3591 5795 509.
