4274 6358
192 384 300 438 517

1220 389 1647 447 HOMILIARUM
1684 389 1741 445 S.
1780 389 2058 447 MACARII
2087 392 2423 450 AEGYPTII.

3309 397 3414 456 518

1003 604 1232 661 Joannes
1257 608 1566 667 Trithcmius
1592 613 1657 667 de
1683 617 2021 687 scriptoribus
2046 617 2308 673 Ecclesiae:

265 691 537 749 Macarius
560 696 859 754 monachus
880 697 1178 773 Aegyptius
1205 712 1336 770 cet.,
1362 716 1422 758 ιιι
1447 706 1571 763 ibid.
1604 726 1763 780 supra
1784 711 1884 765 col.
1913 712 2161 767 509-510.

1774 827 1847 845 ξ

1215 900 1417 962 Index
1448 905 1716 983 capitum
1750 904 2164 966 Homiliarum
2195 910 2389 965 sancti

1516 1009 1786 1071 Macarii
1820 1010 2135 1090 Aegyptii.

278 1118 636 1189 Ἀλληγορικὴ
684 1118 1033 1188 παράφρασις
1064 1122 1163 1191 τῆς
1204 1125 1352 1194 παρὰ
1380 1127 1455 1197 τῷ
1498 1129 1751 1202 Ἰεζεκιὴλ
1784 1148 1805 1200 Α

1922 1131 2303 1201 lnterpretatio
2332 1129 2621 1203 allegorica
2647 1132 2875 1189 visionis
2903 1125 3047 1208 apud
3068 1119 3406 1191 Ezechielcm

187 1211 273 1281 τῷ
289 1213 540 1281 προφήτῃ
555 1212 939 1282 γεγραμμένης
953 1213 1233 1278 ὀπτασίας.
1261 1218 1469 1287 Ὀμιλία
1496 1228 1562 1275 α’.
1580 1238 1699 1293 pag.
1722 1225 1748 1278 1

269 1304 405 1373 Περὶ
446 1303 544 1371 τῆς
580 1302 850 1372 βασιλείας
889 1304 983 1358 τοῦ
1031 1307 1283 1374 σκότους,
1315 1310 1458 1363 τοῦτ’
1494 1310 1627 1376 εστι,
1658 1317 1755 1385 τῆς

189 1396 500 1466 ἁμαρτίαςο
536 1397 628 1449 καὶ
658 1397 738 1449 ὁτι
776 1398 932 1467 μόνος
961 1400 990 1451 ὁ
1021 1398 1149 1464 Θεὸς
1186 1400 1405 1456 δύναται
1443 1406 1616 1476 αίρειν
1660 1408 1751 1477 ἀφ’

1853 1225 2171 1293 prophetam
2204 1226 2524 1295 descriptae.
2568 1225 2801 1280 Homilia
2833 1226 2884 1280 l.
3065 1308 3075 1316 .
3208 1242 3333 1299 pag.
3374 1229 3399 1282 1

1923 1315 1998 1368 De
2026 1332 2191 1386 regno
2224 1316 2587 1383 tenebrarum,
2614 1318 2718 1373 hoc
2744 1326 2828 1373 est
2859 1315 3099 1389 peccato,
3134 1330 3191 1376 et
3235 1322 3407 1376 Deum

1855 1405 2028 1457 solum
2052 1421 2211 1475 posse
2238 1422 2269 1459 a
2293 1406 2450 1461 nobis
2482 1415 2765 1476 peccatum
2790 1409 3025 1474 auferre,
3050 1425 3113 1464 ac
3143 1426 3243 1465 nos
3266 1411 3405 1466 libe-

189 1486 357 1555 ήμῶν
400 1488 500 1555 τὴν
548 1488 853 1557 ἁμαρτίαν,
901 1490 994 1542 καὶ
1047 1490 1311 1561 ῥύσασθαι
1353 1496 1499 1565 ἡμᾶς
1544 1500 1608 1551 ὲκ
1654 1499 1754 1567 τῆς

1853 1511 1975 1550 rare
1996 1512 2027 1551 e
2046 1500 2177 1569 jugo
2198 1499 2476 1554 servitutis
2500 1501 2764 1571 principis
2791 1501 3139 1571 nequissimi.
3172 1501 3225 1555 2.
3338 1503 3408 1555 10

190 1578 437 1641 δουλείας
459 1578 552 1631 τοῦ
582 1578 837 1649 ἄρχοντος
857 1579 950 1632 τοῦ
991 1583 1247 1653 πονηροῦ.
1280 1584 1345 1655 β’.
1686 1590 1755 1644 10

270 1670 393 1721 Ὅτι
420 1670 468 1721 oi
495 1668 711 1738 ἀδελφοὶ
742 1672 801 1723 tv
825 1670 1175 1743 είλικρινείᾳ,
1210 1677 1267 1728 tv
1293 1677 1637 1749 ἀκεραιότητι
1654 1720 1669 1745 ,
1696 1682 1753 1734 tv

192 1759 387 1830 ἀγάπῃ
409 1761 504 1812 καὶ
552 1761 743 1833 εἰρήνῃ
781 1763 898 1832 μετ’
931 1762 1172 1834 ἀλλήλων
1210 1768 1545 1838 συνδιάγειν⁹
1570 1773 1664 1825 καὶ
1693 1774 1752 1826 tv

193 1853 311 1912 τοῖς
341 1850 448 1903 ἔσω
478 1851 755 1923 λογισμοῖς
780 1852 965 1922 ἀγῶνα
1010 1858 1101 1910 καὶ
1140 1856 1370 1930 πόλεμον
1406 1864 1581 1916 ποιεῖν
1604 1863 1752 1933 ὀφεί-

192 1941 397 1997 λουσιν.
423 1949 491 2011 γ’.
1680 1957 1749 2010 15

268 2038 374 2089 Τὸν
400 2038 597 2109 δρόμον
638 2040 731 2093 τοῦ
759 2041 967 2095 σταδίου
1010 2042 1103 2096 τοῦ
1140 2044 1343 2114 κόσμου
1370 2044 1558 2098 τούτου
1581 2062 1749 2117 προσ-

194 2130 434 2198 εχόντως
483 2132 576 2183 καὶ
608 2132 849 2203 ἀκριδῶς
893 2133 1203 2205 διέρχεσθαι
1229 2135 1309 2189 δεῖ
1344 2137 1469 2201 τοὺς
1496 2138 1749 2207 Χριστια-

190 2223 339 2287 νοὺς,
377 2223 462 2276 ῖνα
500 2223 731 2276 ἐπαίνων
760 2224 1021 2295 οὐρανίων
1041 2226 1191 2297 παρὰ
1224 2226 1357 2283 Θεοῦ
1383 2227 1476 2281 καὶ
1504 2227 1749 2297 ἀγγέλων

190 2314 416 2383 τύχωσι.
449 2314 510 2367 δ’.
1680 2320 1747 2374 16

272 2404 447 2475 Πολλὴ
491 2406 819 2475 μετάστασις
864 2406 1062 2478 μεταξὺ
1097 2408 1204 2463 τῶν
1259 2408 1595 2480 Χριστιανῶν
1654 2409 1747 2464 καὶ

1918 1669 2072 1737 Quod
2111 1672 2308 1726 fratres
2347 1672 2403 1726 in
2453 1673 2788 1739 sinceritate,
2862 1674 3230 1745 simplicitate,
3272 1674 3403 1729 dile-

1850 1764 2030 1819 ctione
2064 1779 2127 1818 ac
2166 1780 2297 1834 pace
2326 1765 2467 1819 inter
2498 1780 2555 1819 se
2603 1768 2933 1833 conversari,
2972 1782 3035 1822 ac
3058 1768 3403 1839 cogitationi-

1849 1854 1953 1909 bus
1974 1856 2206 1912 internis
2234 1856 2435 1912 bellum
2451 1857 2654 1913 inferre
2681 1857 2931 1913 debeant.
2962 1859 3014 1913 5.
3333 1859 3404 1911 15

1915 2031 2145 2087 Cursum
2177 2032 2337 2087 stadii
2365 2032 2527 2103 hujus
2564 2032 2750 2086 mundi
2798 2039 3003 2087 attente
3046 2042 3101 2087 et
3149 2040 3398 2088 accurate

1846 2119 2127 2174 absolvere
2157 2129 2371 2190 oportet
2408 2120 2766 2186 Christianos,
2810 2129 2872 2175 ut
2912 2123 3140 2177 caeleste
3179 2139 3397 2193 praeco—

1846 2210 1998 2271 nium
2030 2227 2061 2265 a
2087 2212 2197 2267 Deo
2223 2219 2277 2266 et
2312 2212 2518 2282 angelis
2548 2221 2967 2283 consequantur.
3001 2214 3054 2268 4.
3331 2215 3397 2270 16

1913 2401 2098 2473 Magna
2145 2403 2453 2458 ditl'erentia
2495 2403 2637 2459 inter
2681 2403 3017 2459 Christianos
3057 2413 3114 2461 et
3150 2407 3402 2463 homines

188 2493 495 2565 ἀνθρώπων
526 2495 618 2549 τοῦ
664 2496 865 2567 κόσμου
907 2499 1115 2552 τούτου.
1144 2501 1194 2553 oi
1239 2500 1335 2570 μὲν
1379 2500 1486 2571 γὰρ
1531 2500 1746 2571 πνεῦμα
1779 2482 1805 2538 Ε

1846 2490 2009 2547 huius
2033 2494 2253 2548 saeculi.
2280 2493 2343 2547 lli
2377 2494 2520 2547 enim
2548 2494 2742 2564 spiritu
2772 2496 2959 2550 mundi
2992 2497 3222 2567 praediti
3275 2498 3395 2552 ani—

190 2586 287 2638 τοῦ
322 2586 526 2656 κόσμου
567 2586 805 2656 ἔχοντες,
840 2591 904 2660 τῇ
945 2590 1141 2661 καρδίᾳ
1188 2591 1279 2643 καὶ
1313 2590 1389 2662 τῷ
1434 2590 1509 2661 νῷ
1538 2594 1596 2645 tv
1637 2596 1747 2656 τοῖς

191 2674 401 2744 γηίνοις
425 2675 641 2745 θεσμοῖς
677 2676 926 2730 δέδενται·
954 2681 1001 2731 oi
1025 2679 1080 2731 δὲ
1104 2681 1201 2751 τὴν
1226 2680 1443 2749 ἀγάπην
1475 2680 1565 2732 τοῦ
1587 2682 1748 2734 ὲπου-

194 2765 379 2835 ρανίου
414 2768 617 2837 πατρὸς
646 2767 1010 2831 ὲπιποθοῦσιν,
1037 2769 1196 2823 αὐτὸν
1239 2770 1395 2840 μόνον
1422 2770 1525 2841 πρὸ
1550 2770 1748 2840 ὀφθαλ-

194 2856 315 2928 μῶν
342 2858 401 2910 tv
432 2857 598 2928 πολλῇ
628 2859 888 2929 ἐπιθυμίᾳ
914 2858 1142 2929 ἔχοντες.
1179 2866 1237 2914 ε’.
1680 2864 1741 2918 51

263 2949 331 3000 Oi
384 2947 694 3018 βουλόμενοι
736 2948 855 3018 Θεῷ
896 2950 1289 3019 εὐαρεστῆσαι,
1334 2952 1433 3016 τὰς
1474 2952 1637 3023 εὐχὰς
1690 2955 1748 3006 tv

187 3040 385 3111 εἰρήνῃ
408 3040 501 3093 καὶ
536 3040 735 3111 ἠσυχίᾳ
768 3041 861 3095 καὶ
904 3043 1199 3114 ήμερότητι
1237 3044 1327 3095 καὶ
1365 3043 1525 3114 σοφίᾳ
1576 3047 1746 3097 ποιεῖ-

194 3132 321 3185 σθαι
360 3132 695 3200 ὀφείλουσιν,
741 3134 827 3187 ῖνα
880 3133 956 3205 μὴ
996 3137 1258 3203 κραυγαῖς
1293 3136 1618 3205 κεχρημένοι
1668 3136 1747 3197 εις

193 3224 401 3285 πάντας
446 3223 807 3285 σκανδαλίζων
839 3223 848 3291 |
878 3241 989 3278 ται.
1041 3224 1250 3294 συνέχει
1276 3225 1334 3278 δὲ
1366 3226 1400 3295 ἠ
1431 3224 1613 3295 ὁμιλία
1651 3225 1747 3295 ζη-

187 3317 375 3385 τήσεις
406 3315 529 3379 δύο,
574 3318 622 3369 sl
658 3319 707 3369 οί
746 3316 920 3387 θρόνοι
967 3319 1058 3371 καὶ
1100 3319 1149 3370 oi
1192 3319 1440 3386 στέφανοι
1476 3320 1746 3390 κτίσματά

191 3408 365 3470 είσιν,
429 3408 521 3459 καὶ
584 3410 709 3477 περὶ
768 3408 877 3461 τῶν
941 3408 1150 3463 δώδεκα
1215 3410 1418 3480 θρόνων
1482 3410 1575 3463 τοῦ
1678 3411 1745 3461 ’1-

188 3500 385 3569 ίσραήλ.
419 3505 492 3563 ς’.
1678 3501 1746 3556 58

263 3591 398 3664 Περὶ
426 3591 523 3663 τῆς
566 3593 927 3665 χρηστότητος
965 3592 1057 3647 τοῦ
1100 3592 1334 3663 Χριστοῦ
1376 3594 1510 3664 πρὸς
1533 3594 1623 3647 τὸν
1650 3596 1743 3649 dv-

191 3685 427 3755 θρωπον.
457 3687 665 3755 συνέχει
694 3690 785 3740 καὶ
823 3692 854 3758 ἠ
899 3686 1081 3758 ὁμιλία
1122 3684 1374 3759 ζητήσεις
1400 3686 1492 3741 καὶ
1520 3687 1743 3759 ἀποκρί-

192 3793 307 3837 σεις
332 3776 483 3838 τινὰς
514 3777 694 3847 σχεδὸν
719 3778 949 3842 ἀτόπους
981 3778 1015 3848 ἢ
1044 3780 1297 3848 ματαίας.
1332 3777 1397 3841 ζ’.
1671 3778 1741 3830 42

1846 2598 1934 2636 mo
1972 2591 2133 2638 tenus
2166 2599 2229 2639 ac
2272 2585 2435 2640 corde
2479 2587 2834 2642 terrestribus
2886 2588 3121 2643 vinculis
3158 2589 3396 2645 devincti

1845 2681 1993 2737 sunt,
2040 2674 2117 2727 illi
2171 2690 2301 2728 vero
2338 2675 2626 2731 dilectione
2674 2678 2922 2733 caelestis
2958 2681 3129 2749 patris
3168 2679 3394 2745 detenti,

1844 2781 1969 2819 eum
2008 2768 2182 2821 solum
2224 2767 2294 2821 ob
2336 2768 2520 2823 oculos
2562 2769 2617 2823 in
2667 2770 2814 2824 omni
2864 2770 3136 2827 desiderio
3173 2772 3393 2827 habent.

1846 2856 1897 2909 5.
3325 2861 3388 2915 51

1912 2944 2015 3011 Qui
2048 2948 2158 3001 Deo
2205 2948 2420 3017 placere
2474 2948 2720 3018 cupiunt,
2764 2963 2957 3019 preces
3007 2965 3133 3004 suas
3158 2950 3216 3005 in
3239 2966 3393 3021 pace,

1844 3038 2255 3107 tranquillitate,
2308 3039 2725 3093 mansuetudine
2782 3055 2847 3094 ac
2907 3041 3171 3109 sapientia
3217 3041 3394 3097 facere

1843 3125 2064 3191 debent,
2094 3142 2164 3181 ne
2189 3126 2371 3180 minus
2397 3126 2717 3182 decentibus
2760 3128 3088 3185 clamoribus
3125 3131 3229 3195 usi,
3273 3147 3399 3186 om-

1844 3219 2007 3273 nibus
2034 3218 2346 3272 scandalum
2378 3219 2387 3287 |
2418 3218 2649 3287 pariant.
2694 3217 2949 3273 Continet
2988 3235 3118 3274 vero
3172 3220 3394 3275 homilia

1844 3309 1979 3364 duas
2014 3309 2380 3378 quaestiones,
2412 3318 2594 3362 utrum
2629 3309 2814 3364 throni
2861 3319 2919 3364 et
2968 3325 3199 3366 coronae
3240 3326 3392 3365 crea-

1845 3408 1998 3454 turae
2019 3399 2148 3465 sint,
2176 3408 2232 3454 et
2259 3398 2326 3453 de
2348 3398 2635 3454 duodecim
2667 3401 2881 3455 thronis
2908 3400 3090 3455 Israel.
3119 3401 3170 3455 6.
3322 3402 3395 3457 58

1912 3590 1988 3644 De
2039 3588 2326 3644 clementia
2378 3588 2579 3644 Christi
2639 3602 2764 3659 erga
2810 3588 3091 3656 homines;
3148 3590 3391 3646 continet

1841 3674 2006 3737 etiam
2083 3679 2305 3735 bomilia
2374 3679 2824 3750 interrogationes
2893 3687 2948 3733 et
3013 3682 3394 3751 responsiones
3494 3687 3499 3693 '

1842 3774 2107 3843 quasdam
2140 3774 2307 3827 ferme
2337 3772 2550 3842 ineptas
2573 3783 2667 3826 aut
2698 3771 2933 3826 frivolas.
2956 3772 3006 3825 7.
3322 3776 3391 3828 42

261 3866 394 3934 Περὶ
424 3864 531 3916 τῶν
574 3867 972 3935 συμϐαινόντων
1012 3871 1122 3930 τοῖς
1166 3869 1505 3938 Χριπιανοῖς
1544 3866 1740 3937 μεταξὺ
1768 3848 1805 3903 C

1912 3866 1986 3918 De
2004 3864 2087 3917 his
2107 3879 2243 3931 quae
2260 3864 2577 3933 contingunt
2597 3862 2919 3917 Christianis
2938 3862 3079 3917 inter
3100 3863 3387 3928 orandum,

185 3956 282 4007 τοῦ
313 3956 473 4025 εὐχὰς
496 3958 777 4021 ποιεῖσθαι,
805 3959 897 4011 καλ⁵
923 3959 1049 4028 περὶ
1071 3958 1177 4011 τῶν
1209 3960 1416 4030 μέτρων
1436 3959 1533 4025 τῆς
1554 3958 1745 4010 τελειό-

189 4066 383 4117 τητος,
414 4048 612 4117 δηλαδὴ
645 4051 692 4101 εί
740 4052 815 4111 είς
847 4049 905 4101 τὺ
946 4049 1142 4121 μέτρον
1173 4049 1233 4102 τὸ
1260 4050 1460 4104 τέλειον
1492 4048 1740 4121 ἔρχεσθαι

189 4140 439 4192 δύνανται
472 4141 520 4190 oi
549 4139 871 4207 Χριστιανοί.
905 4146 974 4210 η’.
1674 4137 1743 4191 46

260 4230 368 4291 Τὰς
386 4231 711 4296 ἐπαγγελίας
737 4231 831 4282 καῖ⁶
858 4231 1189 4300 προφητείας
1210 4230 1303 4283 τοῦ
1326 4230 1458 4284 Θεοῦ
1484 4231 1569 4283 διὰ.
1597 4248 1743 4299 παμ-

192 4322 439 4391 ποικίλης
467 4322 782 4388 δοκιμασίας
829 4322 922 4373 καὶ
954 4324 1256 4391 πειράσεως
1286 4321 1706 4392 διαπληροῦσθαι
1726 4337 1739 4351 ο

188 4413 283 4464 καὶ
316 4411 458 4481 μόνῳ
479 4410 554 4480 τῷ
581 4409 697 4480 Θεῷ
722 4411 1250 4481 προσκαρτεροῦντας
1271 4410 1743 4482 λυτροῦσθαι-ἡμᾶς

190 4500 296 4552 ἀπὸ
325 4500 434 4553 τῶν
455 4499 548 4552 τοῦ
576 4501 808 4568 πονηροῦ
834 4500 1153 4570 πειράσεων.
1185 4501 1250 4555 θ’.
1673 4501 1739 4554 49

258 4589 731 4658 Ταπεινοφροσύνῃ
762 4593 851 4641 καὶ
879 4590 1151 4661 προθυμίᾳ
1178 4588 1491 4653 διασώζεται
1522 4591 1615 4643 καὶ
1639 4590 1737 4642 αὕ-

189 4681 335 4747 ξεται
384 4683 451 4734 τὰ
487 4682 632 4750 δῶρα
665 4681 759 4749 τῆς
808 4679 956 4743 θείας
986 4681 1202 4752 χάριτος
1225 4696 1250 4719 ⁶›
1290 4681 1514 4753 ἑπάρσει
1542 4681 1597 4733 δὲ
1648 4681 1738 4732 καὶ

190 4773 429 4843 ῥᾳθυμίᾳ.
457 4772 768 4824 ἀπόλλυται.
808 4778 861 4825 ι’.
1670 4772 1737 4825 54

257 4863 367 4931 Τὴν
408 4861 632 4931 δύναμιν
676 4861 768 4913 τοῦ
808 4860 962 4928 ἁγίου
997 4861 1297 4929 πνεύματος
1341 4861 1398 4913 tv
1430 4862 1495 4931 τῇ
1544 4862 1737 4931 καρδίᾳ

185 4949 280 5001 τοῦ
314 4949 597 5019 ἀνθρώπου
644 4945 778 5001 εἶναι
815 4950 889 5010 ὡς
942 4948 1068 5019 πῦρ·
1122 4950 1213 5001 καὶ
1253 4950 1410 5003 τίνων
1470 4950 1736 5027 χρῄζομεν

188 5041 324 5109 πρὸς
366 5042 426 5091 τὸ
468 5039 833 5110 διακρίνεσθαι
876 5040 999 5101 τοὺς
1032 5038 1321 5108 λογισμοὺς
1349 5040 1407 5091 tv
1438 5043 1502 5109 τῇ
1544 5040 1735 5110 καρδίᾳ

189 5130 466 5199 βρύοντας.
503 5131 595 5182 καὶ
629 5131 751 5198 περὶ
776 5130 866 5181 τοῦ
898 5128 1085 5199 νεκροῦ
1106 5128 1279 5196 ὁςρεως
1312 5129 1389 5191 είς
1410 5129 1469 5180 τὸ
1500 5118 1745 5200 ἀκρόταον
1762 5176 1805 5226 D

185 5238 273 5273 τον
314 5220 405 5272 τοῦ
448 5218 600 5283 ξύλου
648 5219 796 5288 παρὰ
840 5219 1079 5282 Μωσέως
1124 5222 1644 5291 προσπεπηγμένου,
1675 5223 1731 5285 ὃς

185 5312 350 5374 τύπος
390 5312 601 5379 ἐγένετο
636 5311 728 5362 τοῦ
777 5310 1030 5381 Χριστοῦ.
1066 5310 1274 5379 συνέχει
1308 5312 1399 5363 καὶ
1434 5309 1512 5382 [ἡ]
1557 5313 1737 5382 ὁμιλία

182 5401 558 5470 διαλογισμοὺς
585 5399 695 5453 δύο·
730 5400 914 5471 ἕτερον
944 5400 1038 5469 μὲν
1066 5398 1296 5469 Χριστοῦ
1330 5402 1465 5471 μετὰ
1507 5401 1599 5453 τοῦ
1649 5420 1737 5455 πο-

185 5491 346 5563 νηροῦ
381 5492 583 5544 σατανᾶ
601 5530 617 5555 ,
652 5491 874 5562 θάτερον
903 5490 956 5543 δὲ
989 5492 1092 5543 τῶν
1114 5491 1445 5562 ἁμαρτωλῶν
1473 5492 1608 5561 μετὰ
1636 5493 1728 5545 τοῦ

185 5583 367 5638 αὑτοῦ.
406 5588 472 5633 ια’
1665 5585 1729 5638 57

252 5674 387 5743 Περὶ
413 5672 513 5741 τῆς
543 5672 779 5734 στάσεως
806 5671 897 5724 τοῦ
954 5672 1120 5742 ’Δδάμ
1161 5673 1267 5743 πρὸ
1294 5672 1386 5726 τοῦ
1420 5673 1727 5743 παραδῆναι

183 5765 339 5820 αὑτὸν
368 5765 465 5835 τὴν
496 5764 711 5834 ἐντολὴν
736 5764 829 5816 τοῦ
860 5763 1013 5817 Θεοῦ’
1042 5764 1134 5817 καὶ
1162 5764 1297 5835 μετὰ
1316 5764 1375 5818 τὸ
1406 5765 1565 5817 αὑτὸν
1593 5767 1727 5819 ἀπυ-

1841 3963 1896 4009 et
1942 3955 2007 4008 de
2064 3954 2320 4023 gradibus
2369 3953 2735 4023 perfectionis,
2779 3962 2963 4007 utrum
3019 3954 3270 4009 videlicet
3319 3956 3387 4009 ad

1840 4044 2138 4113 perfectum
2198 4043 2422 4113 gradum
2472 4042 2754 4111 pervenire
2810 4042 3019 4113 possint
3071 4043 3382 4098 Christiani.

1844 4136 1894 4187 8.
3319 4135 3389 4190 46

1911 4223 2300 4278 Promissiones
2344 4238 2407 4277 ac
2453 4222 2768 4291 prOphetias
2817 4223 3029 4279 divinas
3079 4240 3178 4295 per
3214 4226 3389 4280 varias

1841 4315 2190 4382 probationes
2237 4321 2294 4367 et
2341 4315 2666 4367 tentationes
2716 4314 2961 4384 impleri,
3014 4326 3070 4369 et
3127 4315 3228 4369 soli
3277 4317 3389 4370 Deo

1840 4404 2184 4458 adhaerendo
2233 4404 2450 4459 liberari
2506 4420 2606 4459 nos
2657 4405 2724 4460 ab
2777 4406 3213 4462 infestationibus
3254 4406 3386 4461 dae-

1841 4496 2033 4548 monis.
2078 4494 2130 4547 9.
3316 4497 3388 4551 49

1907 4585 2221 4639 Humilitate
2263 4594 2317 4639 et
2358 4585 2632 4641 alacritate
2672 4587 2975 4642 retinentur
3024 4594 3080 4641 et
3120 4594 3388 4657 augentur

1837 4670 1976 4724 dona
2027 4671 2229 4740 gratiae
2274 4671 2523 4737 divinae,
2577 4674 2831 4743 superbia
2875 4684 3055 4730 autem
3087 4684 3143 4729 et
3171 4677 3383 4746 ignavia

1836 4761 2157 4830 perduntur.
2183 4760 2267 4814 10.
3313 4767 3383 4820 54

1904 4852 2171 4906 Virtutem
2203 4854 2376 4907 sancti
2406 4852 2643 4923 Spiritus
2674 4856 2730 4909 in
2752 4856 2914 4911 corde
2942 4856 3251 4913 hominisse
3281 4855 3384 4909 ha—

1834 4940 1963 4995 bere
1988 4941 2158 4995 instar
2200 4941 2371 5011 ignis,
2414 4952 2470 4997 et
2512 4944 2713 5013 quibus
2745 4945 2909 4999 rebus
2937 4946 3273 5016 indigeamus
3312 4946 3380 4999 ad

1834 5032 2248 5086 discernendum
2271 5034 2626 5102 c0gitationes
2654 5037 2710 5090 in
2743 5036 2905 5091 corde
2928 5038 3305 5101 scaturientes,
3325 5046 3381 5091 et

1834 5122 1901 5176 de
1932 5131 2181 5191 serpente
2221 5131 2437 5177 mortuo
2480 5126 2547 5179 ad
2582 5127 2968 5182 sublimitatem
3000 5128 3129 5197 ligni
3164 5144 3193 5183 a
3234 5128 3379 5183 lose

1832 5212 1987 5267 aﬂixo
2015 5213 2109 5283 qui
2138 5219 2294 5282 typus
2328 5212 2431 5269 fuit
2450 5215 2668 5271 Christi.
2691 5216 2943 5273 Continet
2970 5234 3183 5288 quoque
3206 5219 3381 5274 homi-

1834 5303 1905 5355 lia
1941 5302 2333 5371 disputationes
2380 5304 2533 5371 duas,
2564 5322 2725 5361 unam
2768 5308 2985 5378 quidem
3028 5307 3227 5363 Christi
3252 5324 3376 5363 cum

1830 5393 2160 5461 nequissimo
2203 5400 2407 5472 satana,
2438 5397 2663 5451 alteram
2696 5411 2828 5453 vero
2863 5407 3207 5468 peccatorum
3250 5414 3375 5453 cum

1838 5484 2049 5540 eodem.
2086 5486 2172 5543 11.
3306 5488 3374 5543 57

1902 5684 1975 5737 De
1998 5692 2139 5738 statu
2160 5685 2327 5751 Adae,
2357 5694 2643 5756 antequam
2663 5684 3129 5756 transgrederetur
3154 5684 3374 5739 manda-

1834 5779 1945 5825 tum
1968 5772 2085 5832 Dei.
2106 5783 2163 5829 et
2194 5785 2476 5844 postquam
2508 5776 2690 5832 amisit
2719 5776 2994 5843 propriam
3008 5790 3071 5832 ac
3087 5774 3370 5831 caelestem
