4274 6358
835 391 940 450 519

1814 383 2203 441 PRAEFATIO
2239 382 2329 439 'AD
2367 380 2741 438 EDITIONEM
2779 379 2890 438 AN.
2939 379 3223 437 MDCXXII

3982 373 4085 432 320

837 507 1144 576 imaginem.
1169 503 1427 560 Continet
1447 515 1664 571 quoque
1690 498 1914 554 homilia
1946 498 2209 569 quasdam
2241 513 2407 569 quae-

2338 513 2407 551 IC-
2435 506 2479 560 Α
2507 494 2659 548 λέσαι
2686 497 2777 548 καὶ
2802 496 2900 563 τὴν
2935 491 3066 545 ἰδίαν
3091 493 3273 546 εἰκόνα
3306 495 3397 547 καὶ
3429 496 3528 563 τὴν
3557 491 3901 565 ἐπουράνιον.
3958 507 4083 542 συν·

834 601 1042 654 stiones
1066 597 1289 652 omnino
1315 596 1495 649 utiles.
1522 593 1607 647 12.

905 776 1074 843 Quem
1097 774 1338 829 fructum
1361 791 1392 829 a
1418 773 1908 830 ChristianisDeus
1923 773 2126 833 exigat.
2166 771 2253 825 15.
2335 771 2405 824 74

905 967 1008 1033 Qui
1043 965 1399 1036 cogitationes
1429 980 1491 1018 ac
1529 972 1768 1017 mentem
1816 964 1926 1016 Deo
1975 961 2266 1024 dedicant,
2292 960 2402 1013 hoc

837 1059 940 1112 sub
977 1073 1072 1120 spe
1105 1056 1583 1110 illuminandorum
1622 1056 1906 1109 oculorum
1952 1054 2134 1109 cordis
2177 1053 2400 1116 faciunt,

2332 590 2402 646 65
2475 589 2619 658 ’έχει
2650 591 2743 644 καὶ
2785 591 2821 660 ἡ
2868 587 3053 656 ὁμιλία
3076 585 3330 658 ζητήσεις
3363 588 3514 651 τινὰς
3565 590 3706 641 πάνυ
3755 583 4085 653 ὠφελίμους.

2507 679 2591 734 ιβ’.
4014 673 4086 726 65

2559 688 2591 734 '.
4014 679 4084 726 δῖἱ

2528 679 2677 825 βὋν
2707 773 2915 826 καοπὺν
2947 772 3154 841 ἀπαιτῇ
3187 771 3216 823 6
3244 768 3377 834 Θεὸς
3411 769 3561 844 παρὰ
3586 767 3690 822 τῶν
3720 764 4084 839 Χριστιανῶν.

2506 871 2594 934 ιγ’.
4025 856 4090 910 74

2574 959 2636 1012 Ol
2653 958 2777 1014 τοὺς
2792 955 3086 1026 λογισμοὺς
3107 956 3198 1008 καὶ⁸
3225 954 3314 1007 τὸν
3343 954 3466 1008 νοῦν
3491 954 3568 1023 τῷ
3592 954 3710 1024 Θεῷ
3738 951 4086 1008 ὲπιδίδοντες,

2503 1047 2647 1101 τοῦτ’
2685 1048 2770 1100 ἐπ’
2807 1047 2978 1100 ἐλπίδι
3009 1045 3100 1098 τοῦ
3134 1043 3465 1113 φωτισθῆναι
3494 1049 3618 1108 τοὺς
3649 1043 3960 1114 ὀφθαλμοὺς
3982 1039 4086 1107 τῆς

839 1165 902 1204 ac
947 1151 1091 1203 Deus
1133 1148 1444 1202 huiusmodi
1495 1147 1550 1201 in
1599 1163 1807 1202 sunnna
1858 1163 1953 1200 san
1987 1146 1996 1217 Ι
2028 1147 2286 1200 ctimonia
2343 1160 2408 1200 ac

2343 1160 2408 1200 ac
2505 1138 2731 1209 καρδίας
2766 1135 2997 1202 ποιοῦσι,
3023 1137 3118 1190 καὶ
3147 1139 3175 1189 6
3197 1137 3330 1198 Θεὸς
3346 1137 3619 1199 τοιούτους
3639 1137 3696 1187 ὲν
3721 1134 3970 1202 ἁγιότητι
3990 1131 4088 1183 καὶ

839 1239 1080 1309 puritate
1134 1239 1408 1308 mysteriis
1465 1237 1662 1307 dignos
1711 1245 1959 1305 reputat,
2002 1251 2065 1289 ac
2118 1236 2407 1304 participes

2338 1250 2407 1289 tes
2505 1234 2831 1304 καθαρότητι
2863 1234 2873 1302 |
2908 1230 3136 1303 μεγίστῃ
3159 1233 3474 1304 μυστηρίων
3498 1231 3655 1294 ἀξιοῖ,
3686 1228 3780 1281 καὶ
3800 1226 4091 1298 μεταδίδωτ

839 1330 968 1383 facit
997 1330 1116 1383 illos
1142 1329 1347 1398 gratiae
1371 1343 1520 1381 suae.
1545 1326 1792 1395 Quidque
1821 1327 1959 1379 bona
1995 1326 2248 1379 caelestia
2274 1342 2406 1379 eon-

839 1421 1080 1476 secuturi
1119 1436 1277 1490 agere
1307 1420 1617 1473 debeamus.
1651 1419 1889 1472 Tandem
1915 1418 2158 1486 Apostoli
2196 1426 2251 1471 et
2278 1434 2379 1486 pro

2509 1340 2592 1376 σιν
2613 1324 2794 1387 αὐτοῖς
2813 1324 2876 1375 ὲκ
2906 1323 3002 1390 τῆς
3039 1323 3256 1394 χάριτος
3277 1321 3464 1377 αὑτοῦ.
3492 1324 3585 1374 καὶ
3610 1321 3661 1372 τί
3678 1318 3897 1387 ἀγαθῶν
3927 1321 4090 1370 ἐπου-

2512 1415 2708 1486 ρανίων
2735 1416 2914 1483 τυχεῖν
2953 1413 3261 1484 βουλόμενοι
3288 1417 3460 1466 ποιεῖν
3485 1413 3788 1483 ὀφείλομεν.
3833 1410 4020 1462 λοιπὸν
4043 1411 4091 1460 οἱ

840 1515 1036 1582 phetae
1076 1513 1446 1566 assimilantur
1491 1513 1656 1565 radiis
1689 1512 1956 1565 solaribus
1989 1527 2085 1580 per
2118 1511 2408 1565 fenestram

2338 1526 2408 1565 im
2509 1505 2792 1559 ἀπόστολοι
2835 1505 2929 1557 καὶ
2949 1507 2994 1557 oi
3022 1506 3297 1575 προφῆται
3337 1504 3725 1574 ἀφομοιοῦνται
3742 1505 3861 1564 ταῖς
3878 1503 4092 1554 ἀκτῖσιν

841 1605 1118 1674 ingressis.
1146 1605 1314 1658 Docet
1341 1619 1558 1673 quoque
1586 1604 1832 1667 homilia,
1854 1619 2004 1671 quae
2042 1604 2116 1656 sit
2160 1611 2305 1657 terra
2327 1618 2412 1656 sa-

843 1705 1002 1750 tanae
1027 1705 1083 1749 et
1106 1713 1244 1765 quae
1275 1697 1617 1765 angelorum,
1652 1705 1710 1749 et
1739 1696 1884 1764 quod
1908 1705 2134 1764 utraque
2157 1710 2259 1750 nec
2278 1711 2412 1749 con-

843 1787 1064 1842 trectari
1099 1802 1198 1840 nec
1228 1786 1402 1840 videri
1444 1786 1640 1855 possit.
1681 1786 1765 1838 H.

2344 1784 2413 1838 75
2511 1784 2594 1835 ὅτι
2620 1782 2900 1852 ἀμφοτέρα
2924 1782 3275 1852 ἀψηλάφητος
3309 1783 3399 1834 καὶ
3427 1781 3680 1849 ἀόρατος.
3711 1779 3794 1832 ιδ’.
4028 1779 4095 1829 75

2509 1597 2659 1666 ἡλίου
2696 1597 2784 1649 διὰ
2809 1595 3020 1665 θυρίδος
3049 1597 3477 1667 είσερχομέναις.
3498 1596 3737 1648 διδάσκει
3780 1595 3871 1646 καὶ
3901 1595 3934 1661 ἠ
3965 1595 4091 1660 ὁμι-

2513 1688 2622 1750 λία,
2651 1688 2733 1749 τίς
2775 1691 2805 1757 ἡ
2840 1690 2911 1759 γῆ
2934 1688 3027 1742 τοῦ
3060 1691 3284 1750 σατανᾶ,
3320 1688 3412 1740 καὶ
3443 1687 3526 1749 τίς
3557 1685 3664 1738 τῶν
3700 1683 3970 1752 ἀγγέλων,
3999 1684 4093 1735 καὶ

917 1879 1084 1932 Docet
1108 1878 1330 1931 homilia
1377 1877 1511 1930 haec
1557 1876 1786 1945 prolixe,
1820 1891 1930 1943 quo
1962 1885 2119 1945 pacto
2144 1875 2323 1930 anima
2358 1877 2412 1929 in

2358 1877 2412 1929 in
2447 1865 2486 1918 Β
2584 1873 2833 1926 Διδάσκει
2859 1872 2997 1945 αὕτη
3032 1876 3065 1944 ὴ
3095 1874 3281 1944 ὁμιλία
3313 1874 3399 1927 διὰ
3433 1873 3663 1937 πολλῶν,
3710 1871 3828 1934 πῶς
3866 1870 3965 1940 τὴν
3993 1870 4095 1937 ψυ-

845 1971 1161 2033 sanetitale,
1186 1970 1438 2022 castitate
1464 1983 1527 2021 ac
1552 1969 1783 2038 puritate
1803 1981 1931 2039 erga
1967 1983 2224 2036 sponsum
2254 1983 2414 2022 suum

818 2060 1124 2114 Christum
1164 2060 1372 2122 Jesum,
1403 2058 1745 2113 Servatorcm
1779 2059 1990 2122 mundi,
2022 2074 2080 2113 se
2106 2075 2294 2129 gerere
2325 2059 2419 2113 de-

847 2152 991 2206 beat;
1039 2152 1296 2206 Continet
1342 2167 1474 2204 vero
1510 2151 1773 2218 quasdam
1816 2151 2169 2218 quaestiones
2205 2165 2418 2204 summa

847 2245 1097 2298 doctrina
1130 2243 1379 2306 refertas,
1406 2241 1687 2304 videlicet,
1725 2251 1907 2295 utrum
1937 2243 1991 2294 in
2019 2243 2419 2296 resurrectione

846 2336 1030 2389 omnia
1061 2334 1308 2388 membra
1338 2343 1645 2403 resurgant,
1671 2342 1727 2386 et
1748 2333 1881 2387 alias
1913 2333 2152 2387 infinitas
2179 2334 2246 2388 de
2267 2334 2417 2398 vitio,

849 2427 918 2480 de
947 2426 1139 2496 gratia,
1171 2425 1241 2479 de
1272 2426 1528 2484 libertate
1563 2425 1781 2478 arbitrii
1808 2433 1865 2478 et
1904 2424 2172 2495 dignitate
2206 2426 2421 2495 generis

851 2521 1097 2575 humani.
1133 2520 1220 2574 15.
2355 2516 2424 2569 '18

921 2613 1247 2682 Spirituales
1274 2611 1528 2665 homines
1565 2610 1830 2664 obnoxios
1871 2625 1991 2664 esse
2031 2608 2424 2662 tentationibus

852 2719 1017 2776 atque
1062 2705 1443 2760 afﬂictionibus
1493 2719 1560 2758 ex
1593 2703 1769 2773 primo
1806 2710 2029 2772 peccato
2077 2700 2426 2756 scaturienti-

854 2800 979 2854 bus.
1020 2798 1108 2851 16.
2326 2792 2427 2845 105

925 2889 1002 2942 De
1040 2886 1311 2957 spirituali
1335 2885 1772 2940 Christianorum
1797 2884 2050 2938 unctione
2074 2892 2129 2936 et
2158 2884 2348 2953 gloria,
2372 2893 2429 2937 et

815 2990 819 2993 '
855 2980 1004 3051 quod
1052 2980 1258 3048 absque
1304 2976 1525 3032 Christo
1569 2977 1769 3030 salvari
1811 2984 1906 3030 aut
1939 2975 2105 3028 vitam
2147 2983 2426 3028 aeternam

857 3071 1119 3140 consequi
1151 3069 1486 3138 impossibile
1515 3068 1602 3122 sit.
1641 3069 1728 3121 17.
2327 3067 2427 3118 HO

927 3166 1003 3219 De
1031 3165 1290 3218 thesauro
1317 3161 1751 3217 Christianorum
1773 3200 1788 3223 ,
1829 3159 2084 3213 videlicet
2118 3157 2337 3213 Christo
2373 3167 2428 3210 et

860 3257 1065 3326 Spiritu
1092 3265 1313 3319 sancto,
1353 3254 1519 3307 variis
1554 3253 1730 3307 modis
1760 3260 2047 3306 exercente
2081 3266 2177 3305 eos
2199 3249 2268 3304 ad
2300 3265 2426 3319 per-

859 3347 1151 3402 fectionem
1177 3345 1590 3414 assequendam.
1630 3345 1716 3398 18.
2333 3341 2428 3392 117

933 3438 1226 3493 Christiani
1264 3438 1531 3506 prolicere
1561 3445 1618 3490 et
1643 3451 1889 3489 crescere
1927 3435 2192 3495 volentes,
2231 3432 2431 3486 debent

862 3547 922 3585 se
961 3531 1014 3583 vi
1041 3531 1368 3598 compellere
1402 3528 1469 3582 ad
1498 3544 1659 3582 omne
1693 3528 1746 3581 id
1794 3527 1941 3596 quod
1985 3527 2184 3580 bonum
2229 3534 2332 3588 est,
2373 3532 2432 3577 ut

863 3623 1167 3677 liberentur
1196 3621 1265 3675 ab
1297 3619 1637 3674 inhabitante
1665 3629 1908 3690 peccato,
1930 3629 1986 3674 et
2014 3619 2219 3689 Spiritu
2245 3629 2432 3673 sancto

863 3716 1200 3785 repleantur.
1229 3714 1315 3768 19.
2334 3713 2434 3766 122

936 3801 1096 3855 Solus
1113 3801 1386 3865 Christus,
1413 3817 1579 3856 verus
1608 3801 1850 3856 medicus
1877 3802 2155 3857 interioris
2176 3803 2431 3867 hominis,

866 3907 1062 3946 sanare
1092 3901 1274 3962 potest
1301 3893 1561 3959 animam,
1607 3908 1837 3962 eamque
1872 3894 2198 3948 vestimento
2228 3895 2433 3964 gratiae

867 4001 996 4039 suae
1023 4000 1308 4039 exornare.
1344 3984 1432 4037 20.
2332 3988 2433 4042 127

936 4072 1248 4127 Christiano
1280 4073 1490 4128 homini.
1518 4073 1717 4143 duplex
1767 4075 2036 4129 incumbit
2077 4076 2310 4137 bellum,
2356 4079 2437 4131 in-

867 4173 1085 4219 ternum
1140 4165 1393 4219 videlicet
1442 4173 1498 4219 et
1545 4175 1872 4230 externum;
1945 4167 2049 4221 hoc
2107 4169 2324 4237 quidem
2381 4169 2435 4222 in

871 4273 998 4312 rece
1030 4257 1037 4325 |
1071 4255 1251 4310 dendo
1279 4271 1404 4309 eum
1451 4271 1480 4309 a
1523 4256 1970 4312 distractionibus
2009 4260 2269 4321 terrenis,
2304 4257 2437 4313 illud

869 4364 1002 4403 vero
1026 4351 1082 4404 in
1108 4348 1272 4402 corde
1295 4347 1564 4402 adversus
1601 4349 1957 4418 cogitationes
1980 4351 2275 4419 spirituum
2300 4349 2438 4421 [ma-

871 4434 1093 4506 lorum].
1135 4435 1227 4488 21.
2338 4436 2440 4490 150

2516 1965 2616 2035 χὴν
2649 1966 2706 2016 ὲν
2745 1965 2990 2035 ἁγιότητι
3036 1969 3129 2018 καὶ
3171 1966 3424 2034 ἁγνότητι
3470 1965 3560 2017 καὶ
3595 1963 3923 2034 καθαρότητι
3960 1960 4096 2029 πρὸς

2516 2057 2605 2108 τὸν
2641 2055 2871 2126 νυμφίον
2911 2055 3085 2126 αὐτῆς
3119 2055 3352 2127 Χριστὸν
3391 2054 3597 2126 Ἰησοῦν
3628 2055 3716 2107 τὸν
3748 2054 3967 2123 σωτῆρα
3998 2051 4094 2104 τοῦ

2518 2148 2720 2218 κόσμου
2767 2147 2873 2218 χρὴ
2915 2148 3240 2202 διακεῖσθαι.
3291 2149 3500 2216 συνέχει
3540 2147 3599 2200 δέ
3641 2163 3793 2208 τινας
3833 2145 4095 2214 ζητήσεις

2519 2238 2719 2307 πολλῆς
2751 2239 3095 2302 διδασκαλίας
3125 2240 3418 2310 γεμούσας,
3453 2238 3652 2308 δηλαδὴ
3680 2240 3725 2290 εί
3755 2240 3811 2290 ὲν
3834 2240 3899 2308 τῇ
3925 2239 4094 2289 ἀνασ-

2518 2330 2781 2383 τάσειὸλα
2801 2330 2868 2382 τὰ
2897 2330 3034 2400 μέλη
3057 2330 3405 2394 ἀνίστανταις
3432 2333 3522 2383 καὶ
3542 2328 3706 2392 ἄλλας
3737 2329 3938 2400 μυρίας
3968 2329 4096 2398 περὶ

2520 2423 2614 2477 τοῦ
2645 2422 2816 2476 κακοῦ
2850 2425 2943 2476 καὶ
2969 2424 3067 2491 τῆς
3097 2427 3315 2494 χάριτος
3349 2425 3440 2475 καὶ
3485 2424 3578 2476 τοῦ
3621 2423 3968 2487 αύτεξουσίου
3999 2425 4096 2476 καὶ

2520 2513 2621 2584 τῆς
2649 2513 2931 2582 ἀξιότητος
2964 2512 3058 2566 τοῦ
3089 2515 3275 2582 γένους
3311 2515 3420 2568 τῶν
3450 2512 3767 2583 ἀνθρώπων.
3801 2520 3879 2566 ιε’.
4006 2515 4096 2568 78.

2593 2605 2732 2666 Τοὺς
2789 2606 3191 2673 πνευματικοὺς
3253 2594 3568 2674 ἀνθρώπους
3625 2604 3944 2656 ὑποκεῖσθαι
3989 2607 4102 2666 τοῖς

2525 2699 2846 2768 πειρασμοῖς
2886 2698 2980 2750 καὶ
3020 2696 3231 2766 θλίψεσι
3278 2699 3397 2760 ταῖς
3441 2698 3507 2749 ὲκ
3559 2695 3782 2766 πρώτης
3821 2697 4100 2767 ἁμαρτίας

2529 2789 2838 2860 βρυούσαις.
2883 2796 2979 2854 ις’.
4000 2787 4103 2842 105

2599 2884 2734 2953 Περὶ
2775 2883 2875 2952 τῆς
2922 2884 3295 2953 πνευματικῆς
3327 2882 3436 2936 τῶν
3477 2880 3816 2952 Χριστιανῶν
3871 2880 4102 2952 χρίσεως

2525 2975 2620 3028 καὶ
2651 2975 2809 3043 δόξης
2836 3015 2850 3039 ,
2905 2976 2998 3028 καὶ
3040 2975 3121 3028 ὅτι
3159 2977 3286 3028 ἄνευ
3326 2973 3558 3044 Χριστοῦ
3597 2973 3830 3044 σωθῆναι
3874 2973 3908 3045 ἢ
3957 2974 4103 3041 ζωῆς

2525 3071 2745 3123 αἰωνίου
2792 3070 3020 3140 μέτοχον
3053 3070 3292 3138 γίνεσθαι
3343 3069 3600 3121 ἀδύνατόν
3621 3069 3757 3120 ὲστι.
3792 3067 3872 3131 ιζ’.
4003 3068 4105 3118 1111

2599 3162 2738 3232 Περὶ
2775 3159 2870 3214 τοῦ
2901 3161 3176 3232 θησαυροῦ
3211 3160 3319 3213 τῶν
3364 3159 3725 3231 Χριστιανῶν,
3765 3157 3966 3228 δηλαδὴ
4010 3157 4103 3209 τοῦ

2530 3254 2768 3325 Χριστοῦ
2813 3255 2910 3307 καὶ
2940 3254 3247 3323 πνεύματος
3274 3254 3426 3321 ἁγίου
3451 3291 3464 3315 ,
3493 3253 3762 3322 διαφόρως
3808 3250 4106 3312 ἀσκοῦντος

2527 3344 2725 3406 αὐτοὺς
2753 3344 2886 3414 πρὸς
2906 3344 2964 3395 τὸ
2989 3343 3288 3410 φθάσαιείς
3302 3343 3401 3411 τὴν
3429 3343 3759 3411 τελειότητα.
3792 3348 3880 3410 ιη’.
3981 3341 4104 3395 117.

2605 3435 2667 3484 Οἱ
2691 3433 3002 3502 Χριστιανοὶ
3031 3432 3359 3500 προκόπτειν
3387 3433 3479 3484 κα)⁹
3502 3431 3825 3497 αὐξάνεσθαι
3850 3430 4104 3501 βουλόμεο

2531 3541 2610 3575 νοι
2635 3523 2935 3591 ὀφείλουσιν
2959 3524 3184 3584 ἑαυτοὺς
3203 3522 3481 3591 βιάζεσθαι
3505 3523 3640 3591 πρὸς
3669 3525 3774 3575 πᾶν
3801 3522 3859 3574 τὸ
3879 3522 4105 3590 ἀγαθὸν,

2532 3613 2670 3666 ὥστε
2700 3611 3022 3683 λυτροῦσθαι
3067 3614 3260 3676 αὐτοὺς
3298 3613 3406 3666 ἀπὸ
3438 3616 3532 3680 τῆς
3579 3612 3892 3684 ὲνοικούσης
3930 3615 4106 3683 ἀμαρ-

2531 3706 2672 3766 τίας,
2707 3706 2802 3757 καὶ
2846 3703 3155 3774 πνεύματος
3184 3706 3339 3773 ἁγίου
3373 3705 3730 3775 πληροῦσθαι.
3768 3704 3851 3759 ιϐ’.
4007 3707 4109 3760 122

2605 3797 2778 3857 Μόνος
2813 3799 2840 3850 6
2883 3798 3145 3867 Χριστὸς,
3179 3799 3207 3850 6
3251 3797 3502 3867 ἀληθινὸς
3531 3797 3624 3850 τοῦ
3669 3798 3775 3851 ἔσω
3820 3797 4106 3869 ἀνθρώπου

2537 3887 2737 3958 ίατρὸς,
2769 3886 3105 3960 θεραπεῦσαι
3130 3889 3351 3942 δύναται
3377 3889 3476 3960 τὴν
3493 3888 3690 3958 ψυχὴν,
3720 3888 3814 3942 καὶ
3840 3887 4011 3960 αὐτὴν
4035 3890 4110 3957 τῷ

2533 3979 2634 4046 τῆς
2661 3979 2881 4048 χάριτος
2912 3977 3167 4046 ὲνδύματι
3194 3977 3578 4047 διακοσμῆσαι.
3612 3983 3681 4030 κ’.
4009 3976 4110 4029 127

2607 4070 2696 4138 Τῷ
2719 4068 3026 4139 Χριστιανῷ
3048 4070 3320 4139 ἀνθρώπῳ
3343 4069 3526 4131 διπλὺς
3548 4069 3832 4140 πρόκειται
3853 4069 4107 4138 πόλεμος,

2537 4161 2799 4231 ὲσώτερος
2820 4162 3016 4232 δηλαδὴ
3037 4163 3131 4216 καὶ
3155 4162 3436 4233 ὲξώτεροςο
3469 4164 3496 4215 6
3529 4161 3626 4232 μὲν
3654 4163 3712 4213 ὲν
3746 4165 3755 4230 1
3785 4162 3861 4232 τῶ
3886 4163 4110 4230 ἀφίστα-

2539 4253 2664 4306 σθαι
2695 4254 2854 4306 αὑτὸν
2887 4252 3282 4324 περισπασμῶν
3315 4254 3539 4322 γηΐνων,
3571 4253 3598 4305 6
3633 4253 3688 4304 δὲ
3721 4255 3777 4306 ὲν
3806 4256 3869 4323 τῇ
3915 4254 4112 4324 καρδίᾳ

2541 4344 2674 4415 πρὸς
2710 4345 3002 4415 λογισμοὺς
3042 4344 3150 4397 τῶν
3186 4345 3516 4414 πνευμάτων
3547 4347 3646 4416 τῇς
3677 4347 3961 4415 πονηρίας.
4008 4353 4108 4397 κα’.

4013 4435 4113 4488 150

941 4524 1015 4577 De
1055 4522 1262 4591 duplici
1296 4531 1442 4576 statu
1488 4537 1702 4587 eorum,
1740 4522 1836 4591 qui
1880 4537 1948 4576 ex
1988 4521 2090 4576 hac
2127 4523 2237 4577 vita
2273 4523 2426 4578 dece-

2338 4540 2436 4578 tce-
2472 4544 2514 4598 ο
2611 4525 2746 4595 Περὶ
2767 4525 2956 4594 διπλῆς
2988 4526 3227 4590 στάσεως
3252 4525 3357 4578 τῶν
3381 4526 3446 4577 ὲκ
3472 4524 3563 4578 τοῦ
3592 4525 3706 4596 βίου
3738 4525 3926 4580 τούτου
3957 4527 4112 4595 ἐξερ-

872 4611 1031 4666 dunt.
1053 4611 1142 4664 22.
2338 4613 2440 4666 155

942 4700 1412 4766 Quemadmodum
1455 4701 1657 4771 regiam
1687 4716 1750 4755 ac
1771 4705 2066 4770 pretiosam
2091 4702 2440 4773 margaritam

874 4800 1089 4858 gestare
1123 4790 1299 4843 solum
1333 4799 1580 4858 possunt,
1623 4788 1714 4858 qui
1758 4806 1824 4843 ex
1864 4789 2014 4860 regio
2059 4791 2267 4845 semine
2314 4802 2443 4846 sunt

875 4881 1114 4950 pronati,
1139 4881 1332 4934 eodem
1373 4879 1534 4933 modo
1572 4882 1863 4936 caelestem
1885 4884 2232 4953 margaritam
2266 4885 2441 4938 solum

876 4973 1004 5029 ﬁliis
1025 4973 1118 5026 Dei
1140 4984 1349 5042 gestare
1380 4973 1529 5026 licet.
1564 4973 1650 5026 25.
2341 4977 2443 5032 154

949 5147 1132 5201 Status
1172 5146 1609 5203 Christianorum
1648 5147 1842 5203 similis
1885 5159 1970 5204 est
2010 5161 2349 5206 mercaturae
2388 5168 2419 5207 e

878 5239 1304 5294 fermentationi.
1336 5239 1568 5293 Perinde
1595 5240 1740 5293 enim
1778 5256 1840 5294 ac
1866 5253 2197 5297 mercatores
2227 5253 2444 5298 terrena

878 5331 1223 5384 accumulant
1245 5330 1500 5394 lucra,sic
1526 5331 1891 5401 illidispersas
1913 5350 2011 5403 per
2039 5335 2143 5389 hoc
2164 5337 2443 5390 saeculum

878 5422 1252 5491 cogitationes.
1302 5422 1369 5476 Et
1407 5423 1865 5492 quemadmodum
1902 5426 2231 5481 fermentum
2279 5439 2445 5483 totam

879 5530 1113 5568 massam
1138 5514 1318 5568 reddit
1345 5515 1744 5570 fermentatam.
1783 5520 1862 5574 sie
1884 5519 2207 5575 fermentum
2238 5526 2443 5591 peccati

882 5606 1200 5658 universum
1225 5621 1396 5674 genus
1432 5606 1578 5662 Adae
1606 5613 1897 5677 percurrit.
1954 5613 2153 5667 Verum
2195 5614 2446 5670 Christus

883 5695 1118 5748 caeleste
1162 5693 1420 5749 bonitatis
1466 5695 1790 5753 fermentum
1835 5700 2088 5757 fidelibus
2125 5705 2319 5759 animis
2360 5706 2444 5758 in-

884 5785 1081 5839 fundit.
1124 5785 1192 5838 24
2347 5797 2446 5851 156

2540 4615 2762 4686 χόντων.
2790 4615 2882 4685 κβ’.
4013 4619 4113 4670 155

2623 4707 2708 4769 Ὠς
2729 4709 2819 4761 τὸν
2864 4707 3145 4778 βασιλικὸν
3180 4710 3272 4761 καὶ
3310 4709 3609 4780 πολύτιμον
3645 4710 3991 4781 μαργαρίτην
4024 4728 4113 4779 φο-

2545 4807 2697 4871 ρέσαι
2733 4801 2890 4871 μόνον
2926 4802 3178 4854 δύνανται
3207 4804 3254 4854 oi
3284 4804 3346 4854 ὲκ
3391 4801 3485 4854 τοῦ
3523 4803 3839 4874 σπέρματος
3888 4804 3980 4855 τοῦ
4019 4803 4110 4873 βα-

2543 4888 2730 4951 σιλέως
2756 4890 3123 4960 γεννηθέντεςο
3165 4892 3254 4943 τὸν
3287 4892 3446 4944 αὐτὸν
3488 4893 3689 4963 τρόπον
3739 4892 3831 4944 τὸν
3863 4893 4114 4962 οὐράνιον

2553 4982 2896 5053 μαργαρίτην
2957 4984 3116 5052 μόνον
3163 4986 3276 5047 τοῖς
3322 4983 3416 5037 τοῦ
3456 4984 3589 5036 Θεοῦ
3631 4984 3839 5046 τέκνοις
3891 4985 4116 5054 φορέάι

2542 5071 2736 5136 ἔξεστι.
2763 5072 2865 5141 κγ’.
4013 5078 4113 5131 {Si

2623 5161 2688 5215 'H
2719 5165 2904 5226 στάσις
2922 5161 3029 5218 τῶν
3050 5164 3387 5236 Χριστιανῶν
3422 5166 3561 5219 ἔοικε
3586 5170 3654 5238 τῇ
3677 5169 3915 5240 ἐμπορίᾳ
3940 5174 4034 5223 καὶ
4053 5174 4116 5240 τῇ

2545 5251 2806 5322 ζυμώσει.
2842 5253 3029 5325 ῶσπερ
3054 5256 3161 5326 γὰρ
3185 5257 3234 5308 οἱ
3260 5257 3486 5328 ἔμποροι
3508 5260 3576 5310 τὰ
3605 5259 3770 5328 γήϊνα
3799 5259 3962 5331 κέρδη
4000 5262 4117 5313 ἔπι-

2547 5345 2865 5415 ησυνὰγουσι,
2885 5345 3055 5410 οὕτως
3077 5349 3169 5400 καὶ
3185 5350 3381 5403 ἐκεῖνοι
3410 5350 3936 5420 διασκορπισμένους
3964 5351 4023 5403 ἐν

2542 5434 2700 5489 αἰῶνι
2747 5437 3181 5509 λογισμούς.κα“ι
3229 5438 3413 5514 ῶσπερ
3461 5442 3494 5513 ἡ
3551 5440 3696 5514 ζύμη
3732 5442 3960 5516 φύραμα
4004 5446 4117 5498 ὅλον

2546 5528 2916 5599 ἀπεργάζεται
2940 5530 3139 5601 ζύμην,
3169 5532 3339 5596 οὕτως
3368 5536 3398 5603 η
3427 5534 3570 5604 ζύμη
3599 5537 3697 5603 τῆς
3718 5537 3991 5608 ἁμαρτίας
4016 5541 4116 5591 πᾶν

2547 5619 2701 5685 γένος
2721 5620 2814 5673 τοῦ
2860 5622 3029 5692 Ἀδὰμ
3052 5623 3341 5694 διατρέχιι.
3393 5625 3531 5695 πλὴν
3559 5628 3587 5678 6
3615 5627 3848 5696 Χριστὸς
3871 5631 4116 5699 οὐράνιον

2547 5715 2880 5788 ἁγαθότητος
2924 5716 3103 5790 ζύμην
3147 5724 3266 5784 ταῖς
3319 5723 3540 5785 πισταῖς
3585 5722 3783 5793 ψυχαῖς
3828 5727 4114 5796 ἐντίθησιν.

2549 5806 2643 5858 κδ’.
4020 5817 4114 5872 156
