4274 6358
281 382 382 439 521

286 593 364 663 μὴ
398 593 738 663 δυναμωθεὶς
789 596 895 650 ὑπὸ
916 597 1014 651 τοῦ
1061 598 1320 670 Χριστοῦ,
1359 601 1470 654 τῶν
1496 600 1592 654 τοῦ
1623 601 1861 673 πονηροῦ

284 684 601 737 σκανδάλων
646 687 1024 758 περιγίνεσθαι
1054 689 1250 760 ίσχύει·
1294 691 1397 747 καὶ
1418 691 1471 744 τί
1496 692 1580 745 δεῖ
1603 693 1733 757 τοὺς
1763 693 1863 763 τῆς

281 776 434 841 θείας
472 776 631 846 δόξης
658 766 1020 850 ὀρεγομένους
1062 781 1345 852 πράττειν.
1376 782 1623 837 διδάσκει
1656 784 1753 837 καὶ
1777 785 1867 839 ὅτι

276 869 369 924 διὰ
408 872 695 941 παρακοῆς
731 871 827 925 τοῦ
891 873 1061 943 Ἀδὰμ
1106 874 1187 937 είς
1220 873 1462 929 δουλείαν
1508 876 1609 946 τῆς
1660 875 1866 947 σαρκὸς

280 961 473 1015 παθῶν
514 963 878 1035 κατήλθομεν,
912 966 1006 1035 ἀφ’
1037 961 1106 1037 ἧς
1152 966 1244 1021 διὰ
1281 966 1377 1020 τοῦ
1424 969 1482 1021 ἐν
1519 967 1599 1039 τῷ
1643 967 1862 1040 σταυρῷ

280 1057 588 1126 μυστηρίου
638 1058 903 1129 ῥυόμεθα.
952 1058 1199 1113 παιδεύει
1224 1060 1407 1114 λοιπὸν
1441 1061 1588 1132 ἡμᾶς
1607 1103 1621 1125 ,
1650 1063 1739 1116 ὅτι
1761 1077 1859 1133 μευ

275 1145 420 1215 γάλη
452 1148 570 1201 ἐστὶ
599 1148 714 1201 τῶν.
728 1148 981 1220 δακρύων
1005 1151 1099 1205 καὶ
1131 1150 1225 1205 τοῦ
1253 1151 1395 1207 θείου
1418 1152 1588 1223 πυρὸς
1608 1152 1856 1224 δύναμις.

276 1244 379 1294 κε’.
1755 1246 1859 1301 159

351 1331 489 1400 Περι
526 1332 630 1403 τῆς
658 1333 940 1405 άξιότητος
962 1376 978 1400 ,
1007 1337 1102 1391 καὶ
1143 1338 1242 1409 τῆς
1264 1339 1595 1410 τιμιότητος,
1636 1339 1732 1393 καὶ
1756 1339 1860 1409 τῆς

275 1422 587 1494 δυνάμεως,
624 1427 719 1479 καὶ
762 1428 862 1497 τῆς
906 1429 1169 1499 ἐργασίας
1201 1431 1301 1501 τῆς
1338 1430 1609 1484 ἀθανάτου
1656 1429 1855 1501 ψυχῆς.

276 1516 373 1569 καὶ
404 1518 519 1581 πῶς
558 1518 695 1589 αὑτὴ
730 1518 839 1571 ὑπὸ
868 1519 965 1572 τοῦ
999 1522 1206 1575 σατανᾶ
1243 1522 1597 1593 πειράζεται,
1629 1523 1722 1576 καὶ
1757 1522 1858 1593 τῆς

276 1608 687 1679 ἐλευθερώσεως
720 1610 828 1663 ἀπὸ
852 1610 961 1664 τῶν
980 1614 1303 1683 πειρασμῶν
1325 1617 1604 1684 τυγχάνει.
1643 1615 1856 1685 συνέχει

272 1700 331 1752 δὲ
363 1699 621 1771 ζητήσεις
652 1702 806 1764 τινὰς
843 1703 986 1759 πάνυ
1029 1706 1232 1775 πολλῆς
1268 1705 1618 1771 διδασκαλίας
1654 1707 1858 1777 γεμού-

275 1808 397 1853 σας.
428 1797 542 1856 κς’.
1750 1796 1854 1851 144

1311 392 1747 452 HOMILIARUM
1786 395 1842 453 S.
1885 396 2166 454 MACARII
2204 400 2543 456 AEGYPTII.

353 500 607 555 Διδάσκει
635 502 775 575 αῦτη
816 505 851 576 ἡ
885 506 1100 577 ὁμιλία,
1138 507 1228 562 ὅτι
1257 509 1434 573 οὐδεὶς
1459 510 1784 583 ἀνθρώπιον,
1812 513 1862 565 εί
1894 530 1932 582 Α

3431 409 3536 469 522

2035 514 2204 569 Docet
2245 515 2381 571 haec
2422 517 2679 582 homilia,
2730 519 2943 575 nullum
2992 524 3306 591 nominem,
3360 528 3466 583 nisi
3502 546 3535 586 a

1963 603 2182 660 Christo
2205 608 2642 673 corroboratum,
2661 610 2913 666 scandala
2936 614 3255 683 nequissimi
3274 632 3535 687 superare

1961 711 2145 766 posse,
2173 706 2229 751 et
2262 699 2395 768 quid
2441 700 2532 763 iis,
2568 700 2667 769 qui
2705 701 2944 757 divinam
2979 705 3208 773 gloriam
3247 717 3531 777 appetunt,

1960 787 2250 858 agendum.
2279 790 2448 846 Docet
2470 807 2709 861 quoque,
2740 808 2842 849 nos
2869 809 2969 864 per
2994 795 3425 853 inobedientiam
3464 802 3533 855 ad

1960 880 2283 936 servitutem
2307 884 2489 938 carnis
2520 884 2773 941 redactos
2808 903 2951 954 esse,
2989 904 3159 959 a'qua
3188 906 3288 962 per
3326 902 3532 964 myste-

1962 972 2105 1026 rium
2132 975 2317 1030 crucis
2342 974 2664 1032 liberamur.
2707 979 2936 1037 Instruit
2969 982 3211 1054 denique
3258 1000 3379 1051 nos,
3413 1002 3533 1041 ma-

1960 1078 2123 1131 gnam
2171 1080 2291 1123 esse
2335 1066 2689 1124 lacrimarum
2726 1078 2784 1126 et
2826 1072 2968 1144 ignis
3010 1074 3184 1132 divini
3211 1076 3529 1134 elﬁcaeiam.

1958 1153 2048 1210 25.
3429 1171 3532 1227 159

2030 1330 2105 1385 De
2130 1332 2414 1403 dignitate,
2449 1340 2802 1406 praestantia,
2828 1341 3084 1398 facultate
3110 1355 3171 1401 et
3203 1350 3533 1418 operationi—

1958 1419 2062 1476 bus
2090 1422 2412 1481 immortalis
2437 1428 2670 1495 animae,
2697 1441 2754 1486 et
2785 1448 2893 1501 qua
2922 1436 3131 1491 ratione
3158 1454 3223 1492 ea
3254 1456 3291 1494 Aa
3334 1441 3532 1499 Satana

1959 1521 2204 1570 tentetur
2222 1526 2281 1573 et
2315 1518 2706 1578 liberationem
2736 1538 2768 1578 e
2801 1527 3201 1584 tentationibus
3222 1545 3530 1603 consequa—

1958 1610 2066 1659 tur.
2128 1606 2385 1666 Continet
2438 1627 2572 1667 vero
2619 1616 2970 1685 quaestiones
3009 1620 3275 1689 quasdam
3318 1640 3533 1681 summa

1955 1696 2207 1755 doctrina
2229 1701 2477 1760 refertas.
2509 1704 2601 1761 26.
3427 1720 3531 1776 tu

345 1884 484 1954 Περὶ
516 1883 616 1954 τῆς
660 1884 945 1954 ἀξιότητος
977 1886 1074 1939 καὶ
1102 1887 1347 1952 στάσεως⁸
1386 1890 1482 1943 τοῦ
1523 1891 1849 1962 Χριστιανοῦ
1881 1870 1928 1929 Β
2023 1887 2033 1941 ]

1840 1892 1849 1944 i
1881 1870 1928 1929 Β
2023 1887 2353 1959 Dignitatem
2389 1903 2448 1949 et
2484 1902 2687 1951 statum
2717 1897 3017 1956 Christiani
3041 1904 3282 1961 hominis
3308 1908 3528 1979 copiosa

271 1976 566 2047 ἀνθρώπου
606 1976 695 2030 διά
736 1977 949 2031 πολλῶν
976 1978 1311 2053 διηγουμένη
1352 1982 1590 2037 διατελεῖ
1626 1984 1766 2058 αὕτη
1815 1989 1849 2059 η

268 2070 499 2139 ὁμιλία,
529 2070 605 2134 ὡς
655 2070 753 2124 καὶ
798 2073 832 2141 ἡ
882 2074 1288 2145 προηγουμένη.
1327 2075 1534 2147 ,ἔπειτα
1566 2078 1694 2151 περὶ
1754 2080 1855 2134 τοῦ

267 2161 618 2225 αὑτεξουσίου
644 2162 1009 2234 πανωφέλιμα
1030 2165 1203 2223 πολλὰ
1225 2166 1487 2235 διδάσκει,
1505 2170 1852 2243 ἀναμιγνῦσα

266 2255 528 2327 ζητήσεις
555 2256 708 2320 τινὰς
736 2258 888 2323 θείας
915 2260 1106 2329 σοφίας
1142 2259 1390 2332 πλήρεις.
1424 2259 1524 2328 κζ’.
1563 2262 1577 2334 l
1746 2262 1851 2321 156

341 2350 644 2421 Διαγράφει
668 2351 763 2405 καὶ
786 2351 1115 2425 ἀποδύρεται
1146 2352 1287 2426 αὕτη
1308 2356 1342 2424 ἠ
1372 2355 1558 2425 όμιλία
1586 2358 1687 2426 τὴν
1712 2355 1851 2429 ξυμ-

264 2442 445 2513 φορὰν
473 2443 574 2513 τῆς
612 2444 812 2515 ψυχῆς,
857 2448 939 2501 ὅτι
976 2449 1068 2503 διὰ
1105 2448 1211 2520 τὴν
1252 2450 1531 2521 ἁμαρτίαν
1562 2454 1592 2505 ὁ
1644 2451 1849 2523 Κύριος

264 2536 369 2587 οὐκ
392 2536 535 2588 otst
556 2536 618 2588 ἐν
642 2537 802 2608 αὐτῇ.
844 2538 939 2592 καὶ
960 2539 1088 2612 περὶ
1108 2540 1203 2595 τοῦ
1242 2542 1498 2597 Ἰωάννου
1527 2542 1620 2597 τοῦ
1651 2542 1846 2613 βαπτι-

266 2628 419 2691 στοῦ,
448 2629 532 2683 ὅτι
554 2629 730 2695 οὐδεὶς
754 2631 814 2685 ἐν
834 2634 1114 2705 γεννητοῖς
1145 2634 1422 2703 γυναικῶν
1448 2635 1615 2690 αὐτοῦ
1644 2638 1847 2709 μείζων

262 2718 404 2773 ἐστι.
435 2725 544 2792 κη’.
1738 2728 1846 2783 167

336 2810 495 2865 Κατὰ
517 2810 701 2865 διπλὴν
718 2811 919 2884 τρόπον
945 2816 1043 2877 τὰς
1066 2814 1372 2886 οἰκονομίας
1400 2816 1499 2887 τῆς
1526 2816 1746 2889 χάριτος
1769 2820 1851 2883 είς

260 2903 326 2955 τὸ
352 2903 507 2971 γένος
534 2903 632 2973 τῆς
656 2904 1077 2975 ἀνθρωπότητος
1103 2905 1455 2977 ἐξεργάζεται
1482 2908 1511 2960 ὁ
1538 2908 1690 2973 Θεὸς,
1718 2910 1848 2981 μὲλ-

259 2990 374 3043 λων
414 2991 515 3061 τῆς
560 2991 729 3062 αὐτῆς
774 2994 1021 3064 καρποὺς
1059 2995 1123 3047 ἐν
1164 2995 1364 3066 δικαίῳ
1408 2998 1637 3069 κρίματι
1685 3001 1849 3057 πάλιν

261 3084 590 3154 ἀπαιτῆσαι.
620 3083 722 3138 κθ’.
1744 3096 1847 3151 170

348 3174 444 3230 Ἐκ
475 3174 571 3230 τοῦ
599 3177 758 3246 ἁγίου
791 3177 1101 3250 πνεύματος
1125 3180 1209 3234 δεῖ
1231 3181 1555 3255 γεννηθῆναι
1583 3185 1682 3258 τὴν
1710 3189 1841 3258 μέλ-
1869 3223 1911 3282 C

256 3266 460 3321 λουσαν
495 3267 755 3322 εἰσελθεῖν
795 3270 877 3333 είς
914 3268 1191 3341 βασιλείαν
1233 3270 1369 3326 Θεοῦ
1412 3272 1610 3347 ψυχήν·
1654 3279 1750 3331 καὶ
1781 3279 1839 3333 ὃν

256 3358 470 3428 τρόπον
501 3360 657 3412 τοῦτο
681 3360 926 3432 γένηται.
963 3361 1029 3417 λ’.
1740 3373 1843 3428 174

334 3452 426 3502 Δεῖ
464 3449 555 3503 τὸν
583 3452 908 3507 πιστεύοντα
955 3454 1367 3528 μεταλλαγῆναι
1399 3457 1494 3512 τοῦ
1528 3461 1620 3514 νοῦ
1653 3462 1840 3526 αὐτοῦ,

258 3542 355 3594 καὶ
386 3544 593 3606 πάντας
615 3545 741 3607 τοὺς
774 3545 1067 3615 λογισμοὺς
1090 3550 1170 3612 είς
1198 3548 1333 3603 Θεὸν
1359 3550 1654 3623 συλλέγειν,
1681 3556 1739 3606 ὲν
1762 3550 1843 3617 οἷς

253 3632 477 3702 άληθῶς
501 3636 648 3689 πᾶσα
671 3636 914 3691 διακονία
942 3636 1038 3690 τοῦ
1077 3638 1219 3693 Θεοῦ
1235 3642 1371 3697 ἐστι.
1396 3641 1497 3697 λα’.
1742 3647 1845 3700 1⁸⁷9

342 3724 408 3777 Ἢ
434 3726 561 3790 δόξα
588 3727 695 3781 τῶν
721 3729 1063 3797 Χριστιανῶν
1089 3731 1196 3785 ἀπὸ
1215 3734 1309 3786 τοῦ
1337 3734 1431 3787 νῦν
1448 3735 1506 3788 ἐν
1524 3738 1842 3801 ταῖςιαύτῶν

253 3816 457 3886 ψυχαῖς
490 3819 737 3890 ἐμμένει,
770 3820 1040 3888 μέλλουσα
1071 3823 1129 3875 ἐν
1170 3824 1250 3894 τῷ
1281 3826 1458 3896 καιρῷ
1484 3827 1585 3897 τῆς
1607 3828 1841 3881 ἀναστά-

256 3925 398 3965 cam:
429 3910 806 3981 φανερωθῆναι
840 3912 936 3963 καὶ
965 3911 1184 3976 δοξάσαι
1212 3914 1279 3968 τὰ
1303 3915 1529 3987 σώματα
1565 3918 1684 3971 κατ’
1710 3920 1843 3973 ἀνα-

252 3999 445 4066 λογίαν
481 4000 583 4069 τῆς
610 4000 791 4054 αὐτῶν
823 4002 1125 4065 εὐσεϐείας.
1156 4002 1258 4074 λβ’.
1737 4008 1841 4065 182

339 4092 723 4156 Ἀδιαλείπτως
766 4093 860 4147 καὶ
898 4094 1182 4165 προσεχῶς
1219 4097 1301 4150 δεῖ
1341 4096 1419 4170 τῷ
1451 4096 1570 4169 Θεῷ
1608 4098 1841 4170 προσεύ-

250 4186 468 4256 χεσθαι.
500 4183 601 4253 λγ’.
1736 4193 1837 4246 187

328 4278 465 4348 Περὶ
490 4278 589 4348 τῆς
630 4277 741 4331 τῶν
782 4278 1121 4350 Χριστιανῶν
1162 4280 1350 4351 δόξης,
1392 4276 1459 4353 ἧς
1503 4281 1573 4335 τά
1611 4282 1841 4354 σώματα

249 4368 433 4421 αὐτῶν
478 4370 535 4421 ἐν
574 4371 641 4439 τῇ
695 4369 989 4423 ἀναστάσει
1042 4372 1510 4443 καταξιωθήσεται
1559 4374 1652 4426 καὶ
1699 4375 1837 4444 μετά

247 4457 351 4524 τῆς
382 4456 563 4526 ψυχῆς
594 4457 1012 4527 φωτισθήσεται.
1043 4459 1134 4515 λδν.
1732 4468 1836 4523 189

324 4548 461 4619 Περὶ
502 4547 597 4601 τοῦ
642 4549 871 4602 παλαιοῦ
916 4551 1010 4604 καὶ
1047 4551 1142 4605 τοῦ
1188 4555 1373 4609 καινοῦ
1417 4556 1711 4613 σαϐϐάτου.
1744 4559 1837 4613 λε’.
1873 4571 1916 4624 ι)
2010 4554 2012 4605 Ῐ

1292 4555 1373 4609 νοῦ
1417 4556 1711 4613 cassa-mu,
1744 4559 1837 4613 λεν,
1873 4571 1916 4624 ι)
2010 4554 2085 4607 De
2116 4554 2345 4611 sabbato
2374 4560 2603 4630 antiquo
2619 4572 2677 4617 et
2699 4579 2859 4621 novo.
2893 4567 2980 4623 55.

1731 4648 1830 4705 191

324 4730 460 4801 Περὶ
489 4732 681 4804 διπλῆς
698 4734 1044 4801 ἀναστάσεως
1076 4738 1185 4791 τῶν
1206 4738 1395 4809 ψυχῶν
1418 4740 1511 4793 καὶ
1543 4741 1833 4811 σωμάτων,

245 4822 345 4876 καὶ
374 4823 632 4894 διαφόρου
663 4826 822 4896 δόξης
849 4829 958 4881 τῶν
990 4831 1383 4901 ἀνισταμένων.
1417 4834 1527 4898 λς’.
1728 4834 1834 4890 195

324 4917 460 4987 Περὶ
493 4918 585 4970 τοῦ
627 4921 955 4990 παραδείσου
985 4924 1079 4975 καὶ
1105 4925 1269 4995 νόμου
1300 4926 1688 4996 πνευματικοῦ.
1733 4928 1831 4992 λζ’.

1729 5020 1834 5075 194

323 5100 533 5171 Πολλῆς
558 5101 845 5173 ἀκριϐείας
871 5104 964 5157 καὶ
991 5105 1258 5169 συνέσεως
1286 5107 1443 5177 χρεία
1480 5109 1627 5162 ἐστὶν
1660 5111 1719 5163 ἐν
1755 5110 1833 5183 τῷ

244 5194 542 5263 δοκιμάσαι
589 5197 714 5258 τοὺς
762 5196 1047 5268 ἀληθινοὺς
1098 5196 1491 5269 Χριστιανούς,
1540 5202 1634 5254 καὶ
1685 5202 1831 5266 τίνες

244 5287 446 5338 ἐκεῖνοι
471 5281 623 5341 ὦσιν.
658 5289 761 5360 λη’.
1723 5291 1831 5349 200

321 5378 479 5441 Τίνος
537 5379 721 5434 ἕνεκεν
762 5382 918 5455 ἐδόθη
964 5387 1095 5456 ἡμῖν
1143 5387 1247 5441 ὑπὸ
1300 5386 1395 5440 τοῦ
1441 5385 1576 5439 Θεοῦ
1629 5388 1667 5456 ἡ
1711 5387 1830 5441 θεία

246 5472 459 5540 γραφή.
491 5470 590 5524 λθ’.
1723 5480 1829 5534 205

322 5562 447 5615 Ὀτι
488 5565 659 5617 πᾶσαι
709 5566 764 5618 αί
802 5568 994 5637 ἀρεταὶ
1034 5572 1129 5623 καὶ
1179 5571 1356 5625 πάντα
1388 5571 1534 5626 κακά
1584 5573 1828 5644 ἀλλήλων

245 5655 605 5719 ἐκδέδενται,.
636 5658 729 5711 καὶ
772 5659 1012 5731 ὡσπερεὶ
1060 5663 1247 5728 ἆλυσίς
1290 5682 1375 5728 τις
1414 5665 1511 5736 μία
1555 5665 1657 5736 τῆς
1700 5667 1829 5735 μιᾶς

249 5745 535 5814 ἤρτηνται.
577 5756 650 5818 μ’.
1722 5757 1827 5811 204

320 5837 495 5893 Βαθέα
528 5843 648 5896 λίαν
674 5844 744 5896 τὰ
776 5846 874 5916 τῆς
902 5846 1078 5918 ψυχῆς
1106 5852 1336 5917 ταμεῖα,
1368 5851 1462 5921 τῆς
1492 5850 1596 5905 ἀπὸ
1631 5850 1829 5921 μέρους

608 5937 879 5999 PATROL.
926 5942 1038 6001 Gn.
1086 5943 1347 6005 XXXIV.

1951 1979 2200 2036 oratione
2220 1987 2576 2055 prosequitur
2597 1988 2736 2045 haec
2754 1989 3001 2057 homilia,
3032 2004 3170 2051 utet
3192 2014 3334 2067 quae
3362 2008 3527 2069 prae-‘-

1950 2069 2115 2124 cedit.
2160 2072 2366 2130 Deinde
2398 2075 2466 2131 de
2500 2078 2677 2133 libero
2702 2081 2931 2137 arbitrio
2961 2086 3132 2141 multa
3166 2103 3276 2143 non
3302 2107 3529 2159 prorsus

1951 2161 2167 2219 inutilia
2192 2165 2373 2234 docet,
2398 2171 2690 2239 permixtis
2734 2177 3154 2245 quaestionibus
3196 2184 3526 2254 quibusdam

1950 2253 2165 2313 div-inae
2193 2261 2490 2330 sapientiae
2509 2265 2705 2334 plenis.
2734 2267 2822 2323 27.
2859 2268 2870 2340 ξ
3223 2253 3228 2254 7
3424 2279 3528 2335 156

2019 2347 2291 2408 Describit
2322 2370 2386 2409 ac
2424 2355 2684 2428 deplorat
2721 2360 2861 2418 haec
2901 2364 3126 2423 homilia
3160 2370 3526 2427 calamitatem

1948 2440 2184 2508 animae,
2206 2444 2262 2498 in
2283 2461 2392 2515 qua
2417 2459 2644 2520 propter
2680 2465 2966 2523 peccatum
2989 2474 3100 2513 non
3129 2459 3339 2518 habitat
3363 2464 3525 2520 Chri-

1949 2542 2085 2588 stus.
2122 2535 2191 2590 Et
2227 2538 2296 2593 de
2329 2540 2539 2598 Joanne
2574 2545 2839 2616 Baptista,
2864 2551 3013 2620 quod
3042 2552 3187 2609 inter
3223 2567 3383 2612 natos
3406 2573 3528 2612 mu-

1948 2624 2147 2683 lierum
2172 2631 2361 2687 nullus
2393 2649 2461 2689 eo
2492 2636 2565 2692 sit
2582 2639 2777 2694 maior.
2802 2637 2890 2696 28.
3422 2650 3527 2706 167

2020 2800 2235 2874 Duplici
2274 2808 2485 2863 ratione
2520 2809 2985 2881 dispensationem
3023 2820 3233 2889 gratiae
3263 2821 3319 2877 in
3356 2837 3529 2893 genus

1950 2893 2250 2951 humanum
2276 2911 2499 2957 exercet
2523 2902 2690 2969 Deus,
2729 2906 2852 2963 eius
2893 2908 3108 2966 fructus
3144 2912 3289 2969 iusto
3319 2915 3527 2971 iudicio

1949 2984 2133 3041 denuo
2158 2988 2515 3058 repetiturus.
2546 2991 2637 3048 29.
3422 3005 3527 3062 170

2018 3165 2097 3220 Ex
2127 3166 2335 3237 Spiritu
2366 3180 2557 3225 sancto
2581 3173 2797 3229 renasci
2836 3186 3055 3246 oportet
3092 3178 3351 3247 αηὶωιιιη,
3384 3197 3525 3253 quae

1944 3268 2173 3325 regnum
2210 3258 2309 3313 Dei
2349 3260 2667 3331 ingressura
2699 3273 2805 3332 est,
2838 3275 2898 3321 et
2936 3282 3047 3337 quo
3077 3280 3238 3339 pacto
3273 3271 3379 3328 hoc
3408 3273 3521 3330 ﬁat.

1946 3347 2033 3401 50.
3421 3366 3525 3421 174

2018 3439 2260 3521 Fidelem
2296 3454 2516 3513 oportet
2557 3449 2759 3505 mutari
2800 3449 3007 3518 animo,
3046 3463 3213 3525 atque
3260 3456 3317 3511 in
3350 3459 3523 3515 Deum

1944 3547 2137 3588 omnes
2161 3536 2522 3605 cogitationes
2551 3542 2831 3612 colligere,
2879 3544 2937 3598 in
2968 3547 3172 3615 quibus
3202 3565 3332 3605 vere
3360 3567 3524 3608 omne

1944 3625 2267 3696 obsequium
2293 3629 2537 3685 divinum
2565 3635 2833 3691 consistit.
2856 3637 2945 3692 51.
3420 3644 3524 3701 179

2012 3717 2197 3774 Gloria
2242 3720 2686 3780 Christianorum
2726 3730 2925 3783 amodo
2966 3731 3023 3785 in
3066 3732 3285 3787 illorum
3323 3736 3524 3792 animis

1940 3808 2093 3874 latet,
2129 3826 2267 3880 quae
2295 3823 2538 3885 tempore
2572 3820 2994 3877 resurrectionis
3023 3836 3287 3895 emerget,
3312 3838 3373 3882 et
3392 3828 3521 3884 illu-

1943 3900 2138 3953 strabit
2162 3917 2394 3973 corpora
2414 3921 2514 3975 pro
2541 3907 2705 3962 modo
2730 3924 2925 3967 eorum
2964 3909 3206 3984 pietatis.
3246 3915 3335 3970 52.
3413 3917 3519 3972 182

2010 4094 2391 4153 lndesinenter
2412 4111 2470 4157 et
2498 4109 2711 4161 attente
2738 4119 2957 4179 oportet
2981 4112 3093 4168 Deo
3113 4124 3240 4171 vota
3267 4115 3447 4173 facere
3463 4130 3522 4176 et

1939 4188 2173 4255 precari.
2208 4189 2295 4243 55.
3418 4210 3519 4265 187

2010 4276 2085 4331 De
2132 4280 2302 4348 gloria
2342 4281 2815 4355 Christianorum,
2865 4307 2978 4361 qua
3018 4308 3251 4365 corpora
3295 4298 3515 4355 illorum

1941 4366 1998 4421 in
2045 4374 2451 4429 resurrectione
2493 4376 2870 4449 dignabuntur
2906 4392 2963 4438 et
3000 4399 3127 4441 cum
3166 4390 3349 4445 anima
3391 4392 3519 4447 illu-

1941 4462 2280 4518 strabuntur.
2320 4466 2407 4520 54.
3413 4485 3516 4540 189

3413 4576 3511 4631 191

2006 4744 2082 4798 De
2108 4745 2315 4816 duplici
2347 4750 2750 4806 resurrectione
2779 4754 3086 4812 animarum
3109 4769 3166 4815 et
3198 4776 3513 4831 corporum,

1935 4847 1991 4890 et
2021 4836 2238 4893 diversa
2263 4843 2664 4911 resurgentium
2699 4846 2888 4915 gloria.
2918 4849 3005 4903 56.
3411 4856 3513 4911 195

2007 4930 2082 4984 De
2108 4934 2363 5001 paradiso
2396 4942 2453 4990 et
2481 4935 2601 5007 lege
2636 4939 2932 5008 Spirituali.
2965 4940 3053 4995 57.
3406 4948 3508 5003 194

2005 5123 2275 5178 Accurato
2332 5125 2538 5181 iudicio
2605 5139 2770 5199 atque
2811 5130 3095 5190 intellectu
3145 5151 3285 5207 opus
3327 5149 3412 5195 est
3455 5138 3510 5195 in

1935 5211 2316 5273 discernendis
2348 5218 2496 5275 veris
2526 5218 2877 5286 Christianis,
2917 5233 2975 5278 et
3010 5226 3233 5295 quinam
3261 5230 3373 5285 sint
3398 5232 3512 5285 illi?

1972 5304 2024 5358 8.
3404 5321 3510 5376 200

1934 5304 2024 5358 58.
3404 5321 3504 5376 200

2004 5395 2086 5450 Ad
2112 5397 2242 5467 quid
2280 5398 2567 5471 Scriptura
2597 5402 2785 5459 divina
2806 5394 2967 5461 nobis
3001 5423 3036 5463 a
3055 5408 3168 5464 Deo
3196 5410 3393 5467 donata
3414 5416 3504 5471 sit.

1935 5486 2023 5541 59.
3399 5506 3505 5561 205

2004 5576 2244 5633 Cunctas
2270 5581 2505 5637 virtutes
2532 5592 2588 5637 et
2617 5597 2815 5642 cuncta
2843 5589 2977 5644 vitia
3005 5591 3148 5647 inter
3188 5610 3246 5649 se
3277 5597 3504 5667 colliga-

1936 5678 1988 5723 ta
2041 5685 2161 5725 esse
2199 5683 2257 5727 et
2293 5674 2445 5728 velut
2486 5687 2734 5732 catenam
2762 5694 2927 5733 unam
2973 5681 3041 5736 ab
3085 5684 3256 5739 altera
3295 5686 3503 5755 depen-

1934 5761 2082 5815 dere.
2120 5761 2207 5815 40.
3399 5778 3504 5832 204

2004 5853 2279 5911 Profunda
2328 5858 2486 5914 valde
2535 5871 2663 5916 sunt
2712 5864 3013 5932 penetralia
3065 5869 3306 5937 animae,
3363 5886 3504 5941 quae

3069 5960 3133 6024 11
