4274 6358
743 390 847 445 323

1852 383 2055 439 PETRI
2096 380 2353 438 POSSINI
2392 378 2907 435 PROLEGOMENA

3881 377 3989 433 326

743 503 999 576 paulatim
1049 502 1382 557 incrementa
1427 501 1629 570 gratiae
1668 512 1762 557 aut
1790 502 2048 556 vitiorum
2086 500 2303 568 accipit.
2339 508 2381 562 Α
2408 516 2431 551 τ

2266 510 2303 552 ι.
2339 508 2381 562 Α
2408 501 2474 568 τῇ
2520 498 2700 569 χάριτι
2749 497 2843 550 καὶ
2870 500 2991 561 ταῖς
3021 496 3239 561 κακίαις
3269 496 3759 568 συναυξανομένης.
3795 503 3905 566 μα’.
3940 499 3952 564 |

742 599 830 651 ιιι.
866 596 876 666 ι
2206 592 2304 646 207

808 689 930 744 Non
952 698 1196 751 externa,
1232 687 1328 742 sed
1372 687 1586 741 interna
1615 698 1937 755 promovent
1961 696 2055 740 aut
2085 685 2310 739 laedunt

743 779 1041 841 hominem,
1066 777 1233 831 veluti
1264 776 1490 847 spiritus
1513 775 1716 846 gratiae
1747 786 1842 830 aut
1868 775 2093 846 spiritus
2118 774 2309 843 nequi-

740 870 868 923 tiae.
901 869 988 923 42.
2204 863 2307 919 209

811 961 887 1015 De
940 974 1229 1030 progressu
1302 957 1406 1011 viri
1475 957 1799 1021 christiani,
1855 956 2013 1011 cuius
2059 966 2173 1011 tota
2226 955 2310 1009 vis

740 1068 806 1107 ex
828 1052 992 1106 corde
1014 1050 1304 1121 dependet,
1326 1061 1386 1106 ut
1408 1051 1497 1105 hic
1520 1049 1671 1105 varie
1691 1048 2039 1107 describitur.
2066 1048 2154 1103 45.
2205 1046 2311 1102 210

809 1144 1073 1211 Quantam
1103 1144 1159 1197 in
1183 1144 1403 1197 homine
1434 1142 1734 1197 christiano
1760 1141 2116 1197 mutationem
2138 1148 2193 1194 et
2218 1154 2308 1195 re-

742 1238 1089 1292 novationem
1120 1238 1282 1291 faciat
1307 1237 1577 1302 Christus,
1606 1236 1699 1306 qui
1740 1235 1957 1290 animae
1990 1234 2310 1289 affectiones

741 1345 804 1383 ac
828 1330 1048 1384 morbos
1085 1328 1314 1383 sanavit.
1346 1329 1434 1382 44.
2204 1324 2310 1380 215

808 1519 968 1573 Nulla
1012 1533 1102 1572 ars
1146 1525 1242 1570 aut
1286 1515 1508 1571 divitiae
1555 1513 1721 1568 huius
1764 1513 1992 1577 mundi,
2038 1512 2135 1568 sed
2162 1514 2310 1567 solus

738 1613 940 1669 Christi
970 1612 1239 1666 adventus
1264 1625 1453 1664 sanare
1490 1607 1764 1663 hominem
1788 1614 1985 1677 potest,
2016 1606 2173 1659 cuius
2193 1621 2309 1659 ma-

742 1705 941 1757 ximam
975 1717 1099 1757 cum
1125 1703 1234 1756 Deo
1260 1699 1637 1771 cognationem
1685 1700 1823 1753 haec
1861 1697 2087 1751 homilia
2132 1696 2308 1765 expli-

3877 587 3983 641 201

2479 685 2569 754 Μὴ
2588 683 2658 735 τὰ
2683 682 2902 748 ἔξωθεν,
2933 683 3069 737 ἀλλὰ
3091 683 3160 737 τὰ
3184 683 3395 736 ἔνδοθεν
3424 682 3656 752 προάγει
3688 680 3721 751 ἢ
3754 679 3987 749 βλάπτει

2408 777 2499 829 τὸν
2530 776 2837 847 ἄνθρωπον,
2882 774 3083 848 δηλαδὴ
3125 776 3187 828 τὸ
3209 776 3306 847 τῆς
3334 776 3555 847 χάριτος
3584 772 3834 843 πνεῦμα,
3856 772 3891 843 ἢ
3922 772 3987 825 τὺ

2409 868 2627 937 πνεῦμα
2660 867 2761 938 τῆς
2789 867 3071 937 πονηρίας.
3118 868 3227 938 μβ’.
3874 863 3988 919 209

2478 960 2615 1031 Περὶ
2651 959 2753 1030 τῆς
2804 959 3090 1030 προκοπῆς
3133 959 3230 1012 τοῦ
3279 957 3607 1030 Χριστιανοῦ
3653 956 3883 1028 ἀνδρὸς,
3917 951 3990 1025 ἦς

2409 1054 2560 1107 πᾶσα
2584 1054 2619 1125 ἡ
2640 1051 2866 1123 δύναμις
2889 1053 2955 1106 ὲκ
2978 1052 3079 1122 τῆς
3108 1052 3335 1123 καρδίας
3356 1048 3789 1121 ἁποκρεμαμένη
3810 1048 3987 1111 ἐστὶν,

2408 1144 2598 1215 ὥσπερ
2628 1143 2885 1207 ποικίλως
2925 1143 3161 1197 ἐνταῦθα
3203 1143 3583 1213 διαγράφεται.
3625 1140 3736 1212 μγ’.
3877 1138 3991 1195 210

2480 1237 2647 1289 Ποίαν
2707 1235 2767 1288 ὲν
2824 1234 3097 1308 ἀνθρώπῳ
3149 1233 3459 1305 Χριστιανῷ
3520 1232 3821 1303 μεταϐολὴν
3889 1231 3989 1285 καὶ

2408 1325 2745 1379 ἁνακαίνισιν
2770 1325 3150 1396 ἀπεργάζηται
3177 1326 3207 1378 6
3232 1325 3487 1396 Χριστὸς,
3524 1325 3554 1376 6
3583 1324 3654 1377 τὰ
3678 1323 3779 1394 τῆς
3806 1324 3989 1393 ψυχῆς

2410 1418 2557 1488 πάθη
2600 1419 2692 1470 καὶ
2719 1418 2905 1481 νόσους
2938 1417 3302 1488 Θεραπεύσας.
3344 1418 3449 1488 μδ’.
3881 1413 3990 1469 215

2480 1508 2718 1578 Οὐδεμία
2744 1509 2929 1579 τέχνη,
2959 1510 3020 1561 οὺ
3053 1509 3283 1571 πλοῦτος
3309 1509 3500 1561 τούτου
3532 1507 3627 1561 τοῦ
3669 1508 3898 1577 κόσμου,
3938 1507 3989 1557 εί

2414 1598 2489 1670 μὴ
2531 1601 2666 1670 μόνη
2704 1601 2859 1670 ήτοῦ
2898 1600 3134 1673 Χριστοῦ
3180 1601 3472 1667 ἐπιφάνεια
3512 1598 3854 1671 θεραπεῦσαι
3894 1598 3990 1651 τὸν

2411 1691 2694 1762 ἄνθρωπον
2720 1692 2966 1755 δύναται,
2996 1688 3058 1747 οὖ
3094 1692 3359 1763 μεγίστην
3400 1693 3539 1763 πρὸς
3566 1692 3657 1745 τὸν
3688 1690 3823 1744 Θεὸν
3850 1707 3988 1757 συγ-

742 1806 847 1849 ςεη,
883 1796 973 1849 45,
2205 1786 2308 1841 219
2342 1847 2372 1852 _
2410 1781 2626 1850 γένειαν
2652 1780 2789 1852 αὓτη
2829 1784 2863 1852 ἡ
2885 1782 3072 1851 ὁμιλία
3109 1782 3486 1852 ἀποφαίνεται.
3533 1788 3637 1852 με’.
3879 1780 3988 1836 219

820 1884 893 1937 De
924 1881 1233 1937 diﬁ‘erentia
1255 1880 1397 1934 inter
1417 1878 1646 1933 verbum
1678 1878 1773 1932 Dei
1806 1888 1862 1932 et
1895 1877 2038 1932 inter
2076 1875 2303 1931 verbum
2342 1847 2382 1902 Β
2425 1847 2433 1850 ⁷
2483 1872 2508 1924 Ι

2299 1898 2303 1928 ι
2342 1847 2382 1902 Β
2425 1847 2433 1850 ν
2483 1872 2619 1943 Περὶ
2646 1872 2745 1943 τῆς
2771 1847 3035 1943 διαφορᾶς
3064 1873 3161 1926 τοῦ
3186 1847 3247 1927 τέ
3285 1873 3448 1943 λόγου
3470 1847 3566 1927 rei;
3603 1873 3739 1927 Θεοῦ
3762 1874 3858 1928 καὶ
3893 1873 3987 1926 τοῦ

741 1974 965 2038 mundi,
1007 1984 1065 2028 et
1102 1973 1247 2027 inter
1298 1971 1439 2025 ﬁlios
1499 1969 1597 2024 Dei
1653 1977 1711 2023 et
1756 1970 1900 2025 inter
1956 1969 2098 2023 ﬁlios
2142 1968 2307 2023 huius
2411 1964 2429 2015 ὶ

2301 1986 2307 2020 ι
2411 1963 2568 2032 λόγου
2593 1964 2688 2017 τοῦ
2716 1964 2944 2035 κόσμου,
2968 1966 3063 2019 καὶ
3093 1964 3204 2017 τῶν
3226 1965 3432 2019 τέκνων
3452 1964 3548 2018 τοῦ
3573 1965 3730 2029 Θεοῦ.
3756 1966 3854 2020 καὶ
3879 1966 3989 2018 τῶν

742 2066 951 2118 mundi.
977 2065 1065 2118 46.
2201 2059 2308 2113 225
2411 2055 2617 2110 τέκνων
2638 2055 2829 2109 τούτου
2850 2056 2945 2110 τοῦ
2972 2057 3199 2126 κόσμου.
3229 2063 3348 2128 pg’.
3876 2056 3985 2110 223

811 2156 1111 2226 Explicatio
1151 2156 1440 2226 allegorica
1477 2154 1821 2224 quorundam
1857 2152 1959 2208 sub
1990 2152 2109 2223 lege
2133 2150 2307 2206 facto-

2301 2182 2307 2192 ι
2499 2147 2860 2219 Ἀλληγορικὴ
2892 2148 3245 2219 παράφρασις
3289 2149 3398 2202 τῶν
3430 2148 3535 2200 ὑπὸ
3566 2146 3729 2217 νόμον
3760 2164 3989 2216 γεγενη-

742 2264 880 2301 rum.
910 2249 999 2301 47.
2204 2243 2308 2296 227
2418 2258 2430 2311 ι

2296 2243 2308 2293 l
2418 2240 2613 2311 μένων.
2653 2240 2759 2311 μς.
3876 2238 3984 2292 227

808 2340 884 2393 De
923 2338 1162 2408 perfecta
1196 2338 1302 2394 ﬁde
1330 2338 1388 2393 in
1416 2340 1609 2394 Deum.
1647 2338 1736 2393 48.
2201 2335 2309 2389 254
2483 2333 2496 2385 l

2300 2350 2309 2388 ι
2483 2332 2618 2403 Περὶ
2643 2333 2743 2403 τῆς
2766 2331 2979 2395 τελείας
3008 2330 3246 2395 πίστεως
3272 2332 3354 2395 είς
3386 2332 3539 2387 Θεόν.
3566 2339 3679 2404 μη’.
3759 2368 3762 2371 λ
3880 2331 3988 2385 254

810 2431 927 2485 Νυη
965 2432 1099 2484 satis
1138 2439 1242 2496 est,
1276 2432 1440 2486 huius
1485 2430 1689 2485 saeculi
1726 2428 1954 2483 delicias
1994 2427 2308 2497 reliquisse,
2486 2426 2498 2473 1

2300 2467 2308 2491 ,
2486 2423 2598 2475 Οὐκ
2624 2422 2876 2491 ἐπαρκεῖ.
2894 2422 2994 2493 τῆς
3010 2423 3221 2493 τρυφῆς
3244 2426 3435 2476 τούτου
3457 2422 3552 2477 τοῦ
3578 2424 3786 2494 κόσμου
3813 2422 3988 2475 ἁπαλ-

741 2522 845 2576 nisi
865 2523 989 2592 quis
1012 2523 1240 2578 alterius
1260 2524 1463 2578 saeculi
1493 2522 1889 2578 beatitudinem
1918 2529 2308 2590 consequatur.
2406 2513 2429 2565 λ

2298 2562 2308 2575 ,
2406 2513 2660 2584 λαγῆναι,
2687 2514 2784 2569 ἐὰν
2814 2516 2889 2587 μή
2918 2532 3002 2579 τις
3028 2516 3129 2586 τὴν
3157 2516 3436 2585 μακαρίαν
3466 2516 3626 2569 ἄλλου
3653 2516 3749 2569 τοῦ
3778 2517 3986 2585 κόσμου

739 2611 830 2666 69.
2207 2608 2311 2662 237
2412 2606 2427 2657 1

2207 2608 2311 2662 257
2412 2605 2574 2666 λάϐῃ.
2610 2606 2716 2666 μΘ’.

817 2652 830 2665 .
2207 2608 2311 2662 257
2412 2607 2499 2659 λάε

811 2701 955 2755 Deus
979 2712 1084 2765 est,
1116 2701 1212 2771 qui
1241 2716 1338 2772 per
1359 2711 1578 2756 sanctos
1616 2712 1746 2754 suos
1782 2706 1840 2752 et
1879 2703 2160 2751 creaturas
2196 2696 2314 2750 edit
2478 2699 2499 2753 ε

2299 2610 2311 2662 l
2412 2607 2574 2678 λάϐῃ.
2610 2607 2717 2677 μΘ’.
3882 2607 3987 2661 257

2299 2705 2314 2750 t
2478 2699 2610 2764 Θεός
2639 2703 2785 2755 ἐστιν
2812 2701 2840 2754 6
2882 2700 2972 2755 διὰ
2998 2700 3106 2755 τῶν
3132 2699 3303 2770 ἁγίων
3327 2700 3493 2754 αὑτοῦ
3534 2699 3986 2769 θαυματουργῶν.

743 2790 1026 2845 miracula.
1052 2789 1140 2845 50.
2205 2784 2313 2839 240
2408 2807 2431 2842 ν

2301 2786 2472 2844 lv’.
3881 2789 3989 2845 260

739 2969 1052 3036 [Sequuntur
1092 2971 1322 3023 Locorum
1362 2967 1644 3034 Scripturae
1688 2965 1773 3032 qui
1816 2965 1866 3017 in
1909 2964 2125 3017 Iwmitiis
2146 2965 2548 3094 είίέἓὲινί
2590 2971 2766 3021 Rerum
2803 2967 3187 3022 "mobilium
3209 2969 3400 3021 indices
3438 2970 3570 3032 duo,
3593 2969 3708 3019 deln
3743 2968 3991 3020 Homiliso

769 3218 3981 3253 Μ

1100 3411 1461 3501 PETRI
1537 3409 2008 3503 POSSINI
2084 3410 2337 3502 SOC.
2406 3410 2647 3500 JES.
2720 3409 3654 3505 PBOLEGOMENA.

1011 3605 1111 3665 AD
1150 3604 1536 3667 OPUSCULA
1580 3604 1642 3663 S.
1685 3604 2002 3665 MACARII
2042 3602 2392 3662 AEGYPTII
2433 3604 2529 3663 AB
2570 3603 2737 3665 IPSO
2776 3604 3081 3667 PRIMUM
3121 3605 3346 3668 EDITA
3385 3607 3466 3669 IN
3509 3608 3741 3669 LIBRO

2124 3705 2249 3766 CUI
2284 3704 2607 3767 TITULUS
2628 3722 2643 3767 :

744 3855 1036 3912 Thesaurus
1062 3854 1311 3907 asceticus
1333 3854 1440 3907 sive
1465 3850 1758 3921 Syntagma
1786 3850 2165 3920 Opusculorum
2192 3852 2471 3905 octodecim
2499 3869 2532 3906 a
2554 3852 2757 3923 graecis
2789 3853 2914 3907 olim
2943 3852 3189 3909 Patribus
3216 3856 3279 3908 de
3305 3872 3362 3909 re
3399 3857 3619 3910 ascetica
3654 3858 3995 3927 scriptorum.

814 3947 898 4003 Ea
930 3964 1068 4000 nunc
1092 3946 1321 4015 primum
1346 3944 1602 4015 prodeunt
1629 3959 1656 3996 e
1680 3943 2043 3997 vetustissimis
2086 3961 2212 3997 mss.
2254 3944 2511 3997 codicibus
2544 3954 2716 3998 eruta.
2752 3943 3043 4000 Collectore
3076 3956 3231 4016 atque
3271 3948 3557 4018 interprete
3587 3948 3745 4002 Petro
3773 3948 3995 4002 Possino

813 4038 1071 4090 societatis
1095 4034 1239 4089 Iesu.
1266 4034 1506 4105 [Tolosae
1541 4042 1589 4085 et
1614 4034 1919 4107 vaeneunt.]
1946 4035 2165 4089 Parisiis
2194 4035 2337 4106 apud
2367 4035 2654 4090 Antonium
2685 4036 2979 4103 Dezallier,
3002 4039 3057 4093 in
3084 4040 3195 4093 vico
3228 4038 3621 4095 SanJarobaeo
3645 4043 3713 4095 ad
3728 4042 3994 4099 Coronam

817 4144 1057 4181 auream.
1090 4122 1511 4181 MDCLXXXIV.
1540 4122 1674 4177 Cum
1702 4125 2081 4195 approbatione
2108 4133 2156 4179 et
2188 4122 2459 4195 privilegio
2496 4126 2575 4179 4ο.

845 4308 857 4379 Ι
889 4308 1193 4362 Venerando
1217 4310 1273 4362 in
1298 4306 1501 4363 Christo
1526 4306 1678 4360 Patri
1706 4306 1895 4360 domno
1918 4306 2115 4361 Joanni
2146 4306 2218 4361 Le
2245 4306 2401 4362 Houa:
2429 4303 2707 4363 Cartusiae
2733 4302 3023 4362 Tolosanae
3046 4307 3223 4363 Priori
3264 4309 3567 4382 dignissimo
3591 4311 3781 4366 Petrus
3819 4312 3993 4366 Possi-

748 4422 847 4460 nus
874 4406 1136 4458 societatis
1166 4402 1291 4457 Iesu
1320 4403 1546 4457 salutem
1573 4404 1628 4455 in
1662 4399 1867 4456 Christo
1901 4419 2099 4456 veram.

817 4495 954 4549 Cum
986 4494 1078 4563 qui
1111 4495 1417 4546 thesaurum
1450 4492 1507 4545 in
1529 4491 1640 4544 solo
1671 4491 1845 4545 alieno
1875 4491 2102 4561 reperit,
2142 4492 2550 4547 communicare
2579 4493 2733 4547 illum
2759 4492 2983 4548 domino
3011 4495 3125 4565 agri
3150 4494 3362 4564 legibus
3397 4496 3766 4567 Augustorum
3808 4498 3996 4554 iubea-

750 4601 839 4645 tur
873 4591 971 4662 (1),
1010 4589 1157 4642 hunc
1186 4590 1463 4641 asceticum
1498 4603 1528 4640 a
1562 4602 1649 4641 me
1684 4586 1966 4641 inventum
1986 4588 2040 4641 in
2060 4589 2429 4643 monumentis
2450 4589 2905 4643 anachoretarum
2935 4598 2992 4644 et
3020 4590 3431 4645 coenobitarum
3454 4590 3713 4646 Graeciae
3728 4592 3929 4646 veteris
3943 4592 3994 4645 ei

750 4699 837 4738 me
866 4690 1279 4753 repraesentare
1317 4681 1521 4735 debere
1547 4679 1788 4733 familiae
1808 4680 2007 4744 sentio,
2040 4695 2181 4749 quae
2209 4680 2354 4736 vitae
2381 4680 2659 4735 solitariae
2683 4696 2746 4736 ac
2771 4681 2992 4735 socialis
3018 4681 3217 4736 decora
3236 4682 3293 4736 in
3324 4698 3381 4738 se
3409 4699 3517 4736 una
3537 4683 3821 4753 colligens,
3849 4684 3995 4739 bona

751 4785 948 4830 cuncta
968 4774 1277 4843 priscarum
1296 4773 1379 4826 vel
1408 4772 1817 4826 anachoreseon
1840 4772 1925 4825 vel
1945 4771 2268 4827 societatum
2296 4772 2633 4828 hereditaria
2657 4774 3005 4828 successione
3027 4774 3345 4829 transmissa
3369 4776 3498 4845 jure
3525 4774 3805 4844 possidere
3831 4791 3996 4844 quam

750 4866 961 4935 optimo
994 4864 1245 4918 creditur

822 4958 968 5012 Haec
996 4958 1114 5011 sine
1145 4957 1315 5011 dubio
1349 4970 1501 5010 sacra
1529 4954 1853 5010 Cartusiana
1892 4955 2106 5026 Religio
2150 4966 2252 5020 est,
2290 4956 2425 5011 orbe
2466 4968 2582 5012 toto
2623 4956 2926 5011 clarissima
2972 4972 3291 5028 summeque
3331 4958 3682 5013 venerabilis.
3727 4957 3838 5012 Nec
3864 4973 3998 5012 vero

752 5048 1105 5120 quaerendus
1134 5046 1326 5117 procul
1355 5056 1460 5107 est,
1492 5046 1580 5098 cui
1612 5045 1861 5099 debitum
1895 5045 1999 5099 hoc
2022 5046 2331 5115 depositum
2374 5048 2689 5117 consignem
2725 5066 2736 5099 :
2768 5047 2841 5101 Te
2877 5047 3085 5102 habens
3124 5064 3253 5118 prae
3288 5049 3481 5111 oculis,
3516 5048 3525 5119 ι
3557 5048 3999 5103 venerabilissime

752 5156 925 5217 pater,
950 5146 1234 5212 Tuamque
1263 5142 1418 5197 istam
1449 5156 1478 5194 a
1504 5140 1581 5194 Te
1604 5141 2003 5211 sapientissime
2033 5142 2549 5212 religiosissimeque
2575 5143 2931 5211 gubernatam
2970 5141 3293 5198 Tolosanam
3318 5142 3643 5197 Cartusiam.

822 5235 1294 5305 Quemadmodum
1321 5235 1401 5289 Tu
1435 5235 1679 5288 omnium
1699 5234 2016 5303 praesidum
2043 5234 2202 5288 istius
2226 5234 2554 5289 sanctissimi
2587 5233 2817 5297 ordinis,
2854 5235 2947 5303 qui
2974 5250 3210 5304 unquam
3240 5235 3463 5292 fuerunt
3482 5246 3577 5291 aut
3604 5236 3815 5307 uspiam
3846 5244 3997 5296 sunt,

754 5330 829 5382 ita
877 5331 969 5383 illa
1014 5329 1469 5382 communitatum
1517 5328 1858 5396 reliquarum
1902 5328 2004 5381 sub
2040 5327 2095 5381 S.
2142 5328 2417 5383 Brunonis
2449 5328 2739 5399 disciplina
2769 5329 2939 5384 Deum
2972 5332 3268 5385 colentium
3301 5329 3437 5386 locis
3475 5331 3675 5400 passim
3702 5330 3869 5383 variis
3904 5344 4002 5398 per

755 5422 1031 5491 Europam
1059 5420 1392 5484 universam,
1446 5422 1667 5490 plenum
1710 5419 1883 5473 instar
1920 5420 2213 5485 exhibetis,
2255 5431 2318 5475 ut
2353 5421 2621 5491 quidquid
2668 5424 2954 5492 utriusque
2995 5426 3212 5495 generis
3248 5436 3531 5494 praestans
3567 5423 4003 5495 admirabileque

724 5501 886 5567 lalibi
920 5513 1277 5581 conspicitur,
1311 5512 1365 5565 in
1392 5513 1549 5567 vobis
1588 5511 1788 5566 illustri
1813 5512 2103 5567 collectum
2126 5514 2473 5583 compendio,
2502 5526 2559 5572 et
2579 5518 2732 5587 quasi
2756 5516 3003 5574 refractis
3020 5518 3074 5571 in
3100 5527 3352 5574 centrum
3375 5517 3620 5589 undique
3646 5518 3815 5574 radiis
3843 5518 3999 5573 lucu-

758 5605 934 5658 lenter
969 5620 1079 5658 υιιο
1105 5620 1424 5676 expressum
1460 5621 1585 5659 aere
1612 5620 1850 5658 concavo
1882 5620 2173 5659 cernamus

2271 5698 2520 5756 NOTAE.

832 5789 908 5862 (l)
937 5790 1068 5845 Cod.
1100 5792 1370 5847 Theodos.
1407 5792 1502 5846 lib.
1540 5793 1585 5845 Χ
1619 5794 1699 5846 tit.
1732 5793 1914 5845 XVIII.
