4274 6358
279 392 389 449 325
1265 390 1356 445 AD
1395 389 1753 448 OPUSCULA
1790 393 1846 449 S.
1886 393 2165 451 MACARII
2209 394 2544 452 AEGYPTll.
3412 401 3518 460 326

352 512 470 567 Non
494 525 693 581 evagor
712 520 866 565 extra
892 509 991 574 Te,
1027 509 1156 564 dum
1181 512 1589 567 communitatis
1617 512 1738 566 Tibi
1771 514 2090 569 commissae
2121 514 2350 585 gloriam
2381 528 2669 584 exsequor.
2713 511 2971 584 Corporis
3008 514 3093 571 vis
3135 526 3192 571 et
3220 516 3318 572 flos
3349 521 3519 575 totius

285 604 341 658 in
368 604 547 673 capite
574 603 812 665 residet;
842 601 968 656 inde
998 602 1183 673 vigent
1205 617 1421 667 sensus,
1450 603 1635 658 valent
1668 614 1849 670 artus;
1881 615 2083 669 motus,
2120 605 2372 670 facultas,
2402 607 2582 661 omnis
2619 608 2762 663 actio
2790 622 2856 661 eo
2893 607 3112 662 laudem
3157 609 3242 662 sui
3278 611 3519 668 referant

279 702 363 755 fas
382 710 487 765 est,
520 700 667 753 unde
695 698 963 769 originem
994 708 1051 753 et
1077 698 1322 768 vigorem
1349 698 1537 768 utique
1564 699 1808 754 trahunt.
1836 700 1948 755 Nec
1972 699 2240 769 gratuitus
2270 701 2359 756 hic
2383 700 2506 755 Tibi
2530 700 2735 756 otiosae
2763 700 3039 755 felicitatis
3068 701 3280 756 fructus
3298 714 3399 767 est,
3423 706 3517 759 sed

278 791 549 847 sollicitae
580 801 637 846 et
664 791 824 845 enixe
847 790 1112 845 certantis
1142 798 1445 860 proventus
1474 789 1805 855 industriae;
1836 806 2016 855 curas,
2050 792 2267 861 satagis,
2294 791 2603 857 contendis,
2631 792 3007 847 indesinenter
3030 802 3272 849 attentus
3301 794 3520 863 vigiliae

276 885 668 954 custodiaeque
720 885 897 956 gregis
925 883 1049 938 Tui.
1091 884 1270 940 Verbo
1306 882 1569 939 admones
1604 885 1854 955 exemplo
1890 896 2221 949 monstrans,
2266 887 2555 942 nocturnis
2601 902 2772 957 aeque
2825 887 3151 956 diurnisque
3202 888 3522 957 psalmodiis

275 977 690 1033 assiduissimus
728 976 1415 1047 perseverantissimusque
1460 988 1787 1049 praecentor
1822 987 1880 1033 et
1912 979 2200 1051 choragus.
2245 981 2590 1036 Novitiorum
2632 979 2977 1035 institutione
3015 980 3131 1050 ipse
3172 980 3516 1051 defungeris;

276 1070 396 1139 ipse
427 1066 739 1121 iunioribus
770 1066 1033 1138 professis
1055 1076 1480 1122 consentaneam
1504 1069 1583 1124 illi
1613 1068 1781 1124 statui
1810 1070 2082 1125 culturam
2116 1071 2397 1141 impertis;
2440 1074 2557 1143 ipse
2583 1071 2846 1127 curandis
2877 1072 3517 1144 dirigendisque.prove-

275 1161 547 1216 ctioribus
570 1176 678 1214 non
704 1158 880 1213 oflicia
912 1161 1088 1214 solum
1119 1169 1317 1214 cuncta
1349 1151 1576 1215 exhibes
1614 1159 1828 1215 ordinis
1862 1162 2347 1218 constitutionibus
2379 1163 2737 1233 praescripta,
2778 1161 2875 1217 sed
2906 1171 2963 1217 et
2994 1177 3349 1235 supererogas
3378 1182 3519 1235 quae

274 1257 450 1310 multa
470 1256 732 1323 variaque
754 1254 811 1307 in
843 1269 958 1309 rem
988 1262 1335 1325 praesentem
1364 1264 1674 1324 opportune
1702 1256 1945 1324 suggerit
1970 1256 2187 1310 solertis
2222 1255 2501 1325 ingenium
2536 1255 2801 1310 caritatis.

345 1349 490 1401 Haec
515 1356 645 1400 sunt
673 1361 872 1400 arcana
898 1355 1114 1410 vestra;
1159 1345 1227 1399 de
1246 1346 1446 1415 quibus
1477 1361 1543 1400 eo
1570 1345 1787 1414 parcius
1810 1345 1995 1401 dicere
2025 1346 2291 1417 cogimur,
2328 1347 2475 1416 quod
2506 1346 2699 1401 talium
2734 1345 2928 1400 notitia
2965 1360 3073 1399 non
3117 1345 3225 1399 nisi
3264 1344 3415 1399 tenui
3447 1342 3517 1399 ad

271 1458 374 1495 nos
395 1453 652 1497 externos
683 1442 847 1495 odore
880 1440 1221 1509 transspirat.
1265 1441 1359 1495 llla
1392 1442 1500 1494 iam
1538 1442 1858 1511 percutiunt
1889 1457 2085 1497 sensus
2128 1442 2389 1511 apertius.
2418 1443 2525 1495 Per
2566 1456 2664 1495 vos
2701 1440 2852 1494 illata
2884 1440 3047 1495 hodie
3077 1441 3312 1495 urbibus
3340 1442 3515 1495 eremi

271 1537 555 1600 sanctitas,
586 1545 665 1598 ut,
698 1551 820 1589 cum
852 1535 1045 1605 primis
1076 1535 1419 1591 Christianae
1447 1539 1742 1592 memoriae
1768 1538 2004 1591 saeculis
2031 1538 2296 1592 ecclesiae
2319 1554 2382 1592 ac
2414 1537 2548 1592 cleri
2592 1537 2894 1606 angelicam
2922 1537 3379 1592 anachoretarum
3424 1537 3511 1591 vi-

271 1644 384 1687 tam
429 1648 542 1686 non
589 1633 747 1687 aliter
775 1648 940 1701 quam
990 1632 1165 1687 famae
1209 1634 1505 1704 longinqua
1552 1634 1830 1689 narrantis
1857 1634 2062 1688 indicio
2111 1642 2524 1703 cognoscerent,
2556 1634 2837 1699 mariaque
2873 1647 2937 1685 ac
2981 1630 3089 1684 lata
3137 1640 3412 1684 terrarum
3459 1645 3517 1685 sc

268 1731 577 1784 obiicerent
611 1728 784 1798 spatia
813 1738 1062 1797 spectare
1102 1729 1250 1783 illam
1292 1728 1627 1799 optantibus,
1664 1729 1880 1784 meliori
1913 1729 2017 1783 iam
2055 1740 2204 1783 sorte
2235 1728 2439 1782 nostris
2481 1726 2823 1782 felicioribus
2858 1735 3137 1781 reservata
3173 1726 3519 1795 temporibus

266 1821 476 1876 Nitrias
503 1832 560 1876 et
589 1820 897 1876 Thebaides
924 1836 1035 1874 non
1068 1821 1229 1874 modo
1248 1821 1390 1875 intra
1417 1820 1822 1885 Continentem,
1843 1821 1981 1876 citra
2013 1836 2183 1884 mare,
2220 1819 2315 1875 sed
2345 1821 2397 1881 in
2420 1818 2770 1881 suburbanis,
2804 1817 2900 1873 sed
2930 1818 3071 1872 intra
3100 1820 3213 1888 ipsa
3235 1820 3515 1874 civitatum

270 1913 645 1984 frequentium
685 1912 901 1966 moenia
925 1910 1210 1965 videamus
1232 1911 1332 1982 (ἓ),
1360 1912 1767 1981 opportunitate
1799 1927 1909 1965 non
1939 1910 2007 1964 ad
2036 1910 2333 1980 spectaculi
2376 1908 2548 1978 magis
2593 1909 2893 1961 novitatem
2927 1906 2936 1976 |
2968 1908 3252 1977 expetibili
3305 1919 3400 1963 aut
3448 1909 3517 1964 ad

268 2004 670 2061 iucunditatem
696 2044 712 2070 ,
765 2019 929 2073 quam
981 2004 1067 2059 vel
1116 2003 1369 2073 inprimis
1405 2003 1471 2057 ad
1512 2003 1680 2057 animi
1730 2002 1973 2057 fructum
2012 2012 2068 2057 et
2112 2017 2329 2057 morum
2372 2001 2427 2054 in
2474 2000 2816 2055 intuentibus
2863 2000 3303 2055 emendationem
3347 2016 3518 2070 quae-

266 2108 476 2153 διυοδε.

340 2189 543 2257 Quidni
592 2190 699 2245 hoc
720 2200 979 2260 putemus
1012 2198 1167 2244 tanto
1206 2199 1331 2244 ante
1353 2189 1694 2259 praedictum
1726 2189 1795 2243 ab
1820 2189 1954 2243 Isaia
1992 2189 2179 2243 verbis
2212 2188 2358 2243 illis:
2395 2188 2700 2241 Laetabitur
2723 2187 2931 2241 deserta
2956 2195 3005 2240 et
3029 2187 3193 2250 invia,
3230 2195 3279 2240 et
3306 2186 3515 2241 exulta-

265 2288 342 2343 bit
368 2288 617 2352 solitudo,
648 2298 696 2341 et
726 2287 929 2358 ﬂorebit
961 2289 1113 2357 quasi
1138 2286 1310 2342 lilium
1333 2287 1409 2359 (ὅ)
1430 2287 1453 2341 ?
1476 2286 1872 2356 Attemperavit
1903 2302 1961 2341 se
1984 2286 2241 2341 videlicet
2278 2285 2547 2339 industria
2575 2282 2820 2338 caritatis
2847 2282 3119 2336 humanae
3143 2282 3434 2347 debilitati,
3461 2294 3515 2336 et

265 2384 421 2436 velut
450 2398 518 2437 ne
542 2398 676 2437 suus
696 2383 958 2451 squallor,
983 2383 1188 2437 larvam
1213 2383 1403 2440 virtuti
1444 2383 1767 2439 horribilem
1793 2385 2046 2449 induens,
2075 2382 2217 2438 odiis
2242 2398 2359 2437 eam
2384 2380 2815 2450 imprudentium
2843 2378 3130 2443 obiiceret,
3150 2381 3313 2449 spinis
3345 2397 3517 2449 quae-

266 2471 396 2527 dam
435 2474 550 2528 suis
578 2473 766 2528 insivit
795 2472 944 2539 filia;
970 2472 1215 2529 floridior
1243 2490 1508 2545 apparere
1548 2475 1844 2541 sustinuit;
1872 2484 1928 2529 et
1954 2475 2331 2530 austeritatem
2373 2472 2521 2527 intus
2553 2469 2859 2526 recondens
2900 2483 3053 2522 suam
3090 2469 3381 2523 tectorium
3410 2470 3518 2525 sibi

263 2571 632 2626 circumdedit
658 2574 975 2637 amoenius;
1015 2572 1151 2627 nihil
1200 2573 1305 2627 sibi
1327 2573 1548 2642 quidem
1584 2574 1873 2645 indulgens
1898 2582 1998 2628 aut
2027 2572 2280 2626 relaxans
2306 2571 2533 2625 intimae
2562 2566 2899 2639 asperitatis,
2925 2575 2983 2620 at
3004 2566 3059 2620 in
3090 2567 3315 2637 gratiam
3336 2578 3395 2623 et
3413 2571 3521 2625 uti-

265 2670 475 2723 litatem
505 2668 835 2722 intuentium
875 2667 1207 2723 eminentem
1238 2668 1480 2723 exterius
1517 2667 1801 2723 horrorem
1836 2666 1958 2737 piae
1990 2666 2273 2721 cuiusdam
2308 2666 2627 2736 aspersione
2654 2662 2939 2719 suavitatis
2964 2664 3275 2729 emolliens,
3319 2680 3390 2721 ne
3429 2666 3516 2721 in-

266 2758 413 2812 firmi
439 2766 667 2828 aspectu
700 2758 879 2827 primo
910 2757 1092 2812 territi
1122 2767 1529 2824 averterentur,
1564 2773 1702 2827 quos
1728 2757 1873 2811 allici
1900 2756 1968 2810 ad
1990 2756 2194 2810 bonum
2218 2755 2460 2824 expedit.

338 2854 744 2925 Egrediebatur,
792 2854 868 2907 ait
904 2853 1249 2925 Evangelista
1290 2854 1523 2919 Marcus,
1566 2854 1634 2907 ad
1663 2852 1919 2907 Ioannem
1943 2850 2283 2923 [Baptistam]
2317 2853 2485 2904 omnis
2526 2850 2759 2905 Iudaeae
2802 2855 2946 2924 regio
2995 2864 3045 2908 et
3079 2854 3519 2927 Hierosolymitae

265 2948 503 3001 uniuersi
526 2947 625 3019 (4).
658 2946 945 3003 Tolosanis
962 2962 1061 3017 per
1080 2961 1181 3000 vos
1210 2946 1414 3001 lucriﬁt
1431 2945 1751 3015 egrediendi
1776 2944 1953 3007 labor,
1975 2952 2037 2997 ut
2065 2943 2374 3012 proficiant.
2408 2942 2623 2996 Habent
2644 2942 2789 2998 intra
2814 2956 3021 3015 portas,
3042 2948 3188 3003 unde
3217 2948 3284 3001 ad
3312 2950 3517 3004 sancti-

267 3044 511 3098 moniam
546 3044 850 3100 initientur.
892 3045 1085 3099 Vestra
1125 3043 1233 3098 illis
1260 3059 1319 3098 se
1344 3043 1610 3098 obiiciens
1637 3040 1889 3097 Cartusia
1924 3055 2144 3095 scenam
2177 3040 2358 3108 aperit
2388 3040 2720 3094 coelestem:
2762 3041 3119 3107 vestibulum,
3152 3041 3314 3106 atria,
3341 3043 3517 3112 porti-

266 3148 389 3199 cus,
450 3135 616 3198 muri,
674 3143 876 3204 postes,
910 3149 1003 3188 aer
1044 3135 1159 3204 ipse
1194 3134 1505 3205 paradisum
1534 3134 1768 3203 spirans,
1793 3133 2158 3187 claustrorum
2199 3140 2541 3200 prospectus,
2592 3139 2650 3185 et
2698 3130 2755 3185 in
2815 3132 3087 3201 quadrum
3151 3133 3348 3204 digesti
3409 3134 3518 3190 late

262 3225 776 3280 circumiacentium
830 3225 1056 3281 ordines
1106 3227 1388 3290 cellarum,
1436 3240 1573 3294 quas
1617 3224 1811 3278 videns
1844 3224 2040 3276 merito
2092 3222 2360 3276 exclamet
2407 3238 2532 3276 cum
2584 3222 2744 3276 Iacob
2799 3224 3155 3280 Patriarcha:
3202 3225 3395 3280 Castra
3420 3227 3518 3280 Dei

260 3331 389 3375 sunt
418 3322 545 3375 haec
559 3321 851 3393 (5),castra
873 3322 1061 3391 utique
1082 3318 1382 3381 Cartusiae,
1403 3330 1573 3370 novae
1603 3314 1939 3369 Sulamitidis
1968 3324 2024 3369 et
2051 3313 2256 3368 Christi
2284 3329 2536 3384 sponsae,
2560 3324 2615 3368 ut
2644 3324 2941 3371 castrorum
2964 3319 3100 3372 acies
3121 3320 3399 3373 ordinatae
3418 3320 3515 3389 (6).

264 3416 311 3470 E
368 3418 573 3485 quibus
618 3433 742 3472 cum
790 3417 948 3473 statis
1001 3416 1152 3471 horis
1186 3414 1485 3485 procedere
1528 3421 1831 3467 cernuntur
1889 3420 2103 3466 ascetae
2152 3411 2321 3466 vestri
2369 3413 2459 3466 illa
2507 3413 2686 3468 fronte
2734 3416 2913 3470 adhuc
2959 3430 2989 3468 a
3028 3414 3235 3469 recenti
3261 3431 3385 3469 cum
3405 3417 3519 3470 Deo

264 3523 567 3577 congressu
643 3510 921 3578 fulgente,
992 3496 1102 3564 iilis
1173 3507 1348 3561 oculis
1397 3506 1579 3559 adhuc
1630 3504 1811 3558 uvidis
1859 3519 1891 3558 e
1952 3503 2433 3572 contemplationis
2501 3520 2731 3559 arcanae
2786 3505 2940 3569 fletu,
2972 3506 3064 3560 illa
3118 3506 3518 3575 compositione

264 3614 406 3666 quae
433 3600 651 3669 angelos
679 3600 900 3665 referat,
930 3608 1098 3655 totam
1122 3597 1507 3659 Antoniorum,
1536 3593 1881 3647 Hilarionum
1914 3602 1970 3647 et
1998 3593 2291 3646 Paulorum
2322 3608 2353 3646 e
2391 3593 2668 3661 speluncis
2697 3594 2751 3647 in
2780 3604 3033 3663 apertum
3071 3595 3137 3649 ad
3174 3596 3269 3650 Dei
3296 3595 3517 3650 laudem

263 3694 657 3763 prodeuntium
684 3694 945 3750 exhibent
970 3694 1230 3765 speciem,
1274 3692 1379 3747 nisi
1413 3690 1559 3761 quod
1593 3690 1814 3744 admota
1860 3689 2080 3758 penitus
2122 3688 2235 3743 cuti
2280 3688 2480 3754 cilicia,
2514 3707 2655 3760 quae
2691 3690 2769 3744 illi
2799 3692 3198 3757 monstrabant,
3248 3691 3516 3748 candidae

263 3784 502 3841 obtentu
526 3788 696 3842 vestis
718 3788 1081 3844 abscondunt.
1110 3789 1305 3844 Merito
1343 3788 1480 3842 tales
1509 3786 1778 3839 Tolosana
1811 3785 2006 3839 civitas
2034 3784 2251 3839 censuit
2288 3799 2409 3839 esse
2443 3785 2565 3840 illos
2601 3787 2781 3856 vigiles
2820 3787 3057 3841 custodes
3102 3804 3377 3841 murorum
3423 3806 3515 3858 qui

262 3884 566 3937 custodiunt
597 3886 861 3939 civitatem
890 3885 947 3940 in
974 3880 1276 3952 Scripturis
1300 3887 1631 3932 memoratos
1654 3876 1752 3947 (7),
1788 3877 1918 3930 dum
1942 3878 2360 3946 magistratuum
2383 3894 2447 3933 ac
2480 3880 2666 3948 populi
2692 3878 3011 3948 plenissimo
3040 3887 3097 3934 et
3128 3880 3518 3936 liberalissimo

262 3989 559 4039 consensu,
588 3990 751 4042 quem
780 3976 1015 4032 Senatus
1036 3972 1236 4028 deinde
1252 3969 1550 4024 auctoritas
1583 3967 1981 4036 comprobavit,
2011 3968 2233 4023 extendi
2265 3967 2426 4022 iussit
2447 3978 2661 4037 septum
2691 3969 2995 4027 Tolosanae
3024 3973 3311 4028 Cartusiae
3341 3990 3518 4044 usque

262 4061 333 4117 ad
386 4080 576 4118 muros
611 4066 786 4131 urbis,
813 4076 869 4119 et
894 4065 1344 4135 comprehensam
1374 4076 1441 4115 eo
1468 4059 1643 4129 spatio
1680 4056 1959 4111 moenium
1988 4066 2200 4125 partem
2233 4072 2299 4111 ac
2333 4067 2514 4112 turres
2542 4068 2756 4113 vestrae
2790 4060 2917 4115 fidei
2958 4062 3253 4127 commisnt,
3295 4062 3515 4131 sapien-

292 4155 304 4227 |
338 4168 421 4210 ter
442 4167 720 4226 reputans,
742 4159 956 4212 nullum
977 4172 1098 4213 esse
1122 4156 1190 4210 ad
1222 4153 1452 4209 tuendas
1472 4150 1635 4205 urbes
1661 4149 1926 4203 munitius
1951 4148 2234 4219 Religione
2254 4150 2742 4219 propugnaculum.
2774 4153 3139 4209 Meminerant
3156 4154 3287 4224 quid
3311 4155 3517 4209 Romae

261 4254 587 4323 contigisset
616 4270 648 4309 a
675 4255 852 4325 Vitige
880 4270 1007 4324 rege
1030 4252 1334 4308 Gothorum
1368 4248 1644 4311 obsessae,
1675 4261 1839 4315 quam
1873 4261 2043 4314 quum
2080 4260 2430 4314 prepugnans
2453 4246 2771 4313 Belisarius,
2810 4259 3023 4317 partem
3051 4251 3196 4305 muri
3221 4261 3437 4321 ruptam
3460 4260 3518 4307 et

264 4344 566 4400 insultibus
620 4362 794 4415 paene
840 4355 1116 4416 patentem
1152 4343 1459 4396 instaurare
1493 4354 1556 4393 ac
1586 4337 1804 4391 munire
1848 4336 2207 4398 decrevisset,
2256 4351 2528 4389 consensu
2577 4338 2926 4392 reclamantis
2974 4341 3162 4409 populi
3201 4341 3517 4409 prohibitus

262 4434 495 4498 abstitit,
526 4434 741 4489 civibus
770 4433 971 4505 passim
995 4430 1264 4487 universis
1289 4426 1703 4490 affirmantibus,
1724 4425 1780 4482 S.
1810 4424 1958 4479 Petri
1989 4440 2046 4479 se
2081 4425 2283 4479 tutelae
2322 4426 2501 4480 locum
2532 4428 2686 4482 illum
2717 4428 3037 4495 credidisse,
3062 4442 3323 4503 certoque
3340 4435 3514 4490 confi-

262 4527 431 4580 deres
450 4542 749 4595 numquam
781 4526 1008 4579 Romam
1036 4540 1100 4579 ea
1128 4533 1282 4593 parte
1302 4521 1642 4593 capiendam.
1663 4518 1777 4573 Nec
1794 4532 1919 4587 spes
1943 4516 2068 4570 illos
2086 4516 2282 4572 fefellit
2309 4533 2426 4572 sua.
2454 4520 2823 4593 Nam.Vitiges
2852 4523 3055 4579 frustra
3076 4527 3260 4582 omnia
3285 4540 3517 4584 conatus

262 4620 480 4673 solvere
512 4619 854 4674 obsidionem
883 4628 969 4673 est
1001 4628 1243 4681 coactus,
1271 4625 1437 4686 prout
1470 4614 1607 4668 haec
1638 4627 1706 4667 ex
1724 4610 1942 4665 oculato
1964 4609 2278 4664 testimonio
2300 4610 2467 4665 refert
2486 4611 2580 4680 qui
2602 4628 2862 4681 praesens
2882 4614 3058 4671 adfuit
3094 4616 3394 4688 Procopius
3412 4619 3512 4690 (8).

336 4710 378 4764 Ε
404 4710 538 4765 Tuis
565 4711 632 4765 ad
663 4712 738 4767 Te
759 4727 906 4767 nunc
929 4720 1197 4775 revertor,
1226 4708 1664 4764 venerabilissime
1694 4716 1863 4777 pater.
1900 4705 2082 4776 Spissa
2115 4716 2171 4762 et
2199 4705 2481 4775 multiplex
2508 4722 2743 4775 persona
2766 4710 2925 4763 vobis
2951 4709 3325 4766 Cartusiarum
3353 4730 3513 4783 prae-

261 4800 460 4869 positis
488 4800 809 4872 imponitur,
829 4817 897 4856 cx
917 4801 1128 4857 intimis
1157 4798 1619 4870 profundissimae
1647 4798 1826 4868 adytis
1859 4812 2111 4852 asceseos
2139 4796 2290 4852 exire
2329 4797 2433 4851 isto
2461 4796 2697 4852 subinde
2727 4799 2905 4855 officio
2938 4803 3142 4857 coactis
3162 4802 3218 4856 in
3249 4812 3516 4861 tractatus

260 4912 391 4949 cum
424 4896 748 4964 proceribus
773 4904 830 4949 et
856 4894 1059 4963 populo
1090 4893 1451 4964 promiscuos,
1480 4889 1537 4944 in
1569 4890 1999 4960 hospitalitatem
2020 4903 2232 4943 comem
2288 4897 2344 4942 et
2372 4888 2651 4952 mundam,
2669 4889 2724 4943 in
2760 4907 3043 4946 sermones
3078 4896 3517 4952 accommodatos

258 4986 624 5044 audientibus
649 4996 825 5040 status
852 5001 914 5040 ac
934 4985 1152 5055 generis
1183 4984 1446 5039 cuiusvis.
1466 4983 1631 5038 Pauci
1657 4983 1724 5037 ad
1756 4983 1985 5037 fundum
2011 4991 2319 5051 penetrant,
2346 4983 2653 5049 quanta,vis
2681 4984 2754 5037 sit
2778 4984 2927 5039 illius
2952 4985 3107 5042 Pauli
3132 4989 3361 5058 apostoli
3387 5005 3514 5045 sen-

261 5080 471 5136 tentiae
495 5097 507 5132 :
531 5078 781 5133 Omnibus
810 5079 989 5131 omnia
1020 5077 1185 5147 factus
1217 5094 1354 5141 sum,
1378 5084 1436 5129 ut
1464 5092 1639 5129 omnes
1671 5076 1895 5145 facerem
1925 5075 2096 5130 salvos
2117 5075 2215 5145 (9).
2256 5074 2429 5140 Quam
2451 5073 2655 5139 vivida,
2679 5074 2922 5144 inquam,
2950 5086 3006 5133 et
3033 5078 3397 5136 scintillanter
3415 5079 3517 5134 mi-

262 5172 413 5226 canti
445 5171 645 5225 mentis
672 5180 1025 5240 experrectae
1051 5170 1387 5241 praestantia
1416 5184 1554 5240 opus
1572 5168 1835 5238 Apostolo
1854 5169 2099 5238 gentium
2123 5169 2309 5231 fuerit,
2339 5177 2400 5221 ut
2425 5166 2493 5220 ab
2519 5168 2740 5232 ecstasi,
2762 5185 2869 5238 qua
2891 5179 3080 5239 raptus
3106 5170 3172 5225 ad
3200 5172 3514 5241 paradisum

262 5278 469 5317 arcana
514 5262 816 5318 ineffabilia
848 5264 1118 5329 audierat,
1150 5264 1219 5318 ad
1258 5263 1493 5318 facunde
1526 5261 1899 5331 perorandum
1930 5261 1985 5315 in
2029 5263 2211 5318 medio
2239 5263 2542 5334 Areopago,
2574 5262 2640 5317 ad
2668 5262 2883 5331 prolixe
2912 5263 3292 5319 disserendum
3329 5282 3513 5322 coram

262 5358 429 5414 Festo
455 5356 725 5427 praeside,
751 5374 877 5428 rege
918 5358 1155 5429 Agrippa
1186 5368 1243 5413 et
1276 5357 1464 5429 regina
1494 5354 1777 5420 Berenice,
1818 5353 1884 5410 ad
1910 5357 2118 5412 urbane
2155 5358 2589 5412 conversandum
2612 5373 2739 5413 cum
2771 5357 2963 5428 Sergio
2996 5359 3166 5415 Paulo
3193 5361 3356 5435 Cypri
3388 5379 3516 5433 pro-

1778 5449 2025 5504 NOTAE.

362 5539 418 5613 ?)
447 5538 878 5613 _Corr.i,JPossin.
907 5543 1158 5598 videmus.
1185 5544 1409 5605 EDITOR.
2016 5544 2091 5613 (7)
2121 5540 2278 5613 (33m:
2307 5543 2371 5605 vv
2396 5542 2456 5613 ,7'

601 5611 816 5687 xxxv,
847 5614 895 5666 ί,
1944 5681 1985 5687 η
2122 5611 2466 5687 Gothic._l_ib.
2516 5611 2537 5665 ι
2584 5627 2701 5683 cap.
2732 5613 2821 5677 '55,
2867 5614 2956 5668 ed.
2990 5614 3121 5685 Reg.
3148 5632 3205 5687 ι).
3240 5616 3378 5685 568;
3408 5618 3506 5675 lib.

363 5681 418 5749 4)
451 5679 620 5749 Marc;
645 5682 685 5743 l,
718 5684 765 5735 5.
1944 5681 1987 5735 ll
2025 5679 2145 5749 cap.
2176 5681 2210 5733 2
2250 5698 2303 5749 p.
2338 5681 2459 5734 MO.

454 5748 589 5803 Cen.
616 5751 828 5836 xxxy,
852 5752 902 5805 ‘2.
2014 5751 2054 5822 (Ε

366 5822 397 5873 ὓ
452 5819 608 5874 Cant.
645 5822 732 5875 Vl.
766 5839 815 5875 ο.

2014 5748 2137 5822 (9)1
2161 5748 2286 5808 Cor.
2321 5750 2413 5818 ιχ,
2453 5751 2542 5805 22.
2581 5752 2623 5808 ιι
2646 5752 2772 5807 Cor.
2809 5752 2925 5820 xu,
2964 5754 3018 5809 4.

386 5821 419 5887 i)
452 5821 608 5874 Cant.
645 5822 732 5887 Vl,
766 5821 815 5875 5.
