4274 6358
763 380 865 438 321
1881 375 2089 433 PETRI
2126 373 2388 432 POSSINI
2425 374 2934 433 PROLEGOMENA
3920 375 4035 431 338

762 502 1010 567 consule,
1034 499 1273 570 denique
1310 498 1378 554 ad
1400 496 1746 553 familiariter
1776 497 2051 567 simulque
2078 497 2290 552 utiliter
2317 497 2589 567 agendum
2626 498 2897 569 Philippis
2925 514 3050 554 cum
3087 499 3255 571 Lydia
3284 502 3640 572 purpuraria,
3679 499 3851 555 lconii
3892 515 4029 553 cum

761 596 963 652 Thecla
994 593 1227 665 virgine,
1258 592 1491 662 aliisque
1510 590 1645 644 alias
1674 588 1981 644 innumeris
2002 588 2136 659 (10).
2166 589 2258 643 Sic
2288 603 2559 658 nusquam
2598 589 2935 644 luculentius
2962 605 3125 659 quam
3148 591 3202 645 in
3237 590 3314 645 Te
3340 602 3587 662 apparet,
3617 591 3765 661 quod
3790 590 4029 661 quidam

757 700 1008 745 veterum
1035 686 1237 749 aiebat,
1256 682 1629 754 eloquentiam
1655 681 1860 738 silentii
1897 681 2113 751 prolem
2142 690 2360 745 esse,et
2377 682 2656 736 neminem
2680 682 2833 752 loqui
2866 682 3098 738 uberius
3124 694 3181 738 et
3208 683 3448 750 dulcius,
3478 699 3642 755 quam
3674 685 3770 754 qui
3804 684 3904 738 diu
3929 698 4027 737 re-

756 781 1103 853 ligiosissime
1128 777 1392 844 tacuerit;
1423 776 1574 840 dum,
1606 785 1669 831 ut
1691 775 2003 831 Bernardus
2024 790 2093 829 ex
2119 776 2312 829 umbra
2342 783 2399 830 et
2421 789 2638 831 secessu
2659 775 2943 842 silvarum,
2965 776 3041 832 ita
3065 777 3147 831 Tu
3176 793 3215 833 e'
3237 777 3584 834 severissima
3622 778 3849 834 claustri
3879 777 4027 833 taci-

758 882 1046 942 turnitate,
1079 873 1235 945 quasi
1260 888 1293 928 e
1326 873 1513 928 schola
1538 871 1821 927 rhetorum
1843 870 2105 942 prodiens
2125 870 2359 937 audiris,
2386 870 2842 943 quotiescumque
2874 873 3211 943 loquendum
3233 884 3339 940 est,
3376 875 3674 931 melliﬂuus
3703 885 3915 930 orator.

826 974 887 1028 In
929 973 1112 1027 locum
1153 985 1241 1024 me
1280 968 1575 1039 ancipitem
1628 969 1947 1037 pr0pulsum
1992 967 2204 1034 sentio,
2236 967 2330 1022 ubi
2369 967 2726 1038 praedicare,
2780 969 2928 1039 quod
2975 970 3112 1025 haec
3165 970 3361 1026 civitas
3415 972 3673 1027 universa
3740 972 3913 1028 sentit
3960 980 4027 1026 et

761 1070 1025 1139 loquitur,
1068 1065 1369 1139 prohibeor
1398 1064 1695 1119 modestiae
1734 1063 1883 1117 Tuae
1917 1070 2193 1133 respectu,
2232 1078 2398 1133 quam
2446 1078 2670 1119 suarum
2711 1063 3032 1122 obtrusione
3065 1062 3289 1120 laudum
3327 1066 3441 1123 scio
3469 1075 3734 1137 quantum
3762 1064 4022 1121 offende-

756 1179 891 1220 rem.
939 1162 1072 1218 Utar
1097 1174 1228 1230 ergo
1260 1157 1460 1213 astutia
1498 1156 1652 1212 Pauli
1693 1154 1946 1225 apostoli,
1984 1154 2277 1210 artiﬁcium
2319 1170 2478 1209 suum
2518 1150 2792 1224 quoddam
2824 1154 2834 1225 Ι
2866 1156 2973 1211 tale
3000 1156 3138 1211 adeo
3168 1172 3279 1210 non
3313 1156 3729 1221 dissimulantis,
3764 1164 3827 1211 ut
3865 1156 4023 1211 ultro

752 1254 1078 1326 prodiderit,
1103 1250 1322 1322 quando
1343 1249 1420 1303 ait
1441 1246 1742 1304 Corinthiis
1769 1264 1781 1299 :
1812 1246 1944 1301 Cum
1970 1260 2133 1299 essem
2154 1252 2383 1311 astutus,
2408 1244 2529 1299 dolo
2547 1261 2635 1300 vos
2658 1246 2767 1317 cepi
2790 1244 2923 1317 (H).
2943 1246 3146 1317 Nempe
3173 1246 3320 1301 idem
3340 1246 3644 1302 Corinthiis
3662 1246 3857 1301 iisdem
3875 1244 4020 1301 alibi

752 1354 1062 1425 proﬁtetur,
1098 1364 1156 1404 se
1183 1345 1469 1418 quaedam,
1493 1358 1634 1415 quae
1653 1342 1722 1397 de
1765 1342 1918 1411 ipsis,
1944 1339 2306 1396 offensionem
2333 1356 2527 1396 eorum
2556 1350 2827 1407 metuens,
2855 1341 3137 1398 declarare
3164 1344 3481 1407 verebatur,
3513 1343 3925 1414 transﬁgurasse
3954 1343 4015 1397 in

750 1471 804 1507 se
832 1460 879 1504 et
912 1463 1073 1504 suum
1100 1446 1156 1500 in
1177 1441 1581 1515 praedicatione
1617 1439 1684 1493 ad
1708 1439 1855 1509 ipsos
1885 1437 2095 1492 socium
2119 1436 2205 1492 vel
2230 1436 2612 1491 administrum
2639 1437 2851 1507 Apollo,
2887 1446 3103 1507 propter
3124 1439 3263 1509 ipsos
3298 1438 3432 1509 (12),
3468 1448 3528 1493 ut
3568 1438 3764 1507 pudori
3798 1437 4018 1494 scilicet

751 1547 995 1615 ipsorum
1028 1544 1300 1609 parceret.
1338 1534 1431 1590 Sic
1461 1540 1518 1587 et
1552 1545 1653 1602 ego
1681 1530 1738 1584 in
1779 1528 1903 1583 aliis
1934 1527 2186 1598 personis
2217 1526 2335 1582 Tua
2371 1526 2571 1582 decora
2604 1527 2965 1592 constituens,
3001 1528 3164 1582 simul
3197 1528 3642 1583 erubescentiam
3670 1529 3797 1584 Tibi
3834 1528 4014 1584 Tuam

748 1635 1110 1697 lucrifaciam,
1141 1629 1303 1686 simul
1335 1638 1517 1682 tamen
1541 1625 1719 1680 oﬁicio
1746 1639 1872 1679 meo
1901 1637 2013 1677 non
2036 1622 2203 1677 deero
2226 1622 2589 1692 signiﬁcandi,
2618 1638 2759 1692 quae
2786 1638 2947 1678 nosse
2974 1623 3273 1678 multorum
3307 1623 3557 1679 interest.

819 1736 896 1790 De
929 1734 1119 1804 Magno
1149 1727 1385 1786 Antonio
1413 1724 1471 1781 S.
1506 1722 1837 1779 Athanasius
1872 1718 2085 1783 scribit,
2112 1718 2282 1773 fuisse
2310 1718 2466 1773 illum
2497 1718 2576 1772 ita
2607 1718 2667 1772 in
2694 1733 2992 1789 congressu
3016 1727 3073 1774 et
3099 1734 3351 1773 sermone
3384 1734 3510 1774 cum
3538 1718 3689 1774 omni
3721 1719 4011 1776 hominum

748 1840 950 1896 genere
979 1824 1278 1876 humanum
1303 1825 1361 1873 et
1384 1829 1629 1878 suavem,
1659 1820 1721 1867 ut
1745 1827 1873 1896 non,
1895 1826 1927 1866 e
1961 1810 2195 1865 desertis
2223 1809 2522 1873 montibus,
2556 1808 2652 1863 ubi
2683 1824 2902 1863 omnem
2940 1817 3175 1865 aetatem
3208 1810 3491 1866 solitarius
3529 1821 3806 1883 exegerat,
3839 1811 3939 1868 sed
3975 1828 4012 1867 e

748 1894 872 1973 sinu
918 1915 1192 1971 cultarum
1232 1910 1453 1966 urbium
1490 1904 1713 1977 prodire
1739 1894 2041 1957 videretur.
2074 1901 2255 1955 Verba
2295 1900 2411 1970 ipsa
2442 1915 2640 1970 ponam
2679 1898 2985 1965 Athanasii,
3023 1916 3093 1955 ne
3127 1901 3253 1971 quis
3292 1915 3325 1955 a
3362 1916 3449 1956 me
3479 1899 3609 1973 ﬁngi
3641 1904 3954 1972 suspicetur
3990 1919 4005 1955 :

746 2014 844 2082 οὐχ
869 2012 943 2075 ὡς
969 2013 1027 2065 ὲν
1052 2010 1168 2080 δρει
1199 2007 1447 2078 τραφεὶς,
1479 2003 1642 2056 κάκεῖ
1671 2000 1849 2069 γέρων
1895 1998 2207 2068 γενόμενος,
2240 1997 2432 2064 ἄγριον
2460 1991 2574 2065 εἶχε
2622 1995 2684 2047 τὸ
2725 1990 2891 2063 ἦθοςο
2927 1994 3065 2048 ἀλλὰ
3100 1996 3193 2048 καὶ
3237 1996 3447 2067 χαρίεις
3470 1991 3539 2067 ἦν
3568 1998 3669 2053 καὶ
3692 1997 4005 2061 πολιτικόςο

744 2109 837 2162 τὸν
868 2106 927 2161 δὲ
962 2105 1117 2173 λόγον
1142 2098 1286 2171 εἶχεν
1312 2096 1615 2171 ὴρτυμένον
1636 2092 1714 2163 τῷ
1743 2092 1872 2162 Θείῳ
1899 2091 2077 2153 ἅλατι,
2106 2090 2211 2145 hoc
2240 2100 2328 2145 est
2358 2109 2373 2145 :
2405 2106 2432 2142 η

2320 2106 2328 2145 ’.
2358 2109 2373 2145 :
2405 2106 2509 2143 non
2536 2098 2593 2142 ut
2622 2090 2678 2142 in
2706 2097 2881 2142 monte
2906 2090 3132 2143 nutritus
3166 2098 3215 2143 et
3239 2091 3308 2144 ibi
3340 2107 3497 2145 senex
3529 2091 3718 2160 factus,
3742 2102 4008 2164 agrestem

745 2203 927 2257 habuit
959 2196 1426 2257 conversationem,
1453 2189 1545 2245 sed
1570 2188 1746 2242 suavis
1770 2194 1885 2239 erat
1915 2193 1965 2238 et
1996 2182 2183 2247 civilis,
2209 2198 2500 2236 sermonem
2533 2191 2711 2235 autem
2738 2181 2958 2235 habebat
2985 2181 3160 2236 divino
3186 2182 3301 2236 sale
3326 2184 3614 2241 conditum.
3648 2184 3793 2240 Haec
3832 2184 4005 2241 Atha-

745 2299 955 2363 nasius,
985 2296 1081 2367 qui
1110 2291 1358 2349 eiusdem
1382 2286 1513 2342 alibi
1538 2283 1762 2341 Antonii
1784 2280 2131 2350 eloquentiae
2159 2279 2456 2349 specimina
2482 2276 2691 2348 profert
2724 2276 2977 2347 insignia,
3014 2276 3203 2348 longas
3234 2277 3428 2348 ipsius,
3463 2279 3630 2334 etiam
3669 2279 3739 2335 ad
3772 2280 4009 2351 gentiles

745 2386 1122 2459 phil050phos,
1156 2380 1437 2437 orationes
1472 2375 1729 2440 recitans,
1764 2373 1966 2443 quibus
2002 2371 2061 2425 in
2094 2370 2510 2424 admirationem
2550 2369 2629 2424 illi
2670 2378 3015 2440 raperentur.
3042 2369 3267 2425 Antonii
3304 2386 3522 2442 quoque
3552 2371 3855 2443 discipulus
3888 2372 4006 2428 Ia-

745 2485 928 2538 carius
952 2484 1313 2553 cognomento
1334 2471 1757 2536 Alexandrinus,
1788 2470 1893 2525 etsi
1916 2468 2085 2523 vitam
2112 2474 2169 2521 et
2192 2465 2309 2537 ipse
2352 2466 2412 2519 in
2440 2466 2660 2520 deserto
2686 2465 2905 2536 longam
2927 2464 3179 2530 duxerat,
3208 2474 3409 2531 tamen,
3448 2476 3512 2521 ut
3550 2466 3888 2524 Sowmenus
3920 2479 4004 2524 te-

745 2575 979 2647 statur(l
989 2575 1067 2647 '5),
1090 2586 1213 2628 eam
1234 2568 1488 2626 exhibuit
1514 2568 1570 2625 in
1589 2565 1905 2638 promiscuo
1922 2577 2047 2617 cum
2068 2561 2222 2616 illum
2250 2558 2581 2615 adeuntibus
2603 2575 2707 2613 usu
2733 2573 2947 2613 morum
2968 2567 3025 2614 et
3048 2574 3364 2615 sermonum
3389 2561 3737 2631 elegantiam,
3755 2573 3817 2617 ut
3840 2574 4005 2633 vulgo

743 2671 1220 2744 cognominaretur
1249 2666 1433 2732 ἀστός,
1459 2663 1567 2719 hoc
1592 2671 1679 2718 est
1716 2661 1950 2714 urbanus
1980 2667 2041 2714 et
2082 2656 2266 2712 civilis.
2299 2656 2486 2711 Talem
2534 2655 2610 2710 Te
2650 2656 2852 2725 passim
2890 2656 3231 2727 gratulantur
3270 2656 3628 2724 admirantes,
3656 2659 3748 2730 qui
3794 2677 3829 2715 θ
3867 2676 4004 2715 con-

742 2783 933 2841 gressu
963 2766 1083 2821 Tuo
1105 2763 1361 2827 redeunt,
1388 2760 1553 2816 simul
1591 2773 1623 2813 e
1650 2754 1945 2829 prudentia
1979 2753 2358 2817 consiliorum,
2398 2767 2431 2807 e
2458 2750 2727 2823 gravitate
2754 2750 3210 2818 admonitionum,
3233 2767 3265 2807 e
3303 2752 3699 2808 sententiarum
3737 2755 4007 2826 sapientia

743 2863 981 2915 fructum
1008 2856 1176 2912 animi
1205 2868 1527 2911 mansurum
1564 2852 1618 2907 in
1654 2852 1777 2905 sinu
1811 2855 2174 2919 reportantes.

816 2958 928 3012 Nec
952 2961 1143 3012 tenent
1168 2965 1246 3017 se,
1271 2949 1405 3021 quin
1436 2948 1493 3003 in
1521 2946 1712 3002 laudes
1746 2952 1933 3015 postea
1974 2949 2286 3011 erumpant.
2312 2938 2489 3005 Unde,
2517 2948 2579 2993 ut
2608 2937 2687 3003 fit,
2718 2938 2951 3009 gliscens
2978 2937 3142 3001 fama,
3172 2936 3391 3008 impleta
3417 2937 3657 3003 civitate,
3688 2938 3745 2993 in
3777 2940 4007 3008 provin-

749 3057 883 3109 ciam
920 3050 1192 3108 redundat
1222 3063 1290 3104 eo
1324 3044 1579 3116 strepitu,
1618 3042 1777 3098 cuius
1818 3039 2031 3095 sonitus
2058 3053 2128 3092 ne
2167 3037 2234 3091 ad
2276 3036 2353 3091 Te
2382 3036 2686 3106 perveniat,
2711 3035 2825 3089 ulla
2862 3034 3086 3089 claustri
3119 3048 3183 3089 ac
3218 3032 3534 3088 solitudinis
3569 3032 3791 3088 obstare
3819 3035 4005 3089 muni-

745 3155 927 3201 menta
948 3149 1171 3215 queant.
1203 3141 1323 3195 Non
1348 3138 1514 3209 igitur
1544 3135 1621 3189 Te
1649 3135 1809 3199 latet;
1842 3132 1937 3187 sed
1978 3145 2082 3185 nec
2125 3129 2202 3185 Te
2235 3128 2423 3192 laedit,
2474 3128 2580 3182 hoc
2608 3136 2711 3190 est,
2753 3125 3017 3181 humilem
3056 3124 3159 3180 Tui
3193 3139 3437 3191 sensum,
3471 3124 3568 3194 qui
3606 3140 3773 3181 verae
3798 3126 4005 3182 sancti-

742 3241 870 3297 tatis
894 3238 1390 3295 indubitatissimus
1418 3234 1705 3288 character
1733 3239 1838 3293 est,
1868 3229 1925 3283 in
1951 3228 2028 3283 Te
2064 3228 2176 3281 ulla
2206 3242 2274 3281 ex
2310 3235 2464 3295 parte
2494 3225 2695 3279 minuit
2732 3223 3012 3293 publicum
3041 3222 3189 3277 istud
3224 3222 3349 3277 Tibi
3381 3220 3742 3277 honoriﬁcum
3774 3239 4005 3293 praeco-

741 3334 916 3390 nium.
949 3330 1069 3397 Quo
1089 3329 1213 3401 plus
1247 3325 1522 3389 eveheris,
1547 3338 1614 3377 eo
1636 3322 1715 3377 Te
1741 3321 1903 3374 altius
1926 3319 2068 3390 apud
2093 3318 2168 3371 Te
2190 3333 2256 3372 co
2288 3316 2297 3387 |
2330 3332 2447 3370 ram
2474 3316 2585 3370 Deo
2616 3315 2901 3385 deprimis,
2926 3323 3114 3369 sancta
3139 3314 3252 3377 illa,
3290 3314 3632 3384 philosophis
3661 3314 3845 3386 ignota
3870 3331 4005 3386 gen-

742 3429 953 3493 tilibus,
978 3426 1144 3480 unius
1188 3422 1411 3494 propria
1455 3416 1845 3474 christianismi
1883 3415 2216 3479 humilitate,
2260 3428 2401 3483 quae
2433 3426 2703 3481 nusquam
2739 3411 2945 3465 eminet
2980 3410 3282 3480 probatior,
3325 3426 3489 3480 quam
3518 3412 3612 3466 ubi
3638 3412 3783 3467 inter
3812 3413 4004 3468 faven-

744 3521 985 3577 tissimos
1010 3515 1160 3586 vulgi
1186 3515 1411 3584 plausus
1435 3519 1492 3565 et
1515 3509 1690 3563 famae
1717 3506 2063 3560 buccinanlis
2089 3503 2265 3574 elogia
2291 3518 2489 3557 sonora
2521 3503 2699 3556 locum
2731 3500 3093 3555 nihilominus
3118 3514 3298 3564 suum,
3323 3498 3427 3554 hoc
3447 3509 3532 3554 est
3554 3500 3823 3565 inﬁmum,
3849 3518 4005 3558 mor-

742 3613 900 3667 dicus
926 3608 1145 3665 retinet.
1176 3603 1375 3674 Magna
1404 3608 1453 3655 et
1483 3615 1612 3654 rara
1645 3598 1832 3660 virtus,
1870 3605 1930 3650 ut
1969 3594 2200 3649 idoneus
2237 3592 2428 3647 talium
2462 3591 2651 3663 judex,
2675 3589 2920 3645 Tuorum
2956 3588 3235 3660 exemplar
3268 3589 3548 3657 decorum,
3588 3590 3645 3646 S.
3688 3591 4007 3649 Bernardus

741 3700 1091 3775 pronunciat,
1120 3694 1389 3751 humilitas
1419 3694 1677 3746 honorata
1705 3688 1838 3759 (14).

746 3784 754 3792 ’
815 3797 989 3851 Huius
1016 3792 1141 3848 Tibi
1170 3790 1484 3846 carissimae
1512 3784 1690 3856 pretio
1721 3783 1863 3837 dotis
1906 3778 2400 3836 commendandum
2450 3778 2594 3850 apud
2626 3778 2705 3834 Te
2742 3793 2905 3849 quem
2938 3776 3111 3832 oﬂ‘ero
3153 3778 3354 3833 librum
3397 3786 3642 3844 autumo,
3686 3779 3743 3835 in
3785 3782 4004 3838 cunctis

742 3892 856 3947 fere
885 3887 1093 3961 paginis
1121 3880 1609 3940 cbristianissimae
1656 3892 1721 3931 ac
1766 3872 2208 3945 religiosissimae
2247 3872 2473 3926 virtutis
2512 3870 2676 3926 huius
2710 3869 2963 3927 encomia
3003 3870 3312 3936 ambitiose,
3343 3886 3515 3940 paene
3555 3871 3811 3937 dixerim,
3835 3889 3999 3944 pero-

743 3994 974 4043 tantem.

812 4083 925 4138 Nec
951 4080 1153 4143 minus,
1191 4089 1373 4147 spero,
1402 4070 1643 4143 placebit
1670 4067 1868 4123 ascetis
1892 4067 2011 4121 istis
2037 4064 2367 4121 venerandis
2403 4073 2460 4119 et
2498 4064 2692 4119 domus
2736 4064 2828 4118 hic
2860 4062 3027 4117 huius
3052 4063 3202 4118 Tuae
3238 4072 3295 4118 et
3335 4064 3577 4117 universi
3616 4062 3746 4118 alibi
3781 4063 3995 4135 uspiam

745 4178 887 4234 sacri
910 4175 1079 4229 vestri
1107 4170 1341 4227 ordinis.
1369 4167 1584 4224 Iuvabit
1616 4165 1763 4236 ipsos
1792 4164 1903 4217 illic
1931 4160 2343 4225 abstinentiam,
2366 4175 2532 4231 quam
2562 4160 2693 4215 orbe
2718 4160 3138 4230 obstupescente
3177 4159 3315 4213 mire
3350 4159 3666 4212 continuam
3705 4165 3995 4225 exercent;

742 4268 1021 4323 silentium
1053 4274 1358 4326 aeternum,
1384 4259 1684 4314 coelituum
1720 4256 1977 4324 alloquiis
2001 4253 2471 4309 confabulationes
2496 4252 2779 4307 hominum
2808 4252 3211 4322 permutatione
3248 4258 3575 4319 quaestuosa
3605 4264 3993 4319 compensans;

743 4359 1163 4430 abnegationem
1193 4352 1562 4423 evangelicam
1593 4349 1700 4413 sui,
1740 4347 2141 4402 abdicationem
2169 4356 2535 4409 terrenorum,
2564 4345 2948 4399 adhaesionem
2973 4344 3085 4399 Deo
3116 4358 3281 4414 super
3308 4342 3489 4397 omnia
3520 4342 3846 4397 indivulsam
3871 4343 3995 4413 glu-

744 4459 861 4511 tino
884 4468 1165 4524 nunquam
1183 4450 1525 4506 intermissae
1551 4447 1700 4501 iuxta
1723 4444 2097 4515 suggestiones
2122 4441 2445 4511 apostolicas
2464 4441 2573 4513 (15)
2596 4440 2880 4505 orationis,
2908 4447 3257 4509 caeterasque
3279 4436 3714 4507 religiosissimas
3738 4434 3997 4489 observa-

744 4553 922 4607 tiones
954 4549 1159 4618 ubique
1186 4544 1572 4617 praescriptas,
1597 4539 1957 4612 praedicatas,
1986 4538 2295 4609 praeceptis
2323 4539 2530 4609 pariter
2565 4546 2623 4593 et
2662 4536 2925 4608 exemplis
2952 4533 3378 4599 commendatas,
3406 4532 3724 4588 informatas
3764 4530 3992 4586 intueri.

743 4645 879 4700 Suas
900 4658 1127 4713 prorsus
1148 4641 1391 4711 ipsorum
1410 4639 1465 4691 in
1486 4637 1590 4691 hoc
1608 4634 1764 4706 quasi
1782 4634 2006 4705 speculo
2032 4632 2235 4687 formas
2256 4634 2547 4705 aspicient,
2563 4642 2619 4688 et
2635 4648 2773 4703 quae
2797 4631 3050 4686 instituto
3073 4630 3281 4685 dudum
3303 4638 3486 4684 vestro
3508 4626 3812 4682 domestico
3834 4642 3996 4681 usur-

741 4744 893 4806 pant,
923 4734 1105 4798 dictis,
1130 4732 1287 4797 actis,
1314 4730 1528 4800 legibus
1548 4728 2057 4798 antiquissimorum
2085 4725 2361 4783 Ecclesiae
2400 4728 2624 4783 Patrum
2651 4727 2765 4797 jam
2801 4724 2932 4781 olim
2969 4724 3207 4779 exercita
3232 4721 3692 4795 comprobataque
3723 4734 3992 4791 recogno-

742 4835 897 4881 scent
916 4826 1217 4895 voluptate,
1246 4830 1510 4891 quantum
1538 4834 1796 4891 auguror,
1822 4835 1931 4873 non
1958 4835 2146 4889 parva.
2175 4819 2345 4875 Cuius
2371 4819 2427 4873 in
2450 4818 2787 4891 suggerenda
2809 4833 2910 4889 per
2934 4818 3074 4875 hanc
3099 4817 3394 4873 editionem
3424 4816 3708 4871 occasione
3735 4830 3799 4870 ac
3823 4814 3993 4869 facul-

743 4930 875 4985 tate,
904 4919 951 4974 si
983 4933 1148 4988 quam
1174 4916 1308 4971 mihi
1336 4915 1675 4984 contingeret
1702 4929 1734 4967 a
1755 4912 1832 4968 Te
1864 4922 1919 4967 et
1944 4913 2053 4969 illis
2076 4914 2217 4969 inire
2241 4913 2491 4985 gratiam,
2523 4912 2739 4967 abunde
2763 4912 2940 4981 ampla
2964 4912 3041 4967 illi
3069 4926 3279 4967 merces
3318 4909 3734 4981 rependeretur,
3760 4907 3854 4963 ubi
3892 4923 3992 4977 per

741 5016 967 5069 Vestrae
992 5008 1386 5081 indulgentiam
1410 5006 1658 5061 caritatis
1698 5005 2114 5076 participatione
2142 5005 2377 5075 quadam
2416 5004 2737 5060 meritorum
2773 5005 3265 5075 sull‘ragiorumque
3292 5002 3609 5058 Vestrorum
3648 5016 3988 5072 aspergerer.

740 5106 919 5173 Quod,
945 5104 1178 5159 multum
1206 5103 1274 5157 iis
1304 5101 1574 5171 indigens,
1600 5099 1732 5154 licet
1769 5114 1880 5154 non
1923 5099 2107 5154 minus
2152 5100 2480 5167 immeritus,
2516 5110 2645 5171 opto
2671 5108 2728 5155 et
2751 5115 2944 5166 voveo,
2970 5099 3302 5155 faustissima
3340 5097 3509 5154 Vobis
3545 5098 3727 5153 omnia
3759 5111 3991 5168 precans

739 5211 795 5254 et
818 5211 1113 5269 augurans.
1138 5196 1288 5261 Vale,
1320 5194 1632 5249 venerabilis
1677 5202 1849 5265 pater,
1890 5204 1947 5249 et
1988 5194 2093 5250 hoc
2135 5196 2535 5267 qualecumque
2574 5196 2902 5267 obsequium
2924 5212 2993 5251 ne
3019 5197 3260 5268 graveris
3299 5194 3589 5250 admittere
3629 5192 3989 5249 addictissimi

740 5293 865 5349 Tibi
910 5302 965 5349 et
1010 5293 1272 5348 universo
1317 5300 1505 5347 vestro
1546 5289 1893 5345 sanctissimo
1937 5291 2120 5346 ordini
2176 5291 2517 5349 devotissimi
2564 5292 2801 5349 clientis.
2857 5291 3177 5349 Scribebam
3231 5290 3461 5345 Tolosae
3510 5286 3629 5343 XVI
3678 5287 3794 5344 Kal.
3833 5287 3985 5359 Sept.

734 5387 803 5445 Α.
847 5368 1324 5445 malachx’xn.

2254 5548 2499 5605 NOTAE.

814 5662 925 5735 (to)
954 5665 1074 5735 Act.
1111 5662 1396 5735 uinea.
1432 5663 1594 5721 xxv.
1619 5663 1807 5720 xxv1.
1837 5663 1977 5729 xm,
2006 5665 2059 5717 7.
2100 5663 2235 5718 xvr.
2492 5666 2605 5735 (ιδ)
2643 5667 2858 5720 Sozom.
2902 5665 3041 5719 Hist.
3085 5663 3362 5735 Ecchlib.
3404 5663 3471 5717 m
3508 5678 3627 5735 cap.
3654 5662 3741 5720 l3.

815 5668 928 5876 (ιοξ
956 5668 1074 5718 Act.
1111 5668 1390 5723 “11.22.
1432 5668 1807 5721 xxv.xxv1.
1838 5668 1977 5729 xm,
2006 5668 2059 5717 7.
2100 5668 2235 5718 xvr.
2492 5672 2503 5732 4

815 5734 897 5797 (H
954 5734 997 5787 ιι
1025 5733 1151 5787 Cor.
1188 5733 1304 5797 xu,
1338 5733 1421 5788 16.
2493 5744 2503 5799 ε

816 5804 907 5875 (12
959 5803 1133 5859 lCor.
1166 5803 1255 5868 1v,
1294 5804 1344 5858 6.
2493 5814 2503 5875 φ

2155 5668 2235 5717 VI.
2520 5668 2605 5796 -Ιδζ
2643 5668 2858 5720 Sozom.
2902 5668 3041 5745 Hist.
3085 5668 3230 5719 Eccl.
3266 5668 3362 5718 lib.
3406 5668 3471 5717 Ill
3508 5678 3627 5747 cap.
3654 5668 3741 5720 l3.

2492 5668 2604 5877 ἐξ)
2638 5735 3189 5873 ﬁgis-garvdigbm.
3226 5734 3295 5789 Ν
3332 5749 3500 5803 super
3523 5733 3710 5789 lassus
3749 5739 3843 5789 est.

816 5802 928 5876 (ιε)
959 5803 980 5858 1
1009 5804 1133 5859 Cor.
1166 5803 1255 5868 1v,
1294 5804 1344 5858 6.
2493 5813 2504 5876 4

2493 5802 2604 5877 (15)
2638 5806 2658 5861 ι
2688 5806 2879 5862 Thess.
2908 5805 3084 5873 v.17.
