4274 6358
264 390 373 446 δῖο

1244 386 1340 447 AD
1373 386 1736 448 OPUSCULA
1767 388 1825 448 S.
1864 387 2149 447 MACARII
2184 388 2524 447 AEGYPTII.

912 559 1341 653 PETRI
1444 561 2020 657 POSSINI

2126 567 2834 663 SOC.JESU

1043 731 1126 794 IN
1166 732 1639 796 THESAURUM
1679 734 2098 799 ASCETICUM
2138 738 2702 802 PROLEGOMENA

340 1026 352 1094 |
380 1022 422 1079 l.
441 1021 740 1081 Duodecim
754 1039 1077 1097 graecorum
1093 1026 1316 1084 Patrum
1339 1039 1587 1085 veterum
1614 1029 1836 1086 octode-
1866 1038 1911 1095 Α
1941 1026 2103 1084 cuius
2134 1025 2325 1083 intima
2343 1028 2498 1084 notio
2516 1043 2643 1085 cum
2680 1028 2826 1086 tituli
2856 1028 2985 1086 huic
3007 1028 3317 1086 collectioni
3346 1046 3504 1101 prae-

251 1117 365 1175 cim
393 1117 693 1187 Opuscula,
723 1134 1021 1191 numquam
1049 1119 1317 1178 hactenus
1345 1123 1431 1178 vel
1461 1137 1654 1194 graece
1682 1122 1831 1179 edita

252 1210 341 1267 vel
361 1211 531 1267 latine
551 1211 783 1277 reddita,
804 1222 1037 1284 utraque
1066 1213 1230 1270 simul
1248 1214 1496 1286 exposita
1520 1214 1705 1287 lingua
1724 1216 1830 1272 hoc

253 1304 483 1361 collecta
499 1315 837 1377 syntagmate
856 1307 977 1370 tibi,
999 1307 1180 1375 lector,
1197 1308 1437 1365 oderens
1472 1321 1592 1374 oro,
1622 1319 1682 1365 ut
1697 1309 1830 1364 dum

252 1396 323 1451 de
351 1394 423 1451 iis
448 1405 506 1452 et
539 1411 733 1452 eorum
772 1397 1093 1454 auctoribus
1126 1413 1357 1468 meaque
1388 1398 1444 1453 in
1477 1398 1587 1454 illis
1618 1398 1828 1453 exscri-

253 1485 454 1542 bendis
497 1496 555 1542 et
591 1485 1018 1557 interpretandis
1051 1504 1215 1559 opera
1260 1490 1549 1559 quaedam,
1588 1506 1728 1559 quae
1774 1500 1829 1544 te

252 1594 417 1634 nosse
449 1578 675 1649 juverit,
705 1594 942 1650 expono,
968 1595 1039 1636 ne
1078 1580 1303 1636 brevem
1339 1580 1686 1635 commodare
1726 1594 1827 1633 au-

251 1671 520 1725 dientiam
548 1687 797 1743 gravere.

322 1763 555 1818 Multum
588 1773 647 1819 et
684 1764 847 1820 dulce
866 1778 897 1819 a
915 1764 1094 1834 prima
1117 1764 1255 1820 mihi
1282 1764 1568 1821 inventute
1584 1764 1829 1821 studium

251 1856 359 1913 fuit
378 1857 745 1913 bibliothecas
772 1866 989 1914 veteres
1006 1856 1298 1925 lustrandi,
1312 1873 1561 1929 quaeque
1580 1858 1637 1912 in
1657 1857 1725 1913 iis
1745 1858 1830 1911 in-

248 1949 425 2014 edita,
446 1949 773 2019 praesertim
790 1965 1005 2021 graeca,
1030 1959 1383 2006 servarentur
1400 1949 1829 2020 abelegantibus

249 2041 385 2094 olim
431 2039 669 2111 ingeniis
701 2041 1026 2111 composita,
1056 2057 1165 2096 non
1214 2040 1578 2113 cognoscendi
1624 2040 1823 2105 solum,

248 2131 400 2201 quod
433 2132 731 2189 insatiabili
768 2133 1049 2203 voluptate
1093 2132 1380 2198 faciebam,
1415 2131 1512 2187 sed
1545 2132 1729 2195 etiam,
1767 2130 1827 2185 in

248 2237 361 2291 quo
378 2220 709 2277 vincendum
720 2236 881 2293 saepe
901 2221 1139 2277 taedium
1151 2222 1462 2278 aerumnosi
1481 2221 1683 2276 laboris
1699 2220 1823 2286 fuit,

248 2313 411 2383 longa
430 2312 780 2369 describendi
801 2313 1064 2385 patientia
1087 2314 1143 2368 in
1164 2314 1353 2370 literas
1386 2313 1534 2370 lectu
1552 2311 1826 2369 faciliores

249 2419 317 2458 ex
346 2404 660 2476 archetypis
674 2420 810 2460 aevo
833 2406 939 2460 iam
962 2405 1417 2461 evanescentibus
1441 2403 1825 2469 transferendi,
1860 2395 1901 2449 Β

251 2496 296 2550 si
314 2512 504 2566 quaex
529 2496 618 2551 his
639 2497 871 2553 aliorum
898 2507 993 2553 aut
1018 2512 1143 2551 meo
1173 2498 1298 2552 usui
1339 2498 1613 2567 quondam
1643 2496 1830 2567 profu-

255 2597 376 2643 tura
397 2598 772 2658 sperarentur.
793 2589 853 2643 In
872 2604 981 2659 quo
994 2589 1252 2659 equidem
1270 2604 1303 2643 a
1320 2588 1475 2645 nullo
1495 2588 1829 2658 scriptorum

252 2680 615 2736 laudabilium
644 2680 909 2737 abhorrui
934 2697 1157 2754 genere,
1184 2680 1374 2752 utique
1410 2680 1506 2752 qui
1542 2680 1829 2734 rhetorum

252 2775 423 2832 etiam
451 2785 509 2832 et
529 2787 817 2847 poetarum
845 2776 1167 2831 nonnullam
1192 2776 1275 2832 sic
1312 2774 1685 2846 congesserim
1713 2772 1826 2827 far-

254 2866 521 2937 raginem,
552 2866 846 2923 historicos
868 2881 1003 2923 vero
1032 2867 1298 2939 quosdam
1325 2866 1623 2932 ediderim;
1654 2864 1829 2920 fateor

256 2964 463 3021 tamen,
510 2956 759 3027 proniori
799 2972 888 3013 me
919 2957 1123 3014 affectu
1165 2957 1484 3015 incubuisse
1516 2956 1585 3013 ad
1625 2956 1829 3027 scripta

254 3049 479 3105 Patrum
505 3063 573 3104 ac
590 3048 975 3121 Magistrorum
1006 3048 1287 3105 Ecclesiae
1319 3048 1625 3120 priscorum
1646 3048 1831 3103 adhuc

251 3137 483 3191 latentia
502 3152 535 3193 e
566 3138 793 3207 pulvere
822 3139 1135 3209 pluteorum
1166 3138 1433 3203 eruenda,
1459 3154 1558 3194 seu
1588 3153 1730 3209 quae
1758 3137 1829 3193 ad

253 3228 531 3284 librorum
585 3230 978 3286 canonicorum
1004 3230 1404 3302 expositionem
1429 3239 1701 3300 spectant,
1729 3244 1829 3285 seu

250 3322 527 3377 culturam
548 3336 765 3377 morum
796 3322 1189 3394 religionisque
1228 3321 1577 3393 disciplinam
1606 3336 1674 3377 ex
1701 3336 1829 3391 pro—

160 3454 165 3457 .
251 3412 399 3466 fesso
428 3413 733 3469 tractantia.
783 3413 991 3474 Prioris
1042 3414 1351 3485 argumenti
1406 3412 1674 3483 quaedam
1718 3412 1828 3467 luci

250 3503 405 3568 dedi,
434 3504 589 3574 plura
616 3502 674 3558 in
697 3503 917 3559 scriniis
948 3503 1143 3558 habeo.
1182 3502 1324 3558 Sunt
1350 3502 1497 3557 enim
1522 3517 1689 3571 penes
1717 3517 1825 3566 me,

252 3596 398 3651 ultra
433 3596 641 3652 dudum
668 3597 824 3651 datas
844 3597 1067 3651 Patrum
1107 3594 1380 3668 symbolas
1410 3594 1467 3649 in
1499 3594 1829 3649 Matthaeum

250 3699 309 3741 ct
336 3687 597 3753 Marcum,
628 3688 1008 3758 supplementa
1031 3697 1089 3743 et
1126 3687 1368 3744 auctaria
1402 3686 1636 3756 insignia
1664 3686 1826 3741 Cate-

254 3794 448 3832 narum
482 3778 755 3835 editarum
783 3779 841 3834 in
872 3779 1077 3836 Lucam
1103 3795 1170 3835 ac
1191 3780 1455 3836 Joannem
1474 3788 1529 3834 et
1565 3780 1623 3833 in
1650 3778 1828 3834 Cene-

250 3870 357 3924 sim
379 3887 394 3935 ;
416 3869 653 3926 Catenae
671 3870 805 3927 item
822 3871 1068 3943 integrae
1100 3871 1508 3942 cepiosissimae
1527 3871 1584 3926 in
1610 3871 1825 3937 Isaiam,

251 3960 621 4025 Ezechielem,
666 3961 981 4029 Danielem;
1034 3962 1244 4017 scholia
1285 3962 1493 4033 pariter
1531 3978 1725 4034 graeca
1771 3962 1829 4018 in

254 4053 553 4124 prophetas
594 4068 840 4109 minores
883 4054 1215 4120 duodecim;
1267 4062 1565 4125 perpetuus
1605 4054 1829 4124 insuper

250 4144 695 4201 Commentarius
733 4144 894 4199 libris
938 4143 1231 4201 duodecim
1274 4159 1550 4215 expansus
1587 4142 1643 4199 S.
1694 4143 1828 4200 Gre-

253 4236 395 4309 gorii
444 4238 691 4308 episcopi
727 4236 1068 4309 Agrigentini
1116 4236 1174 4291 in
1217 4236 1607 4302 Ecclesiasten,
1661 4251 1826 4307 quem

252 4329 477 4385 erudito
504 4330 693 4384 iuveni
725 4330 915 4385 loanni
936 4329 1232 4385 Francisco
1252 4328 1321 4383 de
1344 4328 1554 4384 Rubeis
1580 4331 1827 4385 Romano

252 4420 525 4475 latinitate
552 4435 617 4475 ac
656 4419 778 4476 luce
809 4419 1124 4477 donandum
1184 4420 1194 4491 |
1225 4420 1422 4492 reliqui
1451 4421 1623 4476 Roma
1642 4422 1825 4478 disce-

251 4507 392 4563 dens
428 4522 574 4562 anno
594 4508 868 4578 superiori
893 4508 1025 4564 1681
1053 4526 1070 4577 ;
1096 4508 1334 4581 denique
1370 4511 1831 4581 complementum

251 4600 440 4671 operis
487 4600 804 4671 imperfecte
840 4601 976 4658 editi
1001 4601 1057 4658 S.
1082 4602 1331 4675 Gregorii
1358 4603 1589 4675 Nysseni
1609 4604 1666 4659 in
1688 4620 1830 4660 eun-

251 4692 379 4747 dem
407 4690 796 4758 Ecclesiasten,
826 4702 951 4763 post
973 4703 1119 4761 octo,
1141 4709 1282 4765 quae
1308 4703 1542 4761 exstant,
1579 4696 1833 4753 homilias

250 4784 655 4855 expositionem
680 4784 1050 4855 perducentes
1075 4786 1145 4841 ad
1171 4786 1392 4843 tertium
1411 4788 1695 4853 duntaxat,
1730 4804 1834 4845 nec

1930 1119 2024 1175 ﬁxi
2068 1118 2430 1190 intelligentia
2476 1129 2535 1176 et
2575 1120 2835 1178 universo
2873 1131 3195 1192 argumento
3236 1121 3503 1177 librorum

1930 1211 2037 1269 hoc
2075 1221 2314 1284 systema
2363 1212 2725 1269 conflantium
2777 1212 3055 1285 implicata
3083 1222 3187 1279 est,
3221 1212 3426 1279 lucide,
3456 1213 3505 1269 si

1929 1320 2172 1375 possum,
2196 1304 2563 1377 distincteque
2594 1306 2929 1362 declarandi.
2952 1304 3224 1363 Graecum
3252 1305 3505 1371 verbum,

1929 1397 2018 1452 cui
2054 1397 2223 1453 latina
2245 1413 2484 1452 exercere
2504 1406 2568 1453 ac
2600 1398 2845 1452 meditari
2881 1397 3250 1469 respondent,
3290 1396 3398 1451 iam
3436 1396 3507 1451 ab

1927 1504 2063 1545 aevo
2078 1489 2384 1559 priscorum
2402 1489 2703 1545 Atticorum
2739 1504 2850 1544 non
2881 1489 2950 1544 ad
2988 1488 3231 1545 cuiusvis
3259 1488 3507 1543 exercitii

1928 1579 2381 1650 signiﬁcationem
2412 1582 2745 1651 applicatum
2780 1591 2885 1647 est,
2906 1581 3005 1637 Sed
3027 1590 3345 1637 constanter
3364 1592 3421 1637 et
3441 1597 3509 1636 ex

1928 1673 2175 1743 professo
2234 1673 2417 1729 iterati
2467 1673 2533 1728 ad
2591 1685 2803 1730 certum
2839 1675 3011 1730 ﬁnem
3048 1673 3372 1745 perﬁciendi
3419 1674 3508 1728 vel

1927 1765 2175 1833 corporis
2215 1766 2302 1820 vel
2366 1766 2557 1821 animi.
2580 1766 2717 1821 Nam
2769 1776 2826 1823 et
2871 1767 3065 1822 militia
3102 1775 3159 1821 et
3210 1766 3505 1836 pugilatus,

1926 1870 2142 1921 cursus,
2166 1858 2313 1912 lucta
2338 1857 2616 1927 ceterique
2634 1867 2928 1929 agones,et
2946 1857 3185 1921 venatio,
3206 1865 3263 1912 et
3289 1864 3506 1921 cantus,

1926 1959 1984 2004 et
2002 1949 2260 2003 tibiarum
2280 1964 2345 2004 ac
2362 1948 2553 2003 ﬁdium
2574 1948 2831 2014 melodia,
2853 1948 3170 2017 similesque
3190 1956 3286 2002 aut
3308 1946 3508 2004 iucun-

1927 2041 2028 2096 dae
2057 2052 2153 2095 aut
2178 2040 2341 2096 utiles
2378 2041 2614 2111 ideoque
2651 2041 2708 2095 in
2728 2040 2906 2111 pretio
2942 2040 3162 2094 habitae
3191 2048 3359 2103 artes,
3381 2053 3511 2093 suas

1926 2135 2133 2190 habent
2142 2133 2339 2203 cuique
2360 2132 2798 2188 accommodatas
2817 2146 3037 2195 asceses,
3060 2130 3435 2183 meditamenta
3453 2139 3510 2184 et

1925 2228 2475 2299 praeexercitationes,
2499 2226 2701 2295 quibus
2736 2224 2804 2279 ad
2824 2240 2916 2281 eas
2952 2224 3241 2279 initientur
3262 2222 3357 2293 qui
3394 2222 3510 2277 cla-

1928 2332 2149 2375 rescere
2168 2326 2265 2373 aut
2283 2318 2435 2373 beari
2454 2334 2554 2387 per
2572 2318 2695 2372 illas
2712 2324 2954 2387 sperant.
2976 2316 3306 2384 Plerumque
3327 2322 3511 2369 tamen

1928 2411 2241 2482 philosophi
2278 2418 2495 2465 veteres
2515 2408 2583 2464 ad
2600 2409 2807 2464 mentis
2826 2408 3095 2463 culturam
3130 2407 3511 2475 virtutumque

1927 2505 2160 2576 praxim,
2198 2516 2300 2575 per
2336 2517 2473 2573 quas
2510 2504 2676 2557 homo
2713 2501 2782 2557 ad
2815 2500 3135 2557 felicitatem
3172 2499 3508 2569 disponitur,

1930 2610 2161 2652 asceseos
2181 2596 2604 2667 appellationem
2624 2594 2971 2664 adaptarunt.
2994 2592 3146 2660 Quos
3160 2591 3357 2647 imitati
3378 2605 3514 2646 una-

1927 2689 2065 2744 nimi
2100 2703 2371 2744 consensu
2410 2688 2517 2743 iam
2538 2703 2569 2743 a
2586 2686 2784 2758 primis
2814 2686 2952 2757 legis
2970 2698 3143 2744 novae
3164 2683 3396 2739 saeculis
3414 2698 3509 2738 ec—

1928 2780 2224 2837 clesiastici
2253 2780 2557 2849 scriptores
2594 2780 2798 2834 ascesin
2818 2793 2930 2833 non
2974 2777 3089 2832 fere
3140 2777 3302 2831 aliam
3346 2791 3513 2845 agno-

1930 2883 2092 2932 scunt
2108 2884 2165 2929 et
2202 2873 2545 2945 praedicant,
2566 2887 2732 2943 quam
2750 2887 2889 2943 quae
2912 2870 2980 2927 ab
3002 2870 3134 2940 ipsis
3150 2868 3512 2940 distinguitur

1932 2969 2192 3024 adiuncto
2220 2967 2440 3037 pietatis
2467 2977 2530 3023 ac
2577 2966 2857 3037 religionis
2878 3006 2892 3029 ,
2918 2980 3054 3034 quae
3079 2965 3316 3018 animam
3345 2962 3514 3032 pascit

1933 3058 2121 3112 divinis
2151 3057 2383 3111 sensibus
2402 3074 2421 3112 :
2446 3056 2614 3110 verba
2660 3062 2792 3111 sunt
2820 3054 3005 3109 Basilii
3038 3053 3236 3124 Magni,
3272 3052 3511 3120 scripto-

1932 3165 2054 3203 rum
2092 3148 2453 3204 asceticorum
2491 3148 2653 3204 facile
2698 3146 2981 3217 principis,
3016 3145 3073 3200 in
3110 3145 3256 3200 libro
3286 3144 3363 3198 De
3389 3143 3503 3199 vita

1929 3241 2191 3297 solitaria.
2220 3240 2454 3295 Addicta
2484 3240 2651 3311 igitur
2686 3252 2787 3294 usu
2819 3238 2927 3292 iam
2962 3237 3094 3293 olim
3139 3234 3512 3292 ecclesiastico

1927 3341 2012 3387 est
2063 3334 2251 3387 ascesis
2300 3347 2495 3402 graeca
2541 3347 2647 3386 vox
2711 3330 3036 3385 indicandae
3087 3329 3242 3399 praxi
3291 3338 3512 3383 actuum

1930 3425 2274 3480 internorum
2323 3424 2595 3478 humanae
2634 3424 2835 3477 mentis
2862 3430 2918 3477 et
2944 3420 3244 3476 voluntatis
3273 3420 3386 3475 Deo
3412 3435 3517 3475 co-

1929 3514 2094 3571 lendo
2112 3525 2169 3570 et
2197 3514 2302 3570 sibi
2324 3514 2695 3585 perﬁciendis,
2716 3527 2933 3582 semper
2951 3511 3176 3582 quidem
3196 3520 3254 3565 et
3286 3512 3511 3580 ubique,

1930 3606 2028 3662 sed
2068 3607 2125 3661 in
2175 3622 2398 3663 secessu
2456 3608 2787 3677 praesertim
2834 3619 2902 3660 ac
2945 3602 3268 3668 solitudine,
3319 3610 3415 3656 aut
3456 3601 3515 3655 in

1933 3700 2188 3753 convictu
2230 3704 2289 3752 et
2336 3697 2702 3752 contubernio
2749 3696 2898 3751 idem
2949 3709 3018 3750 ex
3048 3694 3303 3752 instituto
3335 3693 3515 3747 medi-

1936 3790 2105 3846 tantis
2142 3788 2449 3843 sodalitatis
2469 3785 2895 3841 attendentium.

1986 3880 2073 3934 ΙΙΙ.
2086 3879 2384 3934 Character
2394 3876 2671 3933 Ecclesiae
2686 3874 2894 3931 Christi
2908 3880 3014 3940 est,
3024 3873 3297 3928 honorare
3306 3883 3512 3925 numen

1928 3982 2039 4025 non
2068 3968 2229 4023 labiis
2255 3968 2431 4022 solum
2470 3975 2566 4021 aut
2612 3964 2969 4035 usurpatione
3004 3960 3250 4018 sensibili
3282 3961 3510 4025 rituum,

1929 4062 2075 4133 quod
2089 4060 2325 4115 faciebat
2342 4059 2642 4129 Synagoga,
2656 4056 2752 4111 sed
2765 4053 3045 4126 conceptis
3056 4053 3248 4108 intime
3262 4050 3515 4106 sensibus

1930 4154 2329 4223 aﬂ'ectibusque
2357 4151 2540 4207 devoti
2583 4149 2806 4219 penitus
2837 4146 3026 4202 animi.
3070 4145 3185 4200 Hoc
3218 4144 3514 4199 discrimen

1933 4245 2186 4302 Christus
2199 4242 2459 4313 exprimit
2486 4242 2575 4295 his
2595 4240 2781 4295 verbis
2808 4237 3203 4294 Samaritanam
3234 4236 3518 4305 alloquens

1934 4337 2091 4393 Joan.
2132 4336 2236 4391 IV:
2270 4334 2487 4398 Mulier,
2518 4334 2662 4386 venit
2690 4334 2845 4395 hora,
2885 4337 2936 4383 et
2978 4345 3119 4383 nunc
3164 4336 3261 4392 est,
3304 4325 3516 4396 quando

1932 4431 2041 4486 veri
2063 4428 2369 4482 adoratores
2412 4424 2711 4480 adorabunt
2739 4422 2958 4477 Patrem
2986 4424 3043 4476 in
3066 4421 3258 4491 spiritu
3295 4427 3345 4472 et
3376 4419 3515 4472 veri-

1931 4532 2060 4579 tate.
2085 4522 2364 4577 Summam
2386 4517 2492 4574 sibi
2521 4514 2802 4586 religionis
2823 4523 2983 4570 vetus
3002 4513 3329 4568 Iudaeorum
3367 4508 3518 4565 natio

1929 4615 2171 4686 ponebat
2199 4613 2256 4667 in
2278 4610 2544 4681 speciosis
2576 4606 2900 4664 cerimoniis
2925 4612 2983 4661 et
3004 4604 3239 4675 pompis,
3268 4603 3517 4672 qualium

1929 4702 2397 4759 ostendendarum
2443 4698 2746 4770 professam
2803 4703 2860 4750 et
2903 4704 3292 4765 quaestuosam
3341 4703 3516 4746 artem

1932 4794 2157 4850 Scribae
2225 4793 2549 4863 praesertim
2596 4788 2992 4857 Pharisaeique
3042 4785 3382 4841 factitabant.
3446 4786 3520 4841 lis

252 4876 437 4945 ipsum
468 4884 645 4930 ιοῑυῐιι
678 4875 820 4930 sacri
864 4876 985 4930 eius
1014 4877 1143 4930 libri
1171 4887 1357 4947 caput.
1396 4878 1671 4949 reliquum
1700 4879 1828 4934 uni-
1863 4921 1905 4975 Ι)
1934 4886 2429 4957 quomodocunque
2462 4882 2638 4936 functi
2681 4879 2957 4951 perfectos
2991 4894 3051 4934 se
3083 4877 3517 4940 arbitrabantur,

251 4984 476 5027 versum
514 4968 693 5023 Patris
730 4968 980 5024 eiusdem
1008 4968 1357 5025 disertissimi
1384 4986 1557 5040 usque
1588 4970 1657 5025 ad
1709 4987 1832 5026 ver-

251 5075 378 5115 sum
408 5060 662 5115 ultimum
707 5058 970 5129 postremi
993 5059 1302 5115 duodecimi
1340 5060 1535 5131 capitis
1558 5076 1833 5115 commen-

255 5154 457 5209 tarium
478 5152 763 5207 exhibens.

324 5247 391 5301 ll.
430 5243 693 5301 Conﬁteri
733 5254 917 5300 tamen
937 5243 1134 5309 debeo,
1155 5242 1486 5299 delectatum
1505 5259 1592 5299 me
1612 5243 1833 5314 potissi-

251 5352 406 5392 mum
464 5350 699 5391 occursu
741 5349 973 5406 operum
1001 5336 1072 5390 ab
1092 5335 1335 5406 antiquis
1364 5336 1544 5407 magni
1593 5336 1832 5391 nominis

253 5428 512 5486 Patribus
531 5429 861 5499 scriptorum
882 5427 951 5482 de
973 5428 1222 5484 interiori
1245 5429 1525 5498 religionis
1544 5428 1831 5499 disciplina

253 5537 421 5592 quam
466 5521 679 5578 ascesin
722 5530 941 5586 vocant,
964 5536 1162 5592 graeco
1203 5522 1469 5577 vocabulo
1492 5523 1825 5575 exercitatio-

255 5632 377 5667 nem
408 5614 579 5669 latine
611 5625 861 5680 sonante,
903 5616 999 5671 sed
1028 5616 1150 5685 plus
1181 5616 1459 5685 quippiam
1487 5616 1827 5686 signiﬁcante

254 5719 422 5773 quam
442 5704 621 5775 primo
637 5704 760 5760 eius
779 5705 930 5761 vocis
947 5705 1141 5761 auditu
1167 5706 1338 5761 menti
1367 5706 1681 5761 subiicitur.
1707 5706 1828 5773 Quo

256 5797 467 5869 injungi
486 5796 619 5855 mihi
640 5796 875 5855 ofﬁcium
904 5798 1104 5866 sentio,
1132 5814 1245 5854 rem
1268 5800 1437 5869 ipsam
1468 5800 1609 5855 hanc
1638 5808 1827 5863 totam,

1936 4978 2118 5035 securi
2177 4978 2477 5032 celatorum
2537 4974 2689 5028 intus
2736 4974 2986 5027 ulcerum
3040 4985 3167 5025 reae
3212 4968 3411 5024 mentis
3464 4976 3521 5022 et

1939 5070 2361 5125 criminosorum
2390 5066 2688 5121 affectuum
2707 5062 2979 5120 consciae.
3002 5061 3159 5129 Quod
3180 5060 3521 5130 exprobrans

1932 5163 2043 5217 illis
2101 5161 2356 5217 Christus
2414 5159 2493 5214 ait
2534 5158 2726 5213 Matth.
2774 5155 2969 5220 XXIII,
3014 5154 3119 5209 95:
3186 5152 3292 5207 Vae
3337 5153 3519 5215 vobis,

1928 5254 2146 5310 Scribae
2177 5262 2225 5308 et
2253 5244 2554 5316 Pharisaei,
2581 5250 2708 5320 quia
2740 5247 3009 5303 mundatis
3044 5244 3183 5314 quod
3220 5244 3415 5313 deforis
3444 5250 3522 5296 est

1928 5348 2107 5401 colicis
2136 5355 2184 5399 et
2215 5344 2532 5415 paropsidis,
2568 5342 2576 5413 |
2609 5343 2752 5395 intus
2781 5347 2959 5393 autem
2996 5337 3139 5409 pleni
3174 5338 3294 5389 estis
3325 5336 3518 5405 rapina

1928 5446 1977 5489 et
2008 5434 2411 5489 immunditia...
2464 5430 2660 5486 similes
2715 5428 3003 5501 sepulchris
3060 5426 3340 5489 dealbatis,
3381 5441 3519 5494 quae

1935 5527 2097 5596 aforis
2132 5534 2323 5595 parent
2372 5524 2664 5579 hominibus
2698 5522 2955 5593 speciosa,
2995 5522 3138 5573 intus
3190 5534 3312 5571 uero
3356 5517 3519 5587 plena

1932 5626 2053 5670 sunt
2093 5616 2290 5669 ossibus
2341 5621 2669 5667 mortuorum
2709 5623 2759 5666 et
2804 5613 2949 5666 omni
2989 5612 3266 5680 spurcitia.
3312 5607 3518 5674 Quem-

1937 5707 2227 5762 admodum
2245 5721 2375 5777 ergo
2388 5712 2595 5760 certam
2612 5703 2928 5759 methodum
2945 5718 3008 5757 ac
3024 5700 3311 5757 formulam
3330 5700 3520 5754 obser-

1937 5799 2215 5854 vationum
2256 5800 2483 5855 istarum
2506 5796 2863 5853 Mosaicarum
2890 5794 3075 5851 Iudaei
3098 5792 3231 5865 legis
3264 5792 3528 5849 doctores
