4274 6358
767 370 868 428 331

1881 366 2086 422 PETRI
2127 370 2387 423 ΡυδδιΜ
2428 368 2938 427 PROLEGOMENA

3914 371 4017 429 353

769 483 1032 552 digestam
1068 479 1124 534 in
1156 477 1369 549 regulas
1413 484 1471 531 et
1522 476 1878 547 compositam
1913 477 2189 532 habebant
2224 487 2336 533 tra-
2367 486 2411 540 Α
2442 483 2597 537 tariis
2633 483 2706 537 ita
2728 498 2759 537 e
2787 497 2980 552 graeca
3002 480 3224 535 latinam
3254 480 3455 546 facere,
3482 491 3545 537 ut
3568 481 3682 552 ipsa
3716 490 3900 538 tamen
3930 501 4018 538 ar-

770 575 1081 644 debantque
1104 570 1171 625 ad
1203 585 1362 625 usum
1396 570 1719 639 plerumque
1763 584 1973 624 merum
2018 569 2339 623 ambitiosae

768 664 1171 729 ostentationis,
1212 663 1286 718 ita
1312 678 1413 732 par
1444 661 1567 727 fuit,
1596 672 1813 717 sanctos
1836 663 1971 733 legis
2018 678 2191 716 novae
2220 678 2338 734 my-

770 769 883 815 stas
902 756 1182 813 interioris
1202 754 1369 810 huius
1387 755 1483 809 Dei
1504 755 1685 810 cultus
1708 754 1886 810 tacitis
1905 754 2159 809 sensibus
2182 769 2340 808 men-

771 852 842 909 tis
871 860 929 907 et
945 849 1238 905 voluntatis
1267 848 1508 903 motibus
1527 848 1754 902 exerciti
1784 857 1974 912 totam,
2006 848 2343 916 exploratam

770 942 1239 999 animadversione
1271 940 1450 1012 longa,
1492 948 1549 994 et
1580 940 1761 995 literis
1799 940 2147 995 commissam
2167 938 2341 1010 expli-

770 1052 894 1091 care
913 1037 1197 1091 rationem.

842 1129 989 1183 Talis
1031 1128 1175 1199 hyle,
1206 1127 1330 1183 talis
1374 1139 1572 1197 secpns
1605 1134 1690 1181 est
1728 1125 1923 1180 horum
1958 1140 2098 1195 quos
2130 1124 2347 1180 edimus

771 1221 1057 1285 librorum,
1092 1236 1200 1275 non
1242 1218 1523 1274 monachis
1554 1217 1817 1273 duntaxat
1849 1226 1945 1270 aut
1981 1216 2344 1281 anachoretis,

771 1310 919 1381 quod
944 1310 1124 1365 videri
1153 1309 1386 1379 cuipiam
1412 1318 1616 1378 posset,
1648 1307 1887 1371 utilium,
1913 1306 2008 1361 sed
2041 1306 2349 1376 promiscue

773 1403 987 1457 cunctis
1022 1401 1294 1457 Ecclesiae
1330 1401 1563 1455 statibus
1600 1399 1999 1467 ordinibusque
2033 1398 2348 1468 profuturo-

778 1509 939 1559 rum;
971 1492 1251 1562 quoniam,
1274 1490 1374 1545 etsi
1409 1489 1611 1545 Christi
1640 1489 1883 1543 Ecclesia
1914 1504 2011 1558 per
2034 1489 2350 1543 Bcthaniam

774 1583 1003 1652 ﬁgurata
1031 1582 1252 1636 Mariam
1291 1582 1487 1636 habeat
1525 1581 1581 1633 in
1628 1580 1865 1634 solidum
1908 1579 2351 1648 contemplationi

773 1672 1013 1729 deditam
1054 1681 1109 1725 et
1142 1670 1403 1724 Martham
1430 1669 1575 1724 vitae
1601 1668 1809 1723 activae
1834 1668 2152 1722 ministeriis
2179 1674 2355 1721 atten-

774 1762 1017 1826 dentem,
1058 1769 1237 1818 tamcn
1285 1777 1353 1816 ex
1399 1762 1514 1817 suis
1560 1762 1856 1816 alterutrae
1893 1759 2084 1816 ciliciis
2120 1760 2353 1814 invicem

2441 577 2671 647 chetypa
2708 592 2817 630 non
2862 576 3282 645 supprimerem,
3317 575 3327 645 |
3358 590 3482 628 cum
3517 575 3586 628 ad
3625 576 3822 645 pignus
3869 590 4021 631 meae

2442 668 2567 723 ﬁdei
2613 669 3006 739 praebendum,
3042 676 3156 722 tum
3198 666 3267 722 ad
3318 668 3560 722 fructum
3608 683 3717 721 non
3773 668 4022 722 inviden-

2440 761 2587 815 dum.
2612 761 2866 826 eruditis,
2894 776 2961 815 ex
3004 759 3140 830 ipsa,
3171 758 3317 830 quod
3359 760 3561 829 passim
3607 758 3837 823 malunt,
3872 758 4021 813 fonte

2442 852 2753 909 hauriendi.

2512 947 2600 1002 IV.
2645 944 2942 1000 Reddenda
2980 943 3240 1014 deinceps
3281 944 3422 998 ratio
3461 952 3548 998 est
3592 942 4019 1014 Opusculorum.

2443 1039 2807 1111 lnprimisque
2852 1036 3193 1108 prodendum
3236 1036 3381 1092 unde
3427 1036 3684 1107 quodque
3723 1036 4022 1091 hanserim.

2444 1130 2591 1186 Inter
2638 1128 2915 1183 volumina
2963 1141 3159 1182 manus
3210 1125 3468 1197 antiquae
3520 1142 3714 1197 graeca
3764 1126 4024 1197 plurima,

2445 1236 2586 1290 quae
2642 1219 2964 1276 Franciscus
3017 1217 3321 1272 Turrianus
3379 1216 3708 1277 Societatem
3779 1226 4027 1271 nostram

2448 1312 2651 1366 Romae
2685 1310 2862 1364 iniens
2884 1324 3029 1363 anno
3054 1309 3188 1363 1566
3217 1308 3270 1362 in
3298 1306 3462 1361 domo
3482 1306 3726 1377 professa
3756 1306 4025 1370 Romana,

2449 1403 2544 1458 ubi
2566 1403 2833 1458 hactenus
2854 1411 3223 1465 asservantur,
3248 1399 3521 1470 deposuit,
3546 1414 3715 1453 unum
3731 1406 3818 1452 est
3840 1406 4032 1452 aucto-

2450 1513 2570 1566 rum
2613 1496 2771 1551 facile
2817 1493 3039 1564 triginta
3092 1492 3499 1548 lucubrationes
3561 1491 3629 1545 de
3682 1506 3739 1545 re
3790 1490 4029 1543 ascetica

2449 1587 2731 1656 colligens,
2765 1584 2938 1639 veteri
2984 1584 3343 1639 transmarina
3381 1590 3663 1638 exaratum
3703 1598 3889 1644 manu,
3927 1597 4029 1635 an-

2450 1680 2536 1733 nis
2564 1678 2765 1732 abhinc
2803 1686 2949 1732 retro
2990 1675 3114 1745 plus
3150 1674 3482 1745 quingentis,
3514 1682 3779 1743 quantum
3818 1672 4032 1726 fumida

2450 1769 2671 1838 ferrugo
2709 1768 2931 1821 chartae
2964 1766 3093 1819 olim
3133 1765 3397 1819 candidae
3443 1764 3819 1835 augurandum
3866 1779 4031 1833 prae-

775 1853 1051 1911 interdum
1078 1852 1425 1923 participant.
1461 1852 1595 1907 Nam
1623 1859 1679 1907 et
1706 1851 1874 1907 Maria
1903 1850 2190 1904 ministerii
2224 1864 2349 1902 cor-
2379 1839 2421 1894 Β
2450 1866 2561 1919 bet.
2598 1864 2676 1918 Ex
2706 1878 2773 1917 eo
2809 1860 3084 1917 sexdecim
3127 1858 3401 1929 opuscula
3426 1858 3689 1927 descripsi
3708 1899 3721 1921 ν
3766 1857 3873 1911 hoc
3921 1865 4030 1921 εει,

774 1946 930 2016 porci
1004 1945 1255 2001 nonnihil
1309 1944 1521 2015 attigit,
1570 1943 1702 1998 dum
1752 1942 1955 1999 Christi
2010 1941 2349 2011 hospitaliter

775 2037 1049 2106 cpulantis
1085 2043 1249 2105 caput
1288 2036 1496 2106 spicato
1540 2034 1774 2095 nardino
1814 2032 2121 2088 suavissimi
2166 2032 2351 2087 odoris

778 2126 1059 2197 dapsiliter
1098 2126 1347 2193 inunxit;
1380 2134 1435 2180 et
1464 2125 1577 2196 ipsa
1620 2125 1829 2179 Martha
1876 2125 2184 2180 orationum
2236 2139 2351 2179 mo-

777 2227 959 2273 menta
988 2218 1103 2273 suis
1136 2217 1587 2288 occupationibus
1623 2215 1861 2283 inﬁndit,
1886 2225 2051 2287 prout
2080 2216 2160 2271 vel
2187 2232 2253 2270 ex
2283 2230 2351 2270 eo

777 2320 947 2381 patet,
984 2309 1129 2381 quod
1167 2311 1318 2366 stetit
1357 2308 1636 2365 Christum
1681 2309 1962 2379 alloquens
1984 2318 2041 2363 et
2067 2323 2249 2371 orans,
2292 2316 2353 2362 ut

779 2401 954 2457 iuvari
983 2417 1043 2459 se
1077 2411 1296 2457 curaret
1323 2417 1354 2455 a
1382 2416 1591 2457 sorore.
1616 2401 1918 2457 Commune
1950 2400 2193 2471 profecto
2221 2414 2355 2455 cun-

778 2494 883 2550 ctis
936 2493 1178 2551 cuiusvis
1241 2508 1433 2558 sexus,
1496 2493 1709 2558 aetatis,
1768 2493 1977 2548 ordinis
2021 2492 2355 2549 Christianis

779 2585 973 2643 orandi
1026 2595 1083 2642 et
1138 2595 1292 2643 actus
1345 2586 1638 2642 interiores
1692 2585 1858 2650 ﬁdei,
1900 2584 2037 2656 spei,
2079 2586 2352 2652 caritatis,

783 2679 1063 2749 religionis
1082 2678 1375 2736 exercendi
1399 2688 1749 2749 praeceptum
1770 2687 1873 2744 est,
1898 2680 2002 2734 hoc
2023 2681 2140 2735 solo
2164 2680 2357 2735 discri-

782 2771 929 2825 mine
978 2771 1392 2827 coenobitarum
1434 2778 1491 2826 et
1535 2771 1993 2826 anachoretarum
2025 2788 2057 2827 a
2095 2773 2353 2838 caeteris,

781 2864 927 2931 quod
958 2864 1034 2919 illi
1068 2880 1285 2935 semper
1319 2872 1377 2919 et
1410 2864 1571 2918 unice
1600 2864 1848 2935 religioni
1884 2880 1942 2920 se
1971 2872 2111 2920 totos
2146 2865 2357 2936 impen-

782 2956 940 3022 dunt,
977 2956 1032 3011 hi
1068 2956 1307 3028 cogitant
1341 2954 1564 3026 quidem
1598 2971 1736 3025 quae
1768 2965 1896 3010 sunt
1927 2957 2115 3011 mundi
2144 2974 2245 3027 pro
2273 2959 2357 3012 sui

782 3051 1098 3107 conditione
1139 3057 1334 3112 status,
1377 3047 1458 3102 sic
1507 3054 1709 3112 tamen,
1749 3057 1811 3102 ut
1863 3049 2141 3118 religionis
2188 3049 2362 3105 ofﬁcia

2451 1956 2633 2012 omnia
2678 1954 2920 2024 exceptis
2971 1953 3236 2008 duntaxat
3287 1952 3504 2006 duobus
3552 1951 3670 2005 XIII
3714 1960 3771 2004 et
3819 1950 4029 2014 XVIII;

2450 2064 2576 2102 nam
2604 2047 2756 2117 prius
2789 2061 2819 2099 e
2849 2044 3109 2098 Vaticano
3130 2044 3456 2113 perantiquo
3479 2041 3688 2105 codice,
3718 2041 3808 2095 cui
3832 2056 4031 2095 nume-

2453 2153 2546 2191 rus
2586 2136 2903 2190 inscribitur
2945 2134 3080 2199 730,
3138 2132 3473 2203 descriptum
3522 2142 3645 2196 est,
3693 2131 3949 2186 ultimum
3998 2148 4031 2187 e

2451 2226 2935 2298 Cryptoferratensi
2968 2225 3299 2279 bibliotheca
3333 2224 3669 2294 deprompsi.

2521 2316 2776 2373 Omnium
2827 2316 2884 2370 in
2931 2315 3109 2369 fronte
3158 2314 3314 2384 posui
3366 2314 3654 2385 epistolam
3699 2313 3756 2369 S.
3802 2312 4033 2370 Joannis

2452 2406 2825 2480 Chrysostomi
2874 2406 2942 2461 ad
2987 2406 3312 2472 monachos,
3361 2406 3433 2460 ita
3490 2406 3636 2461 clare
3698 2406 3754 2460 in
3801 2405 4033 2461 Turria-

2454 2501 2611 2556 nensi
2701 2499 2890 2556 codice
2974 2498 3312 2569 inscriptam.
3406 2496 3539 2552 Esse
3632 2496 3780 2550 illam
3862 2494 4035 2565 Chry-

2456 2592 2679 2649 sostomi
2720 2593 2765 2646 si
2805 2591 2927 2661 quis
2971 2598 3217 2661 negaret,
3258 2589 3329 2644 ab
3374 2589 3480 2644 hoc
3522 2589 3640 2643 iure
3682 2602 3806 2642 meo
3846 2588 4033 2657 exige-

2458 2703 2595 2751 rem,
2636 2695 2698 2741 ut
2736 2684 3106 2740 testimonium
3148 2699 3249 2754 pro
3285 2697 3344 2738 se
3389 2681 3701 2737 auctoritati
3741 2679 4030 2734 Turrianei

2458 2778 2662 2833 codicis
2692 2778 2977 2849 aequilibre
3003 2785 3098 2831 aut
3124 2776 3305 2847 potius
3325 2773 3766 2845 praeponderans
3787 2772 4029 2827 afferret.

2458 2870 2595 2926 Cum
2639 2878 2849 2924 certum
2893 2868 2965 2923 sit
3004 2867 3217 2921 Patrem
3258 2864 3409 2917 illum
3455 2861 3880 2927 sanctissimum,
3916 2860 4037 2930 ipso

2460 2964 2762 3018 affirmante
2796 2962 2894 3016 lib.
2929 2961 3053 3015 IDe
3090 2957 3416 3021 sacerdotio,
3458 2965 3543 3011 sat
3581 2956 3742 3025 longo
3790 2962 4037 3023 tempore

2461 3066 2751 3125 antequam
2791 3054 3075 3124 presbyter
3106 3059 3163 3107 et
3201 3050 3546 3105 ecclesiastes
3582 3047 3904 3103 Antiochiae
3936 3047 4037 3100 lie-

783 3160 895 3199 non
938 3142 1236 3213 negligant,
1267 3140 1383 3194 Deo
1412 3137 1703 3193 reddentes
1737 3154 1876 3208 quae
1910 3140 2006 3195 Dei
2041 3148 2188 3205 sunt,
2218 3141 2359 3194 inte-
2388 3181 2428 3236 C
2465 3167 2471 3202 ι

2350 3170 2428 3236 -C
2465 3158 2575 3213 ret,
2612 3149 2759 3203 unde
2810 3156 2895 3202 est
2942 3146 3009 3201 ad
3065 3146 3324 3200 thronum
3374 3139 4038 3209 Constantinopolitanum

784 3238 887 3292 rim
932 3237 1063 3292 dum
1110 3245 1167 3291 et
1207 3243 1415 3307 patriae
1461 3244 1517 3290 et
1559 3235 1798 3290 familiae
1846 3244 2014 3303 prout
2060 3250 2149 3289 res
2193 3234 2362 3304 exigit

785 3328 1071 3385 consulere
1097 3344 1207 3383 non
1238 3328 1529 3386 desistunt.
1560 3327 1715 3384 Unde
1752 3328 1818 3382 iis
1852 3342 2071 3398 quoque
2108 3342 2203 3380 sua
2237 3342 2362 3397 pars

786 3421 1054 3477 ascetices
1090 3420 1373 3491 competit.

858 3512 956 3566 Est
1003 3511 1169 3582 igitur
1216 3526 1315 3565 cur
1368 3526 1618 3581 sperem,
1661 3525 1772 3562 non
1821 3509 2084 3578 ingratam
2134 3506 2363 3561 Publice

788 3602 1031 3658 futuram
1056 3617 1087 3656 a
1112 3617 1199 3657 me
1228 3612 1471 3657 curatam
1510 3602 1926 3672 productionem
1966 3601 2018 3653 in
2052 3600 2225 3652 lucem
2252 3614 2362 3653 uno

788 3695 1142 3751 collectorum
1188 3709 1415 3765 corpore
1479 3693 1849 3763 duodeviginti
1915 3692 2037 3745 talis
2103 3691 2362 3745 materiae

792 3786 927 3840 tanti
988 3801 1119 3841 usus
1178 3784 1578 3856 Opusculorum
1627 3803 1657 3840 a
1705 3784 2017 3839 celebribus
2073 3782 2361 3837 duodecim

789 3879 1237 3934 elucubratorum
1278 3880 1612 3943 auctoribus,
1645 3893 1769 3933 cum
1807 3878 1956 3947 paris
1988 3876 2043 3930 in
2077 3884 2226 3930 tanto
2256 3875 2360 3929 mi-

790 3986 895 4025 nus
947 3971 1124 4042 dignis
1173 3971 1461 4041 rariusque
1507 3972 1735 4025 utilibus
1782 3968 1982 4023 libellis
2029 3968 2360 4023 coniunctim

789 4062 1017 4118 edendis
1048 4063 1360 4132 diligentiae
1394 4063 1637 4132 exempla
1670 4062 1916 4115 faventer
1963 4068 2183 4129 excepta
2210 4074 2363 4127 prae-

792 4154 1015 4208 Iverint.
1052 4154 1317 4223 Equidem
1357 4153 1561 4207 sentire
1602 4169 1688 4207 me
1726 4167 1904 4214 secus,
1934 4166 2095 4219 quam
2135 4164 2232 4219 par
2263 4149 2360 4211 sit,

790 4245 859 4300 de
899 4245 1207 4314 politissimi
1258 4245 1424 4299 huius
1459 4245 1709 4298 acumine
1745 4252 1801 4297 et
1844 4242 2114 4310 aequitate
2162 4239 2362 4293 saeculi

791 4337 1097 4399 crederem,
1126 4337 1193 4401 si,
1229 4351 1353 4389 cum
1398 4335 1467 4388 ab
1504 4350 1571 4389 eo
1614 4334 1831 4389 laudata
1869 4342 1924 4387 et
1962 4332 2138 4401 magni
2181 4332 2363 4385 habita

790 4428 1005 4481 videam
1029 4436 1363 4498 syntagmata
1385 4426 1846 4497 cynegeticorum,
1869 4423 2359 4492 accipitrariorum,

2461 3250 2738 3305 evocatus,
2785 3241 2929 3294 inter
2981 3237 3277 3292 monachos
3318 3234 3539 3297 vixisse,
3577 3230 4038 3287 verisimillimum

2461 3342 2563 3397 est,
2600 3340 2705 3385 tam
2761 3329 3089 3385 foecundum
3142 3328 3420 3400 ingenium
3474 3340 3581 3379 non
3633 3321 3962 3377 abstinuisse
4008 3334 4039 3373 a

2462 3423 2752 3477 scribendo
2784 3422 2853 3476 de
2892 3421 3054 3476 rebus
3101 3434 3237 3488 quas
3285 3426 3417 3471 tunc
3454 3414 3841 3477 meditabatur,
3874 3419 4041 3479 atque

2462 3516 2598 3569 adeo
2626 3515 2765 3568 hanc
2799 3528 2864 3568 eo
2895 3513 3001 3567 iam
3035 3519 3149 3565 tum
3176 3519 3422 3579 tempore
3459 3506 3765 3577 epistolam,
3798 3511 3855 3557 et
3882 3502 4039 3572 plura

2462 3606 2601 3660 forte
2638 3603 2741 3658 alia
2772 3604 2917 3673 paris
2965 3599 3269 3671 argumenti
3319 3595 3494 3651 literis
3534 3592 3842 3655 mandasse,
3876 3603 4040 3658 quae,

2462 3697 2607 3767 quod
2637 3711 2744 3749 non
2774 3700 3125 3764 compareant
3158 3691 3211 3744 in
3244 3685 3659 3743 collectionibus
3685 3684 3846 3752 vulgo
3877 3680 4044 3735 editis

2461 3790 2697 3858 Operum
2738 3787 2903 3849 illius,
2946 3799 3107 3838 causa
3150 3797 3271 3837 esse
3314 3780 3511 3850 potuit,
3540 3776 3798 3847 quoniam
3840 3789 3905 3827 ea
3941 3788 4042 3841 po-

2462 3879 2731 3932 tissimum
2771 3892 2838 3930 ex
2876 3875 2983 3929 illis
3027 3874 3081 3927 in
3123 3873 3341 3926 codices
3380 3870 3629 3939 publicos
3662 3865 4043 3920 referebantur

2462 3986 2601 4042 quae
2630 3969 2696 4023 ad
2728 3966 3022 4039 promiscui
3058 3964 3273 4037 generis
3316 3963 3567 4017 homines
3605 3957 3881 4014 docendos
3914 3972 4042 4026 per-

2464 4066 2637 4120 tinere
2686 4064 3023 4126 viderentur,
3061 4062 3166 4115 alia
3222 4074 3471 4114 seorsum
3527 4058 3583 4112 in
3643 4052 4042 4109 monachorum

2462 4160 2681 4215 scriniis
2732 4166 2788 4212 et
2844 4155 3237 4211 coenobiorum
3287 4151 3490 4206 archiis
3547 4149 3628 4202 uti
3683 4145 4043 4217 professionis

2463 4258 2768 4305 ascetarum
2833 4248 3055 4319 propria
3128 4245 3451 4300 sinebantur
3522 4239 3807 4296 custodiri.
3878 4237 4042 4291 Istam

2463 4354 2629 4411 porro
2672 4338 2958 4409 epistolam
3001 4334 3289 4407 praeposui
3330 4332 3544 4387 cunctis
3594 4331 3714 4384 aliis
3754 4329 4044 4399 Opusculis

2463 4446 2574 4486 non
2621 4429 2965 4499 antiquitatis
3005 4425 3402 4498 praerogativa,
3443 4440 3549 4494 qua
3589 4422 4041 4493 Chrysostomum

792 4518 1203 4588 georgicorum.
1275 4517 1737 4586 agrimensorum,
1790 4516 2242 4585 hippiatricorum
2306 4523 2723 4593 etDsuperam
2779 4521 3047 4577 Macarius
3090 4528 3146 4574 et
3202 4516 3634 4587 Amphilochius,
3689 4515 3779 4569 ille
3834 4524 4042 4584 septem

793 4611 1076 4675 similium,
1112 4609 1317 4679 despici
1346 4625 1567 4663 vererer
1593 4617 1649 4663 et
1678 4625 1709 4663 a
1736 4608 2094 4664 delicatorum
2137 4607 2369 4664 fastidiis

793 4703 1023 4773 frigere,
1069 4702 1200 4757 dum
1254 4702 1614 4757 asceticorum
1674 4717 1783 4756 non
1840 4702 2070 4756 antehac
2127 4702 2367 4757 visorum

795 4809 1023 4865 cperum
1062 4810 1365 4849 connexam
1406 4809 1515 4848 uno
1555 4805 1704 4848 serto
1741 4795 1937 4848 seriem
1979 4794 2179 4859 offero;
2211 4795 2367 4865 quasi

795 4902 1049 4956 agrorum
1078 4886 1163 4940 vel
1193 4886 1438 4940 culturae
1464 4886 1549 4940 vel
1577 4885 1953 4951 dimensionis,
1983 4888 2367 4957 mulorumque

796 4978 1099 5033 medicinae
1138 4978 1427 5048 gratiosius
1466 4978 1538 5032 sit
1580 4988 1866 5048 praecepta
1898 4979 2119 5049 vulgare
2147 4980 2216 5033 ab
2242 4979 2368 5034 ista—

798 5088 921 5132 rum
950 5072 1214 5126 consultis
1235 5072 1435 5125 artium
1460 5071 1677 5136 tradita,
1701 5088 1863 5141 quam
1886 5072 2205 5142 disciplinae
2227 5074 2365 5128 scitu

798 5164 1145 5235 dignissimae
1193 5179 1257 5218 ac
1299 5164 1510 5218 cunctis
1551 5165 1892 5219 necessariae
1938 5165 2050 5219 Deo
2093 5165 2364 5234 placendi,

796 5254 1142 5309 mundandae
1168 5254 1597 5318 animae,ﬁdem,
1622 5269 1793 5324 apem,
1824 5256 2123 5319 caritatem,
2150 5258 2369 5311 humili-

799 5355 987 5409 tatem,
1008 5347 1323 5416 patientiam
1366 5346 1677 5409 exercendi,
1719 5347 1909 5401 orandi
1944 5363 2052 5401 non
2079 5349 2252 5401 solum
2277 5349 2369 5403 illa

801 5438 997 5493 Initiali
1028 5438 1243 5493 cunctis
1272 5438 1412 5492 facili
1444 5439 1711 5503 oratione,
1740 5439 1835 5493 sed
1865 5441 2171 5494 sublimiori
2200 5442 2369 5495 altera

800 5548 963 5601 quam
1001 5532 1512 5601 contemplationem
1547 5544 1765 5597 vocant,
1799 5533 1971 5587 multa
2011 5534 2261 5589 c'autlone
2297 5534 2369 5589 ob

802 5623 1108 5694 periculum
1158 5624 1470 5678 illusionum
1518 5634 1746 5695 egente,
1796 5634 2000 5679 certam
2052 5627 2371 5681 methodum

803 5714 1246 5784 exploratamque
1274 5717 1538 5769 rationem
1562 5730 1592 5767 a
1616 5714 1751 5768 viris
1772 5716 2147 5779 sanctissimis,
2172 5716 2371 5770 doctis-

802 5806 975 5872 titnis,
1007 5806 1415 5876 antiquissimis,
1449 5808 1715 5875 accuratis
1741 5808 2059 5879 explicatam
2093 5824 2369 5864 commen-

2466 4615 2867 4685 Opusculorum
2899 4630 2928 4667 a
2960 4614 3003 4667 II
3034 4611 3101 4667 ad
3132 4610 3266 4673 VIII,
3288 4609 3377 4663 hic
3415 4608 3612 4663 decimi
3637 4615 3911 4671 auctores,
3944 4606 4042 4661 sed

2467 4708 2539 4763 ob
2569 4707 2868 4763 claritatem
2904 4716 3013 4760 tam
3049 4705 3160 4759 noti
3193 4710 3247 4759 et
3285 4701 3517 4757 celebris
3549 4699 3823 4754 Ecclesiae
3856 4698 4045 4753 docto-

2468 4802 2566 4867 ris,
2615 4798 2889 4869 quomodo
2935 4797 3077 4851 inter
3130 4794 3385 4850 Paulinas
3435 4792 3693 4863 epistolas
3746 4792 4042 4861 primatum

2467 4900 2698 4961 occupat
2724 4890 2983 4944 Romanis
3017 4888 3219 4957 scripta
3250 4894 3475 4955 propter
3504 4884 3780 4938 Romanae
3817 4882 3903 4937 vel
3945 4899 4043 4936 ur-

2469 4986 2553 5039 bis
2595 4985 2681 5039 vel
2726 4982 3001 5037 Ecclesiae
3046 4978 3462 5050 praecellentem
3513 4976 3866 5047 dignitatem,
3914 4975 4045 5029 licet

2469 5076 2745 5145 aliquanto
2772 5072 3047 5144 posterius
3076 5086 3237 5140 quam
3265 5069 3530 5138 quaedam
3560 5075 3861 5122 ceterarum
3894 5065 4038 5119 data.

2470 5169 2525 5222 In
2553 5168 2889 5236 reliquorum
2915 5180 3043 5218 sane
3074 5160 3431 5231 dispositione
3456 5159 3854 5229 Opusculorum
3890 5166 4042 5211 aeta-

2471 5258 2539 5313 tis
2567 5259 2832 5326 cuiusque
2864 5257 3147 5317 rationem,
3180 5259 3441 5321 quantum
3469 5250 3646 5312 licuit,
3675 5248 3861 5302 habui.

2539 5347 2758 5417 Septem
2804 5343 3075 5415 Opuscula
3111 5342 3389 5411 sequentia
3430 5340 3593 5394 unius
3631 5346 3759 5393 sunt
3798 5338 4043 5392 auctoris

2470 5442 2687 5496 Macarii
2738 5440 2947 5509 Magni,
2994 5446 3157 5507 prout
3202 5434 3407 5488 diserte
3456 5432 3794 5502 singulorum
3850 5431 4043 5484 titulus

2471 5533 2718 5604 signabat
2750 5532 2804 5585 in
2850 5529 3038 5585 codice
3081 5527 3403 5582 Turrianeo.
3446 5525 3618 5579 Erant
3654 5533 3835 5578 autem
3865 5538 3930 5576 ea
3964 5522 4040 5576 ibi

2470 5641 2579 5680 non
2614 5640 2723 5678 uno
2749 5623 3005 5677 continue
3033 5620 3198 5675 ductu
3230 5633 3487 5689 expansa,
3520 5616 3613 5671 scd
3645 5616 3701 5670 in
3732 5616 3841 5669 duo
3885 5630 4040 5683 sepa-

2472 5717 2650 5778 ratim,
2689 5714 2873 5769 multis
2913 5711 3268 5782 interpositis,
3305 5708 3478 5763 divisa
3530 5714 3818 5779 systemata
3863 5706 4039 5759 nomi-

2472 5808 2557 5861 nis
2582 5807 2845 5862 eiusdem.
2883 5806 3056 5861 Priori
3093 5803 3361 5875 siquidetn
3391 5802 3480 5857 hic
3509 5799 3907 5872 praeﬁgebatur
3952 5798 4037 5853 in-
