4274 6358
263 378 371 435 333

1257 387 1350 445 AD
1384 388 1745 451 OPUSCULA
1782 391 1839 452 S.
1880 393 2166 454 MACARI]
2206 398 2545 459 AEGYPTII.

3408 414 3513 473 334

407 497 681 599 {Macarii
706 498 899 599 Magni
1048 501 1290 599 custodia
1318 504 1550 599 ;⁸
1579 504 1773 599 incipit
1813 522 1847 561 a
1873 515 1921 571 Α
1948 525 2072 564 mox
2096 512 2401 581 ostendam,
2442 516 2536 571 ubi
2564 518 2719 589 prius
2747 519 3035 579 absolvero
3055 525 3201 595 quod
3225 528 3401 599 coepi,
3420 530 3514 587 de-

262 592 396 647 folio
425 591 528 646 150
557 590 847 648 Turrianei
886 592 1113 657 codicis,
1142 601 1199 649 et
1227 594 1283 648 in
1311 594 1414 650 158
1437 594 1658 651 desinit.
1688 596 1840 652 Alte-

262 699 387 737 rum
422 699 455 739 a
487 684 620 738 folio
654 684 760 739 245
796 685 867 739 ad
901 685 1001 739 291
1041 693 1327 740 extensum
1364 686 1586 741 rubrica
1618 695 1842 741 exarato

262 774 563 846 insignitur
612 776 774 829 titulo
819 775 903 831 sic
949 775 1119 831 latine
1163 785 1393 831 sonante
1433 793 1447 829 :
1490 775 1539 830 Ε
1580 776 1730 830 dictis
1778 794 1842 831 ac

258 868 405 922 scitis
435 867 598 922 divini
629 867 853 922 Macarii
882 883 1003 922 scrc
1034 867 1173 922 beati
1208 868 1273 922 de
1302 867 1612 939 perfectione
1641 867 1698 920 in
1728 866 1840 938 spi-

260 962 372 1014 ritu
396 960 693 1015 seminaria
722 960 962 1030 epitom.
998 958 1209 1030 Legens
1235 968 1293 1013 et
1321 973 1644 1028 comparans
1668 960 1841 1013 anim-

258 1052 499 1117 adverti,
528 1066 668 1123 opus
709 1062 1007 1122 utrumque
1038 1052 1204 1106 unius
1240 1051 1501 1106 exhibere
1534 1050 1837 1107 doctrinam

258 1143 524 1208 auctoris,
554 1143 650 1198 sed
681 1158 714 1197 a
746 1142 963 1197 duobus
988 1151 1292 1211 exceptam,
1325 1142 1335 1213 |
1364 1152 1422 1197 et
1452 1152 1616 1213 prout
1644 1158 1712 1198 ex
1741 1157 1840 1198 ore

259 1235 503 1290 dicentis
549 1235 858 1298 audierant,
896 1249 998 1290 suo
1043 1235 1310 1305 cuiusque
1356 1235 1573 1306 ingenio
1615 1234 1838 1289 missam

259 1323 320 1380 ln
363 1325 574 1380 literas.
621 1325 759 1380 Hinc
802 1324 1059 1380 notabilis
1096 1326 1339 1381 cernitur
1381 1325 1504 1398 styli
1550 1326 1839 1381 diversitas

259 1412 409 1469 inter
437 1414 680 1484 priorem
712 1413 1183 1482 posterioremque
1215 1411 1610 1475 collectionem,
1644 1426 1838 1480 quam-

257 1521 427 1575 quam
471 1504 664 1561 eadem
712 1504 1006 1575 utrobique
1053 1504 1447 1559 sententiarum
1496 1502 1653 1573 quasi
1702 1503 1836 1558 sub-

258 1594 464 1650 stantia
497 1601 603 1659 est,
638 1609 781 1648 unus
804 1602 963 1648 tenor
998 1593 1243 1663 ordoque
1267 1600 1704 1663 praeceptorum,
1736 1605 1839 1647 nec

257 1685 572 1740 diﬂ’erentia
611 1683 937 1754 plerumque
980 1682 1179 1735 verba.
1225 1680 1459 1735 Tantum
1506 1679 1744 1750 pressior
1782 1687 1838 1735 et

257 1777 425 1847 paulo
449 1775 777 1845 incomptior
804 1774 1016 1844 primus
1038 1780 1296 1842 exceptor
1320 1782 1424 1836 est,
1454 1772 1591 1825 nihil
1614 1786 1838 1841 prorsus

1942 600 2185 659 finiendo
2216 607 2343 674 quis
2392 608 2464 663 sit
2490 608 2593 666 iste
2626 613 2895 668 Macarius
2934 616 3077 672 inter
3114 620 3300 689 plures
3348 624 3511 680 etiam

1940 695 2118 766 Magni
2136 698 2360 755 Antonii
2384 702 2682 775 discipulos
2709 723 2849 777 quos
2871 708 3015 764 idem
3039 711 3274 783 signavit
3289 731 3508 773 nomen.

2008 787 2128 842 Duo
2167 789 2412 846 celebres
2440 793 2659 849 Macarii
2693 796 2965 863 feruntur,
3013 799 3309 873 Aegyptius
3359 807 3512 876 prior

1938 877 2137 945 dictus,
2166 883 2305 937 alter
2331 885 2435 940 hoc
2473 886 2658 941 iunior
2699 888 3117 947 Alexandrinus.
3172 892 3317 950 Fasti
3367 898 3509 953 sacri

1938 968 2215 1026 Ecclesiae
2240 971 2440 1030 latinae
2459 976 2701 1046 priorem
2738 978 2829 1033 die
2867 982 3108 1038 secunda
3138 983 3407 1051 Januarii,
3430 988 3510 1041 al-

1939 1069 2118 1117 terum
2155 1064 2346 1133 quinta
2375 1066 2585 1123 decima
2631 1082 2969 1139 memorant;
2995 1074 3189 1131 Graeci
3213 1085 3508 1149 utrumque

1938 1154 2027 1208 die
2053 1157 2256 1212 mensis
2294 1158 2540 1214 eiusdem
2570 1163 2979 1235 undevigesima
3002 1180 3351 1225 venerantur.
3387 1172 3508 1227 Non

1937 1244 2075 1301 falso
2116 1248 2277 1303 ambo
2324 1249 2579 1322 discipuli
2632 1254 2855 1309 Antonii
2901 1267 3188 1313 vocantur.
3236 1261 3507 1317 Viderunt

1935 1335 2083 1389 enim
2127 1338 2528 1412 audieruntque
2574 1343 2751 1411 illum,
2807 1347 2904 1403 sed
2942 1349 3216 1404 seniorem
3259 1351 3503 1419 iuvenes,

1936 1432 2060 1482 sero
2092 1430 2310 1485 tandem
2350 1442 2406 1487 et
2452 1434 2633 1491 obiter
2667 1437 2736 1491 ad
2788 1436 2989 1507 ipsum,
3033 1450 3097 1496 ut
3144 1443 3299 1497 multi
3352 1452 3503 1507 tunc,

1936 1519 2166 1589 profecti
2196 1522 2263 1577 ad
2290 1522 2512 1580 brevem
2544 1528 2975 1596 venerationem,
3019 1534 3225 1588 reversi
3266 1550 3390 1589 mox
3438 1536 3505 1590 ad

1937 1619 2104 1668 statas
2135 1612 2505 1671 habitationes
2535 1633 2662 1673 suas
2686 1634 2717 1673 a
2758 1621 2994 1676 statione
3034 1624 3216 1694 magni
3265 1626 3504 1680 anacho-

1937 1709 2176 1758 retarum
2198 1705 2374 1761 Patris
2402 1707 2621 1763 dissitas
2644 1711 2961 1779 plurimum.
2986 1713 3280 1784 Aegyptius
3303 1716 3505 1785 quippe

1936 1788 2201 1845 Macarius
2242 1792 2297 1847 in
2330 1793 2501 1849 Scithi
2530 1796 2713 1851 sedem
2753 1799 2965 1866 habuit,
3003 1800 3403 1859 Alexandrinus
3449 1806 3503 1859 in

258 1867 525 1931 referens,
553 1864 700 1935 quod
741 1880 852 1918 non
886 1864 944 1919 in
981 1862 1221 1918 secundo
1259 1870 1592 1935 syntagmate
1629 1860 1830 1916 alicubi
1867 1860 1946 1932 Β(

1817 1860 1830 1913 ί
1867 1860 1908 1916 Β
1936 1882 2141 1949 Celliis,
2174 1884 2183 1953 |
2216 1901 2354 1954 quae
2379 1887 2496 1941 loca
2535 1889 2589 1942 in
2623 1889 2792 1962 Libya
2842 1860 2991 1958 sunt,
3052 1893 3213 1964 longe
3272 1911 3303 1950 a
3364 1896 3505 1952 The—

256 1960 497 2028 legatur.
534 1957 594 2012 Id
635 1956 789 2010 illum
831 1956 925 2025 qui
970 1955 1214 2026 digessit,
1260 1971 1371 2011 non
1414 1953 1610 2009 eﬂ'erre
1660 1953 1716 2007 in
1760 1968 1827 2007 eo

255 2051 511 2121 propriae
555 2051 757 2105 mentis
798 2064 978 2115 sensa,
1017 2049 1114 2105 sed
1157 2048 1355 2112 aliena,
1390 2046 1654 2101 nominati
1684 2045 1836 2100 vide—-

252 2142 387 2196 licet
421 2142 478 2196 in
524 2141 705 2197 fronte
739 2141 924 2211 operis
962 2139 1183 2197 Macarii
1211 2138 1387 2209 Magni
1421 2138 1670 2203 recitare,
1707 2151 1834 2191 eum

254 2235 361 2289 alia
398 2234 705 2299 declarant,
736 2242 854 2287 tum
885 2232 1093 2288 inserta
1131 2230 1363 2287 subinde
1392 2246 1497 2285 vox
1520 2229 1707 2285 valens
1734 2229 1830 2293 ait,

253 2326 351 2380 ubi
379 2325 563 2380 minus
585 2334 901 2395 exspectes;
942 2339 1112 2393 quam
1150 2320 1561 2393 interpretando
1591 2320 1832 2391 plerum-

251 2435 361 2489 que
394 2419 668 2489 negligere
696 2432 817 2472 sum
850 2425 1094 2481 coactus,
1124 2424 1295 2479 metu,
1325 2428 1416 2477 ne,
1442 2413 1488 2467 si
1516 2412 1833 2484 scrupulose

252 2510 567 2574 redderem,
583 2508 885 2563 sententiae
905 2505 1283 2578 limpiditatem
1305 2512 1361 2558 et
1373 2518 1606 2573 pronum
1629 2502 1831 2557 fluxum

251 2599 484 2654 molesta
501 2613 605 2654 nec
621 2597 772 2652 utilis
788 2596 859 2651 ad
879 2596 1178 2667 quidquam
1198 2593 1571 2663 interpellaret
1592 2593 1827 2648 iteratio.

324 2689 525 2745 Totum
561 2698 744 2745 autem
784 2686 1236 2746 commentarium
1263 2685 1501 2757 priorem
1527 2684 1829 2756 Opusculo—

251 2795 377 2834 rum
412 2780 843 2835 Macarianorum
885 2778 1100 2849 primo,
1143 2777 1493 2850 syntagmatis
1535 2776 1699 2832 huius
1740 2792 1829 2832 se-

250 2869 456 2934 cundo,
488 2870 827 2940 complexus,
857 2869 1090 2924 alterum
1127 2866 1274 2921 haud
1318 2866 1480 2937 paulo
1514 2865 1741 2921 uberius
1775 2874 1832 2922 et

249 2960 522 3032 prolixius
570 2960 627 3015 in
676 2976 770 3015 sex
812 2961 919 3014 alia
964 2958 1123 3014 molis
1166 2958 1336 3013 ferme
1380 2958 1526 3028 paris
1558 2956 1829 3030 Opuscula

248 3051 508 3113 discrevi,
547 3065 660 3104 non
705 3050 939 3108 arbitrio
986 3065 1135 3105 mere
1179 3064 1322 3113 meo,
1354 3048 1449 3103 sed
1490 3048 1691 3103 indicia
1742 3064 1829 3104 se-

249 3152 417 3199 cutus
466 3142 837 3211 inspersorum
893 3141 1059 3198 certis
1103 3140 1404 3196 intervallis
1466 3140 1825 3211 peculiarium

250 3236 560 3299 titulorum,
606 3250 745 3305 quos
789 3236 851 3291 in
899 3235 1077 3291 fronte
1120 3234 1385 3304 cuiusque
1428 3231 1688 3305 Opusculi
1730 3249 1827 3290 ex-

248 3328 447 3399 pressi.
499 3324 689 3399 Capita
739 3343 956 3398 quoque
1002 3326 1084 3381 sic
1120 3333 1181 3381 ut
1221 3324 1447 3380 exhibui
1484 3323 1738 3381 distincta
1771 3325 1831 3381 in

250 3419 509 3489 originali
561 3418 752 3474 codice
794 3416 1070 3481 visuntur,
1105 3413 1326 3468 rubrica
1380 3420 1437 3469 et
1482 3428 1583 3469 suo
1632 3414 1830 3485 cuique

252 3511 431 3566 lndito
455 3527 684 3566 numero
709 3510 979 3580 dirempta
1006 3506 1363 3575 ordinataque
1396 3503 1651 3560 invicem.

324 3604 388 3658 V.
430 3604 549 3659 Non
578 3602 889 3668 dissimulo,
915 3610 1121 3673 septem
1150 3601 1285 3655 haec
1313 3599 1532 3654 Macarii
1558 3598 1830 3670 Opuscula

251 3694 605 3765 praecipuam
657 3694 797 3750 mihi
845 3693 1017 3757 fuisse
1080 3710 1301 3749 causam
1360 3694 1524 3749 huius
1573 3692 1828 3747 editionis

250 3783 622 3849 adornandae,
656 3792 976 3853 ceterosque
1016 3792 1269 3837 auctores
1308 3781 1562 3837 undecim
1601 3781 1828 3837 totidem

252 3876 342 3929 bis
376 3875 758 3929 adiunctorum
787 3874 1098 3930 libellorum
1114 3890 1226 3928 non
1260 3873 1369 3928 alio
1384 3873 1554 3929 ferme
1576 3875 1823 3941 consilio,

250 3980 418 4035 quam
451 3975 513 4020 ut
537 3964 771 4019 Macario
801 3982 1050 4037 pompam
1091 3967 1352 4037 facerem,
1374 3981 1511 4023 neve
1540 3966 1824 4025 incomita-

250 4062 342 4110 tus
386 4071 582 4125 parum
632 4055 859 4112 honeste
899 4058 1181 4128 prodiret,
1221 4077 1255 4117 a
1296 4078 1384 4117 me
1427 4062 1679 4119 adscitos.
1726 4062 1826 4117 Cui

249 4155 626 4202 consentanea
665 4149 945 4219 proposito
990 4166 1149 4220 agere
1185 4150 1278 4208 hic
1313 4154 1477 4223 paulo
1511 4154 1828 4226 diligentius

249 4240 320 4295 de
356 4238 590 4296 Macario
620 4240 811 4310 Magno
858 4240 1054 4307 debeo,
1087 4258 1199 4298 non
1248 4244 1553 4300 omissurus
1594 4246 1662 4301 de
1703 4246 1825 4301 aliis

250 4333 387 4388 item
412 4331 751 4400 reliquorum
780 4333 1099 4389 auctoribus
1138 4334 1537 4405 Opusculorum
1588 4352 1688 4391 suo
1732 4353 1827 4391 cu-

249 4423 450 4493 iusque
474 4423 596 4477 loco
615 4422 877 4479 etordine
894 4440 1035 4495 quae
1053 4427 1162 4482 dici
1190 4436 1443 4498 oportere
1468 4428 1820 4484 videbuntur.

320 4515 490 4570 Multa
544 4529 632 4569 me
686 4514 755 4569 ad
814 4515 1233 4586 impendendam
1279 4520 1600 4576 Macarianis
1667 4521 1819 4577 hisce
1851 4527 1894 4581 D

246 4607 542 4678 Opusculis
573 4623 606 4663 e
648 4606 757 4663 situ
800 4609 1057 4665 eruendis
1113 4611 1451 4683 diligentiam
1506 4624 1813 4669 moverunt.

247 4699 493 4754 Verbum
518 4706 676 4753 vetus
704 4706 789 4755 est
818 4701 873 4756 S.
900 4700 1211 4757 Ambrosii:
1239 4703 1451 4759 Primus
1471 4704 1699 4759 discendi
1731 4724 1819 4759 ar-

246 4792 346 4845 dor
390 4791 634 4848 nobilitas
671 4802 746 4848 est
781 4796 1019 4865 magistri
1043 4794 1139 4867 (1).
1175 4796 1232 4851 8.
1274 4798 1451 4853 Patris
1496 4798 1814 4864 auctoritas,

246 4883 442 4953 Magno
468 4884 765 4940 Athanasio
789 4888 1051 4955 aequalis,
1079 4888 1271 4959 Magno
1314 4905 1530 4960 quoque
1580 4889 1815 4945 Antonio

247 4973 556 5039 familiaris,
588 4976 645 5030 in
679 4993 843 5047 opere
864 4978 955 5033 illa
983 4980 1099 5049 ipsa
1124 4980 1453 5050 proferente,
1483 4998 1624 5051 quae
1674 4982 1815 5037 divi-

246 5067 397 5121 nitus
418 5067 722 5124 illustratus
738 5070 1009 5125 Antonius
1027 5072 1406 5142 antiquissimo
1424 5073 1815 5144 discipulorum

243 5172 311 5212 ac
338 5158 452 5211 filio
482 5159 867 5229 primogenito,
895 5162 1075 5218 intimi
1114 5163 1275 5235 longo
1306 5181 1410 5220 usu
1464 5167 1813 5221 contubernii

242 5252 506 5306 ministro
545 5251 888 5319 ﬁdelissimo,
920 5271 1121 5312 arcane
1161 5259 1605 5325 communicavit,
1645 5259 1809 5332 digna

242 5344 362 5399 visa
389 5353 476 5401 est
496 5361 659 5415 quam
689 5363 1001 5414 venerarer,
1032 5360 1089 5405 et
1122 5365 1187 5405 ea
1213 5353 1653 5409 commendatum
1700 5370 1809 5408 non

242 5437 587 5507 despicerem
616 5439 785 5495 latere
816 5440 873 5495 in
906 5452 1231 5511 perpetuum
1269 5444 1498 5498 sinendo
1531 5446 1805 5508 volumen.

241 5531 567 5601 praesertim
598 5534 891 5603 spectabile
938 5537 1179 5608 utileque
1215 5537 1269 5594 in
1304 5536 1460 5611 [non]
1490 5540 1703 5609 paucis,
1751 5549 1811 5594 ut

1934 1973 2095 2029 baide
2145 1975 2420 2042 distantia,
2456 1978 2512 2032 in
2558 1994 2665 2048 qua
2698 1992 2755 2036 et
2791 1998 2948 2039 mons
2975 1984 3224 2052 interior,
3264 1987 3360 2041 ubi
3410 2004 3502 2043 so-

1931 2066 2017 2122 lus
2042 2068 2365 2139 plerumque
2397 2071 2673 2127 residebat
2697 2072 2987 2141 Antonius,
3015 2087 3155 2143 erat,
3190 2087 3247 2134 et
3282 2079 3352 2133 ab
3397 2080 3503 2135 hoc

1932 2174 2043 2214 non
2061 2162 2293 2215 multum
2310 2161 2521 2218 distans
2552 2178 2709 2219 mons
2728 2167 2986 2232 exterior,
3010 2168 3064 2221 in
3084 2184 3245 2238 quem
3268 2170 3504 2227 subinde

1930 2252 2274 2317 excurrebat,
2288 2252 2414 2308 utin
2428 2269 2494 2309 eo
2504 2254 2812 2312 habitantes
2825 2273 2954 2313 suos
2967 2260 3265 2316 monachos
3277 2261 3498 2319 viseret.

2000 2344 2085 2399 Ab
2118 2344 2223 2400 hoc
2259 2354 2495 2416 utroque
2518 2346 2754 2403 Macario
2794 2349 2960 2404 alium
2992 2350 3268 2407 diversum
3302 2363 3357 2408 et
3382 2370 3499 2408 am-

1931 2434 2109 2491 bobus
2140 2436 2412 2493 seniorem
2438 2437 2607 2495 fuisse
2634 2440 2833 2495 docent
2862 2456 2963 2496 nos
2988 2442 3321 2499 Athanasius
3346 2445 3400 2499 in
3440 2445 3497 2501 S‘.

1929 2528 2173 2594 Antonii,
2198 2528 2558 2602 Hieronymus
2579 2532 2636 2586 in
2672 2533 2825 2587 Pauli
2856 2533 3023 2603 primi
3060 2536 3320 2593 eremitae
3354 2536 3493 2603 Vita,

1930 2620 2063 2675 dum
2085 2622 2259 2687 aiunt,
2286 2622 2536 2695 Magnum
2567 2625 2866 2681 Antonium
2888 2626 3029 2681 duos
3052 2642 3239 2682 secum
3260 2627 3506 2698 discipu-

1930 2712 2013 2769 los
2034 2714 2273 2781 intimos,
2296 2718 2524 2773 comites
2547 2718 2880 2786 individuos,
2912 2721 3169 2777 habuisse
3202 2721 3496 2778 Macarium

1928 2815 1987 2861 et
2027 2807 2336 2876 Amatham,
2375 2813 2697 2881 praesertim
2747 2814 2956 2869 ultimis
2986 2814 3299 2885 quindecim
3352 2814 3498 2869 vitae

1928 2910 2059 2955 suae
2086 2900 2265 2965 annis,
2289 2916 2428 2971 quos
2462 2912 2520 2958 et
2550 2904 2696 2960 solos
2722 2905 2911 2960 obitus
2952 2906 3036 2961 sui
3087 2916 3255 2963 testes
3297 2915 3354 2961 et
3409 2922 3498 2961 se-

1928 2990 2199 3059 pulturae,
2229 2992 2298 3049 de
2332 3010 2440 3064 qua
2471 2995 2578 3051 illis
2602 2996 2857 3053 mandata
2877 3012 3131 3068 suprema
3160 2998 3333 3065 dedit,
3374 3012 3497 3053 esse

1928 3083 2178 3138 conscios
2201 3086 2394 3141 voluit.
2439 3086 2680 3159 Contigit
2726 3089 2783 3145 S.
2834 3089 3054 3145 Antonii
3119 3090 3303 3146 obitus
3351 3105 3497 3145 anno

1852 3194 1897 3254 α
1926 3171 2231 3231 Constantii
2253 3176 2342 3243 19,
2370 3176 2575 3233 Christi
2596 3179 2719 3236 556.
2745 3180 2911 3251 Atqui
2940 3181 3008 3236 de
3027 3181 3265 3237 Macario
3288 3182 3494 3253 Aegyp-

1928 3265 2026 3331 tio,
2054 3280 2216 3336 quem
2236 3268 2433 3337 passim
2459 3280 2671 3339 ponunt
2700 3271 3069 3328 Alexandrino
3111 3272 3277 3328 fuisse
3317 3273 3479 3328 senio

1930 3371 2065 3421 rem,
2095 3373 2163 3412 ex
2187 3358 2308 3414 eius
2328 3359 2480 3415 Actis
2521 3370 2755 3427 constat,
2800 3378 2926 3418 eum
2976 3372 3206 3419 naturae
3248 3363 3490 3421 debitum

1930 3448 2153 3504 solvisse
2177 3464 2320 3505 anno
2346 3450 2550 3507 Christi
2600 3452 2698 3508 591
2746 3455 3196 3526 nonagenarium,
3229 3465 3353 3526 post
3402 3470 3497 3511 an-

1928 3554 2031 3595 nos
2070 3541 2351 3611 sexaginta
2408 3542 2465 3597 in
2535 3543 2773 3600 Scithica
2820 3546 3116 3601 solitudine
3171 3554 3492 3601 transactos.

1928 3629 2083 3686 Unde
2110 3632 2382 3701 sequitur,
2419 3634 2779 3703 capessivisse
2816 3635 2971 3690 illum
3015 3636 3311 3692 solitariam
3348 3638 3494 3707 apud

1928 3721 2140 3778 Scithin
2166 3724 2337 3778 vitam
2370 3740 2516 3779 anno
2536 3725 2740 3782 Christi
2765 3727 2890 3791 351,
2921 3726 3016 3782 ubi
3054 3743 3180 3783 cum
3221 3728 3290 3783 ad
3328 3728 3493 3783 ﬁnem

1927 3816 2381 3884 perseveraverit,
2403 3817 2510 3872 nisi
2536 3818 2683 3887 quod
2711 3819 3092 3889 peregrinatus
3117 3819 3395 3875 interdum
3425 3821 3493 3875 ad

1925 3905 2222 3961 Antonium
2255 3917 2340 3963 est
2381 3909 2592 3965 visendi
2649 3919 2706 3966 et
2743 3911 3067 3966 consulendi
3126 3912 3245 3967 eius
3298 3912 3492 3983 gratia,

1926 4014 2050 4052 mox
2088 3998 2154 4053 ad
2189 4001 2478 4055 stationem
2517 4002 2833 4072 regrediens
2866 4017 3043 4067 suam,
3090 4013 3497 4072 consequenter

1925 4091 2072 4148 haud
2101 4109 2230 4149 sane
2253 4093 2360 4147 dici
2392 4110 2572 4162 posse,
2603 4095 2772 4150 fuisse
2823 4095 2973 4150 hunc
3014 4095 3338 4165 Aegyptium
3378 4095 3491 4150 Ma-

1925 4183 2154 4248 carium,
2186 4184 2339 4238 illum
2366 4184 2630 4240 Amathae
2657 4186 2943 4257 collegam,
2974 4186 3287 4242 ministrum
3317 4195 3373 4242 et
3400 4202 3489 4242 so-

1924 4276 2071 4332 cium
2103 4276 2447 4332 individuum
2474 4278 2646 4348 Magni
2665 4280 2911 4344 Antonii,
2944 4294 3106 4349 quem
3131 4279 3221 4333 ille
3270 4279 3379 4333 iam
3419 4279 3489 4333 ab

1924 4383 2068 4421 anno
2107 4367 2315 4423 Christi
2354 4369 2621 4424 iiii—hic
2656 4370 2805 4424 enim
2840 4370 3066 4439 quintus
3104 4368 3350 4423 decimus
3404 4376 3492 4422 est

1924 4467 2049 4513 ante
2074 4468 2305 4513 mortem
2336 4458 2762 4514 Antonii—dum
2792 4460 2849 4513 in
2874 4469 3114 4514 montem
3147 4459 3487 4520 interiorem,

1925 4551 2037 4605 illic
2057 4550 2313 4620 .reliquae
2338 4551 2479 4605 vitae
2519 4550 2755 4606 stadium
2796 4551 3147 4615 decursurus,
3185 4550 3485 4614 secederet,

1922 4642 1980 4696 in
2029 4642 2149 4697 loco
2200 4642 2331 4698 huic
2372 4642 2573 4707 vicino,
2612 4644 2716 4698 hoc
2754 4653 2837 4698 est
2888 4643 2944 4697 in
2995 4650 3179 4697 monte
3215 4642 3486 4697 exteriore

1922 4743 2140 4804 praesto
2167 4750 2384 4804 semper
2414 4735 2519 4789 sibi
2542 4735 2611 4789 ad
2631 4744 2937 4790 extremum
2970 4750 3089 4789 esse
3112 4734 3349 4789 iusserit.

1990 4824 2079 4880 Vl.
2117 4824 2276 4880 Hunc
2325 4826 2578 4896 equidem
2626 4826 2920 4881 Macarium
2971 4826 3177 4881 socium
3220 4826 3487 4881 Amathae

1914 4917 2166 4972 existimo
2203 4926 2314 4974 tam
2362 4920 2775 4989 quinquaginta,
2811 4936 2949 4989 quae
3003 4920 3213 4975 dudum
3266 4930 3485 4975 exstant

1911 5006 2206 5077 inscriptae
2225 5009 2454 5070 nomine
2504 5010 2745 5075 Macarii,
2783 5012 3138 5067 llomiliarum
3175 5021 3478 5079 auctorem,

1909 5113 2072 5165 quam
2107 5098 2304 5154 horum
2333 5109 2538 5169 septem
2564 5099 2961 5171 Opusculorum
2989 5119 3130 5172 quae
3175 5119 3324 5159 nunc
3364 5105 3480 5159 edi-

1910 5204 2051 5242 mus.
2072 5189 2206 5243 Nam
2238 5191 2382 5260 quod
2407 5193 2493 5246 vir
2516 5192 2865 5249 doctissimus
2894 5194 3130 5250 Joannes
3162 5195 3344 5261 Picus,
3381 5197 3476 5265 qui

1917 5277 2178 5334 Homilias
2208 5280 2326 5336 illas
2350 5297 2381 5336 a
2402 5298 2460 5336 se
2499 5283 2667 5338 latine
2704 5283 2945 5340 redditas
2986 5286 3249 5355 vulgavit,
3281 5285 3474 5353 opina-

1916 5379 2024 5433 tur,
2044 5372 2272 5440 scriptas
2294 5387 2387 5427 eas
2410 5373 2577 5429 fuisse
2602 5390 2632 5428 a
2658 5375 2889 5430 Macario
2904 5377 3183 5447 Aegyptio,
3205 5376 3474 5431 Scithicae

1916 5460 2091 5516 incola
2125 5463 2459 5527 solitudinis,
2489 5465 2667 5521 valide
2700 5466 2967 5521 refellitur
3001 5464 3275 5521 contrario
3320 5464 3472 5518 testi-

1918 5554 2099 5609 monio
2123 5554 2391 5611 Gennadii
2420 5556 2790 5625 Massiliensis,
2825 5559 2982 5615 cuius
3004 5573 3122 5627 cap.
3156 5556 3207 5612 Χ
3230 5556 3364 5613 libri
3395 5555 3476 5614 De

1743 5706 1994 5768 NOTAE.

315 5784 396 5855 (1)
434 5784 551 5842 Lib.
588 5786 661 5843 De
688 5788 825 5859 virg.
