4274 6358
800 367 905 425 335

1916 379 2121 437 PETRI
2160 382 2420 441 POSSiNl
2462 385 2972 443 PROLEGOMENA

3949 392 4059 451 536

799 482 933 537 viris
958 483 1265 544 illustribus
1290 487 1426 546 haec
1457 490 1716 564 leguntur
1746 495 1913 551 verba
1938 513 1951 550 :
1975 498 2245 555 Macarius
2278 501 2369 555 ille
2399 515 2440 567 Α
2472 504 2619 573 ginta
2644 504 2983 567 milliarium,
3014 502 3083 558 ad
3122 502 3305 559 locum
3347 506 3640 561 exterioris
3690 507 3919 572 montis,
3967 509 4057 563 in-

797 574 1081 628 monachus
1112 577 1415 649 Aegyptius,
1449 583 1609 654 signis
1629 595 1677 639 et
1697 587 1970 642 virtutibus
1988 589 2183 656 clarus,
2206 610 2367 646 unam

798 672 1004 755 tantum
1050 669 1132 725 ad.
1137 670 1378 739 juniores
1404 677 1735 746 professionis
1759 697 1887 734 suae
1930 684 2135 753 scripsit
2179 688 2367 755 episto-

798 752 926 809 lam.
956 758 1033 813 Ita
1057 759 1185 815 ille:
1217 764 1376 819 cuius
1407 776 1514 820 tam
1537 768 1719 824 idonei
1757 779 1867 825 tam
1900 752 2137 829 disertae
2179 752 2367 829 aucto-

798 848 943 905 ritati
978 852 1131 907 testis
1158 855 1288 924 quid
1318 858 1451 913 satis
1495 862 1734 917 validum
1772 865 1995 921 obtendi
2047 867 2368 925 eluctandae

796 952 979 1009 queat,
1006 943 1150 1000 haud
1176 947 1373 1015 video;
1422 963 1586 1023 atque
1635 956 1773 1012 adeo
1821 974 1923 1027 pro
1975 972 2127 1016 certo
2184 973 2364 1028 teneo,

797 1034 1168 1099 quaerendum
1199 1039 1367 1094 alium
1390 1058 1418 1095 a
1451 1043 1687 1101 Macario
1729 1048 1993 1120 Aegyptio
2034 1051 2366 1109 Macariana-

800 1140 918 1178 rum
953 1127 1311 1187 Homiliarum
1345 1148 1647 1194 auctorem.

867 1211 1132 1285 Suggeret
1164 1217 1303 1276 forte
1330 1225 1602 1295 quispiam
1656 1230 1888 1285 alterum
1938 1232 2045 1289 hoc
2094 1235 2366 1292 iuniorem

799 1302 1110 1374 Macarium,
1139 1313 1300 1384 vulgo
1326 1314 1533 1371 dictum
1561 1319 1989 1379 Alexandrinum
2010 1341 2040 1379 a
2069 1327 2287 1383 civitate
2310 1329 2365 1382 in

796 1413 902 1487 qua
928 1409 1089 1458 natus
1115 1416 1216 1460 est.
1239 1407 1310 1462 At
1334 1423 1459 1464 cum
1506 1412 1649 1467 inter
1704 1417 1894 1481 multa,
1944 1434 2084 1487 quae
2137 1419 2205 1474 de
2262 1421 2367 1476 isto

798 1483 1030 1543 Macario
1060 1491 1395 1552 Sozomeiius
1442 1499 1537 1554 lib.
1573 1502 1642 1557 IlI
1674 1520 1796 1575 cap.
1843 1507 1930 1572 15,
1962 1483 2219 1565 _Socrates
2264 1511 2361 1565 lib.

798 1578 863 1633 lV
897 1596 1016 1650 cap.
1053 1584 1143 1649 18,
1189 1597 1247 1641 ct
1276 1604 1342 1642 ex
1370 1590 1456 1645 his
1487 1592 1557 1647 de
1594 1609 1747 1651 more
1785 1596 2125 1667 Nicephorus
2160 1601 2256 1655 lib.
2293 1602 2365 1655 ΙΧ

796 1685 912 1741 cap.
966 1674 1034 1729 M
1089 1678 1373 1749 colligunt,
1422 1683 1561 1738 nihil
1611 1702 1838 1755 prorsus
1898 1689 2155 1753 referant,
2218 1691 2364 1746 unde

794 1763 1078 1833 scripsisse
1109 1769 1407 1840 quidquam
1432 1790 1581 1841 eum,
1609 1779 1756 1847 quod
1789 1780 1843 1832 in
1864 1780 2041 1835 lucem
2070 1798 2132 1835 ac
2164 1781 2362 1837 famam

2476 594 2658 648 teriori
2691 595 3079 664 propinquum,
3111 595 3201 649 cui
3230 596 3350 651 loco
3380 613 3579 652 nomen
3607 609 3726 654 erat
3746 600 4055 671 Pispcr(2),

2473 687 2564 740 ubi
2591 687 2852 742 Amathas
2898 696 2956 741 et
2993 688 3263 743 Macarius
3310 689 3647 755 residebant,
3692 692 3837 747 soliti
3894 704 4057 749 erant

2471 780 2765 834 convenire
2791 780 3096 835 audientiae
3132 781 3305 851 gratia
3339 796 3525 838 sacrae
3566 784 3851 839 doctrinae
3879 801 3911 839 a
3938 786 4055 840 Ma-

2469 870 2617 925 cario
2647 871 2869 926 Antonii
2896 872 3217 943 interprete,
3245 873 3378 945 quin
3409 885 3466 931 et
3502 877 3676 946 ipsius
3710 877 3937 932 Antonii
3972 879 4056 933 vi-

2468 966 2645 1030 sendi,
2692 967 2787 1035 qui
2844 982 2912 1021 eo
2972 978 3332 1024 consueverat
3383 969 3551 1025 certis
3597 969 3811 1023 dierum
3872 971 4052 1025 inter-

2468 1056 2626 1110 vallis
2655 1072 2713 1112 se
2742 1057 3011 1113 conferre.
3044 1059 3190 1113 Nihil
3222 1058 3417 1113 horum
3442 1060 3591 1114 credi
3628 1060 3764 1114 mihi
3805 1070 4049 1130 postulo.

2467 1148 2549 1202 En
2578 1149 2873 1213 oculatum,
2901 1150 3173 1206 referente
3190 1149 3432 1207 Palladio
3464 1152 3520 1206 in
3549 1152 3685 1208 Vitis
3708 1153 3955 1216 Patrum,
3982 1152 4053 1207 de

2468 1242 2556 1297 his
2589 1243 2807 1299 cunctis
2845 1244 3223 1300 testimonium
3267 1245 3457 1301 Cronii
3495 1245 3779 1300 cuiusdam
3823 1245 4052 1315 presby-

2470 1334 2568 1388 teri
2604 1334 2913 1399 Nitriensis,
2947 1350 3005 1390 se
3039 1336 3256 1392 venisse
3292 1336 3491 1392 aientis
3547 1338 3618 1392 ad
3666 1338 4053 1390 monasterium

2468 1424 2524 1481 S.
2559 1428 2769 1482 Antonii
2791 1429 2846 1481 in
2875 1428 2981 1482 loco
3003 1431 3093 1501 qui
3120 1428 3305 1500 Pisper
3333 1431 3542 1484 dicitur.
3563 1430 3629 1485 In
3672 1447 3796 1501 quo,
3843 1430 4048 1499 inquit,

2463 1518 2713 1572 sedebant
2771 1521 2881 1573 eius
2936 1521 3178 1591 discipuli
3219 1522 3485 1575 Macarius
3534 1530 3585 1575 et
3630 1522 3911 1585 Amathus,
3958 1523 4050 1591 qui

2465 1611 2624 1662 etiam
2678 1627 2815 1674 eum,
2874 1629 2991 1665 cum
3043 1614 3375 1676 dormiisset,
3433 1612 3773 1683 sepelierunt.
3837 1611 4047 1676 Addit,

2465 1712 2789 1771 exspectasse
2817 1720 2871 1757 se
2908 1704 3015 1758 dies
3054 1707 3303 1775 quinque,
3353 1715 3409 1757 ut
3462 1706 3759 1758 conveniret
3801 1711 4049 1757 sanctum

2464 1792 2769 1846 Antonium.
2822 1793 3103 1848 Dicebatur
3161 1798 3319 1858 enim,
3378 1796 3476 1860 ait,
3526 1796 3770 1848 accedere
3826 1796 3898 1848 ad
3950 1799 4050 1848 hoc

793 1854 1009 1922 exierit,
1036 1861 1209 1956 possit
1229 1863 1493 1956 intelligi,
1522 1884 1624 1923 nec
1650 1870 1700 1924 ei
1733 1872 2023 1941 quisquam
2050 1874 2193 1928 alius
2216 1882 2365 1929 vete«
2396 1858 2438 1915 Β
2468 1887 2846 1938 monasterium
2902 1885 3191 1955 aliquando
3253 1887 3463 1956 quidem
3514 1896 3625 1956 post
3676 1887 3850 1939 decem
3910 1886 4045 1949 dies,

796 1960 940 2037 rum,
980 1950 1128 2019 quod
1164 1955 1354 2021 sciam,
1384 1968 1479 2013 aut
1508 1963 1875 2018 recentiorum
1920 1966 2025 2021 hoc
2073 1982 2213 2037 opus
2262 1968 2363 2022 tri-

795 2035 969 2094 buat:
1021 2043 1147 2113 quis
1171 2063 1281 2102 non
1323 2050 1492 2117 videt,
1524 2068 1719 2125 magna
1766 2072 1870 2111 nos
1922 2058 2139 2113 invitari
2174 2061 2366 2115 verisi-

796 2130 1106 2191 militudine
1136 2138 1203 2193 ad
1240 2140 1507 2199 Homilias
1538 2146 1671 2202 istas
1710 2149 2090 2219 antiquissimo
2130 2152 2363 2208 Macario

794 2220 969 2292 Magni
998 2225 1219 2283 Antonii
1253 2231 1449 2290 intimo
1477 2247 1642 2307 atque
1666 2239 1952 2296 individuo
1968 2242 2222 2298 ministro
2244 2246 2365 2298 vin-

792 2313 1093 2375 dicandas?
1144 2322 1257 2379 Nec
1300 2341 1409 2395 qua
1458 2345 1552 2385 eas
1594 2334 1880 2389 occasione
1941 2351 2119 2405 quove
2186 2336 2363 2392 oflicio

792 2425 1037 2480 graecea
1063 2429 1122 2469 se
1171 2418 1414 2475 redditas
1460 2437 1528 2477 ex
1566 2424 1789 2480 Antonii
1840 2429 2081 2497 magistri
2143 2429 2364 2486 dictatis

792 2506 1099 2572 protulerit,
1155 2508 1324 2565 latere
1357 2514 1558 2580 poterit
1597 2526 1962 2585 reputantem,
1993 2522 2361 2589 praepositum

791 2610 917 2650 eum
944 2598 1012 2653 ab
1035 2598 1275 2657 Antonio
1304 2604 1314 2673 Ι
1345 2603 1514 2661 fuisse
1552 2608 1923 2677 gubernandis
1960 2611 2081 2666 eius
2141 2615 2361 2668 nomine

791 2692 1033 2763 quinque
1063 2696 1307 2752 millibus
1345 2701 1761 2768 monachorum,
1798 2705 1894 2772 qui
1938 2704 2145 2760 ultimis
2196 2707 2362 2776 quin-

792 2786 968 2843 decim
1000 2789 1143 2845 vitae
1174 2789 1397 2846 Antonii
1440 2793 1595 2849 annis
1651 2797 2041 2851 monasterium
2082 2799 2363 2868 Pispirita-

793 2896 926 2935 num
948 2881 1389 2952 frequentabant.
1422 2886 1539 2941 Hoc
1570 2887 1928 2944 disertissime
1963 2901 2192 2945 testatur
2216 2894 2359 2947 anti-

792 2972 1092 3042 quissimus
1117 2975 1262 3031 vitae
1291 2977 1505 3034 abbatis
1533 2979 1837 3035 Posthumii
1873 2984 2106 3053 scriptor
2151 2999 2359 3055 anony-

793 3080 936 3130 mns,
965 3081 1129 3135 quem
1158 3069 1405 3125 referunt
1424 3080 1483 3126 et
1514 3086 1544 3125 a
1575 3071 1680 3127 ﬁde
1706 3074 1939 3130 maxime
1977 3077 2363 3133 commendant

2467 1977 2753 2048 aliquando
2825 1996 2947 2033 vero
3012 1990 3127 2050 post
3172 1981 3379 2051 viginti,
3425 1980 3713 2049 aliquando
3761 1996 3884 2032 vero
3928 1987 4046 2048 post

2465 2070 2710 2138 quinque,
2763 2079 2917 2139 prout
2961 2070 3262 2141 expediebat
3315 2086 3411 2139 pro
3464 2069 3706 2137 beneﬁcio
3739 2086 3918 2122 eorum
3950 2071 4045 2138 qui

2462 2163 2733 2215 veniebant
2761 2164 2829 2215 ad
2858 2165 3253 2217 monasterium.
3285 2162 3455 2217 Porro
3481 2163 3565 2227 iis,
3599 2163 3692 2231 qui
3718 2163 3774 2215 in
3795 2178 3862 2216 eo
3884 2176 4048 2216 erant

2462 2254 2813 2320 monasterio,
2842 2254 3141 2325 praefuisse
3187 2255 3453 2309 vicarium
3488 2255 3711 2309 Antonii
3746 2254 4045 2308 Macarium

2462 2346 2607 2401 clare
2635 2347 2803 2401 tradit
2829 2348 2972 2402 idem
3028 2348 3122 2418 qui
3178 2348 3391 2403 viderat
3437 2346 3675 2402 Cronius
3732 2348 4041 2419 presbyter,

2462 2436 2567 2493 hoc
2593 2438 2757 2493 modo
2786 2454 2950 2509 supra
2984 2440 3268 2510 descriptis
3309 2440 3646 2511 adiungens:
3687 2440 3887 2495 Accidit
3939 2458 4042 2494 au-

2463 2538 2601 2597 tem,
2646 2540 2704 2585 ut
2739 2531 2847 2585 alio
2893 2533 2976 2585 die
3008 2535 3207 2587 veniret
3244 2532 3469 2604 Magnus
3517 2531 3872 2607 [Antonius]
3924 2550 4044 2589 sero

2460 2640 2689 2694 uespere,
2710 2625 2930 2679 amictus
2956 2625 3228 2696 chlamyde
3247 2624 3487 2697 pellicea.
3516 2625 3789 2697 Ingressus
3820 2634 3894 2679 est
3917 2642 4042 2696 ergo

2459 2733 2613 2769 suum
2654 2720 3054 2771 monasterium.
3087 2718 3223 2773 Erat
3253 2729 3430 2773 autem
3455 2721 3581 2773 haec
3608 2720 3719 2773 eius
3760 2727 4039 2772 consuetu-

2462 2806 2549 2870 do,
2585 2817 2641 2860 ut
2670 2806 3032 2879 alloqueretur
3075 2808 3392 2874 Macarium,
3428 2818 3478 2863 et
3505 2825 3622 2863 eum
3646 2810 3998 2881 interrogaret
4022 2826 4042 2865 :

2461 2898 2652 2953 Frater
2676 2901 2899 2965 Macari,
2952 2912 3274 2955 ueneruntne
3323 2903 3421 2955 huc
3468 2902 3637 2972 aliqui
3678 2902 3703 2955 ?
3744 2901 4043 2973 Responde-

2460 2990 2548 3045 bat
2568 2991 2862 3046 Macarius:
2878 2991 3157 3047 Venerunt.
3178 2992 3390 3047 Dicebat
3413 3004 3587 3048 autem
3606 2994 3829 3065 Magnus
3844 3010 3862 3046 :
3882 2992 4045 3049 Sunt-

2462 3100 2527 3139 ne
2586 3084 2826 3157 Aegyptii
2876 3103 2947 3139 an
2993 3084 3507 3156 Hierosolymitani.’
3564 3086 3796 3140 Dederat
3862 3095 4040 3140 autem

794 3158 972 3260 nostri
988 3158 1300 3260 Aliollandus
1338 3170 1397 3217 et
1440 3161 1817 3219 Henschenius
1865 3166 2024 3219 Tom.
2054 3167 2074 3220 l
2123 3167 2360 3222 Ianuarii
2389 3201 2432 3260 C
2464 3176 2687 3248 Magnus
2722 3179 2766 3231 ei
2794 3178 3001 3248 signum
3032 3176 3206 3231 dicens
3229 3194 3247 3231 :
3274 3176 3405 3232 Cum
3453 3177 3642 3231 videris
3682 3179 3883 3231 uenisse
3933 3176 4040 3231 ali-

793 3264 916 3320 pag.
950 3249 1105 3305 1(⁸06-
1132 3250 1348 3307 Ῑεθιὶίιῐι
1384 3268 1635 3320 narrans.
1667 3255 1960 3311 Macarium
1986 3268 2109 3327 p05!
2153 3270 2363 3314 recwm
2395 3249 2432 3260 ν
2464 3286 2592 3340 quos
2616 3269 2795 3341 quibus
2822 3277 2899 3323 est
2929 3271 3101 3323 minus
3135 3270 3347 3340 negotii,
3388 3269 3469 3323 dic
3491 3287 3509 3324 :
3534 3269 3735 3323 Adsunt
3762 3269 4041 3340 Aegyptii;

793 3355 826 3394 a
858 3356 917 3396 se
953 3340 1069 3396 solo
1101 3342 1310 3412 aliquot
1345 3358 1377 3399 a
1409 3354 1586 3400 morte
1626 3345 1849 3402 Antonii
1887 3350 2044 3404 annis
2086 3350 2366 3420 Pispirita-

794 3445 928 3485 num
996 3432 1348 3499 coenobium,
1390 3435 1546 3491 senio
1591 3449 1651 3493 se
1698 3437 1955 3494 fatiscere
2012 3443 2361 3509 sentientem,

795 3524 853 3580 in
901 3526 987 3581 sui
1042 3526 1224 3581 locum
1261 3528 1492 3599 elegisse
1533 3546 1915 3587 successurum
1965 3536 2069 3588 sibi
2133 3537 2365 3591 Posthu-

795 3616 987 3682 mium,
1023 3618 1325 3676 clarissime
1353 3621 1451 3688 ait,
1480 3622 1649 3680 fuisse
1677 3625 1979 3680 Posthumii
2020 3628 2362 3685 decessorem

792 3708 1091 3764 Macarium
1148 3711 1213 3767 Β.
1270 3714 1486 3769 Antonii
1542 3717 1877 3788 discipulum,
1922 3736 1986 3774 ac
2040 3738 2164 3775 mox
2202 3724 2363 3778 tertio

794 3811 918 3872 post
979 3817 1142 3859 versu
1186 3821 1200 3858 :
1256 3822 1383 3861 nam
1423 3808 1563 3862 idem
1613 3809 1879 3864 Macarius
1920 3813 1983 3865 ab
2011 3812 2209 3867 illustri
2251 3816 2363 3871 viro

793 3892 1020 3947 Antonio
1074 3896 1450 3950 monachorum
1505 3896 1612 3965 fere
1681 3900 1910 3969 quinque
1970 3900 2139 3954 millia
2213 3919 2363 3956 acce-

795 3991 945 4051 perat
966 3984 1331 4053 gubernanda.
1357 3986 1628 4041 Nimirum
1656 3987 1711 4043 S.
1742 3989 2033 4056 Antonius,
2055 3992 2147 4061 qui
2177 3992 2363 4049 literas

794 4090 824 4126 a
852 4090 1025 4143 puero
1052 4090 1163 4130 non
1183 4076 1485 4143 didicisset,
1513 4090 1571 4135 et
1600 4081 1777 4149 patria
1806 4097 1915 4135 una
1947 4082 2128 4153 lingua
2151 4086 2362 4155 coptica

795 4180 1010 4236 semper
1066 4166 1318 4237 loquens,
1368 4185 1559 4240 graeca
1618 4188 1729 4226 non
1775 4174 2027 4243 expedite
2092 4185 2359 4242 uteretur,

795 4267 1087 4327 pr0pterea
1118 4259 1312 4314 solitus
1336 4275 1460 4314 cum
1486 4260 1710 4316 Graecis
1746 4278 1908 4333 agere
1954 4280 2053 4334 per
2098 4265 2363 4337 interpre-

797 4358 928 4415 tem,
964 4360 1026 4406 ut
1073 4350 1209 4407 haec
1259 4353 1444 4407 omnia
1480 4353 1685 4409 diserte
1723 4354 2053 4412 Athanasius
2110 4367 2360 4425 testatur,

796 4440 1003 4497 addens
1030 4443 1214 4507 etiam,
1233 4444 1301 4499 ad
1333 4444 1437 4498 hoc
1459 4444 1526 4498 ad
1557 4461 1779 4500 manum
1800 4447 2057 4502 habuisse
2085 4449 2361 4506 hominem

2465 3363 2678 3433 quando
2704 3370 2884 3415 autem
2926 3361 3116 3415 videris
3142 3364 3341 3415 venisse
3384 3359 3589 3431 aliquos
3614 3361 3965 3431 religiosiores
3992 3372 4042 3415 et

2465 3452 2625 3525 paulo
2675 3454 3125 3518 consideratiorcs,
3176 3452 3296 3508 dic:
3328 3453 3337 3524 |
3369 3451 3505 3507 Sunt
3551 3453 4037 3524 Hierosolymitani.

2465 3546 2610 3599 Haec
2638 3544 2890 3611 Cronius,
2915 3561 3055 3616 quae
3075 3544 3291 3600 viderat
3315 3546 3420 3600 ﬁde
3445 3546 3750 3617 presbyteri
3769 3547 4039 3601 referens.

2463 3636 2543 3692 Ex
2580 3637 2782 3707 quibus
2828 3636 3116 3692 manifeste
3164 3646 3335 3707 patet,
3387 3636 3607 3691 assidue
3664 3634 3929 3689 mansisse
3985 3635 4040 3687 in

2461 3731 2794 3802 Pispiritano
2822 3731 3089 3785 coenobio
3122 3730 3438 3794 Macarium,
3459 3730 3611 3784 vices
3642 3729 3886 3792 Antonii,
3906 3745 4043 3798 quo-

2463 3821 2531 3875 ad
2562 3821 2609 3877 is
2654 3821 2809 3889 vixit,
2845 3831 3125 3893 gerentem
3165 3830 3223 3877 et
3271 3821 3526 3877 videlicet
3566 3821 3913 3892 quotidianus
3947 3832 4041 3877 aut

2462 3912 2779 3983 frequentes
2840 3912 3161 3967 erudiendis
3212 3921 3367 3983 aptas
3421 3913 3708 3967 monachis
3776 3912 4038 3966 Homilias

2463 4004 2777 4071 habentem,
2804 4020 3036 4075 quarum
3064 4003 3179 4074 ipse
3203 4020 3312 4058 non
3334 4014 3443 4059 tam
3469 4014 3660 4058 auctor
3681 4010 3841 4075 quam
3872 4006 4041 4059 inter-

2462 4110 2589 4165 pres
2620 4103 2784 4149 esset.
2836 4094 3035 4149 Audita
3085 4094 3233 4148 enim
3292 4094 3362 4148 ab
3403 4092 3642 4149 Antonio
3693 4096 3901 4165 coptice
3953 4094 4035 4147 lo‘

2463 4197 2665 4257 quente
2694 4186 2809 4256 ipse
2835 4201 3027 4257 graece
3056 4186 3366 4255 perorabat.
3408 4187 3550 4240 Audi
3593 4188 3740 4241 enim
3788 4187 4034 4241 Athanao

2464 4280 2605 4335 sium
2637 4281 2693 4334 in
2720 4280 2842 4334 Vita
2862 4279 3083 4333 Antonii
3112 4278 3268 4333 Tom.
3300 4279 3345 4333 ll
3365 4278 3867 4333 Athanasianorum
3888 4278 4032 4348 Ope-

2464 4388 2584 4425 rum
2610 4372 2741 4426 edit.
2766 4372 2939 4426 Paris.
2972 4371 3102 4425 anni
3131 4371 3265 4425 1627
3292 4387 3413 4442 pag.
3441 4372 3563 4435 479,
3594 4371 3708 4435 ubi,
3740 4380 4029 4441 postquam

2464 4462 2621 4527 dixit,
2656 4461 2953 4518 Antonium
2997 4461 3355 4517 Alexandriae
3400 4472 3743 4531 praesentem
3786 4472 4032 4531 tempore

796 4536 1053 4593 idoneum
1079 4538 1334 4602 maxime.
1359 4553 1469 4592 non
1498 4538 1686 4603 alium.
1709 4539 1923 4609 opinor.
1948 4556 1977 4594 a
1997 4541 2249 4608 Macario,
2275 4544 2359 4599 in-
2387 4541 2439 4601 D
2460 4554 2859 4625 persecutionis
2884 4552 3161 4607 Maximini
3190 4552 3452 4607 obtulisse
3501 4568 3560 4608 se
3599 4552 3666 4607 ad
3711 4555 4028 4625 martyrium

796 4644 1069 4700 superque
1097 4630 1167 4683 ab
1194 4630 1444 4685 instituto
1476 4646 1575 4686 suo
1609 4631 1782 4687 veteri
1815 4632 2232 4699 anachoreseos,
2259 4635 2366 4691 hoc

795 4732 882 4778 est
911 4724 1053 4778 vitae
1085 4722 1381 4787 solitariae,
1411 4724 1669 4779 recedere
1708 4740 1821 4780 non
1870 4726 2080 4791 volens,
2139 4741 2265 4782 cum
2306 4727 2364 4783 in

797 4825 983 4869 monte
1009 4814 1279 4880 interiori,
1306 4815 1427 4869 loco
1458 4816 1562 4870 sibi
1593 4816 1859 4872 divinitus
1901 4827 2225 4882 monstrato,
2271 4834 2362 4873 so-

799 4909 885 4963 lus
916 4924 1269 4978 perseverare
1302 4924 1474 4977 usque
1504 4909 1570 4963 ad
1603 4920 1856 4974 mortem,
1884 4918 2047 4979 prout
2071 4925 2261 4965 revera
2287 4910 2365 4965 fe-

800 4999 895 5062 cit,
923 4998 1273 5063 decrevisset,
1309 5014 1413 5053 nec
1439 5008 1619 5053 tamen
1646 4999 1837 5054 deesse
1868 5001 2033 5055 vellet
2076 5007 2158 5056 tot
2200 5001 2366 5055 milli-

802 5090 905 5143 bus
924 5088 1229 5153 hominum,
1258 5089 1353 5160 qui
1379 5089 1623 5159 undique
1668 5090 1736 5144 ad
1772 5106 1896 5145 eum
1935 5091 2119 5146 studio
2156 5091 2225 5146 ad
2281 5107 2367 5145 sa-

800 5181 969 5235 lutem
1001 5188 1279 5235 aeternam
1321 5197 1389 5235 ex
1439 5182 1558 5252 ipso
1616 5182 1938 5252 proficiendi
1996 5182 2363 5249 conﬂuebant,

800 5287 991 5327 eorum
1025 5272 1438 5328 commorationi
1469 5273 1765 5343 assignavit
1797 5283 2037 5328 montem
2076 5275 2240 5329 alium
2288 5275 2365 5328 illi

801 5379 902 5418 suo
956 5363 1219 5431 vicinum,
1257 5376 1315 5421 et
1352 5365 1421 5420 ad
1459 5367 1579 5421 eius
1616 5365 1980 5420 differentiam
2035 5366 2363 5420 exteriorem

801 5465 1071 5522 vocatum,
1121 5456 1179 5511 in
1231 5473 1342 5527 quo
1378 5457 1765 5527 Pispiritanum
1820 5457 2207 5537 monasterium
2270 5472 2363 5511 ex-

802 5556 1070 5602 structum
1101 5558 1206 5612 est,
1232 5563 1263 5603 a
1282 5549 1562 5603 monachis
1584 5549 2011 5619 frequentatum,
2045 5548 2139 5616 qui
2159 5548 2363 5601 discre-

804 5640 876 5694 tis
891 5640 1102 5696 ceilulis
1122 5641 1329 5696 circum
1362 5642 1641 5713 degentes,
1673 5642 1846 5712 sparsi
1877 5657 1973 5712 per
2005 5640 2237 5711 Spatium
2265 5641 2360 5695 tri-

2460 4643 2698 4715 praesidi
2745 4643 2947 4712 alioqui
2994 4643 3113 4698 fero
3154 4653 3211 4698 et
3259 4642 3627 4713 sanguinario,
3683 4659 3785 4697 nec
3826 4654 4027 4708 tamen,

2460 4731 2606 4802 quod
2674 4732 2917 4801 impense
2983 4732 3261 4802 cupiebat,
3315 4731 3483 4786 fuisse
3550 4734 4027 4801 comprehensum,

2459 4824 2741 4893 adiungit:
2774 4823 2911 4877 Erat
2944 4831 3120 4877 autem
3161 4822 3419 4877 Dominus
3456 4822 3611 4876 illum
3656 4839 3930 4878 reservans
3976 4827 4029 4878 in

2461 4926 2693 4970 nostram
2721 4923 2770 4967 et
2793 4914 3022 4968 aliorum
3066 4914 3369 4978 utilitatem,
3414 4923 3472 4966 ut
3524 4914 3580 4966 in
3631 4914 3813 4976 asCesi,
3871 4932 4030 4982 quam

2461 5023 2489 5060 e
2523 5006 2808 5075 Scripturis
2863 5007 2973 5076 ipse
3033 5006 3307 5070 didicerat,
3343 5004 3523 5059 multis
3567 5006 3819 5074 magister
3858 5004 4029 5072 ﬁeret.

2461 5097 2826 5169 Magisterium
2860 5108 3043 5152 autem
3081 5097 3224 5152 istud
3258 5097 3529 5152 Antonius
3564 5097 3810 5150 exercuit
3851 5095 4027 5165 copti-

2462 5204 2544 5252 ca,
2586 5204 2748 5258 quam
2794 5188 2984 5252 solam,
3029 5197 3090 5243 ut
3128 5188 3261 5251 dixi,
3289 5188 3541 5253 callebat,
3574 5188 3777 5257 lingua.
3814 5187 3894 5240 Ex
3922 5203 4029 5255 qua

2463 5279 2518 5335 S.
2552 5280 2883 5335 Athanasius
2907 5296 3096 5350 graece
3117 5280 3295 5335 reddit
3324 5280 3464 5335 bene
3517 5280 3706 5349 longas
3745 5278 3867 5333 eius
3907 5293 4029 5332 ora-

2462 5371 2639 5426 tiones
2678 5372 2834 5437 duas,
2864 5372 3102 5442 priorem
3128 5388 3157 5425 a
3178 5388 3297 5441 pag.
3326 5371 3421 5426 461
3453 5371 3520 5425 ad
3553 5370 3677 5433 477,
3711 5370 3939 5423 alteram
3997 5382 4026 5420 a

2463 5476 2583 5531 pag.
2615 5461 2718 5517 λιθῖ
2738 5463 2805 5516 ad
2835 5464 2956 5526 497,
2986 5478 3144 5532 saepe
3172 5462 3337 5517 etiam
3361 5462 3495 5515 alias
3515 5461 3756 5515 eruditas
3794 5459 3916 5514 eius
3960 5472 4027 5511 eo

2461 5551 2528 5604 de
2553 5568 2752 5622 genere
2775 5552 3089 5616 sententias,
3113 5568 3369 5622 responsa
3398 5562 3450 5607 et
3491 5562 3778 5622 praecepta
3816 5564 4024 5605 memo-

2461 5658 2608 5708 rans,
2634 5658 2866 5713 quorum
2905 5645 3162 5714 pleraque
3190 5643 3380 5699 eadem
3409 5644 3465 5699 in
3512 5643 3728 5698 Macarii
3778 5644 4025 5704 liomiliis

2304 5758 2549 5815 NOTAE.

873 5826 950 5897 (“2)
986 5827 1073 5882 Sic
1103 5830 1116 5880 !
1161 5827 1285 5881 Eun
