  <div class='ocr_page' id='page_1' title='image "/cluster/home/n/w/nwhite01/storage/ocr_20150623/34/nnc1.0046978860/178.png"; bbox 0 0 4274 6358; ppageno 0'>
   <div class='ocr_carea' id='block_1_1' title="bbox 296 392 404 450">
    <p class='ocr_par' dir='ltr' id='par_1_1' title="bbox 296 392 404 450">
     <span class='ocr_line' id='line_1_1' title="bbox 296 392 404 450; baseline 0 0"><span class='ocrx_word' id='word_1_1' title='bbox 296 392 404 450; x_wconf 77' lang='lat'><strong>337</strong></span> 
     </span>
    </p>
   </div>
   <div class='ocr_carea' id='block_1_2' title="bbox 1280 389 2558 453">
    <p class='ocr_par' dir='ltr' id='par_1_2' title="bbox 1280 389 2558 453">
     <span class='ocr_line' id='line_1_2' title="bbox 1280 389 2558 453; baseline -0.002 -3"><span class='ocrx_word' id='word_1_2' title='bbox 1280 395 1371 450; x_wconf 87' lang='lat' dir='ltr'><strong>AD</strong></span> <span class='ocrx_word' id='word_1_3' title='bbox 1404 394 1761 453; x_wconf 83' lang='lat' dir='ltr'><strong>OPUSCULA</strong></span> <span class='ocrx_word' id='word_1_4' title='bbox 1797 389 1856 450; x_wconf 88' lang='lat' dir='ltr'><strong>S.</strong></span> <span class='ocrx_word' id='word_1_5' title='bbox 1895 390 2172 451; x_wconf 81' lang='lat' dir='ltr'><strong>MACARII</strong></span> <span class='ocrx_word' id='word_1_6' title='bbox 2210 394 2558 453; x_wconf 81' lang='lat' dir='ltr'><strong>AEGYPTH.</strong></span> 
     </span>
    </p>
   </div>
   <div class='ocr_carea' id='block_1_3' title="bbox 3417 386 3524 447">
    <p class='ocr_par' dir='ltr' id='par_1_3' title="bbox 3417 386 3524 447">
     <span class='ocr_line' id='line_1_3' title="bbox 3417 386 3524 447; baseline -0.019 0"><span class='ocrx_word' id='word_1_7' title='bbox 3417 386 3524 447; x_wconf 75' lang='grc'><strong>358</strong></span> 
     </span>
    </p>
   </div>
   <div class='ocr_carea' id='block_1_4' title="bbox 298 503 3522 580">
    <p class='ocr_par' dir='ltr' id='par_1_4' title="bbox 298 503 3522 580">
     <span class='ocr_line' id='line_1_4' title="bbox 298 503 3522 580; baseline -0.002 -14"><span class='ocrx_word' id='word_1_8' title='bbox 298 510 569 580; x_wconf 89' lang='lat' dir='ltr'><strong>librisque</strong></span> <span class='ocrx_word' id='word_1_9' title='bbox 594 507 757 564; x_wconf 80' lang='lat' dir='ltr'><strong>hodie</strong></span> <span class='ocrx_word' id='word_1_10' title='bbox 781 518 1063 579; x_wconf 87' lang='lat' dir='ltr'><strong>apparent,</strong></span> <span class='ocrx_word' id='word_1_11' title='bbox 1094 508 1240 563; x_wconf 89' lang='lat' dir='ltr'><strong>haud</strong></span> <span class='ocrx_word' id='word_1_12' title='bbox 1291 509 1460 565; x_wconf 90' lang='lat' dir='ltr'><strong>dubio</strong></span> <span class='ocrx_word' id='word_1_13' title='bbox 1507 510 1711 564; x_wconf 90' lang='lat' dir='ltr'><strong>indicio</strong></span> <span class='ocrx_word' id='word_1_14' title='bbox 1746 509 1863 563; x_wconf 81' lang='lat' dir='ltr'><strong>ori-</strong></span> <span class='ocrx_word' id='word_1_15' title='bbox 1887 512 1935 571; x_wconf 76' lang='grc' dir='ltr'><strong>Α</strong></span> <span class='ocrx_word' id='word_1_16' title='bbox 1961 510 2110 578; x_wconf 90' lang='lat' dir='ltr'><strong>prior</strong></span> <span class='ocrx_word' id='word_1_17' title='bbox 2135 519 2351 579; x_wconf 90' lang='lat' dir='ltr'><strong>praeter</strong></span> <span class='ocrx_word' id='word_1_18' title='bbox 2375 516 2591 564; x_wconf 89' lang='lat' dir='ltr'><strong>caetera</strong></span> <span class='ocrx_word' id='word_1_19' title='bbox 2605 520 2823 561; x_wconf 88' lang='lat' dir='ltr'><strong>errores</strong></span> <span class='ocrx_word' id='word_1_20' title='bbox 2850 503 3293 559; x_wconf 83' lang='lat' dir='ltr'><strong>damnatissimos</strong></span> <span class='ocrx_word' id='word_1_21' title='bbox 3310 504 3522 558; x_wconf 85' lang='lat' dir='ltr'><strong>Monta-</strong></span> 
     </span>
    </p>
   </div>
   <div class='ocr_carea' id='block_1_5' title="bbox 294 598 1862 671">
    <p class='ocr_par' dir='ltr' id='par_1_5' title="bbox 294 598 1862 671">
     <span class='ocr_line' id='line_1_5' title="bbox 294 598 1862 671; baseline -0.001 -17"><span class='ocrx_word' id='word_1_22' title='bbox 294 601 440 671; x_wconf 90' lang='lat' dir='ltr'><strong>ginis</strong></span> <span class='ocrx_word' id='word_1_23' title='bbox 460 599 589 654; x_wconf 90' lang='lat' dir='ltr'><strong>inde</strong></span> <span class='ocrx_word' id='word_1_24' title='bbox 610 599 858 653; x_wconf 75' lang='lat' dir='ltr'><strong>haustae.</strong></span> <span class='ocrx_word' id='word_1_25' title='bbox 886 598 955 652; x_wconf 87' lang='lat' dir='ltr'><strong>Et</strong></span> <span class='ocrx_word' id='word_1_26' title='bbox 990 598 1113 652; x_wconf 91' lang='lat' dir='ltr'><strong>illae</strong></span> <span class='ocrx_word' id='word_1_27' title='bbox 1168 598 1333 668; x_wconf 89' lang='lat' dir='ltr'><strong>igitur</strong></span> <span class='ocrx_word' id='word_1_28' title='bbox 1388 598 1653 654; x_wconf 84' lang='lat' dir='ltr'><strong>Homiliae</strong></span> <span class='ocrx_word' id='word_1_29' title='bbox 1695 598 1862 654; x_wconf 89' lang='lat' dir='ltr'><strong>Anto-</strong></span> 
     </span>
    </p>
   </div>
   <div class='ocr_carea' id='block_1_6' title="bbox 293 690 1859 761">
    <p class='ocr_par' dir='ltr' id='par_1_6' title="bbox 293 690 1859 761">
     <span class='ocr_line' id='line_1_6' title="bbox 293 690 1859 761; baseline -0.001 -16"><span class='ocrx_word' id='word_1_30' title='bbox 293 694 491 745; x_wconf 86' lang='lat' dir='ltr'><strong>nianae</strong></span> <span class='ocrx_word' id='word_1_31' title='bbox 515 691 714 761; x_wconf 88' lang='lat' dir='ltr'><strong>potius,</strong></span> <span class='ocrx_word' id='word_1_32' title='bbox 738 705 901 760; x_wconf 90' lang='lat' dir='ltr'><strong>quam</strong></span> <span class='ocrx_word' id='word_1_33' title='bbox 935 690 1268 745; x_wconf 88' lang='lat' dir='ltr'><strong>Macarianae</strong></span> <span class='ocrx_word' id='word_1_34' title='bbox 1299 699 1444 755; x_wconf 90' lang='lat' dir='ltr'><strong>sunt,</strong></span> <span class='ocrx_word' id='word_1_35' title='bbox 1484 691 1685 761; x_wconf 80' lang='lat' dir='ltr'><strong>quippe</strong></span> <span class='ocrx_word' id='word_1_36' title='bbox 1723 706 1859 760; x_wconf 88' lang='lat' dir='ltr'><strong>qua-</strong></span> 
     </span>
    </p>
   </div>
   <div class='ocr_carea' id='block_1_7' title="bbox 294 782 1860 847">
    <p class='ocr_par' dir='ltr' id='par_1_7' title="bbox 294 782 1860 847">
     <span class='ocr_line' id='line_1_7' title="bbox 294 782 1860 847; baseline -0.001 -10"><span class='ocrx_word' id='word_1_37' title='bbox 294 799 418 837; x_wconf 89' lang='lat' dir='ltr'><strong>rum</strong></span> <span class='ocrx_word' id='word_1_38' title='bbox 456 798 623 838; x_wconf 87' lang='lat' dir='ltr'><strong>verus</strong></span> <span class='ocrx_word' id='word_1_39' title='bbox 658 792 849 837; x_wconf 88' lang='lat' dir='ltr'><strong>auctor</strong></span> <span class='ocrx_word' id='word_1_40' title='bbox 893 782 1184 847; x_wconf 87' lang='lat' dir='ltr'><strong>Antonius,</strong></span> <span class='ocrx_word' id='word_1_41' title='bbox 1234 797 1420 836; x_wconf 87' lang='lat' dir='ltr'><strong>merus</strong></span> <span class='ocrx_word' id='word_1_42' title='bbox 1466 782 1635 837; x_wconf 80' lang='lat' dir='ltr'><strong>ferme</strong></span> <span class='ocrx_word' id='word_1_43' title='bbox 1688 782 1860 836; x_wconf 87' lang='lat' dir='ltr'><strong>inter-</strong></span> 
     </span>
    </p>
   </div>
   <div class='ocr_carea' id='block_1_8' title="bbox 290 870 1863 942">
    <p class='ocr_par' dir='ltr' id='par_1_8' title="bbox 290 870 1863 942">
     <span class='ocr_line' id='line_1_8' title="bbox 290 870 1863 942; baseline 0 -17"><span class='ocrx_word' id='word_1_44' title='bbox 290 888 421 942; x_wconf 86' lang='lat' dir='ltr'><strong>pres</strong></span> <span class='ocrx_word' id='word_1_45' title='bbox 448 872 713 927; x_wconf 80' lang='lat' dir='ltr'><strong>Macarius</strong></span> <span class='ocrx_word' id='word_1_46' title='bbox 736 870 921 935; x_wconf 90' lang='lat' dir='ltr'><strong>fuerit,</strong></span> <span class='ocrx_word' id='word_1_47' title='bbox 962 886 1186 941; x_wconf 82' lang='lat' dir='ltr'><strong>prorsus</strong></span> <span class='ocrx_word' id='word_1_48' title='bbox 1222 870 1366 925; x_wconf 91' lang='lat' dir='ltr'><strong>idem</strong></span> <span class='ocrx_word' id='word_1_49' title='bbox 1405 886 1673 941; x_wconf 90' lang='lat' dir='ltr'><strong>unusque,</strong></span> <span class='ocrx_word' id='word_1_50' title='bbox 1706 871 1863 925; x_wconf 91' lang='lat' dir='ltr'><strong>cuius</strong></span> 
     </span>
    </p>
   </div>
   <div class='ocr_carea' id='block_1_9' title="bbox 290 961 1861 1031">
    <p class='ocr_par' dir='ltr' id='par_1_9' title="bbox 290 961 1861 1031">
     <span class='ocr_line' id='line_1_9' title="bbox 290 961 1861 1031; baseline -0.002 -14"><span class='ocrx_word' id='word_1_51' title='bbox 290 978 492 1017; x_wconf 86' lang='lat' dir='ltr'><strong>nomen</strong></span> <span class='ocrx_word' id='word_1_52' title='bbox 521 970 637 1017; x_wconf 91' lang='lat' dir='ltr'><strong>tum</strong></span> <span class='ocrx_word' id='word_1_53' title='bbox 677 961 950 1026; x_wconf 80' lang='lat' dir='ltr'><strong>Homiliis,</strong></span> <span class='ocrx_word' id='word_1_54' title='bbox 980 969 1096 1015; x_wconf 90' lang='lat' dir='ltr'><strong>tum</strong></span> <span class='ocrx_word' id='word_1_55' title='bbox 1147 972 1354 1031; x_wconf 89' lang='lat' dir='ltr'><strong>septem</strong></span> <span class='ocrx_word' id='word_1_56' title='bbox 1406 961 1568 1016; x_wconf 90' lang='lat' dir='ltr'><strong>modo</strong></span> <span class='ocrx_word' id='word_1_57' title='bbox 1615 976 1714 1031; x_wconf 90' lang='lat' dir='ltr'><strong>per</strong></span> <span class='ocrx_word' id='word_1_58' title='bbox 1760 975 1861 1015; x_wconf 92' lang='lat' dir='ltr'><strong>nos</strong></span> 
     </span>
    </p>
   </div>
   <div class='ocr_carea' id='block_1_10' title="bbox 287 1052 1860 1125">
    <p class='ocr_par' dir='ltr' id='par_1_10' title="bbox 287 1052 1860 1125">
     <span class='ocr_line' id='line_1_10' title="bbox 287 1052 1860 1125; baseline 0.001 -18"><span class='ocrx_word' id='word_1_59' title='bbox 287 1054 456 1109; x_wconf 80' lang='lat' dir='ltr'><strong>editis</strong></span> <span class='ocrx_word' id='word_1_60' title='bbox 492 1053 785 1125; x_wconf 90' lang='lat' dir='ltr'><strong>Opusculis</strong></span> <span class='ocrx_word' id='word_1_61' title='bbox 821 1052 1160 1123; x_wconf 86' lang='lat' dir='ltr'><strong>praellgitur.</strong></span> <span class='ocrx_word' id='word_1_62' title='bbox 1201 1054 1416 1109; x_wconf 80' lang='lat' dir='ltr'><strong>Etenim</strong></span> <span class='ocrx_word' id='word_1_63' title='bbox 1462 1054 1509 1109; x_wconf 87' lang='lat' dir='ltr'><strong>si</strong></span> <span class='ocrx_word' id='word_1_64' title='bbox 1556 1070 1666 1108; x_wconf 92' lang='lat' dir='ltr'><strong>non</strong></span> <span class='ocrx_word' id='word_1_65' title='bbox 1720 1054 1860 1109; x_wconf 89' lang='lat' dir='ltr'><strong>alius</strong></span> 
     </span>
    </p>
   </div>
   <div class='ocr_carea' id='block_1_11' title="bbox 290 1143 1858 1215">
    <p class='ocr_par' dir='ltr' id='par_1_11' title="bbox 290 1143 1858 1215">
     <span class='ocr_line' id='line_1_11' title="bbox 290 1143 1858 1215; baseline 0.001 -18"><span class='ocrx_word' id='word_1_66' title='bbox 290 1159 320 1197; x_wconf 91' lang='lat' dir='ltr'><strong>a</strong></span> <span class='ocrx_word' id='word_1_67' title='bbox 379 1144 561 1214; x_wconf 90' lang='lat' dir='ltr'><strong>prisco</strong></span> <span class='ocrx_word' id='word_1_68' title='bbox 603 1143 858 1208; x_wconf 87' lang='lat' dir='ltr'><strong>Macario,</strong></span> <span class='ocrx_word' id='word_1_69' title='bbox 919 1153 1083 1214; x_wconf 87' lang='lat' dir='ltr'><strong>prout</strong></span> <span class='ocrx_word' id='word_1_70' title='bbox 1110 1145 1467 1212; x_wconf 84' lang='lat' dir='ltr'><strong>ostendimus,</strong></span> <span class='ocrx_word' id='word_1_71' title='bbox 1514 1145 1858 1215; x_wconf 89' lang='lat' dir='ltr'><strong>quaerendus</strong></span> 
     </span>
    </p>
   </div>
   <div class='ocr_carea' id='block_1_12' title="bbox 289 1235 1854 1308">
    <p class='ocr_par' dir='ltr' id='par_1_12' title="bbox 289 1235 1854 1308">
     <span class='ocr_line' id='line_1_12' title="bbox 289 1235 1854 1308; baseline 0.001 -19"><span class='ocrx_word' id='word_1_72' title='bbox 289 1244 484 1289; x_wconf 93' lang='lat' dir='ltr'><strong>auctor</strong></span> <span class='ocrx_word' id='word_1_73' title='bbox 513 1244 598 1290; x_wconf 90' lang='lat' dir='ltr'><strong>est</strong></span> <span class='ocrx_word' id='word_1_74' title='bbox 632 1235 989 1290; x_wconf 80' lang='lat' dir='ltr'><strong>llomiliarum</strong></span> <span class='ocrx_word' id='word_1_75' title='bbox 1021 1236 1412 1308; x_wconf 81' lang='lat' dir='ltr'><strong>quinquaginta</strong></span> <span class='ocrx_word' id='word_1_76' title='bbox 1444 1252 1475 1291; x_wconf 92' lang='lat' dir='ltr'><strong>a</strong></span> <span class='ocrx_word' id='word_1_77' title='bbox 1509 1236 1636 1291; x_wconf 89' lang='lat' dir='ltr'><strong>Pico</strong></span> <span class='ocrx_word' id='word_1_78' title='bbox 1678 1236 1854 1292; x_wconf 91' lang='lat' dir='ltr'><strong>edita-</strong></span> 
     </span>
    </p>
   </div>
   <div class='ocr_carea' id='block_1_13' title="bbox 288 1327 1853 1398">
    <p class='ocr_par' dir='ltr' id='par_1_13' title="bbox 288 1327 1853 1398">
     <span class='ocr_line' id='line_1_13' title="bbox 288 1327 1853 1398; baseline 0.004 -20"><span class='ocrx_word' id='word_1_79' title='bbox 288 1341 435 1389; x_wconf 90' lang='lat' dir='ltr'><strong>rum,</strong></span> <span class='ocrx_word' id='word_1_80' title='bbox 470 1334 721 1395; x_wconf 90' lang='lat' dir='ltr'><strong>repertus</strong></span> <span class='ocrx_word' id='word_1_81' title='bbox 761 1327 924 1383; x_wconf 88' lang='lat' dir='ltr'><strong>nobis</strong></span> <span class='ocrx_word' id='word_1_82' title='bbox 954 1344 1123 1398; x_wconf 86' lang='lat' dir='ltr'><strong>opera</strong></span> <span class='ocrx_word' id='word_1_83' title='bbox 1147 1329 1337 1384; x_wconf 87' lang='lat' dir='ltr'><strong>eadem</strong></span> <span class='ocrx_word' id='word_1_84' title='bbox 1365 1328 1533 1385; x_wconf 90' lang='lat' dir='ltr'><strong>fuerit</strong></span> <span class='ocrx_word' id='word_1_85' title='bbox 1554 1344 1721 1384; x_wconf 89' lang='lat' dir='ltr'><strong>verus</strong></span> <span class='ocrx_word' id='word_1_86' title='bbox 1754 1345 1853 1384; x_wconf 86' lang='lat' dir='ltr'><strong>au-</strong></span> 
     </span>
    </p>
   </div>
   <div class='ocr_carea' id='block_1_14' title="bbox 286 1419 1856 1490">
    <p class='ocr_par' dir='ltr' id='par_1_14' title="bbox 286 1419 1856 1490">
     <span class='ocr_line' id='line_1_14' title="bbox 286 1419 1856 1490; baseline 0.003 -20"><span class='ocrx_word' id='word_1_87' title='bbox 286 1425 409 1470; x_wconf 88' lang='lat' dir='ltr'><strong>ctor</strong></span> <span class='ocrx_word' id='word_1_88' title='bbox 438 1427 645 1486; x_wconf 86' lang='lat' dir='ltr'><strong>septem</strong></span> <span class='ocrx_word' id='word_1_89' title='bbox 677 1432 817 1487; x_wconf 91' lang='lat' dir='ltr'><strong>quae</strong></span> <span class='ocrx_word' id='word_1_90' title='bbox 850 1435 997 1474; x_wconf 92' lang='lat' dir='ltr'><strong>nunc</strong></span> <span class='ocrx_word' id='word_1_91' title='bbox 1024 1419 1215 1475; x_wconf 92' lang='lat' dir='ltr'><strong>damus</strong></span> <span class='ocrx_word' id='word_1_92' title='bbox 1238 1419 1651 1490; x_wconf 91' lang='lat' dir='ltr'><strong>Opusculorum.</strong></span> <span class='ocrx_word' id='word_1_93' title='bbox 1683 1419 1856 1474; x_wconf 89' lang='lat' dir='ltr'><strong>Tanta</strong></span> 
     </span>
    </p>
   </div>
   <div class='ocr_carea' id='block_1_15' title="bbox 288 1508 1854 1581">
    <p class='ocr_par' dir='ltr' id='par_1_15' title="bbox 288 1508 1854 1581">
     <span class='ocr_line' id='line_1_15' title="bbox 288 1508 1854 1581; baseline 0.003 -22"><span class='ocrx_word' id='word_1_94' title='bbox 288 1509 497 1577; x_wconf 89' lang='lat' dir='ltr'><strong>quippe</strong></span> <span class='ocrx_word' id='word_1_95' title='bbox 549 1508 883 1577; x_wconf 74' lang='lat' dir='ltr'><strong>germanitas</strong></span> <span class='ocrx_word' id='word_1_96' title='bbox 938 1510 1304 1580; x_wconf 90' lang='lat' dir='ltr'><strong>comparando</strong></span> <span class='ocrx_word' id='word_1_97' title='bbox 1352 1511 1664 1581; x_wconf 76' lang='lat' dir='ltr'><strong>agnoscitur</strong></span> <span class='ocrx_word' id='word_1_98' title='bbox 1717 1511 1854 1565; x_wconf 90' lang='lat' dir='ltr'><strong>scri-</strong></span> 
     </span>
    </p>
   </div>
   <div class='ocr_carea' id='block_1_16' title="bbox 285 1598 1855 1668">
    <p class='ocr_par' dir='ltr' id='par_1_16' title="bbox 285 1598 1855 1668">
     <span class='ocr_line' id='line_1_16' title="bbox 285 1598 1855 1668; baseline 0.003 -18"><span class='ocrx_word' id='word_1_99' title='bbox 285 1598 537 1667; x_wconf 89' lang='lat' dir='ltr'><strong>ptionum</strong></span> <span class='ocrx_word' id='word_1_100' title='bbox 571 1598 875 1664; x_wconf 82' lang='lat' dir='ltr'><strong>ambarum,</strong></span> <span class='ocrx_word' id='word_1_101' title='bbox 919 1609 978 1653; x_wconf 89' lang='lat' dir='ltr'><strong>ut</strong></span> <span class='ocrx_word' id='word_1_102' title='bbox 1009 1599 1250 1654; x_wconf 85' lang='lat' dir='ltr'><strong>dubitari</strong></span> <span class='ocrx_word' id='word_1_103' title='bbox 1280 1599 1391 1654; x_wconf 92' lang='lat' dir='ltr'><strong>fere</strong></span> <span class='ocrx_word' id='word_1_104' title='bbox 1430 1608 1685 1668; x_wconf 85' lang='lat' dir='ltr'><strong>nequeat,</strong></span> <span class='ocrx_word' id='word_1_105' title='bbox 1721 1599 1855 1668; x_wconf 90' lang='lat' dir='ltr'><strong>quin</strong></span> 
     </span>
    </p>
   </div>
   <div class='ocr_carea' id='block_1_17' title="bbox 285 1689 1853 1748">
    <p class='ocr_par' dir='ltr' id='par_1_17' title="bbox 285 1689 1853 1748">
     <span class='ocr_line' id='line_1_17' title="bbox 285 1689 1853 1748; baseline 0.002 -5"><span class='ocrx_word' id='word_1_106' title='bbox 285 1689 465 1745; x_wconf 81' lang='lat' dir='ltr'><strong>Patris</strong></span> <span class='ocrx_word' id='word_1_107' title='bbox 495 1690 658 1746; x_wconf 92' lang='lat' dir='ltr'><strong>unius</strong></span> <span class='ocrx_word' id='word_1_108' title='bbox 686 1691 796 1746; x_wconf 91' lang='lat' dir='ltr'><strong>duo</strong></span> <span class='ocrx_word' id='word_1_109' title='bbox 824 1690 1003 1746; x_wconf 90' lang='lat' dir='ltr'><strong>foetus</strong></span> <span class='ocrx_word' id='word_1_110' title='bbox 1042 1693 1171 1748; x_wconf 91' lang='lat' dir='ltr'><strong>sint.</strong></span> <span class='ocrx_word' id='word_1_111' title='bbox 1222 1691 1392 1747; x_wconf 88' lang='lat' dir='ltr'><strong>Sensa</strong></span> <span class='ocrx_word' id='word_1_112' title='bbox 1440 1692 1673 1745; x_wconf 84' lang='lat' dir='ltr'><strong>invicem</strong></span> <span class='ocrx_word' id='word_1_113' title='bbox 1720 1706 1853 1746; x_wconf 90' lang='lat' dir='ltr'><strong>con-</strong></span> 
     </span>
    </p>
   </div>
   <div class='ocr_carea' id='block_1_18' title="bbox 284 1783 1855 1855">
    <p class='ocr_par' dir='ltr' id='par_1_18' title="bbox 284 1783 1855 1855">
     <span class='ocr_line' id='line_1_18' title="bbox 284 1783 1855 1855; baseline 0.001 -20"><span class='ocrx_word' id='word_1_114' title='bbox 284 1783 556 1850; x_wconf 86' lang='lat' dir='ltr'><strong>gruentia,</strong></span> <span class='ocrx_word' id='word_1_115' title='bbox 579 1783 950 1852; x_wconf 78' lang='lat' dir='ltr'><strong>expressionis</strong></span> <span class='ocrx_word' id='word_1_116' title='bbox 993 1800 1134 1838; x_wconf 87' lang='lat' dir='ltr'><strong>unus</strong></span> <span class='ocrx_word' id='word_1_117' title='bbox 1173 1784 1384 1855; x_wconf 88' lang='lat' dir='ltr'><strong>genius,</strong></span> <span class='ocrx_word' id='word_1_118' title='bbox 1434 1783 1760 1839; x_wconf 88' lang='lat' dir='ltr'><strong>elocutionis</strong></span> <span class='ocrx_word' id='word_1_119' title='bbox 1798 1792 1855 1837; x_wconf 92' lang='lat' dir='ltr'><strong>et</strong></span> 
     </span>
    </p>
   </div>
   <div class='ocr_carea' id='block_1_19' title="bbox 282 1872 1846 1945">
    <p class='ocr_par' dir='ltr' id='par_1_19' title="bbox 282 1872 1846 1945">
     <span class='ocr_line' id='line_1_19' title="bbox 282 1872 1846 1945; baseline 0.001 -20"><span class='ocrx_word' id='word_1_120' title='bbox 282 1872 411 1941; x_wconf 82' lang='lat' dir='ltr'><strong>styli</strong></span> <span class='ocrx_word' id='word_1_121' title='bbox 453 1873 641 1937; x_wconf 79' lang='lat' dir='ltr'><strong>saliva,</strong></span> <span class='ocrx_word' id='word_1_122' title='bbox 670 1883 977 1930; x_wconf 85' lang='lat' dir='ltr'><strong>structurae</strong></span> <span class='ocrx_word' id='word_1_123' title='bbox 1027 1885 1191 1945; x_wconf 88' lang='lat' dir='ltr'><strong>atque</strong></span> <span class='ocrx_word' id='word_1_124' title='bbox 1244 1876 1454 1929; x_wconf 88' lang='lat' dir='ltr'><strong>ordinis</strong></span> <span class='ocrx_word' id='word_1_125' title='bbox 1504 1875 1677 1929; x_wconf 90' lang='lat' dir='ltr'><strong>forma</strong></span> <span class='ocrx_word' id='word_1_126' title='bbox 1727 1890 1846 1944; x_wconf 89' lang='lat' dir='ltr'><strong>par,</strong></span> 
     </span>
    </p>
   </div>
   <div class='ocr_carea' id='block_1_20' title="bbox 280 1966 1853 2035">
    <p class='ocr_par' dir='ltr' id='par_1_20' title="bbox 280 1966 1853 2035">
     <span class='ocr_line' id='line_1_20' title="bbox 280 1966 1853 2035; baseline 0.003 -20"><span class='ocrx_word' id='word_1_127' title='bbox 280 1973 572 2018; x_wconf 90' lang='lat' dir='ltr'><strong>contextus</strong></span> <span class='ocrx_word' id='word_1_128' title='bbox 617 1966 1137 2035; x_wconf 88' lang='lat' dir='ltr'><strong>compositionisque</strong></span> <span class='ocrx_word' id='word_1_129' title='bbox 1189 1966 1356 2021; x_wconf 91' lang='lat' dir='ltr'><strong>totius</strong></span> <span class='ocrx_word' id='word_1_130' title='bbox 1387 1967 1621 2033; x_wconf 74' lang='lat' dir='ltr'><strong>coloret</strong></span> <span class='ocrx_word' id='word_1_131' title='bbox 1659 1981 1853 2019; x_wconf 90' lang='lat' dir='ltr'><strong>succus</strong></span> 
     </span>
    </p>
   </div>
   <div class='ocr_carea' id='block_1_21' title="bbox 280 2057 1847 2128">
    <p class='ocr_par' dir='ltr' id='par_1_21' title="bbox 280 2057 1847 2128">
     <span class='ocr_line' id='line_1_21' title="bbox 280 2057 1847 2128; baseline 0 -19"><span class='ocrx_word' id='word_1_132' title='bbox 280 2057 452 2121; x_wconf 89' lang='lat' dir='ltr'><strong>idem,</strong></span> <span class='ocrx_word' id='word_1_133' title='bbox 486 2066 545 2112; x_wconf 93' lang='lat' dir='ltr'><strong>ut</strong></span> <span class='ocrx_word' id='word_1_134' title='bbox 577 2058 710 2113; x_wconf 87' lang='lat' dir='ltr'><strong>mihi</strong></span> <span class='ocrx_word' id='word_1_135' title='bbox 754 2059 975 2128; x_wconf 87' lang='lat' dir='ltr'><strong>quidem</strong></span> <span class='ocrx_word' id='word_1_136' title='bbox 1019 2074 1128 2113; x_wconf 93' lang='lat' dir='ltr'><strong>non</strong></span> <span class='ocrx_word' id='word_1_137' title='bbox 1177 2060 1293 2122; x_wconf 92' lang='lat' dir='ltr'><strong>nix,</strong></span> <span class='ocrx_word' id='word_1_138' title='bbox 1332 2057 1477 2127; x_wconf 91' lang='lat' dir='ltr'><strong>quod</strong></span> <span class='ocrx_word' id='word_1_139' title='bbox 1528 2058 1698 2120; x_wconf 89' lang='lat' dir='ltr'><strong>aiunt,</strong></span> <span class='ocrx_word' id='word_1_140' title='bbox 1739 2057 1847 2110; x_wconf 86' lang='lat' dir='ltr'><strong>nivi</strong></span> 
     </span>
    </p>
   </div>
   <div class='ocr_carea' id='block_1_22' title="bbox 278 2139 1851 2220">
    <p class='ocr_par' dir='ltr' id='par_1_22' title="bbox 278 2139 1851 2220">
     <span class='ocr_line' id='line_1_22' title="bbox 278 2139 1851 2220; baseline -0.001 -17"><span class='ocrx_word' id='word_1_141' title='bbox 278 2149 349 2203; x_wconf 88' lang='lat' dir='ltr'><strong>ad</strong></span> <span class='ocrx_word' id='word_1_142' title='bbox 379 2160 684 2220; x_wconf 80' lang='lat' dir='ltr'><strong>aspectum,</strong></span> <span class='ocrx_word' id='word_1_143' title='bbox 719 2168 829 2206; x_wconf 84' lang='lat' dir='ltr'><strong>nun</strong></span> <span class='ocrx_word' id='word_1_144' title='bbox 857 2139 940 2205; x_wconf 86' lang='lat' dir='ltr'><strong>lac</strong></span> <span class='ocrx_word' id='word_1_145' title='bbox 992 2151 1117 2205; x_wconf 92' lang='lat' dir='ltr'><strong>lacti</strong></span> <span class='ocrx_word' id='word_1_146' title='bbox 1156 2160 1252 2205; x_wconf 90' lang='lat' dir='ltr'><strong>aut</strong></span> <span class='ocrx_word' id='word_1_147' title='bbox 1280 2151 1385 2205; x_wconf 91' lang='lat' dir='ltr'><strong>mel</strong></span> <span class='ocrx_word' id='word_1_148' title='bbox 1438 2151 1585 2205; x_wconf 90' lang='lat' dir='ltr'><strong>melli</strong></span> <span class='ocrx_word' id='word_1_149' title='bbox 1643 2150 1709 2203; x_wconf 92' lang='lat' dir='ltr'><strong>ad</strong></span> <span class='ocrx_word' id='word_1_150' title='bbox 1754 2165 1851 2219; x_wconf 88' lang='lat' dir='ltr'><strong>gu-</strong></span> 
     </span>
    </p>
   </div>
   <div class='ocr_carea' id='block_1_23' title="bbox 278 2238 1847 2309">
    <p class='ocr_par' dir='ltr' id='par_1_23' title="bbox 278 2238 1847 2309">
     <span class='ocr_line' id='line_1_23' title="bbox 278 2238 1847 2309; baseline -0.002 -16"><span class='ocrx_word' id='word_1_151' title='bbox 278 2249 427 2294; x_wconf 85' lang='lat' dir='ltr'><strong>stum</strong></span> <span class='ocrx_word' id='word_1_152' title='bbox 454 2240 705 2305; x_wconf 85' lang='lat' dir='ltr'><strong>similior,</strong></span> <span class='ocrx_word' id='word_1_153' title='bbox 745 2256 906 2309; x_wconf 89' lang='lat' dir='ltr'><strong>quam</strong></span> <span class='ocrx_word' id='word_1_154' title='bbox 956 2240 1057 2294; x_wconf 91' lang='lat' dir='ltr'><strong>ista</strong></span> <span class='ocrx_word' id='word_1_155' title='bbox 1099 2238 1208 2293; x_wconf 93' lang='lat' dir='ltr'><strong>duo</strong></span> <span class='ocrx_word' id='word_1_156' title='bbox 1254 2239 1321 2294; x_wconf 90' lang='lat' dir='ltr'><strong>ad</strong></span> <span class='ocrx_word' id='word_1_157' title='bbox 1367 2238 1597 2308; x_wconf 78' lang='lat' dir='ltr'><strong>legentis</strong></span> <span class='ocrx_word' id='word_1_158' title='bbox 1629 2253 1847 2290; x_wconf 89' lang='lat' dir='ltr'><strong>sensum</strong></span> 
     </span>
    </p>
   </div>
   <div class='ocr_carea' id='block_1_24' title="bbox 278 2328 1849 2401">
    <p class='ocr_par' dir='ltr' id='par_1_24' title="bbox 278 2328 1849 2401">
     <span class='ocr_line' id='line_1_24' title="bbox 278 2328 1849 2401; baseline -0.003 -16"><span class='ocrx_word' id='word_1_159' title='bbox 278 2333 485 2401; x_wconf 85' lang='lat' dir='ltr'><strong>scripta</strong></span> <span class='ocrx_word' id='word_1_160' title='bbox 518 2332 829 2386; x_wconf 90' lang='lat' dir='ltr'><strong>videantur.</strong></span> <span class='ocrx_word' id='word_1_161' title='bbox 877 2330 1103 2385; x_wconf 85' lang='lat' dir='ltr'><strong>Accedit</strong></span> <span class='ocrx_word' id='word_1_162' title='bbox 1163 2330 1486 2400; x_wconf 80' lang='lat' dir='ltr'><strong>suﬂ‘ragium</strong></span> <span class='ocrx_word' id='word_1_163' title='bbox 1544 2328 1849 2382; x_wconf 89' lang='lat' dir='ltr'><strong>communis</strong></span> 
     </span>
    </p>
   </div>
   <div class='ocr_carea' id='block_1_25' title="bbox 277 2420 1846 2494">
    <p class='ocr_par' dir='ltr' id='par_1_25' title="bbox 277 2420 1846 2494">
     <span class='ocr_line' id='line_1_25' title="bbox 277 2420 1846 2494; baseline -0.002 -19"><span class='ocrx_word' id='word_1_164' title='bbox 277 2424 531 2492; x_wconf 88' lang='lat' dir='ltr'><strong>utrisque</strong></span> <span class='ocrx_word' id='word_1_165' title='bbox 561 2424 740 2489; x_wconf 89' lang='lat' dir='ltr'><strong>naevi,</strong></span> <span class='ocrx_word' id='word_1_166' title='bbox 775 2424 921 2494; x_wconf 83' lang='lat' dir='ltr'><strong>quali</strong></span> <span class='ocrx_word' id='word_1_167' title='bbox 954 2423 1188 2477; x_wconf 89' lang='lat' dir='ltr'><strong>maxime</strong></span> <span class='ocrx_word' id='word_1_168' title='bbox 1213 2422 1328 2491; x_wconf 89' lang='lat' dir='ltr'><strong>rapi</strong></span> <span class='ocrx_word' id='word_1_169' title='bbox 1357 2420 1422 2475; x_wconf 90' lang='lat' dir='ltr'><strong>ad</strong></span> <span class='ocrx_word' id='word_1_170' title='bbox 1445 2420 1846 2490; x_wconf 92' lang='lat' dir='ltr'><strong>persuasionem</strong></span> 
     </span>
    </p>
   </div>
   <div class='ocr_carea' id='block_1_26' title="bbox 274 2513 1846 2587">
    <p class='ocr_par' dir='ltr' id='par_1_26' title="bbox 274 2513 1846 2587">
     <span class='ocr_line' id='line_1_26' title="bbox 274 2513 1846 2587; baseline -0.004 -16"><span class='ocrx_word' id='word_1_171' title='bbox 274 2516 478 2580; x_wconf 88' lang='lat' dir='ltr'><strong>solent,</strong></span> <span class='ocrx_word' id='word_1_172' title='bbox 512 2517 626 2586; x_wconf 90' lang='lat' dir='ltr'><strong>qui,</strong></span> <span class='ocrx_word' id='word_1_173' title='bbox 654 2517 959 2587; x_wconf 89' lang='lat' dir='ltr'><strong>expositum</strong></span> <span class='ocrx_word' id='word_1_174' title='bbox 980 2532 1173 2572; x_wconf 89' lang='lat' dir='ltr'><strong>recens</strong></span> <span class='ocrx_word' id='word_1_175' title='bbox 1201 2531 1232 2570; x_wconf 91' lang='lat' dir='ltr'><strong>a</strong></span> <span class='ocrx_word' id='word_1_176' title='bbox 1260 2523 1418 2586; x_wconf 89' lang='lat' dir='ltr'><strong>partu</strong></span> <span class='ocrx_word' id='word_1_177' title='bbox 1452 2522 1544 2567; x_wconf 90' lang='lat' dir='ltr'><strong>aut</strong></span> <span class='ocrx_word' id='word_1_178' title='bbox 1583 2513 1689 2567; x_wconf 91' lang='lat' dir='ltr'><strong>alio</strong></span> <span class='ocrx_word' id='word_1_179' title='bbox 1719 2527 1846 2566; x_wconf 90' lang='lat' dir='ltr'><strong>casu</strong></span> 
     </span>
    </p>
   </div>
   <div class='ocr_carea' id='block_1_27' title="bbox 274 2606 1847 2680">
    <p class='ocr_par' dir='ltr' id='par_1_27' title="bbox 274 2606 1847 2680">
     <span class='ocr_line' id='line_1_27' title="bbox 274 2606 1847 2680; baseline -0.002 -19"><span class='ocrx_word' id='word_1_180' title='bbox 274 2609 459 2677; x_wconf 88' lang='lat' dir='ltr'><strong>aliquo</strong></span> <span class='ocrx_word' id='word_1_181' title='bbox 493 2609 780 2680; x_wconf 89' lang='lat' dir='ltr'><strong>abreptum</strong></span> <span class='ocrx_word' id='word_1_182' title='bbox 818 2625 849 2663; x_wconf 92' lang='lat' dir='ltr'><strong>a</strong></span> <span class='ocrx_word' id='word_1_183' title='bbox 884 2610 1115 2664; x_wconf 88' lang='lat' dir='ltr'><strong>nutricis</strong></span> <span class='ocrx_word' id='word_1_184' title='bbox 1165 2607 1371 2677; x_wconf 89' lang='lat' dir='ltr'><strong>gremio</strong></span> <span class='ocrx_word' id='word_1_185' title='bbox 1416 2606 1673 2661; x_wconf 82' lang='lat' dir='ltr'><strong>infantem</strong></span> <span class='ocrx_word' id='word_1_186' title='bbox 1701 2615 1847 2674; x_wconf 91' lang='lat' dir='ltr'><strong>post-</strong></span> 
     </span>
    </p>
   </div>
   <div class='ocr_carea' id='block_1_28' title="bbox 272 2698 1845 2771">
    <p class='ocr_par' dir='ltr' id='par_1_28' title="bbox 272 2698 1845 2771">
     <span class='ocr_line' id='line_1_28' title="bbox 272 2698 1845 2771; baseline -0.001 -18"><span class='ocrx_word' id='word_1_187' title='bbox 272 2716 440 2769; x_wconf 90' lang='lat' dir='ltr'><strong>quam</strong></span> <span class='ocrx_word' id='word_1_188' title='bbox 474 2701 569 2755; x_wconf 92' lang='lat' dir='ltr'><strong>diu</strong></span> <span class='ocrx_word' id='word_1_189' title='bbox 599 2702 906 2771; x_wconf 87' lang='lat' dir='ltr'><strong>quaesiere,</strong></span> <span class='ocrx_word' id='word_1_190' title='bbox 944 2700 1199 2755; x_wconf 90' lang='lat' dir='ltr'><strong>dubitant</strong></span> <span class='ocrx_word' id='word_1_191' title='bbox 1236 2715 1305 2753; x_wconf 91' lang='lat' dir='ltr'><strong>an</strong></span> <span class='ocrx_word' id='word_1_192' title='bbox 1360 2715 1499 2769; x_wconf 92' lang='lat' dir='ltr'><strong>puer</strong></span> <span class='ocrx_word' id='word_1_193' title='bbox 1540 2698 1647 2752; x_wconf 88' lang='lat' dir='ltr'><strong>iam</strong></span> <span class='ocrx_word' id='word_1_194' title='bbox 1693 2698 1845 2752; x_wconf 89' lang='lat' dir='ltr'><strong>adul-</strong></span> 
     </span>
    </p>
   </div>
   <div class='ocr_carea' id='block_1_29' title="bbox 276 2790 1841 2863">
    <p class='ocr_par' dir='ltr' id='par_1_29' title="bbox 276 2790 1841 2863">
     <span class='ocr_line' id='line_1_29' title="bbox 276 2790 1841 2863; baseline 0.001 -20"><span class='ocrx_word' id='word_1_195' title='bbox 276 2790 387 2844; x_wconf 87' lang='lat' dir='ltr'><strong>tior</strong></span> <span class='ocrx_word' id='word_1_196' title='bbox 425 2805 526 2860; x_wconf 91' lang='lat' dir='ltr'><strong>pro</strong></span> <span class='ocrx_word' id='word_1_197' title='bbox 571 2792 667 2846; x_wconf 90' lang='lat' dir='ltr'><strong>tali</strong></span> <span class='ocrx_word' id='word_1_198' title='bbox 696 2800 948 2863; x_wconf 89' lang='lat' dir='ltr'><strong>oggestus</strong></span> <span class='ocrx_word' id='word_1_199' title='bbox 979 2791 1125 2845; x_wconf 89' lang='lat' dir='ltr'><strong>idem</strong></span> <span class='ocrx_word' id='word_1_200' title='bbox 1152 2806 1282 2846; x_wconf 89' lang='lat' dir='ltr'><strong>vere</strong></span> <span class='ocrx_word' id='word_1_201' title='bbox 1319 2791 1409 2846; x_wconf 87' lang='lat' dir='ltr'><strong>sit.</strong></span> <span class='ocrx_word' id='word_1_202' title='bbox 1463 2792 1618 2849; x_wconf 88' lang='lat' dir='ltr'><strong>Tunc</strong></span> <span class='ocrx_word' id='word_1_203' title='bbox 1674 2792 1841 2857; x_wconf 90' lang='lat' dir='ltr'><strong>enim,</strong></span> 
     </span>
    </p>
   </div>
   <div class='ocr_carea' id='block_1_30' title="bbox 274 2880 1845 2949">
    <p class='ocr_par' dir='ltr' id='par_1_30' title="bbox 274 2880 1845 2949">
     <span class='ocr_line' id='line_1_30' title="bbox 274 2880 1845 2949; baseline 0.003 -14"><span class='ocrx_word' id='word_1_204' title='bbox 274 2880 374 2935; x_wconf 90' lang='lat' dir='ltr'><strong>ubi</strong></span> <span class='ocrx_word' id='word_1_205' title='bbox 428 2882 693 2937; x_wconf 88' lang='lat' dir='ltr'><strong>maculam</strong></span> <span class='ocrx_word' id='word_1_206' title='bbox 746 2894 841 2939; x_wconf 94' lang='lat' dir='ltr'><strong>aut</strong></span> <span class='ocrx_word' id='word_1_207' title='bbox 886 2899 1172 2940; x_wconf 82' lang='lat' dir='ltr'><strong>verrucam</strong></span> <span class='ocrx_word' id='word_1_208' title='bbox 1222 2884 1277 2939; x_wconf 90' lang='lat' dir='ltr'><strong>in</strong></span> <span class='ocrx_word' id='word_1_209' title='bbox 1329 2884 1530 2949; x_wconf 87' lang='lat' dir='ltr'><strong>liliolo,</strong></span> <span class='ocrx_word' id='word_1_210' title='bbox 1585 2899 1710 2939; x_wconf 93' lang='lat' dir='ltr'><strong>cum</strong></span> <span class='ocrx_word' id='word_1_211' title='bbox 1760 2896 1845 2941; x_wconf 90' lang='lat' dir='ltr'><strong>est</strong></span> 
     </span>
    </p>
   </div>
   <div class='ocr_carea' id='block_1_31' title="bbox 272 2972 1844 3036">
    <p class='ocr_par' dir='ltr' id='par_1_31' title="bbox 272 2972 1844 3036">
     <span class='ocr_line' id='line_1_31' title="bbox 272 2972 1844 3036; baseline 0.003 -11"><span class='ocrx_word' id='word_1_212' title='bbox 272 2982 460 3036; x_wconf 89' lang='lat' dir='ltr'><strong>natus,</strong></span> <span class='ocrx_word' id='word_1_213' title='bbox 487 2972 833 3028; x_wconf 86' lang='lat' dir='ltr'><strong>observatam</strong></span> <span class='ocrx_word' id='word_1_214' title='bbox 882 2984 1062 3029; x_wconf 90' lang='lat' dir='ltr'><strong>mater</strong></span> <span class='ocrx_word' id='word_1_215' title='bbox 1103 2982 1197 3028; x_wconf 90' lang='lat' dir='ltr'><strong>aut</strong></span> <span class='ocrx_word' id='word_1_216' title='bbox 1246 2974 1511 3029; x_wconf 80' lang='lat' dir='ltr'><strong>obstetrix</strong></span> <span class='ocrx_word' id='word_1_217' title='bbox 1553 2975 1609 3029; x_wconf 93' lang='lat' dir='ltr'><strong>in</strong></span> <span class='ocrx_word' id='word_1_218' title='bbox 1662 2975 1844 3030; x_wconf 89' lang='lat' dir='ltr'><strong>oblato</strong></span> 
     </span>
    </p>
   </div>
   <div class='ocr_carea' id='block_1_32' title="bbox 272 3066 1839 3134">
    <p class='ocr_par' dir='ltr' id='par_1_32' title="bbox 272 3066 1839 3134">
     <span class='ocr_line' id='line_1_32' title="bbox 272 3066 1839 3134; baseline 0.003 -20"><span class='ocrx_word' id='word_1_219' title='bbox 272 3078 494 3132; x_wconf 91' lang='lat' dir='ltr'><strong>quoque</strong></span> <span class='ocrx_word' id='word_1_220' title='bbox 522 3079 752 3134; x_wconf 88' lang='lat' dir='ltr'><strong>corpore</strong></span> <span class='ocrx_word' id='word_1_221' title='bbox 778 3072 1057 3129; x_wconf 87' lang='lat' dir='ltr'><strong>notarunt,</strong></span> <span class='ocrx_word' id='word_1_222' title='bbox 1078 3066 1383 3121; x_wconf 91' lang='lat' dir='ltr'><strong>exclamare</strong></span> <span class='ocrx_word' id='word_1_223' title='bbox 1411 3075 1839 3121; x_wconf 89' lang='lat' dir='ltr'><strong>consueverunt:</strong></span> 
     </span>
    </p>
   </div>
   <div class='ocr_carea' id='block_1_33' title="bbox 270 3152 1915 3249">
    <p class='ocr_par' dir='ltr' id='par_1_33' title="bbox 270 3152 1915 3249">
     <span class='ocr_line' id='line_1_33' title="bbox 270 3152 1915 3249; baseline 0.004 -43"><span class='ocrx_word' id='word_1_224' title='bbox 270 3152 439 3249; x_wconf 70' lang='lat' dir='ltr'><strong>Nihil</strong></span> <span class='ocrx_word' id='word_1_225' title='bbox 455 3155 690 3249; x_wconf 76' lang='lat' dir='ltr'><strong>amplius</strong></span> <span class='ocrx_word' id='word_1_226' title='bbox 720 3156 1115 3249; x_wconf 85' lang='lat' dir='ltr'><strong>quaerendum,</strong></span> <span class='ocrx_word' id='word_1_227' title='bbox 1151 3156 1241 3211; x_wconf 91' lang='lat' dir='ltr'><strong>hic</strong></span> <span class='ocrx_word' id='word_1_228' title='bbox 1269 3171 1515 3226; x_wconf 89' lang='lat' dir='ltr'><strong>prorsus,</strong></span> <span class='ocrx_word' id='word_1_229' title='bbox 1559 3156 1649 3213; x_wconf 90' lang='lat' dir='ltr'><strong>hic</strong></span> <span class='ocrx_word' id='word_1_230' title='bbox 1691 3158 1841 3228; x_wconf 93' lang='lat' dir='ltr'><strong>ipsus</strong></span> <span class='ocrx_word' id='word_1_231' title='bbox 1866 3186 1915 3249; x_wconf 63' lang='grc' dir='ltr'>α</span> 
     </span>
    </p>
   </div>
   <div class='ocr_carea' id='block_1_34' title="bbox 267 3246 1843 3317">
    <p class='ocr_par' dir='ltr' id='par_1_34' title="bbox 267 3246 1843 3317">
     <span class='ocr_line' id='line_1_34' title="bbox 267 3246 1843 3317; baseline 0.001 -16"><span class='ocrx_word' id='word_1_232' title='bbox 267 3255 377 3301; x_wconf 86' lang='lat' dir='ltr'><strong>est.</strong></span> <span class='ocrx_word' id='word_1_233' title='bbox 418 3246 566 3300; x_wconf 81' lang='lat' dir='ltr'><strong>idem</strong></span> <span class='ocrx_word' id='word_1_234' title='bbox 598 3262 698 3301; x_wconf 90' lang='lat' dir='ltr'><strong>usu</strong></span> <span class='ocrx_word' id='word_1_235' title='bbox 728 3247 912 3303; x_wconf 89' lang='lat' dir='ltr'><strong>veniat</strong></span> <span class='ocrx_word' id='word_1_236' title='bbox 956 3264 1054 3317; x_wconf 91' lang='lat' dir='ltr'><strong>par</strong></span> <span class='ocrx_word' id='word_1_237' title='bbox 1084 3257 1170 3303; x_wconf 90' lang='lat' dir='ltr'><strong>est</strong></span> <span class='ocrx_word' id='word_1_238' title='bbox 1213 3248 1372 3303; x_wconf 90' lang='lat' dir='ltr'><strong>nobis</strong></span> <span class='ocrx_word' id='word_1_239' title='bbox 1402 3248 1693 3303; x_wconf 90' lang='lat' dir='ltr'><strong>Macarium</strong></span> <span class='ocrx_word' id='word_1_240' title='bbox 1736 3248 1843 3303; x_wconf 84' lang='lat' dir='ltr'><strong>Ho-</strong></span> 
     </span>
    </p>
   </div>
   <div class='ocr_carea' id='block_1_35' title="bbox 271 3337 1843 3409">
    <p class='ocr_par' dir='ltr' id='par_1_35' title="bbox 271 3337 1843 3409">
     <span class='ocr_line' id='line_1_35' title="bbox 271 3337 1843 3409; baseline 0.003 -18"><span class='ocrx_word' id='word_1_241' title='bbox 271 3337 553 3392; x_wconf 89' lang='lat' dir='ltr'><strong>miliarum</strong></span> <span class='ocrx_word' id='word_1_242' title='bbox 582 3338 904 3409; x_wconf 90' lang='lat' dir='ltr'><strong>scriptorem</strong></span> <span class='ocrx_word' id='word_1_243' title='bbox 933 3338 991 3393; x_wconf 91' lang='lat' dir='ltr'><strong>in</strong></span> <span class='ocrx_word' id='word_1_244' title='bbox 1024 3349 1237 3409; x_wconf 84' lang='lat' dir='ltr'><strong>septem</strong></span> <span class='ocrx_word' id='word_1_245' title='bbox 1276 3340 1634 3395; x_wconf 88' lang='lat' dir='ltr'><strong>aseeticorum</strong></span> <span class='ocrx_word' id='word_1_246' title='bbox 1676 3340 1843 3395; x_wconf 90' lang='lat' dir='ltr'><strong>libro-</strong></span> 
     </span>
    </p>
   </div>
   <div class='ocr_carea' id='block_1_36' title="bbox 270 3430 1840 3500">
    <p class='ocr_par' dir='ltr' id='par_1_36' title="bbox 270 3430 1840 3500">
     <span class='ocr_line' id='line_1_36' title="bbox 270 3430 1840 3500; baseline 0.001 -17"><span class='ocrx_word' id='word_1_247' title='bbox 270 3445 397 3483; x_wconf 89' lang='lat' dir='ltr'><strong>rum</strong></span> <span class='ocrx_word' id='word_1_248' title='bbox 444 3438 667 3485; x_wconf 86' lang='lat' dir='ltr'><strong>auctore</strong></span> <span class='ocrx_word' id='word_1_249' title='bbox 720 3430 1130 3500; x_wconf 84' lang='lat' dir='ltr'><strong>quaerentibus.</strong></span> <span class='ocrx_word' id='word_1_250' title='bbox 1194 3430 1519 3486; x_wconf 89' lang='lat' dir='ltr'><strong>Deformitas</strong></span> <span class='ocrx_word' id='word_1_251' title='bbox 1575 3432 1840 3500; x_wconf 88' lang='lat' dir='ltr'><strong>quaedam</strong></span> 
     </span>
    </p>
   </div>
   <div class='ocr_carea' id='block_1_37' title="bbox 267 3519 1842 3577">
    <p class='ocr_par' dir='ltr' id='par_1_37' title="bbox 267 3519 1842 3577">
     <span class='ocr_line' id='line_1_37' title="bbox 267 3519 1842 3577; baseline 0.001 -2"><span class='ocrx_word' id='word_1_252' title='bbox 267 3519 520 3575; x_wconf 89' lang='lat' dir='ltr'><strong>cernitur</strong></span> <span class='ocrx_word' id='word_1_253' title='bbox 544 3520 598 3573; x_wconf 89' lang='lat' dir='ltr'><strong>in</strong></span> <span class='ocrx_word' id='word_1_254' title='bbox 624 3520 929 3575; x_wconf 89' lang='lat' dir='ltr'><strong>Macariana</strong></span> <span class='ocrx_word' id='word_1_255' title='bbox 954 3521 1186 3575; x_wconf 87' lang='lat' dir='ltr'><strong>Homilia</strong></span> <span class='ocrx_word' id='word_1_256' title='bbox 1204 3522 1363 3576; x_wconf 87' lang='lat' dir='ltr'><strong>tertia</strong></span> <span class='ocrx_word' id='word_1_257' title='bbox 1391 3522 1670 3576; x_wconf 90' lang='lat' dir='ltr'><strong>doctrinae</strong></span> <span class='ocrx_word' id='word_1_258' title='bbox 1693 3539 1842 3577; x_wconf 93' lang='lat' dir='ltr'><strong>nunc</strong></span> 
     </span>
    </p>
   </div>
   <div class='ocr_carea' id='block_1_38' title="bbox 270 3610 1840 3685">
    <p class='ocr_par' dir='ltr' id='par_1_38' title="bbox 270 3610 1840 3685">
     <span class='ocr_line' id='line_1_38' title="bbox 270 3610 1840 3685; baseline 0.003 -22"><span class='ocrx_word' id='word_1_259' title='bbox 270 3610 392 3665; x_wconf 81' lang='lat' dir='ltr'><strong>falsi</strong></span> <span class='ocrx_word' id='word_1_260' title='bbox 427 3612 727 3676; x_wconf 89' lang='lat' dir='ltr'><strong>convictae,</strong></span> <span class='ocrx_word' id='word_1_261' title='bbox 764 3612 893 3667; x_wconf 90' lang='lat' dir='ltr'><strong>olim</strong></span> <span class='ocrx_word' id='word_1_262' title='bbox 911 3613 1119 3685; x_wconf 88' lang='lat' dir='ltr'><strong>magnis</strong></span> <span class='ocrx_word' id='word_1_263' title='bbox 1152 3613 1404 3669; x_wconf 89' lang='lat' dir='ltr'><strong>Patribus</strong></span> <span class='ocrx_word' id='word_1_264' title='bbox 1448 3613 1595 3669; x_wconf 87' lang='lat' dir='ltr'><strong>visae</strong></span> <span class='ocrx_word' id='word_1_265' title='bbox 1644 3614 1840 3685; x_wconf 88' lang='lat' dir='ltr'><strong>proba-</strong></span> 
     </span>
    </p>
   </div>
   <div class='ocr_carea' id='block_1_39' title="bbox 270 3704 1836 3776">
    <p class='ocr_par' dir='ltr' id='par_1_39' title="bbox 270 3704 1836 3776">
     <span class='ocr_line' id='line_1_39' title="bbox 270 3704 1836 3776; baseline 0.002 -18"><span class='ocrx_word' id='word_1_266' title='bbox 270 3704 421 3768; x_wconf 89' lang='lat' dir='ltr'><strong>bilis,</strong></span> <span class='ocrx_word' id='word_1_267' title='bbox 454 3704 522 3759; x_wconf 91' lang='lat' dir='ltr'><strong>de</strong></span> <span class='ocrx_word' id='word_1_268' title='bbox 544 3706 911 3775; x_wconf 90' lang='lat' dir='ltr'><strong>corporeitate</strong></span> <span class='ocrx_word' id='word_1_269' title='bbox 938 3706 1253 3776; x_wconf 90' lang='lat' dir='ltr'><strong>angelorum</strong></span> <span class='ocrx_word' id='word_1_270' title='bbox 1272 3716 1330 3759; x_wconf 87' lang='lat' dir='ltr'><strong>et</strong></span> <span class='ocrx_word' id='word_1_271' title='bbox 1356 3705 1681 3760; x_wconf 90' lang='lat' dir='ltr'><strong>animarum.</strong></span> <span class='ocrx_word' id='word_1_272' title='bbox 1730 3708 1836 3761; x_wconf 89' lang='lat' dir='ltr'><strong>Ea-</strong></span> 
     </span>
    </p>
   </div>
   <div class='ocr_carea' id='block_1_40' title="bbox 270 3795 1834 3867">
    <p class='ocr_par' dir='ltr' id='par_1_40' title="bbox 270 3795 1834 3867">
     <span class='ocr_line' id='line_1_40' title="bbox 270 3795 1834 3867; baseline 0.001 -17"><span class='ocrx_word' id='word_1_273' title='bbox 270 3795 399 3851; x_wconf 87' lang='lat' dir='ltr'><strong>dem</strong></span> <span class='ocrx_word' id='word_1_274' title='bbox 427 3811 593 3865; x_wconf 92' lang='lat' dir='ltr'><strong>porro</strong></span> <span class='ocrx_word' id='word_1_275' title='bbox 617 3812 741 3851; x_wconf 91' lang='lat' dir='ltr'><strong>eum</strong></span> <span class='ocrx_word' id='word_1_276' title='bbox 768 3796 1044 3867; x_wconf 88' lang='lat' dir='ltr'><strong>Opusculo</strong></span> <span class='ocrx_word' id='word_1_277' title='bbox 1081 3796 1246 3851; x_wconf 91' lang='lat' dir='ltr'><strong>huius</strong></span> <span class='ocrx_word' id='word_1_278' title='bbox 1292 3796 1559 3851; x_wconf 91' lang='lat' dir='ltr'><strong>Thesauri</strong></span> <span class='ocrx_word' id='word_1_279' title='bbox 1600 3797 1667 3851; x_wconf 78' lang='lat' dir='ltr'><strong>VI</strong></span> <span class='ocrx_word' id='word_1_280' title='bbox 1717 3814 1834 3867; x_wconf 90' lang='lat' dir='ltr'><strong>cap.</strong></span> 
     </span>
    </p>
   </div>
   <div class='ocr_carea' id='block_1_41' title="bbox 272 3886 1837 3958">
    <p class='ocr_par' dir='ltr' id='par_1_41' title="bbox 272 3886 1837 3958">
     <span class='ocr_line' id='line_1_41' title="bbox 272 3886 1837 3958; baseline 0.001 -17"><span class='ocrx_word' id='word_1_281' title='bbox 272 3888 406 3942; x_wconf 87' lang='lat' dir='ltr'><strong>item</strong></span> <span class='ocrx_word' id='word_1_282' title='bbox 435 3887 502 3942; x_wconf 82' lang='lat' dir='ltr'><strong>Vl</strong></span> <span class='ocrx_word' id='word_1_283' title='bbox 533 3904 653 3958; x_wconf 92' lang='lat' dir='ltr'><strong>pag.</strong></span> <span class='ocrx_word' id='word_1_284' title='bbox 687 3888 784 3941; x_wconf 92' lang='grc'><strong>121</strong></span> <span class='ocrx_word' id='word_1_285' title='bbox 826 3887 1056 3958; x_wconf 91' lang='lat' dir='ltr'><strong>legatur,</strong></span> <span class='ocrx_word' id='word_1_286' title='bbox 1081 3896 1161 3942; x_wconf 64' lang='lat' dir='ltr'><strong>‘et</strong></span> <span class='ocrx_word' id='word_1_287' title='bbox 1207 3886 1429 3957; x_wconf 92' lang='lat' dir='ltr'><strong>quidem</strong></span> <span class='ocrx_word' id='word_1_288' title='bbox 1481 3886 1673 3941; x_wconf 88' lang='lat' dir='ltr'><strong>iisdem</strong></span> <span class='ocrx_word' id='word_1_289' title='bbox 1724 3888 1837 3943; x_wconf 92' lang='lat' dir='ltr'><strong>fere</strong></span> 
     </span>
    </p>
   </div>
   <div class='ocr_carea' id='block_1_42' title="bbox 270 3979 1833 4050">
    <p class='ocr_par' dir='ltr' id='par_1_42' title="bbox 270 3979 1833 4050">
     <span class='ocr_line' id='line_1_42' title="bbox 270 3979 1833 4050; baseline 0.001 -17"><span class='ocrx_word' id='word_1_290' title='bbox 270 3980 478 4044; x_wconf 86' lang='lat' dir='ltr'><strong>verbis,</strong></span> <span class='ocrx_word' id='word_1_291' title='bbox 508 3980 699 4049; x_wconf 89' lang='lat' dir='ltr'><strong>quidni</strong></span> <span class='ocrx_word' id='word_1_292' title='bbox 727 3996 827 4035; x_wconf 89' lang='lat' dir='ltr'><strong>nos</strong></span> <span class='ocrx_word' id='word_1_293' title='bbox 856 3994 1073 4050; x_wconf 90' lang='lat' dir='ltr'><strong>quoque</strong></span> <span class='ocrx_word' id='word_1_294' title='bbox 1107 3979 1213 4033; x_wconf 91' lang='lat' dir='ltr'><strong>iam</strong></span> <span class='ocrx_word' id='word_1_295' title='bbox 1263 3980 1500 4034; x_wconf 91' lang='lat' dir='ltr'><strong>convicti</strong></span> <span class='ocrx_word' id='word_1_296' title='bbox 1531 3981 1833 4035; x_wconf 89' lang='lat' dir='ltr'><strong>fateamur:</strong></span> 
     </span>
    </p>
   </div>
   <div class='ocr_carea' id='block_1_43' title="bbox 274 4071 1835 4143">
    <p class='ocr_par' dir='ltr' id='par_1_43' title="bbox 274 4071 1835 4143">
     <span class='ocr_line' id='line_1_43' title="bbox 274 4071 1835 4143; baseline 0.002 -18"><span class='ocrx_word' id='word_1_297' title='bbox 274 4071 468 4126; x_wconf 86' lang='lat' dir='ltr'><strong>Manus</strong></span> <span class='ocrx_word' id='word_1_298' title='bbox 501 4074 634 4129; x_wconf 91' lang='lat' dir='ltr'><strong>haec</strong></span> <span class='ocrx_word' id='word_1_299' title='bbox 662 4073 887 4127; x_wconf 92' lang='lat' dir='ltr'><strong>omnino</strong></span> <span class='ocrx_word' id='word_1_300' title='bbox 927 4087 1146 4135; x_wconf 90' lang='lat' dir='ltr'><strong>manus,</strong></span> <span class='ocrx_word' id='word_1_301' title='bbox 1208 4071 1319 4126; x_wconf 90' lang='lat' dir='ltr'><strong>imo</strong></span> <span class='ocrx_word' id='word_1_302' title='bbox 1362 4082 1420 4127; x_wconf 94' lang='lat' dir='ltr'><strong>et</strong></span> <span class='ocrx_word' id='word_1_303' title='bbox 1460 4089 1565 4127; x_wconf 89' lang='lat' dir='ltr'><strong>vox</strong></span> <span class='ocrx_word' id='word_1_304' title='bbox 1619 4088 1835 4143; x_wconf 90' lang='lat' dir='ltr'><strong>quoque</strong></span> 
     </span>
    </p>
   </div>
   <div class='ocr_carea' id='block_1_44' title="bbox 274 4159 1297 4215">
    <p class='ocr_par' dir='ltr' id='par_1_44' title="bbox 274 4159 1297 4215">
     <span class='ocr_line' id='line_1_44' title="bbox 274 4159 1297 4215; baseline -0.002 -1"><span class='ocrx_word' id='word_1_305' title='bbox 274 4161 633 4215; x_wconf 86' lang='lat' dir='ltr'><strong>Homiliarum</strong></span> <span class='ocrx_word' id='word_1_306' title='bbox 665 4160 907 4215; x_wconf 88' lang='lat' dir='ltr'><strong>auctoris</strong></span> <span class='ocrx_word' id='word_1_307' title='bbox 939 4159 1159 4214; x_wconf 85' lang='lat' dir='ltr'><strong>Macarii</strong></span> <span class='ocrx_word' id='word_1_308' title='bbox 1196 4168 1297 4214; x_wconf 93' lang='lat' dir='ltr'><strong>est.</strong></span> 
     </span>
    </p>
   </div>
   <div class='ocr_carea' id='block_1_45' title="bbox 341 4251 1840 4310">
    <p class='ocr_par' dir='ltr' id='par_1_45' title="bbox 341 4251 1840 4310">
     <span class='ocr_line' id='line_1_45' title="bbox 341 4251 1840 4310; baseline -0.001 -1"><span class='ocrx_word' id='word_1_309' title='bbox 341 4253 455 4310; x_wconf 83' lang='lat' dir='ltr'><strong>VII.</strong></span> <span class='ocrx_word' id='word_1_310' title='bbox 481 4254 657 4308; x_wconf 88' lang='lat' dir='ltr'><strong>Nolim</strong></span> <span class='ocrx_word' id='word_1_311' title='bbox 676 4262 858 4308; x_wconf 91' lang='lat' dir='ltr'><strong>tamen</strong></span> <span class='ocrx_word' id='word_1_312' title='bbox 888 4254 991 4307; x_wconf 89' lang='lat' dir='ltr'><strong>hac</strong></span> <span class='ocrx_word' id='word_1_313' title='bbox 1023 4251 1290 4306; x_wconf 71' lang='lat' dir='ltr'><strong>offensum</strong></span> <span class='ocrx_word' id='word_1_314' title='bbox 1330 4252 1673 4308; x_wconf 90' lang='lat' dir='ltr'><strong>confessione</strong></span> <span class='ocrx_word' id='word_1_315' title='bbox 1702 4254 1840 4309; x_wconf 91' lang='lat' dir='ltr'><strong>labis</strong></span> 
     </span>
    </p>
   </div>
   <div class='ocr_carea' id='block_1_46' title="bbox 267 4344 1841 4414">
    <p class='ocr_par' dir='ltr' id='par_1_46' title="bbox 267 4344 1841 4414">
     <span class='ocr_line' id='line_1_46' title="bbox 267 4344 1841 4414; baseline -0.001 -12"><span class='ocrx_word' id='word_1_316' title='bbox 267 4349 532 4402; x_wconf 87' lang='lat' dir='ltr'><strong>lectorem</strong></span> <span class='ocrx_word' id='word_1_317' title='bbox 566 4344 826 4399; x_wconf 92' lang='lat' dir='ltr'><strong>continuo</strong></span> <span class='ocrx_word' id='word_1_318' title='bbox 855 4345 869 4413; x_wconf 65' lang='grc' dir='ltr'>ἓ</span> <span class='ocrx_word' id='word_1_319' title='bbox 896 4344 1273 4414; x_wconf 86' lang='lat' dir='ltr'><strong>praeiudicare</strong></span> <span class='ocrx_word' id='word_1_320' title='bbox 1308 4344 1431 4399; x_wconf 89' lang='lat' dir='ltr'><strong>luce</strong></span> <span class='ocrx_word' id='word_1_321' title='bbox 1466 4345 1747 4413; x_wconf 89' lang='lat' dir='ltr'><strong>indignum</strong></span> <span class='ocrx_word' id='word_1_322' title='bbox 1784 4356 1841 4400; x_wconf 87' lang='lat' dir='ltr'><strong>et</strong></span> 
     </span>
    </p>
   </div>
   <div class='ocr_carea' id='block_1_47' title="bbox 270 4422 1835 4503">
    <p class='ocr_par' dir='ltr' id='par_1_47' title="bbox 270 4422 1835 4503">
     <span class='ocr_line' id='line_1_47' title="bbox 270 4422 1835 4503; baseline 0.001 -16"><span class='ocrx_word' id='word_1_323' title='bbox 270 4448 440 4503; x_wconf 88' lang='lat' dir='ltr'><strong>opera</strong></span> <span class='ocrx_word' id='word_1_324' title='bbox 456 4432 686 4487; x_wconf 91' lang='lat' dir='ltr'><strong>editoris</strong></span> <span class='ocrx_word' id='word_1_325' title='bbox 716 4447 780 4485; x_wconf 91' lang='lat' dir='ltr'><strong>ea</strong></span> <span class='ocrx_word' id='word_1_326' title='bbox 799 4422 961 4486; x_wconf 84' lang='lat' dir='ltr'><strong>sorde</strong></span> <span class='ocrx_word' id='word_1_327' title='bbox 993 4431 1339 4502; x_wconf 90' lang='lat' dir='ltr'><strong>inquinatum</strong></span> <span class='ocrx_word' id='word_1_328' title='bbox 1364 4436 1835 4490; x_wconf 89' lang='lat' dir='ltr'><strong>commentarium.</strong></span> 
     </span>
    </p>
   </div>
   <div class='ocr_carea' id='block_1_48' title="bbox 1965 593 3524 666">
    <p class='ocr_par' dir='ltr' id='par_1_48' title="bbox 1965 593 3524 666">
     <span class='ocr_line' id='line_1_48' title="bbox 1965 593 3524 666; baseline -0.004 -12"><span class='ocrx_word' id='word_1_329' title='bbox 1965 600 2233 654; x_wconf 85' lang='lat' dir='ltr'><strong>nistarum</strong></span> <span class='ocrx_word' id='word_1_330' title='bbox 2269 641 2286 665; x_wconf 90' lang='lat'><strong>,</strong></span> <span class='ocrx_word' id='word_1_331' title='bbox 2344 600 2481 654; x_wconf 88' lang='lat' dir='ltr'><strong>alter</strong></span> <span class='ocrx_word' id='word_1_332' title='bbox 2555 594 3049 666; x_wconf 89' lang='lat' dir='ltr'><strong>Semipelagianum</strong></span> <span class='ocrx_word' id='word_1_333' title='bbox 3119 593 3524 648; x_wconf 88' lang='lat' dir='ltr'><strong>odiosissimum</strong></span> 
     </span>
    </p>
   </div>
   <div class='ocr_carea' id='block_1_49' title="bbox 1961 685 3527 760">
    <p class='ocr_par' dir='ltr' id='par_1_49' title="bbox 1961 685 3527 760">
     <span class='ocr_line' id='line_1_49' title="bbox 1961 685 3527 760; baseline -0.003 -17"><span class='ocrx_word' id='word_1_334' title='bbox 1961 690 2175 759; x_wconf 81' lang='lat' dir='ltr'><strong>dogma,</strong></span> <span class='ocrx_word' id='word_1_335' title='bbox 2232 691 2361 760; x_wconf 90' lang='lat' dir='ltr'><strong>quia</strong></span> <span class='ocrx_word' id='word_1_336' title='bbox 2392 689 2485 742; x_wconf 89' lang='lat' dir='ltr'><strong>illa</strong></span> <span class='ocrx_word' id='word_1_337' title='bbox 2533 695 2765 757; x_wconf 90' lang='lat' dir='ltr'><strong>uterque</strong></span> <span class='ocrx_word' id='word_1_338' title='bbox 2804 688 2937 742; x_wconf 89' lang='lat' dir='ltr'><strong>vitia</strong></span> <span class='ocrx_word' id='word_1_339' title='bbox 2976 686 3186 755; x_wconf 89' lang='lat' dir='ltr'><strong>magnis</strong></span> <span class='ocrx_word' id='word_1_340' title='bbox 3230 685 3527 740; x_wconf 86' lang='lat' dir='ltr'><strong>virtutibus</strong></span> 
     </span>
    </p>
   </div>
   <div class='ocr_carea' id='block_1_50' title="bbox 1960 780 3524 850">
    <p class='ocr_par' dir='ltr' id='par_1_50' title="bbox 1960 780 3524 850">
     <span class='ocr_line' id='line_1_50' title="bbox 1960 780 3524 850; baseline -0.004 -10"><span class='ocrx_word' id='word_1_341' title='bbox 1960 785 2260 850; x_wconf 87' lang='lat' dir='ltr'><strong>redimunt,</strong></span> <span class='ocrx_word' id='word_1_342' title='bbox 2290 785 2425 839; x_wconf 90' lang='lat' dir='ltr'><strong>adeo</strong></span> <span class='ocrx_word' id='word_1_343' title='bbox 2466 799 2578 837; x_wconf 93' lang='lat' dir='ltr'><strong>non</strong></span> <span class='ocrx_word' id='word_1_344' title='bbox 2608 783 3014 837; x_wconf 92' lang='lat' dir='ltr'><strong>interdicuntur</strong></span> <span class='ocrx_word' id='word_1_345' title='bbox 3038 797 3141 835; x_wconf 91' lang='lat' dir='ltr'><strong>usu</strong></span> <span class='ocrx_word' id='word_1_346' title='bbox 3171 796 3235 835; x_wconf 93' lang='lat' dir='ltr'><strong>ac</strong></span> <span class='ocrx_word' id='word_1_347' title='bbox 3277 780 3421 843; x_wconf 87' lang='lat' dir='ltr'><strong>luce,</strong></span> <span class='ocrx_word' id='word_1_348' title='bbox 3464 789 3524 833; x_wconf 90' lang='lat' dir='ltr'><strong>ut</strong></span> 
     </span>
    </p>
   </div>
   <div class='ocr_carea' id='block_1_51' title="bbox 1958 871 3521 932">
    <p class='ocr_par' dir='ltr' id='par_1_51' title="bbox 1958 871 3521 932">
     <span class='ocr_line' id='line_1_51' title="bbox 1958 871 3521 932; baseline -0.004 -2"><span class='ocrx_word' id='word_1_349' title='bbox 1958 890 2150 930; x_wconf 89' lang='lat' dir='ltr'><strong>eorum</strong></span> <span class='ocrx_word' id='word_1_350' title='bbox 2182 877 2348 932; x_wconf 89' lang='lat' dir='ltr'><strong>etiam</strong></span> <span class='ocrx_word' id='word_1_351' title='bbox 2391 874 2689 929; x_wconf 89' lang='lat' dir='ltr'><strong>suadeatur</strong></span> <span class='ocrx_word' id='word_1_352' title='bbox 2747 874 2910 927; x_wconf 92' lang='lat' dir='ltr'><strong>lectio</strong></span> <span class='ocrx_word' id='word_1_353' title='bbox 2957 882 3015 928; x_wconf 90' lang='lat' dir='ltr'><strong>et</strong></span> <span class='ocrx_word' id='word_1_354' title='bbox 3064 871 3521 927; x_wconf 90' lang='lat' dir='ltr'><strong>commendetur:</strong></span> 
     </span>
    </p>
   </div>
   <div class='ocr_carea' id='block_1_52' title="bbox 1957 965 3520 1039">
    <p class='ocr_par' dir='ltr' id='par_1_52' title="bbox 1957 965 3520 1039">
     <span class='ocr_line' id='line_1_52' title="bbox 1957 965 3520 1039; baseline -0.003 -17"><span class='ocrx_word' id='word_1_355' title='bbox 1957 969 2082 1039; x_wconf 89' lang='lat' dir='ltr'><strong>quis</strong></span> <span class='ocrx_word' id='word_1_356' title='bbox 2116 978 2222 1023; x_wconf 90' lang='lat' dir='ltr'><strong>tam</strong></span> <span class='ocrx_word' id='word_1_357' title='bbox 2280 968 2500 1037; x_wconf 92' lang='lat' dir='ltr'><strong>iniquus</strong></span> <span class='ocrx_word' id='word_1_358' title='bbox 2560 982 2750 1023; x_wconf 88' lang='lat' dir='ltr'><strong>arcere</strong></span> <span class='ocrx_word' id='word_1_359' title='bbox 2772 975 3000 1021; x_wconf 92' lang='lat' dir='ltr'><strong>cunctos</strong></span> <span class='ocrx_word' id='word_1_360' title='bbox 3041 965 3164 1020; x_wconf 87' lang='lat' dir='ltr'><strong>visu</strong></span> <span class='ocrx_word' id='word_1_361' title='bbox 3192 974 3246 1019; x_wconf 93' lang='lat' dir='ltr'><strong>et</strong></span> <span class='ocrx_word' id='word_1_362' title='bbox 3266 973 3520 1020; x_wconf 87' lang='lat' dir='ltr'><strong>contactu</strong></span> 
     </span>
    </p>
   </div>
   <div class='ocr_carea' id='block_1_53' title="bbox 1956 1058 3523 1131">
    <p class='ocr_par' dir='ltr' id='par_1_53' title="bbox 1956 1058 3523 1131">
     <span class='ocr_line' id='line_1_53' title="bbox 1956 1058 3523 1131; baseline -0.003 -16"><span class='ocrx_word' id='word_1_363' title='bbox 1956 1061 2395 1116; x_wconf 88' lang='lat' dir='ltr'><strong>lucubrationum</strong></span> <span class='ocrx_word' id='word_1_364' title='bbox 2424 1060 2600 1131; x_wconf 83' lang='lat' dir='ltr'><strong>Magni</strong></span> <span class='ocrx_word' id='word_1_365' title='bbox 2629 1058 2851 1114; x_wconf 80' lang='lat' dir='ltr'><strong>Macarii</strong></span> <span class='ocrx_word' id='word_1_366' title='bbox 2882 1066 3112 1113; x_wconf 90' lang='lat' dir='ltr'><strong>conetur</strong></span> <span class='ocrx_word' id='word_1_367' title='bbox 3142 1065 3368 1128; x_wconf 91' lang='lat' dir='ltr'><strong>propter</strong></span> <span class='ocrx_word' id='word_1_368' title='bbox 3410 1066 3523 1111; x_wconf 90' lang='lat' dir='ltr'><strong>tres</strong></span> 
     </span>
    </p>
   </div>
   <div class='ocr_carea' id='block_1_54' title="bbox 1957 1145 3518 1222">
    <p class='ocr_par' dir='ltr' id='par_1_54' title="bbox 1957 1145 3518 1222">
     <span class='ocr_line' id='line_1_54' title="bbox 1957 1145 3518 1222; baseline -0.005 -15"><span class='ocrx_word' id='word_1_369' title='bbox 1957 1163 2297 1222; x_wconf 90' lang='lat' dir='ltr'><strong>quatuorque</strong></span> <span class='ocrx_word' id='word_1_370' title='bbox 2338 1166 2531 1205; x_wconf 89' lang='lat' dir='ltr'><strong>versus</strong></span> <span class='ocrx_word' id='word_1_371' title='bbox 2583 1148 2829 1204; x_wconf 91' lang='lat' dir='ltr'><strong>labecula</strong></span> <span class='ocrx_word' id='word_1_372' title='bbox 2861 1146 2996 1200; x_wconf 92' lang='lat' dir='ltr'><strong>nulli</strong></span> <span class='ocrx_word' id='word_1_373' title='bbox 3029 1146 3192 1200; x_wconf 91' lang='lat' dir='ltr'><strong>hodie</strong></span> <span class='ocrx_word' id='word_1_374' title='bbox 3220 1145 3381 1199; x_wconf 89' lang='lat' dir='ltr'><strong>noxia</strong></span> <span class='ocrx_word' id='word_1_375' title='bbox 3432 1160 3518 1199; x_wconf 88' lang='lat' dir='ltr'><strong>re-</strong></span> 
     </span>
    </p>
   </div>
   <div class='ocr_carea' id='block_1_55' title="bbox 1955 1236 3520 1314">
    <p class='ocr_par' dir='ltr' id='par_1_55' title="bbox 1955 1236 3520 1314">
     <span class='ocr_line' id='line_1_55' title="bbox 1955 1236 3520 1314; baseline -0.005 -17"><span class='ocrx_word' id='word_1_376' title='bbox 1955 1258 2144 1314; x_wconf 90' lang='lat' dir='ltr'><strong>persos</strong></span> <span class='ocrx_word' id='word_1_377' title='bbox 2168 1242 2401 1296; x_wconf 91' lang='lat' dir='ltr'><strong>inlibris</strong></span> <span class='ocrx_word' id='word_1_378' title='bbox 2437 1250 2644 1310; x_wconf 91' lang='lat' dir='ltr'><strong>septem</strong></span> <span class='ocrx_word' id='word_1_379' title='bbox 2680 1255 2834 1301; x_wconf 89' lang='lat' dir='ltr'><strong>sana,</strong></span> <span class='ocrx_word' id='word_1_380' title='bbox 2864 1236 3319 1307; x_wconf 88' lang='lat' dir='ltr'><strong>inculpatissima,</strong></span> <span class='ocrx_word' id='word_1_381' title='bbox 3372 1236 3520 1290; x_wconf 92' lang='lat' dir='ltr'><strong>salu-</strong></span> 
     </span>
    </p>
   </div>
   <div class='ocr_carea' id='block_1_56' title="bbox 1955 1329 3050 1390">
    <p class='ocr_par' dir='ltr' id='par_1_56' title="bbox 1955 1329 3050 1390">
     <span class='ocr_line' id='line_1_56' title="bbox 1955 1329 3050 1390; baseline -0.008 0"><span class='ocrx_word' id='word_1_382' title='bbox 1955 1334 2193 1390; x_wconf 90' lang='lat' dir='ltr'><strong>berrima</strong></span> <span class='ocrx_word' id='word_1_383' title='bbox 2226 1332 2537 1388; x_wconf 91' lang='lat' dir='ltr'><strong>eruditione</strong></span> <span class='ocrx_word' id='word_1_384' title='bbox 2570 1329 3050 1385; x_wconf 78' lang='lat' dir='ltr'><strong>redundantibus?</strong></span> 
     </span>
    </p>
   </div>
   <div class='ocr_carea' id='block_1_57' title="bbox 2024 1415 3521 1495">
    <p class='ocr_par' dir='ltr' id='par_1_57' title="bbox 2024 1415 3521 1495">
     <span class='ocr_line' id='line_1_57' title="bbox 2024 1415 3521 1495; baseline -0.007 -14"><span class='ocrx_word' id='word_1_385' title='bbox 2024 1425 2237 1481; x_wconf 85' lang='lat' dir='ltr'><strong>Licebit</strong></span> <span class='ocrx_word' id='word_1_386' title='bbox 2296 1424 2465 1495; x_wconf 91' lang='lat' dir='ltr'><strong>igitur</strong></span> <span class='ocrx_word' id='word_1_387' title='bbox 2493 1438 2590 1491; x_wconf 93' lang='lat' dir='ltr'><strong>per</strong></span> <span class='ocrx_word' id='word_1_388' title='bbox 2635 1435 2828 1475; x_wconf 89' lang='lat' dir='ltr'><strong>omnes</strong></span> <span class='ocrx_word' id='word_1_389' title='bbox 2878 1433 3086 1487; x_wconf 89' lang='lat' dir='ltr'><strong>aequos</strong></span> <span class='ocrx_word' id='word_1_390' title='bbox 3114 1425 3172 1472; x_wconf 91' lang='lat' dir='ltr'><strong>et</strong></span> <span class='ocrx_word' id='word_1_391' title='bbox 3224 1415 3521 1488; x_wconf 86' lang='lat' dir='ltr'><strong>prudentes</strong></span> 
     </span>
    </p>
   </div>
   <div class='ocr_carea' id='block_1_58' title="bbox 1952 1506 3517 1583">
    <p class='ocr_par' dir='ltr' id='par_1_58' title="bbox 1952 1506 3517 1583">
     <span class='ocr_line' id='line_1_58' title="bbox 1952 1506 3517 1583; baseline -0.007 -12"><span class='ocrx_word' id='word_1_392' title='bbox 1952 1517 2114 1572; x_wconf 89' lang='lat' dir='ltr'><strong>nobis</strong></span> <span class='ocrx_word' id='word_1_393' title='bbox 2162 1516 2219 1570; x_wconf 93' lang='lat' dir='ltr'><strong>in</strong></span> <span class='ocrx_word' id='word_1_394' title='bbox 2254 1516 2358 1569; x_wconf 91' lang='lat' dir='ltr'><strong>hoc</strong></span> <span class='ocrx_word' id='word_1_395' title='bbox 2384 1528 2604 1583; x_wconf 91' lang='lat' dir='ltr'><strong>quoque</strong></span> <span class='ocrx_word' id='word_1_396' title='bbox 2657 1511 2818 1565; x_wconf 92' lang='lat' dir='ltr'><strong>horto</strong></span> <span class='ocrx_word' id='word_1_397' title='bbox 2872 1524 3121 1564; x_wconf 88' lang='lat' dir='ltr'><strong>rosarum</strong></span> <span class='ocrx_word' id='word_1_398' title='bbox 3166 1508 3335 1562; x_wconf 90' lang='lat' dir='ltr'><strong>odore</strong></span> <span class='ocrx_word' id='word_1_399' title='bbox 3375 1506 3517 1569; x_wconf 88' lang='lat' dir='ltr'><strong>frui,</strong></span> 
     </span>
    </p>
   </div>
   <div class='ocr_carea' id='block_1_59' title="bbox 1950 1595 3519 1675">
    <p class='ocr_par' dir='ltr' id='par_1_59' title="bbox 1950 1595 3519 1675">
     <span class='ocr_line' id='line_1_59' title="bbox 1950 1595 3519 1675; baseline -0.009 -14"><span class='ocrx_word' id='word_1_400' title='bbox 1950 1607 2142 1670; x_wconf 89' lang='lat' dir='ltr'><strong>vitato,</strong></span> <span class='ocrx_word' id='word_1_401' title='bbox 2169 1604 2314 1675; x_wconf 90' lang='lat' dir='ltr'><strong>quod</strong></span> <span class='ocrx_word' id='word_1_402' title='bbox 2339 1603 2591 1657; x_wconf 89' lang='lat' dir='ltr'><strong>facillime</strong></span> <span class='ocrx_word' id='word_1_403' title='bbox 2617 1613 2929 1671; x_wconf 89' lang='lat' dir='ltr'><strong>possumus,</strong></span> <span class='ocrx_word' id='word_1_404' title='bbox 2968 1599 3159 1667; x_wconf 86' lang='lat' dir='ltr'><strong>spinae</strong></span> <span class='ocrx_word' id='word_1_405' title='bbox 3188 1595 3353 1649; x_wconf 90' lang='lat' dir='ltr'><strong>unius</strong></span> <span class='ocrx_word' id='word_1_406' title='bbox 3387 1611 3519 1649; x_wconf 82' lang='lat' dir='ltr'><strong>acu-</strong></span> 
     </span>
    </p>
   </div>
   <div class='ocr_carea' id='block_1_60' title="bbox 1950 1686 3520 1763">
    <p class='ocr_par' dir='ltr' id='par_1_60' title="bbox 1950 1686 3520 1763">
     <span class='ocr_line' id='line_1_60' title="bbox 1950 1686 3520 1763; baseline -0.008 -11"><span class='ocrx_word' id='word_1_407' title='bbox 1950 1697 2075 1763; x_wconf 83' lang='lat' dir='ltr'><strong>leo;</strong></span> <span class='ocrx_word' id='word_1_408' title='bbox 2132 1697 2188 1749; x_wconf 91' lang='lat' dir='ltr'><strong>in</strong></span> <span class='ocrx_word' id='word_1_409' title='bbox 2228 1694 2333 1749; x_wconf 91' lang='lat' dir='ltr'><strong>hoc</strong></span> <span class='ocrx_word' id='word_1_410' title='bbox 2374 1708 2567 1762; x_wconf 91' lang='lat' dir='ltr'><strong>campo</strong></span> <span class='ocrx_word' id='word_1_411' title='bbox 2606 1699 2810 1745; x_wconf 89' lang='lat' dir='ltr'><strong>metere</strong></span> <span class='ocrx_word' id='word_1_412' title='bbox 2863 1704 3064 1759; x_wconf 89' lang='lat' dir='ltr'><strong>purum</strong></span> <span class='ocrx_word' id='word_1_413' title='bbox 3094 1687 3428 1742; x_wconf 90' lang='lat' dir='ltr'><strong>frumentum</strong></span> <span class='ocrx_word' id='word_1_414' title='bbox 3463 1686 3520 1740; x_wconf 92' lang='lat' dir='ltr'><strong>in</strong></span> 
     </span>
    </p>
   </div>
   <div class='ocr_carea' id='block_1_61' title="bbox 1952 1778 3518 1855">
    <p class='ocr_par' dir='ltr' id='par_1_61' title="bbox 1952 1778 3518 1855">
     <span class='ocr_line' id='line_1_61' title="bbox 1952 1778 3518 1855; baseline -0.008 -12"><span class='ocrx_word' id='word_1_415' title='bbox 1952 1802 2243 1851; x_wconf 90' lang='lat' dir='ltr'><strong>annonam,</strong></span> <span class='ocrx_word' id='word_1_416' title='bbox 2268 1785 2515 1855; x_wconf 87' lang='lat' dir='ltr'><strong>neglecto</strong></span> <span class='ocrx_word' id='word_1_417' title='bbox 2543 1784 2857 1852; x_wconf 84' lang='lat' dir='ltr'><strong>reiectoque</strong></span> <span class='ocrx_word' id='word_1_418' title='bbox 2891 1781 3058 1835; x_wconf 90' lang='lat' dir='ltr'><strong>unius</strong></span> <span class='ocrx_word' id='word_1_419' title='bbox 3100 1780 3217 1834; x_wconf 90' lang='lat' dir='ltr'><strong>illic</strong></span> <span class='ocrx_word' id='word_1_420' title='bbox 3246 1778 3387 1833; x_wconf 90' lang='lat' dir='ltr'><strong>forte</strong></span> <span class='ocrx_word' id='word_1_421' title='bbox 3420 1778 3518 1832; x_wconf 89' lang='lat' dir='ltr'><strong>ad-</strong></span> 
     </span>
    </p>
   </div>
   <div class='ocr_carea' id='block_1_62' title="bbox 1951 1870 3519 1944">
    <p class='ocr_par' dir='ltr' id='par_1_62' title="bbox 1951 1870 3519 1944">
     <span class='ocr_line' id='line_1_62' title="bbox 1951 1870 3519 1944; baseline -0.008 -10"><span class='ocrx_word' id='word_1_422' title='bbox 1951 1880 2063 1934; x_wconf 88' lang='lat' dir='ltr'><strong>nati</strong></span> <span class='ocrx_word' id='word_1_423' title='bbox 2089 1878 2311 1933; x_wconf 92' lang='lat' dir='ltr'><strong>surculo</strong></span> <span class='ocrx_word' id='word_1_424' title='bbox 2343 1875 2616 1930; x_wconf 83' lang='lat' dir='ltr'><strong>lolii.Non</strong></span> <span class='ocrx_word' id='word_1_425' title='bbox 2641 1873 2879 1944; x_wconf 89' lang='lat' dir='ltr'><strong>vulgaris</strong></span> <span class='ocrx_word' id='word_1_426' title='bbox 2927 1886 3052 1941; x_wconf 89' lang='lat' dir='ltr'><strong>spes</strong></span> <span class='ocrx_word' id='word_1_427' title='bbox 3080 1870 3145 1924; x_wconf 90' lang='lat' dir='ltr'><strong>ad</strong></span> <span class='ocrx_word' id='word_1_428' title='bbox 3180 1870 3285 1924; x_wconf 93' lang='lat' dir='ltr'><strong>hoc</strong></span> <span class='ocrx_word' id='word_1_429' title='bbox 3321 1884 3519 1939; x_wconf 90' lang='lat' dir='ltr'><strong>operae</strong></span> 
     </span>
    </p>
   </div>
   <div class='ocr_carea' id='block_1_63' title="bbox 1950 1962 3521 2040">
    <p class='ocr_par' dir='ltr' id='par_1_63' title="bbox 1950 1962 3521 2040">
     <span class='ocr_line' id='line_1_63' title="bbox 1950 1962 3521 2040; baseline -0.007 -15"><span class='ocrx_word' id='word_1_430' title='bbox 1950 1970 2113 2040; x_wconf 91' lang='lat' dir='ltr'><strong>pretii</strong></span> <span class='ocrx_word' id='word_1_431' title='bbox 2160 1977 2339 2023; x_wconf 89' lang='lat' dir='ltr'><strong>vocat.</strong></span> <span class='ocrx_word' id='word_1_432' title='bbox 2388 1966 2589 2035; x_wconf 90' lang='lat' dir='ltr'><strong>Utique</strong></span> <span class='ocrx_word' id='word_1_433' title='bbox 2633 1966 2725 2018; x_wconf 86' lang='lat' dir='ltr'><strong>vix</strong></span> <span class='ocrx_word' id='word_1_434' title='bbox 2761 1963 2974 2033; x_wconf 90' lang='lat' dir='ltr'><strong>uspiam</strong></span> <span class='ocrx_word' id='word_1_435' title='bbox 3022 1962 3151 2015; x_wconf 91' lang='lat' dir='ltr'><strong>alibi</strong></span> <span class='ocrx_word' id='word_1_436' title='bbox 3204 1969 3521 2030; x_wconf 84' lang='lat' dir='ltr'><strong>reperturos</strong></span> 
     </span>
    </p>
   </div>
   <div class='ocr_carea' id='block_1_64' title="bbox 1949 2054 3518 2125">
    <p class='ocr_par' dir='ltr' id='par_1_64' title="bbox 1949 2054 3518 2125">
     <span class='ocr_line' id='line_1_64' title="bbox 1949 2054 3518 2125; baseline -0.008 -8"><span class='ocrx_word' id='word_1_437' title='bbox 1949 2062 2310 2125; x_wconf 89' lang='lat' dir='ltr'><strong>enucleatius,</strong></span> <span class='ocrx_word' id='word_1_438' title='bbox 2343 2060 2629 2122; x_wconf 86' lang='lat' dir='ltr'><strong>disertius,</strong></span> <span class='ocrx_word' id='word_1_439' title='bbox 2662 2054 3054 2125; x_wconf 88' lang='lat' dir='ltr'><strong>intelligentius</strong></span> <span class='ocrx_word' id='word_1_440' title='bbox 3084 2054 3412 2108; x_wconf 72' lang='lat' dir='ltr'><strong>declaratum</strong></span> <span class='ocrx_word' id='word_1_441' title='bbox 3430 2067 3518 2105; x_wconf 91' lang='lat' dir='ltr'><strong>ra-</strong></span> 
     </span>
    </p>
   </div>
   <div class='ocr_carea' id='block_1_65' title="bbox 1949 2145 3518 2214">
    <p class='ocr_par' dir='ltr' id='par_1_65' title="bbox 1949 2145 3518 2214">
     <span class='ocr_line' id='line_1_65' title="bbox 1949 2145 3518 2214; baseline -0.007 -7"><span class='ocrx_word' id='word_1_442' title='bbox 1949 2154 2152 2207; x_wconf 91' lang='lat' dir='ltr'><strong>tionem</strong></span> <span class='ocrx_word' id='word_1_443' title='bbox 2180 2167 2399 2207; x_wconf 90' lang='lat' dir='ltr'><strong>omnem</strong></span> <span class='ocrx_word' id='word_1_444' title='bbox 2425 2167 2489 2205; x_wconf 93' lang='lat' dir='ltr'><strong>ac</strong></span> <span class='ocrx_word' id='word_1_445' title='bbox 2514 2148 2833 2204; x_wconf 88' lang='lat' dir='ltr'><strong>methodum</strong></span> <span class='ocrx_word' id='word_1_446' title='bbox 2864 2146 3001 2200; x_wconf 91' lang='lat' dir='ltr'><strong>artis</strong></span> <span class='ocrx_word' id='word_1_447' title='bbox 3053 2145 3260 2214; x_wconf 91' lang='lat' dir='ltr'><strong>alioqui</strong></span> <span class='ocrx_word' id='word_1_448' title='bbox 3320 2159 3518 2199; x_wconf 88' lang='lat' dir='ltr'><strong>recon-</strong></span> 
     </span>
    </p>
   </div>
   <div class='ocr_carea' id='block_1_66' title="bbox 1948 2236 3518 2313">
    <p class='ocr_par' dir='ltr' id='par_1_66' title="bbox 1948 2236 3518 2313">
     <span class='ocr_line' id='line_1_66' title="bbox 1948 2236 3518 2313; baseline -0.008 -14"><span class='ocrx_word' id='word_1_449' title='bbox 1948 2245 2093 2300; x_wconf 91' lang='lat' dir='ltr'><strong>ditae</strong></span> <span class='ocrx_word' id='word_1_450' title='bbox 2120 2259 2185 2298; x_wconf 92' lang='lat' dir='ltr'><strong>ac</strong></span> <span class='ocrx_word' id='word_1_451' title='bbox 2214 2244 2524 2313; x_wconf 85' lang='lat' dir='ltr'><strong>perplexae,</strong></span> <span class='ocrx_word' id='word_1_452' title='bbox 2557 2239 2831 2296; x_wconf 89' lang='lat' dir='ltr'><strong>serviendi</strong></span> <span class='ocrx_word' id='word_1_453' title='bbox 2882 2238 2995 2292; x_wconf 90' lang='lat' dir='ltr'><strong>Deo</strong></span> <span class='ocrx_word' id='word_1_454' title='bbox 3025 2236 3081 2290; x_wconf 93' lang='lat' dir='ltr'><strong>in</strong></span> <span class='ocrx_word' id='word_1_455' title='bbox 3105 2236 3325 2305; x_wconf 81' lang='lat' dir='ltr'><strong>Spiritu,</strong></span> <span class='ocrx_word' id='word_1_456' title='bbox 3360 2250 3518 2288; x_wconf 87' lang='lat' dir='ltr'><strong>men-</strong></span> 
     </span>
    </p>
   </div>
   <div class='ocr_carea' id='block_1_67' title="bbox 1949 2330 3518 2408">
    <p class='ocr_par' dir='ltr' id='par_1_67' title="bbox 1949 2330 3518 2408">
     <span class='ocr_line' id='line_1_67' title="bbox 1949 2330 3518 2408; baseline -0.007 -16"><span class='ocrx_word' id='word_1_457' title='bbox 1949 2339 2128 2408; x_wconf 89' lang='lat' dir='ltr'><strong>tisque</strong></span> <span class='ocrx_word' id='word_1_458' title='bbox 2155 2352 2218 2391; x_wconf 89' lang='lat' dir='ltr'><strong>ac</strong></span> <span class='ocrx_word' id='word_1_459' title='bbox 2235 2336 2536 2391; x_wconf 83' lang='lat' dir='ltr'><strong>voluntatis</strong></span> <span class='ocrx_word' id='word_1_460' title='bbox 2565 2335 2831 2403; x_wconf 90' lang='lat' dir='ltr'><strong>cuiusque</strong></span> <span class='ocrx_word' id='word_1_461' title='bbox 2882 2339 3196 2386; x_wconf 90' lang='lat' dir='ltr'><strong>nostrarum</strong></span> <span class='ocrx_word' id='word_1_462' title='bbox 3251 2330 3338 2383; x_wconf 90' lang='lat' dir='ltr'><strong>via</strong></span> <span class='ocrx_word' id='word_1_463' title='bbox 3368 2338 3518 2382; x_wconf 86' lang='lat' dir='ltr'><strong>recta</strong></span> 
     </span>
    </p>
   </div>
   <div class='ocr_carea' id='block_1_68' title="bbox 1947 2420 3517 2497">
    <p class='ocr_par' dir='ltr' id='par_1_68' title="bbox 1947 2420 3517 2497">
     <span class='ocr_line' id='line_1_68' title="bbox 1947 2420 3517 2497; baseline -0.006 -14"><span class='ocrx_word' id='word_1_464' title='bbox 1947 2437 2202 2497; x_wconf 88' lang='lat' dir='ltr'><strong>certaque</strong></span> <span class='ocrx_word' id='word_1_465' title='bbox 2230 2426 2727 2497; x_wconf 90' lang='lat' dir='ltr'><strong>promovendarum</strong></span> <span class='ocrx_word' id='word_1_466' title='bbox 2751 2426 2818 2481; x_wconf 89' lang='lat' dir='ltr'><strong>ad</strong></span> <span class='ocrx_word' id='word_1_467' title='bbox 2843 2433 3056 2493; x_wconf 89' lang='lat' dir='ltr'><strong>gratum</strong></span> <span class='ocrx_word' id='word_1_468' title='bbox 3085 2421 3270 2478; x_wconf 90' lang='lat' dir='ltr'><strong>divino</strong></span> <span class='ocrx_word' id='word_1_469' title='bbox 3296 2420 3517 2475; x_wconf 71' lang='lat' dir='ltr'><strong>Numini</strong></span> 
     </span>
    </p>
   </div>
   <div class='ocr_carea' id='block_1_69' title="bbox 1945 2514 3517 2590">
    <p class='ocr_par' dir='ltr' id='par_1_69' title="bbox 1945 2514 3517 2590">
     <span class='ocr_line' id='line_1_69' title="bbox 1945 2514 3517 2590; baseline -0.006 -15"><span class='ocrx_word' id='word_1_470' title='bbox 1945 2520 2266 2590; x_wconf 89' lang='lat' dir='ltr'><strong>obsequium</strong></span> <span class='ocrx_word' id='word_1_471' title='bbox 2316 2518 2729 2590; x_wconf 90' lang='lat' dir='ltr'><strong>praestandum,</strong></span> <span class='ocrx_word' id='word_1_472' title='bbox 2776 2532 2987 2587; x_wconf 88' lang='lat' dir='ltr'><strong>nosque</strong></span> <span class='ocrx_word' id='word_1_473' title='bbox 3029 2531 3126 2585; x_wconf 91' lang='lat' dir='ltr'><strong>per</strong></span> <span class='ocrx_word' id='word_1_474' title='bbox 3171 2514 3517 2569; x_wconf 90' lang='lat' dir='ltr'><strong>heroicarum</strong></span> 
     </span>
    </p>
   </div>
   <div class='ocr_carea' id='block_1_70' title="bbox 1944 2606 3517 2677">
    <p class='ocr_par' dir='ltr' id='par_1_70' title="bbox 1944 2606 3517 2677">
     <span class='ocr_line' id='line_1_70' title="bbox 1944 2606 3517 2677; baseline -0.007 -9"><span class='ocrx_word' id='word_1_475' title='bbox 1944 2614 2196 2669; x_wconf 80' lang='lat' dir='ltr'><strong>exercitia</strong></span> <span class='ocrx_word' id='word_1_476' title='bbox 2261 2613 2525 2665; x_wconf 91' lang='lat' dir='ltr'><strong>virtutum</strong></span> <span class='ocrx_word' id='word_1_477' title='bbox 2595 2609 2898 2665; x_wconf 91' lang='lat' dir='ltr'><strong>elimandos</strong></span> <span class='ocrx_word' id='word_1_478' title='bbox 2960 2608 3028 2663; x_wconf 92' lang='lat' dir='ltr'><strong>ad</strong></span> <span class='ocrx_word' id='word_1_479' title='bbox 3090 2606 3517 2677; x_wconf 89' lang='lat' dir='ltr'><strong>perfectionem,</strong></span> 
     </span>
    </p>
   </div>
   <div class='ocr_carea' id='block_1_71' title="bbox 1944 2700 3519 2776">
    <p class='ocr_par' dir='ltr' id='par_1_71' title="bbox 1944 2700 3519 2776">
     <span class='ocr_line' id='line_1_71' title="bbox 1944 2700 3519 2776; baseline -0.006 -15"><span class='ocrx_word' id='word_1_480' title='bbox 1944 2715 2146 2776; x_wconf 91' lang='lat' dir='ltr'><strong>quanta</strong></span> <span class='ocrx_word' id='word_1_481' title='bbox 2173 2706 2383 2760; x_wconf 91' lang='lat' dir='ltr'><strong>homini</strong></span> <span class='ocrx_word' id='word_1_482' title='bbox 2410 2713 2593 2776; x_wconf 86' lang='lat' dir='ltr'><strong>potest</strong></span> <span class='ocrx_word' id='word_1_483' title='bbox 2628 2706 2684 2759; x_wconf 92' lang='lat' dir='ltr'><strong>in</strong></span> <span class='ocrx_word' id='word_1_484' title='bbox 2730 2705 2835 2759; x_wconf 90' lang='lat' dir='ltr'><strong>hac</strong></span> <span class='ocrx_word' id='word_1_485' title='bbox 2868 2703 2980 2762; x_wconf 83' lang='lat' dir='ltr'><strong>vita</strong></span> <span class='ocrx_word' id='word_1_486' title='bbox 3013 2702 3355 2771; x_wconf 90' lang='lat' dir='ltr'><strong>contingere,</strong></span> <span class='ocrx_word' id='word_1_487' title='bbox 3407 2700 3519 2753; x_wconf 62' lang='lat' dir='ltr'><strong>sic-</strong></span> 
     </span>
    </p>
   </div>
   <div class='ocr_carea' id='block_1_72' title="bbox 1944 2790 3519 2868">
    <p class='ocr_par' dir='ltr' id='par_1_72' title="bbox 1944 2790 3519 2868">
     <span class='ocr_line' id='line_1_72' title="bbox 1944 2790 3519 2868; baseline -0.006 -16"><span class='ocrx_word' id='word_1_488' title='bbox 1944 2813 2051 2868; x_wconf 92' lang='lat' dir='ltr'><strong>que</strong></span> <span class='ocrx_word' id='word_1_489' title='bbox 2094 2796 2461 2866; x_wconf 89' lang='lat' dir='ltr'><strong>disponendos</strong></span> <span class='ocrx_word' id='word_1_490' title='bbox 2510 2796 2576 2850; x_wconf 88' lang='lat' dir='ltr'><strong>ad</strong></span> <span class='ocrx_word' id='word_1_491' title='bbox 2638 2794 2932 2849; x_wconf 86' lang='lat' dir='ltr'><strong>iucundam</strong></span> <span class='ocrx_word' id='word_1_492' title='bbox 2992 2792 3178 2847; x_wconf 91' lang='lat' dir='ltr'><strong>statim</strong></span> <span class='ocrx_word' id='word_1_493' title='bbox 3236 2791 3305 2845; x_wconf 90' lang='lat' dir='ltr'><strong>ab</strong></span> <span class='ocrx_word' id='word_1_494' title='bbox 3364 2790 3519 2843; x_wconf 85' lang='lat' dir='ltr'><strong>obitu</strong></span> 
     </span>
    </p>
   </div>
   <div class='ocr_carea' id='block_1_73' title="bbox 1943 2882 3518 2958">
    <p class='ocr_par' dir='ltr' id='par_1_73' title="bbox 1943 2882 3518 2958">
     <span class='ocr_line' id='line_1_73' title="bbox 1943 2882 3518 2958; baseline -0.004 -15"><span class='ocrx_word' id='word_1_495' title='bbox 1943 2889 2344 2958; x_wconf 88' lang='lat' dir='ltr'><strong>possessionem</strong></span> <span class='ocrx_word' id='word_1_496' title='bbox 2406 2887 2560 2958; x_wconf 92' lang='lat' dir='ltr'><strong>regni</strong></span> <span class='ocrx_word' id='word_1_497' title='bbox 2618 2886 2975 2957; x_wconf 89' lang='lat' dir='ltr'><strong>diligentibus</strong></span> <span class='ocrx_word' id='word_1_498' title='bbox 3021 2885 3195 2938; x_wconf 90' lang='lat' dir='ltr'><strong>Deum</strong></span> <span class='ocrx_word' id='word_1_499' title='bbox 3239 2882 3518 2952; x_wconf 90' lang='lat' dir='ltr'><strong>promissi.</strong></span> 
     </span>
    </p>
   </div>
   <div class='ocr_carea' id='block_1_74' title="bbox 1942 2975 3518 3048">
    <p class='ocr_par' dir='ltr' id='par_1_74' title="bbox 1942 2975 3518 3048">
     <span class='ocr_line' id='line_1_74' title="bbox 1942 2975 3518 3048; baseline -0.004 -14"><span class='ocrx_word' id='word_1_500' title='bbox 1942 2979 2153 3034; x_wconf 90' lang='lat' dir='ltr'><strong>Iuvabit</strong></span> <span class='ocrx_word' id='word_1_501' title='bbox 2176 2980 2341 3034; x_wconf 90' lang='lat' dir='ltr'><strong>etiam</strong></span> <span class='ocrx_word' id='word_1_502' title='bbox 2368 2980 2423 3033; x_wconf 93' lang='lat' dir='ltr'><strong>in</strong></span> <span class='ocrx_word' id='word_1_503' title='bbox 2459 2978 2696 3048; x_wconf 89' lang='lat' dir='ltr'><strong>puritate</strong></span> <span class='ocrx_word' id='word_1_504' title='bbox 2733 2975 2987 3031; x_wconf 89' lang='lat' dir='ltr'><strong>catholici</strong></span> <span class='ocrx_word' id='word_1_505' title='bbox 3020 2976 3289 3045; x_wconf 87' lang='lat' dir='ltr'><strong>dogmatis</strong></span> <span class='ocrx_word' id='word_1_506' title='bbox 3332 2983 3387 3028; x_wconf 90' lang='lat' dir='ltr'><strong>et</strong></span> <span class='ocrx_word' id='word_1_507' title='bbox 3424 2988 3518 3028; x_wconf 88' lang='lat' dir='ltr'><strong>ca-</strong></span> 
     </span>
    </p>
   </div>
   <div class='ocr_carea' id='block_1_75' title="bbox 1942 3065 3519 3141">
    <p class='ocr_par' dir='ltr' id='par_1_75' title="bbox 1942 3065 3519 3141">
     <span class='ocr_line' id='line_1_75' title="bbox 1942 3065 3519 3141; baseline -0.004 -15"><span class='ocrx_word' id='word_1_508' title='bbox 1942 3072 2149 3141; x_wconf 89' lang='lat' dir='ltr'><strong>pitibus</strong></span> <span class='ocrx_word' id='word_1_509' title='bbox 2175 3071 2488 3141; x_wconf 91' lang='lat' dir='ltr'><strong>praecipuis</strong></span> <span class='ocrx_word' id='word_1_510' title='bbox 2516 3070 2949 3125; x_wconf 82' lang='lat' dir='ltr'><strong>orthodoxarum</strong></span> <span class='ocrx_word' id='word_1_511' title='bbox 2978 3068 3295 3131; x_wconf 90' lang='lat' dir='ltr'><strong>veritatum,</strong></span> <span class='ocrx_word' id='word_1_512' title='bbox 3352 3065 3519 3120; x_wconf 89' lang='lat' dir='ltr'><strong>hodie</strong></span> 
     </span>
    </p>
   </div>
   <div class='ocr_carea' id='block_1_76' title="bbox 1943 3158 3519 3230">
    <p class='ocr_par' dir='ltr' id='par_1_76' title="bbox 1943 3158 3519 3230">
     <span class='ocr_line' id='line_1_76' title="bbox 1943 3158 3519 3230; baseline -0.004 -13"><span class='ocrx_word' id='word_1_513' title='bbox 1943 3178 2066 3217; x_wconf 92' lang='lat' dir='ltr'><strong>cum</strong></span> <span class='ocrx_word' id='word_1_514' title='bbox 2089 3164 2322 3218; x_wconf 89' lang='lat' dir='ltr'><strong>maxime</strong></span> <span class='ocrx_word' id='word_1_515' title='bbox 2352 3162 2614 3219; x_wconf 89' lang='lat' dir='ltr'><strong>adversus</strong></span> <span class='ocrx_word' id='word_1_516' title='bbox 2638 3162 2897 3216; x_wconf 84' lang='lat' dir='ltr'><strong>haereses</strong></span> <span class='ocrx_word' id='word_1_517' title='bbox 2920 3160 3294 3230; x_wconf 88' lang='lat' dir='ltr'><strong>propugnatis,</strong></span> <span class='ocrx_word' id='word_1_518' title='bbox 3322 3158 3519 3213; x_wconf 89' lang='lat' dir='ltr'><strong>miram</strong></span> 
     </span>
    </p>
   </div>
   <div class='ocr_carea' id='block_1_77' title="bbox 1942 3250 3518 3324">
    <p class='ocr_par' dir='ltr' id='par_1_77' title="bbox 1942 3250 3518 3324">
     <span class='ocr_line' id='line_1_77' title="bbox 1942 3250 3518 3324; baseline -0.004 -15"><span class='ocrx_word' id='word_1_519' title='bbox 1942 3254 2218 3309; x_wconf 90' lang='lat' dir='ltr'><strong>Ecclesiae</strong></span> <span class='ocrx_word' id='word_1_520' title='bbox 2238 3270 2378 3324; x_wconf 85' lang='lat' dir='ltr'><strong>quae</strong></span> <span class='ocrx_word' id='word_1_521' title='bbox 2404 3268 2553 3308; x_wconf 92' lang='lat' dir='ltr'><strong>nunc</strong></span> <span class='ocrx_word' id='word_1_522' title='bbox 2588 3252 2746 3317; x_wconf 89' lang='lat' dir='ltr'><strong>vivit,</strong></span> <span class='ocrx_word' id='word_1_523' title='bbox 2779 3267 2904 3306; x_wconf 92' lang='lat' dir='ltr'><strong>cum</strong></span> <span class='ocrx_word' id='word_1_524' title='bbox 2929 3266 2994 3305; x_wconf 90' lang='lat' dir='ltr'><strong>ea</strong></span> <span class='ocrx_word' id='word_1_525' title='bbox 3033 3265 3173 3320; x_wconf 91' lang='lat' dir='ltr'><strong>quae</strong></span> <span class='ocrx_word' id='word_1_526' title='bbox 3200 3250 3518 3321; x_wconf 91' lang='lat' dir='ltr'><strong>Magnorum</strong></span> 
     </span>
    </p>
   </div>
   <div class='ocr_carea' id='block_1_78' title="bbox 1941 3330 3517 3405">
    <p class='ocr_par' dir='ltr' id='par_1_78' title="bbox 1941 3330 3517 3405">
     <span class='ocr_line' id='line_1_78' title="bbox 1941 3330 3517 3405; baseline -0.004 -7"><span class='ocrx_word' id='word_1_527' title='bbox 1941 3343 2164 3398; x_wconf 80' lang='lat' dir='ltr'><strong>Antonii</strong></span> <span class='ocrx_word' id='word_1_528' title='bbox 2186 3352 2242 3397; x_wconf 94' lang='lat' dir='ltr'><strong>et</strong></span> <span class='ocrx_word' id='word_1_529' title='bbox 2268 3342 2551 3398; x_wconf 81' lang='lat' dir='ltr'><strong>Athanasii</strong></span> <span class='ocrx_word' id='word_1_530' title='bbox 2574 3356 2711 3397; x_wconf 89' lang='lat' dir='ltr'><strong>aevo</strong></span> <span class='ocrx_word' id='word_1_531' title='bbox 2751 3340 2959 3405; x_wconf 85' lang='lat' dir='ltr'><strong>ﬂoruit,</strong></span> <span class='ocrx_word' id='word_1_532' title='bbox 3015 3340 3431 3395; x_wconf 88' lang='lat' dir='ltr'><strong>consensionem</strong></span> <span class='ocrx_word' id='word_1_533' title='bbox 3460 3330 3517 3393; x_wconf 89' lang='lat' dir='ltr'><strong>in</strong></span> 
     </span>
    </p>
   </div>
   <div class='ocr_carea' id='block_1_79' title="bbox 1948 3429 3517 3504">
    <p class='ocr_par' dir='ltr' id='par_1_79' title="bbox 1948 3429 3517 3504">
     <span class='ocr_line' id='line_1_79' title="bbox 1948 3429 3517 3504; baseline -0.004 -17"><span class='ocrx_word' id='word_1_534' title='bbox 1948 3433 2035 3487; x_wconf 92' lang='lat' dir='ltr'><strong>his</strong></span> <span class='ocrx_word' id='word_1_535' title='bbox 2063 3434 2222 3488; x_wconf 90' lang='lat' dir='ltr'><strong>libris</strong></span> <span class='ocrx_word' id='word_1_536' title='bbox 2252 3448 2568 3504; x_wconf 90' lang='lat' dir='ltr'><strong>agnoscere.</strong></span> <span class='ocrx_word' id='word_1_537' title='bbox 2597 3432 2862 3487; x_wconf 86' lang='lat' dir='ltr'><strong>Absoluta</strong></span> <span class='ocrx_word' id='word_1_538' title='bbox 2891 3431 2945 3485; x_wconf 92' lang='lat' dir='ltr'><strong>in</strong></span> <span class='ocrx_word' id='word_1_539' title='bbox 2976 3431 3233 3485; x_wconf 90' lang='lat' dir='ltr'><strong>omnibus</strong></span> <span class='ocrx_word' id='word_1_540' title='bbox 3273 3429 3517 3487; x_wconf 82' lang='lat' dir='ltr'><strong>necessi-</strong></span> 
     </span>
    </p>
   </div>
   <div class='ocr_carea' id='block_1_80' title="bbox 1942 3519 3517 3595">
    <p class='ocr_par' dir='ltr' id='par_1_80' title="bbox 1942 3519 3517 3595">
     <span class='ocr_line' id='line_1_80' title="bbox 1942 3519 3517 3595; baseline -0.003 -17"><span class='ocrx_word' id='word_1_541' title='bbox 1942 3532 2025 3579; x_wconf 90' lang='lat' dir='ltr'><strong>tas</strong></span> <span class='ocrx_word' id='word_1_542' title='bbox 2066 3525 2268 3595; x_wconf 87' lang='lat' dir='ltr'><strong>gratiae</strong></span> <span class='ocrx_word' id='word_1_543' title='bbox 2304 3524 2732 3593; x_wconf 89' lang='lat' dir='ltr'><strong>supematuralis</strong></span> <span class='ocrx_word' id='word_1_544' title='bbox 2786 3522 2853 3576; x_wconf 90' lang='lat' dir='ltr'><strong>ad</strong></span> <span class='ocrx_word' id='word_1_545' title='bbox 2892 3523 3031 3576; x_wconf 91' lang='lat' dir='ltr'><strong>bene</strong></span> <span class='ocrx_word' id='word_1_546' title='bbox 3072 3521 3406 3591; x_wconf 85' lang='lat' dir='ltr'><strong>operandum</strong></span> <span class='ocrx_word' id='word_1_547' title='bbox 3460 3519 3517 3574; x_wconf 90' lang='lat' dir='ltr'><strong>in</strong></span> 
     </span>
    </p>
   </div>
   <div class='ocr_carea' id='block_1_81' title="bbox 1941 3610 3516 3681">
    <p class='ocr_par' dir='ltr' id='par_1_81' title="bbox 1941 3610 3516 3681">
     <span class='ocr_line' id='line_1_81' title="bbox 1941 3610 3516 3681; baseline -0.003 -12"><span class='ocrx_word' id='word_1_548' title='bbox 1941 3616 2135 3670; x_wconf 91' lang='lat' dir='ltr'><strong>ordine</strong></span> <span class='ocrx_word' id='word_1_549' title='bbox 2175 3616 2243 3669; x_wconf 90' lang='lat' dir='ltr'><strong>ad</strong></span> <span class='ocrx_word' id='word_1_550' title='bbox 2283 3616 2513 3670; x_wconf 88' lang='lat' dir='ltr'><strong>salutem</strong></span> <span class='ocrx_word' id='word_1_551' title='bbox 2568 3621 2870 3677; x_wconf 88' lang='lat' dir='ltr'><strong>aeternam,</strong></span> <span class='ocrx_word' id='word_1_552' title='bbox 2911 3629 3036 3668; x_wconf 93' lang='lat' dir='ltr'><strong>cum</strong></span> <span class='ocrx_word' id='word_1_553' title='bbox 3074 3613 3278 3681; x_wconf 88' lang='lat' dir='ltr'><strong>ubique</strong></span> <span class='ocrx_word' id='word_1_554' title='bbox 3316 3610 3516 3681; x_wconf 85' lang='lat' dir='ltr'><strong>passim</strong></span> 
     </span>
    </p>
   </div>
   <div class='ocr_carea' id='block_1_82' title="bbox 1943 3700 3517 3772">
    <p class='ocr_par' dir='ltr' id='par_1_82' title="bbox 1943 3700 3517 3772">
     <span class='ocr_line' id='line_1_82' title="bbox 1943 3700 3517 3772; baseline -0.004 -11"><span class='ocrx_word' id='word_1_555' title='bbox 1943 3708 2277 3771; x_wconf 90' lang='lat' dir='ltr'><strong>insinuatur,</strong></span> <span class='ocrx_word' id='word_1_556' title='bbox 2331 3716 2445 3761; x_wconf 91' lang='lat' dir='ltr'><strong>tum</strong></span> <span class='ocrx_word' id='word_1_557' title='bbox 2507 3706 2866 3761; x_wconf 82' lang='lat' dir='ltr'><strong>disertissime</strong></span> <span class='ocrx_word' id='word_1_558' title='bbox 2923 3705 3191 3759; x_wconf 90' lang='lat' dir='ltr'><strong>asseritur</strong></span> <span class='ocrx_word' id='word_1_559' title='bbox 3234 3718 3351 3772; x_wconf 89' lang='lat' dir='ltr'><strong>cap.</strong></span> <span class='ocrx_word' id='word_1_560' title='bbox 3421 3700 3517 3755; x_wconf 78' lang='lat' dir='ltr'><strong>XV</strong></span> 
     </span>
    </p>
   </div>
   <div class='ocr_carea' id='block_1_83' title="bbox 1939 3792 3513 3867">
    <p class='ocr_par' dir='ltr' id='par_1_83' title="bbox 1939 3792 3513 3867">
     <span class='ocr_line' id='line_1_83' title="bbox 1939 3792 3513 3867; baseline -0.005 -16"><span class='ocrx_word' id='word_1_561' title='bbox 1939 3797 2138 3867; x_wconf 88' lang='lat' dir='ltr'><strong>Opusc.</strong></span> <span class='ocrx_word' id='word_1_562' title='bbox 2164 3797 2377 3867; x_wconf 76' lang='lat' dir='ltr'><strong>Vltpag.</strong></span> <span class='ocrx_word' id='word_1_563' title='bbox 2406 3797 2527 3861; x_wconf 74' lang='grc'><strong>154,</strong></span> <span class='ocrx_word' id='word_1_564' title='bbox 2556 3797 2650 3851; x_wconf 85' lang='lat' dir='ltr'><strong>ubi</strong></span> <span class='ocrx_word' id='word_1_565' title='bbox 2676 3812 2787 3851; x_wconf 90' lang='lat' dir='ltr'><strong>non</strong></span> <span class='ocrx_word' id='word_1_566' title='bbox 2818 3796 2992 3865; x_wconf 89' lang='lat' dir='ltr'><strong>magis</strong></span> <span class='ocrx_word' id='word_1_567' title='bbox 3022 3808 3183 3865; x_wconf 91' lang='lat' dir='ltr'><strong>posse</strong></span> <span class='ocrx_word' id='word_1_568' title='bbox 3230 3792 3371 3845; x_wconf 89' lang='lat' dir='ltr'><strong>bene</strong></span> <span class='ocrx_word' id='word_1_569' title='bbox 3418 3806 3513 3844; x_wconf 80' lang='lat' dir='ltr'><strong>co-</strong></span> 
     </span>
    </p>
   </div>
   <div class='ocr_carea' id='block_1_84' title="bbox 1938 3881 3513 3957">
    <p class='ocr_par' dir='ltr' id='par_1_84' title="bbox 1938 3881 3513 3957">
     <span class='ocr_line' id='line_1_84' title="bbox 1938 3881 3513 3957; baseline -0.006 -16"><span class='ocrx_word' id='word_1_570' title='bbox 1938 3889 2097 3957; x_wconf 89' lang='lat' dir='ltr'><strong>gitari</strong></span> <span class='ocrx_word' id='word_1_571' title='bbox 2131 3896 2225 3940; x_wconf 91' lang='lat' dir='ltr'><strong>aut</strong></span> <span class='ocrx_word' id='word_1_572' title='bbox 2261 3889 2345 3956; x_wconf 90' lang='lat' dir='ltr'><strong>agi</strong></span> <span class='ocrx_word' id='word_1_573' title='bbox 2375 3887 2492 3941; x_wconf 92' lang='lat' dir='ltr'><strong>sine</strong></span> <span class='ocrx_word' id='word_1_574' title='bbox 2522 3886 2746 3955; x_wconf 90' lang='lat' dir='ltr'><strong>speciali</strong></span> <span class='ocrx_word' id='word_1_575' title='bbox 2782 3894 3013 3939; x_wconf 88' lang='lat' dir='ltr'><strong>naturae</strong></span> <span class='ocrx_word' id='word_1_576' title='bbox 3054 3881 3312 3936; x_wconf 89' lang='lat' dir='ltr'><strong>meritum</strong></span> <span class='ocrx_word' id='word_1_577' title='bbox 3346 3893 3513 3933; x_wconf 91' lang='lat' dir='ltr'><strong>exce-</strong></span> 
     </span>
    </p>
   </div>
   <div class='ocr_carea' id='block_1_85' title="bbox 1938 3968 3513 4045">
    <p class='ocr_par' dir='ltr' id='par_1_85' title="bbox 1938 3968 3513 4045">
     <span class='ocr_line' id='line_1_85' title="bbox 1938 3968 3513 4045; baseline -0.006 -14"><span class='ocrx_word' id='word_1_578' title='bbox 1938 3978 2102 4032; x_wconf 90' lang='lat' dir='ltr'><strong>dente</strong></span> <span class='ocrx_word' id='word_1_579' title='bbox 2128 3979 2221 4032; x_wconf 92' lang='lat' dir='ltr'><strong>Dei</strong></span> <span class='ocrx_word' id='word_1_580' title='bbox 2241 3978 2515 4032; x_wconf 88' lang='lat' dir='ltr'><strong>adiutorio</strong></span> <span class='ocrx_word' id='word_1_581' title='bbox 2543 3977 2769 4041; x_wconf 90' lang='lat' dir='ltr'><strong>dicitur,</strong></span> <span class='ocrx_word' id='word_1_582' title='bbox 2791 3991 2955 4045; x_wconf 91' lang='lat' dir='ltr'><strong>quam</strong></span> <span class='ocrx_word' id='word_1_583' title='bbox 2970 3972 3147 4027; x_wconf 90' lang='lat' dir='ltr'><strong>videri</strong></span> <span class='ocrx_word' id='word_1_584' title='bbox 3176 3971 3295 4025; x_wconf 90' lang='lat' dir='ltr'><strong>sine</strong></span> <span class='ocrx_word' id='word_1_585' title='bbox 3327 3968 3513 4033; x_wconf 90' lang='lat' dir='ltr'><strong>oculo,</strong></span> 
     </span>
    </p>
   </div>
   <div class='ocr_carea' id='block_1_86' title="bbox 1939 4060 3517 4139">
    <p class='ocr_par' dir='ltr' id='par_1_86' title="bbox 1939 4060 3517 4139">
     <span class='ocr_line' id='line_1_86' title="bbox 1939 4060 3517 4139; baseline -0.006 -17"><span class='ocrx_word' id='word_1_586' title='bbox 1939 4068 2047 4122; x_wconf 91' lang='lat' dir='ltr'><strong>dici</strong></span> <span class='ocrx_word' id='word_1_587' title='bbox 2088 4070 2206 4123; x_wconf 88' lang='lat' dir='ltr'><strong>sine</strong></span> <span class='ocrx_word' id='word_1_588' title='bbox 2261 4070 2465 4139; x_wconf 91' lang='lat' dir='ltr'><strong>lingua,</strong></span> <span class='ocrx_word' id='word_1_589' title='bbox 2527 4070 2647 4123; x_wconf 90' lang='lat' dir='ltr'><strong>sine</strong></span> <span class='ocrx_word' id='word_1_590' title='bbox 2696 4068 2931 4138; x_wconf 90' lang='lat' dir='ltr'><strong>pedibus</strong></span> <span class='ocrx_word' id='word_1_591' title='bbox 2986 4062 3277 4119; x_wconf 89' lang='lat' dir='ltr'><strong>ambulari.</strong></span> <span class='ocrx_word' id='word_1_592' title='bbox 3323 4060 3517 4129; x_wconf 90' lang='lat' dir='ltr'><strong>Capite</strong></span> 
     </span>
    </p>
   </div>
   <div class='ocr_carea' id='block_1_87' title="bbox 1939 4150 3515 4229">
    <p class='ocr_par' dir='ltr' id='par_1_87' title="bbox 1939 4150 3515 4229">
     <span class='ocr_line' id='line_1_87' title="bbox 1939 4150 3515 4229; baseline -0.006 -16"><span class='ocrx_word' id='word_1_593' title='bbox 1939 4174 2070 4213; x_wconf 92' lang='lat' dir='ltr'><strong>vero</strong></span> <span class='ocrx_word' id='word_1_594' title='bbox 2089 4159 2209 4213; x_wconf 81' lang='lat' dir='ltr'><strong>XIX</strong></span> <span class='ocrx_word' id='word_1_595' title='bbox 2236 4158 2438 4228; x_wconf 86' lang='lat' dir='ltr'><strong>Opusc.</strong></span> <span class='ocrx_word' id='word_1_596' title='bbox 2469 4159 2563 4214; x_wconf 81' lang='lat' dir='ltr'><strong>VII</strong></span> <span class='ocrx_word' id='word_1_597' title='bbox 2613 4174 2735 4229; x_wconf 86' lang='lat' dir='ltr'><strong>pag.</strong></span> <span class='ocrx_word' id='word_1_598' title='bbox 2774 4157 2876 4212; x_wconf 83' lang='grc'><strong>165</strong></span> <span class='ocrx_word' id='word_1_599' title='bbox 2932 4153 3301 4226; x_wconf 90' lang='lat' dir='ltr'><strong>pulcherrime</strong></span> <span class='ocrx_word' id='word_1_600' title='bbox 3364 4150 3515 4204; x_wconf 90' lang='lat' dir='ltr'><strong>idem</strong></span> 
     </span>
    </p>
   </div>
   <div class='ocr_carea' id='block_1_88' title="bbox 1939 4247 3512 4319">
    <p class='ocr_par' dir='ltr' id='par_1_88' title="bbox 1939 4247 3512 4319">
     <span class='ocr_line' id='line_1_88' title="bbox 1939 4247 3512 4319; baseline -0.006 -15"><span class='ocrx_word' id='word_1_601' title='bbox 1939 4249 2243 4304; x_wconf 88' lang='lat' dir='ltr'><strong>adstruitur</strong></span> <span class='ocrx_word' id='word_1_602' title='bbox 2296 4250 2613 4304; x_wconf 91' lang='lat' dir='ltr'><strong>inductione</strong></span> <span class='ocrx_word' id='word_1_603' title='bbox 2660 4247 2901 4319; x_wconf 88' lang='lat' dir='ltr'><strong>generali</strong></span> <span class='ocrx_word' id='word_1_604' title='bbox 2953 4253 3260 4301; x_wconf 89' lang='lat' dir='ltr'><strong>creatarum</strong></span> <span class='ocrx_word' id='word_1_605' title='bbox 3304 4257 3512 4307; x_wconf 90' lang='lat' dir='ltr'><strong>rerum,</strong></span> 
     </span>
    </p>
   </div>
   <div class='ocr_carea' id='block_1_89' title="bbox 1940 4334 3513 4408">
    <p class='ocr_par' dir='ltr' id='par_1_89' title="bbox 1940 4334 3513 4408">
     <span class='ocr_line' id='line_1_89' title="bbox 1940 4334 3513 4408; baseline -0.006 -14"><span class='ocrx_word' id='word_1_606' title='bbox 1940 4342 2218 4395; x_wconf 89' lang='lat' dir='ltr'><strong>naturales</strong></span> <span class='ocrx_word' id='word_1_607' title='bbox 2255 4341 2420 4395; x_wconf 91' lang='lat' dir='ltr'><strong>etiam</strong></span> <span class='ocrx_word' id='word_1_608' title='bbox 2473 4357 2599 4394; x_wconf 88' lang='lat' dir='ltr'><strong>suas</strong></span> <span class='ocrx_word' id='word_1_609' title='bbox 2647 4340 2997 4408; x_wconf 90' lang='lat' dir='ltr'><strong>operationes</strong></span> <span class='ocrx_word' id='word_1_610' title='bbox 3024 4334 3250 4403; x_wconf 89' lang='lat' dir='ltr'><strong>exsequi</strong></span> <span class='ocrx_word' id='word_1_611' title='bbox 3279 4348 3387 4387; x_wconf 91' lang='lat' dir='ltr'><strong>non</strong></span> <span class='ocrx_word' id='word_1_612' title='bbox 3413 4347 3513 4385; x_wconf 91' lang='lat' dir='ltr'><strong>va-</strong></span> 
     </span>
    </p>
   </div>
   <div class='ocr_carea' id='block_1_90' title="bbox 1940 4424 3507 4496">
    <p class='ocr_par' dir='ltr' id='par_1_90' title="bbox 1940 4424 3507 4496">
     <span class='ocr_line' id='line_1_90' title="bbox 1940 4424 3507 4496; baseline -0.007 -9"><span class='ocrx_word' id='word_1_613' title='bbox 1940 4433 2188 4496; x_wconf 91' lang='lat' dir='ltr'><strong>lentium,</strong></span> <span class='ocrx_word' id='word_1_614' title='bbox 2214 4432 2321 4486; x_wconf 91' lang='lat' dir='ltr'><strong>nisi</strong></span> <span class='ocrx_word' id='word_1_615' title='bbox 2339 4432 2405 4487; x_wconf 92' lang='lat' dir='ltr'><strong>iis</strong></span> <span class='ocrx_word' id='word_1_616' title='bbox 2428 4430 2716 4487; x_wconf 88' lang='lat' dir='ltr'><strong>subveniat</strong></span> <span class='ocrx_word' id='word_1_617' title='bbox 2734 4430 2942 4483; x_wconf 89' lang='lat' dir='ltr'><strong>alienae</strong></span> <span class='ocrx_word' id='word_1_618' title='bbox 2961 4435 3191 4481; x_wconf 92' lang='lat' dir='ltr'><strong>naturae</strong></span> <span class='ocrx_word' id='word_1_619' title='bbox 3217 4424 3507 4478; x_wconf 82' lang='lat' dir='ltr'><strong>auxilium.</strong></span> 
     </span>
    </p>
   </div>
   <div class='ocr_carea' id='block_1_91' title="bbox 271 4515 3509 4594">
    <p class='ocr_par' dir='ltr' id='par_1_91' title="bbox 271 4515 3509 4594">
     <span class='ocr_line' id='line_1_91' title="bbox 271 4515 3509 4594; baseline -0.003 -15"><span class='ocrx_word' id='word_1_620' title='bbox 271 4522 447 4579; x_wconf 80' lang='lat' dir='ltr'><strong>Nimis</strong></span> <span class='ocrx_word' id='word_1_621' title='bbox 478 4523 676 4577; x_wconf 88' lang='lat' dir='ltr'><strong>multos</strong></span> <span class='ocrx_word' id='word_1_622' title='bbox 698 4530 808 4577; x_wconf 89' lang='lat' dir='ltr'><strong>tam</strong></span> <span class='ocrx_word' id='word_1_623' title='bbox 837 4538 1099 4593; x_wconf 91' lang='lat' dir='ltr'><strong>praeceps</strong></span> <span class='ocrx_word' id='word_1_624' title='bbox 1138 4524 1407 4578; x_wconf 90' lang='lat' dir='ltr'><strong>sententia</strong></span> <span class='ocrx_word' id='word_1_625' title='bbox 1448 4526 1831 4594; x_wconf 89' lang='lat' dir='ltr'><strong>proscriberet.</strong></span> <span class='ocrx_word' id='word_1_626' title='bbox 1864 4531 1914 4589; x_wconf 79' lang='grc' dir='ltr'>ο</span> <span class='ocrx_word' id='word_1_627' title='bbox 1938 4526 2085 4580; x_wconf 90' lang='lat' dir='ltr'><strong>ldem</strong></span> <span class='ocrx_word' id='word_1_628' title='bbox 2136 4532 2294 4579; x_wconf 91' lang='lat' dir='ltr'><strong>antea</strong></span> <span class='ocrx_word' id='word_1_629' title='bbox 2319 4523 2761 4578; x_wconf 87' lang='lat' dir='ltr'><strong>demonstratum</strong></span> <span class='ocrx_word' id='word_1_630' title='bbox 2794 4520 2977 4575; x_wconf 89' lang='lat' dir='ltr'><strong>fuerat</strong></span> <span class='ocrx_word' id='word_1_631' title='bbox 3008 4533 3129 4587; x_wconf 91' lang='lat' dir='ltr'><strong>cap.</strong></span> <span class='ocrx_word' id='word_1_632' title='bbox 3184 4515 3256 4571; x_wconf 72' lang='grc' dir='ltr'><strong>ιν</strong></span> <span class='ocrx_word' id='word_1_633' title='bbox 3307 4515 3509 4584; x_wconf 91' lang='lat' dir='ltr'><strong>Opusc.</strong></span> 
     </span>
    </p>
   </div>
   <div class='ocr_carea' id='block_1_92' title="bbox 272 4613 1836 4687">
    <p class='ocr_par' dir='ltr' id='par_1_92' title="bbox 272 4613 1836 4687">
     <span class='ocr_line' id='line_1_92' title="bbox 272 4613 1836 4687; baseline 0 -16"><span class='ocrx_word' id='word_1_634' title='bbox 272 4617 408 4671; x_wconf 84' lang='lat' dir='ltr'><strong>Nam</strong></span> <span class='ocrx_word' id='word_1_635' title='bbox 447 4632 479 4671; x_wconf 90' lang='lat' dir='ltr'><strong>e</strong></span> <span class='ocrx_word' id='word_1_636' title='bbox 521 4616 731 4687; x_wconf 90' lang='lat' dir='ltr'><strong>graecis</strong></span> <span class='ocrx_word' id='word_1_637' title='bbox 772 4613 827 4668; x_wconf 94' lang='grc'><strong>8.</strong></span> <span class='ocrx_word' id='word_1_638' title='bbox 875 4613 1183 4668; x_wconf 91' lang='lat' dir='ltr'><strong>Methodius</strong></span> <span class='ocrx_word' id='word_1_639' title='bbox 1219 4621 1447 4684; x_wconf 91' lang='lat' dir='ltr'><strong>martyr,</strong></span> <span class='ocrx_word' id='word_1_640' title='bbox 1496 4614 1552 4669; x_wconf 92' lang='grc'><strong>8.</strong></span> <span class='ocrx_word' id='word_1_641' title='bbox 1607 4615 1836 4671; x_wconf 89' lang='lat' dir='ltr'><strong>Basilius</strong></span> 
     </span>
    </p>
   </div>
   <div class='ocr_carea' id='block_1_93' title="bbox 275 4704 1832 4776">
    <p class='ocr_par' dir='ltr' id='par_1_93' title="bbox 275 4704 1832 4776">
     <span class='ocr_line' id='line_1_93' title="bbox 275 4704 1832 4776; baseline 0.002 -16"><span class='ocrx_word' id='word_1_642' title='bbox 275 4706 519 4776; x_wconf 82' lang='lat' dir='ltr'><strong>Magnus,</strong></span> <span class='ocrx_word' id='word_1_643' title='bbox 580 4704 659 4759; x_wconf 92' lang='lat' dir='ltr'><strong>uti</strong></span> <span class='ocrx_word' id='word_1_644' title='bbox 711 4712 769 4759; x_wconf 89' lang='lat' dir='ltr'><strong>et</strong></span> <span class='ocrx_word' id='word_1_645' title='bbox 820 4705 986 4759; x_wconf 91' lang='lat' dir='ltr'><strong>huius</strong></span> <span class='ocrx_word' id='word_1_646' title='bbox 1034 4704 1275 4773; x_wconf 90' lang='lat' dir='ltr'><strong>aequalis</strong></span> <span class='ocrx_word' id='word_1_647' title='bbox 1323 4712 1380 4759; x_wconf 92' lang='lat' dir='ltr'><strong>et</strong></span> <span class='ocrx_word' id='word_1_648' title='bbox 1442 4706 1723 4762; x_wconf 90' lang='lat' dir='ltr'><strong>familiaris</strong></span> <span class='ocrx_word' id='word_1_649' title='bbox 1776 4708 1832 4763; x_wconf 91' lang='lat' dir='ltr'><strong>S.</strong></span> 
     </span>
    </p>
   </div>
   <div class='ocr_carea' id='block_1_94' title="bbox 272 4795 1836 4869">
    <p class='ocr_par' dir='ltr' id='par_1_94' title="bbox 272 4795 1836 4869">
     <span class='ocr_line' id='line_1_94' title="bbox 272 4795 1836 4869; baseline 0.001 -17"><span class='ocrx_word' id='word_1_650' title='bbox 272 4798 513 4868; x_wconf 81' lang='lat' dir='ltr'><strong>Ephrem</strong></span> <span class='ocrx_word' id='word_1_651' title='bbox 551 4797 740 4868; x_wconf 82' lang='lat' dir='ltr'><strong>Syrus,</strong></span> <span class='ocrx_word' id='word_1_652' title='bbox 773 4795 1098 4851; x_wconf 89' lang='lat' dir='ltr'><strong>Severianus</strong></span> <span class='ocrx_word' id='word_1_653' title='bbox 1123 4795 1463 4860; x_wconf 90' lang='lat' dir='ltr'><strong>Gabalensis,</strong></span> <span class='ocrx_word' id='word_1_654' title='bbox 1498 4796 1554 4853; x_wconf 91' lang='lat' dir='ltr'><strong>S.</strong></span> <span class='ocrx_word' id='word_1_655' title='bbox 1603 4797 1836 4869; x_wconf 83' lang='lat' dir='ltr'><strong>Cyrillus</strong></span> 
     </span>
    </p>
   </div>
   <div class='ocr_carea' id='block_1_95' title="bbox 273 4887 1833 4955">
    <p class='ocr_par' dir='ltr' id='par_1_95' title="bbox 273 4887 1833 4955">
     <span class='ocr_line' id='line_1_95' title="bbox 273 4887 1833 4955; baseline 0.001 -13"><span class='ocrx_word' id='word_1_656' title='bbox 273 4888 695 4951; x_wconf 88' lang='lat' dir='ltr'><strong>Alexandrinus,</strong></span> <span class='ocrx_word' id='word_1_657' title='bbox 719 4887 1027 4953; x_wconf 89' lang='lat' dir='ltr'><strong>Caesarius,</strong></span> <span class='ocrx_word' id='word_1_658' title='bbox 1066 4887 1387 4943; x_wconf 90' lang='lat' dir='ltr'><strong>Anastasius</strong></span> <span class='ocrx_word' id='word_1_659' title='bbox 1410 4889 1616 4943; x_wconf 89' lang='lat' dir='ltr'><strong>Sinaita</strong></span> <span class='ocrx_word' id='word_1_660' title='bbox 1641 4898 1697 4944; x_wconf 91' lang='lat' dir='ltr'><strong>et</strong></span> <span class='ocrx_word' id='word_1_661' title='bbox 1720 4891 1833 4955; x_wconf 89' lang='lat' dir='ltr'><strong>alii,</strong></span> 
     </span>
    </p>
   </div>
   <div class='ocr_carea' id='block_1_96' title="bbox 270 4968 1834 5051">
    <p class='ocr_par' dir='ltr' id='par_1_96' title="bbox 270 4968 1834 5051">
     <span class='ocr_line' id='line_1_96' title="bbox 270 4968 1834 5051; baseline 0 -15"><span class='ocrx_word' id='word_1_662' title='bbox 270 4995 311 5036; x_wconf 82' lang='lat' dir='ltr'><strong>e‘</strong></span> <span class='ocrx_word' id='word_1_663' title='bbox 332 4981 517 5036; x_wconf 86' lang='lat' dir='ltr'><strong>latinis</strong></span> <span class='ocrx_word' id='word_1_664' title='bbox 540 4995 673 5035; x_wconf 92' lang='lat' dir='ltr'><strong>vero</strong></span> <span class='ocrx_word' id='word_1_665' title='bbox 697 4968 1087 5044; x_wconf 88' lang='lat' dir='ltr'><strong>Tertullianus,</strong></span> <span class='ocrx_word' id='word_1_666' title='bbox 1121 4978 1177 5034; x_wconf 93' lang='lat' dir='ltr'><strong>S.</strong></span> <span class='ocrx_word' id='word_1_667' title='bbox 1216 4980 1573 5051; x_wconf 88' lang='lat' dir='ltr'><strong>Augustinus,</strong></span> <span class='ocrx_word' id='word_1_668' title='bbox 1609 4982 1665 5036; x_wconf 92' lang='lat' dir='ltr'><strong>S.</strong></span> <span class='ocrx_word' id='word_1_669' title='bbox 1706 4982 1834 5036; x_wconf 85' lang='lat' dir='ltr'><strong>Ful-</strong></span> 
     </span>
    </p>
   </div>
   <div class='ocr_carea' id='block_1_97' title="bbox 272 5070 1837 5145">
    <p class='ocr_par' dir='ltr' id='par_1_97' title="bbox 272 5070 1837 5145">
     <span class='ocr_line' id='line_1_97' title="bbox 272 5070 1837 5145; baseline 0 -19"><span class='ocrx_word' id='word_1_670' title='bbox 272 5072 512 5145; x_wconf 88' lang='lat' dir='ltr'><strong>gentius,</strong></span> <span class='ocrx_word' id='word_1_671' title='bbox 547 5070 603 5126; x_wconf 93' lang='grc'>8.</span> <span class='ocrx_word' id='word_1_672' title='bbox 633 5072 827 5127; x_wconf 89' lang='lat' dir='ltr'><strong>Petrus</strong></span> <span class='ocrx_word' id='word_1_673' title='bbox 863 5070 1251 5141; x_wconf 82' lang='lat' dir='ltr'><strong>Chrysologus,</strong></span> <span class='ocrx_word' id='word_1_674' title='bbox 1280 5070 1576 5135; x_wconf 90' lang='lat' dir='ltr'><strong>Arnobius,</strong></span> <span class='ocrx_word' id='word_1_675' title='bbox 1628 5071 1837 5127; x_wconf 89' lang='lat' dir='ltr'><strong>Cassia-</strong></span> 
     </span>
    </p>
   </div>
   <div class='ocr_carea' id='block_1_98' title="bbox 272 5161 1832 5232">
    <p class='ocr_par' dir='ltr' id='par_1_98' title="bbox 272 5161 1832 5232">
     <span class='ocr_line' id='line_1_98' title="bbox 272 5161 1832 5232; baseline 0.002 -16"><span class='ocrx_word' id='word_1_676' title='bbox 272 5179 399 5225; x_wconf 92' lang='lat' dir='ltr'><strong>nus,</strong></span> <span class='ocrx_word' id='word_1_677' title='bbox 450 5163 713 5217; x_wconf 81' lang='lat' dir='ltr'><strong>Maximus</strong></span> <span class='ocrx_word' id='word_1_678' title='bbox 739 5161 1113 5226; x_wconf 88' lang='lat' dir='ltr'><strong>Taurinensis,</strong></span> <span class='ocrx_word' id='word_1_679' title='bbox 1155 5161 1501 5227; x_wconf 88' lang='lat' dir='ltr'><strong>Gennadius,</strong></span> <span class='ocrx_word' id='word_1_680' title='bbox 1536 5163 1832 5232; x_wconf 82' lang='lat' dir='ltr'><strong>Rupertus,</strong></span> 
     </span>
    </p>
   </div>
   <div class='ocr_carea' id='block_1_99' title="bbox 271 5252 1834 5324">
    <p class='ocr_par' dir='ltr' id='par_1_99' title="bbox 271 5252 1834 5324">
     <span class='ocr_line' id='line_1_99' title="bbox 271 5252 1834 5324; baseline 0.001 -15"><span class='ocrx_word' id='word_1_681' title='bbox 271 5255 330 5309; x_wconf 89' lang='lat' dir='ltr'><strong>S.</strong></span> <span class='ocrx_word' id='word_1_682' title='bbox 363 5254 691 5317; x_wconf 90' lang='lat' dir='ltr'><strong>Bernardus,</strong></span> <span class='ocrx_word' id='word_1_683' title='bbox 722 5252 867 5308; x_wconf 91' lang='lat' dir='ltr'><strong>hunc</strong></span> <span class='ocrx_word' id='word_1_684' title='bbox 900 5268 1146 5308; x_wconf 89' lang='lat' dir='ltr'><strong>errorem</strong></span> <span class='ocrx_word' id='word_1_685' title='bbox 1175 5254 1447 5324; x_wconf 90' lang='lat' dir='ltr'><strong>hodieque</strong></span> <span class='ocrx_word' id='word_1_686' title='bbox 1474 5255 1589 5309; x_wconf 90' lang='lat' dir='ltr'><strong>suis</strong></span> <span class='ocrx_word' id='word_1_687' title='bbox 1614 5264 1834 5310; x_wconf 86' lang='lat' dir='ltr'><strong>exstan-</strong></span> 
     </span>
    </p>
   </div>
   <div class='ocr_carea' id='block_1_100' title="bbox 274 5344 1833 5418">
    <p class='ocr_par' dir='ltr' id='par_1_100' title="bbox 274 5344 1833 5418">
     <span class='ocr_line' id='line_1_100' title="bbox 274 5344 1833 5418; baseline 0.001 -20"><span class='ocrx_word' id='word_1_688' title='bbox 274 5347 425 5400; x_wconf 90' lang='lat' dir='ltr'><strong>tibus</strong></span> <span class='ocrx_word' id='word_1_689' title='bbox 460 5346 836 5416; x_wconf 85' lang='lat' dir='ltr'><strong>consignatum</strong></span> <span class='ocrx_word' id='word_1_690' title='bbox 867 5344 1024 5400; x_wconf 90' lang='lat' dir='ltr'><strong>libris</strong></span> <span class='ocrx_word' id='word_1_691' title='bbox 1064 5344 1399 5415; x_wconf 85' lang='lat' dir='ltr'><strong>praeferunt,</strong></span> <span class='ocrx_word' id='word_1_692' title='bbox 1422 5354 1587 5415; x_wconf 92' lang='lat' dir='ltr'><strong>prout</strong></span> <span class='ocrx_word' id='word_1_693' title='bbox 1633 5347 1833 5418; x_wconf 86' lang='lat' dir='ltr'><strong>allega-</strong></span> 
     </span>
    </p>
   </div>
   <div class='ocr_carea' id='block_1_101' title="bbox 275 5436 1831 5507">
    <p class='ocr_par' dir='ltr' id='par_1_101' title="bbox 275 5436 1831 5507">
     <span class='ocr_line' id='line_1_101' title="bbox 275 5436 1831 5507; baseline 0.002 -17"><span class='ocrx_word' id='word_1_694' title='bbox 275 5437 422 5490; x_wconf 91' lang='lat' dir='ltr'><strong>tione</strong></span> <span class='ocrx_word' id='word_1_695' title='bbox 443 5436 688 5490; x_wconf 91' lang='lat' dir='ltr'><strong>locorum</strong></span> <span class='ocrx_word' id='word_1_696' title='bbox 716 5436 1052 5491; x_wconf 88' lang='lat' dir='ltr'><strong>demonstrat</strong></span> <span class='ocrx_word' id='word_1_697' title='bbox 1079 5436 1368 5507; x_wconf 87' lang='lat' dir='ltr'><strong>Dionysius</strong></span> <span class='ocrx_word' id='word_1_698' title='bbox 1395 5437 1649 5492; x_wconf 89' lang='lat' dir='ltr'><strong>Petavius</strong></span> <span class='ocrx_word' id='word_1_699' title='bbox 1678 5438 1831 5493; x_wconf 89' lang='lat' dir='ltr'><strong>Tom.</strong></span> 
     </span>
    </p>
   </div>
   <div class='ocr_carea' id='block_1_102' title="bbox 275 5523 1831 5595">
    <p class='ocr_par' dir='ltr' id='par_1_102' title="bbox 275 5523 1831 5595">
     <span class='ocr_line' id='line_1_102' title="bbox 275 5523 1831 5595; baseline 0.001 -17"><span class='ocrx_word' id='word_1_700' title='bbox 275 5524 345 5578; x_wconf 94' lang='lat' dir='ltr'><strong>lll</strong></span> <span class='ocrx_word' id='word_1_701' title='bbox 384 5523 837 5594; x_wconf 89' lang='lat' dir='ltr'><strong>Theologicorum</strong></span> <span class='ocrx_word' id='word_1_702' title='bbox 864 5524 1177 5594; x_wconf 90' lang='lat' dir='ltr'><strong>dogmatum</strong></span> <span class='ocrx_word' id='word_1_703' title='bbox 1205 5524 1301 5578; x_wconf 88' lang='lat' dir='ltr'><strong>lib.</strong></span> <span class='ocrx_word' id='word_1_704' title='bbox 1334 5525 1355 5579; x_wconf 87' lang='grc' dir='ltr'>Ι</span> <span class='ocrx_word' id='word_1_705' title='bbox 1385 5524 1453 5579; x_wconf 89' lang='lat' dir='ltr'><strong>de</strong></span> <span class='ocrx_word' id='word_1_706' title='bbox 1484 5525 1690 5595; x_wconf 89' lang='lat' dir='ltr'><strong>angelis</strong></span> <span class='ocrx_word' id='word_1_707' title='bbox 1710 5543 1831 5595; x_wconf 91' lang='lat' dir='ltr'><strong>cap.</strong></span> 
     </span>
    </p>
   </div>
   <div class='ocr_carea' id='block_1_103' title="bbox 274 5614 1830 5685">
    <p class='ocr_par' dir='ltr' id='par_1_103' title="bbox 274 5614 1830 5685">
     <span class='ocr_line' id='line_1_103' title="bbox 274 5614 1830 5685; baseline 0 -16"><span class='ocrx_word' id='word_1_708' title='bbox 274 5614 340 5669; x_wconf 90' lang='lat' dir='ltr'><strong>ll.</strong></span> <span class='ocrx_word' id='word_1_709' title='bbox 393 5614 533 5681; x_wconf 87' lang='lat' dir='ltr'><strong>Quid</strong></span> <span class='ocrx_word' id='word_1_710' title='bbox 572 5615 740 5685; x_wconf 83' lang='lat' dir='ltr'><strong>quod,</strong></span> <span class='ocrx_word' id='word_1_711' title='bbox 773 5631 899 5672; x_wconf 93' lang='lat' dir='ltr'><strong>cum</strong></span> <span class='ocrx_word' id='word_1_712' title='bbox 926 5631 993 5671; x_wconf 91' lang='lat' dir='ltr'><strong>ex</strong></span> <span class='ocrx_word' id='word_1_713' title='bbox 1035 5616 1199 5671; x_wconf 91' lang='lat' dir='ltr'><strong>modo</strong></span> <span class='ocrx_word' id='word_1_714' title='bbox 1249 5616 1542 5670; x_wconf 90' lang='lat' dir='ltr'><strong>nominatis</strong></span> <span class='ocrx_word' id='word_1_715' title='bbox 1586 5617 1830 5685; x_wconf 89' lang='lat' dir='ltr'><strong>quidam,</strong></span> 
     </span>
    </p>
   </div>
   <div class='ocr_carea' id='block_1_104' title="bbox 275 5705 1833 5777">
    <p class='ocr_par' dir='ltr' id='par_1_104' title="bbox 275 5705 1833 5777">
     <span class='ocr_line' id='line_1_104' title="bbox 275 5705 1833 5777; baseline 0.004 -19"><span class='ocrx_word' id='word_1_716' title='bbox 275 5705 355 5759; x_wconf 90' lang='lat' dir='ltr'><strong>uti</strong></span> <span class='ocrx_word' id='word_1_717' title='bbox 409 5705 776 5763; x_wconf 88' lang='lat' dir='ltr'><strong>Tertullianus</strong></span> <span class='ocrx_word' id='word_1_718' title='bbox 817 5716 872 5762; x_wconf 88' lang='lat' dir='ltr'><strong>et</strong></span> <span class='ocrx_word' id='word_1_719' title='bbox 901 5708 1211 5771; x_wconf 88' lang='lat' dir='ltr'><strong>Cassianus,</strong></span> <span class='ocrx_word' id='word_1_720' title='bbox 1242 5708 1344 5762; x_wconf 88' lang='lat' dir='ltr'><strong>alia</strong></span> <span class='ocrx_word' id='word_1_721' title='bbox 1384 5708 1689 5777; x_wconf 89' lang='lat' dir='ltr'><strong>perniciosa</strong></span> <span class='ocrx_word' id='word_1_722' title='bbox 1735 5724 1833 5763; x_wconf 89' lang='lat' dir='ltr'><strong>suo</strong></span> 
     </span>
    </p>
   </div>
   <div class='ocr_carea' id='block_1_105' title="bbox 273 5796 1833 5865">
    <p class='ocr_par' dir='ltr' id='par_1_105' title="bbox 273 5796 1833 5865">
     <span class='ocr_line' id='line_1_105' title="bbox 273 5796 1833 5865; baseline 0.003 -17"><span class='ocrx_word' id='word_1_723' title='bbox 273 5796 702 5859; x_wconf 82' lang='lat' dir='ltr'><strong>superscminata</strong></span> <span class='ocrx_word' id='word_1_724' title='bbox 781 5798 961 5854; x_wconf 88' lang='lat' dir='ltr'><strong>tritico</strong></span> <span class='ocrx_word' id='word_1_725' title='bbox 1021 5798 1224 5853; x_wconf 84' lang='lat' dir='ltr'><strong>zizania</strong></span> <span class='ocrx_word' id='word_1_726' title='bbox 1305 5796 1576 5863; x_wconf 84' lang='lat' dir='ltr'><strong>habeant,</strong></span> <span class='ocrx_word' id='word_1_727' title='bbox 1639 5815 1833 5865; x_wconf 88' lang='lat' dir='ltr'><strong>nempe</strong></span> 
     </span>
    </p>
   </div>
   <div class='ocr_carea' id='block_1_106' title="bbox 1940 4607 3514 4687">
    <p class='ocr_par' dir='ltr' id='par_1_106' title="bbox 1940 4607 3514 4687">
     <span class='ocr_line' id='line_1_106' title="bbox 1940 4607 3514 4687; baseline -0.008 -14"><span class='ocrx_word' id='word_1_728' title='bbox 1940 4619 2005 4673; x_wconf 81' lang='lat' dir='ltr'><strong>VI</strong></span> <span class='ocrx_word' id='word_1_729' title='bbox 2035 4632 2155 4687; x_wconf 82' lang='lat' dir='ltr'><strong>pag.</strong></span> <span class='ocrx_word' id='word_1_730' title='bbox 2194 4615 2315 4680; x_wconf 87' lang='grc'><strong>118,</strong></span> <span class='ocrx_word' id='word_1_731' title='bbox 2344 4631 2411 4670; x_wconf 92' lang='lat' dir='ltr'><strong>eo</strong></span> <span class='ocrx_word' id='word_1_732' title='bbox 2462 4623 2651 4685; x_wconf 89' lang='lat' dir='ltr'><strong>argute</strong></span> <span class='ocrx_word' id='word_1_733' title='bbox 2676 4613 2946 4684; x_wconf 88' lang='lat' dir='ltr'><strong>applicata</strong></span> <span class='ocrx_word' id='word_1_734' title='bbox 2977 4607 3303 4678; x_wconf 90' lang='lat' dir='ltr'><strong>Evangelica</strong></span> <span class='ocrx_word' id='word_1_735' title='bbox 3353 4622 3514 4675; x_wconf 86' lang='lat' dir='ltr'><strong>para-</strong></span> 
     </span>
    </p>
   </div>
   <div class='ocr_carea' id='block_1_107' title="bbox 1942 4698 3511 4777">
    <p class='ocr_par' dir='ltr' id='par_1_107' title="bbox 1942 4698 3511 4777">
     <span class='ocr_line' id='line_1_107' title="bbox 1942 4698 3511 4777; baseline -0.009 -14"><span class='ocrx_word' id='word_1_736' title='bbox 1942 4709 2065 4764; x_wconf 88' lang='lat' dir='ltr'><strong>bola</strong></span> <span class='ocrx_word' id='word_1_737' title='bbox 2086 4708 2277 4762; x_wconf 91' lang='lat' dir='ltr'><strong>decem</strong></span> <span class='ocrx_word' id='word_1_738' title='bbox 2308 4706 2603 4777; x_wconf 88' lang='lat' dir='ltr'><strong>virginum,</strong></span> <span class='ocrx_word' id='word_1_739' title='bbox 2638 4718 2873 4773; x_wconf 90' lang='lat' dir='ltr'><strong>quarum</strong></span> <span class='ocrx_word' id='word_1_740' title='bbox 2900 4716 3043 4771; x_wconf 92' lang='lat' dir='ltr'><strong>quae</strong></span> <span class='ocrx_word' id='word_1_741' title='bbox 3064 4698 3363 4769; x_wconf 90' lang='lat' dir='ltr'><strong>prudentes</strong></span> <span class='ocrx_word' id='word_1_742' title='bbox 3392 4711 3511 4750; x_wconf 90' lang='lat' dir='ltr'><strong>me-</strong></span> 
     </span>
    </p>
   </div>
   <div class='ocr_carea' id='block_1_108' title="bbox 1942 4790 3511 4867">
    <p class='ocr_par' dir='ltr' id='par_1_108' title="bbox 1942 4790 3511 4867">
     <span class='ocr_line' id='line_1_108' title="bbox 1942 4790 3511 4867; baseline -0.01 -13"><span class='ocrx_word' id='word_1_743' title='bbox 1942 4801 2049 4855; x_wconf 90' lang='lat' dir='ltr'><strong>rito</strong></span> <span class='ocrx_word' id='word_1_744' title='bbox 2074 4800 2334 4853; x_wconf 91' lang='lat' dir='ltr'><strong>dicuntur</strong></span> <span class='ocrx_word' id='word_1_745' title='bbox 2372 4798 2615 4867; x_wconf 90' lang='lat' dir='ltr'><strong>quinque</strong></span> <span class='ocrx_word' id='word_1_746' title='bbox 2655 4813 2670 4849; x_wconf 91' lang='lat'><strong>:</strong></span> <span class='ocrx_word' id='word_1_747' title='bbox 2709 4795 3075 4865; x_wconf 82' lang='lat' dir='ltr'><strong>Peregrinum,</strong></span> <span class='ocrx_word' id='word_1_748' title='bbox 3114 4790 3193 4843; x_wconf 89' lang='lat' dir='ltr'><strong>ait</strong></span> <span class='ocrx_word' id='word_1_749' title='bbox 3236 4795 3445 4847; x_wconf 87' lang='lat' dir='ltr'><strong>auctor,</strong></span> <span class='ocrx_word' id='word_1_750' title='bbox 3474 4805 3511 4840; x_wconf 80' lang='grc' dir='ltr'><em>α</em></span> 
     </span>
    </p>
   </div>
   <div class='ocr_carea' id='block_1_109' title="bbox 1941 4877 3509 4960">
    <p class='ocr_par' dir='ltr' id='par_1_109' title="bbox 1941 4877 3509 4960">
     <span class='ocr_line' id='line_1_109' title="bbox 1941 4877 3509 4960; baseline -0.011 -16"><span class='ocrx_word' id='word_1_751' title='bbox 1941 4909 2039 4945; x_wconf 89' lang='lat' dir='ltr'><strong>sua</strong></span> <span class='ocrx_word' id='word_1_752' title='bbox 2064 4891 2306 4960; x_wconf 89' lang='lat' dir='ltr'><strong>ipsarum</strong></span> <span class='ocrx_word' id='word_1_753' title='bbox 2332 4896 2528 4942; x_wconf 86' lang='lat' dir='ltr'><strong>natura</strong></span> <span class='ocrx_word' id='word_1_754' title='bbox 2554 4886 2748 4949; x_wconf 86' lang='lat' dir='ltr'><strong>oleum,</strong></span> <span class='ocrx_word' id='word_1_755' title='bbox 2780 4882 2917 4952; x_wconf 88' lang='lat' dir='ltr'><strong>quod</strong></span> <span class='ocrx_word' id='word_1_756' title='bbox 2937 4890 3011 4935; x_wconf 84' lang='lat' dir='ltr'><strong>est</strong></span> <span class='ocrx_word' id='word_1_757' title='bbox 3042 4880 3257 4949; x_wconf 77' lang='lat' dir='ltr'><strong>spiritus</strong></span> <span class='ocrx_word' id='word_1_758' title='bbox 3282 4877 3509 4947; x_wconf 81' lang='lat' dir='ltr'><strong>gratiae,</strong></span> 
     </span>
    </p>
   </div>
   <div class='ocr_carea' id='block_1_110' title="bbox 1940 4967 3509 5049">
    <p class='ocr_par' dir='ltr' id='par_1_110' title="bbox 1940 4967 3509 5049">
     <span class='ocr_line' id='line_1_110' title="bbox 1940 4967 3509 5049; baseline -0.01 -13"><span class='ocrx_word' id='word_1_759' title='bbox 1940 4985 1995 5037; x_wconf 84' lang='lat' dir='ltr'><strong>in</strong></span> <span class='ocrx_word' id='word_1_760' title='bbox 2015 4983 2152 5035; x_wconf 78' lang='lat' dir='ltr'><strong>vasis</strong></span> <span class='ocrx_word' id='word_1_761' title='bbox 2176 4980 2344 5033; x_wconf 81' lang='lat' dir='ltr'><strong>cordis</strong></span> <span class='ocrx_word' id='word_1_762' title='bbox 2369 4981 2946 5049; x_wconf 85' lang='lat' dir='ltr'><strong>praesumpserant.....</strong></span> <span class='ocrx_word' id='word_1_763' title='bbox 2987 4971 3213 5041; x_wconf 81' lang='lat' dir='ltr'><strong>quinque</strong></span> <span class='ocrx_word' id='word_1_764' title='bbox 3261 4983 3379 5021; x_wconf 76' lang='lat' dir='ltr'><strong>vero</strong></span> <span class='ocrx_word' id='word_1_765' title='bbox 3424 4967 3509 5035; x_wconf 84' lang='lat' dir='ltr'><strong>fa-</strong></span> 
     </span>
    </p>
   </div>
   <div class='ocr_carea' id='block_1_111' title="bbox 1942 5054 3481 5137">
    <p class='ocr_par' dir='ltr' id='par_1_111' title="bbox 1942 5054 3481 5137">
     <span class='ocr_line' id='line_1_111' title="bbox 1942 5054 3481 5137; baseline -0.012 -10"><span class='ocrx_word' id='word_1_766' title='bbox 1942 5082 2064 5126; x_wconf 87' lang='lat' dir='ltr'><strong>tuae</strong></span> <span class='ocrx_word' id='word_1_767' title='bbox 2113 5088 2175 5125; x_wconf 87' lang='lat' dir='ltr'><strong>ea</strong></span> <span class='ocrx_word' id='word_1_768' title='bbox 2217 5071 2314 5124; x_wconf 88' lang='lat' dir='ltr'><strong>sibi</strong></span> <span class='ocrx_word' id='word_1_769' title='bbox 2328 5067 2566 5137; x_wconf 80' lang='lat' dir='ltr'><strong>sufﬁcere</strong></span> <span class='ocrx_word' id='word_1_770' title='bbox 2608 5067 2870 5127; x_wconf 82' lang='lat' dir='ltr'><strong>ducentes,</strong></span> <span class='ocrx_word' id='word_1_771' title='bbox 2903 5076 3038 5131; x_wconf 88' lang='lat' dir='ltr'><strong>quae</strong></span> <span class='ocrx_word' id='word_1_772' title='bbox 3065 5064 3264 5111; x_wconf 83' lang='lat' dir='ltr'><strong>natura</strong></span> <span class='ocrx_word' id='word_1_773' title='bbox 3312 5054 3481 5127; x_wconf 73' lang='lat' dir='ltr'><strong>ipsis]</strong></span> 
     </span>
    </p>
   </div>
   <div class='ocr_carea' id='block_1_112' title="bbox 1938 5151 3506 5235">
    <p class='ocr_par' dir='ltr' id='par_1_112' title="bbox 1938 5151 3506 5235">
     <span class='ocr_line' id='line_1_112' title="bbox 1938 5151 3506 5235; baseline -0.013 -16"><span class='ocrx_word' id='word_1_774' title='bbox 1938 5162 2305 5235; x_wconf 83' lang='lat' dir='ltr'><strong>suppeditabat</strong></span> <span class='ocrx_word' id='word_1_775' title='bbox 2354 5177 2482 5222; x_wconf 86' lang='lat' dir='ltr'><strong>sua,</strong></span> <span class='ocrx_word' id='word_1_776' title='bbox 2552 5156 2756 5211; x_wconf 68' lang='lat' dir='ltr'><strong>excludi</strong></span> <span class='ocrx_word' id='word_1_777' title='bbox 2804 5174 2837 5209; x_wconf 90' lang='lat' dir='ltr'><strong>a</strong></span> <span class='ocrx_word' id='word_1_778' title='bbox 2892 5151 3127 5205; x_wconf 81' lang='lat' dir='ltr'><strong>thalamo</strong></span> <span class='ocrx_word' id='word_1_779' title='bbox 3186 5154 3506 5211; x_wconf 80' lang='lat' dir='ltr'><strong>meruerunt,</strong></span> 
     </span>
    </p>
   </div>
   <div class='ocr_carea' id='block_1_113' title="bbox 1940 5248 2867 5325">
    <p class='ocr_par' dir='ltr' id='par_1_113' title="bbox 1940 5248 2867 5325">
     <span class='ocr_line' id='line_1_113' title="bbox 1940 5248 2867 5325; baseline -0.013 -16"><span class='ocrx_word' id='word_1_780' title='bbox 1940 5257 1995 5310; x_wconf 87' lang='lat' dir='ltr'><strong>in</strong></span> <span class='ocrx_word' id='word_1_781' title='bbox 2026 5271 2177 5325; x_wconf 86' lang='lat' dir='ltr'><strong>quem</strong></span> <span class='ocrx_word' id='word_1_782' title='bbox 2201 5253 2396 5323; x_wconf 86' lang='lat' dir='ltr'><strong>priores</strong></span> <span class='ocrx_word' id='word_1_783' title='bbox 2433 5258 2554 5303; x_wconf 84' lang='lat' dir='ltr'><strong>sunt</strong></span> <span class='ocrx_word' id='word_1_784' title='bbox 2588 5248 2867 5301; x_wconf 83' lang='lat' dir='ltr'><strong>admissae.</strong></span> 
     </span>
    </p>
   </div>
   <div class='ocr_carea' id='block_1_114' title="bbox 2008 5328 3506 5411">
    <p class='ocr_par' dir='ltr' id='par_1_114' title="bbox 2008 5328 3506 5411">
     <span class='ocr_line' id='line_1_114' title="bbox 2008 5328 3506 5411; baseline -0.012 -12"><span class='ocrx_word' id='word_1_785' title='bbox 2008 5345 2147 5399; x_wconf 76' lang='lat' dir='ltr'><strong>Vlll.</strong></span> <span class='ocrx_word' id='word_1_786' title='bbox 2179 5344 2272 5397; x_wconf 87' lang='lat' dir='ltr'><strong>His</strong></span> <span class='ocrx_word' id='word_1_787' title='bbox 2300 5340 2501 5411; x_wconf 91' lang='lat' dir='ltr'><strong>opponi</strong></span> <span class='ocrx_word' id='word_1_788' title='bbox 2532 5339 2674 5392; x_wconf 90' lang='lat' dir='ltr'><strong>forte</strong></span> <span class='ocrx_word' id='word_1_789' title='bbox 2723 5341 2907 5405; x_wconf 90' lang='lat' dir='ltr'><strong>posset</strong></span> <span class='ocrx_word' id='word_1_790' title='bbox 2937 5332 3092 5387; x_wconf 90' lang='lat' dir='ltr'><strong>locus</strong></span> <span class='ocrx_word' id='word_1_791' title='bbox 3120 5346 3189 5386; x_wconf 89' lang='lat' dir='ltr'><strong>ex</strong></span> <span class='ocrx_word' id='word_1_792' title='bbox 3216 5330 3322 5385; x_wconf 84' lang='lat' dir='ltr'><strong>ﬁne</strong></span> <span class='ocrx_word' id='word_1_793' title='bbox 3354 5328 3506 5397; x_wconf 91' lang='lat' dir='ltr'><strong>capi-</strong></span> 
     </span>
    </p>
   </div>
   <div class='ocr_carea' id='block_1_115' title="bbox 1940 5420 3506 5501">
    <p class='ocr_par' dir='ltr' id='par_1_115' title="bbox 1940 5420 3506 5501">
     <span class='ocr_line' id='line_1_115' title="bbox 1940 5420 3506 5501; baseline -0.011 -10"><span class='ocrx_word' id='word_1_794' title='bbox 1940 5437 2011 5491; x_wconf 90' lang='lat' dir='ltr'><strong>tis</strong></span> <span class='ocrx_word' id='word_1_795' title='bbox 2036 5434 2207 5491; x_wconf 77' lang='grc' dir='ltr'><strong>ΧΧΙΧ</strong></span> <span class='ocrx_word' id='word_1_796' title='bbox 2248 5432 2450 5501; x_wconf 92' lang='lat' dir='ltr'><strong>Opusc.</strong></span> <span class='ocrx_word' id='word_1_797' title='bbox 2486 5429 2602 5484; x_wconf 78' lang='lat' dir='ltr'><strong>Vill</strong></span> <span class='ocrx_word' id='word_1_798' title='bbox 2632 5443 2753 5497; x_wconf 88' lang='lat' dir='ltr'><strong>pag.</strong></span> <span class='ocrx_word' id='word_1_799' title='bbox 2801 5424 2925 5487; x_wconf 86' lang='grc'><strong>221,</strong></span> <span class='ocrx_word' id='word_1_800' title='bbox 2969 5422 3063 5477; x_wconf 91' lang='lat' dir='ltr'><strong>ubi</strong></span> <span class='ocrx_word' id='word_1_801' title='bbox 3093 5421 3362 5476; x_wconf 90' lang='lat' dir='ltr'><strong>Macarius</strong></span> <span class='ocrx_word' id='word_1_802' title='bbox 3408 5420 3506 5485; x_wconf 91' lang='lat' dir='ltr'><strong>ait,</strong></span> 
     </span>
    </p>
   </div>
   <div class='ocr_carea' id='block_1_116' title="bbox 1941 5512 3508 5583">
    <p class='ocr_par' dir='ltr' id='par_1_116' title="bbox 1941 5512 3508 5583">
     <span class='ocr_line' id='line_1_116' title="bbox 1941 5512 3508 5583; baseline -0.009 -1"><span class='ocrx_word' id='word_1_803' title='bbox 1941 5544 2157 5583; x_wconf 88' lang='lat' dir='ltr'><strong>renuere</strong></span> <span class='ocrx_word' id='word_1_804' title='bbox 2181 5526 2440 5579; x_wconf 83' lang='lat' dir='ltr'><strong>hominem</strong></span> <span class='ocrx_word' id='word_1_805' title='bbox 2466 5532 2515 5575; x_wconf 85' lang='lat' dir='ltr'><strong>et</strong></span> <span class='ocrx_word' id='word_1_806' title='bbox 2574 5537 2678 5573; x_wconf 82' lang='lat' dir='ltr'><strong>non</strong></span> <span class='ocrx_word' id='word_1_807' title='bbox 2708 5515 3057 5571; x_wconf 83' lang='lat' dir='ltr'><strong>condelectari</strong></span> <span class='ocrx_word' id='word_1_808' title='bbox 3107 5512 3508 5583; x_wconf 84' lang='lat' dir='ltr'><strong>cogitationibus</strong></span> 
     </span>
    </p>
   </div>
   <div class='ocr_carea' id='block_1_117' title="bbox 1940 5603 3514 5689">
    <p class='ocr_par' dir='ltr' id='par_1_117' title="bbox 1940 5603 3514 5689">
     <span class='ocr_line' id='line_1_117' title="bbox 1940 5603 3514 5689; baseline -0.011 -16"><span class='ocrx_word' id='word_1_809' title='bbox 1940 5621 2114 5689; x_wconf 81' lang='lat' dir='ltr'><strong>pravis</strong></span> <span class='ocrx_word' id='word_1_810' title='bbox 2145 5618 2255 5670; x_wconf 87' lang='lat' dir='ltr'><strong>sine</strong></span> <span class='ocrx_word' id='word_1_811' title='bbox 2286 5615 2391 5669; x_wconf 83' lang='lat' dir='ltr'><strong>Deo</strong></span> <span class='ocrx_word' id='word_1_812' title='bbox 2422 5614 2704 5668; x_wconf 81' lang='lat' dir='ltr'><strong>adiuvante</strong></span> <span class='ocrx_word' id='word_1_813' title='bbox 2735 5624 2844 5662; x_wconf 88' lang='lat' dir='ltr'><strong>esse</strong></span> <span class='ocrx_word' id='word_1_814' title='bbox 2864 5603 3125 5676; x_wconf 82' lang='lat' dir='ltr'><strong>possibile.</strong></span> <span class='ocrx_word' id='word_1_815' title='bbox 3147 5604 3225 5657; x_wconf 88' lang='lat' dir='ltr'><strong>Ac</strong></span> <span class='ocrx_word' id='word_1_816' title='bbox 3256 5603 3391 5657; x_wconf 91' lang='lat' dir='ltr'><strong>nihil</strong></span> <span class='ocrx_word' id='word_1_817' title='bbox 3421 5603 3514 5658; x_wconf 90' lang='lat' dir='ltr'><strong>hic</strong></span> 
     </span>
    </p>
   </div>
   <div class='ocr_carea' id='block_1_118' title="bbox 1940 5691 3507 5763">
    <p class='ocr_par' dir='ltr' id='par_1_118' title="bbox 1940 5691 3507 5763">
     <span class='ocr_line' id='line_1_118' title="bbox 1940 5691 3507 5763; baseline -0.01 -1"><span class='ocrx_word' id='word_1_818' title='bbox 1940 5708 2218 5763; x_wconf 90' lang='lat' dir='ltr'><strong>doctrinae</strong></span> <span class='ocrx_word' id='word_1_819' title='bbox 2245 5703 2579 5758; x_wconf 91' lang='lat' dir='ltr'><strong>orthodoxae</strong></span> <span class='ocrx_word' id='word_1_820' title='bbox 2615 5700 2683 5754; x_wconf 92' lang='lat' dir='ltr'><strong>de</strong></span> <span class='ocrx_word' id='word_1_821' title='bbox 2708 5696 3033 5752; x_wconf 87' lang='lat' dir='ltr'><strong>necessitate</strong></span> <span class='ocrx_word' id='word_1_822' title='bbox 3090 5691 3277 5747; x_wconf 90' lang='lat' dir='ltr'><strong>auxilii</strong></span> <span class='ocrx_word' id='word_1_823' title='bbox 3302 5692 3507 5763; x_wconf 83' lang='lat' dir='ltr'><strong>gratiae</strong></span> 
     </span>
    </p>
   </div>
   <div class='ocr_carea' id='block_1_119' title="bbox 1942 5784 3504 5857">
    <p class='ocr_par' dir='ltr' id='par_1_119' title="bbox 1942 5784 3504 5857">
     <span class='ocr_line' id='line_1_119' title="bbox 1942 5784 3504 5857; baseline -0.012 -3"><span class='ocrx_word' id='word_1_824' title='bbox 1942 5799 2169 5855; x_wconf 82' lang='lat' dir='ltr'><strong>actuulis</strong></span> <span class='ocrx_word' id='word_1_825' title='bbox 2203 5797 2269 5852; x_wconf 89' lang='lat' dir='ltr'><strong>ad</strong></span> <span class='ocrx_word' id='word_1_826' title='bbox 2301 5810 2517 5851; x_wconf 90' lang='lat' dir='ltr'><strong>omnem</strong></span> <span class='ocrx_word' id='word_1_827' title='bbox 2549 5802 2730 5848; x_wconf 88' lang='lat' dir='ltr'><strong>actum</strong></span> <span class='ocrx_word' id='word_1_828' title='bbox 2776 5789 2979 5845; x_wconf 86' lang='lat' dir='ltr'><strong>bonum</strong></span> <span class='ocrx_word' id='word_1_829' title='bbox 3028 5784 3325 5857; x_wconf 89' lang='lat' dir='ltr'><strong>positivum</strong></span> <span class='ocrx_word' id='word_1_830' title='bbox 3371 5798 3504 5838; x_wconf 88' lang='lat' dir='ltr'><strong>con-</strong></span> 
     </span>
    </p>
   </div>
  </div>
