4274 6358
795 378 899 434 339

1878 368 2078 428 PETRI
2115 364 2370 423 POSSlNl
2409 358 2912 417 PROLEGOMENA

3910 342 4013 398 340

798 491 950 545 trarii
983 497 1086 545 est.
1114 490 1239 561 Agit
1264 489 1632 544 enim-auctor
1661 487 1730 542 de
1768 487 2019 542 dissensu
2053 500 2199 540 mere
2249 497 2350 536 ne-
2381 491 2423 543 Α
2450 494 2601 531 omne
2649 476 2865 529 liberum
2891 514 2907 539 ,
2982 489 3013 527 a
3078 470 3324 564 periculo
3368 466 3681 564 videlicet.

795 582 996 651 gativo,
1050 582 1153 636 hoc
1178 590 1263 635 est
1312 580 1666 650 suspensione
1704 592 1977 641 assensus,
2025 590 2187 646 quae,
2228 589 2354 628 cum

796 685 945 723 mera
977 670 1192 739 negatio
1224 679 1280 723 et
1305 684 1501 738 purum
1535 668 1672 722 nihil
1723 668 1815 730 sit,
1846 666 2052 720 auxilio
2084 682 2193 719 non
2231 669 2356 733 eget

795 760 900 812 nisi
958 760 1164 830 pariter
1208 759 1480 829 negativo.
1513 760 1699 813 Talem
1728 775 1847 813 esse
1870 757 2088 811 Macarii
2119 764 2355 810 mentem

795 865 964 919 prope
1011 851 1294 905 manifeste
1328 859 1478 919 patet
1534 866 1601 904 ex
1657 850 1743 904 his
1785 849 1905 903 eius
1941 848 2123 902 verbis
2161 847 2356 901 imme-

795 939 940 993 diate
966 941 1421 1009 praecedentibus
1462 958 1474 993 :
1502 942 1612 993 sine
1637 939 1744 993 Deo
1775 939 2057 992 adiuuante
2085 946 2132 991 et
2180 954 2269 1008 per
2303 954 2357 990 se

792 1031 965 1099 ipsum
993 1030 1212 1085 liberare
1236 1048 1291 1085 se
1313 1049 1647 1101 quemquam,
1682 1031 1853 1096 quoad
1899 1030 2059 1094 lucta,
2104 1046 2238 1099 quae
2259 1030 2357 1099 ipsi

794 1130 873 1175 est
907 1140 1021 1175 cum
1052 1125 1465 1193 cogitationibus,
1506 1123 1773 1192 expeditus
1810 1123 1985 1192 fuerit,
2014 1132 2087 1175 est
2112 1123 2355 1191 impossi-

794 1213 913 1266 bile.
948 1213 1228 1283 Siquidem
1259 1213 1480 1267 liberare
1507 1230 1582 1279 se,
1612 1224 1660 1267 et
1685 1214 1825 1268 lucta
1854 1216 2225 1285 cogitationum
2260 1230 2352 1267 ea:-

796 1304 971 1372 pedire
1017 1322 1091 1367 se,
1142 1315 1295 1359 actus
1342 1306 1578 1359 hominis
1629 1306 1887 1373 positivos
1958 1304 2233 1368 indicant,
2288 1306 2356 1359 ad

792 1392 984 1459 quales
1030 1408 1219 1447 omnes
1267 1408 1491 1463 prorsus
1548 1393 2043 1463 indispensabiliter
2107 1409 2357 1448 necessa-

796 1482 941 1534 rium
1006 1483 1098 1535 Dei
1149 1499 1247 1551 per
1314 1484 1540 1552 gratiam
1596 1483 1807 1536 actuale
1868 1484 2197 1537 adiutorium
2240 1500 2358 1538 esse

796 1582 991 1625 auctor
1039 1574 1394 1641 pronunciat;
1425 1574 1492 1628 de
1533 1575 1889 1643 suspensione
1939 1590 2069 1629 vero
2103 1590 2358 1629 assensus

795 1676 968 1724 mera,
1025 1678 1167 1730 quae
1222 1679 1347 1716 vere
1398 1662 1630 1716 nihilum
1691 1664 1793 1727 sit,
1845 1664 2094 1718 concedit
2159 1666 2357 1718 actuali

795 1768 917 1805 eam
962 1754 1161 1807 auxilio
1213 1770 1323 1807 non
1389 1769 1568 1824 egere.
1600 1754 1741 1816 Scio,
1787 1756 2165 1823 aquibusdam
2195 1756 2356 1809 hodie

2454 567 2617 637 Atqui
2676 566 2926 635 Magnum
2976 562 3272 617 Antonium
3330 559 3542 613 viderat
3589 556 3685 627 qui
3735 556 3843 609 hoc
3878 556 4015 607 scri-

2454 657 2554 720 bit,
2592 655 2783 709 intimo
2806 654 2855 707 ei
2890 652 3141 707 convictu
3173 650 3268 704 diu
3299 648 3606 703 familiaris.

2522 746 2844 807 Contrarius
2864 753 2949 799 est
2980 743 3237 813 scopulus
3264 757 3451 798 sanam
3480 739 3683 809 gratiae
3708 735 4015 791 doctrinam

2459 838 2806 894 tradentibus
2828 837 3103 900 vitandus,
3131 835 3416 905 oppressio
3442 832 3667 887 humani
3706 828 3920 883 arbitrii
3956 842 4019 880 ac

2452 929 2719 984 vertibilis
2770 930 2826 982 in
2863 928 3137 983 contraria
3192 936 3249 981 et
3300 920 4017 979 contradictoriainficiatio

2452 1020 2743 1075 libertatis.
2775 1019 2931 1073 Hunc
2952 1032 3169 1087 semper
3197 1014 3597 1071 studiosissime
3623 1011 3862 1067 declinat
3900 1009 4017 1063 Ma-

2453 1111 2635 1165 carius
2663 1110 2751 1164 hic
2778 1119 2985 1173 noster,
3024 1108 3164 1162 velis
3186 1122 3480 1176 numquam
3508 1120 3619 1157 non
3642 1102 3919 1170 remisque
3960 1100 4016 1154 in

2454 1202 2756 1270 oppositam
2806 1200 3127 1255 incumbens
3188 1198 3583 1268 professionem
3648 1193 4019 1249 vertibilitatis

2455 1291 2834 1345 indifferenter
2896 1291 3099 1344 liberae
3132 1289 3215 1343 sui
3251 1289 3518 1357 compotis
3557 1287 3887 1348 voluntatis,
3942 1285 4017 1337 ita

2455 1398 2667 1452 semper
2716 1394 2807 1437 aut
2861 1383 3065 1452 gratiae
3105 1382 3380 1451 praesenti
3447 1381 3514 1435 ad
3553 1382 3691 1435 bene
3721 1379 4015 1449 agendum,

2456 1480 2550 1524 aut
2598 1471 2883 1526 tentationi
2946 1486 3043 1525 seu
3102 1470 3575 1539 concupiscentiae
3623 1468 3901 1538 instiganti
3950 1466 4019 1520 ad

2458 1562 2596 1616 male
2628 1562 2963 1631 operandum
2994 1562 3408 1624 consentientis,
3459 1572 3520 1615 ut
3550 1562 3721 1629 possit
3750 1575 3850 1629 pro
3873 1558 4022 1612 arbi-

2460 1654 2564 1708 trio
2611 1654 2864 1707 resistere
2907 1653 3008 1707 :in
3043 1669 3151 1722 quo
3194 1653 3400 1706 fontem
3446 1651 3687 1706 residere
3737 1650 3921 1705 meriti
3967 1658 4022 1703 et

2456 1746 2713 1813 vituperii
2768 1761 3067 1815 verumque
3122 1746 3401 1799 cardinem
3477 1742 3679 1813 negotii
3748 1742 4023 1796 humanae

796 1842 1133 1897 scholasticis
1185 1846 1392 1915 negari,
1441 1862 1559 1900 esse
1623 1847 1910 1915 possibiles
1948 1862 2113 1915 puras
2168 1847 2356 1901 istius-
2388 1843 2429 1897 Β
2458 1832 2484 1885 ii

2330 1876 2356 1885 ..
2388 1843 2429 1897 Β
2458 1832 2856 1887 iustificationis
2888 1844 2981 1887 aut
3012 1833 3439 1902 depravationis,
3482 1840 3752 1901 quatenus
3786 1830 3889 1883 hae
3916 1829 4018 1882 im-

797 1931 944 1984 modi
985 1934 1323 1987 omissiones.
1374 1936 1456 1989 Ab
1484 1937 1605 1990 aliis
1655 1947 1834 1990 tamen
1884 1952 1979 1991 eae
2032 1952 2143 1992 non
2173 1937 2360 2006 paucis

799 2036 900 2076 nec
924 2038 1115 2090 parum
1169 2025 1473 2080 illustribus
1513 2028 1896 2080 admittuntur.
1935 2026 2178 2093 Quorum
2230 2044 2356 2082 sen-

797 2113 999 2165 tentiae
1030 2112 1293 2167 Macarius
1323 2115 1425 2169 hoc
1455 2116 1574 2169 loco
1611 2117 1977 2185 suffragatur;
2012 2133 2171 2186 agere
2211 2118 2357 2171 enim

795 2216 854 2254 se
904 2202 971 2255 de
1021 2219 1191 2266 mera,
1226 2216 1286 2261 ut
1316 2206 1448 2270 dixi,
1494 2208 1793 2262 cessatione
1851 2209 2147 2263 voluntatis
2177 2210 2358 2278 pravis

792 2290 1217 2359 cogitationibus
1250 2306 1484 2352 tentatae
1519 2314 1585 2353 eo
1614 2299 1899 2368 significat,
1920 2300 2065 2368 quod
2095 2316 2218 2353 cum
2236 2316 2357 2354 sus-

795 2385 1114 2451 pensionem
1140 2402 1393 2444 assensus
1433 2392 1790 2459 expressisset
1824 2392 1991 2445 verbo
2024 2408 2241 2445 renuere
2267 2402 2359 2447 aut

794 2473 1175 2538 contradicere,
1209 2474 1265 2528 in
1297 2491 1405 2545 quo
1433 2488 1553 2532 erat
1576 2480 1849 2548 emphasis
1874 2479 2139 2548 quaedam
2167 2481 2358 2550 positi-

796 2558 849 2611 vi
901 2570 1081 2625 actus,
1135 2564 1291 2631 quasi
1341 2566 1621 2636 corrigens
1680 2578 1775 2623 aut
1837 2570 2115 2638 explicans
2174 2571 2357 2625 statim

796 2648 1042 2720 adiungit
1067 2669 1079 2704 :
1108 2660 1157 2706 et
1186 2672 1288 2708 non
1309 2656 1679 2723 condetectari,
1712 2660 1806 2714 ubi
1840 2670 1907 2725 et,
1943 2669 2005 2713 ut
2026 2676 2185 2731 saepe
2202 2662 2355 2724 alias.

795 2742 1160 2810 expositivum
1182 2756 1285 2810 est,
1315 2749 1471 2816 quasi
1505 2749 1781 2805 diceretur
1819 2753 1873 2804 id
1889 2760 1983 2805 est.
2017 2752 2111 2805 His
2160 2753 2358 2807 adiun-

797 2843 905 2903 gat,
935 2835 979 2889 si
1012 2836 1135 2905 quis
1173 2839 1339 2903 volet,
1368 2842 1655 2911 plerosque
1699 2843 1981 2913 theologos
2019 2843 2237 2909 docere,
2288 2846 2356 2899 ad

797 2932 952 2979 actus
996 2928 1219 2995 quidem
1254 2946 1445 2986 omnes
1490 2948 1619 2987 vere
1659 2934 1926 2988 salutares
1948 2945 2003 2989 et
2047 2936 2358 2991 meritorios

797 3012 941 3068 vitae
975 3025 1229 3073 aeternae
1272 3021 1479 3090 requiri
1510 3023 1777 3077 actualem
1829 3025 2056 3094 gratiam
2093 3041 2356 3095 superna-

799 3105 1028 3159 turalem
1050 3109 1104 3160 in
1147 3110 1461 3176 substantia,
1500 3114 1632 3177 sive,
1662 3124 1723 3169 ut
1760 3116 2060 3185 loquuntur
2083 3158 2097 3181 ,
2128 3121 2181 3171 in
2222 3121 2357 3172 enti-

2459 1924 2729 1993 putabiles
2763 1924 2969 1977 homini
2996 1932 3123 1977 sunt
3149 1926 3236 1978 vel
3263 1924 3329 1977 ad
3365 1922 3592 1992 praemii
3631 1922 3909 1986 meritum,
3936 1920 4020 1975 vel

2457 2014 2525 2067 ad
2555 2030 2758 2083 poenae
2778 2015 3111 2069 iustissimae
3142 2025 3373 2078 reatum,
3401 2014 3682 2068 verissime
3710 2014 3800 2068 hic
3829 2023 4023 2067 auctor

2458 2117 2660 2160 censet.
2711 2107 2853 2160 Haec
2890 2122 3011 2161 cum
3044 2108 3251 2177 paginis
3298 2108 3411 2161 fere
3464 2107 3718 2161 omnibus
3756 2116 4021 2175 perpetuo

2458 2208 2552 2253 aut
2576 2199 2813 2252 inculcat
2840 2210 2935 2254 aut
2982 2200 3163 2254 innuit
3194 2210 3309 2253 tum
3347 2198 3668 2268 praesertim
3723 2196 3925 2266 Opusc.
3976 2197 4019 2250 ll

2457 2304 2576 2358 cap.
2604 2288 2698 2341 Xll
2744 2299 2800 2343 et
2842 2289 3040 2359 Opusc.
3102 2290 3215 2343 Vlll
3259 2304 3378 2357 cap.
3429 2288 3495 2341 lll
3532 2304 3685 2358 pagg.
3722 2287 3788 2340 57
3820 2297 3878 2340 et
3922 2285 4025 2339 185

2457 2395 2521 2433 ex
2554 2378 2796 2447 professo
2816 2390 2923 2434 tam
2966 2381 3268 2435 luculenter
3296 2382 3571 2443 enunciat,
3608 2390 3667 2434 ut
3696 2378 3786 2447 qui
3816 2378 3897 2431 sic
3939 2378 4021 2430 lo-

2456 2475 2644 2544 quitur
2670 2475 2886 2529 saeculo
2906 2472 3179 2527 Ecclesiae
3214 2472 3417 2527 ﬂuente
3442 2483 3657 2541 quarto,
3692 2472 3870 2526 videri
3894 2486 4021 2540 pos-

2457 2564 2531 2618 sit
2555 2562 2911 2617 orthodoxam
2952 2561 3019 2616 de
3082 2561 3257 2615 libero
3308 2561 3538 2614 arbitrio
3589 2560 3765 2630 deque
3815 2561 4023 2630 gratiae

2457 2667 2582 2707 cum
2613 2653 2729 2721 ipso
2754 2668 2817 2707 ac
2837 2650 3311 2721 concupiscentiae
3335 2662 3661 2721 cooperante
3714 2651 4026 2705 doctrinam

2457 2760 2567 2799 non
2591 2745 2833 2813 potuisse
2873 2744 3153 2809 disertius,
3200 2744 3426 2798 uberius
3457 2743 4029 2813 circumSpectiusque

2458 2854 2783 2907 proponere,
2830 2837 2875 2891 si
2930 2838 3149 2891 decreta
3208 2845 3264 2892 et
3331 2852 3565 2891 canones
3594 2851 3776 2890 sacrae
3827 2834 4025 2905 synodi

2458 2928 2810 2983 Tridentinae
2835 2928 3103 2983 Sessionis
3132 2929 3201 2984 Vl
3233 2930 3353 2998 plus
3380 2928 3524 2983 mille
3564 2928 3721 2982 annis
3748 2927 4030 2996 posterius

2459 3022 2765 3075 celebratae
2791 3020 2896 3074 iam
2925 3030 3039 3075 tum
3064 3021 3317 3091 legisset;
3349 3020 3484 3075 adeo
3523 3021 3631 3073 illis
3654 3027 4023 3073 consentanee

2459 3112 2780 3167 catholicam
2809 3112 2877 3166 de
2905 3111 3187 3165 hominum
3204 3110 3593 3181 justifieatione
3618 3110 3780 3164 fidem
3809 3109 4023 3164 edisse-

800 3199 953 3257 tate;
992 3195 1059 3249 ad
1097 3213 1205 3251 non
1250 3202 1711 3257 succumbendum
1738 3215 1917 3259 autem
1948 3208 2230 3260 tentationi
2264 3224 2361 3276 per
2387 3203 2429 3261 C
2462 3204 2554 3258 rit.

798 3286 1098 3356 simplicem
1129 3305 1382 3349 renutum
1414 3313 1561 3352 mere
1585 3302 1849 3354 naturalis
1879 3302 2087 3356 ordinis
2112 3303 2358 3357 sufﬁcere

799 3379 1067 3433 actualem
1121 3383 1348 3451 gratiam
1396 3390 1866 3455 supernaturalem
1923 3400 2131 3445 tantum
2188 3394 2360 3463 quoad

800 3470 1044 3536 modum,
1094 3490 1202 3527 non
1236 3492 1366 3529 vero
1410 3478 1465 3530 in
1506 3479 1817 3534 substantia.
1883 3480 2035 3546 Quod
2063 3483 2106 3535 si
2141 3492 2361 3551 putetur

801 3555 891 3611 hic
939 3560 1201 3617 Macarius
1272 3566 1512 3620 indicare
1552 3569 1809 3633 voluisse,
1854 3572 2018 3623 etiam
2051 3572 2129 3625 sic
2165 3587 2361 3641 expers

799 3651 1009 3704 erroris
1036 3654 1159 3707 erit.
1194 3654 1431 3725 Apparet
1458 3669 1771 3726 praeterea,
1808 3668 2012 3729 septem
2048 3663 2147 3717 hos
2192 3664 2361 3719 libros

800 3740 1031 3809 scriptos
1065 3755 1189 3799 ante
1236 3757 1417 3801 natam
1462 3749 1676 3819 Evagrii
1723 3752 1932 3806 Pontici
1983 3754 2357 3823 Origenistae,

799 3842 854 3888 et
879 3831 1081 3887 alumni
1110 3835 1290 3898 huius,
1344 3838 1575 3908 Pelagii,
1612 3840 1913 3895 doctrinam
1936 3884 1950 3907 ,
1985 3860 2121 3912 quae
2161 3846 2363 3915 impec—

799 3925 1131 3979 cabilitatem
1183 3934 1237 3980 et
1286 3927 1476 3981 salutis
1524 3929 1871 3984 securitatem
1912 3948 2035 3984 cum
2080 3934 2235 4001 plena
2272 3949 2362 3986 ex-

798 4017 1087 4070 stinctione
1118 4018 1431 4085 passionum
1464 4020 1779 4075 hominibus
1814 4024 1869 4076 in
1896 4024 1997 4077 hac
2030 4024 2138 4078 vita
2181 4024 2358 4093 possi-

800 4104 961 4157 bilem
990 4104 1159 4159 ﬁnxit.
1186 4104 1385 4159 Contra
1424 4108 1568 4160 enim
1594 4109 1789 4161 horum
1832 4120 2020 4163 auctor
2051 4111 2355 4164 absolutam

798 4192 1146 4244 securitatem
1203 4193 1393 4247 salutis
1430 4194 1484 4246 in
1512 4196 1614 4248 hac
1642 4198 1751 4250 vita
1789 4207 2011 4266 propter
2049 4199 2355 4253 vertibilem

800 4282 854 4335 in
881 4283 1078 4334 malum
1104 4283 1266 4336 etiam
1292 4294 1413 4351 post
1450 4295 1687 4338 ecstases
1723 4296 1777 4339 et
1805 4288 1919 4339 visa
1951 4287 2132 4341 divina
2165 4290 2358 4342 volun—

800 4382 963 4425 tatem
997 4388 1065 4425 ne
1108 4372 1300 4440 primis
1336 4373 1555 4441 quidem
1609 4375 1883 4443 Apostolis
1918 4388 2039 4445 post
2074 4387 2353 4447 acceptum

798 4460 886 4513 die
932 4461 1278 4515 Pentecostes
1330 4461 1597 4531 Spiritum
1647 4473 1894 4517 sanctum
1941 4466 2191 4520 concedit
2233 4482 2349 4536 cap.

2532 3296 2623 3351 lX.
2655 3295 2953 3351 Dicendum
2969 3295 3060 3349 hic
3080 3294 3282 3364 aliquid
3305 3304 3557 3363 superest
3578 3293 3645 3349 de
3662 3304 4025 3363 cognomento

2462 3387 2662 3458 Magni,
2689 3386 3129 3441 Macariinomini
3148 3385 3424 3438 adiuncto.
3449 3385 3779 3455 Expressum
3805 3385 3858 3439 id
3877 3385 4025 3439 clare

2462 3478 2701 3547 praefert
2746 3478 3159 3547 antiquissimus
3184 3491 3345 3545 quem
3399 3476 3664 3545 exscripsi
3712 3476 3883 3530 codex
3914 3492 4023 3529 non

2462 3570 2635 3623 solum
2671 3569 2727 3622 in
2761 3569 3188 3622 Macarianorum
3246 3566 3645 3635 Opusculorum
3690 3566 3872 3628 titulo,
3927 3566 4024 3620 sed

2460 3669 2745 3729 praeterea
2788 3660 2842 3713 in
2874 3659 3147 3729 Opusculo
3198 3657 3265 3710 IX
3302 3660 3447 3727 quod
3514 3659 3834 3713 inscribitur
3876 3658 4023 3727 Apo-

2462 3751 2803 3820 pluhegmata
2838 3750 3083 3811 Patrum,
3114 3761 3173 3803 ut
3212 3750 3399 3803 videre
3432 3759 3515 3803 est
3551 3765 3671 3818 pag.
3710 3749 3835 3812 245,
3888 3750 4022 3817 quin

2458 3850 2513 3894 et
2538 3841 2591 3893 in
2614 3840 2816 3909 Opusc.
2844 3840 2985 3895 XVll
3013 3842 3329 3912 Nicephori,
3362 3849 3703 3910 argumento,
3734 3841 3788 3893 ni
3839 3839 4019 3902 fallor,

2458 3930 2588 3983 satis
2612 3940 2781 3993 certo,
2827 3941 3105 3999 receptum
3139 3934 3268 3985 olim
3312 3932 3416 3985 hoc
3473 3930 3641 3984 fuisse
3664 3940 3719 3984 et
3766 3946 3865 3983 usu
3898 3932 4023 3984 vul—

2458 4020 2570 4091 gari
2626 4022 2835 4074 tritum.
2864 4020 3031 4075 Cuius
3056 4024 3249 4091 triplex
3273 4022 3569 4091 excogitari
3628 4022 3769 4075 ratio
3818 4031 4020 4091 potest.

2528 4112 2731 4177 Prima,
2761 4112 2949 4183 ingens
2976 4114 3075 4167 viri
3112 4116 3367 4169 meritum
3392 4132 3408 4179 ;
3430 4114 3730 4178 doctrinae,
3774 4114 4020 4183 inquam,

2455 4206 2575 4258 eius
2625 4215 2679 4259 et
2723 4206 3117 4261 sanctimoniae
3163 4206 3528 4276 praes'tantia,
3569 4221 3704 4276 quas
3743 4206 4020 4275 quotidia-

2457 4310 2529 4347 no
2582 4296 2800 4364 proprie
2838 4298 3069 4365 quisque
3114 4298 3275 4366 longo
3328 4315 3432 4352 usu
3481 4297 3852 4367 experientiae
3895 4313 4021 4350 cum

2457 4386 2848 4453 perspicerent,
2866 4395 2921 4440 et
2949 4386 3223 4456 praesenti
3248 4387 3428 4442 fructu
3452 4388 3721 4441 sentirent
3746 4396 3825 4441 tot
3847 4388 4020 4441 millia

2456 4476 2865 4540 monachorum,
2884 4493 3019 4546 quos
3031 4488 3153 4532 ante
3178 4488 3232 4533 et
3250 4490 3371 4548 post
3384 4489 3611 4533 mortem
3630 4478 3849 4533 Antonii
3866 4479 4023 4535 annis

800 4549 914 4605 XVI
960 4550 1156 4619 Opusc.
1192 4553 1256 4606 Vl
1287 4568 1405 4623 pag.
1440 4553 1561 4616 155,
1602 4564 1661 4607 ut
1696 4555 1884 4609 timere
1940 4556 2194 4611 videlicet
2230 4573 2353 4610 cum
2386 4564 2427 4617 Ι)
2457 4563 2707 4631 plurimis
2756 4563 2893 4617 lacte
2941 4564 3110 4618 divini
3166 4566 3317 4619 verbi
3371 4568 3507 4621 aluit
3559 4576 3616 4621 et
3648 4566 4022 4622 efﬁcacissima

798 4642 965 4696 Paulo
997 4644 1292 4710 potuerint,
1335 4660 1398 4696 ne
1441 4661 1557 4696 cum
1608 4643 1723 4697 aliis
1761 4646 2217 4714 praedicavissent,
2252 4650 2351 4717 ipsi

796 4733 1001 4801 reprobi
1027 4733 1377 4802 efﬁcerentur.
1402 4735 1555 4790 Unde
1590 4736 1765 4804 capite
1804 4736 1930 4789 libri
1961 4736 2205 4791 eiusdem
2256 4737 2354 4791 XX

796 4839 917 4894 pag.
954 4824 1053 4877 159
1088 4826 1394 4894 exemplum
1434 4827 1596 4880 affert
1618 4828 1869 4881 monachi
1906 4840 2029 4898 post
2066 4832 2241 4883 visum
2297 4832 2353 4885 in

799 4927 956 4986 raptu
988 4920 1297 4986 paradisum
1325 4919 1479 4974 foede
1513 4922 1669 4989 lapsi.
1712 4922 1890 4987 Quare
1928 4926 2197 4993 capitibus
2238 4927 2353 4979 Vlll

796 5019 853 5064 et
894 5010 963 5063 IX
1022 5011 1219 5079 Opusc.
1276 5012 1367 5065 Vll
1422 5029 1541 5083 pag.
1590 5014 1689 5067 152
1745 5024 1800 5069 et
1832 5016 1932 5070 155
1966 5017 2354 5085 perfectionem

796 5103 1049 5155 omnibus
1090 5103 1393 5157 absolutam
1430 5106 1675 5159 numeris
1706 5116 1761 5159 et
1787 5107 1999 5174 plenam
2048 5109 2353 5177 impeccan-

800 5192 925 5246 tiam
987 5192 1191 5245 homini
1235 5194 1438 5248 viventi
1471 5197 1787 5265 contingere
1841 5199 1917 5252 ait
1966 5214 2123 5267 posse
2178 5200 2352 5253 solum

797 5290 1229 5337 momentaneam
1283 5284 1339 5337 in
1399 5295 1601 5354 puncto
1649 5296 1835 5357 raptus
1865 5299 1921 5343 et
1958 5290 2173 5353 ecstasi,
2231 5301 2353 5359 post

798 5391 935 5441 quae
960 5375 1157 5429 iterum
1194 5378 1520 5444 peccabilem
1547 5378 1625 5433 sic
1660 5396 1875 5447 passum
1919 5380 2101 5434 divina
2148 5382 2348 5435 nihilo-

798 5466 980 5520 minus
1017 5484 1136 5521 esse
1197 5470 1539 5537 pronunciat.
1598 5471 1785 5539 Capite
1846 5482 2027 5547 autem
2092 5470 2349 5540 Opusculi

796 5560 1042 5612 eiusdem
1074 5561 1164 5613 Vll
1212 5560 1535 5615 duodecimo
1578 5578 1695 5631 pag.
1734 5564 1829 5617 157
1860 5564 1993 5617 haec
2024 5580 2093 5616 no
2124 5563 2131 5631 |
2167 5564 2350 5617 tabilia

802 5651 953 5715 ponit
990 5650 1156 5703 verba
1199 5670 1210 5703 :
1247 5651 1490 5705 Nondum
1520 5662 1694 5705 autem
1732 5671 2043 5723 quemquam
2074 5655 2177 5707 vidi
2202 5654 2351 5709 Chri-

797 5738 1027 5795 stianum
1072 5743 1372 5812 perfectum,
1426 5752 1517 5795 aut
1575 5745 1716 5798 omni
1764 5761 1826 5798 cx
1888 5754 2036 5812 parte
2068 5748 2120 5799 in
2155 5756 2350 5816 tempus

2448 4652 2765 4708 dexteritate
2791 4653 2856 4707 ad
2884 4655 3184 4723 profectum
3206 4657 3429 4725 spiritus
3453 4658 3744 4726 promovit,
3772 4658 4021 4726 exemplo

2448 4761 2663 4813 semper
2688 4746 2938 4815 praeiens
2968 4746 3022 4799 in
3076 4748 3224 4801 omni
3258 4748 3534 4801 functione
3557 4747 3797 4817 religiosi
3833 4747 4018 4813 ofIicii,

2449 4848 2558 4893 tam
2592 4840 2948 4892 excellentem
2981 4838 3297 4908 magistrum
3336 4840 3438 4892 sibi
3462 4840 3561 4892 visi
3590 4840 3700 4891 sint
3728 4838 3819 4892 tali
3847 4839 4021 4891 hono-

2450 4942 2571 4980 rare
2593 4927 2953 4995 appellatione
2978 4927 3252 4989 debuisse,
3275 4928 3565 4996 Evangelio
3582 4928 3745 4981 etiam
3770 4937 4013 4991 auctore,

2451 5019 2543 5071 ubi
2566 5020 2815 5087 legebant
2856 5019 3042 5073 Matth.
3090 5019 3151 5082 V,
3188 5019 3251 5072 19
3283 5037 3295 5071 :
3329 5018 3429 5082 Qui
3463 5020 3640 5087 fecerit
3670 5028 3717 5071 et
3763 5019 4013 5081 docuerit,

2450 5111 2529 5162 hic
2555 5127 2774 5179 magnus
2806 5110 3071 5161 vocabitur
3100 5111 3152 5162 in
3185 5126 3343 5179 regno
3372 5110 3653 5163 caelorum.

2517 5200 2721 5262 Altera,
2759 5201 2903 5269 quod
2956 5216 3079 5255 cum
3134 5200 3427 5253 Antonium
3479 5201 3719 5253 solerent
3764 5198 4014 5268 Magnum

2449 5291 2566 5345 sine
2596 5291 2780 5343 addito
2807 5305 3025 5353 vocare,
3067 5290 3201 5343 adeo
3228 5298 3289 5342 ut
3320 5289 3461 5343 istud
3491 5290 3805 5344 adiunctum
3831 5290 3883 5341 in
3912 5304 4011 5343 no-

2448 5397 2570 5435 men
2597 5381 2701 5433 iam
2736 5381 3011 5450 proprium
3056 5382 3355 5450 migrasset,
3383 5390 3544 5450 prout
3584 5380 3906 5449 intelligitur
3946 5396 4011 5433 ex

2447 5487 2610 5540 supra
2647 5472 2884 5525 recitatis
2925 5471 3111 5525 Cronii
3164 5471 3464 5541 presbyteri
3513 5471 3654 5539 apud
3712 5471 4010 5524 Palladium

2448 5564 2649 5626 verbis,
2688 5570 2745 5617 et
2782 5564 3073 5616 Macarium
3108 5562 3357 5615 viderent
3397 5577 3427 5615 e
3466 5561 3589 5615 sinu
3628 5560 3847 5614 Antonii
3888 5576 4015 5628 pro-

2448 5654 2689 5716 ductum,
2733 5653 2878 5707 vices
2902 5654 3020 5708 eius
3045 5654 3099 5707 in
3137 5653 3375 5721 ipsorum
3410 5652 3671 5721 regimine
3709 5662 4009 5721 gerentem,

2446 5754 2503 5801 et
2539 5747 2592 5800 in
2640 5746 2785 5800 omni
2828 5745 2986 5801 laude
3032 5744 3400 5810 simillimum,
3444 5759 3677 5814 aequum
3721 5742 4008 5807 duxerint,
