4274 6358
245 354 351 413 3“

1254 354 1346 411 AD
1381 354 1740 413 OPUSCULA
1772 356 1828 414 S.
1863 359 2149 419 MACARII
2186 364 2529 422 AEGYPTII.

3395 380 3503 438 343

246 475 373 561 post
398 465 626 561 Antonii
664 466 990 561 praesertim
1029 476 1282 533 mortem,
1312 468 1503 523 eodem
1530 468 1826 525 Macarium
1855 478 1899 534 Α
1927 485 2116 530 octava
2144 493 2374 534 numero
2401 480 2625 549 ponitur
2659 480 2782 537 eius
2808 482 2986 538 oratio
3010 485 3269 556 inscripta
3294 491 3357 543 de
3380 508 3503 561 poe-

250 558 537 628 impsrtire
568 557 750 621 titulo,
794 572 906 627 quo
944 557 1160 611 Patrem
1203 566 1261 612 et
1301 572 1462 612 suum
1499 568 1820 614 cunctorum

246 664 633 713 communem,
671 658 729 704 et
772 663 838 718 pe
870 648 881 719 l
910 648 1174 704 culiarem
1216 650 1388 719 ipsius
1436 650 1821 720 exemplarque

245 742 607 813 archetypum
648 740 902 812 Magnum
938 739 1260 807 Antonium,
1296 741 1427 797 dum
1463 742 1695 807 viveret,
1723 743 1823 797 ho-

248 848 456 888 ποι-πε
462 841 606 886 rant.

315 923 599 979 Postrema
618 922 784 978 huius
803 922 883 979 rei
906 931 993 977 sat
1009 922 1326 979 verisimilis
1346 939 1512 979 causa
1532 922 1817 993 est,quod,

244 1031 371 1072 cum
415 1015 527 1070 iam
565 1021 679 1070 tum
716 1013 860 1069 fama
898 1013 1162 1070 ﬂorerent
1200 1014 1312 1070 duo
1355 1015 1479 1080 alii,
1511 1015 1580 1071 de
1620 1015 1823 1085 quibus

245 1108 503 1178 superius
545 1114 632 1163 est
670 1106 903 1172 dictum,
947 1105 1194 1163 iuniores
1234 1106 1457 1161 Macarii
1492 1114 1551 1162 et
1589 1106 1823 1163 diversis

246 1201 303 1256 in
330 1200 586 1271 partibus
617 1199 881 1270 degentes
906 1197 1202 1271 Aegyptius
1230 1207 1289 1254 et
1313 1191 1734 1266 Alexandrinus,
1760 1208 1824 1256 ut

246 1307 409 1351 suum
443 1290 809 1360 antiquiorem
831 1289 901 1343 ab
924 1290 1034 1345 illis
1056 1290 1474 1360 distinguerent,
1498 1288 1678 1359 Magni
1696 1300 1822 1344 eum

246 1380 654 1450 insigniendum
677 1378 923 1449 epitheto
943 1380 1255 1449 putaverint
1272 1378 1367 1449 qui
1390 1387 1524 1434 tunc
1542 1378 1818 1434 vivebant.

244 1473 403 1541 Quod
444 1472 654 1528 utinam
694 1472 1036 1528 constantius
1076 1471 1270 1530 fuisset
1310 1486 1341 1525 a
1370 1470 1605 1542 posteris
1639 1471 1826 1525 obser-

244 1573 467 1629 vatum;
496 1564 577 1618 sic
596 1563 745 1618 enim
782 1562 924 1617 foret
952 1562 1216 1617 damnosa
1243 1571 1301 1617 et
1326 1561 1614 1631 periniqua
1636 1560 1826 1617 confu-

244 1657 331 1711 sio
354 1657 546 1719 vitata,
571 1671 711 1725 quae
745 1652 1097 1710 veneratione
1125 1653 1346 1723 propria
1387 1655 1443 1709 in
1472 1653 1625 1710 fastis
1651 1654 1825 1710 eccle-

245 1749 485 1804 siasticis
522 1748 702 1803 Patris
738 1747 867 1801 olim
909 1744 1235 1800 sanctissimi
1268 1754 1326 1799 et
1360 1745 1678 1802 cocleatim
1710 1760 1825 1800 me-

246 1840 552 1895 rentissimi
600 1840 873 1894 honorum
920 1836 1173 1892 obrutam
1215 1836 1568 1907 ambiguitate
1618 1851 1825 1893 memo-

246 1931 386 1984 riam
409 1929 712 1993 fraudavit;
741 1936 803 1983 ut
823 1944 947 1983 cum
977 1928 1096 1984 dies
1122 1928 1427 2000 assignatus
1449 1927 1826 1983 anniversario

245 2024 423 2078 cultui
450 2021 711 2092 proprius
734 2020 791 2074 in
811 2020 1209 2091 Martyrologiis
1228 2028 1285 2074 et
1305 2019 1621 2091 Menologiis
1642 2018 1823 2089 signe-

247 2122 342 2169 tur
384 2114 651 2185 Aegyptio
684 2119 741 2167 et
788 2111 1157 2166 Alexandrino
1199 2110 1483 2176 Macariis,
1525 2125 1825 2180 eorumque

246 2206 383 2261 Acta
424 2204 718 2275 separatim
765 2202 1038 2273 descripta
1076 2202 1343 2273 legantur,
1376 2202 1528 2257 solus
1551 2202 1826 2273 antiquior

246 2295 522 2352 ambobus
544 2302 601 2351 et
628 2302 825 2350 neutro
847 2293 1033 2349 minus
1063 2293 1294 2349 illustris
1315 2294 1582 2349 Macarius
1604 2294 1827 2365 Magnus

251 2386 630 2442 innominatus
655 2392 1051 2457 praetereatur.
1077 2382 1200 2450 Cui,
1230 2399 1412 2454 spero,
1461 2384 1826 2440 medebuntur

252 2479 602 2535 incommodo
666 2478 1094 2549 Antuerpienses
1152 2478 1358 2543 nostri,
1419 2493 1650 2549 quorum
1709 2479 1829 2535 laus

252 2588 407 2635 tanta
452 2586 538 2634 est
580 2578 636 2632 in
678 2578 830 2634 Actis
874 2578 1198 2634 Sanctorum
1238 2577 1590 2643 illustrandis,
1622 2578 1667 2633 si
1697 2593 1827 2648 pro-

252 2671 430 2742 priam
462 2670 748 2726 historiam
793 2671 937 2725 vitae
984 2670 1197 2725 abbatis
1228 2670 1539 2739 Pispiritani
1577 2669 1826 2736 Macarii,

253 2766 327 2820 ab
366 2779 640 2836 anonymo
685 2763 889 2829 veteri,
925 2762 1019 2833 qui
1067 2762 1366 2817 Posthumii
1401 2762 1453 2816 ei
1490 2762 1832 2818 succedentis

252 2856 393 2913 Acta
428 2856 607 2912 literis
641 2856 896 2919 tradidit,
932 2863 995 2909 ut
1040 2855 1153 2924 ipse
1188 2853 1410 2918 indicat,
1445 2855 1827 2923 compositam,

254 2946 503 3016 reperire
543 2945 742 3000 alicubi
782 2943 1081 3015 potuerint,
1115 2958 1239 2998 cum
1283 2942 1445 2999 tineis
1472 2942 1613 2998 forte
1652 2942 1831 2998 adhuc

254 3038 557 3109 blattisque
586 3039 904 3093 luctantem.

1921 568 2142 623 nitentia
2194 577 2243 621 et
2290 571 2431 641 quod
2479 588 2582 625 non
2626 574 2694 627 sit
2744 573 3166 645 desperandum,
3213 578 3351 634 duas
3396 581 3501 637 boc

1918 660 2063 728 quod
2109 660 2302 717 damus
2337 679 2605 735 expansas
2649 667 2855 737 scripto
2899 672 3243 728 narrationes
3272 674 3498 729 totidem

1919 751 2076 821 plane
2101 754 2296 810 recitat
2321 756 2509 811 verbis
2550 758 2809 813 continua
2838 760 2982 816 serie
3021 762 3091 817 ab
3127 772 3371 820 extrema
3406 781 3501 835 pa-

1918 841 2043 912 gina
2066 845 2386 911 centesima,
2424 863 2565 918 quae
2598 848 2749 903 illius
2788 851 3053 907 orationis
3091 853 3169 907 ibi
3208 870 3351 909 nona
3390 864 3498 921 est,

1920 950 2094 1005 usque
2129 936 2198 990 ad
2228 942 2580 993 centesimam
2623 939 3023 997 duodecimam.
3054 944 3125 1000 Et
3150 954 3279 1000 sunt
3306 946 3498 1001 ambae

1920 1026 2043 1081 illae
2071 1027 2331 1084 historiae
2371 1030 2509 1085 adeo
2536 1030 2850 1101 inopinatae
2876 1048 2940 1087 ac
2971 1034 3162 1100 mirae,
3191 1044 3253 1089 ut
3283 1035 3498 1091 descri-

1920 1117 2072 1173 benti
2112 1118 2248 1173 mihi
2293 1118 2719 1176 sollicitudinem
2750 1131 3069 1187 moverent,
3111 1139 3181 1177 ne
3222 1139 3323 1194 pro
3368 1140 3501 1195 apo-

1920 1224 2016 1279 cry
2046 1208 2056 1278 |
2086 1209 2210 1278 phis
2258 1216 2315 1266 et
2360 1218 2565 1266 temere
2630 1211 2880 1269 conﬁctis
2939 1214 3320 1270 reiicerentur.
3378 1216 3499 1283 Quo

1921 1300 2101 1355 carius
2137 1300 2313 1357 habeo
2353 1303 2556 1357 muniri
2596 1318 2691 1359 eas
2725 1312 2835 1358 tam
2878 1290 3270 1378 irrefragabilis
3306 1318 3495 1362 aucto-

1921 1389 1998 1443 ris
2024 1389 2249 1446 minime
2281 1390 2450 1447 dubio
2474 1407 2576 1447 nec
2604 1394 2857 1463 cuiquam
2885 1396 3174 1450 recusabili
3214 1397 3493 1468 suﬁ‘ragio.

1921 1481 2063 1537 Puto
2106 1493 2288 1539 autem
2322 1484 2472 1540 hunc
2513 1487 2966 1543 commentarium
3007 1489 3076 1543 ab
3114 1489 3497 1559 Amphilocbio

1921 1578 2101 1633 adhuc
2133 1579 2402 1635 monacho
2430 1589 2488 1635 et
2516 1581 2906 1636 monachorum
2936 1580 3249 1635 institutore
3278 1597 3500 1652 compo-

1922 1670 2109 1735 situm,
2138 1686 2207 1726 ex
2238 1686 2349 1741 quo
2381 1671 2525 1726 idem
2570 1680 2757 1742 postea
2788 1672 3089 1727 lconiensis
3134 1672 3390 1737 antistes,
3440 1674 3498 1728 in

1922 1763 2205 1818 occasione
2240 1763 2656 1834 praemuniendi
2712 1779 2873 1819 suum
2922 1765 3184 1834 populum
3232 1764 3498 1818 adversus

1924 1855 2280 1910 tentationem
2312 1854 2730 1925 desperationis,
2767 1856 2878 1911 duo
2909 1856 3012 1911 ista
3044 1858 3291 1925 exempla
3314 1857 3498 1911 verbis

1922 1945 2081 2015 plane
2118 1944 2311 2000 iisdem
2366 1946 2653 2011 retulerit,
2692 1948 2796 2001 alia
2850 1948 3005 2016 plura
3051 1947 3312 2001 amittens
3356 1963 3497 2017 quae

1924 2037 2206 2092 monachis
2255 2037 2389 2092 alias
2446 2038 2673 2108 allegata
2712 2038 2948 2101 utiliter,
2981 2038 3355 2093 saecularibus
3401 2038 3499 2093 do-

1922 2128 2112 2183 cendis
2129 2127 2312 2183 minus
2334 2138 2641 2198 opportuna
2663 2129 3004 2184 viderentur.

1993 2219 2084 2275 X1.
2116 2219 2450 2289 Opusculum
2476 2220 2828 2276 undecimum
2862 2220 3119 2291 equidem
3161 2220 3381 2291 plurimi
3423 2220 3501 2275 fa-

1924 2312 2010 2367 cio
2035 2318 2258 2382 propter
2275 2310 2705 2367 eﬁlorescentem
2734 2312 2790 2365 in
2822 2312 2917 2365 illo
2942 2312 3232 2381 genuinam
3258 2312 3498 2366 indolem

1923 2417 2053 2457 vere
2080 2402 2439 2458 asceticorum
2480 2418 2760 2468 sensuum,
2789 2412 2848 2459 et
2876 2404 3149 2473 quendam
3179 2404 3501 2459 suavissime

1925 2494 2255 2565 fragrantem
2280 2510 2348 2549 ex
2368 2495 2549 2559 uberi,
2567 2510 2674 2565 qua
2693 2496 2911 2566 penitus
2932 2495 3218 2561 imbuitur,
3238 2496 3501 2551 unctione

1927 2587 2150 2657 spiritus
2192 2586 2443 2642 heroicae
2483 2587 2876 2643 sanctimoniae
2904 2587 3149 2643 odorem.
3181 2588 3402 2643 Nullum
3437 2588 3505 2641 Ii-

1926 2677 2146 2732 bentius
2172 2678 2457 2747 exscripsi,
2479 2678 2534 2732 in
2556 2679 2711 2733 nullo
2740 2677 3154 2749 interpretando
3182 2687 3395 2734 tantum
3421 2680 3505 2733 in-

1928 2771 2091 2826 timae
2119 2770 2427 2826 dulcedinis
2457 2785 2579 2825 sum
2611 2782 2889 2841 expertus.
2937 2772 3057 2838 Quo
3095 2772 3230 2826 mihi
3271 2782 3502 2827 conten-

1927 2861 2166 2917 dendum
2204 2862 2418 2917 enixius
2454 2862 2619 2917 statui
2664 2862 2732 2917 ad
2777 2863 2899 2932 ejus
2936 2872 3152 2932 tempus
3197 2873 3506 2917 auctorem-

1927 2970 2055 3022 que,
2089 2954 2487 3025 ignotissimum
2514 2962 2833 3025 utrumque,
2861 2954 3105 3026 vestigiis
3136 2954 3391 3009 omnibus
3422 2954 3505 3008 in—

1928 3042 2257 3112 dagandum.

327 3127 396 3184 X.
446 3129 549 3184 Diu
579 3142 683 3183 nos
725 3126 903 3183 tenuit
942 3126 1231 3182 Macarius.
1278 3124 1497 3183 Utinam
1525 3125 1828 3197 transigere
1852 3155 1897 3214 ο
1998 3133 2256 3191 Continet
2295 3134 2351 3191 id
2394 3135 2631 3207 alloquia
2657 3134 3068 3206 quatuordecim
3118 3135 3302 3192 studio
3347 3135 3506 3191 audi-

251 3220 505 3277 velocius
548 3234 813 3290 queamus
846 3234 988 3290 quae
1031 3217 1100 3274 de
1141 3218 1267 3273 aliis
1306 3216 1653 3287 sequentium
1684 3216 1829 3288 Opu-

254 3312 537 3367 sculorum
599 3309 917 3365 auctoribus
961 3308 1273 3365 necessario
1330 3308 1625 3378 praefanda
1681 3308 1832 3363 vide-

255 3403 487 3457 buntur.
521 3402 735 3457 Nonum
766 3400 1104 3471 Opusculum
1134 3402 1390 3471 anonymi
1414 3410 1499 3457 est
1523 3402 1831 3457 collectoris

254 3495 652 3551 sententiarum
687 3495 931 3549 Patrum.
964 3493 1139 3548 Huius
1180 3500 1413 3548 aetatem
1454 3494 1655 3562 prodit,
1685 3494 1831 3562 quod

255 3603 367 3642 non
410 3582 515 3638 nisi
557 3582 1060 3653 antiquissimorum
1105 3580 1328 3637 nomina
1372 3582 1566 3638 recitat
1608 3601 1622 3637 :
1667 3600 1829 3656 argu-

253 3687 473 3743 mento,
531 3692 657 3731 eum
712 3688 840 3732 ante
892 3677 1167 3747 posterius
1222 3676 1522 3732 celebrium
1588 3688 1831 3749 tempora

252 3770 476 3824 vixisse.
500 3768 837 3839 Opusculum
866 3768 914 3823 X
954 3770 1256 3838 simplicem
1290 3768 1348 3823 in
1384 3784 1507 3823 meo
1539 3769 1831 3841 archetypo

255 3861 559 3915 Turrianeo
594 3861 784 3917 codice
816 3860 1159 3931 praeferebat
1183 3861 1398 3915 titulum
1429 3861 1645 3929 qualem
1674 3861 1828 3915 exhi-

257 3954 365 4007 beo
402 3970 414 4005 :
448 3950 506 4007 S.
536 3952 884 4022 Amphitochii
911 3954 973 4006 de
1012 3969 1117 4006 non
1157 3952 1502 4022 desperando.
1536 3950 1690 4018 Quod
1719 3968 1827 4005 non

256 4045 321 4099 fit
366 4045 457 4098 hic
505 4046 712 4099 mentio
748 4045 1046 4099 lconiensis
1097 4045 1470 4114 episcopatus,
1522 4046 1600 4098 uti
1652 4061 1827 4113 neque

254 4152 423 4206 supra
457 4136 512 4189 in
558 4136 718 4190 titulo
751 4136 772 4189 l
804 4134 1063 4205 Opusculi
1110 4136 1165 4190 S.
1211 4136 1405 4190 Joanni
1445 4135 1828 4205 Chrysostomo

256 4227 450 4283 tributi
484 4227 621 4282 citra
654 4227 820 4281 ullam
860 4227 1007 4282 sedis
1046 4226 1675 4296 Constantinopolitanae
1718 4244 1829 4281 me-

255 4314 509 4378 moriam,
546 4313 746 4367 indicio
778 4322 883 4379 est,
913 4330 1053 4384 cpus
1089 4325 1382 4383 utrumque
1423 4318 1491 4370 ab
1539 4318 1605 4371 iis
1658 4318 1828 4372 Patri-

255 4406 362 4459 bus
389 4403 555 4459 fuisse
585 4406 872 4474 scriptum,
895 4405 1025 4459 dum
1049 4406 1229 4461 adhuc
1252 4408 1447 4477 privati
1475 4407 1617 4463 inter
1641 4424 1826 4463 mona-

1930 3228 2065 3282 toris
2098 3227 2155 3282 in
2181 3228 2366 3283 literas
2403 3228 2587 3294 missa,
2617 3236 2784 3297 prout
2810 3236 3034 3297 excepta
3062 3228 3279 3283 fuerant
3310 3241 3379 3281 ex
3405 3242 3504 3283 ore

1929 3320 2077 3375 senis
2098 3320 2400 3389 cuiuspiam
2426 3319 2737 3391 grandaevi,
2774 3320 2937 3391 longo
2968 3336 3072 3374 usu
3102 3320 3247 3375 vitae
3285 3319 3505 3389 religio-

1929 3428 2019 3467 sae
2051 3427 2150 3481 per
2185 3426 2375 3467 omnes
2411 3411 2763 3481 perfectionis
2799 3411 3157 3483 Evangelicae
3193 3411 3395 3482 gradus
3434 3410 3505 3466 ad

1929 3504 2139 3574 apicem
2178 3506 2354 3559 evecti
2417 3505 2752 3571 sanctitatis,
2808 3515 3068 3575 quantam
3116 3505 3260 3575 capit
3306 3505 3507 3561 divinis

1928 3599 2111 3653 adiuta
2152 3596 2434 3652 beneﬁciis
2476 3597 2713 3652 humana
2754 3598 3076 3652 mortalitas.
3124 3598 3504 3669 Alloquiorum

1928 3697 2118 3745 auctor
2155 3687 2471 3742 nominatur
2513 3687 2709 3743 beatus
2751 3688 2921 3743 abbas
2968 3687 3234 3743 Zosimas.
3288 3689 3365 3744 De
3405 3703 3504 3742 ex-

1928 3788 2147 3847 ceptore
2172 3786 2384 3832 tantum
2420 3779 2691 3844 innuitur,
2718 3778 2886 3834 fuisse
2926 3779 3079 3833 illum
3114 3795 3182 3833 ex
3213 3780 3334 3834 eius
3371 3777 3506 3834 assi-

1927 3872 2050 3925 duis
2078 3870 2422 3926 auditoribus
2454 3887 2644 3936 unum,
2670 3872 3042 3927 verisimiliter
3070 3872 3311 3925 sodalem
3356 3873 3506 3927 eius-

1926 3963 2051 4018 dem
2087 3962 2140 4017 in
2180 3979 2289 4033 quo
2319 3962 2551 4033 degebat
2575 3963 2819 4019 Zosimas
2859 3964 3131 4018 coenobii.
3166 3963 3268 4017 Diu
3308 3962 3375 4017 de
3419 3963 3506 4019 his

1925 4064 1981 4109 et
2014 4054 2243 4108 sollicite
2283 4054 2608 4124 disquirenti
2652 4055 2786 4108 mihi
2831 4070 2896 4108 ea
2940 4054 3158 4109 tandem
3203 4054 3345 4109 sedit
3382 4070 3504 4108 sen-

1928 4146 2113 4208 tentia,
2140 4144 2374 4198 eundem
2410 4146 2576 4199 istum
2610 4161 2730 4199 esse
2769 4145 3040 4199 Zosimam
3074 4160 3196 4198 cum
3235 4144 3328 4198 illo
3354 4146 3502 4199 cele-

1926 4237 2235 4292 bratissimo
2264 4237 2529 4292 divinitus
2569 4238 2767 4302 electo,
2810 4246 2873 4290 ut
2913 4246 3131 4291 sanctae
3172 4237 3505 4306 poenitentis

1925 4328 2123 4383 Mariae
2152 4330 2445 4399 Aegyptiae
2464 4369 2479 4393 ,
2517 4345 2611 4383 seu
2632 4370 2649 4393 ,
2679 4338 2740 4382 ut
2782 4330 2943 4399 vulgo
2974 4330 3273 4397 loquuntur
3292 4369 3306 4392 ,
3334 4330 3504 4399 Aegy-

1925 4421 2155 4490 ptiacae,
2192 4427 2249 4473 et
2297 4428 2648 4490 cognosceret
2707 4420 2873 4474 vitam
2920 4430 2975 4474 et
3034 4420 3200 4474 funus
3261 4430 3497 4475 curaret.

255 4498 393 4552 chos
416 4498 681 4561 viverent,
709 4507 998 4567 antequam
1015 4499 1070 4551 in
1096 4498 1322 4567 thronos
1340 4510 1817 4569 promoverentur;
1854 4500 1896 4554 D
1924 4511 2111 4565 Exstat
2156 4509 2225 4564 de
2267 4510 2354 4565 bis
2391 4511 2815 4565 commentarius
2866 4512 3015 4566 omni
3064 4512 3171 4567 ﬁde
3232 4514 3499 4579 ﬁrmatus,

256 4605 398 4661 quae
432 4590 716 4644 amborum
753 4590 875 4645 talis
923 4591 1185 4659 temporis
1224 4601 1281 4647 et
1323 4597 1629 4663 argumenti
1668 4594 1825 4647 lucu-

257 4683 541 4737 brationes
567 4684 623 4738 in
648 4683 1040 4737 monachorum
1065 4684 1347 4738 tabulariis
1366 4686 1587 4741 relictae
1603 4686 1823 4751 fuerint,

258 4783 519 4844 tanquam
538 4775 605 4829 iis
618 4774 750 4829 solis
760 4776 1215 4832 accommodatae.
1234 4776 1378 4840 Scio,
1397 4794 1507 4833 non
1528 4794 1695 4833 unum
1706 4794 1828 4834 esse

258 4868 317 4922 in
350 4867 574 4936 antiqua
592 4866 971 4923 Ecclesiastica
990 4868 1252 4923 memoria
1271 4869 1540 4925 celebrem
1554 4871 1831 4939 Amphilo-

259 4960 480 5022 chium;
509 4968 688 5013 tamen
716 4959 900 5024 huius,
924 4976 1088 5029 quem
1130 4961 1220 5015 hic
1259 4960 1493 5025 edimus,
1530 4962 1697 5016 libelli
1738 4978 1831 5016 ve-

261 5065 386 5104 rum
415 5048 580 5103 fuisse
605 5057 814 5119 patrem
848 5051 1283 5121 antiquissimum
1312 5052 1463 5106 illum
1496 5053 1742 5107 doctrina
1775 5061 1833 5108 et

260 5142 623 5198 sanctimonia
655 5144 763 5199 late
802 5146 1083 5216 inclytum,
1110 5161 1178 5201 ex
1206 5147 1471 5201 monacho
1500 5148 1831 5202 lconiensem

264 5235 582 5304 episcopum
614 5236 1081 5306 Amphilochium,
1122 5254 1154 5292 a
1181 5237 1278 5292 SS.
1304 5238 1531 5303 Basilio,
1570 5237 1833 5309 Gregorio

266 5325 640 5389 Nazianzeno,
690 5326 1018 5397 Hieronymo
1072 5328 1367 5396 multisque
1419 5328 1541 5382 aliis
1587 5338 1831 5383 veterum

267 5416 552 5486 magniﬁce
575 5417 875 5483 laudatum,
901 5418 1055 5473 cuius
1090 5419 1147 5472 in
1182 5418 1561 5490 Martyrologio
1589 5420 1833 5474 Romano

268 5509 337 5563 ad
363 5508 507 5561 diem
546 5507 617 5561 IX
643 5509 757 5563 Kal.
782 5510 933 5573 Dec.,
972 5510 1027 5563 in
1058 5508 1279 5565 Graecis
1298 5511 1499 5565 Meneis
1527 5511 1717 5566 eodem
1745 5512 1833 5567 die

269 5597 552 5667 splendida
581 5599 755 5669 elogia
783 5599 1055 5669 leguntur,
1092 5599 1373 5655 manifeste
1401 5611 1613 5656 constat
1639 5618 1703 5656 ex
1745 5618 1831 5667 eo,

269 5689 417 5758 quod
444 5689 498 5743 in
522 5673 778 5758 operibus
798 5690 1043 5745 eiusdem
1080 5691 1135 5745 S.
1167 5693 1341 5746 Patris
1370 5702 1492 5749 ante
1522 5694 1621 5748 hos
1663 5710 1834 5749 annos

271 5780 365 5837 XL
411 5797 603 5852 graece
650 5783 811 5839 simul
862 5784 1135 5853 latineque
1182 5784 1401 5842 Parisiis
1450 5786 1639 5853 editis,
1695 5804 1833 5857 quae

1928 4618 2036 4656 non
2101 4602 2411 4672 SOphronii,
2464 4612 2523 4657 ut
2567 4617 2852 4673 perperam
2912 4603 3229 4659 inscribitur
3280 4621 3310 4660 a
3356 4606 3500 4659 mul-

1929 4693 2029 4757 tis,
2081 4692 2227 4761 quod
2278 4692 2495 4747 invictis
2546 4691 2875 4761 argumentis
2929 4691 3245 4747 confutatur
3300 4692 3368 4747 ab
3419 4693 3503 4747 ul-

1929 4785 2061 4838 timo
2094 4783 2214 4838 eius
2252 4784 2439 4854 scripti
2465 4782 2692 4847 editore,
2732 4789 2922 4837 nostro
2962 4783 3187 4838 Daniele
3224 4784 3501 4853 Papebro—

1930 4873 2054 4927 chio
2081 4873 2235 4927 Tom.
2280 4873 2302 4927 ι
2346 4872 2546 4943 Aprilis
2584 4887 2704 4941 pag.
2745 4871 2843 4936 69,
2879 4870 2975 4926 sed
3021 4872 3275 4944 anonymi
3308 4888 3500 4927 mona-

1930 4966 2018 5019 chi
2055 4965 2305 5020 coenobii
2342 4981 2510 5036 prope
2543 4963 2837 5019 Iordanem
2876 4964 2988 5029 siti,
3030 4964 3087 5018 in
3115 4978 3225 5033 quo
3258 4963 3502 5019 Zosimas

1931 5058 2149 5113 ultimos
2195 5072 2325 5112 suae
2371 5057 2513 5111 vitae
2570 5070 2743 5112 annos
2799 5055 3006 5126 exegit,
3049 5064 3216 5125 prout
3260 5055 3375 5125 ipse
3418 5056 3501 5110 in-

1930 5150 2051 5203 nuit
2109 5158 2302 5204 auctor
2323 5149 2402 5203 sic
2459 5146 2706 5202 scribens
2768 5146 2871 5201 sub
2941 5145 3105 5201 ﬁnem
3170 5147 3501 5201 narrationis

1932 5256 2092 5306 suae,
2143 5248 2428 5310 postquam
2474 5238 2780 5303 docuisset,
2826 5253 3104 5293 reversum
3138 5252 3169 5291 a
3198 5237 3255 5292 S.
3300 5237 3500 5293 Mariae

1930 5332 2286 5404 Aegyptiacae
2312 5331 2501 5386 funere
2528 5330 2798 5386 Zosimam
2835 5345 2976 5400 quae
3009 5329 3221 5384 viderat
3259 5339 3315 5383 et
3340 5329 3499 5383 audi-

1933 5434 2084 5480 verat
2118 5439 2277 5493 saepe
2306 5424 2594 5479 retulisse:
2629 5421 3039 5477 Perseverarunt
3063 5432 3237 5475 autem
3261 5424 3501 5475 monachi

1934 5516 2080 5587 [post
2117 5515 2360 5570 Zosimae
2398 5514 2649 5569 videlicet
2690 5512 2923 5586 obitum]
2951 5515 3079 5567 haec
3118 5514 3235 5583 ipsa
3266 5530 3358 5583 per
3391 5523 3503 5568 tra-

1935 5608 2180 5661 ditionem
2200 5607 2449 5661 discentes
2482 5614 2637 5675 atque
2662 5607 2731 5660 ad
2757 5606 3041 5658 communis
3072 5603 3313 5658 utilitatis
3342 5622 3502 5675 argu-

1938 5706 2166 5750 mentum
2199 5704 2540 5767 proponentes
2579 5694 2763 5747 audire
2794 5693 3100 5756 volentibus,
3129 5693 3221 5745 sed
3255 5710 3357 5746 non
3395 5711 3498 5748 au-

1936 5790 2038 5844 divi
2086 5806 2397 5848 quemauam
2435 5789 2625 5857 scripto
2668 5788 2901 5856 signasse
2957 5787 3337 5841 narrationem.
3390 5786 3501 5857 Ego
