4274 6358
792 385 904 444 343
1871 375 2075 431 PETRI
2113 373 2372 430 POSSINI
2409 374 2915 431 PROLEGOMENA
3919 383 4022 439 3“

791 522 912 559 vero
944 518 1081 574 quae
1113 503 1241 553 citra
1288 500 1602 567 scripturam
1632 492 1878 561 comperi,
1913 507 2005 561 per
2043 489 2221 542 literas
2262 505 2354 540 σα-
2382 494 2430 550 Α
2459 496 2628 543 retur.
2661 490 2792 546 Utut
2811 491 2877 544 de
2905 490 2973 544 iis
3003 490 3094 556 sit,
3122 498 3332 545 certum
3353 492 3589 557 videtur,
3612 502 3734 561 post
3759 492 4023 549 Judaeam

792 599 907 650 ravi
938 605 1063 649 nota
1093 595 1282 662 facere.
1309 591 1509 645 Indicia
1539 589 1665 641 hinc
1694 602 1981 654 exsequar,
2019 583 2216 652 quibus
2244 597 2360 636 mo-
2456 577 2692 633 deletam
2734 581 2928 649 primis
2974 581 3249 636 Ecclesiae
3298 584 3552 647 saeculis,
3584 592 3641 636 et
3693 584 3762 638 lV
3800 586 4024 654 potissi-

792 704 925 743 veor
962 687 1029 741 ad
1060 683 1417 755 opinandum,
1450 682 1644 734 horum
1676 685 1954 732 auctorem
1983 676 2358 743 Alloquiorum
2457 685 2629 736 mum,
2654 686 2763 741 quo
2795 672 3039 727 Zosimas
3060 673 3298 738 vivebat,
3334 684 3395 729 ut
3420 675 3792 737 ostendemus,
3816 676 4023 745 Tyrum

790 778 1061 831 Zosimam
1090 792 1201 830 non
1233 775 1398 829 alium
1429 786 1549 825 esse
1578 769 1645 824 ab
1678 785 1764 832 eo,
1796 767 1882 822 cui
1914 768 2037 820 testi
2070 766 2229 819 unico
2254 764 2361 818 Ma-

794 866 907 918 riae
936 865 1293 935 Aegyptiacae
1324 861 1571 915 notitiam
1604 859 1765 912 debet
1793 857 2052 919 Ecclesia,
2083 856 2224 910 sicut
2249 855 2359 908 An-

797 957 947 1009 tonio
979 956 1131 1010 Pauli
1162 955 1317 1023 primi
1346 952 1626 1007 eremitae.

864 1046 1103 1100 Primum
1130 1065 1147 1100 :
1184 1048 1428 1100 detector
1467 1045 1798 1098 latebrarum
1844 1040 2199 1111 Aegyptiacae
2248 1039 2359 1093 Ma-

797 1140 911 1193 riae
942 1138 1204 1202 Zosimas,
1253 1154 1283 1192 a
1330 1154 1500 1207 puero
1550 1135 1781 1189 traditus
1824 1134 2155 1189 monasticae
2202 1132 2362 1187 disci-

798 1230 977 1299 plinae
1011 1229 1066 1282 in
1088 1229 1324 1297 quodam
1347 1227 1610 1283 coenobio
1630 1227 1987 1289 Palaestinae,
2016 1226 2069 1278 in
2090 1239 2156 1279 eo
2178 1224 2362 1278 lauda-

801 1320 1009 1373 tissime
1046 1320 1212 1374 vitam
1248 1320 1533 1373 asceticam
1572 1317 1814 1372 exercuit
1853 1332 1949 1385 per
1988 1330 2161 1368 annos
2199 1328 2363 1383 supra

798 1409 1214 1479 quinquaginta,
1267 1417 1497 1463 testante
1552 1409 1606 1462 id
1653 1408 1789 1477 ipso,
1835 1408 1991 1477 cujus
2030 1407 2166 1461 haec
2197 1406 2363 1460 verba

797 1513 1101 1569 anonymus
1117 1500 1415 1552 monachus
1443 1497 1699 1551 exscribit
1720 1512 1871 1551 num.
1893 1497 1927 1550 '5
1949 1513 2080 1551 suae
2101 1497 2365 1551 narratio-

801 1590 927 1645 nis:
974 1590 1188 1644 Dicebat
1237 1600 1413 1643 autem
1456 1592 1564 1658 ipse
1614 1590 1677 1641 de
1720 1604 1775 1642 se
1816 1588 2074 1651 Zosimas,
2119 1588 2254 1657 quod
2300 1590 2363 1641 ab

803 1682 963 1745 ulnis,
1004 1690 1060 1734 ut
1093 1684 1166 1736 sic
1198 1683 1402 1752 loquar,
1438 1684 1669 1751 paternis
1715 1682 1771 1734 in
1816 1681 2189 1733 monasterium
2227 1680 2365 1732 istud

800 1772 993 1836 datus,
1042 1788 1135 1842 per
1187 1790 1351 1826 annos
1389 1772 1770 1841 quinquaginta
1822 1778 1923 1821 tres
1967 1770 2024 1822 in
2078 1769 2364 1822 monastico

2458 758 2757 818 Palaestina
2781 763 2945 818 fuisse
2970 767 3436 835 comprehensam.
3458 766 3656 821 Herodi
3678 782 3807 820 sane
3832 767 4028 837 Agrip-

2459 870 2596 923 pae,
2644 856 2826 924 nepoti
2889 856 3118 913 Herodis
3174 859 3390 928 Magni,
3446 874 3571 912 cum
3625 858 3729 913 sub
3788 858 4026 915 Caesare

2457 944 2686 1001 Claudio
2715 957 2931 1016 pareret
2968 950 3201 1004 maxima
3222 950 3460 1005 Judaeae
3494 967 3639 1021 pars,
3669 959 3730 1005 ut
3748 951 3912 1006 docet
3930 952 4025 1006 Jo-

2460 1039 2661 1107 sephus
2709 1038 2805 1093 lib.
2873 1040 2996 1094 XIX
3040 1041 3249 1111 Antiq.,
3298 1042 3592 1112 subjectos
3622 1043 3790 1097 fuisse
3832 1043 4028 1114 Tyrios

2455 1136 2517 1183 et
2570 1130 2837 1201 Sydonios
2894 1130 3104 1186 indicat
3146 1133 3204 1187 S.
3242 1133 3417 1187 Lucas
3460 1132 3721 1187 Actorum
3769 1132 3886 1197 XII,
3932 1133 4024 1187 20.

2458 1219 2608 1287 Quae
2635 1237 2756 1277 cum
2790 1223 2864 1277 ita
2896 1225 3006 1279 sint
3033 1224 3237 1287 omnia,
3274 1239 3371 1279 cur
3394 1223 3661 1281 afﬁrmare
3687 1224 4026 1287 dubitemus,

2460 1314 2872 1379 monasterium,
2896 1314 3043 1384 quod
3070 1316 3212 1385 apud
3248 1316 3451 1387 Tyrum
3476 1316 3662 1381 fuerit,
3695 1332 3823 1372 vere
3858 1318 4027 1370 situm

2464 1402 2520 1457 in
2550 1404 2850 1458 Palaestina
2875 1405 2985 1460 dici
3012 1406 3297 1476 potuisse?
3334 1406 3581 1461 Meminit
3613 1415 3895 1477 praeterea
3926 1406 4029 1459 Zo-

2461 1494 2631 1548 simas
2660 1495 2715 1547 in
2735 1496 2971 1563 quodam
3010 1496 3265 1565 Alloquio
3291 1496 3685 1567 campestrium,
3716 1497 3811 1550 ubi
3851 1498 3928 1549 ait
3969 1511 4029 1549 se

2464 1584 2655 1640 fuisse.
2678 1580 2828 1651 Quae
2863 1585 2999 1641 haec
3027 1590 3361 1658 campestria,
3402 1588 3510 1643 nisi
3547 1603 3771 1655 campus
3799 1602 4029 1655 magnus

2464 1676 2735 1733 Galilaeae
2771 1687 2829 1733 et
2876 1679 3139 1733 latissima
3172 1680 3260 1733 illa
3306 1680 3561 1749 planities
3606 1688 3714 1732 tam
3749 1693 3911 1748 saepe
3973 1679 4027 1730 in

2468 1767 2766 1837 Scripturis
2795 1772 3132 1825 memorata?
3155 1771 3299 1825 Alibi
3324 1771 3420 1835 ait,
3444 1786 3502 1824 se
3537 1768 3926 1839 Hierosolymis
3948 1767 4030 1819 di-

803 1879 961 1915 cursu
1003 1866 1367 1932 perseveravit.
1402 1864 1409 1932 |
1442 1861 1824 1916 Monasterium
1866 1875 2031 1929 porro
2080 1860 2253 1925 istud,
2308 1870 2368 1915 ut
2399 1841 2441 1896 Β
2469 1869 2766 1925 versatum,
2815 1862 2967 1926 alias,
3007 1862 3297 1931 quemdam
3348 1877 3407 1915 se
3458 1860 3661 1915 vidisse
3695 1858 4026 1921 Caesareae;

806 1952 966 2006 initio
994 1955 1321 2008 narrationis
1342 1955 1485 2008 clare
1506 1954 1726 2015 dicitur,
1752 1952 1847 2020 fuit
1872 1968 2035 2003 unum
2063 1967 2126 2004 ea:
2149 1952 2212 2004 iis
2235 1967 2368 2020 quae

805 2061 900 2113 per
936 2044 1300 2099 Palaestinam
1332 2053 1453 2098 sunt
1488 2045 1833 2097 monasteriis.
1870 2043 2035 2111 Atqui
2069 2042 2204 2096 haec
2226 2043 2371 2097 Allo-

805 2135 933 2204 quia
961 2136 1076 2189 eius
1114 2144 1259 2197 sunt,
1291 2136 1383 2204 qui
1431 2136 1483 2187 in
1527 2135 1828 2188 Palaestina
1862 2134 2059 2188 vixerit
2085 2143 2141 2189 et
2176 2149 2369 2188 conse-

805 2221 1008 2284 nuerit,
1044 2237 1144 2275 nec
1171 2224 1328 2275 aliam
1356 2222 1646 2276 admodum
1674 2224 1821 2277 orbis
1850 2233 2080 2291 partem,
2109 2232 2369 2293 quantum

802 2323 872 2363 ex
899 2313 1017 2365 eius
1052 2313 1231 2366 verbis
1258 2312 1596 2382 intelligitur,
1630 2312 1935 2367 incoluerit.
1961 2314 2097 2367 Nam
2121 2313 2372 2383 Alloquio

812 2403 875 2456 Vl
907 2404 1040 2458 haec
1076 2406 1317 2473 loquitur
1342 2422 1354 2457 :
1379 2404 1488 2458 Iter
1518 2405 1796 2474 agebamus
1840 2422 1931 2475 ego
1961 2414 2011 2458 et
2047 2406 2213 2475 frater
2240 2424 2373 2461 unus

809 2496 893 2547 via
923 2494 1277 2565 Neapolitana
1323 2513 1439 2549 cum
1479 2497 1784 2566 quibusdam
1821 2497 2196 2562 saecularibus,
2229 2500 2373 2552 veni-

808 2599 1023 2653 musque
1059 2585 1128 2637 ad
1166 2584 1332 2638 locum
1373 2586 1456 2638 ubi
1502 2594 1617 2639 erat
1657 2586 1904 2640 telonium
1946 2596 2051 2642 cet.
2088 2588 2214 2642 Fuit
2244 2588 2374 2642 olim

807 2673 1064 2742 Neapolis
1089 2675 1443 2729 celeberrima
1474 2676 1808 2731 Palaestinae
1836 2677 2047 2741 civitas,
2074 2686 2211 2733 teste
2235 2678 2376 2732 inter

808 2764 1127 2819 innumeros
1150 2766 1284 2820 alios
1335 2766 1530 2831 Plinio,
1587 2768 1744 2821 cuius
1781 2768 1917 2823 haec
1954 2768 2049 2823 lib.
2074 2769 2117 2823 V
2151 2785 2268 2839 cap.
2311 2771 2377 2824 l5

809 2857 977 2911 verba
1006 2867 1136 2913 sunt
1177 2875 1189 2910 :
1240 2856 1521 2913 Samariae
1558 2860 1748 2929 oppida
1787 2860 2063 2931 Neapolis,
2098 2863 2234 2932 quod
2264 2863 2379 2916 Ma-

812 2958 984 3002 morta
1032 2948 1301 3003 dicebatur
1342 2958 1446 3004 cet.
1480 2951 1680 3005 lterum
1706 2953 1956 3021 Alloquio
1992 2952 2041 3007 X
2069 2953 2203 3009 dicit
2230 2954 2379 3009 Zosi-

810 3054 926 3091 mas
957 3056 969 3091 ε
1005 3038 1136 3093 Cum
1173 3056 1333 3093 essem
1370 3042 1424 3093 in
1466 3044 1783 3096 monasterio
1815 3044 1949 3113 quod
1983 3051 2059 3097 est
2103 3045 2245 3114 apud
2277 3045 2378 3116 Ty-

810 3142 947 3181 rum.
979 3128 1075 3182 Est
1103 3128 1323 3198 quidem
1354 3129 1529 3200 Tyrus
1555 3131 1879 3187 Pboeniciae
1903 3132 2057 3197 urbs,
2089 3134 2184 3188 sed
2217 3150 2375 3203 quae,

818 3221 895 3275 uti
942 3226 1001 3272 et
1036 3216 1241 3282 Sidon,
1289 3229 1512 3289 propter
1546 3220 2005 3290 propinquitatem
2046 3223 2381 3279 Palaestinae

812 3309 1200 3364 contribuitur.
1237 3311 1493 3364 Hodierni
1526 3313 1817 3381 geographi
1857 3314 2212 3369 Palaestinam
2247 3314 2381 3369 duo-

810 3399 990 3453 decim
1014 3400 1435 3455 lsraeliticarum
1462 3401 1703 3455 tribuum
1731 3403 2063 3458 habitatione
2092 3402 2377 3467 deﬁniunt,

817 3504 921 3543 nec
946 3504 1069 3543 cum
1099 3490 1308 3544 Veteris
1338 3507 1438 3545 nec
1466 3506 1588 3544 cum
1625 3491 1758 3544 Novi
1785 3491 2113 3546 Testamenti
2144 3492 2383 3546 historiis

814 3579 1241 3632 consentientes.
1290 3578 1423 3632 Nam
1467 3595 1561 3632 rex
1605 3579 1892 3633 duodecim
1945 3580 2185 3634 tribuum
2231 3579 2378 3643 Saul,

819 3676 879 3720 ut
905 3683 972 3721 ex
1000 3668 1020 3721 l
1055 3668 1258 3738 Regum
1287 3678 1453 3739 patet,
1486 3678 1540 3723 et
1584 3670 1677 3738 qui
1718 3669 1769 3722 ei
1798 3672 2059 3724 successit
2092 3671 2279 3735 David,
2323 3682 2382 3726 ut

817 3774 889 3814 ex
931 3758 997 3821 ll,
1041 3759 1280 3828 itemque
1325 3774 1392 3813 ex
1432 3760 1450 3813 l
1484 3760 1715 3829 Paralip.
1746 3760 2090 3815 manifestum
2118 3770 2218 3825 est,
2258 3764 2380 3816 uni-

820 3864 1031 3902 versam
1075 3849 1168 3903 Xll
1218 3849 1457 3903 tribuum
1506 3849 1767 3904 ditionem
1826 3851 2155 3915 obtinentes,
2215 3852 2383 3906 multa

820 3940 961 3995 bella
985 3957 1108 3995 cum
1125 3942 1449 4005 Philistaeis,
1473 3942 1574 3996 hoc
1598 3950 1683 3996 est
1698 3942 2035 4007 Palaestinis,
2052 3944 2380 4008 habuerunt,

822 4031 914 4099 qui
944 4032 1129 4101 utique
1159 4031 1317 4085 aliam
1341 4032 1407 4085 ab
1437 4030 1733 4085 lsraelitide
1760 4038 1904 4085 terra
1932 4032 2207 4101 regionem
2233 4033 2385 4087 habi-

826 4122 1028 4176 tabant.
1080 4121 1331 4176 Christus
1363 4138 1493 4176 vero
1546 4122 1679 4191 ipse,
1716 4122 1808 4189 qui
1842 4137 1900 4175 se
1934 4121 2113 4175 aiebat
2159 4139 2263 4174 non
2302 4140 2386 4176 ve-

823 4214 958 4266 nisse
978 4216 1075 4267 nisi
1106 4214 1173 4266 ad
1194 4230 1309 4267 oves
1338 4230 1472 4283 quae
1497 4214 1759 4282 perierant
1780 4213 1960 4265 domus
1988 4213 2177 4277 Israel,
2196 4214 2380 4269 Matth.

822 4303 937 4366 XV,
967 4303 1055 4365 24,
1083 4313 1284 4366 tamen,
1322 4314 1380 4357 ut
1410 4303 1612 4357 ibidem
1641 4304 1704 4366 V,
1731 4303 1793 4355 21
1846 4302 2069 4367 dicitur,
2090 4305 2294 4356 secessit
2330 4306 2384 4356 in

824 4404 1001 4457 partes
1024 4394 1143 4465 Tyri
1172 4403 1220 4447 et
1243 4393 1469 4459 Sidonis,
1498 4394 1642 4463 quod
1665 4402 1721 4449 et
1750 4394 1961 4449 Marcus
1989 4410 2107 4464 cap.
2144 4394 2234 4448 Vll
2258 4410 2386 4448 con-

2468 1952 2584 2007 loca
2614 1952 2747 2007 haec
2765 1953 2945 2006 omnia
2968 1952 3287 2007 Palestinae.
3324 1951 3565 2020 Denique
3594 1950 3750 2004 initio
3790 1948 4029 2017 Alloquii

2469 2042 2586 2096 Xlll
2644 2042 2851 2096 lauram
2892 2043 3104 2096 abbatis
3153 2042 3418 2098 Gerasimi
3467 2051 3730 2095 memorat
3774 2048 4029 2108 tanquam

2468 2130 2705 2184 vicinam
2733 2132 2853 2185 loco
2877 2130 2933 2185 in
2961 2147 3070 2201 quo
3094 2141 3223 2185 tunc
3240 2131 3483 2185 Zosimas
3526 2130 3787 2199 degebat;
3827 2144 4029 2182 coeno-

2470 2222 2562 2276 bio
2580 2238 2772 2291 nempe
2795 2239 2961 2293 prope
2982 2223 3295 2287 Jordanem,
3336 2238 3445 2292 quo
3481 2238 3547 2277 ex
3580 2222 3744 2291 Tyrio
3770 2221 4010 2290 migrave

2473 2323 2583 2369 rat:
2600 2313 2768 2369 fuisse
2781 2323 2961 2368 autem
2981 2315 3188 2368 lauram
3204 2330 3419 2384 quoque
3438 2315 3552 2369 sive
3568 2322 3815 2366 monaste
3846 2312 3855 2379 |
3891 2311 4032 2363 rium

2472 2406 2736 2463 Gerasimi
2793 2408 3159 2477 propinquum
3201 2407 3464 2471 Jordani,
3515 2406 3663 2459 clare
3712 2404 3874 2457 docet
3925 2402 4033 2455 Mo-

2474 2499 2636 2552 schus
2655 2514 2772 2568 cap.
2799 2497 2931 2553 CVll
2962 2498 3107 2553 Prati
3134 2498 3213 2553 sic
3238 2498 3483 2553 scribens
3508 2514 3522 2551 :
3556 2513 3657 2549 una
3701 2496 3807 2565 fere
3834 2494 4032 2547 millia-

2475 2595 2554 2645 rio
2589 2593 2749 2645 distat
2795 2609 2828 2644 a
2868 2590 3102 2645 Iordane
3124 2592 3511 2643 monasterium.
3532 2589 3669 2659 quod
3716 2587 3915 2639 abbatis
3940 2586 4035 2640 Ceo

2476 2685 2658 2736 rasimi
2682 2683 2892 2735 dicitur.
2928 2682 3006 2736 Ex
3034 2681 3121 2735 his
3163 2680 3471 2746 conﬁcitur,
3491 2690 3599 2735 tam
3636 2679 3910 2733 Zosimam
3942 2678 4033 2731 Al-

2476 2775 2784 2844 loquiorum
2842 2781 3158 2836 auctorem,
3220 2787 3383 2841 quam
3440 2779 3776 2845 repertorem
3837 2770 4037 2824 Mariae

2475 2867 2831 2937 Aegyptiacae
2852 2868 2909 2921 in
2942 2868 3244 2922 Palaestina
3276 2866 3497 2921 vixisse.

2547 2960 2660 3014 Xll.
2698 2959 2962 3015 Secundus
2981 2969 3066 3015 est
3096 2961 3380 3013 character
3408 2954 3714 3012 identitatis
3749 2954 4038 3023 utriusque

2478 3053 2746 3117 Zosimae,
2778 3052 2971 3122 genius
2994 3051 3276 3105 amborum
3309 3066 3451 3105 unus
3479 3064 3541 3103 ac
3585 3063 3785 3102 mores.
3818 3047 4040 3101 Relator

2405 3173 2448 3231 ο
2479 3144 2737 3199 Actorum
2761 3144 2977 3207 Mariae,
3000 3142 3145 3212 quod
3178 3157 3211 3197 e
3233 3142 3438 3211 scripto
3479 3139 3755 3231 anonymig
3784 3135 4040 3231 monachi

2480 3244 2648 3304 patet,
2683 3234 2879 3290 doctus
2927 3233 3149 3303 quidem
3183 3240 3243 3287 et
3276 3233 3516 3286 disertus
3553 3230 3639 3282 vir
3681 3228 3805 3291 fuit,
3841 3227 4041 3282 docere

2482 3334 2658 3379 tamen
2689 3326 2809 3378 viva
2849 3333 3167 3394 praesentes
3194 3338 3330 3377 voce
3366 3330 3658 3377 contentus
3684 3336 3714 3375 a
3748 3320 4042 3375 scribendo

2480 3414 2763 3469 abstinuit.
2825 3414 3126 3471 Audiamus
3174 3414 3279 3467 hoc
3336 3421 3625 3467 testantem
3678 3426 4041 3481 anonymum;

2480 3507 2559 3560 sic
2597 3522 2745 3559 num.
2780 3506 2816 3558 2
2853 3506 3045 3559 scribit
3084 3522 3097 3559 :
3144 3505 3251 3560 Iste
3296 3504 3531 3558 Zosimas
3570 3504 3883 3556 orthodoxus
3923 3502 4040 3570 fuit,

2481 3598 2569 3666 qui
2590 3597 2644 3648 in
2675 3612 2779 3649 uno
2802 3596 3243 3649 monasteriorum
3268 3593 3289 3665 [
3314 3610 3509 3663 nempe
3555 3593 3739 3664 Tyrio,
3770 3608 3838 3646 ex
3878 3608 4042 3660 supra

2481 3685 2672 3757 dictis]
2711 3689 2773 3740 ab
2810 3687 2958 3739 initio
3010 3696 3357 3749 conversatus,
3400 3701 3490 3755 per
3518 3702 3668 3739 omne
3710 3684 4042 3737 exercitatio-

2481 3780 2561 3832 nis
2588 3778 2800 3849 [graece
2824 3778 3039 3851 ascesis]
3070 3793 3229 3849 genus
3258 3778 3505 3846 probatus
3533 3787 3628 3839 est,
3659 3785 3708 3828 et
3738 3776 3807 3828 ad
3836 3792 4042 3828 omnem

2482 3871 2729 3923 virtutem
2754 3877 3095 3939 congruenter
3122 3872 3415 3935 institutus,
3455 3877 3624 3921 totum
3653 3868 3863 3938 quidem
3895 3868 4041 3920 ordi-

2482 3977 2599 4015 nem
2622 3961 2679 4013 in
2705 3961 2954 4013 eiusmodi
2980 3960 3252 4029 palaestra
3288 3960 3503 4013 solitum
3527 3959 3729 4013 servari
3746 3960 4041 4022 custodiuit,

2483 4051 2650 4106 multa
2686 4068 2803 4105 vero
2833 4059 2879 4103 et
2915 4061 3098 4121 sponte
3128 4052 3335 4115 adiecit,
3361 4051 3536 4105 volens
3579 4067 3791 4104 carnem
3836 4052 4044 4120 spiritui

2481 4142 2768 4207 subiicere;
2796 4142 2929 4212 quod
2975 4144 3051 4195 ita
3083 4142 3128 4194 ei
3174 4144 3435 4206 successit,
3470 4151 3529 4196 ut
3568 4152 3780 4212 prapter
3823 4141 4047 4194 multant

2484 4251 2659 4287 rerum
2690 4234 3046 4305 spiritualium
3091 4236 3464 4303 experientiam
3501 4235 3712 4305 saepius
3743 4250 3805 4287 es:
3841 4234 4043 4295 vicinis,

2484 4336 2577 4380 aut
2598 4329 2755 4379 etiam
2794 4327 3152 4380 remotioribus
3198 4327 3525 4380 monasteriis
3551 4327 3621 4379 ad
3665 4342 3781 4379 eum
3814 4328 4046 4394 conﬂue-

2484 4430 2600 4473 rent
2653 4419 2845 4489 plures,
2876 4419 3036 4490 ipsius
3084 4420 3322 4472 doctrina
3377 4418 3446 4472 ad
3482 4418 3847 4487 perfectionem
3882 4416 4049 4485 infor-

826 4486 1022 4550 ﬁrmat,
1054 4495 1110 4539 et
1136 4486 1208 4540 ibi
1243 4486 1452 4540 curavit
1485 4485 1649 4539 ﬁliam
1676 4484 2050 4547 Chananaeae,
2083 4495 2245 4555 prout
2284 4485 2385 4539 ibi-
2412 4506 2459 4565 ι)
2483 4484 2681 4563 mandi.
2704 4510 2782 4564 na
2808 4484 2917 4564 me"
2958 4510 3040 4564 An
3073 4526 3181 4565 non
3221 4494 3357 4565 ιηέο
3384 4519 3442 4563 ει
3480 4484 3823 4565 gcc'asionem
3868 4484 4047 4563 θιὼ,

821 4583 942 4632 (lem
991 4577 1364 4647 Evangelistae
1416 4586 1671 4640 narrant;
1732 4576 1884 4644 quasi
1934 4586 1993 4630 ut
2036 4576 2380 4642 ostenderet,

827 4666 1149 4721 Phoenicem
1170 4668 1277 4737 jam
1304 4675 1415 4720 tum
1442 4666 1507 4719 ad
1535 4665 1890 4720 Palaestinam
1909 4705 1921 4728 ,
1950 4672 2113 4733 prout
2142 4664 2275 4719 haec
2310 4665 2385 4719 ls-

826 4760 1123 4815 raeliticam
1159 4760 1433 4830 regionem
1463 4758 1702 4823 denotat,
1748 4760 2093 4827 pertinuisse.
2121 4759 2281 4813 Certe
2328 4758 2383 4813 in

826 4854 1070 4906 historiis
1105 4867 1380 4905 sacrarum
1420 4850 1821 4920 expeditionum
1858 4851 2078 4922 Tyrum,
2106 4852 2381 4915 Sidonem,

823 4955 881 4998 ct
914 4943 1257 4998 Phoeniciam
1286 4942 1592 4995 universam
1632 4941 1961 4995 Palaestinae
1999 4948 2206 5010 partem
2238 4940 2386 4995 vide-

828 5055 950 5094 mus
995 5038 1253 5092 habitam.
1298 5035 1647 5104 Antiquiores
1681 5049 1811 5087 vero
1847 5035 2004 5103 longe
2049 5036 2209 5089 latius
2250 5035 2386 5089 ﬁnes

828 5133 1162 5189 Palaestinae
1178 5136 1555 5200 porrexerunt,
1578 5137 1634 5181 ut
1649 5127 1891 5190 Ovidius,
1911 5128 2002 5195 qui
2022 5127 2191 5197 ripam
2209 5128 2383 5198 Tigris

832 5224 1008 5278 amnis
1028 5224 1324 5293 marginem
1345 5224 1676 5277 Palaestinae
1700 5234 1852 5277 vocat
1872 5224 1965 5276 illo
1979 5238 2130 5277 versu
2158 5223 2298 5276 Fest.
2318 5222 2381 5276 ll.

1022 5325 1186 5393 Inque
1215 5326 1549 5381 Palaestinae
1578 5329 1813 5396 margine
1838 5327 1968 5380 sedit
2004 5342 2193 5395 aquae,

832 5429 1194 5499 adstipulante
1237 5431 1446 5495 Plinio,
1499 5432 1589 5501 qui
1644 5432 1739 5486 lib.
1788 5431 1848 5485 Vl
1885 5447 2003 5500 cap.
2037 5431 2107 5484 28
2154 5430 2384 5485 Sittace-

832 5536 957 5573 nem
995 5522 1267 5592 regionem
1297 5522 1441 5593 Tigri
1481 5524 1792 5577 continuam
1820 5522 2154 5577 Palaestinae
2192 5537 2385 5576 accen-

835 5622 949 5675 set;
975 5619 1035 5665 ut
1054 5612 1298 5665 omittam
1327 5613 1469 5681 quod
1502 5622 1732 5666 testatur
1772 5614 2113 5676 Plutarchus,
2148 5612 2387 5682 Strymo-

839 5717 959 5754 nem
984 5702 1326 5757 Macedoniae
1352 5702 1573 5756 l'luvium
1602 5703 1965 5757 Palaestinum
1990 5702 2118 5755 olim
2139 5701 2343 5755 dictum
2369 5718 2382 5755 :

839 5793 975 5846 cur?
1007 5792 1111 5848 nisi
1135 5793 1279 5863 quod
1318 5794 1617 5849 Palaestina
1645 5809 1712 5849 eo
1740 5809 1907 5862 usque
1946 5792 2191 5862 protendi
2235 5792 2386 5847 vidc-

2484 4611 2798 4672 gumentum
2820 4602 3016 4657 borum
3043 4601 3417 4671 Alloquiorum
3446 4602 3733 4657 manifeste
3768 4601 4050 4655 indicant?

2484 4692 2679 4748 Subdit
2718 4708 2843 4747 mox
2891 4692 3076 4747 idem:
3122 4692 3252 4748 Cum
3287 4703 3461 4747 autem
3493 4702 3699 4747 tantam
3744 4695 4050 4748 animarum

2485 4788 2885 4840 tractandamm
2941 4788 3189 4856 peritiam
3236 4795 3501 4841 assecutus
3545 4795 3677 4840 esset
3706 4804 4048 4852 senex,nun-

2484 4896 2644 4946 quam
2674 4878 2940 4932 remissius
2967 4880 3070 4947 egit
3097 4880 3153 4931 in
3188 4880 3526 4932 meditatione
3553 4878 3880 4948 eloquiorum
3911 4878 4049 4931 divi-

2484 4987 2691 5033 norum,
2715 4970 2805 5023 sed
2842 4970 3113 5023 insistebat
3141 4971 3345 5035 iisdem,
3385 4987 3475 5024 seu
3500 4971 3823 5024 decumberet
3854 4979 4048 5035 strato,

2482 5079 2572 5115 seu
2610 5071 2923 5132 assurgeret,
2944 5062 3025 5115 vel
3048 5063 3318 5132 quidpiam
3344 5064 3582 5116 manibus
3605 5072 3914 5133 operaretur
3934 5070 4044 5117 cet.

2483 5153 2757 5224 Nusquam
2793 5155 2881 5207 hic
2909 5156 3220 5224 scriptionis
3250 5155 3493 5221 mentio;
3526 5172 3630 5224 qua
3649 5165 3800 5209 certo
3833 5164 3889 5209 et
3912 5156 4051 5209 irre-

2484 5246 2714 5300 vocabili
2750 5246 2956 5315 judicio
2994 5246 3322 5301 abstinuisse
3364 5246 3633 5301 Zosimain
3684 5247 3822 5301 nihil
3877 5262 4051 5318 magis

2485 5333 2744 5401 declarat,
2780 5351 2942 5406 quam
2988 5338 3133 5407 quod
3167 5338 3300 5392 Acta
3338 5345 3448 5392 tam
3498 5338 3635 5391 mira
3685 5338 3885 5392 Mariae
3913 5354 4049 5408 poe-

2485 5424 2731 5489 nitentis,
2770 5439 3001 5494 quorum
3048 5441 3190 5480 unus
3225 5435 3369 5479 esset
3414 5425 3531 5495 ipse
3579 5426 3863 5491 conscius,
3912 5428 4053 5480 scri-

2486 5518 2595 5587 ptis
2616 5518 2759 5571 haud
2785 5518 3140 5582 commiserit,
3170 5533 3395 5572 narrare
3426 5518 3596 5573 verbo
3635 5518 3769 5573 satis
3819 5518 4049 5572 habens.

2488 5608 2578 5662 Sic
2608 5608 2755 5662 enim
2793 5608 3025 5661 habetur
3064 5624 3215 5660 num.
3260 5607 3328 5660 40
3368 5607 3612 5662 eiusdem
3658 5609 3991 5663 narrationis
4036 5626 4049 5660 :

2486 5700 2722 5756 Zosimas
2750 5718 2981 5756 reversus
3026 5704 3081 5755 in
3114 5705 3411 5758 coenobium
3436 5703 3504 5773 [a
3540 5713 3729 5759 curato
3752 5704 3808 5759 S.
3851 5703 4054 5757 Mariae

2489 5794 2843 5865 Aegyptiacae
2871 5794 3101 5866 funere]
3136 5797 3373 5851 narravit
3399 5798 3576 5852 omnia
3602 5798 3889 5861 monachis,
3921 5794 4055 5850 nihil
