4274 6358
248 367 355 425 διδ

1226 376 1317 430 AD
1352 374 1711 434 OPUSCULA
1749 376 1805 433 S.
1846 376 2124 433 MACARII
2164 379 2500 438 AEGYPTII.

3363 392 3474 453 316

247 506 428 543 eorum
449 506 587 559 quae
611 491 936 548 audieratac
956 494 1155 550 siderat
1174 498 1411 552 reticens.
1441 500 1609 555 Paulo
1646 510 1768 570 post
1798 518 1810 553 :
1841 508 1889 564 Α
1916 500 2057 555 malo
2087 510 2171 556 est
2208 501 2507 558 abscedere
2540 506 2875 575 compulsus.
2907 508 3061 564 Unde
3100 511 3164 564 ob
3199 526 3319 567 eam
3341 531 3471 569 rau-

245 580 723 636 Perseceracerunt
766 593 947 639 autem
993 590 1235 643 monachi
1277 590 1405 644 haec
1434 593 1549 661 ipsa
1580 609 1673 662 per
1698 602 1812 645 tra-

244 672 499 725 ditionem
555 674 899 731 discentes....
955 679 1047 732 sed
1096 696 1201 734 non
1266 682 1441 737 audiui
1499 700 1812 753 quemquam

244 766 443 834 scripto
473 766 726 836 signasse.
768 767 920 823 Adeo
966 785 998 823 a
1024 771 1315 826 scribendo
1345 773 1508 828 alieni
1546 781 1702 827 erant
1732 773 1811 829 illi

244 862 464 910 veteres
518 864 732 912 ascetae
771 860 967 925 sancti,
1015 860 1118 915 sibi
1161 861 1417 919 videlicet
1459 878 1528 918 ex
1562 864 1812 920 instituto

244 946 375 1001 unis
405 955 683 1013 vacantes,
716 951 969 1019 exemplo
1008 951 1230 1008 Antonii
1267 954 1465 1025 Magni,
1500 955 1593 1026 qui
1627 957 1812 1027 cogni-

243 1046 357 1092 tam
388 1051 420 1091 a
452 1052 512 1092 se
539 1038 657 1093 solo
688 1038 996 1095 mirabilem
1027 1042 1193 1097 vitam
1230 1043 1383 1098 Pauli
1406 1046 1570 1115 primi
1606 1047 1808 1101 eremi—

242 1137 353 1193 tae,
385 1128 576 1183 multis
624 1129 756 1184 licet
798 1131 959 1188 annis
994 1133 1047 1188 ei
1098 1142 1397 1204 superstes,
1435 1152 1538 1192 nec
1569 1139 1807 1208 scripsit,

240 1234 345 1274 nec
372 1220 624 1287 dictavit,
664 1237 799 1277 voce
845 1231 1056 1279 tantum
1097 1241 1323 1281 narrare
1368 1236 1676 1294 contentus,
1715 1246 1810 1300 po-

238 1312 493 1367 steritate
526 1312 581 1367 id
620 1313 955 1385 ignoratum,
984 1317 1091 1372 nisi
1124 1316 1483 1390 Hieronymus
1504 1320 1656 1375 Pauli
1689 1336 1806 1375 me-

239 1404 472 1457 moriam
500 1419 532 1459 e
560 1404 845 1475 discipulis
862 1406 1086 1463 Antonii
1108 1418 1441 1479 compertam
1466 1411 1643 1467 literis
1674 1428 1803 1467 con-

238 1494 530 1564 signasset.
563 1496 645 1551 Ad
677 1512 839 1567 quem
875 1499 1099 1554 modum
1117 1499 1376 1567 Zosimae,
1405 1518 1545 1572 quae
1569 1504 1805 1559 admira-

239 1586 374 1641 bilia
408 1588 478 1642 de
511 1588 677 1643 Maria
705 1591 1022 1659 poenitente
1050 1592 1302 1649 sensibus
1325 1609 1585 1664 praesens
1612 1597 1807 1653 hause-

240 1688 345 1740 rat,
370 1680 497 1743 etsi,
529 1694 653 1734 cum
699 1682 1071 1737 centenariam
1108 1684 1348 1754 attigerit
1376 1693 1628 1753 aetatem,
1657 1698 1718 1742 ut
1746 1689 1801 1743 in

239 1771 382 1825 Vitis
424 1772 647 1826 Patrum
686 1772 784 1827 lib.
822 1774 988 1845 lpag.
1014 1776 1120 1833 299
1157 1777 1361 1832 diserte
1399 1778 1650 1845 traditur,
1705 1782 1804 1835 tri-

237 1864 389 1933 ginta
430 1864 560 1919 totis
584 1865 872 1920 minimum
902 1868 1062 1923 annis
1092 1868 1291 1924 Mariae
1326 1870 1682 1943 Aegyptiacae
1707 1890 1803 1929 su-

237 1956 575 2025 pervixerit,
621 1964 805 2011 tamen
852 1974 956 2013 nec
1005 1959 1145 2030 ipse,
1191 1977 1295 2017 nec
1332 1962 1455 2017 eius
1494 1978 1659 2018 suasu
1710 1974 1806 2019 aut

234 2056 434 2118 sponte
473 2064 571 2103 sua
619 2048 909 2119 quisquam
951 2052 1263 2108 auditorum
1296 2054 1445 2109 illius
1488 2070 1552 2110 ea
1595 2057 1806 2111 curavit

236 2137 295 2192 in
325 2138 575 2192 chartam
610 2137 849 2203 mittere,
879 2138 1055 2194 donec
1100 2156 1225 2195 sero
1251 2142 1462 2196 exstitit
1506 2159 1807 2216 anonymus

234 2230 559 2295 monachus,
593 2230 685 2300 qui
723 2231 837 2284 Deo
860 2239 1113 2285 movente
1138 2232 1298 2286 talem
1326 2247 1545 2303 operam
1572 2236 1806 2303 posteris

234 2330 539 2394 praestaret
577 2341 589 2376 :
630 2339 795 2393 quem
842 2324 1099 2393 equidem
1139 2324 1339 2395 ipsum,
1371 2337 1469 2382 aut
1508 2327 1695 2383 divino
1732 2329 1805 2384 si-

235 2415 351 2468 mili
394 2423 602 2469 motum
640 2416 878 2487 impulsu
928 2418 1097 2473 alium
1127 2434 1159 2474 e
1192 2420 1493 2476 coenobitis
1536 2422 1619 2477 vel
1654 2422 1803 2495 Tyrii

237 2506 466 2575 prioris,
498 2506 594 2562 ubi
624 2506 869 2563 Zosimas
894 2508 990 2563 diu
1018 2509 1177 2575 vixit,
1204 2510 1290 2565 vel
1324 2512 1551 2567 alterius
1580 2512 1801 2567 Jordani

233 2596 553 2667 propinqui,
610 2612 720 2666 quo
779 2596 888 2652 iam
934 2614 1101 2653 senex
1161 2600 1433 2670 migravit,
1487 2602 1803 2655 monasterii

232 2687 549 2755 quempiam
576 2685 907 2741 crediderim
940 2687 1075 2742 haec
1101 2688 1280 2753 nobis,
1325 2704 1465 2758 quae
1502 2699 1598 2745 aut
1625 2692 1739 2761 ipse
1772 2708 1803 2748 a

231 2777 452 2831 Zosima
481 2776 752 2841 audierat,
788 2786 882 2830 aut
910 2777 1326 2833 ereferentibus
1349 2789 1627 2850 cognorat,
1659 2780 1806 2835 Allo-

232 2868 364 2938 quia
388 2882 657 2932 servasse,
688 2867 758 2921 iis
786 2869 993 2938 scripto
1025 2871 1474 2940 complectendis.

334 2962 343 3029 |
378 2961 610 3014 Tertium
634 2969 811 3015 exstat
832 2960 1096 3017 indicium
1129 2977 1160 3015 a
1198 2971 1442 3033 tempore
1462 2966 1710 3029 ductum,
1742 2965 1799 3019 ni

231 3052 416 3116 fallor,
442 3053 743 3107 vehemens
773 3052 841 3107 ad
872 3052 1235 3119 suadendum,
1275 3054 1336 3110 B.
1375 3056 1666 3122 Zosimam,
1702 3074 1801 3112 cu-

1914 606 2029 643 sam
2047 592 2256 646 tandem
2270 594 2420 646 cessit
2440 597 2756 666 episcopatu,
2772 607 2831 650 ut
2845 600 3124 669 pristinum
3149 600 3244 655 sibi
3263 602 3475 673 linguae

1912 680 2143 750 ofﬁcium
2170 684 2471 739 redderetur
2498 702 2517 741 :
2544 686 2711 741 verba
2730 697 2857 743 sunt
2886 689 3207 756 Marcellini,
3230 693 3325 761 qui
3348 709 3472 747 mox

1911 772 2063 828 addit
2099 792 2112 827 :
2141 791 2244 828 non
2271 791 2353 830 res
2391 778 2635 847 antiquas
2664 780 3049 849 referimus.....
3081 798 3207 835 nam
3234 793 3284 836 et
3326 784 3477 837 hodie

1909 863 2149 921 Zosimas
2176 868 2233 921 in
2260 883 2476 937 corpore
2513 880 2612 934 est,
2643 886 2797 924 usum
2835 871 3045 943 linguae
3082 888 3185 927 non
3206 877 3475 941 amittens,

1908 964 2185 1028 postquam
2224 958 2414 1014 maluit
2456 977 2575 1015 cum
2609 962 2889 1018 amissione
2922 966 3245 1034 episcopatu
3282 967 3472 1020 eicere.

1908 1047 2092 1103 Videri
2126 1058 2308 1118 potest
2353 1050 2443 1106 hic
2476 1052 2721 1110 Zosimas
2765 1062 2875 1107 tam
2926 1054 3170 1109 evidenti
3209 1056 3477 1112 miraculo

1908 1137 2224 1207 resipuisse,
2254 1154 2394 1208 quae
2433 1154 2597 1196 causa
2630 1139 2861 1196 fortasse
2898 1141 3065 1196 fuerit
3100 1158 3369 1215 anonymo
3405 1144 3477 1200 de

1905 1228 2027 1283 eius
2053 1242 2243 1284 errore
2281 1239 2339 1283 ut
2361 1232 2656 1299 praeterito
2689 1232 2967 1301 loquendi.
2997 1233 3270 1305 Quidquid
3314 1237 3372 1290 in
3413 1252 3475 1293 re

1906 1318 1997 1383 sit,
2030 1334 2100 1373 ex
2124 1319 2211 1376 his
2236 1321 2521 1387 habemus,
2561 1330 2619 1378 et
2650 1322 2707 1381 S.
2731 1323 3001 1379 Zosimam
3026 1318 3083 1379 et
3122 1326 3290 1383 alium
3326 1327 3475 1381 eius-

1906 1406 2033 1462 dem
2058 1409 2294 1464 nominis
2320 1425 2429 1465 non
2454 1420 2703 1465 sanctum
2730 1411 2921 1467 eodem
2951 1421 3215 1484 tempore,
3236 1415 3341 1469 hoc
3365 1426 3471 1481 est,

1905 1499 2009 1553 sub
2034 1498 2196 1554 finem
2223 1502 2403 1570 quarti
2448 1502 2650 1557 saeculi
2680 1502 2901 1559 vixisse.
2935 1504 3049 1558 Hoc
3085 1506 3308 1574 quidem
3348 1506 3471 1560 hie-

1906 1589 2239 1644 romonacho
2274 1590 2334 1643 B.
2366 1590 2550 1647 abbati
2586 1591 2833 1647 Zosimae
2862 1595 3141 1662 competit.
3170 1596 3305 1649 Nam
3344 1612 3471 1653 cum

1905 1677 2517 1750 DanielPapebrochius
2550 1691 2737 1735 noster
2764 1682 2917 1736 Tom.
2957 1682 2977 1737 Ι
3009 1684 3186 1754 April.
3237 1702 3358 1757 pag.
3401 1688 3472 1742 68

1904 1779 2094 1838 argute
2122 1770 2463 1826 demonstret
2502 1787 2570 1826 ex
2608 1772 2927 1828 charactere
2955 1774 3214 1841 Paschae,
3258 1777 3314 1831 S.
3361 1779 3473 1834 Ma-

1906 1863 2039 1917 riam
2092 1863 2474 1935 Aegyptiacam
2515 1865 2717 1920 obiisse
2770 1867 2859 1921 die
2913 1866 2934 1921 l
2973 1868 3149 1937 April.
3180 1886 3470 1939 parasceve

1904 1952 2139 2007 Paschae
2170 1970 2313 2009 anno
2342 1956 2547 2011 Christi
2572 1957 2697 2021 452,
2759 1966 3049 2027 postquam
3090 1961 3269 2029 pridie
3308 1977 3339 2017 a
3367 1963 3472 2017 Ζο-

1905 2043 2039 2096 sima
2068 2044 2287 2099 circiter
2329 2047 2746 2116 scptuagenario
2774 2062 2987 2101 sacrum
3023 2049 3227 2105 Christi
3271 2067 3469 2124 corpo—

1905 2135 1984 2189 ris
2020 2142 2077 2189 et
2115 2136 2392 2206 sanguinis
2429 2138 2688 2191 viaticum
2731 2139 3085 2209 percepisset,
3117 2143 3468 2199 manifestum

1902 2234 2008 2288 est,
2047 2242 2173 2280 eum
2211 2228 2399 2281 multis
2435 2228 2593 2281 annis
2617 2236 2742 2281 ante
2781 2229 3277 2300 quingentesimum
3308 2250 3470 2289 aerae

1901 2317 2102 2372 Christi
2122 2334 2231 2373 non
2264 2320 2437 2373 solum
2475 2320 2702 2385 vixisse,
2736 2321 2830 2375 sed
2868 2322 3033 2375 vitam
3073 2322 3238 2377 etiam
3276 2325 3471 2378 asceti-

1902 2424 2021 2462 catn
2064 2410 2404 2465 sanctissime
2449 2412 2682 2467 coluisse
2752 2413 2806 2467 in
2853 2414 3024 2482 priori
3065 2416 3208 2485 apud
3265 2415 3469 2488 Tyrum

1902 2501 2251 2563 monasterio,
2274 2518 2339 2555 ex
2364 2518 2494 2570 quo,
2536 2513 2827 2571 antequam
2863 2506 2917 2558 in
2949 2505 3094 2559 aliud
3138 2505 3353 2560 lordani
3393 2508 3471 2561 ci-

1904 2589 2097 2643 timum
2160 2592 2439 2661 migraret,
2500 2594 2665 2646 vitam
2718 2594 3027 2664 religiosam
3078 2612 3136 2650 se
3184 2598 3240 2651 in
3290 2598 3470 2667 primo

1902 2680 2209 2736 exercuisse
2257 2697 2354 2753 per
2392 2697 2562 2737 annos
2609 2692 2721 2738 tres
2770 2693 2825 2739 et
2875 2685 3266 2756 quinquaginta
3331 2686 3469 2756 ipse,

1903 2785 1966 2828 ut
1999 2774 2153 2843 prius
2178 2774 2439 2837 vidimus,
2483 2784 2734 2831 testatur.
2784 2776 3083 2831 Conﬁrmat
3122 2778 3265 2833 hanc
3306 2779 3474 2832 chro-

1901 2864 2171 2934 nologiam
2228 2874 2374 2919 totus
2417 2866 2794 2935 Alloquiorum
2859 2867 3104 2923 Zosimae
3158 2878 3468 2925 contextus.

1899 2954 2035 3008 Nam
2085 2955 2159 3007 ibi
2222 2964 2278 3009 et
2321 2956 2605 3026 Evagrius,
2668 2973 2777 3014 non
2830 2958 2921 3013 ille
2982 2958 3307 3030 Origenista,
3373 2960 3472 3017 sed

1901 3045 2043 3099 alius
2072 3046 2348 3115 antiquior
2375 3048 2749 3103 sanctissimus
2790 3048 3010 3104 Macarii
3051 3051 3373 3121 discipulus,
3414 3061 3473 3110 et

232 3146 319 3201 ius
348 3146 485 3199 haec
520 3145 773 3215 Alloquia
805 3161 1003 3201 nomen
1028 3146 1364 3216 praeferunt,
1400 3150 1636 3204 eundem
1683 3166 1803 3206 esse
1830 3176 1871 3232 ρ
1905 3136 1920 3191 Ῑ

1785 3168 1803 3206 ε
1830 3176 1871 3232 C
1905 3136 2248 3201 Pachomius,
2280 3138 2480 3207 aliique
2513 3140 2660 3210 paris
2699 3142 3041 3210 antiquitatis
3079 3151 3336 3212 tanquam
3370 3143 3473 3199 ho-

232 3240 436 3309 ipsum,
463 3240 555 3307 qui
596 3238 652 3293 S.
681 3240 907 3295 Mariam
944 3241 1329 3311 Aegyptiacam
1368 3244 1637 3312 sepelivit.
1682 3244 1801 3300 Non

231 3332 437 3384 multos
462 3346 559 3398 per
600 3346 665 3384 ea
695 3339 939 3401 tempora
980 3331 1124 3385 fama
1155 3332 1401 3387 celebres
1448 3333 1615 3388 fuisse
1649 3334 1802 3389 Zosi—

231 3436 351 3475 mas
376 3420 583 3474 indicat
620 3436 923 3490 anonymus
957 3421 1138 3476 editor
1166 3422 1423 3477 Actorum
1454 3424 1673 3489 Mariae,
1710 3426 1803 3495 qui

231 3526 398 3566 suum
445 3526 571 3564 cum
614 3521 805 3565 nostro
835 3512 1216 3582 cognominem
1254 3523 1329 3578 et,
1386 3523 1446 3568 ut
1491 3516 1801 3581 credimus,

232 3618 408 3656 unum
464 3602 809 3672 eundemque
858 3618 890 3657 a
934 3605 1147 3660 cunctis
1198 3607 1511 3677 synonymis
1562 3622 1621 3661 se
1674 3610 1807 3663 satis

230 3696 551 3750 distinxisse
583 3694 837 3760 credidit,
870 3696 963 3751 ubi
1006 3712 1133 3751 eum
1166 3698 1237 3752 ab
1278 3716 1387 3753 uno
1436 3700 1800 3766 discrevisset,

232 3784 353 3837 solo
396 3784 655 3837 videlicet
698 3794 831 3839 tunc
864 3793 997 3839 noto
1040 3786 1148 3841 alio
1194 3787 1427 3842 Zosima.
1462 3789 1545 3842 En
1596 3790 1650 3842 id
1686 3793 1806 3847 eius

234 3877 490 3931 testantia
524 3876 691 3931 verba
720 3894 737 3930 :
762 3876 931 3931 Nemo
981 3889 1159 3930 autem
1188 3879 1532 3948 appellationi
1575 3882 1673 3933 soli
1718 3884 1803 3935 in-

231 3969 456 4022 haerens
480 3984 774 4021 sermonem
808 3969 935 4022 mitti
974 3969 1231 4022 existimet
1266 3987 1375 4023 esse
1412 3972 1473 4024 de
1494 3988 1552 4025 eo
1570 3972 1801 4037 Zosima,

232 4062 327 4131 qui
390 4062 531 4114 circa
584 4060 880 4113 doctrinam
942 4058 1123 4129 lapsus
1179 4062 1350 4117 minus
1407 4072 1543 4115 recte
1605 4066 1798 4133 sapuit.

1907 3229 2081 3282 mines
2108 3230 2342 3283 recentis
2364 3232 2659 3285 memoriae
2694 3233 3081 3299 nominantur;
3124 3233 3219 3289 sed
3246 3244 3308 3289 et
3345 3249 3471 3289 cum

1900 3320 2007 3372 alia
2049 3319 2355 3373 referantur
2391 3337 2459 3374 ex
2484 3322 2620 3376 Vitis
2640 3331 2697 3376 et
2726 3322 2876 3376 Actis
2905 3324 3148 3388 Patrum,
3179 3325 3321 3380 nihil
3351 3342 3471 3380 om-

1904 3410 2035 3463 nino
2076 3410 2325 3479 proditur
2362 3428 2472 3465 non
2534 3428 2678 3466 anno
2728 3413 2931 3468 Christi
2962 3416 3475 3488 sesquiquingente-

1905 3502 2042 3555 simo
2091 3502 2356 3555 anterius.
2416 3504 2495 3556 Ex
2549 3503 2635 3558 his
2686 3506 2897 3574 corrige
2946 3521 3087 3575 quae
3153 3508 3474 3563 Rosweidus

1905 3602 2092 3646 noster
2116 3633 2130 3657 ,
2168 3594 2339 3663 decep
2372 3593 2380 3663 Ι
2414 3603 2503 3647 tus
2550 3606 2810 3664 corrupto
2854 3596 3166 3667 apographo
3208 3598 3472 3652 Actorum

1903 3690 2259 3761 Aegyptiacae
2312 3692 2512 3746 Mariae
2560 3693 2662 3746 sub
2712 3695 2849 3747 falso
2904 3694 3127 3747 nomine
3179 3693 3470 3763 Sophronii

1903 3786 2139 3853 vulgato,
2175 3784 2455 3837 annotavit
2502 3784 2569 3837 ad
2611 3785 2760 3839 Vitas
2802 3786 3020 3838 Patrum
3071 3801 3192 3855 pag.
3235 3785 3340 3839 299
3386 3785 3473 3840 his

1902 3877 2085 3931 verbis
2124 3893 2137 3927 :
2181 3875 2390 3929 Claruit
2426 3875 2601 3929 Maria
2641 3878 2960 3946 Aegyptiam
3010 3878 3323 3946 temporibus
3370 3876 3470 3930 Ju-

1900 3968 2025 4019 stini
2075 3967 2296 4019 senioris
2346 3967 2487 4019 circa
2538 3984 2738 4019 annum
2790 3966 3001 4020 Domini
3044 3966 3165 4020 520.
3217 3967 3294 4021 Ea
3322 3967 3471 4021 enim

1903 4060 2362 4113 metachronismo
2407 4058 2655 4111 laborare
2706 4058 2904 4126 integri
2950 4057 3062 4111 fere
3103 4057 3307 4111 saeculi
3340 4072 3473 4111 ern-

232 4154 386 4209 Alius
423 4154 563 4207 enim
590 4154 692 4217 hic,
742 4161 791 4205 et
844 4152 937 4207 ille
982 4154 1141 4217 alius,
1191 4155 1515 4223 multumque
1558 4156 1807 4225 differunt
1903 4150 2013 4203 dite
2042 4150 2379 4204 demonstrat
2398 4164 2560 4217 supra
2586 4147 2836 4202 laudatus
2859 4149 3283 4219 Papebrochius,
3307 4165 3472 4218 quem

232 4245 377 4297 inter
400 4258 477 4306 se,
507 4243 743 4313 quamvis
770 4241 1230 4296 nomenclaturam
1272 4244 1424 4297 ambo
1448 4246 1667 4297 eandem
1688 4263 1804 4298 εον-
1903 4243 2030 4296 vide
2065 4243 2221 4295 Tom.
2256 4242 2276 4295 l
2308 4242 2510 4309 Aprilis
2538 4256 2567 4293 a
2613 4256 2730 4309 pag.
2773 4241 2839 4293 67
2887 4240 2953 4297 ad
3003 4241 3088 4293 70.
3127 4241 3250 4295 lure
3306 4242 3475 4311 igitur

235 4335 341 4388 titi.
384 4332 475 4387 Sic
512 4334 630 4387 ille.
672 4332 733 4385 In
780 4332 940 4387 cuius
988 4334 1170 4388 verbis
1219 4334 1265 4389 si
1314 4336 1631 4404 quaerimus
1683 4338 1807 4406 quis
1904 4340 2093 4385 nostro
2132 4330 2235 4384 hoc
2262 4329 2617 4399 Opusculum,
2651 4330 2707 4383 Β.
2740 4330 2985 4383 Zosimae
3022 4329 3274 4397 Alloquia
3318 4343 3470 4381 com-

232 4425 307 4479 sit
359 4424 451 4478 ille
501 4423 642 4478 alius
680 4422 945 4489 Zosimas,
991 4426 1081 4495 qui
1116 4426 1256 4479 circa
1288 4426 1580 4480 doctrinam
1625 4427 1803 4499 lapsus

1908 4423 2189 4491 plectens,
2226 4420 2530 4489 superiori,
2579 4420 2724 4488 quod
2752 4419 2824 4493 _S.
2870 4419 3310 4489 Amphilochium
3359 4417 3475 4472 Ico-

236 4518 414 4569 minus
448 4524 586 4569 recte
610 4515 808 4585 sapuit,
855 4514 1076 4571 docebit
1111 4516 1165 4571 id
1216 4532 1318 4571 nos
1354 4517 1699 4572 Marcellinus
1746 4519 1802 4573 in
1835 4508 1877 4563 Ι)
1906 4515 2149 4569 niensem
2192 4512 2509 4581 episcopum
2560 4512 2726 4566 habet
2770 4520 3081 4573 auctorem,
3126 4510 3242 4563 sine
3289 4508 3473 4563 medio

236 4609 337 4662 lib.
361 4609 438 4663 De
471 4607 768 4662 schismate
802 4607 1035 4663 Ursicini
1064 4618 1122 4663 et
1148 4609 1383 4671 Damasi,
1417 4625 1580 4678 quem
1603 4610 1804 4663 librum

233 4715 364 4754 cum
410 4714 479 4752 ex
530 4699 738 4753 recenti
800 4699 1063 4754 memoria
1109 4701 1409 4769 scripserit,
1456 4701 1807 4772 intelligimus

234 4792 361 4846 eius
379 4800 658 4845 auctorem
687 4791 790 4844 sub
818 4792 1067 4854 Damaso,
1096 4802 1190 4845 aut
1217 4792 1380 4861 paulo
1400 4800 1538 4861 post,
1568 4793 1671 4848 hoc
1700 4803 1804 4859 est,

234 4880 463 4934 circiter
517 4895 722 4933 annum
757 4878 967 4935 Christi
1020 4880 1121 4934 590
1174 4881 1445 4937 floruisse.
1502 4882 1583 4936 lbi
1623 4894 1807 4937 autem

235 4970 490 5024 meminit
517 4970 799 5025 cuiusdam
824 4970 1024 5025 Zosimi
1048 4972 1160 5025 sive
1177 4972 1592 5042 Zosimaequem
1620 4972 1807 5027 Ariani

234 5060 355 5113 suis
389 5060 625 5113 tinctum
674 5059 961 5115 erroribus
992 5060 1049 5113 in
1094 5061 1467 5130 episcopatum
1504 5061 1659 5117 urbis
1707 5078 1807 5132 per

235 5149 451 5205 Italiam
490 5150 669 5203 clarae
710 5149 988 5219 Neapolis,
1020 5150 1199 5205 eiecto
1248 5150 1375 5205 inde
1417 5151 1722 5206 orthodoxa
1751 5162 1807 5207 et

235 5248 430 5295 sancto
497 5240 757 5310 episcopo
807 5240 1059 5305 Maximo,
1114 5242 1474 5296 intruserunt.
1505 5243 1661 5297 Hunc
1708 5260 1805 5299 sua

236 5348 414 5403 poena
435 5332 708 5386 celebrem
731 5332 878 5386 fecit.
903 5331 1171 5403 Aggresso
1197 5334 1343 5387 enim
1359 5336 1663 5404 episcopale
1686 5334 1804 5388 olli-

236 5424 386 5477 cium
431 5423 489 5476 in
510 5422 744 5477 ecclesia
781 5421 1136 5491 Neapolitana
1155 5423 1330 5486 obire,
1362 5422 1727 5477 intumescens
1753 5423 1801 5476 ei

235 5515 424 5584 lingua
453 5522 605 5568 extra
624 5526 690 5567 os
718 5512 970 5577 excessit,
1000 5529 1103 5567 nec
1128 5515 1232 5567 nisi
1262 5514 1475 5568 Zosima
1495 5524 1645 5568 extra
1669 5523 1805 5567 tem-

236 5608 389 5677 plum
422 5619 641 5675 egresso
665 5604 871 5659 retrahi
896 5605 1092 5675 potuit.
1118 5604 1235 5670 Quo
1262 5604 1423 5670 facto,
1458 5620 1581 5659 cum
1605 5604 1802 5658 iterum

237 5714 303 5754 ac
343 5698 510 5752 tertio
560 5697 803 5753 Zosimas
858 5706 1120 5752 tentasset
1152 5699 1429 5769 ingressus
1476 5698 1667 5752 aedem
1716 5712 1803 5751 sa-

237 5806 389 5844 cram
421 5790 716 5860 episcopali
757 5789 909 5861 fungi
945 5806 1191 5854 munere,
1234 5791 1395 5847 toties
1424 5792 1541 5861 pari
1580 5802 1802 5847 coactus

1906 4604 2307 4673 coniungimus,
2340 4604 2591 4657 ordinem
2626 4614 2929 4672 temporum
2965 4602 3158 4666 secuti,
3190 4616 3299 4669 quo
3327 4600 3472 4655 vitae

1906 4700 2227 4770 digeruntur
2257 4697 2539 4751 amborum
2570 4698 2644 4750 ita
2670 4706 3032 4764 comparatae,
3066 4704 3127 4748 ut
3154 4708 3473 4748 communes

1905 4806 2078 4845 annos
2120 4790 2329 4859 aliquot
2377 4789 2705 4852 habuerint,
2764 4785 3128 4856 Amphilochii
3187 4792 3470 4839 senectute

1905 4890 2268 4936 concurrente
2294 4897 2419 4934 cum
2449 4880 2697 4933 Zosimae
2726 4878 3111 4932 adolescentia.

1973 4973 2093 5027 Non
2119 4973 2225 5027 erit
2270 4972 2368 5027 abs
2409 4987 2503 5037 re,
2557 4971 2646 5025 hic
2690 4970 2756 5024 ad
2805 4980 3108 5025 extremum
3154 4967 3467 5029 admonere,

1904 5066 2163 5121 loannem
2208 5065 2486 5120 Moschum
2512 5104 2527 5129 ,
2558 5064 2685 5119 libri
2728 5063 2961 5118 celebris
3004 5062 3116 5132 jam
3166 5061 3295 5116 olim
3354 5070 3411 5113 et
3438 5075 3469 5115 a

1906 5164 2058 5208 sexta
2116 5154 2357 5225 generali
2395 5153 2611 5224 Synodo
2644 5153 2871 5215 laudati,
2914 5152 3003 5207 cui
3050 5152 3273 5205 Pratum
3317 5151 3471 5219 spiri-

1906 5244 2048 5297 tuale
2074 5244 2267 5300 titulus
2296 5253 2399 5309 est,
2438 5255 2739 5307 auctorem,
2776 5244 2909 5297 haec
2956 5244 3072 5296 sine
3110 5240 3279 5295 dubio
3315 5239 3471 5293 Zosi-

1904 5350 2025 5389 mae
2062 5336 2312 5405 Alloquia
2352 5336 2571 5390 vidisse.
2601 5336 2733 5389 Nam
2764 5350 2884 5405 cap.
2919 5332 3075 5389 CCXI
3106 5348 3175 5387 ex
3216 5331 3285 5385 iis
3319 5329 3470 5383 deci-

1902 5443 2053 5482 mum
2100 5429 2382 5492 describit,
2416 5429 2601 5483 verbis
2637 5428 2762 5481 inde
2800 5427 2913 5482 fere
2956 5425 3181 5481 totidem
3218 5421 3471 5476 referens

1902 5516 2187 5571 historiam
2218 5517 2494 5583 monachi,
2528 5518 2621 5586 qui
2659 5515 2888 5586 expilari
2920 5515 3111 5569 cellam
3142 5526 3297 5566 suam
3326 5524 3361 5564 a
3385 5508 3468 5562 vi-

1902 5608 2027 5663 cino
2053 5608 2320 5662 monacho
2352 5624 2476 5663 cum
2505 5610 2649 5663 clare
2676 5608 2923 5671 vidisset,
2958 5604 3350 5677 patientissime
3379 5611 3465 5655 to-

1901 5698 2082 5753 lerans
2112 5738 2128 5765 ,
2186 5699 2351 5753 etiam
2408 5709 2692 5769 postquam
2745 5698 2955 5753 audivit
2996 5693 3462 5765 improbissimum

1903 5791 2055 5845 illum
2109 5790 2284 5846 furem
2335 5793 2405 5847 ob
2445 5794 2497 5847 id
2543 5793 2751 5849 facinus
2795 5793 3033 5848 delatum
3088 5790 3155 5845 ad
3220 5784 3457 5841 iudicem
