4274 6358
815 394 921 451 317

1909 388 2115 445 PETRI
2153 386 2413 445 POSSINI
2454 384 2958 442 PROLEGOMENA

3955 382 4058 437 3L8

816 506 1063 558 clausum
1094 515 1310 556 carcere
1360 500 1535 555 teneri
1557 539 1571 565 ,
1620 498 1855 569 primum
1888 509 2202 569 corrogatos
2232 498 2386 552 cibos
2417 504 2459 560 Α
2488 496 2579 552 XV
2618 496 2855 551 conficit.
2888 495 3043 563 Quod
3072 510 3182 550 non
3221 510 3480 566 ponerem
3520 494 3626 552 hoc
3648 495 3769 550 loco
3798 504 3929 550 ante
3956 496 4054 549 tria

820 596 888 650 ad
917 612 1042 652 eum
1074 596 1127 648 in
1160 594 1462 649 custodiam
1498 592 1711 655 detulit,
1741 592 1938 647 deinde
1971 608 2000 646 a
2029 592 2208 646 iudice
2246 592 2382 645 libe-

818 686 1083 741 rationem
1123 684 1244 739 eius
1287 684 1614 753 impetravit.
1653 683 1709 736 Id
1743 684 1916 736 solum
1948 683 2243 737 discrimen
2277 691 2379 745 est,

817 777 984 846 quod,
1020 792 1143 830 cum
1169 776 1409 830 Zosimas
1437 775 1602 837 dicat,
1635 791 1818 828 senem
1854 790 2171 845 corrogasse
2193 789 2295 829 ova
2328 783 2384 829 et

818 868 1059 931 cathara,
1085 882 1222 936 quae
1248 866 1313 919 ad
1345 865 1522 920 furem
1565 867 1808 920 vinctum
1842 866 2097 929 deferret,
2132 866 2385 921 Moschus

818 973 918 1028 pro
950 959 1016 1012 iis
1046 958 1200 1028 ponit
1228 997 1243 1021 ,
1276 956 1456 1025 aliqua
1495 956 1776 1021 esculenta,
1809 957 1987 1010 vitans
2015 956 2151 1010 forte
2192 972 2382 1010 neces-

819 1062 1034 1107 sntatem
1074 1051 1381 1121 exponendi
1417 1051 1548 1120 quid
1582 1060 1767 1104 essent
1796 1050 2036 1103 cathara.
2082 1049 2252 1115 Quam
2284 1065 2384 1104 vo-

817 1159 935 1199 cem
969 1158 1145 1212 neque
1185 1144 1240 1196 in
1269 1143 1392 1196 ullis
1423 1142 1695 1213 glossariis
1723 1142 2049 1195 declaratam
2085 1141 2283 1211 reperi,
2330 1152 2387 1195 et

818 1250 942 1287 cum
963 1235 1030 1288 de
1057 1251 1121 1289 ea
1146 1234 1381 1288 Graecos
1408 1234 1630 1287 inItalia
1653 1233 1947 1285 monachos
1972 1232 2383 1301 interrogarem,

819 1327 1050 1380 fatentes
1082 1328 1263 1381 audivi
1289 1327 1499 1381 nescire
1531 1341 1586 1379 se
1618 1340 1842 1394 prorsus
1879 1325 2008 1393 quid
2042 1340 2105 1377 ea
2128 1326 2383 1393 signaret,

823 1418 965 1472 unde
992 1420 1169 1488 ipsum
1206 1418 1530 1473 vocabulum
1561 1416 1745 1469 latinis
1771 1431 2089 1485 expressum
2122 1416 2296 1469 literis
2334 1416 2387 1468 in

820 1527 938 1564 mea
981 1510 1428 1579 interpretatione
1488 1523 1609 1561 sum
1655 1515 1876 1561 coactus
1913 1509 2241 1577 relinquere.
2281 1508 2391 1561 Mo—

818 1602 985 1655 schus
1024 1601 1168 1654 idem
1205 1616 1323 1669 cap.
1369 1599 1549 1654 CCXII
1584 1600 1848 1654 exscribit
1896 1614 1963 1654 ex
1991 1600 2241 1668 Alloquio
2272 1600 2389 1652 XIII

820 1690 929 1743 duo
976 1690 1223 1758 exempla
1284 1706 1477 1743 senum
1535 1700 1847 1743 sanctorum
1900 1691 2043 1743 ultro
2089 1691 2391 1743 latronibus

820 1777 1165 1831 oll‘erentium
1200 1792 1297 1831 sua
1336 1777 1518 1830 omnia
1543 1818 1556 1841 ,
1601 1793 1664 1831 ea
1707 1778 1818 1831 sola
1864 1777 2206 1843 differentia,
2243 1779 2388 1847 quod

820 1885 1010 1923 vocem
1052 1869 1732 1938 scalidion‘interpretatur
1768 1872 2093 1939 marsupium
2138 1871 2385 1940 pendens,

819 1970 1200 2032 praeterquam
1238 1961 1419 2015 minus
1468 1964 1677 2031 perite,
1729 1978 1852 2016 eum
1897 1974 2054 2017 vetus
2113 1964 2387 2018 Theocriti

819 2054 1140 2109 scholiastes
1162 2054 1229 2108 ad
1262 2054 1510 2124 Idyllium
1544 2055 1589 2109 X
1617 2056 1939 2109 vocabulum
1969 2055 2126 2109 scalis
2156 2057 2389 2125 explicet

819 2147 1227 2197 instrumentum
1256 2144 1633 2213 agriculturae,
1667 2146 1813 2199 unde
1842 2146 2115 2199 sarculum
2154 2162 2273 2199 sum
2301 2147 2387 2199 in-

821 2244 1170 2307 terpretatus,
1200 2236 1295 2290 sed
1320 2236 1483 2290 etiam
1516 2236 1951 2306 improbabiliter
1974 2253 2266 2292 numerans
2301 2238 2386 2291 in-

819 2336 902 2382 ter
930 2328 1151 2382 mobilia
1182 2328 1349 2382 cellae
1382 2331 1711 2384 monasticae
1751 2330 2095 2400 marsupium,
2140 2346 2388 2399 praeser-

822 2420 918 2472 tim
954 2417 1099 2488 quod
1140 2418 1293 2472 addit
1338 2419 1597 2488 pendens,
1644 2420 1789 2487 quod
1824 2421 2004 2472 statim
2039 2420 2278 2473 latrones
2304 2421 2385 2473 vi-

817 2507 1047 2571 dissent,
1078 2523 1179 2561 nec
1200 2523 1337 2576 opus
1367 2506 1685 2561 habuissent
1709 2508 1972 2563 abeuntes
1993 2525 2023 2561 a
2049 2518 2236 2563 sancto
2258 2525 2387 2564 sene

818 2598 1125 2662 admoneri,
1171 2608 1231 2652 ut
1268 2598 1412 2668 quod
1456 2614 1565 2651 non
1615 2598 1962 2654 advertentes
2007 2600 2387 2669 relinquebant

820 2690 1093 2743 tollerent.
1124 2689 1222 2743 Est
1252 2699 1535 2759 praeterea
1566 2690 1945 2760 caputCCXVI
1972 2692 2118 2746 Prati
2147 2707 2213 2746 ex
2242 2692 2387 2746 Allo-

818 2780 949 2849 quio
965 2779 1217 2834 Zosimae
1250 2791 1403 2834 sexto
1422 2781 1778 2850 descriptum.
1797 2780 1973 2849 Caput
1992 2797 2121 2835 vero
2139 2782 2384 2836 CCXVIII

815 2887 885 2925 ex
932 2871 1243 2926 undecimo.
1286 2871 1533 2941 Denique
1562 2880 1725 2940 caput
1763 2871 1971 2927 CCXIX
2016 2887 2081 2927 ex
2128 2874 2386 2928 tertiode-

816 2964 979 3019 cimo.
1012 2963 1118 3017 Sed
1154 2963 1222 3017 de
1247 2964 1332 3017 his
1362 2963 1468 3016 iam
1507 2964 1659 3017 satis.

890 3056 1030 3111 XIII.
1053 3056 1300 3109 Zosimae
1322 3056 1469 3109 Isaac
1488 3055 1683 3127 Syrum
1706 3054 1965 3125 Opusculi
1986 3055 2079 3110 XII
2106 3065 2383 3111 auctorem

2481 585 2784 658 sequentia,
2812 590 2857 643 si
2897 589 3201 652 crederem,
3237 589 3356 642 eius
3383 598 3685 651 auctorem,
3710 587 3858 658 quod
3890 588 4055 656 aliqui

2482 689 2798 746 autumant,
2848 696 2969 735 esse
3016 681 3189 743 illum,
3237 681 3393 733 cuius
3436 680 3687 733 meminit
3730 678 4060 749 Spondanus

2483 773 2639 826 Tom.
2672 774 2929 828 IContin.
2962 773 3027 826 ad
3055 788 3225 827 annos
3269 772 3424 835 1550,
3458 772 3615 835 1554,
3645 772 3783 826 1555
3815 779 3873 825 et
3901 770 4057 824 ">62.

2485 862 2579 915 His
2601 877 2668 915 ne
2697 861 2981 925 assentiar,
3014 862 3113 915 tria
3144 860 3462 915 retrahunt:
3496 859 3536 914 I.
3562 859 3707 929 quod
3738 860 3902 914 titulo
3936 875 4061 913 san-

2485 954 2689 1009 ctitatis
2728 954 2858 1009 huic
2897 954 2951 1008 in
2982 962 3170 1008 nostro
3216 954 3403 1009 codice
3444 953 3648 1006 tributo
3680 968 3875 1021 parum
3925 968 4062 1005 con-

2486 1055 2682 1117 gruant
2716 1046 2952 1100 hominis
2993 1060 3195 1110 mores,
3221 1046 3313 1115 qui
3357 1059 3414 1098 se
3468 1044 3883 1098 schismaticum
3924 1042 4061 1097 actis

2484 1148 2541 1192 et
2570 1137 2787 1205 scriptis
2806 1153 2985 1190 acrem
3007 1136 3341 1206 praebuerit,
3369 1135 3569 1205 quique
3597 1134 4060 1203 ConstantinOpo-

2487 1230 2713 1283 litanum
2738 1230 3186 1298 patriarchatum,
3219 1229 3424 1281 scelere
3457 1237 3695 1296 partum,
3715 1228 3860 1296 justa
3884 1242 4061 1295 poena

2488 1322 2789 1390 perdiderit
2808 1338 2821 1383 ;
2838 1321 2900 1373 II.
2917 1322 3042 1388 quia
3059 1321 3191 1373 nihil
3208 1319 3428 1373 videtur
3444 1333 3658 1380 causae,
3674 1333 3891 1372 curnon
3906 1334 4059 1371 com-

2489 1422 2706 1482 pareret
2726 1414 2779 1465 in
2801 1413 2957 1465 titulo
2980 1412 3329 1481 episcopatus
3354 1409 3730 1463 Heracleensis
3751 1420 3805 1462 et
3824 1410 4059 1477 patriar-

2490 1505 2681 1559 chatus
2726 1504 3388 1572 Constantinopolitanus,
3435 1502 3637 1569 quibus
3677 1500 3890 1553 duabus
3934 1516 4061 1553 suc-

2490 1598 2699 1651 cessive
2730 1597 3020 1666 insignitus
3040 1595 3229 1649 infulis
3261 1595 3351 1647 ille
3370 1593 3692 1647 Philotheus
3711 1592 3947 1655 dicitur;
3971 1591 4059 1644 Ill.

2491 1690 2747 1759 quoniam
2775 1690 3010 1757 scriptor
3040 1689 3242 1743 saeculi
3273 1688 3388 1742 XIV
3418 1704 3527 1740 non
3555 1696 3735 1756 potest
3768 1684 3917 1739 credi
3962 1700 4061 1736 au-

2494 1790 2610 1836 ctor
2664 1780 2847 1850 operis
2890 1782 2945 1834 in
2998 1780 3186 1835 c’odice
3237 1779 3531 1849 descripti,
3578 1779 3735 1831 cuius
3777 1792 3973 1830 manus
4009 1783 4065 1828 et

2491 1876 2679 1929 charta
2706 1882 2940 1927 aetatem
2967 1872 3285 1943 praeferunt
3315 1885 3613 1932 annorum,
3642 1878 3703 1921 ut
3729 1884 3893 1937 supra
3926 1866 4061 1928 dixi,

2490 1969 2941 2038 quingentorum,
2992 1964 3313 2034 praesertim
3353 1978 3477 2015 cum
3517 1961 3590 2014 ibi
3631 1967 3753 2029 post
3792 1959 3924 2012 illud
3959 1959 4063 2011 alia

2490 2069 2761 2130 ponantur
2792 2058 2985 2113 aetatis
3023 2057 3309 2111 manifeste
3334 2054 3587 2108 senioris.
3617 2052 4064 2122 Scripseritergo

2489 2154 2636 2207 hunc
2672 2166 2981 2207 sermonem
3029 2151 3201 2203 multo
3244 2149 3520 2217 antiquior
3568 2146 3787 2215 quidam
3835 2153 3892 2198 et
3942 2159 4067 2197 san-

2489 2245 2629 2298 ctior
2660 2259 2689 2297 e
2717 2242 2971 2312 plurimis
3010 2241 3159 2295 omni
3191 2254 3326 2293 aevo
3352 2237 3627 2309 insignitis
3652 2235 3927 2291 Philotbei
3963 2250 4055 2289 vo-

2488 2336 2684 2389 cabulo
2716 2334 3018 2387 monachis.

2558 2425 2633 2478 De
2685 2424 2975 2477 Theodoro
3025 2423 3435 2492 archiepiscopo
3486 2422 3762 2477 Edesscno
3804 2419 4063 2489 Opusculi

2487 2516 2604 2570 XVI
2640 2525 2861 2569 auctore
2880 2531 2989 2568 non
3010 2524 3221 2569 constat
3246 2514 3571 2582 quisluerit,
3603 2513 3747 2566 unde
3774 2511 4065 2576 oriundus,

2488 2608 2583 2661 ubi
2617 2608 2805 2671 vitam,
2840 2606 2985 2676 quod
3032 2615 3279 2675 apparet,
3318 2606 3674 2659 monasticam
3708 2612 3831 2657 ante
3880 2603 4064 2657 archi-

2486 2696 2860 2765 episcopatum
2898 2695 3225 2759 exercuerit,
3250 2694 3467 2764 quando
3489 2703 3545 2748 et
3578 2710 3685 2764 qua
3719 2693 4006 2748 occasione
4036 2709 4065 2745 a

2488 2786 2754 2839 coenobio
2788 2785 2855 2838 ad
2886 2786 3216 2839 Edessenam
3238 2785 3552 2839 cathedram
3575 2784 3741 2838 fuerit
3760 2792 4062 2853 promotus.

2489 2878 2643 2932 Tom.
2675 2878 2820 2933 XXII
2850 2878 3220 2932 Bibliothecae
3253 2878 3476 2932 Patrum
3523 2877 3781 2931 editionis
3824 2876 4065 2929 novissi-

2487 2981 2607 3020 mae
2648 2967 3029 3036 Lugdunensis
3067 2968 3462 3037 quinquaginta
3500 2982 3567 3020 ex
3612 2967 3733 3021 eius
3786 2966 4063 3035 capitulis,

2488 3060 2592 3114 hoc
2624 3070 2707 3115 est
2737 3077 2842 3115 non
2884 3070 3058 3115 totum
3089 3061 3377 3115 dimidium
3398 3061 3525 3114 libri
3556 3060 3676 3114 eius
3706 3059 3891 3130 [quem
3924 3060 4065 3113 intc-

817 3145 1066 3216 proxime
1094 3146 1371 3199 admotum
1401 3146 1797 3215 subiungimus,
1815 3146 2072 3214 quoniam
2094 3146 2239 3200 hunc
2258 3147 2387 3201 Pos-
2412 3178 2454 3234 ε
2488 3167 2644 3221 grum
2674 3152 2909 3224 damus],
2931 3153 3093 3222 idque
3122 3168 3269 3207 mere
3301 3154 3467 3208 latine
3487 3152 3835 3215 exhibentur,
3888 3151 4066 3221 deque

817 3239 1058 3302 sevinus,
1095 3254 1163 3291 ex
1190 3236 1471 3291 Gennadio
1501 3238 1759 3303 referens,
1795 3238 1951 3307 ponit
1996 3239 2383 3308 imperatorum

816 3327 1062 3383 Martiani
1102 3343 1165 3382 ac
1190 3328 1388 3382 Leonis
1435 3338 1742 3397 temporum
1782 3330 2084 3398 aequalem.
2120 3328 2291 3394 Quem
2330 3337 2386 3383 et

816 3421 913 3485 ait,
957 3431 1176 3491 praeter
1212 3421 1382 3474 multa
1432 3428 1624 3473 contra
1662 3420 1997 3484 haereticos,
2024 3421 2189 3473 etiam
2229 3434 2382 3473 asce-

816 3512 925 3566 tica
958 3513 1261 3581 scripsisse.
1296 3512 1471 3581 Supra
1505 3511 1705 3581 Opusc.
1731 3512 1801 3565 IX
1819 3528 1938 3581 pag.
1972 3512 2072 3565 247
2095 3512 2154 3565 ﬁt
2180 3513 2385 3566 mentio

815 3601 1102 3654 cuiusdam
1131 3601 1299 3665 Isaac,
1331 3602 1423 3670 qui
1468 3600 1633 3655 fuerit
1669 3600 1971 3670 discipulus
2012 3601 2185 3671 Magni
2215 3601 2383 3656 Arse-

815 3691 913 3744 nii.
958 3692 1105 3745 Idem
1147 3691 1192 3746 is
1242 3708 1372 3746 sane
1427 3708 1552 3746 cum
1598 3693 1703 3746 hoc
1758 3703 1946 3747 nostro
2007 3708 2128 3747 esse
2182 3694 2379 3763 potuit.

814 3784 1052 3839 Dubium
1083 3784 1306 3853 quidem
1338 3785 1472 3838 mihi
1517 3800 1625 3839 non
1664 3793 1786 3848 est,
1841 3786 1973 3854 quin
1999 3826 2012 3849 ,
2058 3801 2197 3854 quae
2244 3787 2384 3840 infra

814 3877 1016 3945 Opusc.
1038 3875 1177 3930 XVII
1209 3876 1500 3945 Nicephori
1544 3876 1796 3929 monachi
1836 3892 1902 3929 ex
1934 3876 2078 3929 Isaac
2108 3876 2243 3941 Syro
2286 3878 2382 3931 de-

815 3970 1165 4033 scribuntur,
1230 3970 1477 4024 eiusdem
1527 3969 1690 4023 huius
1749 3969 1920 4023 nostri
1976 3970 2101 4023 sint.
2165 3970 2381 4023 Memini

815 4062 951 4115 alias
981 4061 1035 4113 in
1078 4061 1413 4115 Bibliotheca
1444 4062 1703 4115 Vaticana
1750 4061 1952 4115 vidisse
1998 4077 2084 4114 me
2132 4064 2300 4115 multa
2328 4071 2383 4116 et

814 4153 1093 4224 praeclara
1138 4152 1286 4207 Isaac
1318 4154 1327 4222 |
1359 4152 1477 4223 Syri
1524 4168 1711 4221 opera,
1759 4168 1897 4221 quae
1936 4153 2165 4205 multum
2193 4152 2381 4222 profu-

816 4252 959 4306 tura,
994 4245 1039 4297 si
1090 4244 1395 4313 prodirent,
1440 4244 1758 4315 interpretis
1801 4255 1857 4299 et
1900 4245 2127 4299 editoris
2159 4261 2381 4314 operam

816 4337 1129 4407 implorant.
1176 4336 1523 4390 Theodorum
1573 4337 1843 4391 Studitam
1884 4338 2032 4391 Isaac
2066 4338 2200 4407 Syro
2246 4352 2380 4391 con-

814 4428 993 4493 tinuo,
1034 4428 1179 4497 quod
1216 4428 1370 4481 illum
1399 4427 1542 4481 inter
1573 4430 1863 4499 plerosque
1906 4430 2248 4498 sequentium
2280 4446 2379 4483 au-

2492 3259 2558 3298 eo
2616 3244 2671 3297 in
2726 3247 2967 3314 generali
3016 3245 3197 3299 indice
3248 3245 3419 3299 Tom.
3474 3246 3495 3299 l
3548 3245 3752 3299 dicitur
3818 3243 4067 3297 ﬂoruisse

2492 3334 2647 3388 illum
2680 3335 2773 3388 XII
2808 3336 3047 3389 saeculo.
3085 3335 3226 3389 Sane
3253 3336 3429 3390 serius
3456 3351 3566 3389 non
3597 3335 3776 3405 potuit
3806 3334 4064 3389 Theodo-

2492 3442 2588 3480 rus
2616 3434 2823 3490 noster,
2850 3443 3011 3496 quam
3036 3426 3194 3480 istius
3228 3427 3432 3481 saeculi
3459 3427 3617 3481 initio
3636 3428 3841 3481 vivere.
3875 3428 4063 3481 Testa-

2492 3526 2582 3571 tur
2618 3517 2765 3571 enim
2798 3517 3075 3587 Eugenius
3118 3516 3187 3570 III
3220 3532 3467 3570 summus
3506 3516 3753 3570 Pontifex
3791 3517 3970 3570 literis
3999 3516 4063 3570 ad

2490 3610 2827 3665 Ludovicum
2859 3626 3040 3680 regem
3072 3610 3403 3663 Francorum
3437 3608 3676 3677 scriptis,
3707 3624 3844 3677 quas
3871 3609 4065 3664 recitat

2490 3701 2758 3755 Baronius
2778 3700 2937 3753 Tom.
2977 3699 3071 3753 XII
3110 3715 3261 3752 num.
3287 3697 3457 3752 XXXI
3498 3699 3625 3751 anni
3649 3699 3805 3760 1145,
3848 3708 4062 3769 captam

2491 3804 2522 3843 a
2556 3789 2840 3843 Saracenis
2872 3803 2938 3841 eo
2970 3803 3113 3842 anno
3146 3789 3428 3851 Edessam,
3461 3787 3643 3841 occiso
3669 3788 3737 3841 ab
3787 3788 3854 3841 iis
3888 3788 4063 3842 archi-

2488 3882 2745 3949 episcopo
2776 3880 3133 3950 pluribusque
3160 3881 3299 3934 aliis.
3337 3881 3415 3934 Ex
3440 3895 3548 3948 quo
3574 3889 3815 3949 tempore
3843 3896 4062 3935 vacasse

2491 3971 2638 4023 illam
2678 3970 2863 4023 sedem
2899 3979 3145 4038 apparet,
3182 3970 3361 4039 quoad
3400 3979 3588 4040 erepta
3633 3971 3921 4025 Saracenis
3965 3989 4063 4042 per

2490 4062 2727 4116 Francos
2755 4062 2958 4116 Edessa
2985 4072 3089 4126 est,
3132 4063 3225 4132 qui
3256 4063 3537 4133 deinceps,
3574 4065 3834 4133 quamdiu
3867 4065 4060 4120 Hiero-

2490 4154 2711 4224 solymis
2744 4164 3058 4224 regnarunt,
3093 4157 3533 4225 archiepiscopos
3570 4156 3620 4210 ei
3658 4157 3856 4212 latinos
3888 4158 4058 4212 dede-

2490 4252 2636 4298 runt.
2668 4244 2779 4298 Nec
2807 4245 3025 4299 videtur
3056 4246 3377 4310 verisimile,
3409 4246 3877 4317 archiepiscopum
3908 4266 3937 4303 a
3963 4249 4060 4303 Sa-

2489 4337 2703 4391 racenis
2734 4338 3082 4392 interfectum
3115 4339 3261 4391 hunc
3298 4339 3477 4407 ipsum
3501 4338 3670 4393 fuisse
3689 4340 4056 4394 Theodorum.

2487 4430 2689 4501 Martyr
2728 4430 2873 4483 enim
2923 4430 3114 4484 fuisset
3151 4431 3349 4495 dictus,
3390 4429 3486 4500 qui
3534 4430 3591 4484 in
3634 4432 3936 4486 Turrianeo
3966 4450 4058 4487 co-

815 4530 996 4575 ctores
1024 4519 1422 4589 Opusculorum
1472 4528 1653 4573 certae
1694 4529 1751 4573 et
1796 4529 1957 4575 notae
2000 4522 2195 4576 aetatis
2221 4522 2381 4579 video
2414 4536 2461 4594 ι)
2488 4521 2610 4575 dice
2670 4521 2935 4575 duntaxat
2985 4518 3210 4575 Sanctus
3274 4531 3426 4591 pater
3483 4531 3659 4575 noster
3717 4522 4057 4576 inscribitur.

814 4630 955 4668 esse.
990 4614 1137 4668 Vixit
1165 4621 1357 4667 octavo
1386 4613 1623 4666 saeculo.
1668 4612 1852 4676 Multa,
1897 4629 2036 4682 quae
2073 4614 2141 4668 de
2186 4630 2253 4669 eo
2298 4617 2380 4669 di-

814 4706 987 4760 cenda
1044 4714 1209 4769 sunt,
1275 4705 1550 4758 cumulate
1601 4717 1861 4775 congeret
1902 4706 1989 4759 vir
2033 4707 2379 4762 doctissimus

814 4796 1061 4849 omnium
1091 4795 1211 4849 eius
1242 4810 1470 4865 operum
1501 4796 1714 4863 plenam
1739 4804 1795 4849 et
1827 4796 2159 4851 luculentam
2186 4798 2382 4852 editio-

813 4904 939 4943 nem
972 4888 1263 4940 adornans.

883 4977 1113 5031 Abbatis
1143 4978 1311 5032 Isaiae
1338 4988 1592 5048 quartum
1623 4979 1897 5033 decimum
1919 4990 2001 5033 est
2022 4980 2375 5049 Opusculum.

815 5067 971 5122 Hunc
1009 5069 1103 5122 alii
1150 5068 1361 5122 Esaiam
1407 5070 1697 5138 appellant,
1733 5085 1833 5140 ego
1862 5072 2137 5125 Ecclesiae
2180 5072 2379 5127 latinae

814 5176 975 5213 usum
1015 5170 1294 5230 receptum
1327 5160 1380 5213 in
1404 5162 1573 5215 Isaiae
1602 5163 1866 5229 vocabulo
1894 5164 2171 5219 efferendo
2205 5165 2377 5228 tenui,

816 5266 1044 5306 securus
1072 5252 1372 5321 scripturae
1401 5252 1729 5306 Graecorum
1783 5253 1837 5306 in
1882 5255 2051 5307 verbo
2085 5255 2379 5311 Hebraicae

815 5341 1065 5411 originis.
1093 5340 1451 5395 Bellarminus
1472 5342 1524 5395 in
1548 5342 1687 5395 libro
1714 5343 1788 5395 De
1816 5342 2176 5411 scriptoribus
2203 5347 2379 5400 eccle-

816 5433 1051 5489 siasticis
1077 5432 1143 5487 de
1169 5448 1235 5487 eo
1253 5434 1346 5496 ait,
1374 5449 1453 5497 se,
1474 5449 1582 5501 quo
1610 5443 1853 5501 tempore
1872 5435 2100 5499 vixerit,
2134 5436 2380 5491 invenire

814 5527 1145 5596 nequivisse.
1180 5527 1313 5581 Vide
1354 5527 1517 5580 etiam
1551 5526 1617 5579 de
1662 5527 1755 5581 illo
1791 5527 2161 5581 Possevinum.
2208 5528 2382 5583 liuius

816 5635 1036 5689 quoque
1063 5618 1361 5674 honorifice
1390 5619 1638 5673 meminit
1661 5618 1798 5673 infra
1821 5619 2159 5689 Nicephorus
2187 5636 2379 5674 mona—

820 5711 955 5765 chus
978 5709 1175 5779 Opusc.
1205 5710 1365 5764 XVII.

874 5798 1067 5854 Sermo
1084 5798 1139 5854 S.
1164 5798 1431 5854 Philothei
1455 5799 1521 5854 de
1542 5800 1808 5856 mandatis
1820 5800 2019 5857 Christi
2043 5801 2373 5873 Opusculum

2484 4613 2697 4668 Obiisse
2728 4629 2859 4683 ergo
2898 4614 3051 4667 illum
3077 4615 3313 4667 naturali
3346 4624 3520 4668 morte
3548 4623 3674 4667 ante
3703 4630 3903 4668 annum
3925 4615 4061 4669 1145

2483 4704 2746 4758 credibile
2773 4713 2877 4767 est,
2912 4705 3022 4757 imo
3060 4704 3200 4759 forte
3228 4706 3508 4774 aliquanto
3532 4706 3870 4761 submotiore
3906 4723 3992 4761 re-
4023 4708 4032 4777 |

2482 4804 2569 4849 tro
2602 4803 2800 4858 aetate,
2821 4806 2901 4860 ut,
2927 4813 3087 4864 quem
3119 4796 3374 4851 Saraceni
3401 4798 3637 4851 Edessae
3657 4807 4062 4867 expugnatores

2482 4885 2825 4948 occiderunt,
2860 4901 3145 4940 successor
3190 4887 3339 4940 illius
3384 4902 3494 4941 non
3544 4887 3912 4951 immediatus,
3963 4889 4059 4942 sed

2481 4979 2777 5041 secundus,
2814 4978 3029 5041 tertius,
3059 4988 3353 5047 quartusve
3380 4977 3562 5033 fuerit.

2554 5068 2710 5122 Paris
2738 5083 2863 5122 cum
2905 5069 3196 5123 Theodoro
3231 5069 3509 5124 Edesseno
3554 5069 3747 5123 aetatis
3782 5068 4056 5137 Nicepho—

2482 5174 2605 5213 rum
2650 5162 2979 5215 monachum
3021 5161 3235 5229 Opinari
3267 5161 3396 5215 licet
3423 5160 3682 5230 Opusculi
3726 5162 3888 5224 XVII,
3930 5162 4057 5215 libri

2480 5253 2638 5307 valde
2667 5253 2837 5317 utilis,
2874 5263 3176 5319 auctorem,
3205 5269 3329 5307 cum
3360 5253 3582 5307 certiori
3610 5270 3795 5308 rerum
3821 5264 3876 5309 et
3903 5264 4057 5310 acto-

2481 5361 2603 5399 rum
2636 5345 2757 5399 eius
2788 5346 3100 5399 testimonio
3132 5361 3437 5400 careamus.

2552 5437 2666 5491 IIoc
2706 5438 2845 5491 forte
2897 5438 3173 5507 antiquior
3220 5438 3387 5492 fuerit
3430 5446 3624 5493 auctor
3668 5439 3835 5493 XVIII
3878 5441 4058 5497 ultimi

2481 5527 2762 5598 Opusculi,
2809 5545 3111 5600 anonyrnus
3148 5532 3449 5585 monachus
3480 5533 3729 5586 coenobii
3758 5535 3935 5603 graeci
3965 5552 4057 5588 or-

2481 5619 2629 5673 dinis
2664 5620 2717 5673 S.
2753 5621 2937 5674 Basilii
2960 5622 3017 5674 in
3044 5637 3174 5691 agro
3195 5622 3527 5686 Tusculano,
3551 5639 3578 5676 a
3601 5622 3656 5677 S.
3690 5623 3812 5677 Nilo
3835 5625 4057 5692 juniore

2482 5710 2625 5764 circa
2665 5710 2826 5766 ﬁnem
2870 5714 3075 5766 saeculi
3123 5713 3169 5767 X
3208 5713 3442 5778 fundati,
3491 5715 3651 5769 cuius
3693 5715 4055 5785 amplificatur

2483 5800 2710 5873 insignis
2758 5803 2966 5858 exstitit
2997 5819 3138 5858 unus
3182 5820 3211 5859 e
3256 5805 3361 5859 Nili
3409 5804 3729 5874 discipulis,
3776 5806 4053 5862 eiusdem-
