4274 6358
244 389 354 445 339
1226 386 1319 443 ΑΙ)
1347 386 1706 445 OPUSCULA
1743 386 1802 444 S.
1841 387 2122 444 MACARII
2157 387 2498 445 AEGYPTII.
3371 392 3477 449 350

244 519 355 573 que
394 515 679 556 successor
704 498 921 563 tertius,
957 498 1015 554 S.
1046 498 1511 565 Bartliolomaeus,
1544 516 1669 555 cum
1706 514 1816 571 quo
1844 505 1889 561 Α
1916 500 2269 556 Benedictum
2298 502 2451 567 VIII,
2498 502 2587 557 alii
2631 502 2703 558 IX
2740 512 3065 569 numerant,
3122 519 3267 561 anno
3314 506 3475 564 Chri-

244 592 527 646 sevixisse
550 592 644 660 qui
665 590 809 645 hanc
837 589 958 643 eius
989 589 1157 643 vitam
1186 590 1509 660 conscripsit
1530 589 1815 661 signiﬁcat.
1915 593 1983 647 sti
2027 593 2165 647 I033
2215 604 2433 649 creatus
2473 594 2683 648 ambitu
2734 604 2791 650 et
2834 594 3070 651 factione
3119 608 3475 668 cognatorum

244 682 411 737 Certo
446 692 633 736 autem
691 681 1007 736 charactere
1049 680 1107 736 S.
1158 681 1558 735 Bartholomaei
1606 682 1820 736 abbatis
1915 681 2345 737 Tusculanorum
2376 684 2633 737 comitum
2661 684 3093 741 adolescentulus
3118 686 3339 741 vixdum
3370 706 3476 758 pu-

241 773 769 846 Cryptol’erratensis
794 780 942 827 aetas
974 774 1323 844 mnsignatur
1356 775 1412 829 in
1451 774 1556 829 hoc
1592 773 1817 844 scripto,
1914 771 2035 827 ber.
2069 772 2171 839 Qui
2200 774 2488 829 duodecim
2521 773 2679 829 annis
2708 775 3004 829 Romanam
3024 779 3241 832 vexavit
3268 789 3324 833 et
3340 796 3476 834 con-

242 866 376 920 dum
414 866 641 930 dicitur,
671 865 1009 929 Pontiﬁcem,
1038 866 1134 935 qui
1174 876 1304 921 tunc
1338 866 1636 921 Romanam
1662 880 1819 935 rege-
1916 863 2193 932 spurcavit
2215 864 2512 919 Ecclesiam
2533 904 2549 929 ,
2587 879 2731 918 anno
2768 866 2990 919 tandem
3036 866 3173 921 1045
3208 868 3474 923 deiectus.

244 961 340 1015 bat
382 959 716 1023 Ecclesiam,
764 958 1017 1013 iuvenem
1063 957 1135 1013 ob
1172 972 1337 1029 grave
1374 958 1631 1012 delictum
1678 956 1818 1010 clam
1914 955 2050 1011 Vide
2078 954 2147 1010 de
2188 954 2274 1009 bis
2300 954 2618 1011 Ciaconium
2657 956 2790 1011 edit.
2834 957 3159 1013 novissimae
3202 960 3476 1015 Romanae

243 1062 527 1123 patratum
578 1068 765 1108 morsu
814 1051 1069 1107 adactum
1119 1051 1485 1107 conscientiae
1530 1050 1819 1105 Bartholo-
1914 1046 2070 1101 Tom.
2112 1046 2134 1101 I
2172 1061 2203 1099 a
2231 1046 2335 1101 col.
2390 1046 2493 1102 775
2535 1046 2603 1101 ad
2654 1047 2774 1102 779.
2817 1046 3074 1103 Ultimam
3116 1048 3247 1103 huic
3291 1050 3476 1104 sedem

244 1160 464 1201 maeum
491 1145 834 1200 consuluisse
854 1184 869 1209 ,
908 1159 940 1198 a
978 1158 1089 1214 quo
1116 1159 1243 1198 cum
1261 1142 1547 1208 audiisset,
1579 1140 1728 1212 quod
1761 1141 1819 1196 in
1911 1138 2188 1211 Opusculo
2223 1138 2464 1203 decrevi,
2495 1139 2642 1209 quod
2679 1156 2789 1193 non
2812 1180 2827 1205 ,
2869 1149 2931 1194 ut
2961 1140 3065 1194 alia
3086 1182 3101 1205 ,
3145 1140 3475 1197 didacticum

245 1238 350 1293 hac
384 1238 508 1293 Vita
541 1238 744 1309 legitur
776 1254 789 1290 :
833 1235 951 1291 Non
1001 1235 1119 1290 licet
1165 1236 1257 1289 tibi
1280 1251 1433 1289 sacro
1462 1235 1610 1305 {ungi
1638 1250 1816 1287 sacer-
1913 1230 2389 1301 dogmaticumqne
2431 1231 2539 1295 sit,
2572 1232 2854 1285 doctrinae
2893 1233 3160 1287 asceticae
3188 1244 3477 1303 praecepta

243 1330 428 1394 datio;
457 1345 585 1401 opus
616 1336 691 1382 est
722 1328 955 1397 redigere
991 1335 1041 1381 te
1071 1327 1128 1381 in
1170 1326 1426 1390 ordinem,
1470 1335 1520 1380 et
1562 1326 1808 1395 privatim
1914 1318 2174 1385 tradens,
2220 1336 2414 1374 verum
2462 1321 2581 1375 eius
2625 1323 2833 1391 praxim
2882 1322 2938 1375 in
2982 1324 3234 1392 exemplo
3281 1324 3475 1378 illustri

244 1420 460 1471 animae
508 1425 630 1470 tuae
676 1416 901 1469 remedio
947 1430 1157 1480 vacare,
1197 1432 1260 1469 ac
1314 1415 1548 1470 divinum
1596 1413 1811 1485 placare
1914 1420 2127 1465 ascetae
2155 1410 2439 1466 clarissimi
2465 1412 2864 1467 demonstrans.
2898 1413 2993 1467 His
3015 1414 3121 1468 iam
3142 1414 3307 1468 nimis
3333 1416 3476 1468 mul-

244 1525 465 1571 numen,
502 1508 648 1561 cuius
679 1508 815 1560 iram
850 1507 1109 1577 peccando
1138 1508 1465 1577 provocasti;
1504 1505 1812 1574 obsequens
1917 1502 1988 1555 tis
2016 1502 2119 1556 etsi
2161 1518 2300 1573 quae
2326 1503 2677 1574 adjungerem
2719 1514 2776 1559 se
2816 1504 3068 1568 oﬂ'erant,
3109 1506 3336 1559 verbum
3367 1522 3476 1561 non

246 1600 339 1652 ille
356 1600 563 1662 statim,
585 1607 646 1652 ut
669 1598 871 1652 ibidem
894 1597 1132 1663 additur,
1156 1600 1340 1651 throno
1356 1596 1556 1661 relicto,
1576 1597 1811 1666 privatus
1917 1590 2135 1657 addam,
2164 1608 2235 1647 ne
2259 1594 2312 1647 in
2343 1594 2546 1648 librum
2577 1603 2857 1650 excrescat
2893 1594 3177 1665 praefatio.
3208 1597 3357 1661 Vale,
3398 1597 3475 1650 le-

243 1692 519 1761 apparuit.
550 1688 674 1745 Fuit
709 1688 801 1744 hic
842 1688 961 1743 sine
1004 1688 1174 1744 dubio
1213 1687 1481 1754 Pontifex,
1513 1702 1676 1758 quem
1720 1684 1812 1739 alii
1847 1693 1888 1751 Β
1915 1691 2046 1750 ctor,
2085 1694 2143 1740 et
2180 1684 2321 1739 fave.

913 1912 1163 1967 Facultas
1192 1913 1529 1985 provincialis
1559 1911 1677 1968 Soc.
1707 1910 1834 1967 Iesu
1862 1920 1913 1965 et
1950 1911 2348 1965 communicatio
2376 1908 2631 1981 privilegii
2666 1909 2814 1979 regii.

319 2021 642 2095 7Ego7_Petrus
666 2023 968 2095 Allemand,
999 2025 1351 2095 provincialis
1375 2021 1922 2095 societatisjesuin
1946 2020 2561 2095 provi7ncia__Tolo§ana,
2590 2020 2763 2095 juxta
2776 2018 3122 2095 privilegium
3158 2034 3475 2095 concessum

244 2110 275 2148 ι
302 2089 546 2163 Regibus
576 2089 1060 2149 Cliristianissim'is
1110 2096 1345 2150 Henrico
1391 2093 1459 2149 IlI
1496 2093 1561 2147 10
1594 2092 1718 2147 Maii
1750 2092 1908 2155 i583,
1946 2089 2182 2163 Henrico
2212 2091 2279 2145 IV
2311 2090 2381 2144 20
2408 2090 2664 2163 Decemb.
2701 2089 2858 2163 I603,
2907 2089 3187 2163 Ludovico
3241 2089 3359 2142 XIII
3410 2090 3478 2144 14

244 2159 583 2235 Febrim”
604 2174 659 2220 et
685 2164 964 2219 Ludovico
990 2165 1107 2219 XIV
1137 2182 1285 2235 nunc
1310 2173 1571 2235 regnante
1591 2163 1660 2235 237
1678 2162 1966 2235 Decembr.
1997 2160 2153 2235 16570,
2182 2176 2289 2235 quo
2310 2160 2636 2235 prohibetur
2675 2159 2937 2235 omnibus
2962 2160 3204 2235 librariis
3232 2170 3297 2235 et7
3322 2170 3477 2228 typo-

244 2234 489 2305 graphis,
530 2250 599 2289 ne
624 2235 795 2305 libros
823 2235 891 2288 ab
923 2236 1167 2290 eiusdem
1209 2229 1497 2290 Societatis
1517 2229 2431 2305 hominibus_compositosiabsque
2453 2229 3102 2305 permi_ssu__superi_orum
3143 2231 3476 2305 imprimam,

244 2299 509 2374 permitto
547 2304 828 2362 Guillelmo
855 2305 1005 2370 Bosc,
1042 2316 1104 2360 ut
1136 2306 1337 2360 librum
1368 2304 1456 2360 cui
1496 2304 1696 2374 titulus
1724 2311 1816 2374 est
1836 2299 2129 2374 Thesau_ru7s
2166 2299 2549 2374 asceticusAetc,
2587 2300 2663 2374 ab
2685 2300 2891 2368 aliquot
2916 2299 3214 2374 _Soc_ietatis
3257 2309 3478 2374 nostrae

246 2368 519 2516 theo‘lloglis
541 2376 854 2448 probatum,
888 2368 1160 2433 excudere
1185 2385 1241 2432 et
1266 2377 1504 2432 vendere
1557 2373 1749 2445 possit.
1792 2372 1988 2427 Datum
2019 2371 2250 2427 Tolosae
2288 2370 2378 2426 die
2404 2370 2467 2424 21
2494 2369 2699 2441 Aprilis
2733 2383 2878 2424 anno
2908 2369 3063 2425 1682.
3108 2369 3296 2425 Petrus
3326 2368 3477 2424 Alle-

246 2462 374 2499 man
419 2488 431 2500 .

244 2462 431 2500 mana.

1347 2623 1659 2685 SERIES
1704 2619 2331 2687 OPUSCULORUM.

242 2750 585 2821 Opusculum
638 2748 660 2804 I
698 2748 882 2821 Sancti
917 2750 1135 2804 Ioannis
1163 2750 1513 2821 Chrysostomi
1543 2750 1785 2821 Epistola
1816 2751 1885 2805 ad
1918 2750 2218 2805 monachos.
3450 2760 3474 2814 1

242 2818 448 2891 Opusc.
492 2821 535 2874 II
699 2818 757 2874 8.
786 2820 1012 2874 Macarii
1040 2821 1221 2891 Magni
1246 2818 1309 2874 de
1338 2822 1573 2875 custodia
1594 2818 1769 2875 cordis
1801 2822 1949 2877 liber.
3414 2832 3483 2885 19

242 2890 447 2963 Opusc.
488 2891 557 2963 III
700 2891 952 2963 Eiusdem
982 2890 1043 2963 de
1068 2890 1383 2963 perfectione
1403 2893 1465 2963 in
1501 2893 1688 2963 spiritu
1724 2891 1875 2945 liber.
3412 2902 3483 2954 47

241 2960 447 3031 Opusc.
488 2961 555 3014 IV
699 2960 951 3014 Eiusdem
981 2961 1044 3031 de
1071 2960 1319 3014 oratione
1354 2961 1501 3015 liber.
1529 2960 1537 2963 ⁷
1770 3030 1777 3031 7
1810 3030 1815 3031 7
3413 2971 3484 3024 63

490 3031 549 3101 V7
743 3049 762 3082 ι
885 3050 903 3082 ›
974 3030 1037 3101 de
1072 3033 1329 3101 patientia
1354 3040 1403 3084 et
1430 3032 1737 3084 discretione
1761 3030 1909 3084 liber.
3412 3039 3475 3093 3|

240 3100 448 3171 Opusc.
488 3100 555 3155 VI
741 3118 760 3153 ι
882 3119 900 3153 ο
972 3100 1037 3171 de
1074 3100 1362 3155 elevatione
1393 3102 1579 3154 mentis
1615 3100 1763 3155 liber.
3379 3108 3484 3163 115

242 3170 449 3240 Opusc.
491 3172 583 3226 VII
735 3189 754 3222 ι
876 3190 895 3222 ι
965 3170 1030 3240 de
1065 3172 1289 3240 caritate
1319 3171 1467 3224 liber.
3378 3178 3475 3232 HI

242 3239 449 3310 Opusc.
489 3241 607 3296 VIII
742 3258 759 3291 ι
879 3259 897 3291 ι
970 3239 1034 3292 de
1058 3239 1297 3294 libertate
1326 3243 1512 3295 mentis
1538 3241 1686 3295 liber.
3376 3247 3484 3302 183

242 3309 447 3380 Opusc.
488 3311 561 3365 IX
702 3310 1155 3380 Apophthegmata
1177 3309 1423 3364 Patrum.
3378 3316 3484 3371 228

243 3328 447 3380 Upusc.
491 3328 561 3365 HL
702 3328 1155 3435 Apolmnegmata
1177 3328 1423 3364 rutrum.
1776 3382 1786 3392 7
3378 3328 3484 3371 ηδ

243 3380 450 3451 qusc.
489 3380 538 3435 X
842 3380 1141 3451 mplulocjm
1168 3381 1231 3433 de
1254 3398 1358 3435 non
1392 3380 1715 3449 desperando
1750 3380 1899 3434 liber.
3376 3386 3484 3442 255

242 3448 449 3519 Opusc.
488 3451 559 3506 XI
803 3448 1002 3521 abbatis
1030 3449 1274 3504 Zosimae
1290 3448 1559 3521 Alloquia.
1594 3520 1599 3521 7
1656 3519 1685 3521 _7
3376 3456 3481 3510 279

242 3518 449 3591 qusc.
489 3521 584 3591 XII
702 3519 857 3591 [suae
882 3518 1003 3591 Syri
1034 3518 1521 3591 dc_cogitationibus
1545 3519 1769 3591 libellus.
3378 3524 3483 3579 308

242 3588 448 3661 qusc.
490 3590 609 3661 XIII
709 3588 1056 3661 Theodori
1098 3588 1338 3661 Studitae
1369 3589 1627 3661 capitula.
3377 3594 3473 3649 3H

242 3658 448 3729 Opusc.
490 3660 607 3716 XIV
702 3659 915 3729 Abbatis
940 3658 1116 3713 Isaiae
1138 3660 1393 3729 capitula.
1435 3658 1443 3661 “
1908 3728 1917 3729 7
2055 3727 2069 3729 _
2216 3728 2221 3729 7
3375 3664 3482 3718 315

242 3727 451 3797 Opusc.
490 3731 583 3785 XV
708 3728 765 3783 S.
800 3729 1057 3783 Philothei
1083 3730 1145 3782 de
1160 3727 1427 3784 Mandatis
1450 3730 1660 3783 Domini
1690 3729 1857 3782 nostri
1894 3728 2012 3782 Iesu
2036 3727 2226 3783 Christi
2250 3743 2441 3782 sermo.
3378 3733 3482 3789 326

243 3798 448 3870 Opusc.
491 3800 607 3854 XVI
696 3798 753 3870 S7.
793 3799 1043 3852 Theodori
1069 3802 1370 3870 archiepisc.
1400 3800 1631 3853 Edessae
1660 3798 1899 3870 capitula
1933 3798 2053 3853 CII.
3375 3802 3483 3859 345

243 3868 451 3939 qusc.
491 3870 655 3939 XVII
698 3869 974 3939 Nicephori
1000 3868 1254 3939 monachi
1274 3871 1336 3922 de
1358 3872 1591 3923 custodia
1624 3869 1793 3922 cordis
1832 3868 1978 3921 liber.
3378 3872 3483 3926 404

243 3936 451 4009 Opusc.
492 3938 657 3995 XVIII
708 3936 913 3993 Vita‘S.
942 3938 1337 3993 Bartholomaei
1367 3940 1484 3993 abb.
1518 3939 2046 4010 Cryptoferratensis.
3376 3942 3483 3998 429

1143 4052 1455 4118 [Sequuntur
1475 4054 1717 4117 Opuscula
1740 4066 1884 4115 pagg.
1911 4052 2075 4112 1-155,
2102 4059 2204 4102 tum
2228 4049 2387 4101 Index
2405 4049 2613 4116 rerum]

515 4255 559 4339 e
585 4241 1385 4339 Possinpnegiticensurgm
1418 4244 1617 4339 hartel
1642 4267 1803 4328 quae
1832 4256 2031 4339 exstat
2063 4249 2326 4339 in7Actis
2362 4250 2747 4339 eruditorum
2781 4250 2949 4339 Lips.
2988 4249 3176 4339 [liber
3202 4249 3483 4339 prohibi-

244 4322 351 4381 tus
392 4318 564 4381 decr.
596 4320 673 4381 ab
701 4338 760 4383 ε.
802 4320 952 4383 1685
980 4321 1057 4383 ad
1082 4339 1140 4384 ει.
1179 4322 1350 4399 1757]
1373 4341 1429 4385 a.
1474 4318 1623 4386 1685
1650 4318 1850 4389 mens.
1884 4327 2186 4391 Novemb.
2220 4345 2405 4407 pagg.
2442 4327 2725 4403 488-491,
2755 4318 3022 4392 adiicere
3048 4318 3242 4392 Iubet'.

1159 4445 1454 4522 Thesaurus
1494 4451 1743 4522 asceticus
1768 4452 1873 4505 sive
1893 4460 2171 4522 syntagma
2204 4450 2571 4522 opusculorum

1172 4518 1455 4571 octodecim
1483 4536 1515 4571 a
1542 4520 1751 4574 Graecis
1775 4522 1901 4574 olim
1923 4518 2171 4575 Patribus
2194 4518 2257 4573 de
2283 4538 2339 4573 re
2364 4522 2587 4575 ascetica

1164 4590 1500 4660 scriptorum.
1539 4589 1621 4660 Ea
1665 4606 1803 4643 nunc
1838 4592 2063 4660 primum
2097 4591 2354 4660 prodeunt
2399 4608 2427 4643 e
2465 4607 2555 4644 ve-

1232 4659 1526 4711 tustissimis
1554 4658 1677 4711 Mss.
1704 4658 1956 4713 codicibus
1985 4668 2156 4712 eruta.
2185 4658 2469 4714 Collectore

1354 4738 1509 4798 atque
1532 4730 1827 4853 interprete!
1842 4730 1997 4783 Petro
2023 4729 2237 4784 Possino
2259 4728 2375 4785 Soc.

1830 4817 1937 4853 esu.

1830 4817 1937 4853 esu.

1264 4910 1486 4965 Parisiis
1522 4913 1663 4983 apud
1685 4913 1810 4967 Ant.
1846 4912 2130 4966 Dezallier.
2168 4912 2305 4967 1684
2332 4913 2467 4967 iri-4.

319 5004 480 5085 cum,
504 5003 959 5085 qui7Scriptorum
978 5002 1261 5085 gentilium
1285 5002 1598 5085 fragmenta
1614 5006 1877 5085 colligunt
1896 5012 2059 5084 atque
2083 5005 2225 5075 typis
2244 5005 2480 5085 publicis
2502 5003 2740 5085 exscribi
2761 5016 2973 5085 curant,
2994 5020 3105 5060 non
3124 5005 3251 5085 leve
3275 5023 3473 5085 operae

247 5077 492 5148 pretium
522 5073 717 5131 fecisse
746 5073 1031 5148 putantur,
1069 5082 1183 5148 tum
1201 5073 1395 5148 _mai_u_s
1422 5074 1503 5127 illi
1532 5075 1733 5128 laboris
1753 5073 2064 5144 praemium
2088 5073 2365 5148 meruisse
2391 5075 2655 5148 censendi
2678 5084 2824 5148 sunt,
2853 5078 2944 5148 qui
2969 5084 3293 5148 sanctorum
3310 5073 3473 5135 'viro-

248 5143 376 5199 rum
418 5144 934 5215 fragmentapietati
966 5143 1511 5215 excitandaeidonea
1547 5143 1799 5214 typorum
1842 5159 2007 5213 opera
2049 5144 2331 5215 vindicant
2358 5144 2426 5215 ab
2459 5144 2714 5215 interitu.
2758 5143 2907 5199 Fecit
2930 5146 2985 5200 id
3035 5146 3293 5199 laudabili
3341 5164 3473 5203 sane

250 5213 524 5270 industria
541 5214 945 5286 eruditissimus
966 5213 1231 5286 Possinus.
1260 5213 1394 5286 Nam
1422 5213 1683 5268 Thesauro
1709 5215 1817 5286 hoc
1841 5216 2058 5286 ascetico
2082 5214 2471 5286 duodeviginti
2489 5214 2757 5286 Opuscula
2801 5217 3209 5286 complectitur;
3241 5232 3474 5285 quorum

248 5286 491 5340 sedecim
521 5301 588 5339 ex
621 5284 999 5353 antiquissimo
1028 5285 1303 5338 volumine
1337 5285 1434 5337 Ms.
1459 5299 1656 5353 graeco
1698 5284 1919 5353 triginta
1952 5284 2357 5337 lucubrationes
2391 5284 2457 5338 de
2486 5302 2544 5339 re
2567 5285 2796 5339 ascetica
2830 5284 3140 5339 continente
3166 5295 3221 5339 et
3248 5284 3277 5338 a
3306 5288 3473 5341 Fran-

248 5356 399 5408 cisco
426 5354 768 5408 Turrianoin
806 5354 967 5407 domo
993 5353 1233 5423 professa
1263 5354 1465 5407 Romae
1510 5368 1652 5423 anno
1695 5353 1829 5407 1566
1858 5354 2145 5423 deposito,
2174 5369 2295 5407 cum
2327 5353 2614 5408 Societatis
2646 5356 2764 5408 Iesu
2804 5354 2894 5409 ille
2938 5356 3243 5409 membrum
3296 5356 3471 5419 ﬁeret,

249 5425 564 5494 descripsit.
587 5424 811 5494 Reliqua
833 5424 962 5487 duo,
984 5422 1179 5494 nempe
1206 5422 1263 5477 8.
1290 5423 1539 5494 Theodori
1571 5422 1812 5494 Studitae
1838 5422 2107 5494 Capitula,
2139 5438 2206 5477 ex
2228 5424 2415 5478 codice
2448 5424 2708 5478 Vaticano
2733 5425 3079 5494 perantiquo,
3101 5427 3188 5478 cui
3210 5441 3475 5481 numerus

250 5492 555 5563 inscriptus
579 5492 701 5556 730,
728 5492 791 5548 et
827 5494 997 5547 Vitam
1026 5492 1082 5547 8.
1126 5493 1515 5547 Bartholomaei
1539 5494 1655 5546 abb.
1692 5493 2225 5563 Cryptoferratensis,
2269 5494 2415 5563 quod
2450 5496 2699 5549 ultimum
2736 5492 2820 5549 est
2852 5495 2906 5547 in
2942 5492 3045 5549 hoc
3070 5496 3367 5560 volumine,
3406 5513 3474 5551 ex

248 5562 743 5633 Cryptoferratensi
773 5564 1103 5617 bibliotheca
1132 5564 1448 5633 depromsit.

374 5636 566 5701 rimum
601 5636 842 5687 omnium
878 5634 1105 5687 istorum
1145 5630 1539 5702 opusculorum
1564 5643 1650 5688 est
1680 5631 1737 5688 S.
1779 5631 1994 5703 Ioannis
2017 5630 2368 5703 Chrysostomi
2410 5633 2649 5703 Epistola
2680 5634 2748 5687 ad
2770 5635 3049 5687 monachos
3099 5635 3152 5689 in
3201 5633 3473 5689 Turriano

247 5703 441 5757 codice
472 5704 751 5773 inscripta,
778 5720 938 5773 quam
974 5704 1429 5773 scripsissejllum
1468 5713 1641 5771 putat,
1668 5718 1791 5757 cum
1818 5702 2138 5757 Antiochiae
2178 5702 2321 5757 inter
2352 5702 2649 5757 monachos
2678 5704 2896 5766 vixerit,
2934 5714 3224 5773 antequam
3252 5703 3471 5772 episco-

252 5787 358 5842 pus
391 5773 545 5829 tieret
564 5771 1215 5846 Constantinopolim—nus.
1242 5771 1449 5842 Septem
1476 5773 1724 5842 opuscula
1755 5786 1892 5843 quae
1920 5781 2043 5842 post
2067 5773 2341 5828 laudatam
2369 5773 2662 5845 Epistolam
2698 5774 3059 5839 collocantur,
3081 5771 3151 5831 'ut
3188 5773 3266 5828 De
3291 5771 3468 5829 casto--
