4274 6358
239 381 346 438 353
1073 387 1167 443 AD
1201 384 1576 442 EDITIONEM
1605 383 1767 440 HOM.
1810 384 1866 440 S.
1908 385 2186 441 MACAR“
2223 384 2559 442 AEGYPTII.
3335 391 3442 447 554

240 496 423 551 Caroli
454 496 739 565 Guilielmi,
765 500 1103 566 cancellario,
1127 500 1425 555 consiliario
1442 501 1625 555 intimo
1649 509 1697 553 et
1723 502 1861 555 sacri
1888 501 2176 555 consistorii
2202 499 2449 570 praesidi,
2474 500 2893 567 eminentissimo,
2921 511 3140 573 patrono
3168 505 3448 576 singulari,

239 592 556 660 Macarium,
579 596 964 651 sanctissimum
991 596 1225 663 Patrem,
1248 604 1406 669 atque
1434 598 1661 668 seipsum
1689 597 2132 665 obsequiosissimo
2160 597 2303 651 cultu
2329 610 2379 655 et
2407 597 2578 651 studio
2601 597 2745 668 offert
2774 594 2858 649 lo.
2888 593 3136 667 Georgius
3160 595 3373 653 Pritius.
3407 600 3419 669 |

1639 737 1728 792 Vir
1772 737 1997 793 illustris
2021 740 2041 793 !

311 870 493 937 Quum
532 873 629 928 Dei
665 873 866 944 Optimi
911 874 1125 929 Maximi
1170 874 1431 945 singulari
1473 882 1630 939 nutu,
1670 882 1726 929 et
1762 874 2106 931 Serenissimi
2145 874 2321 931 Caroli
2358 874 2619 933 Guilielmi
2655 874 2851 929 summi
2889 875 3155 946 Principis
3200 878 3349 932 iussu
3390 887 3447 933 et

236 962 523 1031 auspiciis,
558 964 694 1020 Tuis
742 974 921 1021 tamen
950 969 1114 1023 etiam
1167 969 1430 1033 consiliis,
1468 968 1670 1038 Lipsia,
1709 984 1741 1023 e
1790 969 2108 1024 charissima
2158 971 2400 1025 omnium
2451 970 2645 1040 patria,
2684 971 2752 1026 ad
2797 972 3145 1027 Servestanos
3189 982 3447 1029 evocatus

237 1056 452 1109 abitum
484 1058 799 1123 meditarer,
832 1061 1213 1116 adducendum
1261 1062 1481 1116 insimul
1515 1061 1817 1116 existimavi
1868 1062 2122 1117 comitem
2166 1063 2534 1117 venerandum
2560 1063 2854 1117 Macarium
2903 1064 3054 1117 illum
3097 1064 3442 1134 Aegyptium,

237 1153 384 1207 inter
414 1154 604 1209 Patres
628 1156 900 1211 Ecclesiae
931 1156 1267 1212 Christianae
1300 1158 1516 1228 pietatis
1546 1156 1822 1211 solidioris
1851 1156 2010 1212 laude
2045 1166 2101 1212 et
2143 1157 2265 1212 viva
2293 1173 2476 1213 rerum
2501 1158 2825 1228 spiritalium
2858 1154 3083 1210 scientia
3109 1154 3445 1223 incompara-

238 1245 427 1301 bilem.
463 1247 636 1313 Quem
673 1250 822 1303 enim
863 1251 1132 1316 dabimus,
1168 1253 1284 1321 qui,
1316 1252 1423 1307 nisi
1466 1252 1775 1307 divinorum
1818 1252 2198 1323 mysteriorum
2244 1269 2275 1306 a
2310 1253 2542 1322 Spiritus
2581 1253 2752 1308 sancti
2794 1252 2962 1322 gratia
2999 1251 3163 1305 fuerit
3202 1250 3443 1319 peculia-

239 1341 377 1393 riter
410 1343 683 1411 particeps
713 1342 908 1407 factus,
934 1344 1001 1398 de
1030 1346 1482 1400 excellentissima
1520 1346 1730 1400 animae
1771 1348 2119 1416 praestantia,
2153 1348 2219 1402 de
2264 1346 2417 1416 lapsu
2466 1348 2702 1403 hominis
2734 1324 3068 1407 /miserrimo,
3102 1342 3168 1396 de
3204 1348 3447 1396 extrema

238 1431 524 1485 hominum
556 1434 612 1487 in
644 1435 880 1503 peccatis
922 1436 1214 1490 iacentium
1246 1436 1533 1507 pravitate,
1567 1436 1633 1490 de
1676 1436 1888 1491 insidiis
1936 1438 2172 1493 hostium
2211 1437 2556 1492 infernalium
2600 1448 2657 1492 et
2699 1435 3071 1491 molitionibus
3109 1434 3165 1487 in
3207 1442 3445 1487 mentem

238 1527 535 1579 humanam
585 1531 1076 1599 periculosissimis,
1112 1533 1179 1588 de
1223 1534 1545 1588 suavissimo
1593 1532 1765 1587 divini
1815 1531 2050 1601 Spiritus
2092 1534 2281 1599 ductu,
2321 1535 2388 1589 de
2436 1535 2605 1605 gratia
2642 1532 2758 1596 Dei,
2793 1532 2801 1601 ι
2832 1531 3140 1601 gratiaeque
3179 1543 3210 1581 a
3252 1536 3446 1581 natura

236 1620 609 1687 distinctione,
629 1626 987 1696 universaque
1024 1628 1212 1682 salutis
1244 1637 1462 1681 nostrae
1492 1628 1806 1683 oeconomia
1834 1628 2061 1683 solidius
2092 1629 2391 1698 scripserit,
2422 1644 2585 1698 quam
2617 1637 2902 1682 veteranus
2943 1626 3033 1678 ille
3074 1627 3215 1678 inter
3245 1622 3445 1677 Christi

237 1714 537 1771 Salvatoris
579 1718 857 1775 ministros
893 1720 1190 1776 Macarius?
1222 1722 1453 1775 Tantum
1484 1720 1663 1773 virum
1696 1717 1840 1787 quod
1874 1718 1926 1772 in
1960 1719 2251 1787 hospitium
2293 1719 2576 1781 deducam,
2609 1716 2712 1771 nisi
2746 1716 2812 1770 ad
2852 1717 2946 1780 Te,
2984 1716 3068 1769 vir
3104 1715 3443 1770 excellentis-

234 1807 416 1860 sime?
445 1809 645 1877 quippe
672 1813 765 1879 qui
794 1827 892 1881 pro
925 1812 1179 1866 inusitata
1210 1827 1391 1865 rerum
1418 1810 1743 1873 divinarum,
1775 1825 1881 1877 qua
1911 1810 2101 1879 polles,
2134 1809 2328 1878 peritia
2360 1824 2419 1863 es
2454 1823 2593 1863 unus
2632 1808 2873 1862 omnium
2903 1808 3132 1861 maxime
3164 1806 3227 1860 ad
3262 1805 3446 1859 existi-

236 1899 498 1952 mandum
531 1901 779 1965 idoneus,
804 1903 1078 1972 quodnam
1114 1903 1185 1957 sit
1216 1913 1323 1958 tam
1357 1902 1569 1957 eximiis
1614 1902 1899 1956 animabus
1946 1902 2291 1956 statuendum
2321 1904 2576 1972 pretium.
2625 1902 2776 1967 Quod
2816 1900 2905 1969 qui
2939 1900 3169 1965 noverit,
3199 1915 3359 1969 quam
3390 1905 3448 1952 et

232 1987 432 2054 cupide
463 1988 743 2059 calideque
766 1991 895 2045 olim
920 1993 1119 2047 nostris
1150 1992 1319 2045 sacris
1350 1990 1563 2046 dederis
1594 2006 1834 2059 operam,
1866 2006 2027 2059 quam
2060 1993 2263 2061 amplas
2296 1992 2572 2048 interioris
2603 1991 3140 2061 sapientiae-divinae
3171 1989 3448 2059 possideas

232 2085 538 2150 facultates,
564 2100 723 2153 quam
753 2095 809 2141 et
835 2102 1048 2141 morum
1076 2096 1317 2156 praestes
1339 2086 1599 2156 singulari
1631 2086 1957 2157 integritate,
1984 2096 2293 2156 quantoque
2329 2102 2512 2141 amore
2544 2086 2598 2140 in
2630 2086 2882 2155 pietatem
2918 2087 3181 2140 sinceram
3221 2084 3447 2152 eiusque

232 2176 474 2229 cultores
511 2176 726 2240 feraris,
762 2179 909 2232 iuxta
940 2194 1152 2233 mecum
1184 2186 1437 2249 agnoscet
1466 2178 1698 2233 libenter
1727 2188 1782 2232 et
1812 2179 2166 2248 praedicabit.
2204 2179 2335 2233 Mihi
2375 2194 2507 2233 vero
2543 2187 2599 2233 et
2626 2177 2727 2232 ista
2756 2179 2893 2233 ratio
2923 2178 3027 2233 fuit
3059 2178 3112 2231 in
3144 2177 3446 2231 clientelam

232 2266 408 2319 Tuam
437 2268 685 2322 tradendi
719 2269 962 2324 divinum
991 2271 1279 2325 Macarium
1310 2282 1573 2337 nostrum,
1605 2272 1806 2326 nostris
1836 2272 2303 2341 Qualibuscunque
2332 2271 2530 2341 vigiliis
2557 2285 2703 2325 nunc
2732 2270 2891 2340 paulo
2924 2270 3143 2340 politius
3174 2269 3448 2338 prodeun-

233 2367 343 2411 tem
372 2358 427 2411 in
456 2358 755 2427 publicum,
783 2369 844 2413 ut
876 2375 962 2413 me
993 2375 1208 2429 quoque
1238 2361 1339 2415 hac
1373 2361 1578 2415 ratione
1614 2360 1862 2414 sisterem
1894 2360 2036 2425 Tibi,
2069 2360 2154 2415 vir
2192 2362 2441 2425 illustris,
2470 2361 2535 2415 ad
2572 2370 2829 2431 perpetua
2859 2360 3098 2425 servitia,
3132 2374 3195 2413 ac
3230 2358 3449 2428 aliquod

231 2457 409 2503 exstet
442 2450 581 2519 grati
608 2450 773 2503 animi
806 2465 933 2521 erga
963 2451 1037 2505 Te
1077 2450 1460 2505 documentum
1490 2469 1502 2503 :
1531 2451 1619 2504 cui
1656 2450 1925 2519 imprimis
1970 2450 2146 2505 refero
2177 2459 2478 2521 acceptum,
2507 2450 2651 2520 quod
2683 2452 2824 2521 apud
2856 2451 3207 2506 Servestanos
3237 2462 3450 2507 vestros

230 2550 288 2595 et
316 2541 374 2595 in
408 2541 636 2596 ecclesia
666 2553 721 2596 et
753 2543 807 2596 in
838 2543 1094 2598 cathedra
1125 2545 1339 2614 publica
1369 2558 1432 2598 ca
1470 2550 1551 2597 tra
1582 2543 1592 2613 |
1622 2542 1784 2597 dendi
1829 2558 2084 2597 concessa
2117 2543 2250 2597 mihi
2285 2543 2355 2597 sit
2386 2542 2632 2608 facultas,
2663 2558 2800 2612 quae
2829 2542 3028 2612 populo
3057 2542 3363 2597 Christiano
3393 2552 3450 2598 et

232 2633 511 2686 studiosae
543 2634 808 2688 iuventuti
839 2634 1048 2702 possint
1074 2650 1192 2688 esse
1225 2634 1290 2687 ad
1319 2634 1486 2688 vitam
1510 2632 1873 2688 Christianam
1918 2641 2065 2686 recte
2104 2631 2511 2701 ingrediendam
2544 2642 2704 2701 atque
2734 2631 3035 2695 colendam,
3070 2647 3133 2686 ac
3165 2633 3231 2686 ad
3266 2648 3447 2687 veram

231 2723 598 2776 eruditionem
639 2722 1056 2791 comparandam
1100 2724 1403 2777 necessaria
1439 2733 1495 2778 et
1536 2723 1725 2787 utilia;
1771 2737 1879 2791 quo
1922 2721 2066 2776 vitae
2114 2737 2216 2791 ego
2260 2738 2457 2793 genere
2504 2723 2733 2776 maxime
2774 2723 3015 2775 omnium
3050 2724 3156 2776 iam
3196 2738 3226 2776 a
3264 2724 3450 2778 multis

230 2818 393 2873 annis
424 2816 776 2871 vehementer
811 2818 1070 2872 delector.
1112 2818 1312 2888 Recipe
1359 2818 1544 2889 igitur,
1576 2816 1662 2870 vir
1694 2815 1941 2881 illustris,
1976 2816 2243 2885 hospitem
2280 2816 2425 2871 hunc
2469 2832 2668 2870 novum
2712 2831 2776 2869 ea
2822 2815 3020 2880 fronte,
3061 2832 3166 2885 qua
3213 2815 3280 2870 ad
3327 2832 3451 2870 sua-

231 2910 511 2965 vissimam
564 2909 991 2974 humanitatem,
1034 2911 1214 2964 dotem
1253 2910 1373 2964 Tibi
1418 2926 1450 2964 a
1490 2919 1682 2962 natura
1723 2908 1966 2963 faventer
2015 2908 2366 2978 impertitam,
2411 2917 2467 2962 et
2515 2907 2915 2977 elegantissima
2963 2909 3176 2961 vivendi
3238 2910 3449 2963 ratione

229 3004 529 3074 plurimum
564 3014 798 3066 auctam,
826 3001 1177 3069 compositus,
1203 3016 1311 3055 non
1336 3000 1524 3055 doctos
1552 3009 1781 3063 tantum,
1812 2999 1907 3054 sed
1938 3000 2259 3068 praesertim
2291 2998 2507 3068 pietatis
2536 3000 2773 3053 cultores
2796 2998 2861 3051 ad
2893 3010 3239 3068 conspectum
3274 3001 3451 3056 Tuum

230 3096 622 3167 benignissime
650 3093 911 3149 admittis.
942 3093 1143 3161 Recipe
1174 3101 1229 3146 et
1258 3108 1344 3145 me
1383 3091 1437 3145 in
1467 3091 1726 3156 favorem,
1760 3090 1853 3159 qui
1895 3089 2097 3143 enixim
2143 3089 2198 3143 in
2234 3089 2289 3143 id
2336 3089 2601 3153 connitar,
2634 3099 2695 3143 ut
2737 3089 2935 3158 quibus
2982 3092 3299 3147 muneribus
3334 3093 3453 3149 Tuo

230 3187 499 3243 beneficio
535 3187 839 3258 praeﬁcior,
875 3184 1197 3240 satisfaciam
1247 3200 1483 3253 semper,
1517 3191 1573 3237 et
1605 3182 1671 3236 de
1712 3190 1895 3237 cetero
1937 3182 2354 3251 quibuscunque
2387 3182 2588 3250 possim
2633 3180 2823 3235 ciliciis
2865 3182 2931 3235 ad
2957 3182 3052 3245 Te,
3094 3185 3173 3236 vir
3203 3186 3452 3239 eminen-

230 3280 460 3345 tissime,
497 3278 797 3333 ornandum
828 3277 927 3331 sim
952 3274 1343 3345 paratissimus.
1376 3275 1523 3329 Vale.
1552 3273 1762 3343 Lipsiae
1792 3274 1848 3326 in
1877 3273 2026 3328 abitu
2057 3288 2179 3327 meo
2205 3272 2319 3327 Cal.
2355 3272 2575 3327 Octobr.
2610 3272 2673 3326 A.
2701 3272 2762 3327 Ο.
2797 3274 2863 3328 R.
2892 3275 2973 3328 cla
3004 3276 3084 3329 loc
3115 3276 3342 3332 XCVIII.

327 3370 337 3439 |
369 3369 572 3422 Lectori
601 3367 854 3421 Benevolo
893 3366 1116 3419 salutem
1154 3366 1273 3418 dicit
1306 3366 1383 3419 Io.
1423 3366 1668 3436 Georgius
1710 3366 1925 3428 Pritius,
1961 3363 2055 3419 SS.
2097 3365 2404 3434 Theologiae
2441 3364 2759 3419 Licentiatus
2796 3375 2846 3420 et
2881 3365 3150 3437 Professor
3186 3370 3451 3428 Publicus.

299 3464 622 3534 Evulgamus
678 3465 777 3526 hic,
818 3462 953 3531 quod
988 3461 1124 3514 Deus
1170 3462 1399 3529 faustum
1447 3477 1553 3513 esse
1599 3460 1793 3524 iubeat,
1834 3461 1889 3511 in
1926 3458 2189 3513 Ecclesiae
2239 3477 2494 3530 veraeque
2542 3463 2746 3531 pietatis
2786 3464 3136 3517 studiosorum
3172 3465 3455 3523 utilitatem

227 3554 471 3616 Macarii,
506 3553 729 3607 Patrum
766 3552 1132 3621 antiquissimi,
1167 3550 1444 3613 Homilias,
1478 3551 1627 3603 rebus
1664 3552 1891 3619 optimae
1930 3550 2093 3619 frugis
2125 3551 2546 3621 divinissimaque
2578 3554 2827 3622 mysteria
2861 3553 3139 3623 complexis
3172 3558 3453 3625 refertissi-

229 3662 364 3699 mas.
397 3644 474 3697 De
504 3661 608 3715 qua
644 3660 777 3696 nova
807 3644 1027 3695 editione
1061 3652 1119 3695 ut
1151 3641 1328 3695 lectori
1354 3640 1512 3712 paulo
1544 3642 1837 3695 accuratius
1868 3649 2083 3705 constet,
2116 3649 2269 3694 erunt
2302 3642 2502 3713 aliqua,
2535 3642 2649 3696 licet
2687 3644 3017 3708 brevissimis,
3048 3649 3451 3716 praemittenda,

228 3749 518 3809 antequam
544 3740 612 3791 ad
639 3738 905 3792 lectionem
934 3736 1048 3791 libri
1076 3737 1342 3791 utilissimi
1374 3737 1701 3789 admittatur.
1738 3735 2054 3799 Editionem,
2086 3744 2145 3787 ut
2177 3744 2417 3805 apparet,
2452 3735 2949 3806 Francofurtanam,
2980 3757 3139 3810 quam
3169 3741 3454 3798 Zacharias

228 3834 542 3890 Palthenius
591 3848 729 3886 anno
772 3831 968 3885 saeculi
1003 3832 1285 3900 superioris
1333 3832 1666 3899 nonagesimo
1713 3839 1899 3899 quarto
1951 3832 2335 3895 adornaverat,
2380 3833 2707 3901 repetivimus
2773 3835 3015 3903 quidem;
3058 3838 3148 3889 sed
3192 3846 3249 3889 ut
3294 3840 3454 3907 paulo

227 3928 449 3980 wmtior
480 3932 656 3977 tamen
688 3925 918 3995 prodiret
959 3923 1358 3976 elaboravimus.
1394 3922 1532 3975 Nam
1572 3937 1817 3991 graecum
1861 3930 2057 3975 textum
2100 3932 2345 3975 accurato
2385 3924 2555 3975 studio
2601 3925 2891 3989 revisimus,
2919 3927 3136 3981 sublatis
3181 3930 3297 3982 hinc
3333 3932 3454 3986 inde

228 4020 452 4083 mendis,
483 4033 616 4088 quae
644 4018 700 4069 in
743 4018 968 4086 priorem
1016 4015 1293 4068 editionem
1334 4016 1671 4083 irrepserant.
1716 4012 1809 4067 Ubi
1843 4013 2049 4082 quidem
2097 4013 2152 4064 in
2201 4029 2262 4065 vo
2293 4012 2302 4081 |
2334 4013 2397 4066 tis
2445 4014 2589 4067 nobis
2636 4015 2835 4083 fuisset,
2874 4025 2931 4069 ut
2978 4020 3047 4071 ad
3090 4036 3276 4072 manus
3312 4023 3453 4077 nobis

226 4113 391 4165 codex
418 4112 697 4165 exstitisset
729 4127 892 4163 manu
930 4119 1201 4173 exoratus,
1236 4124 1393 4178 quum
1434 4107 1625 4160 alicubi
1667 4108 1796 4159 satis
1837 4114 1967 4159 esset
2016 4106 2371 4174 manifestum,
2414 4106 2683 4160 lectionem
2719 4109 2835 4163 libri
2867 4113 3040 4165 excusi
3085 4114 3140 4165 in
3186 4115 3308 4167 vitio
3359 4133 3454 4169 σαι

227 4204 376 4257 bare.
407 4203 585 4257 Multis
610 4203 664 4256 id
694 4201 816 4255 locis
848 4209 1013 4270 posset
1045 4199 1263 4262 ostendi,
1296 4198 1385 4251 sed
1424 4215 1587 4250 unum
1615 4197 1801 4250 saltem
1831 4198 2122 4266 speciminis
2160 4196 2268 4249 loco
2292 4197 2498 4265 adferre
2527 4200 2764 4267 sufficiat.
2797 4200 3026 4254 Homilia
3057 4202 3102 4255 Χ
3122 4220 3173 4272 ρ.
3207 4203 3303 4257 221
3341 4207 3455 4259 edi-

228 4301 385 4352 tionis
414 4298 866 4367 Francofurtanae
898 4294 1044 4347 nullo
1076 4310 1229 4347 sensu
1262 4293 1447 4363 legitur
1472 4294 1710 4346 ὲκπεινεῖ
1740 4293 1833 4344 καὶ
1860 4293 1916 4343 ἐκ

1765 4293 1833 4343 ταὶ
1860 4292 2050 4361 ἐκδιψᾷ
2088 4292 2408 4362 ὑπάρχουσι,
2439 4294 2495 4345 in
2529 4310 2754 4362 quorum
2785 4297 3056 4351 verborum
3093 4298 3262 4351 locum
3299 4316 3453 4371 repo-

225 4394 429 4444 suimus
462 4393 519 4443 ὲν
555 4390 714 4461 πείνῃ
738 4391 827 4442 καὶ
853 4388 978 4460 δίψῃ
1005 4388 1327 4458 ὑπάρχουσι.
1367 4386 1613 4451 Quamvis
1656 4403 1746 4439 nec
1769 4388 1912 4439 minu

1769 4388 1941 4439 minus
1964 4396 2306 4455 congruenter
2337 4386 2439 4457 legi
2478 4390 2637 4457 possit
2672 4389 2920 4444 ἔκπεινοι’
2942 4393 3035 4444 καὶ
3071 4393 3293 4461 ἔκδιψοι,
3320 4411 3455 4465 quae

225 4484 384 4537 verba
412 4482 569 4553 paulo
600 4491 713 4553 post
744 4484 797 4536 in
824 4482 934 4550 ipso
958 4495 1159 4550 quoque
1186 4486 1426 4532 contextu
1452 4487 1749 4531 occurrunt.
1781 4477 1871 4532 Ubi
1894 4493 2014 4547 ergo
2039 4484 2087 4529 et
2110 4479 2444 4546 manifestum
2475 4480 2593 4549 fuit,
2615 4481 2770 4533 verba
2797 4485 3023 4537 auctoris
3048 4500 3154 4537 esse
3182 4497 3450 4555 corrupta,

228 4585 280 4629 et
313 4576 595 4644 manifesta
628 4589 831 4642 quoque
862 4573 1235 4626 emendationis
1270 4570 1405 4625 ratio
1435 4571 1626 4640 patuit,
1659 4572 1965 4623 tentavimus
2005 4582 2270 4624 auctorem
2306 4573 2401 4626 sibi
2439 4575 2730 4626 restituere.
2768 4573 3039 4645 Aliquibus
3081 4594 3199 4631 vero
3234 4579 3290 4633 in
3330 4579 3453 4635 locis

228 4670 473 4726 Cotelerii
501 4671 769 4739 diligentia
803 4670 941 4722 nobis
970 4668 1222 4730 inserviit,
1253 4684 1315 4719 ex
1348 4666 1708 4735 manuscriptis
1741 4666 1993 4719 codicibus
2029 4666 2085 4718 in
2114 4665 2376 4721 Ecclesiae
2401 4666 2631 4721 Graecae
2662 4667 3027 4733 Monumentis,
3057 4687 3193 4739 quae
3231 4670 3454 4728 Parisiis

230 4763 399 4815 lucem
426 4761 799 4827 adspexerunt,
827 4760 1038 4814 subinde
1062 4761 1326 4813 variantes
1358 4757 1597 4810 lectiones
1624 4757 1944 4819 adnotantis,
1971 4774 2098 4826 quas
2129 4757 2209 4810 vel
2232 4759 2286 4811 in
2318 4760 2513 4811 textum
2546 4761 2830 4829 recepimus
2858 4761 2939 4812 vel
2969 4762 3035 4813 ad
3061 4762 3197 4815 latus
3225 4766 3451 4819 adnota-

227 4857 417 4909 vimus.
450 4854 643 4909 Latina
675 4854 840 4907 versio
871 4855 1158 4906 miserrime
1200 4854 1408 4905 omnino
1441 4867 1495 4905 se
1520 4850 1757 4913 habebat,
1790 4851 1917 4903 adeo
1946 4852 2173 4920 quidem,
2203 4862 2259 4905 ut
2294 4852 2470 4905 multis
2514 4854 2569 4905 in
2604 4852 2725 4906 locis
2751 4854 2902 4922 foeda
2928 4856 3213 4925 stribligine
3245 4868 3295 4912 et
3327 4861 3451 4912 bar-

228 4947 470 4999 barismis
509 4947 763 5010 horreret,
798 4962 889 4998 nec
927 4946 1229 5014 saepissime
1258 4960 1436 4996 verum
1465 4941 1685 4996 Macarii
1716 4958 1923 4995 sensum
1957 4944 2288 5011 exprimeret.
2318 4942 2565 4997 Dedimus
2604 4946 2765 5013 igitur
2802 4962 3035 5016 operam,
3071 4957 3179 5001 tum
3208 4958 3268 5003 ut
3291 4951 3451 5019 paulo

227 5038 395 5106 magis
432 5035 647 5088 Latinus
677 5037 744 5088 sit
774 5037 1047 5105 interpres,
1080 5045 1188 5088 tum
1219 5042 1275 5087 ut
1299 5032 1527 5101 fidelius,
1557 5048 1690 5102 quae
1729 5032 1945 5085 senserit
1978 5034 2087 5103 ipse
2122 5042 2321 5097 auctor,
2356 5051 2449 5087 suo
2488 5051 2723 5088 sermone
2756 5038 3009 5092 exhibeat.
3063 5038 3378 5112 Quanquam
3412 5044 3421 5114 ᾗ

227 5143 321 5178 nec
348 5127 422 5178 sic
453 5126 659 5194 quidem
684 5128 934 5196 possimus
966 5127 1239 5197 spondere,
1274 5124 1403 5178 nihil
1430 5140 1697 5194 superesse
1738 5125 1791 5177 in
1830 5126 2062 5179 versione
2104 5126 2349 5196 amplius,
2383 5126 2520 5197 quod
2554 5128 2821 5183 emendari
2858 5141 3141 5196 mereatur,
3183 5150 3341 5203 quum
3382 5138 3453 5189 sit

226 5215 607 5283 difficillimum,
640 5232 773 5285 quae
807 5226 1017 5286 peccata
1050 5226 1171 5269 sunt
1210 5215 1271 5268 ab
1312 5214 1450 5278 aliis,
1486 5216 1561 5267 ita
1603 5214 1752 5284 plene
1786 5214 2079 5279 sustollere,
2114 5225 2169 5269 ut
2204 5216 2380 5270 nullus
2420 5219 2643 5287 amplius
2678 5235 2868 5271 naevus
2907 5233 3182 5290 appareat.
3220 5223 3293 5277 Ac
3324 5227 3449 5278 mihi

226 5306 437 5376 quidem
470 5306 671 5375 facilius
699 5306 847 5377 longe
870 5308 1141 5361 videbatur
1170 5307 1301 5376 fore,
1331 5322 1517 5359 novam
1543 5306 1851 5359 concinnare
1882 5310 2183 5373 versionem,
2211 5325 2367 5377 quam
2396 5319 2616 5363 veterem
2645 5309 2795 5363 illam
2825 5319 2899 5363 tot
2928 5311 3051 5365 locis
3083 5315 3444 5384 incongruam.

225 5411 278 5457 et
310 5400 448 5454 male
478 5400 703 5455 auctoris
736 5403 895 5455 menti
927 5401 1319 5471 respondentem
1349 5401 1625 5471 corrigere.
1663 5401 1877 5455 Textum
1920 5403 1975 5454 in
2016 5405 2261 5456 sectibnes
2300 5404 2687 5474 dispescuimus,
2720 5389 3052 5474 interpretem
3087 5412 3445 5477 germanicum

224 5510 289 5547 ea
314 5495 369 5546 in
397 5509 453 5545 re
476 5494 657 5556 secuti,
682 5501 735 5545 ut
756 5494 1011 5557 videlicet,
1038 5496 1126 5562 qui
1153 5495 1509 5563 germanicum
1535 5494 1726 5546 idioma
1750 5511 1865 5545 cum
1891 5511 2079 5563 graeca
2105 5499 2329 5550 auctoris
2352 5500 2587 5552 oratione
2611 5499 2842 5567 conferre
2873 5501 3105 5568 cupiant,
3128 5502 3263 5570 quod
3288 5520 3446 5571 quae—

222 5596 369 5651 runt,
398 5588 622 5656 faciliori
645 5588 844 5657 negotio
874 5587 1101 5639 invenire
1124 5587 1340 5655 possint,
1369 5602 1459 5638 nec
1474 5586 1767 5653 ceteroquin
1796 5585 1977 5654 aliqua
2004 5588 2206 5639 oriatur
2225 5590 2405 5641 exinde
2429 5591 2677 5658 confusio.
2710 5588 2956 5652 Quamvis
2982 5580 3083 5644 non
3114 5608 3377 5661 negemus,
3401 5598 3449 5648 si

224 5687 408 5732 nostra
436 5679 673 5733 libertate
694 5681 769 5730 uti
791 5679 870 5731 hic
887 5678 1028 5731 nobis
1053 5678 1233 5731 datum
1256 5679 1452 5747 fuisset,
1480 5677 1643 5731 aliam
1665 5694 1755 5730 nos
1780 5678 1919 5730 haud
1946 5679 2295 5748 infrequenter
2323 5681 2671 5751 distinguendi
2692 5682 2949 5734 rationem
2974 5682 3129 5750 fuisse
3157 5690 3440 5739 secuturos.

220 5773 548 5843 Argumenta
568 5770 807 5824 Homiliis
824 5772 947 5839 ipsis
970 5772 1259 5839 praemissa
1283 5771 1589 5826 retinuimus
1612 5771 1840 5839 quidem,
1864 5774 2099 5841 quamvis
2124 5790 2227 5828 non
2246 5775 2408 5845 ipsius
2431 5776 2533 5829 sint
2553 5773 2795 5841 Macarii,
2814 5775 2905 5828 sed
2931 5777 3147 5830 alterius
3167 5778 3439 5831 cuiusdam

536 5864 805 5926 PATROL.
850 5866 963 5925 Gn.
1006 5865 1265 5926 XXXIV.
3011 5868 3081 5928 12
