4274 6358
253 411 359 465 557
1102 412 1191 467 AD
1228 407 1598 466 EDITIONEM
1637 409 1871 465 OPUSC.
1915 410 1969 465 S.
2011 407 2291 465 MACARII
2330 406 2661 462 AEGYPTII.
3366 405 3469 464 358

254 525 440 580 XLVII
563 523 857 596 Explicatio
892 524 1172 593 allegorica
1207 527 1533 596 quorundam
1567 527 1658 579 sub
1704 526 1809 595 lege
1840 524 2006 595 [bene]
2041 526 2315 593 factorum.

563 587 897 671 Qe'perfecta
928 587 1345 671 ﬁdeinDeum.”
1713 587 1771 671 μ’
1820 587 1857 671 ξ
2183 668 2192 671 _
2296 664 2306 671 _
2397 666 2406 671 _
2956 656 2983 671 μ
3367 587 3469 639 547

252 666 419 721 χω(
555 656 681 719 Νοη·
708 656 839 720 εαίἰε
876 656 947 719 est
974 668 1122 721 huius
1151 668 1347 721 saeculi
1391 666 1602 719 delicias
1646 666 1932 735 reliquisse,
1969 666 2066 719 nisi
2106 668 2217 734 quis
2254 664 2468 717 alterius
2499 662 2691 717 saeculi
2736 656 3103 713 beatitudinem
3153 673 3327 709 eonse-
3372 726 3471 778 ru

632 745 843 789 auatur.
2154 778 2155 781 η
3369 746 3435 777 θ.)

2154 778 2155 781 η
3369 753 3464 778 thI

251 807 294 860 L
556 753 943 878 Deiraelsutj'qui
969 824 1060 877 per
1086 817 1293 863 sanctos
1319 823 1437 881 suos
1466 816 1515 859 et
1546 814 1816 859 creaturas
1843 806 1947 859 edit
1976 806 2253 859 miracula.
3370 796 3464 849 561

248 943 566 1009 [Sequuntur
585 943 827 993 Homiliae
848 956 955 1006 pag.
982 942 1146 1003 1-566,
1169 944 1285 994 dein
1316 945 1472 995 Index
1491 942 2107 1069 rerummasifzn‘tjeiigteiflrmum]
2125 942 2175 992 in
2217 945 2274 993 Β.
2302 941 2507 993 Macarii
2548 938 2776 992 Homiliis
2820 946 3142 991 contentarum
3178 938 3471 1000 atplmbetico

1229 1352 1759 1443 EIUSDEM
1832 1351 2500 1443 PRAEFATIO

870 1553 964 1616 AD
1006 1550 1421 1612 EDlTIONEM
1480 1548 2033 1610 OPUSCULORUM
2076 1551 2134 1609 S.
2184 1550 2496 1613 MACARII
2540 1554 2889 1615 AEGYPTII

1721 1731 1772 1768 IN
1784 1730 2028 1769 SCRIPTAII
2065 1754 2078 1767 .

247 1862 431 1937 Sancti
468 1858 643 1913 Patris
682 1856 900 1937 Macarii
931 1854 1167 1937 Aegyptii
1208 1850 1475 1937 Opuscula‘
1504 1850 1757 1937 nonnulla
1786 1857 1847 1903 et
1881 1850 2361 1937 Apoghtl‘tegmata.‘
2390 1851 2473 1937 Io;
2498 1852 2974 1937 Geor-qiusuPritius‘
3010 1853 3231 1937 collegit,
3272 1855 3473 1937 rguit/it,

328 1933 551 1984 latinam
602 1930 882 1981 versionem
913 1922 1139 1978 studiesc
1187 1922 1510 1995 emendavit,
1547 1922 1898 1995 indicillusquc
1948 1922 2157 1995 adiectis
2200 1924 2382 1995 edidit.
2434 1922 2563 1976 Cum
2612 1924 2891 1995 Iirivilegio
2939 1924 2993 1977 S.
3042 1922 3232 1994 lleg’iae
3267 1926 3471 1995 Majest.

323 2003 509 2055 Paton.
554 2007 602 2051 et
636 1998 801 2051 Elect.
835 1996 962 2050 Sam.
1004 1995 1231 2064 Lipsiae,
1266 1994 1320 2045 in
1367 1990 1660 2060 bibliopolio
1702 1990 2000 2045 Crassiana.
2048 1992 2233 2045 Literis
2274 1993 2565 2063 Christoph.
2629 1990 2923 2048 Fleisclieri.
2969 1990 3131 2048 Anno'
3149 1995 3230 2049 (1.)
3260 1990 3360 2049 loc'
3386 1996 3471 2050 lC.

324 2244 445 2298 Viro
474 2242 754 2313 magniﬁco
795 2242 1030 2295 Adriano
1071 2241 1283 2311 Stegero
1324 2241 1451 2305 Icto,
1493 2242 1793 2294 scabinatus
1828 2240 2120 2293 electoralis
2162 2240 2419 2293 adsessori
2463 2248 2511 2292 et
2545 2241 2765 2295 civitatis
2812 2240 3090 2313 Lipsiensis
3135 2244 3333 2298 consuli
3384 2247 3477 2298 Ιιοσ

247 2348 482 2408 tempore
518 2339 715 2407 regenti
757 2338 1060 2407 gravissimo
1104 2340 1214 2390 viro
1252 2338 1313 2390 de
1354 2340 1530 2407 patria
1556 2336 1965 2406 splendidissime
1998 2338 2201 2399 merito,
2238 2336 2378 2389 Haec
2421 2335 2641 2391 Macarii
2680 2350 3015 2392 monumenta
3059 2358 3091 2393 a
3136 2358 3190 2394 se
3231 2344 3397 2395 revisa
3429 2350 3480 2395 et

245 2432 530 2489 emendata
556 2447 713 2485 sacra
743 2446 849 2484 esse
887 2431 1022 2484 iubet
1054 2434 1189 2485 tanti
1230 2432 1452 2484 nominis
1491 2437 1770 2499 perpetuus
1799 2428 1967 2481 cultor
2000 2427 2079 2482 Io.
2119 2427 2366 2497 Georgius
2401 2427 2617 2481 Pritius.
2654 2429 2663 2495 |

1649 2678 1737 2733 Vir
1788 2680 2095 2751 magnifice!

318 2792 457 2849 Cum
496 2811 670 2865 nuper
706 2795 998 2849 admodum
1040 2796 1258 2849 Macarii
1304 2796 1563 2851 llomilias
1599 2798 1781 2852 studio
1811 2799 2178 2867 qualicunque
2220 2806 2406 2852 nostro
2448 2798 2674 2868 politius
2710 2799 2928 2869 prodire
2960 2801 3282 2866 faceremus,
3320 2802 3481 2859 fidem

247 2887 459 2955 pariter
490 2886 983 2958 obstringebamus,
1015 2888 1151 2952 fore,
1184 2899 1244 2943 ut
1273 2888 1425 2943 brevi
1458 2905 1677 2959 quoque
1709 2899 1973 2959 tempore,
2000 2905 2137 2959 quae
2170 2890 2379 2960 reliqua
2404 2898 2588 2945 essent
2615 2890 2853 2954 Macarii,
2884 2893 3001 2961 pari
3031 2895 3242 2949 ratione
3266 2912 3296 2949 a
3322 2897 3483 2949 nobis

246 2979 541 3033 emendata
571 2992 1052 3049 consequerentur.
1098 2981 1268 3047 Quam
1305 2982 1603 3037 dissolvere
1647 2998 1813 3046 nunc,
1850 2982 1994 3051 quod
2029 2982 2156 3035 boni
2198 2991 2281 3035 est
2323 2981 2605 3045 debitoris,
2642 2998 2766 3036 cum
2801 2983 2943 3052 apud
2991 2985 3233 3040 animum
3275 2988 3481 3042 consti-

248 3072 547 3137 tuerimus,
592 3073 674 3127 Tu
709 3074 997 3143 imprimis,
1040 3075 1123 3128 vir
1153 3076 1486 3146 amplissima
1513 3077 1743 3131 illustris
1778 3078 2124 3141 auctoritate,
2157 3075 2489 3130 obveniebas
2517 3077 2717 3141 animo,
2752 3078 2839 3131 cui
2870 3080 3134 3148 quicquid
3173 3080 3228 3134 id
3256 3094 3341 3138 est
3374 3090 3486 3137 tra-

247 3162 479 3217 deretur
521 3165 575 3217 in
598 3166 924 3219 clientelam.
960 3166 1235 3220 Summam
1259 3167 1529 3237 Opuscula
1566 3170 1701 3224 haec
1728 3176 1785 3224 et
1819 3168 1961 3223 dicta
1988 3169 2202 3223 Macarii
2240 3168 2447 3237 spirant
2477 3168 2681 3236 ubique
2719 3168 2998 3236 pietatem,
3031 3186 3170 3239 quae
3203 3173 3484 3228 coelestis-

246 3256 390 3310 sima
427 3257 604 3310 virtus
659 3267 940 3328 tantOpere
991 3258 1111 3312 Tibi
1153 3260 1305 3313 cordi
1338 3268 1422 3314 est
1458 3268 1514 3315 et
1564 3277 1750 3327 curae,
1795 3271 1856 3315 ut
1896 3260 2316 3331 haudquaquam
2362 3260 2484 3314 Tibi
2530 3259 2665 3313 satis
2702 3258 2869 3311 fuerit
2915 3258 3122 3328 ingenti
3161 3262 3485 3329 prudentiae

248 3349 431 3403 civilis
465 3349 659 3406 ﬂorere
687 3352 867 3415 laude,
914 3362 968 3407 et
999 3355 1401 3423 cepiosissimas
1446 3356 1742 3424 sapientiae
1781 3355 1959 3409 omnis
2002 3355 2284 3424 possidere
2326 3368 2478 3423 epes,
2524 3351 2631 3405 nisi
2680 3362 2735 3405 et
2772 3351 3002 3405 eandem
3041 3353 3484 3421 exquisitissimis

250 3438 393 3505 istis,
435 3444 635 3511 quibus
671 3444 936 3509 abundas,
972 3446 1130 3499 bonis
1167 3446 1510 3517 adiungeres,
1540 3464 1679 3517 quae
1715 3448 1858 3501 bona
1898 3449 2003 3501 iam
2042 3463 2163 3502 esse
2200 3447 2479 3510 desinunt,
2512 3446 2558 3498 si
2596 3446 2871 3509 comitem,
2906 3447 2992 3499 vel
3028 3445 3222 3499 ducem
3256 3450 3483 3514 rectius,

247 3547 362 3587 non
394 3534 630 3587 habeant
670 3536 945 3603 pietatem.
993 3536 1232 3600 Memini,
1273 3552 1376 3591 nec
1418 3539 1537 3591 sine
1570 3538 1577 3608 |
1608 3538 1884 3608 voluptate
1921 3539 2145 3592 memini
2181 3537 2592 3606 prudentissimi
2642 3537 2789 3590 illius
2827 3537 3114 3599 sermonis,
3150 3554 3313 3607 quem
3347 3543 3485 3597 hau-

250 3623 363 3679 rire
388 3624 702 3694 aliquando,
736 3642 857 3680 cum
889 3627 1048 3681 ofﬁcii
1086 3644 1247 3683 causa
1278 3629 1353 3683 Te
1394 3638 1710 3684 reverenter
1746 3630 2057 3691 salutarem,
2098 3645 2164 3683 ex
2203 3645 2300 3684 ore
2325 3630 2443 3683 Tuo
2474 3627 2874 3698 sapientissimo
2902 3628 3037 3682 mihi
3080 3629 3313 3687 feliciter
3351 3650 3484 3688 con-

246 3716 394 3786 tigit,
420 3732 545 3770 cum
580 3718 648 3773 de
683 3720 901 3789 pietatis
929 3721 1110 3774 studio
1133 3732 1277 3776 recte
1309 3732 1365 3775 et
1390 3737 1498 3775 non
1533 3722 1819 3776 ambitiose
1856 3720 2155 3775 excolendo
2180 3737 2310 3775 sane
2343 3735 2506 3789 quam
2543 3720 2946 3789 elegantissime
2986 3720 3305 3788 dissereres,
3334 3735 3394 3779 ut
3430 3738 3488 3781 et

250 3808 379 3863 ﬁdei
420 3810 713 3877 puritatem
752 3826 875 3864 cum
913 3826 1044 3865 cura
1080 3812 1511 3875 custodiendam,
1534 3820 1591 3865 et
1617 3813 1760 3865 vitae
1793 3821 1973 3865 tamen
2011 3810 2229 3863 insimul
2268 3808 2610 3862 sanctitatem
2646 3808 2927 3871 fervidius,
2966 3824 3128 3877 quam
3164 3812 3327 3880 vulgo
3366 3813 3485 3868 fieri

247 3898 481 3965 adsolet,
519 3900 801 3953 colendam
827 3916 967 3963 esse,
1002 3901 1320 3970 tempestive
1359 3900 1649 3953 admodum
1688 3900 2031 3970 graviterque
2071 3914 2342 3952 moneres.
2383 3898 2578 3951 Fateor
2618 3898 2917 3961 enimvero,
2946 3900 3031 3955 his
3076 3902 3237 3957 dictis
3266 3904 3396 3959 Tuis
3430 3906 3487 3960 in

248 3995 419 4049 animi
455 3996 735 4065 proposito
762 3996 830 4049 de
868 3997 1087 4051 virtutis
1126 3996 1306 4050 studio
1335 3996 1731 4065 amplectende,
1776 4004 1831 4049 et
1867 4005 2015 4048 recto
2060 3994 2127 4047 de
2163 3992 2532 4047 incidentibus
2561 3994 2949 4048 controversiis
2976 4010 3160 4060 sensu,
3188 4012 3274 4051 me
3322 4013 3483 4066 prae-

248 4085 398 4140 clare
428 4085 594 4139 fuisse
636 4085 1035 4140 confirmatum.
1083 4086 1319 4140 Mirabar
1359 4101 1491 4139 vero
1525 4085 1764 4147 insimul,
1806 4084 2006 4146 virum,
2053 4083 2283 4151 negotiis
2335 4081 2589 4135 civilibus
2628 4080 2956 4146 districtum,
2997 4094 3052 4138 et
3097 4084 3153 4137 in
3204 4085 3485 4156 republica

248 4177 500 4245 quotidie
543 4185 872 4241 versantem,
912 4177 979 4231 de
1024 4177 1188 4230 rebus
1219 4178 1419 4245 pariter
1460 4177 1660 4231 divinis
1706 4184 1813 4229 tam
1847 4183 2115 4244 prompte,
2156 4181 2263 4227 tam
2306 4174 2593 4241 exquisite,
2630 4182 2848 4242 tamque
2885 4175 3055 4228 solide
3083 4192 3243 4245 posse
3272 4193 3482 4233 sermo-

249 4266 447 4319 cinari.
482 4265 588 4320 Sed
617 4282 681 4321 ea
711 4282 1030 4337 magnorum
1059 4268 1322 4331 virorum,
1359 4282 1498 4335 quos
1531 4282 1661 4320 cura
1704 4266 1981 4320 felicitatis
2022 4280 2150 4317 suae
2187 4272 2355 4325 tenet,
2392 4267 2532 4319 ratio
2566 4276 2667 4328 est,
2709 4273 2770 4319 ut
2816 4266 2954 4320 levia
2989 4268 3170 4321 omnia
3205 4282 3327 4324 esse
3363 4272 3482 4324 exi-

250 4340 499 4419 sthnent,
532 4358 759 4409 summis
788 4358 994 4427 fulgere
1024 4357 1342 4420 honoribus,
1366 4356 1762 4417 circumfluere,
1793 4372 1929 4423 quae
1963 4355 2017 4407 in
2052 4354 2210 4407 bonis
2243 4361 2389 4417 sunt,
2422 4356 2697 4418 omnibus,
2734 4358 2977 4411 scientiis
3011 4359 3335 4414 instructum
3363 4378 3482 4416 esse

249 4450 749 4515 excellentissimis,
785 4452 891 4506 nisi
933 4461 989 4506 et
1021 4452 1233 4506 colendi
1280 4452 1527 4505 Numinis
1577 4450 1796 4503 modum
1834 4450 2121 4503 sollicitius
2163 4448 2510 4517 investigent,
2556 4449 3045 4520 investigatumque
3079 4451 3224 4506 haud
3263 4454 3483 4522 segnius

251 4539 548 4593 retineant.
576 4540 732 4595 Haud
761 4556 893 4611 ergo
921 4542 1190 4611 ingratum
1223 4542 1458 4596 arbitror
1486 4541 1606 4595 Tibi
1632 4542 1747 4594 fore
1780 4541 1883 4593 hoc
1912 4540 2316 4603 munusculum,
2349 4539 2653 4593 Macariana
2680 4540 2973 4609 Opuscula,
3008 4543 3017 4611 |
3048 4556 3192 4607 cum,
3225 4544 3268 4597 si
3296 4545 3480 4600 cuius-

251 4646 419 4699 quam
447 4632 590 4687 alius
621 4633 825 4703 ingenii
855 4641 1227 4695 monumenta,
1261 4648 1349 4686 res
1380 4631 1748 4685 divinissimas
1776 4628 2057 4697 bonaeque
2088 4627 2280 4696 frugis,
2315 4628 2367 4680 in
2409 4636 2685 4682 aeternam
2715 4644 2932 4698 quoque
2968 4631 3134 4685 vitam
3163 4631 3476 4693 duraturae,

250 4722 622 4779 fertilissimus
655 4725 989 4779 contineant.
1022 4725 1339 4779 Cuiusmodi
1370 4724 1736 4779 voluminibus
1764 4723 1907 4776 haud
1938 4722 2069 4775 mihi
2097 4723 2338 4792 ignotum
2366 4731 2467 4784 est,
2494 4730 2755 4791 quantum
2788 4739 2933 4778 nunc
2974 4725 3281 4789 delecteris,
3307 4726 3467 4779 decli-

248 4818 394 4872 viori
438 4822 757 4888 praesertim
796 4830 972 4874 aetate
1010 4822 1075 4874 ad
1114 4822 1302 4875 beatae
1350 4821 1477 4874 hinc
1519 4819 1929 4889 demigrationis
1969 4816 2375 4869 meditationem
2422 4816 2496 4870 Te
2529 4817 2814 4883 invitante,
2851 4830 2909 4873 ut
2942 4820 3373 4890 quandocunque
3405 4820 3479 4873 Te

248 4924 483 4965 evocare
517 4912 781 4979 placuerit
824 4912 887 4965 ad
929 4911 1105 4965 felicia
1152 4913 1242 4965 illa
1278 4928 1439 4981 regna
1478 4928 1573 4965 sua
1617 4913 1747 4973 Deo,
1793 4911 1868 4965 Te
1912 4912 2233 4964 inventurus
2265 4912 2336 4964 sit
2374 4911 2629 4964 omnibus
2662 4912 2952 4965 momentis
2994 4912 3060 4965 ad
3096 4912 3346 4966 ultimum
3376 4914 3481 4965 iter

251 5002 671 5070 ingrediendum
711 5004 1134 5071 paratissimum.
1172 5003 1283 5072 Ego
1322 5018 1453 5056 vero
1496 5018 1561 5056 ex
1608 5004 1788 5055 animo
1832 5012 1981 5072 opto,
2018 5012 2078 5056 ut
2114 5002 2561 5071 benignissimum
2606 5003 2817 5057 Numen
2860 5003 2955 5066 Te,
2995 5003 3081 5055 vir
3116 5004 3475 5069 nobilissime,

252 5093 400 5146 inter
431 5100 542 5147 tota
575 5093 810 5163 egregia,
839 5092 1037 5163 quibus
1066 5092 1246 5161 Lipsia
1274 5108 1389 5145 mea
1420 5092 1486 5145 ad
1521 5092 1779 5145 invidiam
1806 5093 2115 5155 eﬂlorescit,
2148 5092 2344 5146 decora
2370 5092 2464 5146 diu
2493 5093 2671 5149 adhuc
2701 5101 2756 5147 et
2784 5109 3009 5162 corpore
3045 5105 3099 5149 et
3132 5098 3311 5150 animo
3340 5099 3475 5150 vali-

253 5186 387 5240 dum
418 5196 704 5241 conservet
735 5204 748 5239 :
777 5186 851 5239 ita
880 5188 1024 5240 enim
1051 5195 1107 5239 et
1141 5186 1345 5256 patriae
1376 5200 1547 5247 meae,
1579 5184 1663 5237 vel
1697 5183 1909 5237 absenti
1944 5183 2275 5247 carissimae,
2310 5185 2670 5254 prospicietur
2687 5201 2851 5255 porro
2881 5187 3226 5251 utilitatibus,
3252 5189 3476 5257 Tuaque

252 5283 452 5338 merita
482 5284 653 5353 magis
681 5288 959 5353 magisque
993 5284 1233 5352 impense
1278 5282 1640 5351 augebuntur.
1680 5280 1754 5332 De
1785 5280 1965 5333 favore
1996 5279 2134 5341 Tuo,
2185 5279 2343 5333 toties
2370 5296 2398 5332 a
2445 5280 2520 5334 Te
2563 5291 2619 5335 et
2658 5283 2910 5334 universa
2950 5281 3285 5336 nobilissima
3316 5292 3474 5353 gente

252 5375 371 5430 Tua
400 5375 532 5429 mihi
560 5374 950 5439 demonstrato,
979 5376 1083 5428 iam
1111 5391 1217 5428 non
1242 5375 1474 5443 amplius
1501 5372 1751 5426 dubitare
1776 5387 1861 5425 me
1885 5372 2089 5439 patitur
2118 5371 2279 5423 animi
2304 5371 2403 5424 Tui
2426 5372 2865 5425 conslantissima
2891 5373 3285 5436 benevolentia,
3308 5389 3473 5441 quam

249 5475 400 5522 certe
426 5476 482 5520 et
511 5467 779 5537 religiosis
804 5469 1058 5536 precibus
1081 5484 1451 5537 compensare,
1476 5476 1549 5527 et,
1591 5466 1633 5518 si
1666 5482 1771 5533 qua
1806 5481 2048 5533 possum,
2088 5464 2419 5518 inserviendi
2460 5466 2891 5533 promptitudine
2932 5466 3142 5520 nutrire
3184 5466 3472 5521 studiosis-

249 5558 389 5613 sime
417 5569 631 5623 semper
662 5556 927 5609 connilar.
961 5558 1107 5612 Vale.
1142 5557 1353 5627 Lipsiae
1386 5556 1472 5610 die
1502 5555 1565 5607 Vl
1602 5553 1794 5607 Iduum
1831 5554 2005 5609 Martii
2046 5555 2199 5609 Anno
2230 5553 2291 5605 ει.
2322 5552 2384 5607 Ο.
2419 5554 2503 5607 cl.)
2544 5570 2623 5608 ωε
2659 5554 2736 5608 lC.
2772 5556 2781 5624 Ι
