4274 6358
816 374 925 437 359
1907 363 2001 419 JO.
2041 360 2314 418 GEORGII
2358 360 2561 415 PRlTll
2602 356 2984 414 PRAEFATIO
3550 372 3551 375 ‘
3936 350 4043 408 560

864 486 3994 519 ______________________________.__________.

1814 653 1983 753 IO.
2077 653 2573 749 GEORGII
2664 649 3046 743 PRITII

1471 870 1565 926 SS.
1607 866 2041 927 THEOLOGIAE
2099 863 2483 921 LICENTIATI
2518 861 2605 918 ΕΤ
2644 858 3104 917 PROFESSORIS
3138 858 3403 917 PUBLICI

1659 1046 1770 1107 AD
1811 1039 2304 1106 MACARIANA
2352 1036 2627 1102 OPERA
2670 1037 3163 1100 PRAEFATIO.

893 1422 935 1477 Ι.
958 1421 1093 1478 Cum
1118 1417 1295 1477 Patris
1334 1414 1660 1471 sanctissimi
1691 1414 2038 1484 nominisque
2065 1414 2121 1468 in
2136 1412 2378 1468 Ecclesia
2405 1418 2451 1475 Α
2480 1411 2613 1467 tonii
2666 1412 2935 1481 discipulo
2980 1427 3198 1467 sacrum
3246 1426 3366 1467 esse
3397 1420 3452 1466 et
3493 1424 3740 1469 sanctum
3784 1423 4036 1469 testatur.

823 1516 1063 1580 maximi,
1110 1512 1285 1583 magni
1313 1509 1456 1564 illius
1476 1506 1711 1571 Macarii,
1736 1516 2083 1561 monumenta
2117 1522 2255 1576 quae
2287 1522 2379 1560 re-
2477 1506 2796 1576 Quanquam
2817 1506 3124 1561 Galesinius
3145 1514 3201 1561 et
3241 1506 3504 1560 Baronius
3541 1506 3655 1561 suis
3701 1507 3756 1561 in
3779 1507 4041 1577 Martyro-

826 1606 993 1675 periri
1011 1610 1303 1675 potuerunt
1328 1599 1527 1662 omnia,
1555 1597 1923 1652 divinissimae
1940 1596 2234 1665 sapientiae
2260 1596 2377 1664 ple-
2476 1597 2634 1667 logiis
2654 1596 2821 1665 priori
2872 1597 2949 1650 illi
2988 1595 3336 1650 Alexandrini
3379 1595 3704 1649 vocabulum
3744 1595 4036 1656 adiiciunt.

825 1696 1067 1760 nissima,
1127 1703 1188 1748 ut
1230 1692 1456 1747 collecta
1501 1705 1531 1743 a
1557 1688 1715 1743 nobis
1751 1696 1807 1743 et
1861 1688 2039 1741 studio
2085 1700 2193 1739 non
2220 1685 2379 1754 plane
2478 1700 2538 1744 ut
2560 1689 2683 1743 inde
2708 1689 3065 1757 posteriorem
3088 1688 3408 1759 Aegyptium
3428 1703 3546 1742 esse
3566 1688 3824 1742 hariolari
3852 1689 4033 1743 liceat.

851 1786 976 1840 tullo
1025 1784 1203 1838 revisa
1240 1791 1388 1846 sunt,
1443 1778 1709 1849 prodeant
1758 1792 1905 1830 nunc
1952 1776 2008 1827 in
2056 1774 2373 1843 ρυωίειιιηε
2477 1782 2726 1837 Vicissim
2749 1790 2929 1835 tamen
2953 1781 3245 1846 Palladius,
3287 1795 3409 1833 cum
3432 1779 3499 1834 de
3522 1779 3753 1834 Macario
3774 1778 4039 1850 Aegyptio

824 1875 1044 1931 lectoris
1077 1877 1335 1929 interesse
1366 1880 1635 1941 putamus,
1684 1877 1746 1923 ut
1767 1883 1875 1921 non
1900 1877 2108 1920 tantum
2132 1881 2268 1935 quae
2310 1864 2377 1918 ad
2477 1871 2604 1942 agit,
2632 1870 2766 1925 adeo
2788 1885 2897 1924 non
2924 1878 3209 1932 memorat,
3243 1867 3478 1923 eundem
3526 1867 3749 1922 Antonii
3795 1868 4039 1937 discipu-

825 1967 1002 2037 ipsum
1029 1965 1337 2028 Macarium,
1376 1964 1470 2018 sed
1496 1972 1552 2016 et
1572 1976 1709 2030 quae
1732 1959 1799 2013 ad
1827 1959 1974 2013 illius
2021 1957 2197 2025 Opera
2248 1956 2379 2009 insi—
2476 1962 2590 2016 lum
2634 1960 2825 2025 fuisse,
2876 1970 2936 2015 ιη
2975 1960 3029 2013 id
3077 1960 3260 2029 potius
3284 1958 3352 2013 de
3402 1958 3636 2013 Macario
3668 1959 4038 2013 Alexandrino

824 2072 1089 2129 gnemque
1111 2056 1275 2118 illam,
1304 2069 1442 2124 quae
1464 2050 1795 2107 admirabilis
1822 2048 1878 2102 in
1906 2048 1998 2102 illo
2021 2057 2123 2110 est,
2148 2045 2377 2100 docendi
2478 2051 2677 2106 referat
2707 2051 2805 2121 (.l).
2830 2052 2937 2106 Res
2961 2066 3092 2121 ergo
3136 2051 3271 2105 haec
3301 2064 3421 2104 esse
3473 2049 3691 2104 videtur
3736 2050 3791 2104 in
3824 2050 3833 2119 Ι
3866 2060 4036 2115 certa,

824 2149 1112 2211 rationem.
1144 2155 1199 2201 ει
1242 2154 1481 2200 nostram
1525 2142 1779 2211 denique,
1812 2155 1975 2209 quam
2020 2138 2166 2192 Patri
2211 2152 2376 2190 νθηο-
2477 2144 2581 2198 nisi
2603 2144 2803 2212 aliquis
2830 2157 2953 2197 cum
2975 2143 3137 2196 Petro
3162 2142 3388 2196 Possino
3418 2140 3485 2195 de
3525 2149 3760 2210 utroque
3807 2156 4037 2212 persua-

825 2241 996 2295 rando
1027 2250 1087 2295 ut
1113 2238 1233 2294 orbi
1254 2238 1468 2292 literato
1508 2234 1717 2304 integer
1749 2232 2051 2295 sisteretur,
2099 2226 2375 2299 praestiti-
2476 2234 2594 2289 deri
2619 2235 2721 2289 sibi
2748 2234 2909 2298 sinat,
2935 2250 3038 2287 ηοη
3072 2233 3207 2303 [σιω
3246 2234 3449 2287 eosdem
3499 2233 3714 2288 Αηεοηξί
3757 2233 4039 2303 discipula.

826 2348 949 2386 mus
998 2346 1237 2401 operam,
1292 2328 1567 2398 pertinere
1609 2325 1905 2386 videntur,
1948 2322 2004 2375 in
2055 2321 2159 2375 hoc
2210 2319 2379 2375 veluti
2476 2328 2671 2391 vocari,
2723 2328 2912 2396 quippe
2955 2327 3045 2396 qui
3102 2326 3327 2379 viderint
3373 2324 3528 2379 illum
3591 2325 4036 2395 audiverintque,

825 2422 1096 2478 vestibulo
1138 2419 1529 2483 exhibeantur;
1580 2416 1635 2471 id
1665 2414 1810 2485 quod
1868 2428 2041 2482 nuper
2064 2409 2375 2474 admodum,
2478 2418 2712 2487 quamvis
2757 2418 3011 2470 seniorem
3052 2416 3282 2480 iuuenes,
3316 2432 3379 2469 ac
3397 2432 3511 2469 sero
3548 2416 3760 2468 tandem
3784 2425 3833 2468 et
3852 2418 4036 2480 obiter,

825 2527 952 2567 cum
982 2508 1243 2567 Homilias
1269 2508 1594 2580 praecedere
1618 2516 1826 2578 partem
1853 2506 1991 2560 hanc
2011 2504 2237 2559 alteram
2292 2504 2377 2557 iu-
2477 2522 2592 2559 cum
2616 2505 2685 2558 ad
2721 2506 2891 2575 ipsum
2930 2504 2999 2558 ad
3027 2505 3230 2557 brevem
3275 2506 3664 2558 uenerationem
3712 2514 3881 2558 essent
3914 2522 4040 2576 pro-

825 2596 1105 2663 beremus,
1134 2598 1336 2652 fuimus
1360 2597 1612 2667 polliciti.
2478 2598 2614 2667 fecti,
2643 2614 2762 2651 mox
2786 2599 2974 2651 iterum
3003 2598 3071 2650 ad
3093 2596 3436 2651 habitationes
3482 2614 3630 2662 suas,
3674 2614 3809 2668 quae
3847 2617 3881 2652 a
3924 2607 4038 2652 sta-

898 2689 965 2744 ll.
994 2690 1140 2744 Duos
1162 2698 1340 2744 autem
1368 2689 1471 2743 hoc
1493 2687 1731 2758 insignes
1783 2684 2048 2755 imprimis
2078 2684 2297 2739 nomine
2323 2683 2379 2737 in
2411 2751 2448 2759 _
2480 2689 2617 2741 tione
2645 2686 2860 2743 Antonii
2882 2687 3167 2758 plurimum
3191 2687 3403 2741 dissitae
3425 2688 3638 2758 fuerint,
3657 2692 3914 2743 reversuri
3939 2688 4035 2759 (5).

826 2780 1057 2835 historia
1108 2794 1198 2834 res
1235 2751 1628 2848 personasque.
1649 2751 2041 2831 ecclesiasticas
2076 2781 2379 2844 exponente
2411 2751 2453 2805 Β
2478 2780 2589 2834 Nec
2631 2789 2778 2834 certe
2819 2751 3070 2833 videmus
3102 2777 3233 2848 quid
3277 2751 3475 2843 obstet,
3522 2751 3643 2843 cur,
3681 2794 3805 2833 cum
3844 2751 4040 2834 eodem

822 2884 1118 2925 occurrere
1147 2870 1351 2932 videas,
1392 2883 1623 2937 quorum
1650 2881 1819 2921 unum
1848 2866 2140 2921 Macarium
2191 2864 2382 2919 dicunt
2482 2880 2722 2937 tempore
2744 2883 2867 2921 cum
2892 2866 3126 2922 Antonio
3172 2867 3405 2921 vixerint
3446 2868 3687 2935 Macarii,
3716 2884 3839 2923 cum
3871 2870 4039 2924 vitam

824 2961 1164 3033 Aegyptium,
1199 2961 1429 3014 alterum
1461 2974 1591 3013 vero
1612 2957 2028 3012 Alexandrinum
2053 2973 2067 3022 ;
2088 2956 2183 3011 sed
2208 2957 2379 3020 ambo,
2480 2960 2534 3013 in
2569 2958 2860 3013 solitudine
2890 2958 3247 3013 sanctissimis
3304 2958 3754 3015 meditationibus
3796 2959 4040 3015 deditam

825 3061 890 3107 ut
908 3052 1071 3107 habet
1110 3051 1471 3121 Menologium
1508 3052 1812 3120 antiquum,
1851 3047 2219 3103 exercitatione
2265 3064 2379 3101 mo-
2478 3050 2773 3103 consectati
2816 3048 3023 3103 fuerint
3046 3048 3147 3119 (6),
3181 3049 3341 3102 cuius
3388 3048 3623 3104 instituti
3647 3051 3901 3120 princeps
3922 3060 4042 3105 erat

827 3144 1051 3206 nastica,
1104 3143 1232 3205 vita,
1277 3141 1525 3205 moribus,
1588 3138 1890 3193 admirabili
1922 3138 1931 3209 |
1964 3137 2280 3191 abstinentia
2331 3144 2380 3189 et
2477 3139 2763 3205 Antonius,
2788 3139 2937 3196 credi
2961 3156 3071 3195 non
3103 3140 3294 3210 possit,
3322 3140 3388 3195 ad
3412 3141 3650 3196 eundem
3676 3157 3735 3196 se
3761 3143 4040 3213 recepisse

827 3233 1092 3290 miraculis
1127 3232 1270 3301 {uere
1317 3230 1547 3283 illustres
1569 3229 1667 3301 (l).
1696 3229 1807 3283 Nec
1826 3228 2009 3282 minus
2032 3236 2087 3281 et
2109 3226 2377 3294 Socrates,
2478 3230 2624 3285 viros
2647 3230 2781 3285 istos
2803 3229 3124 3299 disciplinae
3151 3231 3426 3302 rigidioris
3449 3232 3899 3296 studiosissimos,
3929 3244 4041 3289 uta

825 3320 1222 3377 ecclesiasticae
1250 3319 1507 3373 historiae
1528 3317 1793 3380 conditor,
1821 3317 2005 3379 refert,
2042 3316 2209 3371 fuisse
2252 3317 2380 3370 duos
2477 3322 2597 3376 viro
2622 3320 2921 3377 sanctitatis
2956 3322 3211 3392 opinione
3242 3324 3391 3377 claro
3434 3323 3491 3377 in
3512 3339 3599 3389 eo,
3660 3324 3811 3395 quod
3857 3339 4044 3381 susce-

822 3414 962 3466 inter
1000 3412 1274 3465 monachos
1314 3408 1489 3462 eodem
1520 3416 1747 3478 tempore
1764 3408 1921 3471 viros,
1966 3407 2073 3460 Deo
2106 3406 2376 3473 amabiles,
2478 3422 2689 3483 perant,
2720 3413 2864 3467 vitae
2887 3413 3166 3482 proposito
3188 3413 3663 3468 conﬁrmarentur.

826 3512 1105 3571 utrumque
1129 3499 1349 3554 Macarii
1382 3499 1617 3561 nomine,
1646 3515 1808 3549 unum
1842 3513 1904 3550 ex
1944 3498 2176 3567 Aegypto
2220 3514 2376 3567 supe-
2546 3502 2633 3557 IV.
2664 3502 2768 3557 Sed
2791 3510 3029 3571 praestat
3062 3503 3303 3572 singulos
3330 3504 3531 3558 intueri
3553 3505 3885 3560 distinctius.
3932 3505 4044 3561 Ma-

826 3596 983 3658 riore,
1010 3592 1234 3645 alterum
1251 3589 1685 3652 Alexandrinum,
1713 3598 1991 3656 utrumque
2026 3587 2201 3641 multis
2230 3588 2376 3642 rebus
2477 3594 2657 3648 carius
2682 3592 2865 3664 igitur,
2900 3608 3061 3663 quem
3084 3593 3404 3664 Aegyptium
3433 3604 3486 3650 et
3512 3597 3782 3651 seniorem
3827 3597 4040 3663 dicunt,

826 3683 1101 3751 insignem,
1143 3687 1192 3733 et
1214 3680 1470 3749 imprimis
1505 3687 1720 3749 propter
1745 3678 2134 3741 abstinentiam,
2163 3692 2376 3730 conuer-
2477 3700 2509 3739 θ
2533 3685 2757 3755 regione
2775 3684 3051 3739 Thebaide
3092 3700 3247 3738 suam
3294 3687 3457 3740 traxit
3472 3686 3742 3756 originem
3784 3688 3885 3756 (7),
3910 3689 4039 3742 ῃο-

821 3776 1098 3836 sationem.
1137 3786 1324 3834 πιοτεεν
1358 3769 1734 3839 τηίτααιιαιιιιε,
1770 3785 1901 3840 quae
1935 3785 2112 3823 eorum
2142 3770 2378 3824 manibus
2478 3785 2631 3831 rente
2658 3776 2766 3830 iam
2824 3784 2999 3830 aetate
3042 3785 3243 3830 etcum
3278 3777 3457 3831 adhuc
3476 3786 3621 3832 esset
3664 3779 3899 3843 iuvenis,
3928 3781 4041 3833 vir-

828 3864 902 3937 (2)
936 3863 1369 3935 perpetrabantur
1404 3862 1499 3932 (3).
2476 3865 2607 3919 tutis
2636 3863 2877 3918 studium
2918 3864 3369 3933 amplectebatur,
3396 3875 3617 3934 tamque
3642 3877 3864 3921 austero
3890 3870 4038 3923 vitae

894 3953 983 4008 Ill.
1017 3952 1196 4009 Unum
1220 3968 1287 4007 ex
1319 3950 1509 4006 iisdem
1560 3948 1740 4020 magni
1775 3949 1920 4003 illius
1940 3948 2182 4013 Antonii,
2218 3948 2379 4003 disci-
2476 3956 2661 4027 generi
2681 3955 2844 4009 dabat
2865 3970 3105 4025 operam,
3142 3965 3202 4010 ut
3225 3955 3656 4027 παιδαριογέρων
3699 3974 3729 4011 a
3755 3961 4041 4015 monachis

822 4045 1005 4116 plinae
1026 4044 1355 4097 monasticae
1374 4041 1609 4096 auctoris
1638 4040 1901 4111 primarii,
1927 4039 2092 4093 fuisse
2133 4039 2373 4109 discipu-
2401 4080 2442 4138 ϐ
2478 4045 2906 4115 appellitaretur.
2944 4043 3081 4099 Cum
3126 4044 3217 4098 XL
3243 4045 3349 4098 iam
3386 4060 3558 4099 annos
3581 4057 3742 4101 natus
3788 4059 3952 4112 esset,
3978 4048 4039 4103 in

820 4138 961 4201 lum,
1007 4135 1359 4205 antiquorum
1407 4133 1716 4189 testimonia
1769 4131 2091 4201 perhibent:
2122 4130 2217 4185 sed
2252 4138 2374 4185 uter
2408 4130 2441 4138 “
2472 4135 2846 4204 presbyterum
2877 4142 3223 4190 consecratus
3241 4142 3341 4189 est.
3370 4136 3463 4190 LX
3485 4152 3617 4192 vero
3662 4154 3834 4193 annos
3860 4142 4042 4211 exegit

825 4229 1043 4284 illorum
1066 4227 1113 4281 is
1133 4227 1317 4289 fuerit,
1336 4225 1697 4295 Aegyptiusne
1728 4240 1797 4278 an
1819 4222 2234 4285 Alexandrinus,
2266 4237 2373 4285 res,
2472 4225 2529 4278 in
2551 4224 2861 4291 solitudine;
2884 4224 3345 4295 demumquecum
3364 4226 3453 4282 XC
3474 4244 3647 4284 annos
3669 4230 3902 4285 vivendo
3922 4232 4042 4287 fere

826 4328 889 4387 ut
912 4319 1151 4382 videtur,
1180 4317 1326 4387 apud
1349 4325 1597 4370 auctores
1631 4314 1873 4369 nondum
1898 4314 2144 4368 confecta
2173 4321 2285 4377 est;
2324 4311 2379 4365 id
2472 4315 2821 4384 explevisset,
2844 4316 3077 4369 animam
3117 4332 3292 4382 suam,
3349 4320 3632 4387 corporeis
3684 4321 3921 4378 vinculis
3967 4322 4040 4377 li-

823 4410 971 4481 quod
997 4419 1055 4466 et
1115 4409 1172 4464 in
1198 4423 1361 4462 causa
1384 4406 1569 4470 fuerit,
1597 4418 1661 4460 ut
1704 4404 1772 4459 de
1795 4404 1963 4458 natali
2017 4403 2126 4467 die,
2163 4402 2381 4472 utrique
2474 4405 2688 4470 heram,
2718 4406 2829 4461 Deo
2852 4406 3091 4462 reddidit
3128 4407 3270 4461 circa
3304 4422 3507 4463 annum
3536 4409 3797 4468 CCCXCI.
3854 4413 4041 4468 Multis

825 4505 1081 4560 distincte
1128 4499 1493 4571 adsignando,
1543 4507 1751 4552 certum
1796 4496 2001 4567 aliquid
2038 4496 2381 4566 pronuntiari
2478 4495 2757 4550 miraculis
2778 4496 3043 4566 insignem
3073 4497 3240 4551 fuisse
3262 4498 3503 4567 produnt
3517 4515 3725 4566 omnes,
3759 4503 3854 4572 qui
3874 4504 3944 4557 de
3971 4519 4041 4558 eo

826 4600 1081 4663 nequeat.
1137 4593 1270 4647 Nam
1305 4590 1684 4663 Martyrologia
1721 4588 1943 4657 antiqua
1968 4587 2106 4642 duos
2154 4586 2376 4657 quidem
2478 4588 2685 4645 faciunt
2715 4589 3050 4655 memoriam,
3077 4590 3437 4662 Hieronymus
3458 4592 3744 4663 imprimis,
3766 4595 4042 4653 Palladius

825 4686 981 4741 fastis
1027 4684 1144 4739 suis
1190 4684 1541 4738 inseruerunt
1601 4680 1881 4743 Macarios,
1919 4693 2154 4749 quorum
2208 4694 2376 4733 unum
2480 4694 2545 4735 ac
2575 4680 2905 4736 Sozomenus
2935 4680 3032 4750 (8).

826 4773 972 4830 beati
1015 4772 1234 4829 Antonii
1266 4772 1432 4828 fuisse
1487 4772 1814 4842 discipulum
1879 4785 2007 4825 sane
2045 4780 2376 4837 memorant;
2550 4771 2613 4826 V.
2667 4770 2817 4825 Solet
2863 4781 3146 4841 praeterea
3188 4772 3629 4842 frequentissime
3677 4777 3885 4832 nomini
3915 4779 4041 4833 eius

824 4865 921 4921 sed
943 4866 1167 4935 quinam
1191 4864 1283 4920 ille
1310 4880 1379 4918 ex
1410 4862 1625 4918 duobus
1654 4877 1685 4917 a
1716 4861 1877 4916 nobis
1918 4860 2232 4915 memoratis
2256 4860 2377 4915 fue-
2480 4858 2659 4931 Magni
2680 4876 2977 4931 cognomen
3005 4861 3151 4925 addi,
3194 4863 3356 4917 credo
3390 4880 3501 4919 non
3544 4864 3843 4921 imitatione
3873 4869 3884 4938 |
3915 4878 4039 4924 tan-

828 4956 919 5021 rit,
963 4971 1075 5009 non
1102 4955 1329 5025 perinde
1360 4954 1680 5024 adiungunt.
1733 4952 1824 5007 Sic
1868 4951 2016 5006 enim
2057 4950 2377 5023 Martyrolo-
2481 4961 2597 5007 tum
2614 4952 2792 5023 magni
2818 4952 2963 5006 illius
2984 4952 3224 5019 Antonii,
3250 4969 3413 5023 quem
3438 4955 3556 5010 sine
3579 4955 3764 5011 addito
3784 4957 4041 5028 Magnum

824 5048 973 5117 gium
997 5048 1298 5102 Romanum
1335 5062 1445 5102 non
1493 5054 1701 5101 tantum
1743 5052 1921 5100 vetus.
1971 5044 2065 5099 sed
2108 5054 2163 5100 et
2183 5044 2377 5099 Bellini
2479 5059 2677 5100 vocare
2732 5044 3004 5106 solebant,
3045 5052 3124 5107 ut,
3160 5058 3285 5098 cum
3334 5045 3601 5099 Macarius
3636 5045 3739 5117 ipsi
3790 5047 3848 5101 in
3887 5050 4040 5105 omni

824 5139 971 5193 diem
1002 5139 1047 5193 ll
1073 5138 1308 5193 Ianuarii
1329 5138 1490 5193 beato
1516 5136 1750 5191 Macario
1773 5136 2092 5206 simpliciter
2117 5136 2189 5190 ita
2209 5135 2375 5201 dicto,
2480 5136 2642 5192 laude
2681 5143 2827 5191 esset
2861 5133 3428 5197 simillimus,.eodem
3473 5152 3690 5207 quoque
3718 5153 3842 5193 cum
3884 5147 4039 5197 tanw

825 5231 972 5288 diem
998 5246 1126 5285 vero
1150 5230 1245 5286 XV
1268 5229 1510 5285 eiusdem
1554 5228 1757 5283 mensis
1802 5227 2033 5282 Macario
2065 5227 2249 5284 abbati
2269 5228 2378 5283 An-
2481 5238 2637 5299 patre
2688 5228 2847 5284 titulo
2885 5227 3276 5299 insigniretur;
3338 5228 3435 5284 sed
3479 5229 3748 5300 imprimis
3799 5231 3856 5286 id
3916 5232 4037 5289 ﬁeri

2306 5343 2556 5400 NOTAE.

897 5436 973 5508 (1)
996 5434 1095 5493 Die
1117 5452 1207 5508 xix
1239 5436 1370 5508 _Jan.

996 5436 1095 5563 18)::
1117 5436 1488 5576 leg.
1517 5520 1650 5575 quae
1671 5521 1761 5575 per
1790 5520 1972 5559 eorum
1996 5521 2204 5559 manus.
2255 5502 2382 5557 Eot-
2558 5504 2635 5579 (76)
2668 5504 2803 5579 V_i_de
2826 5504 2965 5579 infra
2982 5520 3035 5575 p.
3055 5503 3325 5579 _i__56.__2_43.

896 5505 970 5579 (2)
996 5508 1086 5563 Sic
1119 5506 1354 5571 Pritius;
1384 5506 1488 5576 leg.
1517 5520 1650 5575 quae
1671 5521 1761 5575 per
1790 5520 1972 5559 eorum
1996 5521 2204 5559 manus.
2255 5505 2382 5557 Eot-
2583 5505 2635 5573 6)
2668 5505 2803 5559 Vide
2826 5505 2965 5559 infra
2982 5520 3035 5575 p.
3062 5505 3181 5557 {56.
3203 5505 3325 5558 245.

826 5590 949 5628 ron.
1276 5644 1291 5645 7
1416 5644 1449 5645 ί
1524 5644 1529 5645 7
1655 5644 1661 5645 7
1696 5644 1699 5645 7
2036 5644 2039 5645 7
2557 5505 2633 5645 f7)
2681 5574 3005 5645 Theodoret.
3038 5573 3234 5645 libJV
3274 5573 3475 5645 capLEl
3505 5589 3519 5637 ;
3551 5571 3763 5627 Sozom.
3823 5571 3911 5626 lib.
3948 5569 4037 5624 III

896 5710 971 5785 (4)
999 5716 1197 5770 Pallad.
1239 5732 1356 5784 cap.
1389 5714 1475 5767 ΞΟ.
1935 5710 1945 5714 “
2218 5784 2221 5785 7
2548 5710 2626 5785 (8)
2650 5714 2727 5768 De
2765 5714 2887 5785 Vitis
2902 5713 3133 5785 Patrum
3158 5710 3398 5785 cap.’__2_8;
3434 5712 3630 5785 Pallad.
3666 5712 3861 5767 Histor.
3887 5710 4027 5765 Lau-

895 5645 971 5715 (5)
1000 5646 1208 5700 Socrat.
1240 5644 1376 5699 Hist.
1404 5644 1607 5715 Eccles.
1646 5644 1732 5699 lib.
1765 5644 1841 5700 IV
1870 5660 1987 5714 cap.
2021 5644 2109 5699 2'5.
2484 5642 2721 5715 eam”;
2750 5644 2957 5715 Socrat.
2988 5644 3074 5697 lib.
3109 5642 3181 5697 IV
3208 5644 3435 5715 capﬂS.

895 5645 971 5856 (3)
1000 5646 1208 5700 Socrat.
1240 5645 1376 5699 Hist.
1408 5645 1607 5699 Eccles.
1646 5645 1732 5699 lib.
1765 5645 1841 5700 IV
1870 5660 1987 5714 cap.
2021 5645 2109 5699 2'5.
2484 5662 2600 5715 cap.
2636 5645 2721 5707 M;
2750 5645 2957 5698 Socrat.
2988 5645 3074 5697 lib.
3109 5645 3181 5697 IV
3208 5659 3323 5713 cap.
3348 5645 3435 5696 25.

896 5718 949 5784 (4
999 5716 1197 5770 Pallad.
1239 5732 1356 5784 cap.
1389 5714 1475 5767 ΞΟ.
2551 5715 2626 5785 (8)
2650 5714 2727 5768 De
2765 5714 2887 5767 Vitis
2912 5713 3133 5767 Patrum
3161 5730 3276 5782 cap.
3311 5712 3398 5777 28;
3434 5712 3627 5767 Pallad.

895 5788 949 5857 (ὕ
995 5786 1188 5840 Petrus
1231 5784 1489 5839 Possinus
1512 5785 1805 5857 Prolegom.
1834 5787 1887 5839 in
1915 5785 2159 5841 Thesaur.
2190 5784 2365 5838 Ascet.
2478 5787 2604 5841 siac.
2636 5802 2751 5855 cap.
2783 5784 2867 5851 19;
2895 5783 3104 5839 Sozom.
3149 5782 3233 5836 lib.
3271 5782 3355 5837 Ill
3387 5799 3502 5852 mp.
3547 5783 3627 5836 15.
