4274 6358
200 420 305 475 361

1048 419 1138 475 AD
1168 418 1540 475 EDITIONEM
1579 416 1815 474 OPUSC.
1856 417 1911 475 S.
1950 419 2229 479 MACARII
2268 422 2600 482 AEGYPTII.

3312 422 3417 481 362

201 542 358 605 patet
384 532 455 588 ob
485 532 724 604 ingentia
745 531 850 587 viri
876 531 1070 588 merita
1093 543 1148 589 et
1169 534 1239 589 ob
1262 534 1587 605 singularem
1608 533 1766 605 plane
1793 535 1840 593 Α
1868 531 1965 589 ista
1987 550 2203 605 quoque
2237 536 2293 591 in
2326 537 2594 591 sententia
2648 551 2708 593 se
2748 532 3121 604 acquiescere“
3132 533 3418 601 scriberet,

203 622 491 677 doctrinae
542 630 708 693 atque
760 621 1191 689 sanctimoniae,
1231 623 1432 693 quibus
1473 621 1769 678 virtutibus

203 716 409 768 mirum
436 713 489 767 in
518 714 739 768 modum
773 713 997 779 effulsit,
1040 716 1450 783 praestantiam.

276 806 368 861 VI.
419 805 673 870 Eremus,
718 805 775 859 in
807 822 915 876 qua
947 806 1256 861 divinarum
1291 820 1473 861 rerum
1507 805 1690 861 studio
1712 812 1771 861 et

200 897 538 953 coelestibus
551 897 966 968 cogitationibus
985 898 1229 964 vacabat,
1252 896 1426 953 Sectis
1445 904 1582 963 erat,
1606 913 1769 969 quam

203 1000 393 1045 tamen
421 989 653 1044 diversis
670 989 985 1043 nominibus
1037 998 1095 1044 et
1135 988 1421 1055 Sceticam,
1476 987 1772 1055 Seetinam,

203 1081 533 1145 Seetiacam,
595 1079 899 1151 Scyticam,
962 1078 1262 1152 Scytiacam
1318 1089 1376 1136 et
1426 1078 1770 1153 Scytioticam

203 1173 515 1242 nuncupari
548 1170 845 1227 identidem
878 1171 1084 1227 videas.
1109 1171 1335 1243 Aegypti
1362 1187 1493 1227 vero
1534 1170 1771 1229 solitudo

205 1265 343 1319 haec
362 1264 483 1329 fuit,
502 1264 753 1319 confluxu
766 1263 1006 1317 virorum
1023 1263 1295 1319 sanctitati
1311 1264 1645 1321 studentium
1664 1264 1774 1320 fre-

203 1355 583 1424 quentissima.
598 1355 774 1409 Testis
792 1354 935 1408 enim
950 1354 1303 1410 Cassiodorus
1321 1356 1393 1429 (l)
1411 1366 1512 1421 est,
1532 1358 1586 1411 in
1602 1373 1772 1411 eremo

205 1449 307 1501 hac
351 1446 495 1519 Scyti
534 1451 908 1502 monachorum
945 1450 1336 1519 probatissimos
1370 1460 1544 1521 patres
1570 1458 1620 1504 et
1658 1468 1769 1505 om-

206 1540 358 1592 nium
406 1546 710 1592 sanctorum
762 1548 1025 1593 moratam
1072 1556 1181 1594 esse
1226 1540 1608 1612 perfectionem.
1658 1542 1773 1609 Qua

207 1630 499 1684 occasione
521 1645 653 1684 vero
680 1630 913 1684 istumin
932 1632 1113 1686 locum
1138 1646 1195 1687 se
1224 1632 1513 1701 receperit,
1542 1649 1770 1688 narran-

209 1727 319 1771 tem
344 1719 523 1787 ipsum
547 1719 756 1783 audire,
796 1721 889 1789 qui
919 1721 1083 1787 volet,
1116 1721 1316 1791 poterit
1354 1721 1644 1777 Macarium
1673 1722 1769 1793 (2).

1868 626 2188 692 praesertim
2220 642 2344 682 cum
2389 626 2663 681 Oudinum
2705 640 2922 697 quoque
2964 624 3188 680 Possint)
3248 625 3421 680 sucei—

1868 728 2000 771 nere
2020 716 2490 773 animadvertisset
2509 719 2604 788 (4).
2629 718 2850 773 Interim
2872 732 2931 771 re
2949 716 3145 771 melius
3156 730 3420 787 expema,

1869 805 1974 861 alia
2009 822 2157 861 nunc
2174 818 2355 864 mente
2381 810 2663 880 praeditus
2687 818 2772 865 est
2797 809 2883 863 vir
2912 807 3336 873 eruditissimus,
3360 816 3423 863 ut

1868 905 2085 968 praeter
2121 898 2439 973 Aegyptium
2476 911 2533 957 et
2578 901 2999 957 Alexandrinum
3050 899 3272 956 tertium
3312 901 3425 955 Ma~

1868 990 1982 1045 cari
2014 990 2024 1062 |
2054 1006 2148 1045 um
2174 993 2408 1063 aliquem
2430 992 2717 1048 admittere
2739 992 3157 1062 haudquaquam
3186 991 3335 1047 velit.
3357 992 3425 1046 Et

1870 1092 2019 1138 certe
2079 1083 2225 1153 quod
2256 1085 2599 1140 observatum
2654 1091 2712 1138 et
2754 1081 2922 1138 Gavio
2964 1090 3083 1147 est,
3142 1098 3253 1137 non
3290 1082 3425 1138 alios

1870 1173 2150 1240 Macarios,
2176 1176 2271 1245 qui
2302 1176 2522 1232 Antonii
2550 1174 2806 1246 discipuli
2849 1174 3077 1241 fuerint,
3106 1174 3303 1229 sistunt
3320 1189 3425 1229 no-

1870 1261 1955 1318 bis
1998 1262 2267 1329 Socrates,
2299 1264 2651 1332 Sozomenus,
2681 1262 3076 1336 Theodoretus,
3114 1272 3171 1319 et
3209 1264 3303 1333 qui
3340 1263 3426 1319 his

1871 1354 2004 1426 ipsis
2041 1355 2097 1410 in
2142 1356 2277 1410 locis
2312 1357 2499 1412 ethoc
2530 1354 2935 1427 temporervixit
2967 1355 3257 1420 Palladius,
3301 1370 3426 1409 cum

1872 1457 2053 1503 tamen
2079 1446 2366 1517 diligenter
2393 1448 2460 1503 de
2497 1448 2584 1502 his
2610 1448 2775 1502 rebus
2809 1446 3011 1501 fuerint
3056 1446 3424 1501 eommentati.

1870 1538 1983 1594 Nec
2014 1552 2143 1593 vero
2174 1546 2279 1603 est,
2308 1553 2427 1603 cur,
2464 1554 2605 1608 quae
2653 1538 2914 1593 Possinus
2960 1538 3174 1608 allegat,
3220 1536 3428 1591 moveri

1870 1642 1929 1683 se
1954 1626 2147 1682 iisdem
2179 1627 2376 1696 aliquis
2419 1626 2678 1696 patiatur.
2715 1626 2851 1681 Nam
2875 1625 3021 1695 quod
3075 1624 3428 1679 Athanasium

1871 1732 2029 1772 suam
2052 1718 2109 1773 in
2139 1733 2253 1773 rem
2286 1718 2439 1782 citat,
2467 1716 2673 1771 fallitur
2694 1715 2753 1770 in
2780 1731 2845 1771 eo
2876 1716 2993 1786 ipse
3029 1724 3084 1771 et
3104 1715 3241 1770 fallit
3262 1754 3278 1779 ,
3302 1729 3427 1768 cum

281 1809 393 1863 VII.
430 1808 538 1864 Sed
563 1810 631 1865 de
669 1811 903 1866 Macario
936 1812 1305 1868 Alexandrino
1348 1814 1555 1885 aliquid
1608 1815 1772 1869 etiam
1873 1808 1941 1864 de
1960 1810 2193 1864 Macario
2219 1810 2363 1880 apud
2384 1809 2743 1863 Athanasium
2765 1809 2923 1878 plane
2944 1807 3082 1861 nihil
3112 1815 3304 1861 exstet.
3338 1805 3429 1861 Sic

208 1898 507 1955 dicendum
546 1910 649 1956 est.
712 1901 868 1958 Hunc
894 1904 1150 1958 iuniorem
1194 1904 1469 1974 appellant
1508 1915 1565 1961 et
1600 1904 1773 1975 politi-
1802 1889 1846 1945 Β
1872 1910 1927 1956 et
1948 1902 2306 1972 Hieronymus
2324 1900 2575 1955 meminit
2592 1899 2811 1969 quidem
2834 1898 3049 1953 Macarii
3085 1907 3142 1952 et
3169 1897 3431 1952 Amathae

207 2006 395 2045 cum:

210 2081 476 2154 Aegyptio
506 2095 780 2155 superstes
811 2087 1038 2153 exstitit,
1076 2097 1325 2143 mortuus
1379 2088 1620 2154 demum,
1649 2104 1773 2144 cum

210 2170 253 2227 C
315 2190 489 2230 annos
530 2176 782 2242 vixisset,
833 2194 976 2232 anno
1026 2176 1285 2233 CCCCIV.
1347 2177 1601 2233 Politicus
1643 2196 1775 2236 vero

211 2265 397 2322 dictus
441 2275 546 2333 est,
581 2269 727 2339 quod
776 2286 886 2323 non
924 2270 981 2324 in
1019 2271 1315 2326 solitudine
1369 2272 1629 2327 duntaxat
1675 2274 1773 2328 Ni-

212 2360 428 2425 triensi,
454 2361 510 2415 in
537 2378 698 2431 quam
739 2370 1051 2427 secesserat,
1076 2364 1240 2419 vitam
1275 2366 1621 2421 monasticam
1657 2381 1775 2421 am-

211 2452 408 2521 plexus
436 2464 770 2520 versaretur,
805 2455 897 2509 sed
947 2456 1092 2525 quod
1139 2458 1304 2512 etiam
1358 2458 1414 2511 in
1461 2458 1651 2512 urbem
1675 2458 1774 2512 ali-

210 2540 437 2608 quando
485 2543 719 2607 veniret,
765 2543 860 2613 qui
907 2554 963 2599 et
994 2560 1243 2614 magnam
1282 2547 1425 2602 vitae
1464 2554 1673 2617 partem
1719 2546 1776 2599 in

211 2631 339 2686 luce
386 2642 443 2687 et
474 2634 648 2688 oculis
686 2634 969 2689 hominum
1000 2638 1371 2708 transegisset.
1398 2638 1555 2692 Anno
1586 2638 1779 2693 aetatis

213 2723 309 2779 XL
338 2725 667 2795 baptismum
692 2729 992 2797 suscepisse
1016 2728 1233 2794 dicitur,
1271 2730 1554 2801 presbyter
1583 2728 1778 2784 deinde

214 2816 393 2871 factus
420 2827 474 2871 et
500 2819 926 2873 archimandrita
971 2818 1282 2875 Nitriensis.
1318 2821 1326 2890 |
1358 2820 1492 2875 Cum
1546 2837 1678 2875 vero
1723 2821 1779 2875 in

214 2925 286 2964 eo
332 2926 458 2964 cum
495 2910 727 2966 Macario
751 2912 1013 2982 Aegyptio
1042 2912 1377 2976 conveniret,
1401 2911 1545 2981 quod
1587 2912 1779 2966 solitu-

217 3001 408 3057 dinem
475 3011 702 3066 amaret,
757 3014 812 3057 et
854 3004 1115 3059 severiori
1156 3003 1474 3073 disciplinae
1533 3019 1596 3058 ac
1638 3004 1780 3058 vitae

218 3095 509 3149 sanctioris
542 3094 722 3148 studio
747 3104 893 3149 esset
924 3094 1326 3148 addictissimus
1356 3112 1369 3147 :
1403 3103 1520 3147 tum
1544 3109 1674 3147 vero
1724 3093 1781 3147 in

218 3202 285 3240 ea
326 3194 481 3255 parte
530 3185 599 3240 ab
656 3185 847 3240 eodem
893 3184 1189 3255 plurimum
1234 3184 1594 3253 discrepabat,
1636 3182 1781 3253 quod

219 3277 387 3333 hilari
427 3277 605 3331 fronte
647 3278 942 3331 invisentes
974 3277 1043 3330 ad
1088 3278 1263 3346 ipsum
1312 3277 1605 3345 exciperet,
1644 3275 1783 3344 lepi-

221 3369 420 3439 disque
473 3369 768 3424 oblectaret
793 3368 1155 3431 sermonibus,
1188 3368 1432 3421 iuniores
1477 3365 1787 3421 urbanitate

221 3462 460 3532 quadam
487 3460 556 3516 ad
588 3462 728 3516 vitae
778 3461 1107 3515 monasticae
1156 3460 1359 3513 cultum
1399 3458 1671 3521 alliciens;
1726 3456 1781 3511 id

220 3553 371 3623 quod
399 3553 453 3607 in
491 3552 749 3622 Aegyptio
798 3567 954 3605 secus
999 3567 1056 3605 se
1105 3551 1359 3604 habebat.
1412 3550 1527 3604 Nec
1578 3549 1789 3602 minora

220 3662 377 3708 vero,
422 3660 583 3714 quam
614 3645 680 3697 dc
704 3644 993 3714 Aegyptio,
1029 3644 1097 3697 de
1153 3644 1271 3697 eius
1325 3642 1637 3704 virtutibus,
1704 3640 1785 3693 vi-

221 3738 392 3791 vendi
445 3752 642 3807 genere
689 3736 1049 3805 frugalissimo
1096 3736 1485 3803 miraculisque
1540 3734 1787 3788 referun-

225 3838 340 3891 tur,
374 3844 513 3898 quae
548 3828 640 3897 qui
684 3826 861 3897 legere
891 3828 1161 3897 descripta
1194 3827 1396 3896 cupiat,
1415 3826 1628 3880 evolvat
1663 3824 1787 3879 Pal-

226 3920 433 3974 ladium
463 3919 560 3989 (δ).

302 4012 437 4065 VIII.
483 4011 729 4065 Tertium
754 4028 883 4067 vero
925 4012 1159 4080 aliquem
1209 4007 1501 4063 Macarium
1538 4007 1790 4076 produclt

228 4103 424 4156 Petrus
457 4104 733 4167 Possinus,
772 4105 839 4158 ab
879 4112 1111 4171 utroque
1140 4101 1232 4154 illo
1258 4100 1487 4153 Macario
1514 4100 1789 4153 diversum

228 4205 285 4249 et
316 4196 582 4250 ambobus
610 4197 900 4261 seniorem,
933 4195 1153 4251 Antonii
1185 4192 1512 4261 discipulum
1546 4198 1598 4243 et
1620 4190 1790 4243 comi-

231 4292 364 4347 tem,
418 4286 677 4339 Amathae
744 4288 989 4349 socium,
1052 4300 1213 4354 quem
1266 4298 1457 4352 magno
1515 4282 1792 4335 molimine

230 4376 427 4444 prohat
454 4378 688 4445 Operum
724 4378 1150 4431 Macarianorum
1188 4390 1307 4429 esse
1362 4385 1671 4439 auctorem,
1726 4388 1793 4427 eo

231 4468 301 4521 ad
342 4468 481 4522 hanc
514 4485 628 4523 rem
669 4469 1003 4538 probandam
1060 4477 1219 4522 utens
1256 4477 1600 4537 argumento,
1648 4468 1793 4536 quod

447 1992 716 2047 iuniorem
771 1994 1031 2063 quidem,
1082 1996 1337 2065 quoniam
1398 1996 1629 2051 Macario
1694 1995 1774 2051 illi

1809 3229 1850 3287 C

1872 1994 2039 2049 veluti
2068 1994 2458 2065 discipulorum
2488 1994 2707 2049 Antonii
2734 2034 2749 2059 ,
2805 1994 2898 2062 qui
2936 2001 2992 2047 et
3018 1992 3302 2046 Amatham
3355 1992 3431 2045 ait

1874 2084 2192 2153 magistrum
2224 2100 2385 2138 suum
2416 2085 2627 2138 tumulo
2663 2083 2948 2148 intulisse;
2982 2082 3079 2136 sed
3102 2082 3168 2136 de
3196 2082 3430 2135 Macario

1873 2170 2008 2223 nihil
2042 2179 2324 2239 praeterea
2376 2169 2552 2225 docet.
2588 2171 2657 2225 Et
2702 2186 2869 2239 quare
2922 2186 2988 2224 ex
3046 2169 3259 2224 duobus
3313 2170 3431 2224 istis

1872 2261 2140 2327 Macariis,
2176 2277 2314 2331 quos
2346 2262 2614 2317 exstitisse
2644 2262 2889 2316 omnium
2922 2262 3261 2316 confessione
3297 2277 3430 2315 con-

1874 2359 1999 2417 stat,
2039 2368 2182 2406 unus
2203 2354 2421 2407 Antonii
2457 2368 2641 2408 comes
2668 2368 2788 2407 esse
2820 2369 2931 2407 non
2983 2352 3243 2423 potuerit,
3292 2369 3431 2407 non-

1874 2438 2004 2494 dum
2069 2455 2360 2511 possumus
2416 2441 2749 2511 perSpieere.
2816 2441 3118 2495 Incoluerit
3167 2440 3434 2497 Macarius

1874 2531 2169 2602 Aegyptius
2212 2548 2310 2602 per
2352 2532 2444 2586 LX
2501 2548 2673 2587 annos
2721 2532 3071 2587 solitudinem
3115 2532 3381 2587 Sceticam
3415 2550 3431 2587 :

1876 2621 2283 2693 putabimusne,
2310 2636 2407 2691 per
2447 2621 2719 2691 integrum
2745 2621 2799 2675 id
2850 2630 3065 2691 tempus
3110 2638 3219 2676 uno
3258 2622 3433 2691 ipsum

1876 2713 1996 2767 loco
2024 2712 2259 2767 adﬁxum
2292 2713 2550 2767 aliorsum
2582 2712 2872 2782 aliquando
2930 2728 3039 2767 non
3085 2712 3439 2782 migravisse?

1878 2806 2040 2876 Atqui
2072 2822 2204 2861 vero
2244 2814 2581 2876 compertum
2609 2814 2710 2871 est,
2747 2805 3043 2860 solitariam
3063 2805 3228 2859 vitam
3256 2820 3441 2859 aman-

1878 2907 1961 2953 tes
2008 2914 2134 2953 suas
2190 2914 2349 2967 saepe
2405 2898 2561 2953 sedes
2587 2896 3021 2952 eommutavisse.
3071 2896 3211 2962 Quid
3261 2898 3441 2951 obstat

1878 3006 2041 3061 ergo,
2091 2990 2237 3060 quod
2275 3006 2377 3045 nec
2432 2990 2547 3059 ipse
2594 2990 2853 3045 Possinus
2914 2996 3104 3058 negat,
3150 2989 3442 3057 quominus

1881 3081 2147 3137 Macarius
2180 3081 2411 3136 subinde
2446 3096 2505 3136 se
2562 3081 2629 3135 ad
2659 3080 2956 3135 Antonium
3004 3080 3319 3144 contulerit,
3374 3096 3443 3133 ex

1884 3188 1980 3228 ore
2013 3172 2185 3243 ipsius
2207 3172 2565 3226 saluberrima
2601 3179 2892 3241 praecepta
2924 3170 3221 3225 hausturus
3240 3170 3261 3223 ?
3279 3186 3443 3239 quem

1884 3272 1959 3327 et,
1987 3278 2112 3317 cum
2170 3262 2309 3317 mori
2375 3277 2503 3316 eum
2550 3262 2867 3333 contigisset
2917 3275 3004 3323 eo,
3050 3276 3158 3329 quo
3187 3274 3444 3329 praesens

1886 3354 2090 3413 aderat.
2142 3363 2381 3424 tempore
2414 3370 2521 3408 una
2569 3369 2694 3407 cum
2746 3353 2974 3407 Amalha
3027 3354 3300 3421 sepultura
3351 3352 3434 3405 ho-

1888 3447 2221 3501 nestaverit?
2246 3448 2357 3501 Nec
2389 3462 2521 3502 vero
2548 3445 2883 3501 Sozomenus
2905 3445 3197 3499 Macarium
3229 3444 3286 3497 in
3339 3458 3448 3497 una

1888 3537 2054 3603 Sceti,
2088 3538 2182 3594 sed
2218 3540 2273 3592 in
2314 3537 2608 3592 solitudine
2651 3537 2745 3591 LX
2800 3551 2971 3590 annos
2998 3536 3241 3603 exegisse
3296 3549 3447 3588 eom-

1888 3636 2169 3683 memorat.
2212 3628 2400 3694 Qualia
2434 3636 2492 3682 et
2532 3628 2597 3682 de
2626 3626 2858 3681 Macario
2890 3625 3251 3681 Alexandrino
3294 3624 3449 3679 facile

1888 3731 2108 3791 possent
2145 3722 2385 3791 probari,
2442 3722 2487 3775 si
2537 3721 2799 3775 vellemus
2862 3719 2965 3773 hoc
3018 3734 3197 3788 agere.
3242 3717 3421 3787 Suasl

1886 3831 2017 3885 ergo
2046 3831 2133 3869 res
2158 3814 2422 3868 Macarius
2459 3812 2563 3866 sibi
2590 3812 2787 3865 habeat
2809 3827 2838 3864 a
2868 3810 3091 3864 Possino
3112 3818 3327 3878 praeter
3350 3822 3448 3861 ne-

1888 3905 2194 3959 cessitatem
2217 3904 2585 3972 historiaeque
2618 3900 2777 3955 ﬁdem
2798 3898 3122 3969 productus;
3150 3898 3305 3951 nobis
3321 3913 3451 3951 vero

1887 3996 2378 4052 sufliciantMacarii
2391 3996 2519 4059 duo,
2538 3994 2638 4048 sub
2648 4007 2880 4062 quorum
2896 3990 3283 4045 uniusnomine
3296 3986 3451 4055 haec,

1890 4104 2027 4157 quae
2048 4102 2193 4141 nunc
2230 4086 2405 4140 lucem
2433 4084 2759 4154 adspiciunt,
2783 4079 3241 4136 circumferuntur
3255 4080 3449 4150 Opera.

1960 4179 2050 4233 IX.
2082 4178 2188 4233 Sed
2225 4192 2373 4230 nunc
2413 4174 2869 4230 considerandum
2909 4172 3015 4227 erit
3046 4172 3307 4237 exactius,
3343 4174 3453 4227 utri

1893 4274 2110 4327 illorum
2146 4270 2327 4323 foetus
2359 4268 2450 4321 isti
2488 4268 2598 4322 sint
2654 4266 3043 4321 adscribendi?
3079 4268 3146 4321 Et
3191 4264 3454 4319 Ilomilias

1894 4364 2113 4433 quidem
2150 4360 2412 4430 Aegyptio
2453 4358 2755 4426 adscriptas
2798 4372 3012 4425 semper
3045 4357 3211 4409 fuisse
3253 4370 3317 4407 ex
3374 4353 3454 4405 in-

1896 4454 2208 4525 scriptione,
2234 4466 2394 4520 quam
2418 4466 2580 4503 manu
2608 4451 2812 4503 exarati
2850 4450 3053 4520 pariter
3082 4458 3138 4503 et
3189 4445 3329 4517 typis
3356 4461 3452 4498 ex-

231 4562 562 4615 Athanasius
585 4562 642 4614 in
670 4533 792 4615 —V'ita
824 4560 1045 4614 Antonii
1074 4568 1129 4613 et
1157 4533 1529 4629 Hieronymus
1559 4560 1614 4613 in
1666 4533 1789 4615 _Vita
1824 4577 1869 4635 D
1897 4546 2011 4601 ουδί
2044 4543 2259 4635 οοάίοβδ
2294 4557 2421 4635 βαιξέ
2470 4556 2535 4635 86-
2580 4540 2777 4635 ferunt,
2818 4539 3163 4635 manifest-um
3209 4546 3311 4635 est.
3348 4533 3454 4589 Sed

233 4652 385 4707 Pauli
421 4652 718 4706 Antonium
748 4662 1052 4707 memorent
1068 4652 1205 4706 duos
1253 4666 1439 4705 secum
1500 4651 1796 4721 discipulos

234 4740 459 4794 intimos
496 4742 829 4809 comitesque
864 4740 1173 4794 individuus
1194 4739 1471 4803 habuisse,
1501 4739 1794 4794 Macarium

233 4843 293 4889 et
324 4835 608 4887 Amatham
639 4851 650 4887 :
682 4850 789 4887 non
816 4832 1115 4887 concedere
1141 4847 1272 4885 vero
1336 4830 1594 4899 temporis
1626 4832 1795 4885 ratio-

233 4924 501 4987 nem,hoc
527 4933 587 4977 ut
607 4923 663 4976 in
693 4923 984 4977 Macarium
1014 4922 1099 4977 vel
1130 4921 1451 4992 Aegyptium
1470 4922 1554 4975 vel
1569 4920 1798 4975 Alexan-

237 5012 460 5068 drinum
493 5012 797 5067 conveniat.
856 5011 1240 5079 Fatemurque,
1300 5010 1431 5064 tanti
1480 5009 1583 5063 hoc
1632 5025 1796 5079 argu-

236 5114 485 5161 mentum
515 5104 775 5158 momenti
833 5103 1011 5156 visum
1046 5102 1213 5156 fuisse
1248 5101 1367 5155 viro
1412 5099 1795 5169 antiquitatum

235 5196 730 5252 ecclesiasticarum
780 5193 1111 5263 peritissimo
1164 5191 1455 5245 Guilielmo
1503 5189 1689 5255 Cavio,
1738 5198 1798 5243 ut

1898 4654 1997 4693 nec
2036 4636 2139 4689 hoc
2176 4634 2353 4703 placet
2390 4632 2634 4695 Possino,
2660 4631 2754 4699 qui
2792 4631 3010 4685 easdem
3060 4627 3295 4682 Macario
3334 4642 3362 4679 a
3397 4641 3455 4679 se

1897 4737 2111 4799 praeter
2131 4741 2245 4778 rem
2272 4724 2502 4778 conficto
2534 4721 2813 4776 vindicare
2848 4720 3040 4791 satagit
3070 4717 3168 4791 (5).
3204 4718 3282 4771 Ad
3310 4715 3455 4770 Gen-

1897 4818 2042 4872 nadii
2066 4814 2415 4871 Massiliensis
2453 4812 2831 4866 auctoritatem
2875 4820 3152 4879 provocat,
3179 4808 3271 4876 qui
3294 4824 3455 4859 unam

1899 4921 2104 4965 tantum
2122 4909 2417 4962 Macarium
2451 4906 2560 4959 aiat
2589 4904 2656 4957 ad
2688 4906 2917 4957 iuniores
2966 4902 3297 4972 professionis
3333 4916 3461 4953 suae

1896 5003 2161 5071 scripsisse
2226 4997 2497 5069 epistolam
2566 4996 2664 5065 (6).
2730 4994 2835 5049 Sed
2865 4994 3105 5047 nondum
3140 4990 3458 5062 persuaderi

1897 5106 2205 5161 possumus,
2264 5087 2490 5143 Possino
2544 5094 2607 5139 ut
2650 5085 3085 5153 adstipulemur;
3146 5098 3246 5135 nec
3293 5079 3459 5133 verba

1896 5184 2181 5249 Gcnuadii,
2213 5182 2357 5254 quod
2394 5181 2509 5235 vult
2550 5179 2827 5243 Possinus,
2855 5178 2988 5232 satis
3031 5177 3309 5237 evincunt,
3337 5189 3459 5227 cum

1740 5317 1987 5374 NOTAE.

312 5446 387 5515 (ι)
416 5444 543 5513 Leg.
568 5443 898 5515 Cassianum.
922 5439 1124 5493 Pritius
1147 5438 1509 5493 Cassiodorum
1535 5452 1657 5491 cum
1679 5434 1807 5492 Cas-

237 5521 395 5573 siano
424 5514 724 5568 confundit.
751 5514 901 5565 EDIT.

315 5588 389 5657 (2)
447 5584 657 5657 Socrat.
714 5582 844 5657 Hist.
914 5576 1446 5657 Iib.111"_cap._l8;
1485 5574 1796 5657 (lassip-dor.

242 5646 348 5727 [sic
374 5646 747 5727 'Pritius,_leg.
777 5646 1267 5727 Cas§i_an.]‘Collat.
1303 5647 1563 5727 famul;
1616 5646 1796 5727 Theo-

242 5715 421 5780 iloret.
480 5715 844 5788 lib."lV'cap.
878 5720 982 5785 2f;
1035 5715 1247 5773 Sozam.
1297 5718 1382 5771 lib.
1426 5715 1513 5770 III
1537 5733 1651 5785 cap.
1691 5716 1795 5778 ll;

242 5800 456 5853 Socr-at.
490 5793 575 5847 lib.
608 5792 678 5846 IV
704 5789 925 5861 cap.25.

1981 5433 2056 5502 ('5)
2078 5432 2279 5487 Pallad.
2310 5432 2442 5502 Hist.
2465 5431 2708 5485 Lausiac.
2742 5445 2856 5498 cap.
2890 5426 2975 5479 20.
2995 5426 3189 5479 Petrus
3205 5423 3464 5478 Possinus

1905 5506 1960 5558 in
1978 5498 2187 5572 Proleg.
2222 5504 2289 5555 ad
2319 5498 2576 5572 Thesaur.
2596 5501 2761 5572 Ascct.

1977 5576 2051 5659 (At)
2082 5561 2383 5659 gavellist;
2420 5573 2519 5659 (.it.
2550 5571 2613 5625 P.
2643 5570 2739 5638 1p.
2766 5569 2888 5621 212.
2927 5566 2989 5620 P.
3032 5566 3088 5619 u
3117 5581 3169 5631 p.
3196 5561 3282 5617 '16.

1977 5643 2051 5706 (li)
2082 5643 2339 5695 Possinus
2366 5644 2401 5694 1.
2434 5643 2469 5694 l.

1976 5714 2049 5781 ((ί)
2080 5712 2321 5767 Gemuit].
2355 5713 2430 5767 De
2460 5712 2578 5765 viris
2622 5710 2797 5763 illustr
2866 5726 2910 5761 ι’,
2950 5707 3026 5758 IU.
