4274 6358
854 355 957 415 365

1951 352 2043 405 10.
2084 348 2360 405 GEORGII
2400 350 2603 406 PRITII
2644 352 3024 407 PRAEFATIO

3970 358 4070 414 36‘

852 489 979 527 eum
1004 472 1059 524 in
1101 483 1320 524 sensum
1351 466 1559 536 possint
1582 464 1777 534 accipi,
1815 463 1958 533 quod
1996 473 2201 517 tantum
2231 464 2297 517 de
2337 464 2405 516 li-
2438 471 2478 523 Α
2510 465 2817 533 spirituales
2860 466 2980 517 illae
3028 480 3218 534 graece
3256 465 3481 519 seorsim
3544 466 3870 534 prodierunt
3919 469 4067 524 Pari-

850 566 985 620 teris
1012 580 1039 617 a
1067 561 1281 615 Macarii
1322 557 1641 626 conscriptis
1696 565 1871 626 agant.
1907 555 2047 622 Quid
2095 558 2139 609 si
2186 565 2241 609 et
2264 555 2400 608 scri-

852 656 1022 726 pserit
1047 654 1230 722 aliqua
1270 650 1555 711 Macarius,
1592 665 1622 702 a
1646 647 1945 709 Gennadio,
1982 656 2041 699 ut
2074 648 2241 700 multa
2276 646 2398 709 alia,

853 749 1029 803 oculis
1060 763 1169 801 non
1191 746 1485 813 usurpata?
1516 742 1668 797 Unde
1696 756 1802 794 non
1824 754 1960 808 opus
1985 740 2108 801 erit,
2138 750 2197 791 ut
2234 737 2401 790 multa

851 838 1344 898 comminiscamur,
1365 834 1531 887 veluti
1554 832 1680 886 facit
1699 830 1973 893 Pessinus,
1994 847 2098 899 qua
2117 828 2401 883 occasione

851 944 1026 999 quove
1060 926 1235 981 efIicio
1258 925 1516 979 Homilias
1558 924 1684 977 istas
1711 922 1976 976 Macarius
2003 921 2265 974 Amathae
2310 934 2398 974 so-

849 1018 965 1072 cius
1018 1031 1205 1085 graece
1262 1029 1292 1067 a
1345 1028 1401 1067 se
1471 1012 1711 1066 redditas
1762 1027 1829 1065 ex
1877 1009 2095 1065 Antonii
2157 1007 2399 1079 magistri

846 1108 1066 1162 dictatis
1096 1104 1399 1175 protulerit.

916 1193 981 1247 X.
1009 1192 1147 1257 Quid
1197 1206 1323 1244 vero
1366 1190 1432 1244 de
1481 1187 1770 1258 Opusculis
1816 1189 1933 1242 istis
1969 1188 2231 1250 dicemus,
2262 1201 2398 1255 quae

844 1299 992 1339 nunc
1012 1293 1132 1352 post
1161 1281 1450 1336 Possinum
1495 1282 1549 1334 in
1581 1280 1865 1333 Germania
1897 1280 2131 1349 primum
2186 1295 2215 1332 a
2244 1278 2399 1333 nobis

845 1376 1187 1444 evulgantur,
1219 1381 1274 1426 et
1306 1373 1392 1425 cui
1432 1370 1570 1439 patri
1612 1369 1813 1423 liberos
1863 1369 1994 1423 istos
2050 1368 2400 1423 adseremus?

846 1467 1108 1523 Pessinus
1162 1480 1289 1516 vero
1336 1462 1425 1515 hic
1467 1462 1665 1513 iterum
1722 1476 1878 1513 suum
1935 1461 2093 1513 nobis
2146 1461 2399 1529 supponit

845 1556 1161 1617 Macarium,
1193 1570 1351 1625 quem
1391 1562 1568 1606 tamen
1594 1553 1646 1604 in
1672 1552 1873 1605 munde
1904 1568 2011 1605 non
2042 1551 2238 1613 fuisse,
2270 1553 2396 1613 iam,

844 1657 905 1701 ut
932 1647 1281 1707 arbitramur,
1313 1643 1750 1697 monstravimus.
1782 1641 2181 1697 Celeberrimos
2205 1640 2399 1695 Cavius

845 1737 921 1808 (I)
982 1736 1269 1790 tribuenda
1314 1736 1532 1803 quidem
1600 1734 1956 1788 Macariorum
2016 1748 2085 1785 n0
2160 1742 2397 1786 strorum

843 1829 1089 1884 alterutri
1124 1828 1391 1898 Opuscula
1423 1827 1555 1880 haec
1587 1842 1694 1879 non
1716 1824 1987 1878 immerito
2018 1839 2137 1878 esse
2162 1824 2395 1887 iudicat;
2432 1795 2473 1854 Β

843 1923 935 1975 sed
967 1923 1021 1974 in
1060 1936 1181 1974 eam
1241 1928 1419 1972 tamen
1464 1918 1633 1987 magis
1688 1915 1990 1986 propendet
2054 1916 2395 1978 sententiam,

842 2011 989 2080 quod
1027 2009 1393 2063 Alexandrino
1420 2008 1497 2061 illi
1536 2008 1645 2061 sint
1666 2006 2013 2075 adsignanda.

914 2101 1006 2157 XI.
1034 2101 1203 2155 Nobis
1235 2109 1416 2154 autem
1448 2098 1501 2152 id
1532 2108 1657 2153 ante
1680 2100 1860 2152 omnia
1882 2098 2100 2153 videtur
2132 2112 2250 2152 esse
2278 2112 2398 2151 cer-

844 2194 1136 2257 tissimum,
1168 2193 1313 2262 quod
1344 2208 1486 2247 unus
1509 2200 1701 2246 auctor
1729 2191 1915 2255 fuerit,
1985 2191 2078 2260 qui
2120 2189 2397 2244 divinissi-

842 2304 958 2341 mas
991 2286 1148 2340 nobis
1181 2285 1331 2340 dedit
1370 2284 1651 2347 Homilias,
1696 2298 1819 2338 cum
1858 2283 1970 2346 illo,
2017 2282 2103 2336 cui
2139 2282 2400 2335 debemus

846 2380 1051 2434 isthaec
1104 2378 1393 2447 Opuscula.
1427 2378 1484 2432 Id
1536 2377 1681 2431 enim
1732 2387 1787 2431 et
1840 2392 1927 2431 res
1967 2377 2112 2444 ipsae
2145 2375 2395 2445 probant,

842 2486 980 2540 quae
1014 2479 1071 2525 et
1090 2470 1143 2523 in
1170 2468 1415 2523 Homiliis
1446 2478 1500 2522 et
1528 2467 1814 2537 Opusculis
1837 2475 2151 2528 occurrunt,
2192 2481 2398 2520 summa

844 2561 972 2618 fidei
1017 2572 1232 2617 nostrae
1282 2562 1558 2631 mysteria,
1609 2569 1665 2613 et
1714 2559 2002 2629 praecipua
2060 2557 2399 2612 Christianae

846 2652 1125 2722 religionis
1158 2653 1355 2721 capita,
1398 2652 1628 2705 maxime
1664 2667 1802 2719 quae
1858 2650 1925 2703 ad
1955 2664 2112 2703 usum
2168 2647 2400 2702 transfe-

846 2745 1015 2797 renda
1047 2754 1192 2804 sunt,
1221 2743 1569 2806 exhibentes;
1597 2752 1650 2796 et
1679 2742 1843 2795 verba
1884 2756 2097 2811 quoque
2146 2738 2400 2806 modique

847 2834 1126 2902 loquendi,
1158 2835 1305 2886 circa
1334 2848 1470 2901 quos
1502 2847 1711 2886 summa
1730 2830 1929 2900 ubique
1961 2830 2258 2884 similitudo
2280 2838 2397 2892 est;

845 2932 902 2979 et
930 2940 1028 2994 par
1052 2925 1313 2978 orationis
1340 2924 1511 2977 forma
1536 2922 1965 2991 elocutionisque
1986 2921 2237 2991 dignitas.
2262 2920 2399 2973 Addi

846 3015 1012 3069 etiam
1063 3023 1261 3083 potest,
1296 3029 1433 3082 quae
1477 3012 1776 3068 desiderari
1819 3012 1875 3066 in
1904 3012 2134 3065 Macario
2158 3020 2396 3080 possent,

847 3112 904 3156 ct
929 3104 1021 3173 qui
1051 3104 1106 3157 in
1144 3103 1542 3172 elegantissimo
1584 3103 1686 3156 hoc
1729 3118 1954 3172 corpore
2000 3101 2157 3154 naevi
2208 3101 2396 3154 obser-

847 3206 1065 3259 vantur,
1128 3212 1222 3251 eos
1271 3196 1557 3265 utrobique
1621 3212 1737 3252 sese
1789 3198 1947 3251 nobis
1998 3197 2213 3250 oﬂ‘erre.
2265 3195 2399 3250 Cum

848 3287 1013 3356 igitur
1038 3288 1197 3355 paulo
1230 3298 1353 3341 ante
1380 3287 1613 3342 Macario
1636 3288 1896 3358 Aegyptio
1934 3289 2191 3341 IIomilias
2225 3305 2400 3341 asser—

850 3387 963 3430 tum
992 3378 1269 3439 iverimus,
1311 3387 1456 3447 patet
1483 3379 1621 3432 ratio
1648 3420 1660 3442 ,
1692 3396 1859 3448 quare
1882 3381 2151 3449 Opuscula
2190 3381 2239 3433 ei
2294 3381 2404 3432 sint

848 3484 1063 3537 quoque
1086 3469 1479 3533 adiudieanda;
1510 3470 1827 3539 praesertim
1871 3486 1993 3523 eum
2036 3471 2251 3524 codices
2286 3486 2399 3522 ma-

847 3561 1113 3629 nuscripti
1143 3561 1196 3613 in
1216 3561 1545 3616 bibliotheca
1573 3562 2001 3623 Vindobenensi,
2038 3563 2153 3631 ipso
2173 3562 2402 3615 decente

846 3650 1036 3713 Gavio,
1079 3651 1152 3721 (Ξ)
1185 3651 1415 3705 Macario
1446 3662 1632 3705 nostro
1661 3652 1794 3704 haec
1823 3662 1877 3704 et
1919 3652 2115 3705 similia
2145 3652 2403 3721 opuscula

850 3742 1168 3794 attribuant.
1211 3742 1269 3794 In
1297 3742 1412 3810 ipse
1451 3742 1636 3805 etiam,
1668 3758 1777 3811 quo
1819 3758 1953 3796 usus
1999 3743 2258 3796 Pessinus
2298 3752 2399 3806 est,

848 3832 1035 3886 codice
1060 3841 1273 3886 exserte
1301 3832 1515 3888 Macarii
1553 3834 1757 3886 nomini
1784 3834 1963 3905 Magni
1983 3834 2293 3903 appellatio,
2324 3834 2402 3887 fa-

849 3932 996 3979 tente
1060 3924 1290 3987 editore,
1339 3934 1422 3979 est
1478 3925 1753 3988 adiuncta,
1790 3940 1953 3994 quam
2019 3940 2129 3977 non
2176 3924 2406 3978 Alexan-

848 4013 1043 4077 drino,
1077 4015 1170 4068 sed
1214 4014 1471 4085 Aegyptio
1523 4015 1755 4068 Macario
1804 4014 1929 4067 addi
1966 4014 2403 4083 frequentissime

847 4104 1189 4158 notissimum
1232 4116 1331 4159 est.
1402 4106 1535 4159 Nam
1576 4105 1721 4173 quod
1768 4104 2023 4159 Pessinus
2079 4105 2404 4173 persuadere

848 4196 1008 4249 nobis
1048 4204 1295 4259 conatur,
1334 4211 1689 4264 personarum
1734 4195 1825 4248 hic
1863 4195 2155 4264 contigisse
2212 4196 2402 4249 confu-

848 4287 1078 4350 sionem,
1128 4288 1383 4341 videlieet
1446 4302 1573 4341 suae
1626 4286 1853 4341 inservit
1907 4300 2121 4349 causae,
2170 4296 2229 4339 ut
2287 4287 2404 4341 iure

846 4379 1049 4448 alique,
1084 4395 1220 4449 quae
1248 4380 1479 4434 Macario
1500 4379 1762 4449 Aegyptio
1804 4381 2074 4437 debentur
2095 4422 2109 4444 ,
2138 4396 2279 4435 novo
2308 4397 2406 4436 suo

2503 555 2599 609 siis
2629 572 2770 611 anno
2795 556 3092 625 superioris
3133 557 3333 610 saeculi
3380 556 3495 610 LIX
3518 558 3944 627 elegantissimis
3991 571 4070 632 ty-

2502 646 2585 714 pis
2641 662 2870 701 excusae
2896 666 2907 699 :
2950 648 3237 717 separatim
3268 664 3397 702 vero
3422 659 3479 703 et
3500 649 3664 702 latina
3685 651 3865 704 versio
3892 651 4070 705 lucem

2506 735 2772 804 adspexit,
2804 754 2833 791 a
2868 738 3063 791 Ieanne
3087 738 3235 802 Piee,
3270 740 3375 793 nisi
3403 741 3662 806 fallimur,
3720 745 4067 798 concinnata.

2502 826 2771 883 Successit
2807 830 3148 897 postmodum
3191 831 3481 886 Zachariae
3513 833 3780 887 Palthenii
3834 835 4070 906 diligen-

2502 918 2594 983 tia,
2630 918 2722 987 qui
2768 934 2909 973 anno
2962 920 3120 975 XCIV
3169 922 3413 976 eiusdem
3461 924 3661 977 saeculi
3704 935 3761 979 et
3809 942 4069 996 graecum

2499 1024 2824 1072 sermonem,
2851 1020 2907 1064 et
2936 1010 3158 1065 latinam
3183 1012 3512 1078 versionem,
3542 1030 3572 1067 a
3596 1030 3655 1068 se
3703 1032 3814 1071 non
3852 1018 4072 1089 exiguis

2498 1099 2777 1154 laboribus
2798 1112 3135 1169 exornatam,
3158 1104 3492 1159 coniunctim
3516 1107 3710 1170 edidit,
3741 1110 3901 1180 typis,
3938 1128 4073 1181 qua-

2500 1188 2584 1242 les
2610 1199 2664 1243 et
2689 1191 2860 1244 nostri
2901 1200 3049 1255 sunt,
3109 1194 3268 1262 paulo
3328 1194 3735 1251 minutioribus.
3791 1198 4071 1268 Opuscula

2500 1295 2629 1333 vero
2657 1281 2864 1350 reliqua
2891 1281 3100 1337 diutius
3130 1284 3449 1338 obscuritati
3476 1301 3605 1341 suae
3626 1289 3886 1344 immersa
3934 1291 4074 1344 deli-

2501 1382 2743 1435 tuerunt,
2775 1372 3075 1441 usquedum
3122 1374 3267 1429 felici
3294 1374 3438 1429 Petri
3466 1376 3701 1441 Possini,
3740 1395 3771 1432 e
3794 1378 4072 1435 Societate

2498 1465 2625 1519 Iesu
2652 1466 2778 1525 viri,
2804 1480 2966 1533 Opera
2989 1466 3043 1517 in
3074 1466 3331 1519 Thesauro
3354 1509 3367 1531 ,
3395 1484 3555 1537 quem
3596 1479 3771 1533 vocat,
3810 1471 4068 1534 Ascetico,

2500 1554 2656 1607 cuius
2683 1565 2888 1622 partem
2918 1556 3123 1609 faciunt
3145 1558 3479 1625 primariam,
3506 1560 3560 1612 in
3586 1560 3763 1615 lucem
3789 1562 4071 1631 publicam

2500 1656 2625 1699 sunt
2658 1648 2919 1716 exposita.
2959 1648 3109 1703 Unde
3142 1658 3349 1702 tantum
3394 1651 3507 1719 ipse
3539 1651 3792 1705 habuerit
3842 1653 4069 1707 thesau-

2500 1754 2640 1800 rum,
2686 1754 2793 1791 non
2840 1740 3092 1807 equidem
3140 1740 3463 1794 dissimulat.
3517 1742 3865 1796 Franciscum
3916 1744 4069 1797 enim

2502 1830 2848 1890 Turrianum,
2887 1830 3151 1883 notissimi
3182 1831 3416 1885 nominis
3442 1833 3717 1897 Iesuitam,
3748 1849 3873 1887 cum
3920 1850 4071 1887 anno

2501 1923 2661 1977 clala
2710 1922 2867 1976 LXVI
2892 1923 3203 1976 societatem
3242 1923 3383 1977 illam
3410 1925 3612 1978 Romae
3662 1925 4066 1994 ingrederetur,

2501 2015 2643 2067 inter
2692 2015 2965 2067 volumina
3015 2015 3181 2068 refert
3217 2031 3405 2083 graeca
3431 2015 3684 2084 plurima,
3717 2031 3859 2085 quae
3919 2018 4067 2071 anti-

2501 2120 2642 2173 quae
2673 2120 2866 2158 manus
2912 2120 3040 2173 prae
3097 2119 3153 2158 se
3208 2105 3386 2158 ferant
3438 2106 3686 2173 vestigia,
3736 2122 3986 2174 quaeque
4014 2106 4069 2159 in

2499 2194 2661 2247 domo
2684 2194 2905 2263 antiqua
2943 2193 3183 2263 professa
3216 2193 3465 2247 Romana
3500 2193 3838 2263 deposuerit,
3893 2212 4064 2249 unum

2506 2300 2723 2354 quoque
2779 2294 3063 2338 auctorum
3116 2284 3287 2338 ferme
3336 2286 3554 2354 triginta
3602 2285 3670 2339 de
3728 2302 3786 2339 re
3828 2286 4068 2341 ascetica

2498 2379 2783 2433 continens
2808 2378 3232 2436 lucubrationes,
3265 2378 3424 2431 annis
3452 2379 3650 2431 abhinc
3684 2379 3805 2448 plus
3830 2380 3995 2448 quin-
4029 2380 4039 2449 |

2500 2468 2674 2536 gentis
2702 2484 2732 2521 a
2756 2484 2915 2522 manu
2944 2469 3303 2523 transmarina
3344 2478 3643 2533 exaratum,
3700 2470 4069 2525 bibliothecae

2501 2560 2717 2613 Patrum
2753 2561 3027 2615 societatis
3055 2561 3302 2614 intulisse
3326 2578 3340 2624 ;
3375 2570 3430 2615 et
3454 2561 3578 2615 inde
3603 2562 3911 2627 Pessimum,
3940 2578 4066 2617 eum

2500 2651 2701 2705 Romae
2722 2651 2956 2722 degeret,
2989 2661 3200 2721 praeter
3246 2653 3369 2715 alia,
3407 2652 3611 2706 isthaec
3638 2652 3937 2707 Macariana
3968 2655 4066 2709 de—

2500 2745 2803 2813 scripsisse.

2573 2835 2711 2888 XIII.
2745 2836 2878 2889 Cum
2910 2850 3041 2889 vero
3070 2834 3333 2888 Homiliae
3368 2835 3487 2888 illae
3537 2834 3923 2894 Palthenianae
3972 2850 4069 2887 ne-

2502 2928 2631 2981 stris
2659 2928 2713 2981 in
2738 2927 3069 2997 bibliopoliis
3098 2942 3206 2979 non
3229 2926 3460 2995 amplius
3480 2933 3773 2987 exstarent,
3797 2924 4068 2993 Opuscula

2502 3024 2683 3069 autem
2728 3017 2935 3085 reliqua
2974 3033 3004 3069 a
3036 3016 3261 3070 Possino
3305 3014 3451 3067 edita
3484 3014 3757 3066 rarissime
3787 3012 3929 3081 apud
3971 3028 4069 3066 nos

2505 3107 2978 3176 conspicerentur,
3001 3108 3176 3160 visum
3203 3116 3306 3166 est,
3329 3120 3358 3157 e
3376 3119 3434 3156 re
3456 3104 3568 3156 fere
3590 3104 3924 3173 reipublicae
3948 3104 4069 3156 lite-

2504 3198 2700 3259 rariae,
2724 3196 3094 3266 imprimisque
3112 3192 3409 3248 iuventutis
3428 3192 3719 3256 studiosae,
3740 3203 3954 3262 praeter
3969 3193 4070 3245 Iin'

2503 3304 2637 3358 guae
2666 3302 2888 3357 graecae
2930 3287 3153 3341 delicias
3177 3288 3362 3357 pietati
3405 3302 3619 3356 quoque
3662 3284 3958 3354 operantis,
4014 3286 4068 3337 in

2504 3396 2702 3450 corpus
2756 3396 2923 3435 unum
2984 3396 3240 3434 revocare
3310 3381 3490 3435 omnia
3558 3393 3695 3447 quae
3776 3377 4070 3429 Macarium

2503 3480 2801 3539 agnoscunt
2826 3480 3125 3534 auctorem,
3156 3471 3449 3523 Macarium
3492 3470 3732 3538 inquam,
3767 3482 3931 3537 quem
3960 3468 4073 3520 exi-

2503 3561 2785 3613 stimamus
2813 3574 2931 3612 esse
2984 3558 3322 3629 Aegyptium.
3376 3561 3508 3613 Nam
3560 3574 3698 3627 quae
3756 3557 3810 3610 in
3866 3556 4068 3609 biblio-

2503 3652 2658 3705 theca
2680 3650 2903 3704 Paulina
2946 3651 3219 3719 Lipsiensi
3277 3652 3642 3719 manuscripta
3695 3659 3890 3709 exstat,
3940 3659 3997 3701 et
4042 3664 4069 3700 a

2503 3742 2790 3797 Guilielmo
2817 3742 2981 3796 Cavio
3013 3759 3075 3796 ac
3105 3743 3301 3795 Iacobo
3329 3743 3501 3795 Tollio
3538 3742 3591 3793 in
3626 3740 3852 3793 latinum
3906 3739 4068 3792 simul

2504 3850 2762 3888 conversa
2801 3834 3011 3903 prodita
3051 3845 3133 3888 est
3174 3835 3249 3887 De
3281 3839 3491 3887 am‘mae
3531 3834 3785 3885 iustorum
3832 3841 4070 3901 peccato—

2504 3944 2722 3996 rumque
2739 3929 2877 3980 easitu
2904 3926 3088 3981 Oratio
3109 3927 3207 3997 (5),
3231 3936 3287 3980 et
3315 3926 3369 3979 in
3391 3925 3550 3978 titulo
3571 3922 3939 3977 Alexandrino
3961 3921 4069 3974 Ma-

2505 4021 2653 4074 cario
2684 4019 3031 4082 adscribitur,
3062 4028 3117 4072 et
3146 4018 3317 4071 aniles
3352 4018 3669 4085 ineptasque
3692 4014 3901 4067 fabulas
3921 4027 4069 4065 com-

2505 4111 2780 4181 plectitur,
2811 4118 2868 4162 ut
2890 4110 3208 4163 recentioris
3240 4108 3520 4162 cuiusdam
3576 4105 3815 4177 graeculi
3875 4104 4065 4157 videa-

2505 4212 2594 4255 tur
2619 4216 2736 4255 esse
2770 4210 3156 4265 commentum,
3186 4216 3285 4254 nec
3313 4198 3540 4268 proinde
3572 4198 3661 4251 hic
3686 4198 3866 4250 locum
3911 4194 4065 4248 inve-

2505 4292 2623 4345 nire
2654 4291 2910 4359 potuerit.

2576 4383 2710 4437 XIV.
2742 4381 2889 4447 Quae
2922 4398 3050 4435 vero
3071 4382 3214 4435 circa
3249 4382 3507 4437 Homilies
3542 4396 3571 4434 a
3606 4380 3766 4435 nobis
3782 4382 3891 4435 sint
3910 4395 4069 4450 prae-

847 4478 905 4523 et
951 4472 1189 4539 antiquis
1235 4472 1508 4540 incognito
1551 4472 1780 4525 Macario
1838 4473 2150 4527 adscribere
2196 4483 2398 4543 posset.
2436 4482 2475 4535 ἶ)
2504 4476 2649 4537 stlta,
2686 4473 2751 4527 de
2775 4474 2841 4525 iis
2870 4473 2924 4525 in
2959 4472 3290 4541 praefatione
3329 4474 3395 4527 ad
3444 4472 3662 4527 easdem
3707 4480 3886 4525 actum
3942 4469 4063 4524 fuit.

847 4562 1165 4631 Quanquam
1188 4564 1405 4617 interim
1456 4564 1718 4634 refragari
1762 4564 2017 4627 nolimus,
2070 4564 2258 4629 fuisse,
2310 4566 2403 4634 qui

848 4673 914 4711 ex
938 4673 1032 4713 ore
1076 4658 1130 4711 di
1164 4657 1171 4727 |
1204 4659 1376 4712 eentis
1421 4658 1596 4711 saltim
1642 4658 1857 4713 Macarii
1907 4658 2040 4711 haec
2084 4659 2401 4727 exceperit:

850 4748 996 4803 unde
1021 4757 1075 4803 et
1099 4764 1215 4803 esse
1236 4759 1506 4817 putamus,
1535 4766 1633 4803 cur
1655 4759 1761 4803 tam
1789 4749 2103 4818 frequenter
2126 4750 2179 4802 in
2202 4750 2408 4803 Graeco

850 4855 954 4892 vox
978 4839 1081 4909 ἔφη
1104 4849 1376 4903 occurrat,
1406 4840 1459 4893 in
1479 4842 1727 4895 versione
1772 4853 1831 4895 ut
1856 4842 2149 4910 plurimum
2173 4842 2369 4895 emissa
2393 4859 2407 4906 ;

852 4938 913 4983 ut
938 4930 1075 4984 adeo
1115 4932 1357 4985 omnium
1404 4932 1646 5000 quidem,
1694 4948 1831 5001 quae
1868 4933 2177 4994 traduntur,
2221 4944 2409 4987 auctor

852 5020 1019 5074 fuerit
1042 5021 1340 5086 Macarius,
1388 5038 1696 5092 quanquam
1727 5023 1841 5093 ipse
1890 5023 1979 5077 illa
2020 5039 2129 5077 non
2173 5026 2407 5094 scripse-

853 5112 946 5165 rit.

910 5201 1025 5255 XII.
1058 5203 1372 5258 Pertineant
1392 5220 1521 5274 ergo
1552 5205 1727 5259 foetus
1753 5206 1839 5259 isti
1866 5223 1963 5275 per
1989 5222 2089 5261 nos
2136 5208 2202 5261 ad
2230 5208 2399 5261 Maca-

853 5293 999 5345 rium
1043 5294 1382 5364 Aegyptium.
1430 5296 1583 5351 Nunc
1628 5314 1732 5365 qua
1789 5299 1995 5352 ratione
2034 5315 2099 5352 ex
2143 5300 2403 5361 tenebris,

852 5383 1055 5449 quibus
1095 5384 1440 5453 circumsepti
1510 5401 1606 5453 per
1656 5387 1861 5454 aliquot
1919 5388 2129 5440 saecula
2170 5387 2403 5449 fuerant,

851 5472 1195 5535 emerserint,
1224 5472 1449 5541 agedum
1508 5472 1804 5527 videamus.
1856 5474 2115 5530 Homiliae
2174 5474 2406 5543 primum

2504 4564 2657 4618 Nune
2686 4578 2814 4617 vero
2848 4562 2977 4630 quid
3028 4563 3170 4615 circa
3215 4562 3507 4630 Opuscula,
3551 4576 3689 4631 quae
3738 4569 4064 4630 sequuntur,

2506 4656 2743 4726 quidque
2798 4656 2941 4708 circa
2972 4654 3438 4723 Apophthegmata
3480 4654 3772 4723 egerimus,
3830 4654 4068 4707 breviter

2507 4747 2857 4800 indicandum
2896 4754 2996 4799 est.
3036 4746 3093 4800 In
3118 4745 3403 4815 Opusculis
3431 4754 3609 4799 autem
3663 4745 3770 4798 illis
3810 4744 3899 4798 VII
3938 4744 4066 4798 Pos—

2506 4837 2611 4891 sini
2649 4837 2963 4899 editionem,
3009 4852 3131 4889 cum
3186 4838 3567 4906 manuscriptis
3616 4838 4065 4897 destitueremur,

2507 4927 2679 4981 secuti
2738 4943 2944 4989 sumus,
2974 4927 3202 4981 sublatis
3266 4938 3469 4989 tamen,
3519 4942 3658 4995 quae
3722 4927 3776 4979 in
3825 4924 4067 4979 editione

2505 5019 2818 5073 Pessiniana
2840 5018 3642 5087 apparebantfrequentissime,
3674 5016 4069 5086 sphalmatibus

2508 5112 2925 5181 typographicis.
2958 5112 3137 5180 Longe
3159 5111 3313 5179 plura
3330 5110 3475 5164 circa
3514 5109 3813 5163 versionem
3844 5108 4064 5161 latinam

2511 5203 2715 5272 agenda
2763 5204 3084 5257 invenimus.
3126 5203 3380 5255 Pessinus
3417 5202 3561 5255 enim
3600 5217 3771 5269 genus
3798 5201 4067 5269 interpre-

2514 5296 2658 5349 tandi
2687 5296 2912 5350 liberius
2932 5307 3169 5357 secutus,
3200 5294 3427 5347 mirifice
3444 5310 3556 5349 non
3589 5294 3596 5362 Ι
3632 5310 3753 5347 raro
3781 5303 4061 5363 evagatur,

2514 5396 2572 5440 ut
2610 5390 3052 5443 commentateris
3085 5388 3283 5457 potius,
3315 5402 3475 5454 quam
3527 5385 3839 5454 interpretis
3886 5396 4067 5454 partes

2515 5481 2814 5547 suscepisse
2845 5480 3017 5535 videri
3043 5479 3249 5547 possit;
3295 5494 3431 5547 quae
3470 5478 3701 5531 instituti
3750 5478 3887 5530 ratio
3940 5477 4069 5531 licet

2346 5592 2590 5648 NOTAE.

926 5676 999 5739 (1)
1030 5678 1168 5729 Cave
1201 5680 1330 5731 Ilisl.
1366 5679 1460 5731 Lit.
1498 5680 1556 5731 P.
1594 5680 1647 5731 11
1680 5698 1729 5746 ρ
1768 5683 1829 5734 ’76

924 5748 994 5813 (2)
1025 5748 1097 5801 Id.
1146 5749 1273 5800 Hist.
1307 5750 1403 5801 [λβ.
1445 5750 1500 5802 I'.
1539 5750 1586 5803 Η
1618 5769 1666 5817 ιθ.
1692 5752 1773 5801 ’ῖὲΔ

2572 5686 2643 5743 (3)
2684 5687 2756 5739 III.
2803 5687 2931 5741 Hist.
2972 5688 3065 5740 Lit.
3095 5686 3153 5740 ἶ.
3185 5687 3210 5740 1
3251 5706 3299 5755 p.
3332 5688 3449 5742 708.
3488 5688 3691 5743 Tollius
3719 5684 4061 5753 Insignltt'm

2509 5754 2629 5809 Ital.
2662 5774 2693 5826 ρ
2750 5757 2861 5809 199.
