  <div class='ocr_page' id='page_1' title='image "/cluster/home/n/w/nwhite01/storage/ocr_20150623/34/nnc1.0046978860/192.png"; bbox 0 0 4274 6358; ppageno 0'>
   <div class='ocr_carea' id='block_1_1' title="bbox 244 372 350 428">
    <p class='ocr_par' dir='ltr' id='par_1_1' title="bbox 244 372 350 428">
     <span class='ocr_line' id='line_1_1' title="bbox 244 372 350 428; baseline 0.019 -2"><span class='ocrx_word' id='word_1_1' title='bbox 244 372 350 428; x_wconf 79' lang='lat'><strong>365</strong></span> 
     </span>
    </p>
   </div>
   <div class='ocr_carea' id='block_1_2' title="bbox 1086 388 2641 458">
    <p class='ocr_par' dir='ltr' id='par_1_2' title="bbox 1086 388 2641 458">
     <span class='ocr_line' id='line_1_2' title="bbox 1086 388 2641 458; baseline 0.01 -17"><span class='ocrx_word' id='word_1_2' title='bbox 1086 388 1174 442; x_wconf 82' lang='lat' dir='ltr'><strong>AD</strong></span> <span class='ocrx_word' id='word_1_3' title='bbox 1213 390 1584 448; x_wconf 82' lang='lat' dir='ltr'><strong>EDITIONEM</strong></span> <span class='ocrx_word' id='word_1_4' title='bbox 1623 394 1857 450; x_wconf 85' lang='lat' dir='ltr'><strong>OPUSC.</strong></span> <span class='ocrx_word' id='word_1_5' title='bbox 1904 399 1957 453; x_wconf 90' lang='lat' dir='ltr'><strong>S.</strong></span> <span class='ocrx_word' id='word_1_6' title='bbox 1999 401 2279 456; x_wconf 79' lang='lat' dir='ltr'><strong>MACARH</strong></span> <span class='ocrx_word' id='word_1_7' title='bbox 2312 402 2641 458; x_wconf 84' lang='lat' dir='ltr'><strong>AEGYPTIL</strong></span> 
     </span>
    </p>
   </div>
   <div class='ocr_carea' id='block_1_3' title="bbox 3340 399 3445 464">
    <p class='ocr_par' dir='ltr' id='par_1_3' title="bbox 3340 399 3445 464">
     <span class='ocr_line' id='line_1_3' title="bbox 3340 399 3445 464; baseline -0.076 0"><span class='ocrx_word' id='word_1_8' title='bbox 3340 399 3445 464; x_wconf 72' lang='lat'><strong>566</strong></span> 
     </span>
    </p>
   </div>
   <div class='ocr_carea' id='block_1_4' title="bbox 241 490 3447 585">
    <p class='ocr_par' dir='ltr' id='par_1_4' title="bbox 241 490 3447 585">
     <span class='ocr_line' id='line_1_4' title="bbox 241 490 3447 585; baseline 0.01 -44"><span class='ocrx_word' id='word_1_9' title='bbox 241 503 366 541; x_wconf 87' lang='lat' dir='ltr'><strong>cum</strong></span> <span class='ocrx_word' id='word_1_10' title='bbox 399 490 579 585; x_wconf 85' lang='lat' dir='ltr'><strong>aliqua</strong></span> <span class='ocrx_word' id='word_1_11' title='bbox 608 494 829 552; x_wconf 87' lang='lat' dir='ltr'><strong>lectoris</strong></span> <span class='ocrx_word' id='word_1_12' title='bbox 860 501 1091 557; x_wconf 87' lang='lat' dir='ltr'><strong>utilitate</strong></span> <span class='ocrx_word' id='word_1_13' title='bbox 1125 506 1414 561; x_wconf 90' lang='lat' dir='ltr'><strong>coniuncta</strong></span> <span class='ocrx_word' id='word_1_14' title='bbox 1442 509 1533 572; x_wconf 92' lang='lat' dir='ltr'><strong>sit,</strong></span> <span class='ocrx_word' id='word_1_15' title='bbox 1566 512 1684 564; x_wconf 88' lang='lat' dir='ltr'><strong>eius</strong></span> <span class='ocrx_word' id='word_1_16' title='bbox 1726 519 1805 564; x_wconf 85' lang='lat' dir='ltr'><strong>ta-</strong></span> <span class='ocrx_word' id='word_1_17' title='bbox 1833 519 1874 572; x_wconf 85' lang='lat' dir='ltr'><strong>A</strong></span> <span class='ocrx_word' id='word_1_18' title='bbox 1902 517 1985 570; x_wconf 88' lang='lat' dir='ltr'><strong>vel</strong></span> <span class='ocrx_word' id='word_1_19' title='bbox 2015 517 2156 573; x_wconf 93' lang='lat' dir='ltr'><strong>vitae</strong></span> <span class='ocrx_word' id='word_1_20' title='bbox 2188 517 2410 571; x_wconf 92' lang='lat' dir='ltr'>delicias</span> <span class='ocrx_word' id='word_1_21' title='bbox 2447 525 2503 570; x_wconf 92' lang='lat' dir='ltr'><strong>et</strong></span> <span class='ocrx_word' id='word_1_22' title='bbox 2532 531 2652 570; x_wconf 91' lang='lat' dir='ltr'><strong>com</strong></span> <span class='ocrx_word' id='word_1_23' title='bbox 2684 515 2692 585; x_wconf 71' lang='grc' dir='ltr'><strong>ε</strong></span> <span class='ocrx_word' id='word_1_24' title='bbox 2724 514 2882 569; x_wconf 87' lang='lat' dir='ltr'><strong>moda</strong></span> <span class='ocrx_word' id='word_1_25' title='bbox 2924 515 3119 584; x_wconf 89' lang='lat' dir='ltr'><strong>cupide</strong></span> <span class='ocrx_word' id='word_1_26' title='bbox 3168 524 3447 572; x_wconf 83' lang='lat' dir='ltr'><strong>consecta-</strong></span> 
     </span>
    </p>
   </div>
   <div class='ocr_carea' id='block_1_5' title="bbox 238 581 1802 654">
    <p class='ocr_par' dir='ltr' id='par_1_5' title="bbox 238 581 1802 654">
     <span class='ocr_line' id='line_1_5' title="bbox 238 581 1802 654; baseline 0.017 -26"><span class='ocrx_word' id='word_1_27' title='bbox 238 592 387 641; x_wconf 89' lang='lat' dir='ltr'><strong>men,</strong></span> <span class='ocrx_word' id='word_1_28' title='bbox 412 581 507 648; x_wconf 97' lang='lat' dir='ltr'><strong>qui</strong></span> <span class='ocrx_word' id='word_1_29' title='bbox 533 597 837 641; x_wconf 86' lang='lat' dir='ltr'><strong>sermonem</strong></span> <span class='ocrx_word' id='word_1_30' title='bbox 868 592 1097 647; x_wconf 85' lang='lat' dir='ltr'><strong>alicuius</strong></span> <span class='ocrx_word' id='word_1_31' title='bbox 1134 595 1189 649; x_wconf 94' lang='lat' dir='ltr'><strong>in</strong></span> <span class='ocrx_word' id='word_1_32' title='bbox 1234 596 1382 651; x_wconf 84' lang='lat' dir='ltr'>aliud</span> <span class='ocrx_word' id='word_1_33' title='bbox 1436 598 1632 652; x_wconf 90' lang='lat' dir='ltr'><strong>idioma</strong></span> <span class='ocrx_word' id='word_1_34' title='bbox 1675 615 1802 654; x_wconf 90' lang='lat' dir='ltr'><strong>con-</strong></span> 
     </span>
    </p>
   </div>
   <div class='ocr_carea' id='block_1_6' title="bbox 237 671 1801 753">
    <p class='ocr_par' dir='ltr' id='par_1_6' title="bbox 237 671 1801 753">
     <span class='ocr_line' id='line_1_6' title="bbox 237 671 1801 753; baseline 0.016 -35"><span class='ocrx_word' id='word_1_35' title='bbox 237 678 457 723; x_wconf 91' lang='lat' dir='ltr'><strong>vertere</strong></span> <span class='ocrx_word' id='word_1_36' title='bbox 490 671 747 741; x_wconf 73' lang='lat' dir='ltr'><strong>instituit,</strong></span> <span class='ocrx_word' id='word_1_37' title='bbox 773 678 975 735; x_wconf 77' lang='lat' dir='ltr'>limites</span> <span class='ocrx_word' id='word_1_38' title='bbox 1004 684 1302 753; x_wconf 77' lang='lat' dir='ltr'><strong>egreditur,</strong></span> <span class='ocrx_word' id='word_1_39' title='bbox 1330 702 1455 740; x_wconf 90' lang='lat' dir='ltr'><strong>cum</strong></span> <span class='ocrx_word' id='word_1_40' title='bbox 1491 686 1607 742; x_wconf 87' lang='lat' dir='ltr'><strong>sine</strong></span> <span class='ocrx_word' id='word_1_41' title='bbox 1635 688 1801 743; x_wconf 90' lang='lat' dir='ltr'><strong>dubio</strong></span> 
     </span>
    </p>
   </div>
   <div class='ocr_carea' id='block_1_7' title="bbox 239 757 1800 845">
    <p class='ocr_par' dir='ltr' id='par_1_7' title="bbox 239 757 1800 845">
     <span class='ocr_line' id='line_1_7' title="bbox 239 757 1800 845; baseline 0.014 -36"><span class='ocrx_word' id='word_1_42' title='bbox 239 757 345 811; x_wconf 87' lang='lat' dir='ltr'><strong>hoc</strong></span> <span class='ocrx_word' id='word_1_43' title='bbox 378 760 450 813; x_wconf 87' lang='lat' dir='ltr'><strong>sit</strong></span> <span class='ocrx_word' id='word_1_44' title='bbox 478 763 742 831; x_wconf 90' lang='lat' dir='ltr'><strong>optimum</strong></span> <span class='ocrx_word' id='word_1_45' title='bbox 773 767 1161 838; x_wconf 71' lang='lat' dir='ltr'><strong>interpretandi</strong></span> <span class='ocrx_word' id='word_1_46' title='bbox 1190 788 1379 842; x_wconf 89' lang='lat' dir='ltr'><strong>genus,</strong></span> <span class='ocrx_word' id='word_1_47' title='bbox 1429 791 1551 829; x_wconf 91' lang='lat' dir='ltr'><strong>cum</strong></span> <span class='ocrx_word' id='word_1_48' title='bbox 1592 776 1800 845; x_wconf 88' lang='lat' dir='ltr'><strong>simpli-</strong></span> 
     </span>
    </p>
   </div>
   <div class='ocr_carea' id='block_1_8' title="bbox 238 848 1801 927">
    <p class='ocr_par' dir='ltr' id='par_1_8' title="bbox 238 848 1801 927">
     <span class='ocr_line' id='line_1_8' title="bbox 238 848 1801 927; baseline 0.014 -29"><span class='ocrx_word' id='word_1_49' title='bbox 238 848 457 903; x_wconf 80' lang='lat' dir='ltr'><strong>cissime</strong></span> <span class='ocrx_word' id='word_1_50' title='bbox 487 853 670 906; x_wconf 84' lang='lat' dir='ltr'><strong>verbis</strong></span> <span class='ocrx_word' id='word_1_51' title='bbox 692 859 931 912; x_wconf 79' lang='lat' dir='ltr'>auctoris</span> <span class='ocrx_word' id='word_1_52' title='bbox 960 859 1291 927; x_wconf 88' lang='lat' dir='ltr'><strong>inhaeretur,</strong></span> <span class='ocrx_word' id='word_1_53' title='bbox 1328 874 1509 918; x_wconf 87' lang='lat' dir='ltr'><strong>mente</strong></span> <span class='ocrx_word' id='word_1_54' title='bbox 1536 865 1655 920; x_wconf 92' lang='lat' dir='ltr'><strong>eius</strong></span> <span class='ocrx_word' id='word_1_55' title='bbox 1684 866 1801 920; x_wconf 89' lang='lat' dir='ltr'><strong>sine</strong></span> 
     </span>
    </p>
   </div>
   <div class='ocr_carea' id='block_1_9' title="bbox 238 940 1797 1022">
    <p class='ocr_par' dir='ltr' id='par_1_9' title="bbox 238 940 1797 1022">
     <span class='ocr_line' id='line_1_9' title="bbox 238 940 1797 1022; baseline 0.011 -33"><span class='ocrx_word' id='word_1_56' title='bbox 238 940 546 995; x_wconf 79' lang='lat' dir='ltr'>ambitiosis</span> <span class='ocrx_word' id='word_1_57' title='bbox 573 943 702 997; x_wconf 92' lang='lat' dir='ltr'><strong>hinc</strong></span> <span class='ocrx_word' id='word_1_58' title='bbox 748 946 873 1001; x_wconf 88' lang='lat' dir='ltr'><strong>inde</strong></span> <span class='ocrx_word' id='word_1_59' title='bbox 914 951 1332 1005; x_wconf 84' lang='lat' dir='ltr'>excursionibus</span> <span class='ocrx_word' id='word_1_60' title='bbox 1380 961 1797 1022; x_wconf 86' lang='lat' dir='ltr'><strong>repraesentata.</strong></span> 
     </span>
    </p>
   </div>
   <div class='ocr_carea' id='block_1_10' title="bbox 237 1028 1801 1113">
    <p class='ocr_par' dir='ltr' id='par_1_10' title="bbox 237 1028 1801 1113">
     <span class='ocr_line' id='line_1_10' title="bbox 237 1028 1801 1113; baseline 0.013 -35"><span class='ocrx_word' id='word_1_61' title='bbox 237 1028 501 1084; x_wconf 88' lang='lat' dir='ltr'><strong>Possinus</strong></span> <span class='ocrx_word' id='word_1_62' title='bbox 528 1049 660 1088; x_wconf 92' lang='lat' dir='ltr'><strong>vero</strong></span> <span class='ocrx_word' id='word_1_63' title='bbox 681 1044 737 1089; x_wconf 90' lang='lat' dir='ltr'><strong>et</strong></span> <span class='ocrx_word' id='word_1_64' title='bbox 762 1040 1006 1094; x_wconf 84' lang='lat' dir='ltr'><strong>excurrit</strong></span> <span class='ocrx_word' id='word_1_65' title='bbox 1041 1041 1394 1107; x_wconf 88' lang='lat' dir='ltr'><strong>creberrime,</strong></span> <span class='ocrx_word' id='word_1_66' title='bbox 1427 1052 1482 1098; x_wconf 90' lang='lat' dir='ltr'><strong>et</strong></span> <span class='ocrx_word' id='word_1_67' title='bbox 1523 1052 1801 1113; x_wconf 88' lang='lat' dir='ltr'><strong>praeterea</strong></span> 
     </span>
    </p>
   </div>
   <div class='ocr_carea' id='block_1_11' title="bbox 238 1120 1800 1198">
    <p class='ocr_par' dir='ltr' id='par_1_11' title="bbox 238 1120 1800 1198">
     <span class='ocr_line' id='line_1_11' title="bbox 238 1120 1800 1198; baseline 0.013 -30"><span class='ocrx_word' id='word_1_68' title='bbox 238 1133 410 1185; x_wconf 89' lang='lat' dir='ltr'><strong>genus</strong></span> <span class='ocrx_word' id='word_1_69' title='bbox 442 1120 701 1189; x_wconf 87' lang='lat' dir='ltr'>loquendi</span> <span class='ocrx_word' id='word_1_70' title='bbox 729 1129 976 1196; x_wconf 85' lang='lat' dir='ltr'><strong>sequitur</strong></span> <span class='ocrx_word' id='word_1_71' title='bbox 1017 1130 1331 1198; x_wconf 82' lang='lat' dir='ltr'><strong>fastuosius,</strong></span> <span class='ocrx_word' id='word_1_72' title='bbox 1368 1149 1430 1187; x_wconf 88' lang='lat' dir='ltr'><strong>ac</strong></span> <span class='ocrx_word' id='word_1_73' title='bbox 1480 1135 1646 1187; x_wconf 87' lang='lat' dir='ltr'>altius</span> <span class='ocrx_word' id='word_1_74' title='bbox 1676 1150 1800 1188; x_wconf 89' lang='lat' dir='ltr'><strong>ver-</strong></span> 
     </span>
    </p>
   </div>
   <div class='ocr_carea' id='block_1_12' title="bbox 237 1208 1797 1290">
    <p class='ocr_par' dir='ltr' id='par_1_12' title="bbox 237 1208 1797 1290">
     <span class='ocr_line' id='line_1_12' title="bbox 237 1208 1797 1290; baseline 0.013 -31"><span class='ocrx_word' id='word_1_75' title='bbox 237 1208 323 1261; x_wconf 86' lang='lat' dir='ltr'><strong>bis</strong></span> <span class='ocrx_word' id='word_1_76' title='bbox 356 1211 620 1283; x_wconf 74' lang='lat' dir='ltr'>adsurgit,</span> <span class='ocrx_word' id='word_1_77' title='bbox 659 1233 822 1286; x_wconf 89' lang='lat' dir='ltr'><strong>quam</strong></span> <span class='ocrx_word' id='word_1_78' title='bbox 860 1221 1212 1290; x_wconf 87' lang='lat' dir='ltr'><strong>interpretem</strong></span> <span class='ocrx_word' id='word_1_79' title='bbox 1259 1223 1451 1280; x_wconf 84' lang='lat' dir='ltr'><strong>decere</strong></span> <span class='ocrx_word' id='word_1_80' title='bbox 1493 1226 1797 1280; x_wconf 85' lang='lat' dir='ltr'><strong>videbatur.</strong></span> 
     </span>
    </p>
   </div>
   <div class='ocr_carea' id='block_1_13' title="bbox 236 1300 1800 1387">
    <p class='ocr_par' dir='ltr' id='par_1_13' title="bbox 236 1300 1800 1387">
     <span class='ocr_line' id='line_1_13' title="bbox 236 1300 1800 1387; baseline 0.013 -34"><span class='ocrx_word' id='word_1_81' title='bbox 236 1300 348 1354; x_wconf 81' lang='lat' dir='ltr'><strong>Nos</strong></span> <span class='ocrx_word' id='word_1_82' title='bbox 379 1302 565 1372; x_wconf 90' lang='lat' dir='ltr'><strong>itaque</strong></span> <span class='ocrx_word' id='word_1_83' title='bbox 594 1310 866 1377; x_wconf 82' lang='lat' dir='ltr'><strong>superﬂua</strong></span> <span class='ocrx_word' id='word_1_84' title='bbox 890 1315 1247 1380; x_wconf 89' lang='lat' dir='ltr'><strong>resecuimus,</strong></span> <span class='ocrx_word' id='word_1_85' title='bbox 1281 1324 1337 1370; x_wconf 92' lang='lat' dir='ltr'><strong>et</strong></span> <span class='ocrx_word' id='word_1_86' title='bbox 1380 1332 1519 1386; x_wconf 86' lang='lat' dir='ltr'><strong>quae</strong></span> <span class='ocrx_word' id='word_1_87' title='bbox 1576 1333 1800 1387; x_wconf 85' lang='lat' dir='ltr'><strong>pompo-</strong></span> 
     </span>
    </p>
   </div>
   <div class='ocr_carea' id='block_1_14' title="bbox 237 1391 1801 1474">
    <p class='ocr_par' dir='ltr' id='par_1_14' title="bbox 237 1391 1801 1474">
     <span class='ocr_line' id='line_1_14' title="bbox 237 1391 1801 1474; baseline 0.014 -33"><span class='ocrx_word' id='word_1_88' title='bbox 237 1391 353 1444; x_wconf 89' lang='lat' dir='ltr'><strong>sius</strong></span> <span class='ocrx_word' id='word_1_89' title='bbox 404 1392 680 1460; x_wconf 88' lang='lat' dir='ltr'><strong>dicuntur,</strong></span> <span class='ocrx_word' id='word_1_90' title='bbox 728 1407 1047 1471; x_wconf 89' lang='lat' dir='ltr'><strong>tumoreque</strong></span> <span class='ocrx_word' id='word_1_91' title='bbox 1106 1405 1287 1474; x_wconf 91' lang='lat' dir='ltr'><strong>aliquo</strong></span> <span class='ocrx_word' id='word_1_92' title='bbox 1336 1407 1518 1461; x_wconf 86' lang='lat' dir='ltr'><strong>inﬂata</strong></span> <span class='ocrx_word' id='word_1_93' title='bbox 1560 1418 1704 1472; x_wconf 90' lang='lat' dir='ltr'><strong>sunt,</strong></span> <span class='ocrx_word' id='word_1_94' title='bbox 1735 1410 1801 1463; x_wconf 89' lang='lat' dir='ltr'><strong>ad</strong></span> 
     </span>
    </p>
   </div>
   <div class='ocr_carea' id='block_1_15' title="bbox 237 1480 1803 1563">
    <p class='ocr_par' dir='ltr' id='par_1_15' title="bbox 237 1480 1803 1563">
     <span class='ocr_line' id='line_1_15' title="bbox 237 1480 1803 1563; baseline 0.015 -33"><span class='ocrx_word' id='word_1_95' title='bbox 237 1480 561 1536; x_wconf 86' lang='lat' dir='ltr'><strong>modestiam</strong></span> <span class='ocrx_word' id='word_1_96' title='bbox 594 1488 919 1558; x_wconf 86' lang='lat' dir='ltr'><strong>redegimus,</strong></span> <span class='ocrx_word' id='word_1_97' title='bbox 966 1493 1019 1545; x_wconf 92' lang='lat' dir='ltr'><strong>id</strong></span> <span class='ocrx_word' id='word_1_98' title='bbox 1066 1494 1265 1563; x_wconf 91' lang='lat' dir='ltr'><strong>ubique</strong></span> <span class='ocrx_word' id='word_1_99' title='bbox 1314 1496 1502 1550; x_wconf 89' lang='lat' dir='ltr'><strong>sedulo</strong></span> <span class='ocrx_word' id='word_1_100' title='bbox 1545 1508 1803 1553; x_wconf 90' lang='lat' dir='ltr'><strong>navantes</strong></span> 
     </span>
    </p>
   </div>
   <div class='ocr_carea' id='block_1_16' title="bbox 236 1577 1801 1651">
    <p class='ocr_par' dir='ltr' id='par_1_16' title="bbox 236 1577 1801 1651">
     <span class='ocr_line' id='line_1_16' title="bbox 236 1577 1801 1651; baseline 0.015 -31"><span class='ocrx_word' id='word_1_101' title='bbox 236 1584 484 1636; x_wconf 84' lang='lat' dir='ltr'><strong>operam,</strong></span> <span class='ocrx_word' id='word_1_102' title='bbox 513 1585 570 1627; x_wconf 90' lang='lat' dir='ltr'>ut</span> <span class='ocrx_word' id='word_1_103' title='bbox 596 1577 809 1632; x_wconf 85' lang='lat' dir='ltr'><strong>Macarii</strong></span> <span class='ocrx_word' id='word_1_104' title='bbox 828 1583 1060 1651; x_wconf 85' lang='lat' dir='ltr'><strong>cogitata</strong></span> <span class='ocrx_word' id='word_1_105' title='bbox 1087 1586 1267 1639; x_wconf 89' lang='lat' dir='ltr'><strong>verbis</strong></span> <span class='ocrx_word' id='word_1_106' title='bbox 1290 1585 1341 1639; x_wconf 90' lang='lat' dir='ltr'><strong>in</strong></span> <span class='ocrx_word' id='word_1_107' title='bbox 1371 1586 1537 1641; x_wconf 90' lang='lat' dir='ltr'><strong>latino</strong></span> <span class='ocrx_word' id='word_1_108' title='bbox 1555 1603 1801 1644; x_wconf 88' lang='lat' dir='ltr'><strong>sermone</strong></span> 
     </span>
    </p>
   </div>
   <div class='ocr_carea' id='block_1_17' title="bbox 235 1662 1802 1741">
    <p class='ocr_par' dir='ltr' id='par_1_17' title="bbox 235 1662 1802 1741">
     <span class='ocr_line' id='line_1_17' title="bbox 235 1662 1802 1741; baseline 0.014 -31"><span class='ocrx_word' id='word_1_109' title='bbox 235 1662 567 1729; x_wconf 85' lang='lat' dir='ltr'><strong>perspicuis,</strong></span> <span class='ocrx_word' id='word_1_110' title='bbox 602 1668 777 1735; x_wconf 84' lang='lat' dir='ltr'><strong>planis</strong></span> <span class='ocrx_word' id='word_1_111' title='bbox 826 1680 882 1725; x_wconf 89' lang='lat' dir='ltr'><strong>et</strong></span> <span class='ocrx_word' id='word_1_112' title='bbox 926 1684 1115 1741; x_wconf 81' lang='lat' dir='ltr'><strong>sponte</strong></span> <span class='ocrx_word' id='word_1_113' title='bbox 1162 1674 1458 1729; x_wconf 84' lang='lat' dir='ltr'><strong>ﬂuentibus</strong></span> <span class='ocrx_word' id='word_1_114' title='bbox 1508 1677 1802 1732; x_wconf 87' lang='lat' dir='ltr'><strong>lectoribus</strong></span> 
     </span>
    </p>
   </div>
   <div class='ocr_carea' id='block_1_18' title="bbox 236 1751 1799 1837">
    <p class='ocr_par' dir='ltr' id='par_1_18' title="bbox 236 1751 1799 1837">
     <span class='ocr_line' id='line_1_18' title="bbox 236 1751 1799 1837; baseline 0.015 -36"><span class='ocrx_word' id='word_1_115' title='bbox 236 1751 625 1809; x_wconf 77' lang='lat' dir='ltr'><strong>exhibeantur.</strong></span> <span class='ocrx_word' id='word_1_116' title='bbox 659 1757 772 1823; x_wconf 88' lang='lat' dir='ltr'><strong>Qua</strong></span> <span class='ocrx_word' id='word_1_117' title='bbox 806 1760 859 1814; x_wconf 90' lang='lat' dir='ltr'><strong>in</strong></span> <span class='ocrx_word' id='word_1_118' title='bbox 888 1779 945 1816; x_wconf 87' lang='lat' dir='ltr'><strong>re</strong></span> <span class='ocrx_word' id='word_1_119' title='bbox 972 1765 1190 1832; x_wconf 84' lang='lat' dir='ltr'><strong>quidem</strong></span> <span class='ocrx_word' id='word_1_120' title='bbox 1224 1766 1370 1820; x_wconf 91' lang='lat' dir='ltr'>haud</span> <span class='ocrx_word' id='word_1_121' title='bbox 1401 1768 1623 1837; x_wconf 82' lang='lat' dir='ltr'><strong>exiguae</strong></span> <span class='ocrx_word' id='word_1_122' title='bbox 1669 1772 1799 1823; x_wconf 89' lang='lat' dir='ltr'><strong>tole-</strong></span> 
     </span>
    </p>
   </div>
   <div class='ocr_carea' id='block_1_19' title="bbox 1904 607 3447 677">
    <p class='ocr_par' dir='ltr' id='par_1_19' title="bbox 1904 607 3447 677">
     <span class='ocr_line' id='line_1_19' title="bbox 1904 607 3447 677; baseline 0.001 -17"><span class='ocrx_word' id='word_1_123' title='bbox 1904 614 2025 661; x_wconf 91' lang='lat' dir='ltr'><strong>tur:</strong></span> <span class='ocrx_word' id='word_1_124' title='bbox 2069 608 2245 662; x_wconf 91' lang='lat' dir='ltr'><strong>eidem</strong></span> <span class='ocrx_word' id='word_1_125' title='bbox 2268 624 2376 662; x_wconf 92' lang='lat' dir='ltr'><strong>non</strong></span> <span class='ocrx_word' id='word_1_126' title='bbox 2409 616 2635 677; x_wconf 91' lang='lat' dir='ltr'><strong>possunt</strong></span> <span class='ocrx_word' id='word_1_127' title='bbox 2664 624 2772 662; x_wconf 92' lang='lat' dir='ltr'><strong>non</strong></span> <span class='ocrx_word' id='word_1_128' title='bbox 2802 607 2885 661; x_wconf 86' lang='lat' dir='ltr'><strong>vel</strong></span> <span class='ocrx_word' id='word_1_129' title='bbox 2917 607 3123 676; x_wconf 86' lang='lat' dir='ltr'><strong>ingrata</strong></span> <span class='ocrx_word' id='word_1_130' title='bbox 3149 621 3267 661; x_wconf 90' lang='lat' dir='ltr'><strong>esse</strong></span> <span class='ocrx_word' id='word_1_131' title='bbox 3290 609 3447 677; x_wconf 86' lang='lat' dir='ltr'><strong>peni-</strong></span> 
     </span>
    </p>
   </div>
   <div class='ocr_carea' id='block_1_20' title="bbox 1902 694 3445 765">
    <p class='ocr_par' dir='ltr' id='par_1_20' title="bbox 1902 694 3445 765">
     <span class='ocr_line' id='line_1_20' title="bbox 1902 694 3445 765; baseline 0.001 -17"><span class='ocrx_word' id='word_1_132' title='bbox 1902 705 1988 750; x_wconf 92' lang='lat' dir='ltr'><strong>tus</strong></span> <span class='ocrx_word' id='word_1_133' title='bbox 2010 707 2065 752; x_wconf 83' lang='lat' dir='ltr'><strong>et</strong></span> <span class='ocrx_word' id='word_1_134' title='bbox 2090 696 2323 759; x_wconf 81' lang='lat' dir='ltr'><strong>fastidio,</strong></span> <span class='ocrx_word' id='word_1_135' title='bbox 2352 697 2439 750; x_wconf 85' lang='lat' dir='ltr'><strong>vel</strong></span> <span class='ocrx_word' id='word_1_136' title='bbox 2470 696 2624 765; x_wconf 90' lang='lat' dir='ltr'><strong>plane</strong></span> <span class='ocrx_word' id='word_1_137' title='bbox 2646 711 2754 749; x_wconf 91' lang='lat' dir='ltr'><strong>non</strong></span> <span class='ocrx_word' id='word_1_138' title='bbox 2778 694 3154 763; x_wconf 88' lang='lat' dir='ltr'><strong>intelligibilia,</strong></span> <span class='ocrx_word' id='word_1_139' title='bbox 3195 710 3334 764; x_wconf 85' lang='lat' dir='ltr'><strong>quae</strong></span> <span class='ocrx_word' id='word_1_140' title='bbox 3376 696 3445 749; x_wconf 90' lang='lat' dir='ltr'><strong>ab</strong></span> 
     </span>
    </p>
   </div>
   <div class='ocr_carea' id='block_1_21' title="bbox 1900 787 3448 856">
    <p class='ocr_par' dir='ltr' id='par_1_21' title="bbox 1900 787 3448 856">
     <span class='ocr_line' id='line_1_21' title="bbox 1900 787 3448 856; baseline 0.001 -17"><span class='ocrx_word' id='word_1_141' title='bbox 1900 787 2202 849; x_wconf 87' lang='lat' dir='ltr'><strong>animabus,</strong></span> <span class='ocrx_word' id='word_1_142' title='bbox 2232 797 2368 842; x_wconf 86' lang='lat' dir='ltr'><strong>totas</strong></span> <span class='ocrx_word' id='word_1_143' title='bbox 2393 803 2450 842; x_wconf 90' lang='lat' dir='ltr'><strong>se</strong></span> <span class='ocrx_word' id='word_1_144' title='bbox 2473 787 2873 841; x_wconf 88' lang='lat' dir='ltr'><strong>sublimioribus</strong></span> <span class='ocrx_word' id='word_1_145' title='bbox 2905 787 3319 856; x_wconf 78' lang='lat' dir='ltr'><strong>cogitationibus</strong></span> <span class='ocrx_word' id='word_1_146' title='bbox 3355 788 3448 841; x_wconf 89' lang='lat' dir='ltr'><strong>de-</strong></span> 
     </span>
    </p>
   </div>
   <div class='ocr_carea' id='block_1_22' title="bbox 1900 874 3448 944">
    <p class='ocr_par' dir='ltr' id='par_1_22' title="bbox 1900 874 3448 944">
     <span class='ocr_line' id='line_1_22' title="bbox 1900 874 3448 944; baseline -0.001 -15"><span class='ocrx_word' id='word_1_147' title='bbox 1900 875 2177 940; x_wconf 88' lang='lat' dir='ltr'><strong>dentibus,</strong></span> <span class='ocrx_word' id='word_1_148' title='bbox 2194 885 2249 930; x_wconf 93' lang='lat' dir='ltr'><strong>et</strong></span> <span class='ocrx_word' id='word_1_149' title='bbox 2271 892 2301 930; x_wconf 87' lang='lat' dir='ltr'><strong>a</strong></span> <span class='ocrx_word' id='word_1_150' title='bbox 2328 876 2513 930; x_wconf 88' lang='lat' dir='ltr'><strong>divino</strong></span> <span class='ocrx_word' id='word_1_151' title='bbox 2538 875 2743 944; x_wconf 88' lang='lat' dir='ltr'><strong>Spiritu</strong></span> <span class='ocrx_word' id='word_1_152' title='bbox 2765 874 3035 943; x_wconf 88' lang='lat' dir='ltr'><strong>copiosius</strong></span> <span class='ocrx_word' id='word_1_153' title='bbox 3055 874 3356 939; x_wconf 90' lang='lat' dir='ltr'><strong>illustratis,</strong></span> <span class='ocrx_word' id='word_1_154' title='bbox 3381 874 3448 928; x_wconf 89' lang='lat' dir='ltr'><strong>de</strong></span> 
     </span>
    </p>
   </div>
   <div class='ocr_carea' id='block_1_23' title="bbox 1899 965 3446 1036">
    <p class='ocr_par' dir='ltr' id='par_1_23' title="bbox 1899 965 3446 1036">
     <span class='ocr_line' id='line_1_23' title="bbox 1899 965 3446 1036; baseline 0 -17"><span class='ocrx_word' id='word_1_155' title='bbox 1899 967 2088 1021; x_wconf 88' lang='lat' dir='ltr'><strong>salutis</strong></span> <span class='ocrx_word' id='word_1_156' title='bbox 2116 967 2381 1021; x_wconf 89' lang='lat' dir='ltr'><strong>humanae</strong></span> <span class='ocrx_word' id='word_1_157' title='bbox 2414 967 2630 1036; x_wconf 89' lang='lat' dir='ltr'><strong>negotio</strong></span> <span class='ocrx_word' id='word_1_158' title='bbox 2661 966 2863 1034; x_wconf 90' lang='lat' dir='ltr'><strong>Deique</strong></span> <span class='ocrx_word' id='word_1_159' title='bbox 2906 965 2962 1018; x_wconf 90' lang='lat' dir='ltr'><strong>in</strong></span> <span class='ocrx_word' id='word_1_160' title='bbox 3005 965 3212 1018; x_wconf 88' lang='lat' dir='ltr'><strong>animas</strong></span> <span class='ocrx_word' id='word_1_161' title='bbox 3257 980 3446 1033; x_wconf 83' lang='lat' dir='ltr'><strong>cpera—</strong></span> 
     </span>
    </p>
   </div>
   <div class='ocr_carea' id='block_1_24' title="bbox 1901 1056 3448 1129">
    <p class='ocr_par' dir='ltr' id='par_1_24' title="bbox 1901 1056 3448 1129">
     <span class='ocr_line' id='line_1_24' title="bbox 1901 1056 3448 1129; baseline -0.003 -15"><span class='ocrx_word' id='word_1_162' title='bbox 1901 1061 2046 1115; x_wconf 90' lang='lat' dir='ltr'><strong>tione</strong></span> <span class='ocrx_word' id='word_1_163' title='bbox 2077 1061 2355 1129; x_wconf 88' lang='lat' dir='ltr'><strong>praeclare</strong></span> <span class='ocrx_word' id='word_1_164' title='bbox 2380 1060 2741 1114; x_wconf 87' lang='lat' dir='ltr'><strong>disseruntur.</strong></span> <span class='ocrx_word' id='word_1_165' title='bbox 2780 1058 2883 1112; x_wconf 86' lang='lat' dir='ltr'><strong>Sed</strong></span> <span class='ocrx_word' id='word_1_166' title='bbox 2926 1058 3020 1125; x_wconf 90' lang='lat' dir='ltr'><strong>qui</strong></span> <span class='ocrx_word' id='word_1_167' title='bbox 3052 1058 3285 1125; x_wconf 88' lang='lat' dir='ltr'><strong>impulsu</strong></span> <span class='ocrx_word' id='word_1_168' title='bbox 3306 1056 3448 1110; x_wconf 84' lang='lat' dir='ltr'><strong>divi-</strong></span> 
     </span>
    </p>
   </div>
   <div class='ocr_carea' id='block_1_25' title="bbox 1898 1146 3450 1215">
    <p class='ocr_par' dir='ltr' id='par_1_25' title="bbox 1898 1146 3450 1215">
     <span class='ocr_line' id='line_1_25' title="bbox 1898 1146 3450 1215; baseline -0.005 -10"><span class='ocrx_word' id='word_1_169' title='bbox 1898 1152 2039 1205; x_wconf 89' lang='lat' dir='ltr'><strong>niori</strong></span> <span class='ocrx_word' id='word_1_170' title='bbox 2072 1151 2339 1205; x_wconf 76' lang='lat' dir='ltr'><strong>excitatus</strong></span> <span class='ocrx_word' id='word_1_171' title='bbox 2368 1151 2471 1205; x_wconf 90' lang='lat' dir='ltr'><strong>sibi</strong></span> <span class='ocrx_word' id='word_1_172' title='bbox 2496 1152 2600 1203; x_wconf 88' lang='lat' dir='ltr'><strong>iam</strong></span> <span class='ocrx_word' id='word_1_173' title='bbox 2634 1150 2912 1204; x_wconf 89' lang='lat' dir='ltr'><strong>attendere</strong></span> <span class='ocrx_word' id='word_1_174' title='bbox 2944 1147 3154 1215; x_wconf 89' lang='lat' dir='ltr'><strong>incipit,</strong></span> <span class='ocrx_word' id='word_1_175' title='bbox 3195 1158 3251 1201; x_wconf 89' lang='lat' dir='ltr'><strong>et</strong></span> <span class='ocrx_word' id='word_1_176' title='bbox 3294 1146 3348 1199; x_wconf 88' lang='lat' dir='ltr'><strong>id</strong></span> <span class='ocrx_word' id='word_1_177' title='bbox 3386 1161 3450 1199; x_wconf 86' lang='lat' dir='ltr'><strong>ea</strong></span> 
     </span>
    </p>
   </div>
   <div class='ocr_carea' id='block_1_26' title="bbox 1900 1234 3451 1309">
    <p class='ocr_par' dir='ltr' id='par_1_26' title="bbox 1900 1234 3451 1309">
     <span class='ocr_line' id='line_1_26' title="bbox 1900 1234 3451 1309; baseline -0.003 -17"><span class='ocrx_word' id='word_1_178' title='bbox 1900 1256 2023 1293; x_wconf 91' lang='lat' dir='ltr'><strong>cum</strong></span> <span class='ocrx_word' id='word_1_179' title='bbox 2048 1256 2196 1305; x_wconf 92' lang='lat' dir='ltr'><strong>cura,</strong></span> <span class='ocrx_word' id='word_1_180' title='bbox 2225 1256 2385 1309; x_wconf 89' lang='lat' dir='ltr'><strong>quam</strong></span> <span class='ocrx_word' id='word_1_181' title='bbox 2431 1240 2632 1309; x_wconf 80' lang='lat' dir='ltr'>negotii</span> <span class='ocrx_word' id='word_1_182' title='bbox 2684 1238 2925 1307; x_wconf 80' lang='lat' dir='ltr'><strong>exposcit</strong></span> <span class='ocrx_word' id='word_1_183' title='bbox 2969 1235 3306 1299; x_wconf 88' lang='lat' dir='ltr'><strong>sublimitas;</strong></span> <span class='ocrx_word' id='word_1_184' title='bbox 3357 1234 3451 1303; x_wconf 89' lang='lat' dir='ltr'><strong>qui</strong></span> 
     </span>
    </p>
   </div>
   <div class='ocr_carea' id='block_1_27' title="bbox 1899 1316 3453 1398">
    <p class='ocr_par' dir='ltr' id='par_1_27' title="bbox 1899 1316 3453 1398">
     <span class='ocr_line' id='line_1_27' title="bbox 1899 1316 3453 1398; baseline -0.005 -15"><span class='ocrx_word' id='word_1_185' title='bbox 1899 1345 2058 1398; x_wconf 88' lang='lat' dir='ltr'><strong>quam</strong></span> <span class='ocrx_word' id='word_1_186' title='bbox 2091 1331 2227 1384; x_wconf 89' lang='lat' dir='ltr'><strong>nihil</strong></span> <span class='ocrx_word' id='word_1_187' title='bbox 2269 1331 2336 1384; x_wconf 91' lang='lat' dir='ltr'><strong>ad</strong></span> <span class='ocrx_word' id='word_1_188' title='bbox 2383 1347 2567 1387; x_wconf 89' lang='lat' dir='ltr'><strong>veram</strong></span> <span class='ocrx_word' id='word_1_189' title='bbox 2616 1330 2852 1383; x_wconf 86' lang='lat' dir='ltr'><strong>hominis</strong></span> <span class='ocrx_word' id='word_1_190' title='bbox 2902 1316 3349 1394; x_wconf 86' lang='lat' dir='ltr'><strong>constantemque</strong></span> <span class='ocrx_word' id='word_1_191' title='bbox 3396 1332 3453 1377; x_wconf 86' lang='lat' dir='ltr'><strong>et</strong></span> 
     </span>
    </p>
   </div>
   <div class='ocr_carea' id='block_1_28' title="bbox 1900 1416 3452 1486">
    <p class='ocr_par' dir='ltr' id='par_1_28' title="bbox 1900 1416 3452 1486">
     <span class='ocr_line' id='line_1_28' title="bbox 1900 1416 3452 1486; baseline -0.005 -11"><span class='ocrx_word' id='word_1_192' title='bbox 1900 1433 2171 1477; x_wconf 89' lang='lat' dir='ltr'><strong>aeternam</strong></span> <span class='ocrx_word' id='word_1_193' title='bbox 2198 1421 2476 1477; x_wconf 79' lang='lat' dir='ltr'><strong>conferant</strong></span> <span class='ocrx_word' id='word_1_194' title='bbox 2520 1423 2832 1476; x_wconf 82' lang='lat' dir='ltr'><strong>felicitatem</strong></span> <span class='ocrx_word' id='word_1_195' title='bbox 2870 1419 3070 1481; x_wconf 89' lang='lat' dir='ltr'><strong>omnia,</strong></span> <span class='ocrx_word' id='word_1_196' title='bbox 3115 1432 3253 1486; x_wconf 88' lang='lat' dir='ltr'><strong>quae</strong></span> <span class='ocrx_word' id='word_1_197' title='bbox 3301 1416 3452 1483; x_wconf 90' lang='lat' dir='ltr'><strong>lapsa</strong></span> 
     </span>
    </p>
   </div>
   <div class='ocr_carea' id='block_1_29' title="bbox 1900 1509 3452 1579">
    <p class='ocr_par' dir='ltr' id='par_1_29' title="bbox 1900 1509 3452 1579">
     <span class='ocr_line' id='line_1_29' title="bbox 1900 1509 3452 1579; baseline -0.001 -18"><span class='ocrx_word' id='word_1_198' title='bbox 1900 1509 1955 1561; x_wconf 91' lang='lat' dir='ltr'><strong>in</strong></span> <span class='ocrx_word' id='word_1_199' title='bbox 1987 1518 2267 1577; x_wconf 87' lang='lat' dir='ltr'><strong>peccatum</strong></span> <span class='ocrx_word' id='word_1_200' title='bbox 2302 1511 2620 1579; x_wconf 87' lang='lat' dir='ltr'><strong>perditaque</strong></span> <span class='ocrx_word' id='word_1_201' title='bbox 2646 1518 2755 1563; x_wconf 85' lang='lat' dir='ltr'><strong>tam</strong></span> <span class='ocrx_word' id='word_1_202' title='bbox 2782 1509 2963 1575; x_wconf 83' lang='lat' dir='ltr'><strong>magni</strong></span> <span class='ocrx_word' id='word_1_203' title='bbox 2988 1509 3233 1561; x_wconf 89' lang='lat' dir='ltr'><strong>aestimat</strong></span> <span class='ocrx_word' id='word_1_204' title='bbox 3258 1514 3452 1559; x_wconf 90' lang='lat' dir='ltr'><strong>natura</strong></span> 
     </span>
    </p>
   </div>
   <div class='ocr_carea' id='block_1_30' title="bbox 1900 1594 3454 1661">
    <p class='ocr_par' dir='ltr' id='par_1_30' title="bbox 1900 1594 3454 1661">
     <span class='ocr_line' id='line_1_30' title="bbox 1900 1594 3454 1661; baseline -0.003 -11"><span class='ocrx_word' id='word_1_205' title='bbox 1900 1597 2133 1653; x_wconf 88' lang='lat' dir='ltr'><strong>humana</strong></span> <span class='ocrx_word' id='word_1_206' title='bbox 2154 1600 2399 1661; x_wconf 86' lang='lat' dir='ltr'><strong>edoctus,</strong></span> <span class='ocrx_word' id='word_1_207' title='bbox 2434 1600 2538 1652; x_wconf 85' lang='lat' dir='ltr'><strong>iam</strong></span> <span class='ocrx_word' id='word_1_208' title='bbox 2578 1599 2645 1652; x_wconf 92' lang='lat' dir='ltr'><strong>ad</strong></span> <span class='ocrx_word' id='word_1_209' title='bbox 2693 1600 2881 1659; x_wconf 91' lang='lat' dir='ltr'><strong>Deum,</strong></span> <span class='ocrx_word' id='word_1_210' title='bbox 2910 1596 3259 1650; x_wconf 88' lang='lat' dir='ltr'><strong>beatitudinis</strong></span> <span class='ocrx_word' id='word_1_211' title='bbox 3278 1594 3454 1647; x_wconf 86' lang='lat' dir='ltr'><strong>omnis</strong></span> 
     </span>
    </p>
   </div>
   <div class='ocr_carea' id='block_1_31' title="bbox 1899 1685 3451 1758">
    <p class='ocr_par' dir='ltr' id='par_1_31' title="bbox 1899 1685 3451 1758">
     <span class='ocr_line' id='line_1_31' title="bbox 1899 1685 3451 1758; baseline -0.003 -17"><span class='ocrx_word' id='word_1_212' title='bbox 1899 1688 2120 1753; x_wconf 78' lang='lat' dir='ltr'><strong>fontem,</strong></span> <span class='ocrx_word' id='word_1_213' title='bbox 2144 1699 2199 1744; x_wconf 93' lang='lat' dir='ltr'><strong>et</strong></span> <span class='ocrx_word' id='word_1_214' title='bbox 2218 1690 2282 1743; x_wconf 91' lang='lat' dir='ltr'><strong>ad</strong></span> <span class='ocrx_word' id='word_1_215' title='bbox 2307 1690 2399 1744; x_wconf 89' lang='lat' dir='ltr'><strong>Dei</strong></span> <span class='ocrx_word' id='word_1_216' title='bbox 2426 1689 2735 1758; x_wconf 88' lang='lat' dir='ltr'><strong>propiorem</strong></span> <span class='ocrx_word' id='word_1_217' title='bbox 2756 1687 3195 1742; x_wconf 88' lang='lat' dir='ltr'><strong>coniunctionem</strong></span> <span class='ocrx_word' id='word_1_218' title='bbox 3223 1685 3451 1737; x_wconf 86' lang='lat' dir='ltr'><strong>sollicite</strong></span> 
     </span>
    </p>
   </div>
   <div class='ocr_carea' id='block_1_32' title="bbox 1898 1768 3452 1846">
    <p class='ocr_par' dir='ltr' id='par_1_32' title="bbox 1898 1768 3452 1846">
     <span class='ocr_line' id='line_1_32' title="bbox 1898 1768 3452 1846; baseline -0.006 -17"><span class='ocrx_word' id='word_1_219' title='bbox 1898 1776 2154 1846; x_wconf 88' lang='lat' dir='ltr'><strong>adspirat,</strong></span> <span class='ocrx_word' id='word_1_220' title='bbox 2180 1784 2236 1831; x_wconf 90' lang='lat' dir='ltr'><strong>et</strong></span> <span class='ocrx_word' id='word_1_221' title='bbox 2263 1777 2331 1830; x_wconf 90' lang='lat' dir='ltr'><strong>de</strong></span> <span class='ocrx_word' id='word_1_222' title='bbox 2379 1775 2669 1830; x_wconf 89' lang='lat' dir='ltr'><strong>obtinenda</strong></span> <span class='ocrx_word' id='word_1_223' title='bbox 2716 1775 2924 1827; x_wconf 90' lang='lat' dir='ltr'><strong>animae</strong></span> <span class='ocrx_word' id='word_1_224' title='bbox 2963 1788 3089 1825; x_wconf 87' lang='lat' dir='ltr'><strong>suae</strong></span> <span class='ocrx_word' id='word_1_225' title='bbox 3135 1770 3304 1824; x_wconf 88' lang='lat' dir='ltr'><strong>salute</strong></span> <span class='ocrx_word' id='word_1_226' title='bbox 3355 1768 3452 1821; x_wconf 81' lang='lat' dir='ltr'><strong>dc-</strong></span> 
     </span>
    </p>
   </div>
   <div class='ocr_carea' id='block_1_33' title="bbox 238 1844 3449 1936">
    <p class='ocr_par' dir='ltr' id='par_1_33' title="bbox 238 1844 3449 1936">
     <span class='ocr_line' id='line_1_33' title="bbox 238 1844 3449 1936; baseline 0.005 -44"><span class='ocrx_word' id='word_1_227' title='bbox 238 1844 441 1936; x_wconf 77' lang='lat' dir='ltr'><strong>randae</strong></span> <span class='ocrx_word' id='word_1_228' title='bbox 466 1848 623 1901; x_wconf 93' lang='lat' dir='ltr'><strong>nobis</strong></span> <span class='ocrx_word' id='word_1_229' title='bbox 652 1848 870 1907; x_wconf 80' lang='lat' dir='ltr'><strong>fuerunt</strong></span> <span class='ocrx_word' id='word_1_230' title='bbox 913 1857 1212 1920; x_wconf 87' lang='lat' dir='ltr'><strong>molestiae,</strong></span> <span class='ocrx_word' id='word_1_231' title='bbox 1254 1874 1375 1911; x_wconf 93' lang='lat' dir='ltr'><strong>cum</strong></span> <span class='ocrx_word' id='word_1_232' title='bbox 1428 1860 1582 1929; x_wconf 91' lang='lat' dir='ltr'><strong>longe</strong></span> <span class='ocrx_word' id='word_1_233' title='bbox 1628 1862 1804 1915; x_wconf 90' lang='lat' dir='ltr'><strong>minus</strong></span> <span class='ocrx_word' id='word_1_234' title='bbox 1837 1869 1876 1922; x_wconf 88' lang='grc' dir='ltr'><strong>Β</strong></span> <span class='ocrx_word' id='word_1_235' title='bbox 1904 1844 2087 1923; x_wconf 69' lang='lat' dir='ltr'><strong>center</strong></span> <span class='ocrx_word' id='word_1_236' title='bbox 2118 1868 2343 1936; x_wconf 83' lang='lat' dir='ltr'><strong>satagit:</strong></span> <span class='ocrx_word' id='word_1_237' title='bbox 2394 1866 2481 1920; x_wconf 92' lang='lat' dir='ltr'><strong>ille</strong></span> <span class='ocrx_word' id='word_1_238' title='bbox 2525 1866 2741 1919; x_wconf 91' lang='lat' dir='ltr'><strong>demum</strong></span> <span class='ocrx_word' id='word_1_239' title='bbox 2799 1863 2855 1916; x_wconf 91' lang='lat' dir='ltr'><strong>in</strong></span> <span class='ocrx_word' id='word_1_240' title='bbox 2906 1861 3132 1915; x_wconf 87' lang='lat' dir='ltr'><strong>Macario</strong></span> <span class='ocrx_word' id='word_1_241' title='bbox 3193 1856 3449 1919; x_wconf 83' lang='lat' dir='ltr'><strong>oll&#39;endet,</strong></span> 
     </span>
    </p>
   </div>
   <div class='ocr_carea' id='block_1_34' title="bbox 237 1933 1795 2019">
    <p class='ocr_par' dir='ltr' id='par_1_34' title="bbox 237 1933 1795 2019">
     <span class='ocr_line' id='line_1_34' title="bbox 237 1933 1795 2019; baseline 0.013 -33"><span class='ocrx_word' id='word_1_242' title='bbox 237 1933 307 1987; x_wconf 90' lang='lat' dir='ltr'><strong>sit</strong></span> <span class='ocrx_word' id='word_1_243' title='bbox 338 1934 578 2000; x_wconf 80' lang='lat' dir='ltr'><strong>diﬂicile,</strong></span> <span class='ocrx_word' id='word_1_244' title='bbox 631 1956 726 1994; x_wconf 90' lang='lat' dir='ltr'><strong>sua</strong></span> <span class='ocrx_word' id='word_1_245' title='bbox 792 1945 972 2012; x_wconf 89' lang='lat' dir='ltr'><strong>potius</strong></span> <span class='ocrx_word' id='word_1_246' title='bbox 1012 1948 1277 2016; x_wconf 87' lang='lat' dir='ltr'><strong>proferre,</strong></span> <span class='ocrx_word' id='word_1_247' title='bbox 1334 1949 1609 2019; x_wconf 88' lang='lat' dir='ltr'><strong>indolique</strong></span> <span class='ocrx_word' id='word_1_248' title='bbox 1668 1967 1795 2006; x_wconf 90' lang='lat' dir='ltr'><strong>suae</strong></span> 
     </span>
    </p>
   </div>
   <div class='ocr_carea' id='block_1_35' title="bbox 235 2026 1795 2099">
    <p class='ocr_par' dir='ltr' id='par_1_35' title="bbox 235 2026 1795 2099">
     <span class='ocr_line' id='line_1_35' title="bbox 235 2026 1795 2099; baseline 0.013 -26"><span class='ocrx_word' id='word_1_249' title='bbox 235 2026 662 2091; x_wconf 86' lang='lat' dir='ltr'><strong>accommodata,</strong></span> <span class='ocrx_word' id='word_1_250' title='bbox 703 2047 863 2099; x_wconf 90' lang='lat' dir='ltr'><strong>quam</strong></span> <span class='ocrx_word' id='word_1_251' title='bbox 911 2034 967 2088; x_wconf 92' lang='lat' dir='ltr'><strong>in</strong></span> <span class='ocrx_word' id='word_1_252' title='bbox 1013 2038 1243 2090; x_wconf 89' lang='lat' dir='ltr'><strong>aliorum</strong></span> <span class='ocrx_word' id='word_1_253' title='bbox 1291 2038 1566 2093; x_wconf 88' lang='lat' dir='ltr'><strong>laboribus</strong></span> <span class='ocrx_word' id='word_1_254' title='bbox 1609 2055 1795 2093; x_wconf 88' lang='lat' dir='ltr'><strong>emen-</strong></span> 
     </span>
    </p>
   </div>
   <div class='ocr_carea' id='block_1_36' title="bbox 235 2114 1794 2195">
    <p class='ocr_par' dir='ltr' id='par_1_36' title="bbox 235 2114 1794 2195">
     <span class='ocr_line' id='line_1_36' title="bbox 235 2114 1794 2195; baseline 0.013 -29"><span class='ocrx_word' id='word_1_255' title='bbox 235 2114 431 2167; x_wconf 84' lang='lat' dir='ltr'><strong>dandis</strong></span> <span class='ocrx_word' id='word_1_256' title='bbox 461 2132 782 2188; x_wconf 89' lang='lat' dir='ltr'><strong>occupatum</strong></span> <span class='ocrx_word' id='word_1_257' title='bbox 816 2140 953 2179; x_wconf 89' lang='lat' dir='ltr'><strong>esse.</strong></span> <span class='ocrx_word' id='word_1_258' title='bbox 1008 2126 1193 2195; x_wconf 87' lang='lat' dir='ltr'><strong>Neque</strong></span> <span class='ocrx_word' id='word_1_259' title='bbox 1235 2138 1413 2184; x_wconf 89' lang='lat' dir='ltr'><strong>tamen</strong></span> <span class='ocrx_word' id='word_1_260' title='bbox 1462 2141 1677 2186; x_wconf 89' lang='lat' dir='ltr'><strong>censeat</strong></span> <span class='ocrx_word' id='word_1_261' title='bbox 1714 2132 1794 2186; x_wconf 90' lang='lat' dir='ltr'><strong>le-</strong></span> 
     </span>
    </p>
   </div>
   <div class='ocr_carea' id='block_1_37' title="bbox 232 2205 1794 2291">
    <p class='ocr_par' dir='ltr' id='par_1_37' title="bbox 232 2205 1794 2291">
     <span class='ocr_line' id='line_1_37' title="bbox 232 2205 1794 2291; baseline 0.015 -38"><span class='ocrx_word' id='word_1_262' title='bbox 232 2211 354 2255; x_wconf 91' lang='lat' dir='ltr'><strong>ctor</strong></span> <span class='ocrx_word' id='word_1_263' title='bbox 379 2205 563 2269; x_wconf 83' lang='lat' dir='ltr'><strong>velim,</strong></span> <span class='ocrx_word' id='word_1_264' title='bbox 597 2209 734 2263; x_wconf 87' lang='lat' dir='ltr'><strong>nihil</strong></span> <span class='ocrx_word' id='word_1_265' title='bbox 766 2211 820 2265; x_wconf 92' lang='lat' dir='ltr'><strong>in</strong></span> <span class='ocrx_word' id='word_1_266' title='bbox 843 2213 1090 2269; x_wconf 85' lang='lat' dir='ltr'><strong>versione</strong></span> <span class='ocrx_word' id='word_1_267' title='bbox 1114 2226 1318 2273; x_wconf 90' lang='lat' dir='ltr'><strong>restare</strong></span> <span class='ocrx_word' id='word_1_268' title='bbox 1363 2220 1613 2289; x_wconf 89' lang='lat' dir='ltr'><strong>amplius,</strong></span> <span class='ocrx_word' id='word_1_269' title='bbox 1650 2223 1794 2291; x_wconf 88' lang='lat' dir='ltr'><strong>quod</strong></span> 
     </span>
    </p>
   </div>
   <div class='ocr_carea' id='block_1_38' title="bbox 236 2292 1795 2372">
    <p class='ocr_par' dir='ltr' id='par_1_38' title="bbox 236 2292 1795 2372">
     <span class='ocr_line' id='line_1_38' title="bbox 236 2292 1795 2372; baseline 0.013 -27"><span class='ocrx_word' id='word_1_270' title='bbox 236 2292 512 2348; x_wconf 77' lang='lat' dir='ltr'><strong>luxuriem</strong></span> <span class='ocrx_word' id='word_1_271' title='bbox 544 2298 755 2353; x_wconf 89' lang='lat' dir='ltr'><strong>Possini</strong></span> <span class='ocrx_word' id='word_1_272' title='bbox 777 2304 969 2372; x_wconf 89' lang='lat' dir='ltr'><strong>sapiat,</strong></span> <span class='ocrx_word' id='word_1_273' title='bbox 999 2314 1092 2359; x_wconf 94' lang='lat' dir='ltr'><strong>aut</strong></span> <span class='ocrx_word' id='word_1_274' title='bbox 1117 2308 1249 2362; x_wconf 91' lang='lat' dir='ltr'><strong>alias</strong></span> <span class='ocrx_word' id='word_1_275' title='bbox 1286 2308 1341 2362; x_wconf 90' lang='lat' dir='ltr'><strong>in</strong></span> <span class='ocrx_word' id='word_1_276' title='bbox 1368 2310 1561 2365; x_wconf 90' lang='lat' dir='ltr'><strong>melius</strong></span> <span class='ocrx_word' id='word_1_277' title='bbox 1584 2312 1795 2367; x_wconf 89' lang='lat' dir='ltr'><strong>restitui</strong></span> 
     </span>
    </p>
   </div>
   <div class='ocr_carea' id='block_1_39' title="bbox 236 2390 1796 2465">
    <p class='ocr_par' dir='ltr' id='par_1_39' title="bbox 236 2390 1796 2465">
     <span class='ocr_line' id='line_1_39' title="bbox 236 2390 1796 2465; baseline 0.015 -28"><span class='ocrx_word' id='word_1_278' title='bbox 236 2401 346 2439; x_wconf 92' lang='lat' dir='ltr'><strong>non</strong></span> <span class='ocrx_word' id='word_1_279' title='bbox 378 2390 683 2456; x_wconf 90' lang='lat' dir='ltr'><strong>potuisset;</strong></span> <span class='ocrx_word' id='word_1_280' title='bbox 725 2395 855 2449; x_wconf 87' lang='lat' dir='ltr'><strong>satis</strong></span> <span class='ocrx_word' id='word_1_281' title='bbox 901 2398 1059 2453; x_wconf 87' lang='lat' dir='ltr'><strong>nobis</strong></span> <span class='ocrx_word' id='word_1_282' title='bbox 1099 2399 1219 2465; x_wconf 85' lang='lat' dir='ltr'><strong>fuit,</strong></span> <span class='ocrx_word' id='word_1_283' title='bbox 1272 2408 1479 2457; x_wconf 87' lang='lat' dir='ltr'><strong>tantum</strong></span> <span class='ocrx_word' id='word_1_284' title='bbox 1518 2403 1619 2458; x_wconf 90' lang='lat' dir='ltr'><strong>hac</strong></span> <span class='ocrx_word' id='word_1_285' title='bbox 1680 2404 1796 2459; x_wconf 86' lang='lat' dir='ltr'><strong>vice</strong></span> 
     </span>
    </p>
   </div>
   <div class='ocr_carea' id='block_1_40' title="bbox 235 2486 1797 2560">
    <p class='ocr_par' dir='ltr' id='par_1_40' title="bbox 235 2486 1797 2560">
     <span class='ocr_line' id='line_1_40' title="bbox 235 2486 1797 2560; baseline 0.014 -34"><span class='ocrx_word' id='word_1_286' title='bbox 235 2486 537 2542; x_wconf 88' lang='lat' dir='ltr'><strong>praestare,</strong></span> <span class='ocrx_word' id='word_1_287' title='bbox 579 2490 839 2548; x_wconf 89' lang='lat' dir='ltr'><strong>quantum</strong></span> <span class='ocrx_word' id='word_1_288' title='bbox 858 2487 1244 2555; x_wconf 89' lang='lat' dir='ltr'><strong>praestitimus,</strong></span> <span class='ocrx_word' id='word_1_289' title='bbox 1278 2491 1485 2560; x_wconf 88' lang='lat' dir='ltr'><strong>reliqua</strong></span> <span class='ocrx_word' id='word_1_290' title='bbox 1532 2492 1797 2547; x_wconf 90' lang='lat' dir='ltr'><strong>lectorum</strong></span> 
     </span>
    </p>
   </div>
   <div class='ocr_carea' id='block_1_41' title="bbox 236 2564 1795 2650">
    <p class='ocr_par' dir='ltr' id='par_1_41' title="bbox 236 2564 1795 2650">
     <span class='ocr_line' id='line_1_41' title="bbox 236 2564 1795 2650; baseline 0.014 -34"><span class='ocrx_word' id='word_1_291' title='bbox 236 2564 446 2619; x_wconf 90' lang='lat' dir='ltr'><strong>iudicio</strong></span> <span class='ocrx_word' id='word_1_292' title='bbox 472 2572 870 2636; x_wconf 86' lang='lat' dir='ltr'><strong>permittentes.</strong></span> <span class='ocrx_word' id='word_1_293' title='bbox 897 2575 1360 2650; x_wconf 86' lang='lat' dir='ltr'><strong>Apophthegmata</strong></span> <span class='ocrx_word' id='word_1_294' title='bbox 1383 2598 1512 2636; x_wconf 90' lang='lat' dir='ltr'><strong>vero</strong></span> <span class='ocrx_word' id='word_1_295' title='bbox 1531 2582 1651 2637; x_wconf 92' lang='lat' dir='ltr'><strong>viro</strong></span> <span class='ocrx_word' id='word_1_296' title='bbox 1668 2600 1795 2638; x_wconf 84' lang='lat' dir='ltr'><strong>cru--</strong></span> 
     </span>
    </p>
   </div>
   <div class='ocr_carea' id='block_1_42' title="bbox 234 2656 1797 2743">
    <p class='ocr_par' dir='ltr' id='par_1_42' title="bbox 234 2656 1797 2743">
     <span class='ocr_line' id='line_1_42' title="bbox 234 2656 1797 2743; baseline 0.013 -35"><span class='ocrx_word' id='word_1_297' title='bbox 234 2656 508 2713; x_wconf 88' lang='lat' dir='ltr'><strong>ditissimo</strong></span> <span class='ocrx_word' id='word_1_298' title='bbox 535 2660 609 2714; x_wconf 91' lang='lat' dir='ltr'><strong>lo.</strong></span> <span class='ocrx_word' id='word_1_299' title='bbox 640 2661 910 2731; x_wconf 88' lang='lat' dir='ltr'><strong>Baptistae</strong></span> <span class='ocrx_word' id='word_1_300' title='bbox 939 2666 1227 2734; x_wconf 88' lang='lat' dir='ltr'><strong>Cotelerio,</strong></span> <span class='ocrx_word' id='word_1_301' title='bbox 1252 2671 1467 2742; x_wconf 80' lang='lat' dir='ltr'><strong>linguae</strong></span> <span class='ocrx_word' id='word_1_302' title='bbox 1496 2689 1720 2743; x_wconf 82' lang='lat' dir='ltr'><strong>graecae</strong></span> <span class='ocrx_word' id='word_1_303' title='bbox 1742 2676 1797 2729; x_wconf 91' lang='lat' dir='ltr'><strong>in</strong></span> 
     </span>
    </p>
   </div>
   <div class='ocr_carea' id='block_1_43' title="bbox 234 2748 1798 2833">
    <p class='ocr_par' dir='ltr' id='par_1_43' title="bbox 234 2748 1798 2833">
     <span class='ocr_line' id='line_1_43' title="bbox 234 2748 1798 2833; baseline 0.013 -35"><span class='ocrx_word' id='word_1_304' title='bbox 234 2748 513 2802; x_wconf 86' lang='lat' dir='ltr'><strong>academia</strong></span> <span class='ocrx_word' id='word_1_305' title='bbox 544 2750 783 2806; x_wconf 88' lang='lat' dir='ltr'><strong>Parisina</strong></span> <span class='ocrx_word' id='word_1_306' title='bbox 830 2755 1126 2811; x_wconf 84' lang='lat' dir='ltr'><strong>Professori</strong></span> <span class='ocrx_word' id='word_1_307' title='bbox 1159 2761 1308 2829; x_wconf 86' lang='lat' dir='ltr'><strong>regio</strong></span> <span class='ocrx_word' id='word_1_308' title='bbox 1350 2761 1629 2827; x_wconf 87' lang='lat' dir='ltr'><strong>debemus,</strong></span> <span class='ocrx_word' id='word_1_309' title='bbox 1661 2781 1798 2833; x_wconf 86' lang='lat' dir='ltr'><strong>quae</strong></span> 
     </span>
    </p>
   </div>
   <div class='ocr_carea' id='block_1_44' title="bbox 234 2835 1797 2923">
    <p class='ocr_par' dir='ltr' id='par_1_44' title="bbox 234 2835 1797 2923">
     <span class='ocr_line' id='line_1_44' title="bbox 234 2835 1797 2923; baseline 0.013 -34"><span class='ocrx_word' id='word_1_310' title='bbox 234 2835 375 2905; x_wconf 88' lang='lat' dir='ltr'><strong>ipse,</strong></span> <span class='ocrx_word' id='word_1_311' title='bbox 408 2854 531 2893; x_wconf 91' lang='lat' dir='ltr'><strong>eum</strong></span> <span class='ocrx_word' id='word_1_312' title='bbox 568 2841 621 2895; x_wconf 93' lang='lat' dir='ltr'><strong>in</strong></span> <span class='ocrx_word' id='word_1_313' title='bbox 652 2843 981 2901; x_wconf 89' lang='lat' dir='ltr'><strong>bibliotheca</strong></span> <span class='ocrx_word' id='word_1_314' title='bbox 1011 2849 1176 2919; x_wconf 85' lang='lat' dir='ltr'><strong>Regia</strong></span> <span class='ocrx_word' id='word_1_315' title='bbox 1206 2854 1572 2923; x_wconf 89' lang='lat' dir='ltr'><strong>manuscripta</strong></span> <span class='ocrx_word' id='word_1_316' title='bbox 1592 2855 1797 2909; x_wconf 88' lang='lat' dir='ltr'><strong>inveni-</strong></span> 
     </span>
    </p>
   </div>
   <div class='ocr_carea' id='block_1_45' title="bbox 237 2925 1799 3007">
    <p class='ocr_par' dir='ltr' id='par_1_45' title="bbox 237 2925 1799 3007">
     <span class='ocr_line' id='line_1_45' title="bbox 237 2925 1799 3007; baseline 0.015 -32"><span class='ocrx_word' id='word_1_317' title='bbox 237 2932 343 2985; x_wconf 86' lang='lat' dir='ltr'><strong>ret,</strong></span> <span class='ocrx_word' id='word_1_318' title='bbox 370 2925 540 2980; x_wconf 91' lang='lat' dir='ltr'><strong>Tomo</strong></span> <span class='ocrx_word' id='word_1_319' title='bbox 568 2929 1079 2988; x_wconf 82' lang='lat' dir='ltr'><strong>lMonumentorum</strong></span> <span class='ocrx_word' id='word_1_320' title='bbox 1110 2938 1381 2994; x_wconf 87' lang='lat' dir='ltr'><strong>Ecclesiae</strong></span> <span class='ocrx_word' id='word_1_321' title='bbox 1409 2941 1663 3007; x_wconf 89' lang='lat' dir='ltr'><strong>Graecae,</strong></span> <span class='ocrx_word' id='word_1_322' title='bbox 1694 2944 1799 2998; x_wconf 92' lang='lat' dir='ltr'><strong>Lu-</strong></span> 
     </span>
    </p>
   </div>
   <div class='ocr_carea' id='block_1_46' title="bbox 235 3015 1794 3101">
    <p class='ocr_par' dir='ltr' id='par_1_46' title="bbox 235 3015 1794 3101">
     <span class='ocr_line' id='line_1_46' title="bbox 235 3015 1794 3101; baseline 0.015 -35"><span class='ocrx_word' id='word_1_323' title='bbox 235 3015 404 3069; x_wconf 88' lang='lat' dir='ltr'><strong>tetiae</strong></span> <span class='ocrx_word' id='word_1_324' title='bbox 429 3018 755 3074; x_wconf 89' lang='lat' dir='ltr'><strong>Parisiorum</strong></span> <span class='ocrx_word' id='word_1_325' title='bbox 781 3038 921 3078; x_wconf 87' lang='lat' dir='ltr'><strong>anno</strong></span> <span class='ocrx_word' id='word_1_326' title='bbox 955 3025 962 3093; x_wconf 93' lang='lat'><em>|</em></span> <span class='ocrx_word' id='word_1_327' title='bbox 995 3026 1366 3083; x_wconf 82' lang='lat' dir='ltr'><strong>MDCLXXVII</strong></span> <span class='ocrx_word' id='word_1_328' title='bbox 1389 3034 1794 3101; x_wconf 91' lang='lat' dir='ltr'><strong>prodeuntium,</strong></span> 
     </span>
    </p>
   </div>
   <div class='ocr_carea' id='block_1_47' title="bbox 236 3106 1797 3187">
    <p class='ocr_par' dir='ltr' id='par_1_47' title="bbox 236 3106 1797 3187">
     <span class='ocr_line' id='line_1_47' title="bbox 236 3106 1797 3187; baseline 0.015 -30"><span class='ocrx_word' id='word_1_329' title='bbox 236 3106 444 3161; x_wconf 85' lang='lat' dir='ltr'><strong>inserta</strong></span> <span class='ocrx_word' id='word_1_330' title='bbox 477 3109 666 3164; x_wconf 90' lang='lat' dir='ltr'><strong>edidit.</strong></span> <span class='ocrx_word' id='word_1_331' title='bbox 706 3114 964 3169; x_wconf 87' lang='lat' dir='ltr'><strong>Eiusdem</strong></span> <span class='ocrx_word' id='word_1_332' title='bbox 994 3132 1211 3187; x_wconf 88' lang='lat' dir='ltr'><strong>quoque</strong></span> <span class='ocrx_word' id='word_1_333' title='bbox 1232 3122 1538 3177; x_wconf 90' lang='lat' dir='ltr'><strong>versionem</strong></span> <span class='ocrx_word' id='word_1_334' title='bbox 1567 3126 1797 3180; x_wconf 90' lang='lat' dir='ltr'><strong>retinui-</strong></span> 
     </span>
    </p>
   </div>
   <div class='ocr_carea' id='block_1_48' title="bbox 1902 1950 3449 2025">
    <p class='ocr_par' dir='ltr' id='par_1_48' title="bbox 1902 1950 3449 2025">
     <span class='ocr_line' id='line_1_48' title="bbox 1902 1950 3449 2025; baseline -0.008 -12"><span class='ocrx_word' id='word_1_335' title='bbox 1902 1960 2044 2013; x_wconf 88' lang='lat' dir='ltr'><strong>unde</strong></span> <span class='ocrx_word' id='word_1_336' title='bbox 2069 1958 2529 2012; x_wconf 87' lang='lat' dir='ltr'><strong>abundantissime</strong></span> <span class='ocrx_word' id='word_1_337' title='bbox 2562 1958 2676 2025; x_wconf 91' lang='lat' dir='ltr'><strong>ipse</strong></span> <span class='ocrx_word' id='word_1_338' title='bbox 2730 1955 2873 2008; x_wconf 88' lang='lat' dir='ltr'><strong>sitim</strong></span> <span class='ocrx_word' id='word_1_339' title='bbox 2919 1968 3070 2006; x_wconf 89' lang='lat' dir='ltr'><strong>suam</strong></span> <span class='ocrx_word' id='word_1_340' title='bbox 3132 1950 3449 2018; x_wconf 73' lang='lat' dir='ltr'><strong>restinguat.</strong></span> 
     </span>
    </p>
   </div>
   <div class='ocr_carea' id='block_1_49' title="bbox 1971 2040 3452 2115">
    <p class='ocr_par' dir='ltr' id='par_1_49' title="bbox 1971 2040 3452 2115">
     <span class='ocr_line' id='line_1_49' title="bbox 1971 2040 3452 2115; baseline -0.009 -12"><span class='ocrx_word' id='word_1_341' title='bbox 1971 2050 2106 2103; x_wconf 76' lang='lat' dir='ltr'><strong>XVI.</strong></span> <span class='ocrx_word' id='word_1_342' title='bbox 2144 2048 2282 2115; x_wconf 87' lang='lat' dir='ltr'>Quid</span> <span class='ocrx_word' id='word_1_343' title='bbox 2306 2048 2452 2102; x_wconf 91' lang='lat' dir='ltr'><strong>enim</strong></span> <span class='ocrx_word' id='word_1_344' title='bbox 2481 2048 2536 2100; x_wconf 92' lang='lat' dir='ltr'><strong>in</strong></span> <span class='ocrx_word' id='word_1_345' title='bbox 2573 2046 2762 2100; x_wconf 86' lang='lat' dir='ltr'><strong>iisdem</strong></span> <span class='ocrx_word' id='word_1_346' title='bbox 2805 2044 3041 2099; x_wconf 88' lang='lat' dir='ltr'><strong>occurrit</strong></span> <span class='ocrx_word' id='word_1_347' title='bbox 3095 2040 3238 2095; x_wconf 87' lang='lat' dir='ltr'><strong>aliud</strong></span> <span class='ocrx_word' id='word_1_348' title='bbox 3292 2055 3452 2109; x_wconf 91' lang='lat' dir='ltr'><strong>quam</strong></span> 
     </span>
    </p>
   </div>
   <div class='ocr_carea' id='block_1_50' title="bbox 1901 2132 3453 2205">
    <p class='ocr_par' dir='ltr' id='par_1_50' title="bbox 1901 2132 3453 2205">
     <span class='ocr_line' id='line_1_50' title="bbox 1901 2132 3453 2205; baseline -0.008 -11"><span class='ocrx_word' id='word_1_349' title='bbox 1901 2140 2183 2193; x_wconf 90' lang='lat' dir='ltr'><strong>sanissima</strong></span> <span class='ocrx_word' id='word_1_350' title='bbox 2208 2139 2295 2193; x_wconf 91' lang='lat' dir='ltr'><strong>illa</strong></span> <span class='ocrx_word' id='word_1_351' title='bbox 2329 2138 2785 2205; x_wconf 88' lang='lat' dir='ltr'><strong>saluberrimaque</strong></span> <span class='ocrx_word' id='word_1_352' title='bbox 2819 2136 2873 2188; x_wconf 92' lang='lat' dir='ltr'><strong>in</strong></span> <span class='ocrx_word' id='word_1_353' title='bbox 2936 2149 3148 2188; x_wconf 90' lang='lat' dir='ltr'><strong>omnem</strong></span> <span class='ocrx_word' id='word_1_354' title='bbox 3190 2132 3453 2186; x_wconf 80' lang='lat' dir='ltr'><strong>Christia~</strong></span> 
     </span>
    </p>
   </div>
   <div class='ocr_carea' id='block_1_51' title="bbox 1901 2220 3452 2299">
    <p class='ocr_par' dir='ltr' id='par_1_51' title="bbox 1901 2220 3452 2299">
     <span class='ocr_line' id='line_1_51' title="bbox 1901 2220 3452 2299; baseline -0.007 -15"><span class='ocrx_word' id='word_1_355' title='bbox 1901 2230 2061 2284; x_wconf 89' lang='lat' dir='ltr'><strong>nismi</strong></span> <span class='ocrx_word' id='word_1_356' title='bbox 2083 2240 2290 2299; x_wconf 89' lang='lat' dir='ltr'><strong>partem</strong></span> <span class='ocrx_word' id='word_1_357' title='bbox 2322 2228 2609 2299; x_wconf 82' lang='lat' dir='ltr'><strong>dogmata?</strong></span> <span class='ocrx_word' id='word_1_358' title='bbox 2634 2227 2809 2296; x_wconf 89' lang='lat' dir='ltr'><strong>Lapsu</strong></span> <span class='ocrx_word' id='word_1_359' title='bbox 2843 2226 3136 2279; x_wconf 87' lang='lat' dir='ltr'><strong>humanum</strong></span> <span class='ocrx_word' id='word_1_360' title='bbox 3184 2238 3353 2292; x_wconf 88' lang='lat' dir='ltr'><strong>genus</strong></span> <span class='ocrx_word' id='word_1_361' title='bbox 3397 2220 3452 2273; x_wconf 93' lang='lat' dir='ltr'><strong>in</strong></span> 
     </span>
    </p>
   </div>
   <div class='ocr_carea' id='block_1_52' title="bbox 1900 2314 3452 2390">
    <p class='ocr_par' dir='ltr' id='par_1_52' title="bbox 1900 2314 3452 2390">
     <span class='ocr_line' id='line_1_52' title="bbox 1900 2314 3452 2390; baseline -0.007 -15"><span class='ocrx_word' id='word_1_362' title='bbox 1900 2331 2180 2390; x_wconf 90' lang='lat' dir='ltr'><strong>peccatum</strong></span> <span class='ocrx_word' id='word_1_363' title='bbox 2216 2320 2516 2374; x_wconf 89' lang='lat' dir='ltr'><strong>miserrime</strong></span> <span class='ocrx_word' id='word_1_364' title='bbox 2562 2335 2682 2373; x_wconf 89' lang='lat' dir='ltr'><strong>esse</strong></span> <span class='ocrx_word' id='word_1_365' title='bbox 2728 2328 3042 2386; x_wconf 91' lang='lat' dir='ltr'><strong>corruptum</strong></span> <span class='ocrx_word' id='word_1_366' title='bbox 3088 2326 3142 2369; x_wconf 88' lang='lat' dir='ltr'><strong>et</strong></span> <span class='ocrx_word' id='word_1_367' title='bbox 3183 2314 3452 2369; x_wconf 80' lang='lat' dir='ltr'><strong>deforma-</strong></span> 
     </span>
    </p>
   </div>
   <div class='ocr_carea' id='block_1_53' title="bbox 1902 2404 3454 2476">
    <p class='ocr_par' dir='ltr' id='par_1_53' title="bbox 1902 2404 3454 2476">
     <span class='ocr_line' id='line_1_53' title="bbox 1902 2404 3454 2476; baseline -0.005 -10"><span class='ocrx_word' id='word_1_368' title='bbox 1902 2421 2036 2476; x_wconf 89' lang='lat' dir='ltr'><strong>tum,</strong></span> <span class='ocrx_word' id='word_1_369' title='bbox 2078 2421 2137 2465; x_wconf 91' lang='lat' dir='ltr'><strong>ut</strong></span> <span class='ocrx_word' id='word_1_370' title='bbox 2169 2429 2383 2467; x_wconf 84' lang='lat' dir='ltr'><strong>aversae</strong></span> <span class='ocrx_word' id='word_1_371' title='bbox 2410 2412 2514 2465; x_wconf 91' lang='lat' dir='ltr'><strong>iam</strong></span> <span class='ocrx_word' id='word_1_372' title='bbox 2538 2427 2567 2465; x_wconf 90' lang='lat' dir='ltr'>a</span> <span class='ocrx_word' id='word_1_373' title='bbox 2585 2412 2697 2465; x_wconf 89' lang='lat' dir='ltr'><strong>Deo</strong></span> <span class='ocrx_word' id='word_1_374' title='bbox 2722 2418 2931 2463; x_wconf 90' lang='lat' dir='ltr'><strong>mentes</strong></span> <span class='ocrx_word' id='word_1_375' title='bbox 2959 2408 3238 2461; x_wconf 89' lang='lat' dir='ltr'><strong>hominum</strong></span> <span class='ocrx_word' id='word_1_376' title='bbox 3261 2405 3329 2459; x_wconf 89' lang='lat' dir='ltr'><strong>ab</strong></span> <span class='ocrx_word' id='word_1_377' title='bbox 3360 2404 3454 2459; x_wconf 82' lang='lat' dir='ltr'><strong>ad-</strong></span> 
     </span>
    </p>
   </div>
   <div class='ocr_carea' id='block_1_54' title="bbox 1901 2498 3455 2574">
    <p class='ocr_par' dir='ltr' id='par_1_54' title="bbox 1901 2498 3455 2574">
     <span class='ocr_line' id='line_1_54' title="bbox 1901 2498 3455 2574; baseline -0.005 -18"><span class='ocrx_word' id='word_1_378' title='bbox 1901 2506 2139 2559; x_wconf 86' lang='lat' dir='ltr'><strong>versaria</strong></span> <span class='ocrx_word' id='word_1_379' title='bbox 2170 2504 2389 2573; x_wconf 82' lang='lat' dir='ltr'><strong>maligni</strong></span> <span class='ocrx_word' id='word_1_380' title='bbox 2412 2505 2633 2574; x_wconf 89' lang='lat' dir='ltr'><strong>spiritus</strong></span> <span class='ocrx_word' id='word_1_381' title='bbox 2660 2509 2927 2573; x_wconf 82' lang='lat' dir='ltr'><strong>potestate</strong></span> <span class='ocrx_word' id='word_1_382' title='bbox 2953 2502 3007 2553; x_wconf 91' lang='lat' dir='ltr'><strong>in</strong></span> <span class='ocrx_word' id='word_1_383' title='bbox 3033 2500 3208 2553; x_wconf 91' lang='lat' dir='ltr'><strong>omnis</strong></span> <span class='ocrx_word' id='word_1_384' title='bbox 3239 2498 3455 2568; x_wconf 81' lang='lat' dir='ltr'><strong>generis</strong></span> 
     </span>
    </p>
   </div>
   <div class='ocr_carea' id='block_1_55' title="bbox 1903 2587 3453 2666">
    <p class='ocr_par' dir='ltr' id='par_1_55' title="bbox 1903 2587 3453 2666">
     <span class='ocr_line' id='line_1_55' title="bbox 1903 2587 3453 2666; baseline -0.006 -17"><span class='ocrx_word' id='word_1_385' title='bbox 1903 2596 2125 2666; x_wconf 75' lang='lat' dir='ltr'><strong>grandia</strong></span> <span class='ocrx_word' id='word_1_386' title='bbox 2178 2604 2393 2664; x_wconf 89' lang='lat' dir='ltr'><strong>peccata</strong></span> <span class='ocrx_word' id='word_1_387' title='bbox 2437 2595 2793 2664; x_wconf 89' lang='lat' dir='ltr'><strong>abripiantur.</strong></span> <span class='ocrx_word' id='word_1_388' title='bbox 2844 2592 2974 2647; x_wconf 87' lang='lat' dir='ltr'><strong>Inde</strong></span> <span class='ocrx_word' id='word_1_389' title='bbox 3030 2590 3210 2644; x_wconf 89' lang='lat' dir='ltr'><strong>divina</strong></span> <span class='ocrx_word' id='word_1_390' title='bbox 3282 2587 3453 2658; x_wconf 87' lang='lat' dir='ltr'><strong>gratia</strong></span> 
     </span>
    </p>
   </div>
   <div class='ocr_carea' id='block_1_56' title="bbox 1903 2684 3451 2757">
    <p class='ocr_par' dir='ltr' id='par_1_56' title="bbox 1903 2684 3451 2757">
     <span class='ocr_line' id='line_1_56' title="bbox 1903 2684 3451 2757; baseline -0.008 -14"><span class='ocrx_word' id='word_1_391' title='bbox 1903 2705 2019 2743; x_wconf 87' lang='lat' dir='ltr'><strong>esse</strong></span> <span class='ocrx_word' id='word_1_392' title='bbox 2047 2703 2203 2757; x_wconf 88' lang='lat' dir='ltr'><strong>Opus,</strong></span> <span class='ocrx_word' id='word_1_393' title='bbox 2239 2696 2299 2741; x_wconf 88' lang='lat' dir='ltr'><strong>ut</strong></span> <span class='ocrx_word' id='word_1_394' title='bbox 2327 2696 2435 2741; x_wconf 90' lang='lat' dir='ltr'><strong>tam</strong></span> <span class='ocrx_word' id='word_1_395' title='bbox 2461 2687 2599 2740; x_wconf 89' lang='lat' dir='ltr'><strong>male</strong></span> <span class='ocrx_word' id='word_1_396' title='bbox 2630 2700 2685 2739; x_wconf 91' lang='lat' dir='ltr'><strong>se</strong></span> <span class='ocrx_word' id='word_1_397' title='bbox 2716 2684 2922 2737; x_wconf 91' lang='lat' dir='ltr'><strong>habens</strong></span> <span class='ocrx_word' id='word_1_398' title='bbox 2953 2699 3016 2737; x_wconf 86' lang='lat' dir='ltr'><strong>ex</strong></span> <span class='ocrx_word' id='word_1_399' title='bbox 3051 2690 3269 2751; x_wconf 88' lang='lat' dir='ltr'><strong>peccato</strong></span> <span class='ocrx_word' id='word_1_400' title='bbox 3302 2694 3451 2732; x_wconf 89' lang='lat' dir='ltr'><strong>mor-</strong></span> 
     </span>
    </p>
   </div>
   <div class='ocr_carea' id='block_1_57' title="bbox 1906 2776 3451 2849">
    <p class='ocr_par' dir='ltr' id='par_1_57' title="bbox 1906 2776 3451 2849">
     <span class='ocr_line' id='line_1_57' title="bbox 1906 2776 3451 2849; baseline -0.009 -15"><span class='ocrx_word' id='word_1_401' title='bbox 1906 2780 2090 2835; x_wconf 86' lang='lat' dir='ltr'><strong>talium</strong></span> <span class='ocrx_word' id='word_1_402' title='bbox 2118 2794 2286 2849; x_wconf 86' lang='lat' dir='ltr'><strong>gcnus</strong></span> <span class='ocrx_word' id='word_1_403' title='bbox 2319 2778 2673 2832; x_wconf 85' lang='lat' dir='ltr'><strong>convalescat.</strong></span> <span class='ocrx_word' id='word_1_404' title='bbox 2701 2776 2849 2829; x_wconf 86' lang='lat' dir='ltr'><strong>Hanc</strong></span> <span class='ocrx_word' id='word_1_405' title='bbox 2885 2788 3014 2827; x_wconf 88' lang='lat' dir='ltr'><strong>vero</strong></span> <span class='ocrx_word' id='word_1_406' title='bbox 3046 2785 3319 2839; x_wconf 86' lang='lat' dir='ltr'><strong>nunquam</strong></span> <span class='ocrx_word' id='word_1_407' title='bbox 3342 2784 3451 2822; x_wconf 92' lang='lat' dir='ltr'><strong>non</strong></span> 
     </span>
    </p>
   </div>
   <div class='ocr_carea' id='block_1_58' title="bbox 1904 2864 3459 2938">
    <p class='ocr_par' dir='ltr' id='par_1_58' title="bbox 1904 2864 3459 2938">
     <span class='ocr_line' id='line_1_58' title="bbox 1904 2864 3459 2938; baseline -0.006 -14"><span class='ocrx_word' id='word_1_408' title='bbox 1904 2872 1959 2924; x_wconf 93' lang='lat' dir='ltr'><strong>in</strong></span> <span class='ocrx_word' id='word_1_409' title='bbox 1989 2872 2220 2925; x_wconf 89' lang='lat' dir='ltr'><strong>animam</strong></span> <span class='ocrx_word' id='word_1_410' title='bbox 2253 2872 2488 2925; x_wconf 88' lang='lat' dir='ltr'><strong>hominis</strong></span> <span class='ocrx_word' id='word_1_411' title='bbox 2526 2879 2773 2938; x_wconf 85' lang='lat' dir='ltr'><strong>potenter</strong></span> <span class='ocrx_word' id='word_1_412' title='bbox 2800 2868 3034 2936; x_wconf 83' lang='lat' dir='ltr'><strong>Operari,</strong></span> <span class='ocrx_word' id='word_1_413' title='bbox 3070 2872 3131 2918; x_wconf 89' lang='lat' dir='ltr'>ut</span> <span class='ocrx_word' id='word_1_414' title='bbox 3178 2864 3291 2933; x_wconf 88' lang='lat' dir='ltr'><strong>ipsa</strong></span> <span class='ocrx_word' id='word_1_415' title='bbox 3335 2876 3459 2916; x_wconf 90' lang='lat' dir='ltr'><strong>cre-</strong></span> 
     </span>
    </p>
   </div>
   <div class='ocr_carea' id='block_1_59' title="bbox 1905 2950 3454 3026">
    <p class='ocr_par' dir='ltr' id='par_1_59' title="bbox 1905 2950 3454 3026">
     <span class='ocr_line' id='line_1_59' title="bbox 1905 2950 3454 3026; baseline -0.006 -14"><span class='ocrx_word' id='word_1_416' title='bbox 1905 2968 1993 3026; x_wconf 89' lang='lat' dir='ltr'><strong>pta</strong></span> <span class='ocrx_word' id='word_1_417' title='bbox 2016 2958 2325 3012; x_wconf 89' lang='lat' dir='ltr'><strong>adversario</strong></span> <span class='ocrx_word' id='word_1_418' title='bbox 2352 2973 2449 3012; x_wconf 92' lang='lat' dir='ltr'><strong>suo</strong></span> <span class='ocrx_word' id='word_1_419' title='bbox 2482 2957 2535 3009; x_wconf 92' lang='lat' dir='ltr'><strong>in</strong></span> <span class='ocrx_word' id='word_1_420' title='bbox 2574 2956 2879 3010; x_wconf 85' lang='lat' dir='ltr'><strong>libertatem</strong></span> <span class='ocrx_word' id='word_1_421' title='bbox 2914 2952 3231 3017; x_wconf 80' lang='lat' dir='ltr'><strong>adseratur;</strong></span> <span class='ocrx_word' id='word_1_422' title='bbox 3267 2950 3454 3018; x_wconf 82' lang='lat' dir='ltr'><strong>despe-</strong></span> 
     </span>
    </p>
   </div>
   <div class='ocr_carea' id='block_1_60' title="bbox 1906 3041 3451 3112">
    <p class='ocr_par' dir='ltr' id='par_1_60' title="bbox 1906 3041 3451 3112">
     <span class='ocr_line' id='line_1_60' title="bbox 1906 3041 3451 3112; baseline -0.006 -9"><span class='ocrx_word' id='word_1_423' title='bbox 1906 3051 2133 3104; x_wconf 90' lang='lat' dir='ltr'><strong>randum</strong></span> <span class='ocrx_word' id='word_1_424' title='bbox 2166 3066 2283 3104; x_wconf 91' lang='lat' dir='ltr'><strong>esse</strong></span> <span class='ocrx_word' id='word_1_425' title='bbox 2307 3048 2511 3103; x_wconf 89' lang='lat' dir='ltr'><strong>homini</strong></span> <span class='ocrx_word' id='word_1_426' title='bbox 2538 3048 2603 3101; x_wconf 91' lang='lat' dir='ltr'><strong>de</strong></span> <span class='ocrx_word' id='word_1_427' title='bbox 2626 3048 2738 3101; x_wconf 89' lang='lat' dir='ltr'><strong>suis</strong></span> <span class='ocrx_word' id='word_1_428' title='bbox 2764 3047 2992 3107; x_wconf 85' lang='lat' dir='ltr'><strong>viribus,</strong></span> <span class='ocrx_word' id='word_1_429' title='bbox 3015 3043 3119 3098; x_wconf 90' lang='lat' dir='ltr'><strong>nisi</strong></span> <span class='ocrx_word' id='word_1_430' title='bbox 3150 3043 3250 3112; x_wconf 87' lang='lat' dir='ltr'><strong>ipsi</strong></span> <span class='ocrx_word' id='word_1_431' title='bbox 3273 3058 3301 3095; x_wconf 91' lang='lat' dir='ltr'>a</span> <span class='ocrx_word' id='word_1_432' title='bbox 3331 3041 3451 3109; x_wconf 90' lang='lat' dir='ltr'><strong>Spi-</strong></span> 
     </span>
    </p>
   </div>
   <div class='ocr_carea' id='block_1_61' title="bbox 1908 3134 3454 3210">
    <p class='ocr_par' dir='ltr' id='par_1_61' title="bbox 1908 3134 3454 3210">
     <span class='ocr_line' id='line_1_61' title="bbox 1908 3134 3454 3210; baseline -0.006 -15"><span class='ocrx_word' id='word_1_433' title='bbox 1908 3143 2014 3196; x_wconf 89' lang='lat' dir='ltr'><strong>ritu</strong></span> <span class='ocrx_word' id='word_1_434' title='bbox 2037 3142 2254 3197; x_wconf 88' lang='lat' dir='ltr'><strong>coelesti</strong></span> <span class='ocrx_word' id='word_1_435' title='bbox 2288 3141 2520 3210; x_wconf 81' lang='lat' dir='ltr'><strong>gratiose</strong></span> <span class='ocrx_word' id='word_1_436' title='bbox 2548 3138 2919 3193; x_wconf 87' lang='lat' dir='ltr'><strong>subveniatur.</strong></span> <span class='ocrx_word' id='word_1_437' title='bbox 2956 3137 3232 3191; x_wconf 89' lang='lat' dir='ltr'><strong>Christum</strong></span> <span class='ocrx_word' id='word_1_438' title='bbox 3265 3150 3295 3187; x_wconf 92' lang='lat' dir='ltr'><strong>a</strong></span> <span class='ocrx_word' id='word_1_439' title='bbox 3342 3134 3454 3186; x_wconf 90' lang='lat' dir='ltr'><strong>Deo</strong></span> 
     </span>
    </p>
   </div>
   <div class='ocr_carea' id='block_1_62' title="bbox 236 3204 1924 3299">
    <p class='ocr_par' dir='ltr' id='par_1_62' title="bbox 236 3204 1924 3285">
     <span class='ocr_line' id='line_1_62' title="bbox 236 3204 1924 3285; baseline 0.014 -34"><span class='ocrx_word' id='word_1_440' title='bbox 236 3215 384 3262; x_wconf 86' lang='lat' dir='ltr'><strong>mus,</strong></span> <span class='ocrx_word' id='word_1_441' title='bbox 414 3216 535 3255; x_wconf 90' lang='lat' dir='ltr'><strong>cum</strong></span> <span class='ocrx_word' id='word_1_442' title='bbox 565 3204 679 3273; x_wconf 90' lang='lat' dir='ltr'><strong>ipse</strong></span> <span class='ocrx_word' id='word_1_443' title='bbox 715 3216 997 3263; x_wconf 89' lang='lat' dir='ltr'><strong>auctorum</strong></span> <span class='ocrx_word' id='word_1_444' title='bbox 1049 3212 1230 3266; x_wconf 86' lang='lat' dir='ltr'><strong>verbis</strong></span> <span class='ocrx_word' id='word_1_445' title='bbox 1280 3213 1493 3270; x_wconf 90' lang='lat' dir='ltr'><strong>insistat</strong></span> <span class='ocrx_word' id='word_1_446' title='bbox 1536 3218 1795 3285; x_wconf 84' lang='lat' dir='ltr'><strong>pressius,</strong></span> <span class='ocrx_word' id='word_1_447' title='bbox 1826 3213 1868 3273; x_wconf 92' lang='lat' dir='ltr'>C</span> <span class='ocrx_word' id='word_1_448' title='bbox 1900 3233 1924 3285; x_wconf 57' lang='lat'><strong>1]</strong></span> 
     </span>
    </p>
   </div>
   <div class='ocr_carea' id='block_1_63' title="bbox 1764 3204 3452 3299">
    <p class='ocr_par' dir='ltr' id='par_1_63' title="bbox 1764 3213 3452 3299">
     <span class='ocr_line' id='line_1_63' title="bbox 1764 3213 3452 3299; baseline -0.005 -15"><span class='ocrx_word' id='word_1_449' title='bbox 1764 3236 1795 3284; x_wconf 64' lang='grc' dir='ltr'><strong>εν</strong></span> <span class='ocrx_word' id='word_1_450' title='bbox 1826 3213 1868 3273; x_wconf 81' lang='lat' dir='ltr'>C</span> <span class='ocrx_word' id='word_1_451' title='bbox 1900 3232 2209 3286; x_wconf 87' lang='lat' dir='ltr'><strong>hominibus</strong></span> <span class='ocrx_word' id='word_1_452' title='bbox 2250 3232 2575 3285; x_wconf 87' lang='lat' dir='ltr'><strong>destinatum</strong></span> <span class='ocrx_word' id='word_1_453' title='bbox 2626 3246 2685 3283; x_wconf 86' lang='lat' dir='ltr'><strong>rc</strong></span> <span class='ocrx_word' id='word_1_454' title='bbox 2717 3230 2725 3299; x_wconf 82' lang='grc' dir='ltr'>ι</span> <span class='ocrx_word' id='word_1_455' title='bbox 2757 3230 3094 3296; x_wconf 89' lang='lat' dir='ltr'><strong>demptorem</strong></span> <span class='ocrx_word' id='word_1_456' title='bbox 3135 3235 3190 3279; x_wconf 91' lang='lat' dir='ltr'><strong>et</strong></span> <span class='ocrx_word' id='word_1_457' title='bbox 3264 3238 3452 3278; x_wconf 89' lang='lat' dir='ltr'><strong>omnes</strong></span> 
     </span>
    </p>
   </div>
   <div class='ocr_carea' id='block_1_64' title="bbox 235 3296 1800 3373">
    <p class='ocr_par' dir='ltr' id='par_1_64' title="bbox 235 3296 1800 3373">
     <span class='ocr_line' id='line_1_64' title="bbox 235 3296 1800 3373; baseline 0.012 -30"><span class='ocrx_word' id='word_1_458' title='bbox 235 3302 296 3344; x_wconf 86' lang='lat' dir='ltr'><strong>et</strong></span> <span class='ocrx_word' id='word_1_459' title='bbox 325 3308 497 3361; x_wconf 87' lang='lat' dir='ltr'><strong>genus</strong></span> <span class='ocrx_word' id='word_1_460' title='bbox 528 3296 800 3350; x_wconf 89' lang='lat' dir='ltr'><strong>scribendi</strong></span> <span class='ocrx_word' id='word_1_461' title='bbox 852 3310 1110 3366; x_wconf 86' lang='lat' dir='ltr'><strong>sequatur</strong></span> <span class='ocrx_word' id='word_1_462' title='bbox 1152 3302 1397 3372; x_wconf 80' lang='lat' dir='ltr'><strong>simplex,</strong></span> <span class='ocrx_word' id='word_1_463' title='bbox 1425 3305 1711 3373; x_wconf 89' lang='lat' dir='ltr'><strong>liquidum,</strong></span> <span class='ocrx_word' id='word_1_464' title='bbox 1746 3318 1800 3363; x_wconf 92' lang='lat' dir='ltr'><strong>et</strong></span> 
     </span>
    </p>
   </div>
   <div class='ocr_carea' id='block_1_65' title="bbox 236 3382 1799 3463">
    <p class='ocr_par' dir='ltr' id='par_1_65' title="bbox 236 3382 1799 3463">
     <span class='ocr_line' id='line_1_65' title="bbox 236 3382 1799 3463; baseline 0.013 -31"><span class='ocrx_word' id='word_1_465' title='bbox 236 3382 310 3434; x_wconf 85' lang='lat' dir='ltr'><strong>ab</strong></span> <span class='ocrx_word' id='word_1_466' title='bbox 345 3385 493 3436; x_wconf 91' lang='lat' dir='ltr'><strong>omni</strong></span> <span class='ocrx_word' id='word_1_467' title='bbox 535 3394 742 3441; x_wconf 87' lang='lat' dir='ltr'><strong>tumore</strong></span> <span class='ocrx_word' id='word_1_468' title='bbox 778 3400 1079 3459; x_wconf 86' lang='lat' dir='ltr'><strong>ornatuque</strong></span> <span class='ocrx_word' id='word_1_469' title='bbox 1112 3394 1267 3448; x_wconf 77' lang='lat' dir='ltr'><strong>anxie</strong></span> <span class='ocrx_word' id='word_1_470' title='bbox 1315 3397 1621 3463; x_wconf 88' lang='lat' dir='ltr'><strong>conquisito</strong></span> <span class='ocrx_word' id='word_1_471' title='bbox 1668 3399 1799 3451; x_wconf 90' lang='lat' dir='ltr'><strong>alie-</strong></span> 
     </span>
    </p>
   </div>
   <div class='ocr_carea' id='block_1_66' title="bbox 237 3473 1800 3556">
    <p class='ocr_par' dir='ltr' id='par_1_66' title="bbox 237 3473 1800 3556">
     <span class='ocr_line' id='line_1_66' title="bbox 237 3473 1800 3556; baseline 0.013 -33"><span class='ocrx_word' id='word_1_472' title='bbox 237 3489 392 3525; x_wconf 72' lang='lat' dir='ltr'><strong>num.</strong></span> <span class='ocrx_word' id='word_1_473' title='bbox 419 3473 637 3530; x_wconf 81' lang='lat' dir='ltr'><strong>Adiccta</strong></span> <span class='ocrx_word' id='word_1_474' title='bbox 667 3479 901 3549; x_wconf 79' lang='lat' dir='ltr'><strong>denique</strong></span> <span class='ocrx_word' id='word_1_475' title='bbox 932 3499 961 3536; x_wconf 91' lang='lat' dir='ltr'><strong>a</strong></span> <span class='ocrx_word' id='word_1_476' title='bbox 994 3484 1149 3537; x_wconf 86' lang='lat' dir='ltr'><strong>nobis</strong></span> <span class='ocrx_word' id='word_1_477' title='bbox 1184 3494 1310 3537; x_wconf 89' lang='lat' dir='ltr'><strong>sunt</strong></span> <span class='ocrx_word' id='word_1_478' title='bbox 1352 3485 1648 3556; x_wconf 80' lang='lat' dir='ltr'><strong>fragmenta</strong></span> <span class='ocrx_word' id='word_1_479' title='bbox 1695 3491 1800 3543; x_wconf 76' lang='lat' dir='ltr'><strong>Ma-</strong></span> 
     </span>
    </p>
   </div>
   <div class='ocr_carea' id='block_1_67' title="bbox 236 3567 1799 3642">
    <p class='ocr_par' dir='ltr' id='par_1_67' title="bbox 236 3567 1799 3642">
     <span class='ocr_line' id='line_1_67' title="bbox 236 3567 1799 3642; baseline 0.013 -26"><span class='ocrx_word' id='word_1_480' title='bbox 236 3567 460 3620; x_wconf 87' lang='lat' dir='ltr'><strong>cariana</strong></span> <span class='ocrx_word' id='word_1_481' title='bbox 488 3569 663 3623; x_wconf 92' lang='lat' dir='ltr'><strong>adhuc</strong></span> <span class='ocrx_word' id='word_1_482' title='bbox 696 3573 818 3635; x_wconf 91' lang='lat' dir='ltr'><strong>alia,</strong></span> <span class='ocrx_word' id='word_1_483' title='bbox 861 3590 997 3642; x_wconf 90' lang='lat' dir='ltr'><strong>quae</strong></span> <span class='ocrx_word' id='word_1_484' title='bbox 1037 3588 1285 3633; x_wconf 86' lang='lat' dir='ltr'><strong>auctores</strong></span> <span class='ocrx_word' id='word_1_485' title='bbox 1323 3580 1452 3633; x_wconf 89' lang='lat' dir='ltr'><strong>hinc</strong></span> <span class='ocrx_word' id='word_1_486' title='bbox 1481 3580 1605 3635; x_wconf 88' lang='lat' dir='ltr'><strong>inde</strong></span> <span class='ocrx_word' id='word_1_487' title='bbox 1655 3584 1799 3635; x_wconf 88' lang='lat' dir='ltr'><strong>evol-</strong></span> 
     </span>
    </p>
   </div>
   <div class='ocr_carea' id='block_1_68' title="bbox 234 3657 1116 3719">
    <p class='ocr_par' dir='ltr' id='par_1_68' title="bbox 234 3657 1116 3719">
     <span class='ocr_line' id='line_1_68' title="bbox 234 3657 1116 3719; baseline 0.014 -14"><span class='ocrx_word' id='word_1_488' title='bbox 234 3657 495 3711; x_wconf 88' lang='lat' dir='ltr'><strong>ventibus</strong></span> <span class='ocrx_word' id='word_1_489' title='bbox 522 3674 578 3713; x_wconf 91' lang='lat' dir='ltr'><strong>se</strong></span> <span class='ocrx_word' id='word_1_490' title='bbox 600 3661 756 3714; x_wconf 90' lang='lat' dir='ltr'><strong>nobis</strong></span> <span class='ocrx_word' id='word_1_491' title='bbox 784 3664 1116 3719; x_wconf 88' lang='lat' dir='ltr'><strong>obtulerunt.</strong></span> 
     </span>
    </p>
   </div>
   <div class='ocr_carea' id='block_1_69' title="bbox 310 3767 1799 3847">
    <p class='ocr_par' dir='ltr' id='par_1_69' title="bbox 310 3767 1799 3847">
     <span class='ocr_line' id='line_1_69' title="bbox 310 3767 1799 3847; baseline 0.013 -27"><span class='ocrx_word' id='word_1_492' title='bbox 310 3767 421 3821; x_wconf 79' lang='lat' dir='ltr'><strong>XV.</strong></span> <span class='ocrx_word' id='word_1_493' title='bbox 444 3770 595 3824; x_wconf 87' lang='lat' dir='ltr'><strong>Nunc</strong></span> <span class='ocrx_word' id='word_1_494' title='bbox 616 3772 680 3825; x_wconf 89' lang='lat' dir='ltr'><strong>ad</strong></span> <span class='ocrx_word' id='word_1_495' title='bbox 704 3773 879 3842; x_wconf 91' lang='lat' dir='ltr'><strong>ipsum</strong></span> <span class='ocrx_word' id='word_1_496' title='bbox 910 3779 1135 3847; x_wconf 81' lang='lat' dir='ltr'><strong>prepius</strong></span> <span class='ocrx_word' id='word_1_497' title='bbox 1160 3780 1482 3834; x_wconf 89' lang='lat' dir='ltr'><strong>intuendum</strong></span> <span class='ocrx_word' id='word_1_498' title='bbox 1506 3782 1799 3839; x_wconf 87' lang='lat' dir='ltr'><strong>Macarium</strong></span> 
     </span>
    </p>
   </div>
   <div class='ocr_carea' id='block_1_70' title="bbox 236 3859 1797 3938">
    <p class='ocr_par' dir='ltr' id='par_1_70' title="bbox 236 3859 1797 3938">
     <span class='ocr_line' id='line_1_70' title="bbox 236 3859 1797 3938; baseline 0.007 -27"><span class='ocrx_word' id='word_1_499' title='bbox 236 3859 582 3913; x_wconf 72' lang='lat' dir='ltr'><strong>acuedamus.</strong></span> <span class='ocrx_word' id='word_1_500' title='bbox 608 3860 871 3918; x_wconf 83' lang='lat' dir='ltr'><strong>Constare</strong></span> <span class='ocrx_word' id='word_1_501' title='bbox 899 3874 1081 3919; x_wconf 90' lang='lat' dir='ltr'><strong>autem</strong></span> <span class='ocrx_word' id='word_1_502' title='bbox 1106 3868 1187 3921; x_wconf 89' lang='lat' dir='ltr'><strong>vel</strong></span> <span class='ocrx_word' id='word_1_503' title='bbox 1229 3884 1294 3921; x_wconf 82' lang='lat' dir='ltr'><strong>ex</strong></span> <span class='ocrx_word' id='word_1_504' title='bbox 1339 3869 1512 3936; x_wconf 90' lang='lat' dir='ltr'><strong>prima</strong></span> <span class='ocrx_word' id='word_1_505' title='bbox 1564 3868 1797 3938; x_wconf 89' lang='lat' dir='ltr'><strong>Operum</strong></span> 
     </span>
    </p>
   </div>
   <div class='ocr_carea' id='block_1_71' title="bbox 234 3944 1799 4020">
    <p class='ocr_par' dir='ltr' id='par_1_71' title="bbox 234 3944 1799 4020">
     <span class='ocr_line' id='line_1_71' title="bbox 234 3944 1799 4020; baseline 0.012 -25"><span class='ocrx_word' id='word_1_506' title='bbox 234 3944 358 3999; x_wconf 89' lang='lat' dir='ltr'><strong>eius</strong></span> <span class='ocrx_word' id='word_1_507' title='bbox 386 3946 719 4016; x_wconf 89' lang='lat' dir='ltr'><strong>inspectione</strong></span> <span class='ocrx_word' id='word_1_508' title='bbox 753 3954 953 4020; x_wconf 90' lang='lat' dir='ltr'><strong>poterit</strong></span> <span class='ocrx_word' id='word_1_509' title='bbox 983 3956 1255 4020; x_wconf 90' lang='lat' dir='ltr'><strong>omnibus,</strong></span> <span class='ocrx_word' id='word_1_510' title='bbox 1291 3956 1467 4009; x_wconf 90' lang='lat' dir='ltr'><strong>virum</strong></span> <span class='ocrx_word' id='word_1_511' title='bbox 1499 3957 1661 4012; x_wconf 82' lang='lat' dir='ltr'><strong>fuisse</strong></span> <span class='ocrx_word' id='word_1_512' title='bbox 1688 3959 1799 4013; x_wconf 87' lang='lat' dir='ltr'><strong>Ma-</strong></span> 
     </span>
    </p>
   </div>
   <div class='ocr_carea' id='block_1_72' title="bbox 237 4034 1799 4110">
    <p class='ocr_par' dir='ltr' id='par_1_72' title="bbox 237 4034 1799 4110">
     <span class='ocr_line' id='line_1_72' title="bbox 237 4034 1799 4110; baseline 0.012 -26"><span class='ocrx_word' id='word_1_513' title='bbox 237 4034 449 4086; x_wconf 89' lang='lat' dir='ltr'><strong>earium</strong></span> <span class='ocrx_word' id='word_1_514' title='bbox 483 4039 859 4095; x_wconf 87' lang='lat' dir='ltr'><strong>utsanctitatis</strong></span> <span class='ocrx_word' id='word_1_515' title='bbox 900 4044 1380 4110; x_wconf 88' lang='lat' dir='ltr'><strong>studiosissimum,</strong></span> <span class='ocrx_word' id='word_1_516' title='bbox 1426 4047 1501 4101; x_wconf 90' lang='lat' dir='ltr'><strong>ita</strong></span> <span class='ocrx_word' id='word_1_517' title='bbox 1547 4049 1600 4101; x_wconf 92' lang='lat' dir='ltr'><strong>in</strong></span> <span class='ocrx_word' id='word_1_518' title='bbox 1638 4050 1799 4103; x_wconf 90' lang='lat' dir='ltr'><strong>rebus</strong></span> 
     </span>
    </p>
   </div>
   <div class='ocr_carea' id='block_1_73' title="bbox 238 4122 1801 4207">
    <p class='ocr_par' dir='ltr' id='par_1_73' title="bbox 238 4122 1801 4207">
     <span class='ocr_line' id='line_1_73' title="bbox 238 4122 1801 4207; baseline 0.012 -33"><span class='ocrx_word' id='word_1_519' title='bbox 238 4122 441 4178; x_wconf 87' lang='lat' dir='ltr'><strong>divinis</strong></span> <span class='ocrx_word' id='word_1_520' title='bbox 467 4134 522 4179; x_wconf 91' lang='lat' dir='ltr'><strong>et</strong></span> <span class='ocrx_word' id='word_1_521' title='bbox 551 4127 946 4197; x_wconf 88' lang='lat' dir='ltr'><strong>spiritualibus,</strong></span> <span class='ocrx_word' id='word_1_522' title='bbox 982 4134 1027 4185; x_wconf 91' lang='lat' dir='ltr'><strong>si</strong></span> <span class='ocrx_word' id='word_1_523' title='bbox 1066 4134 1233 4187; x_wconf 90' lang='lat' dir='ltr'><strong>ullum</strong></span> <span class='ocrx_word' id='word_1_524' title='bbox 1276 4136 1461 4200; x_wconf 90' lang='lat' dir='ltr'><strong>alium,</strong></span> <span class='ocrx_word' id='word_1_525' title='bbox 1495 4137 1650 4207; x_wconf 89' lang='lat' dir='ltr'><strong>longe</strong></span> <span class='ocrx_word' id='word_1_526' title='bbox 1711 4154 1801 4191; x_wconf 84' lang='lat' dir='ltr'><strong>ex-</strong></span> 
     </span>
    </p>
   </div>
   <div class='ocr_carea' id='block_1_74' title="bbox 240 4214 1800 4294">
    <p class='ocr_par' dir='ltr' id='par_1_74' title="bbox 240 4214 1800 4294">
     <span class='ocr_line' id='line_1_74' title="bbox 240 4214 1800 4294; baseline 0.012 -30"><span class='ocrx_word' id='word_1_527' title='bbox 240 4214 633 4281; x_wconf 85' lang='lat' dir='ltr'><strong>pertissimum,</strong></span> <span class='ocrx_word' id='word_1_528' title='bbox 668 4230 723 4274; x_wconf 91' lang='lat' dir='ltr'><strong>et</strong></span> <span class='ocrx_word' id='word_1_529' title='bbox 756 4222 1088 4277; x_wconf 90' lang='lat' dir='ltr'><strong>admirandis</strong></span> <span class='ocrx_word' id='word_1_530' title='bbox 1118 4226 1319 4294; x_wconf 80' lang='lat' dir='ltr'><strong>gratiae</strong></span> <span class='ocrx_word' id='word_1_531' title='bbox 1347 4225 1559 4279; x_wconf 89' lang='lat' dir='ltr'><strong>divinae</strong></span> <span class='ocrx_word' id='word_1_532' title='bbox 1584 4228 1800 4283; x_wconf 87' lang='lat' dir='ltr'><strong>dotibus</strong></span> 
     </span>
    </p>
   </div>
   <div class='ocr_carea' id='block_1_75' title="bbox 241 4307 1799 4384">
    <p class='ocr_par' dir='ltr' id='par_1_75' title="bbox 241 4307 1799 4384">
     <span class='ocr_line' id='line_1_75' title="bbox 241 4307 1799 4384; baseline 0.012 -28"><span class='ocrx_word' id='word_1_533' title='bbox 241 4307 518 4361; x_wconf 90' lang='lat' dir='ltr'><strong>cumulate</strong></span> <span class='ocrx_word' id='word_1_534' title='bbox 552 4322 908 4378; x_wconf 76' lang='lat' dir='ltr'><strong>exornatum;</strong></span> <span class='ocrx_word' id='word_1_535' title='bbox 960 4315 1148 4382; x_wconf 88' lang='lat' dir='ltr'><strong>quales</strong></span> <span class='ocrx_word' id='word_1_536' title='bbox 1200 4319 1289 4384; x_wconf 92' lang='lat' dir='ltr'><strong>qui</strong></span> <span class='ocrx_word' id='word_1_537' title='bbox 1339 4326 1484 4381; x_wconf 94' lang='lat' dir='ltr'><strong>sunt,</strong></span> <span class='ocrx_word' id='word_1_538' title='bbox 1542 4319 1615 4371; x_wconf 91' lang='lat' dir='ltr'><strong>illi</strong></span> <span class='ocrx_word' id='word_1_539' title='bbox 1674 4337 1799 4374; x_wconf 86' lang='lat' dir='ltr'><strong>vero</strong></span> 
     </span>
    </p>
   </div>
   <div class='ocr_carea' id='block_1_76' title="bbox 242 4398 1799 4478">
    <p class='ocr_par' dir='ltr' id='par_1_76' title="bbox 242 4398 1799 4478">
     <span class='ocr_line' id='line_1_76' title="bbox 242 4398 1799 4478; baseline 0.011 -30"><span class='ocrx_word' id='word_1_540' title='bbox 242 4398 479 4452; x_wconf 74' lang='lat' dir='ltr'><strong>maxime</strong></span> <span class='ocrx_word' id='word_1_541' title='bbox 507 4402 749 4456; x_wconf 90' lang='lat' dir='ltr'><strong>omnium</strong></span> <span class='ocrx_word' id='word_1_542' title='bbox 782 4406 1020 4459; x_wconf 81' lang='lat' dir='ltr'><strong>existunt</strong></span> <span class='ocrx_word' id='word_1_543' title='bbox 1051 4407 1251 4470; x_wconf 90' lang='lat' dir='ltr'><strong>idonei,</strong></span> <span class='ocrx_word' id='word_1_544' title='bbox 1288 4410 1401 4477; x_wconf 92' lang='lat' dir='ltr'><strong>qui,</strong></span> <span class='ocrx_word' id='word_1_545' title='bbox 1435 4426 1539 4478; x_wconf 90' lang='lat' dir='ltr'><strong>qua</strong></span> <span class='ocrx_word' id='word_1_546' title='bbox 1568 4412 1687 4465; x_wconf 88' lang='lat' dir='ltr'><strong>luce</strong></span> <span class='ocrx_word' id='word_1_547' title='bbox 1720 4413 1799 4465; x_wconf 91' lang='lat' dir='ltr'><strong>di-</strong></span> 
     </span>
    </p>
   </div>
   <div class='ocr_carea' id='block_1_77' title="bbox 239 4488 1796 4571">
    <p class='ocr_par' dir='ltr' id='par_1_77' title="bbox 239 4488 1796 4571">
     <span class='ocr_line' id='line_1_77' title="bbox 239 4488 1796 4571; baseline 0.011 -33"><span class='ocrx_word' id='word_1_548' title='bbox 239 4488 365 4540; x_wconf 91' lang='lat' dir='ltr'><strong>vina</strong></span> <span class='ocrx_word' id='word_1_549' title='bbox 399 4488 758 4556; x_wconf 88' lang='lat' dir='ltr'><strong>illustrantur,</strong></span> <span class='ocrx_word' id='word_1_550' title='bbox 812 4495 943 4549; x_wconf 89' lang='lat' dir='ltr'><strong>alios</strong></span> <span class='ocrx_word' id='word_1_551' title='bbox 986 4498 1328 4563; x_wconf 85' lang='lat' dir='ltr'><strong>perfundant.</strong></span> <span class='ocrx_word' id='word_1_552' title='bbox 1390 4499 1444 4552; x_wconf 91' lang='lat' dir='ltr'><strong>Si</strong></span> <span class='ocrx_word' id='word_1_553' title='bbox 1501 4501 1621 4568; x_wconf 91' lang='lat' dir='ltr'><strong>quis</strong></span> <span class='ocrx_word' id='word_1_554' title='bbox 1669 4518 1796 4571; x_wconf 88' lang='lat' dir='ltr'><strong>ergo</strong></span> 
     </span>
    </p>
   </div>
   <div class='ocr_carea' id='block_1_78' title="bbox 237 4579 1795 4653">
    <p class='ocr_par' dir='ltr' id='par_1_78' title="bbox 237 4579 1795 4653">
     <span class='ocr_line' id='line_1_78' title="bbox 237 4579 1795 4653; baseline 0.009 -22"><span class='ocrx_word' id='word_1_555' title='bbox 237 4589 341 4640; x_wconf 90' lang='lat' dir='ltr'><strong>est,</strong></span> <span class='ocrx_word' id='word_1_556' title='bbox 377 4579 491 4648; x_wconf 92' lang='lat' dir='ltr'><strong>qui,</strong></span> <span class='ocrx_word' id='word_1_557' title='bbox 518 4582 714 4637; x_wconf 90' lang='lat' dir='ltr'><strong>nucleo</strong></span> <span class='ocrx_word' id='word_1_558' title='bbox 738 4584 959 4653; x_wconf 89' lang='lat' dir='ltr'><strong>insuper</strong></span> <span class='ocrx_word' id='word_1_559' title='bbox 990 4586 1194 4651; x_wconf 91' lang='lat' dir='ltr'><strong>habito,</strong></span> <span class='ocrx_word' id='word_1_560' title='bbox 1224 4596 1446 4643; x_wconf 80' lang='lat' dir='ltr'><strong>externo</strong></span> <span class='ocrx_word' id='word_1_561' title='bbox 1477 4592 1677 4645; x_wconf 91' lang='lat' dir='ltr'><strong>cortice</strong></span> <span class='ocrx_word' id='word_1_562' title='bbox 1702 4592 1795 4645; x_wconf 87' lang='lat' dir='ltr'><strong>de-</strong></span> 
     </span>
    </p>
   </div>
   <div class='ocr_carea' id='block_1_79' title="bbox 237 4669 1799 4745">
    <p class='ocr_par' dir='ltr' id='par_1_79' title="bbox 237 4669 1799 4745">
     <span class='ocr_line' id='line_1_79' title="bbox 237 4669 1799 4745; baseline 0.01 -23"><span class='ocrx_word' id='word_1_563' title='bbox 237 4669 495 4735; x_wconf 89' lang='lat' dir='ltr'><strong>lectatur,</strong></span> <span class='ocrx_word' id='word_1_564' title='bbox 558 4674 651 4741; x_wconf 89' lang='lat' dir='ltr'><strong>qui</strong></span> <span class='ocrx_word' id='word_1_565' title='bbox 709 4676 998 4729; x_wconf 87' lang='lat' dir='ltr'><strong>verborum</strong></span> <span class='ocrx_word' id='word_1_566' title='bbox 1059 4678 1297 4733; x_wconf 84' lang='lat' dir='ltr'><strong>ﬂosculis</strong></span> <span class='ocrx_word' id='word_1_567' title='bbox 1337 4681 1576 4745; x_wconf 90' lang='lat' dir='ltr'><strong>ducitur,</strong></span> <span class='ocrx_word' id='word_1_568' title='bbox 1636 4682 1799 4737; x_wconf 89' lang='lat' dir='ltr'><strong>rebus</strong></span> 
     </span>
    </p>
   </div>
   <div class='ocr_carea' id='block_1_80' title="bbox 238 4763 1796 4833">
    <p class='ocr_par' dir='ltr' id='par_1_80' title="bbox 238 4763 1796 4833">
     <span class='ocr_line' id='line_1_80' title="bbox 238 4763 1796 4833; baseline 0.007 -18"><span class='ocrx_word' id='word_1_569' title='bbox 238 4763 587 4831; x_wconf 87' lang='lat' dir='ltr'><strong>contemptis,</strong></span> <span class='ocrx_word' id='word_1_570' title='bbox 622 4766 711 4833; x_wconf 91' lang='lat' dir='ltr'><strong>qui</strong></span> <span class='ocrx_word' id='word_1_571' title='bbox 741 4776 917 4821; x_wconf 87' lang='lat' dir='ltr'><strong>mente</strong></span> <span class='ocrx_word' id='word_1_572' title='bbox 944 4779 1124 4823; x_wconf 89' lang='lat' dir='ltr'><strong>terrae</strong></span> <span class='ocrx_word' id='word_1_573' title='bbox 1146 4770 1299 4824; x_wconf 76' lang='lat' dir='ltr'><strong>atlixa</strong></span> <span class='ocrx_word' id='word_1_574' title='bbox 1330 4773 1582 4826; x_wconf 90' lang='lat' dir='ltr'><strong>coelestia</strong></span> <span class='ocrx_word' id='word_1_575' title='bbox 1607 4774 1660 4826; x_wconf 93' lang='lat' dir='ltr'><strong>in</strong></span> <span class='ocrx_word' id='word_1_576' title='bbox 1694 4776 1796 4826; x_wconf 88' lang='lat' dir='ltr'><strong>mi-</strong></span> 
     </span>
    </p>
   </div>
   <div class='ocr_carea' id='block_1_81' title="bbox 235 4854 1795 4931">
    <p class='ocr_par' dir='ltr' id='par_1_81' title="bbox 235 4854 1795 4931">
     <span class='ocr_line' id='line_1_81' title="bbox 235 4854 1795 4931; baseline 0.009 -26"><span class='ocrx_word' id='word_1_577' title='bbox 235 4854 404 4907; x_wconf 90' lang='lat' dir='ltr'><strong>nimis</strong></span> <span class='ocrx_word' id='word_1_578' title='bbox 437 4855 617 4919; x_wconf 90' lang='lat' dir='ltr'><strong>habet,</strong></span> <span class='ocrx_word' id='word_1_579' title='bbox 647 4858 733 4911; x_wconf 91' lang='lat' dir='ltr'>cui</span> <span class='ocrx_word' id='word_1_580' title='bbox 768 4874 1022 4913; x_wconf 90' lang='lat' dir='ltr'><strong>nauseam</strong></span> <span class='ocrx_word' id='word_1_581' title='bbox 1055 4870 1222 4924; x_wconf 84' lang='lat' dir='ltr'><strong>creat,</strong></span> <span class='ocrx_word' id='word_1_582' title='bbox 1249 4862 1511 4931; x_wconf 88' lang='lat' dir='ltr'><strong>quidquid</strong></span> <span class='ocrx_word' id='word_1_583' title='bbox 1542 4865 1607 4918; x_wconf 91' lang='lat' dir='ltr'><strong>de</strong></span> <span class='ocrx_word' id='word_1_584' title='bbox 1635 4881 1795 4919; x_wconf 90' lang='lat' dir='ltr'><strong>carne</strong></span> 
     </span>
    </p>
   </div>
   <div class='ocr_carea' id='block_1_82' title="bbox 236 4944 1793 5018">
    <p class='ocr_par' dir='ltr' id='par_1_82' title="bbox 236 4944 1793 5018">
     <span class='ocr_line' id='line_1_82' title="bbox 236 4944 1793 5018; baseline 0.008 -22"><span class='ocrx_word' id='word_1_585' title='bbox 236 4945 389 4997; x_wconf 91' lang='lat' dir='ltr'><strong>cruci</strong></span> <span class='ocrx_word' id='word_1_586' title='bbox 415 4944 715 5015; x_wconf 83' lang='lat' dir='ltr'><strong>deligenda,</strong></span> <span class='ocrx_word' id='word_1_587' title='bbox 741 4957 796 5000; x_wconf 90' lang='lat' dir='ltr'><strong>et</strong></span> <span class='ocrx_word' id='word_1_588' title='bbox 842 4948 907 5002; x_wconf 90' lang='lat' dir='ltr'><strong>de</strong></span> <span class='ocrx_word' id='word_1_589' title='bbox 958 4960 1216 5018; x_wconf 87' lang='lat' dir='ltr'><strong>perpetua</strong></span> <span class='ocrx_word' id='word_1_590' title='bbox 1267 4952 1463 5005; x_wconf 90' lang='lat' dir='ltr'><strong>mentis</strong></span> <span class='ocrx_word' id='word_1_591' title='bbox 1517 4953 1583 5006; x_wconf 91' lang='lat' dir='ltr'><strong>ad</strong></span> <span class='ocrx_word' id='word_1_592' title='bbox 1626 4955 1793 5007; x_wconf 90' lang='lat' dir='ltr'><strong>Deum</strong></span> 
     </span>
    </p>
   </div>
   <div class='ocr_carea' id='block_1_83' title="bbox 233 5037 1793 5113">
    <p class='ocr_par' dir='ltr' id='par_1_83' title="bbox 233 5037 1793 5113">
     <span class='ocr_line' id='line_1_83' title="bbox 233 5037 1793 5113; baseline 0.006 -23"><span class='ocrx_word' id='word_1_593' title='bbox 233 5037 538 5091; x_wconf 89' lang='lat' dir='ltr'><strong>clevatione</strong></span> <span class='ocrx_word' id='word_1_594' title='bbox 580 5038 797 5102; x_wconf 89' lang='lat' dir='ltr'><strong>dicitur,</strong></span> <span class='ocrx_word' id='word_1_595' title='bbox 846 5049 901 5094; x_wconf 91' lang='lat' dir='ltr'><strong>et</strong></span> <span class='ocrx_word' id='word_1_596' title='bbox 961 5042 1052 5109; x_wconf 90' lang='lat' dir='ltr'><strong>qui</strong></span> <span class='ocrx_word' id='word_1_597' title='bbox 1108 5042 1360 5111; x_wconf 89' lang='lat' dir='ltr'><strong>denique,</strong></span> <span class='ocrx_word' id='word_1_598' title='bbox 1412 5045 1673 5113; x_wconf 88' lang='lat' dir='ltr'><strong>quidquid</strong></span> <span class='ocrx_word' id='word_1_599' title='bbox 1728 5046 1793 5099; x_wconf 90' lang='lat' dir='ltr'><strong>ad</strong></span> 
     </span>
    </p>
   </div>
   <div class='ocr_carea' id='block_1_84' title="bbox 234 5126 1789 5200">
    <p class='ocr_par' dir='ltr' id='par_1_84' title="bbox 234 5126 1789 5200">
     <span class='ocr_line' id='line_1_84' title="bbox 234 5126 1789 5200; baseline 0.006 -23"><span class='ocrx_word' id='word_1_600' title='bbox 234 5141 421 5179; x_wconf 84' lang='lat' dir='ltr'><strong>veram</strong></span> <span class='ocrx_word' id='word_1_601' title='bbox 454 5126 789 5196; x_wconf 88' lang='lat' dir='ltr'><strong>solidamque</strong></span> <span class='ocrx_word' id='word_1_602' title='bbox 824 5144 947 5181; x_wconf 91' lang='lat' dir='ltr'><strong>cum</strong></span> <span class='ocrx_word' id='word_1_603' title='bbox 975 5130 1259 5185; x_wconf 88' lang='lat' dir='ltr'><strong>devotione</strong></span> <span class='ocrx_word' id='word_1_604' title='bbox 1290 5132 1542 5200; x_wconf 89' lang='lat' dir='ltr'><strong>pietatem</strong></span> <span class='ocrx_word' id='word_1_605' title='bbox 1577 5134 1789 5197; x_wconf 89' lang='lat' dir='ltr'><strong>attinet,</strong></span> 
     </span>
    </p>
   </div>
   <div class='ocr_carea' id='block_1_85' title="bbox 236 5219 1790 5295">
    <p class='ocr_par' dir='ltr' id='par_1_85' title="bbox 236 5219 1790 5295">
     <span class='ocr_line' id='line_1_85' title="bbox 236 5219 1790 5295; baseline 0.005 -22"><span class='ocrx_word' id='word_1_606' title='bbox 236 5219 292 5273; x_wconf 93' lang='lat' dir='ltr'><strong>in</strong></span> <span class='ocrx_word' id='word_1_607' title='bbox 327 5219 582 5272; x_wconf 82' lang='lat' dir='ltr'><strong>extremis</strong></span> <span class='ocrx_word' id='word_1_608' title='bbox 607 5231 798 5275; x_wconf 83' lang='lat' dir='ltr'><strong>curat:</strong></span> <span class='ocrx_word' id='word_1_609' title='bbox 832 5236 956 5275; x_wconf 89' lang='lat' dir='ltr'><strong>eum</strong></span> <span class='ocrx_word' id='word_1_610' title='bbox 990 5234 1197 5276; x_wconf 87' lang='lat' dir='ltr'><strong>certum</strong></span> <span class='ocrx_word' id='word_1_611' title='bbox 1232 5239 1349 5278; x_wconf 90' lang='lat' dir='ltr'><strong>esse</strong></span> <span class='ocrx_word' id='word_1_612' title='bbox 1374 5225 1552 5290; x_wconf 90' lang='lat' dir='ltr'><strong>iubeo,</strong></span> <span class='ocrx_word' id='word_1_613' title='bbox 1588 5242 1790 5295; x_wconf 91' lang='lat' dir='ltr'><strong>nequa-</strong></span> 
     </span>
    </p>
   </div>
   <div class='ocr_carea' id='block_1_86' title="bbox 237 5310 1787 5381">
    <p class='ocr_par' dir='ltr' id='par_1_86' title="bbox 237 5310 1787 5381">
     <span class='ocr_line' id='line_1_86' title="bbox 237 5310 1787 5381; baseline 0.006 -20"><span class='ocrx_word' id='word_1_614' title='bbox 237 5325 399 5377; x_wconf 89' lang='lat' dir='ltr'><strong>quam</strong></span> <span class='ocrx_word' id='word_1_615' title='bbox 427 5324 505 5371; x_wconf 90' lang='lat' dir='ltr'><strong>se,</strong></span> <span class='ocrx_word' id='word_1_616' title='bbox 534 5310 677 5379; x_wconf 92' lang='lat' dir='ltr'><strong>quod</strong></span> <span class='ocrx_word' id='word_1_617' title='bbox 716 5311 901 5365; x_wconf 88' lang='lat' dir='ltr'><strong>iuvare</strong></span> <span class='ocrx_word' id='word_1_618' title='bbox 934 5312 1052 5365; x_wconf 91' lang='lat' dir='ltr'><strong>eius</strong></span> <span class='ocrx_word' id='word_1_619' title='bbox 1078 5314 1248 5381; x_wconf 90' lang='lat' dir='ltr'><strong>possit</strong></span> <span class='ocrx_word' id='word_1_620' title='bbox 1278 5314 1538 5379; x_wconf 88' lang='lat' dir='ltr'><strong>animum,</strong></span> <span class='ocrx_word' id='word_1_621' title='bbox 1590 5316 1678 5370; x_wconf 92' lang='lat' dir='ltr'><strong>hic</strong></span> <span class='ocrx_word' id='word_1_622' title='bbox 1702 5333 1787 5372; x_wconf 89' lang='lat' dir='ltr'><strong>re-</strong></span> 
     </span>
    </p>
   </div>
   <div class='ocr_carea' id='block_1_87' title="bbox 236 5403 1789 5477">
    <p class='ocr_par' dir='ltr' id='par_1_87' title="bbox 236 5403 1789 5477">
     <span class='ocr_line' id='line_1_87' title="bbox 236 5403 1789 5477; baseline 0.007 -25"><span class='ocrx_word' id='word_1_623' title='bbox 236 5410 521 5469; x_wconf 86' lang='lat' dir='ltr'><strong>perturum</strong></span> <span class='ocrx_word' id='word_1_624' title='bbox 548 5416 684 5455; x_wconf 89' lang='lat' dir='ltr'><strong>esse.</strong></span> <span class='ocrx_word' id='word_1_625' title='bbox 718 5403 850 5455; x_wconf 86' lang='lat' dir='ltr'><strong>Nam</strong></span> <span class='ocrx_word' id='word_1_626' title='bbox 882 5404 975 5471; x_wconf 91' lang='lat' dir='ltr'><strong>qui</strong></span> <span class='ocrx_word' id='word_1_627' title='bbox 1008 5406 1108 5459; x_wconf 91' lang='lat' dir='ltr'><strong>hac</strong></span> <span class='ocrx_word' id='word_1_628' title='bbox 1146 5416 1324 5460; x_wconf 93' lang='lat' dir='ltr'><strong>mente</strong></span> <span class='ocrx_word' id='word_1_629' title='bbox 1347 5424 1455 5462; x_wconf 90' lang='lat' dir='ltr'><strong>non</strong></span> <span class='ocrx_word' id='word_1_630' title='bbox 1503 5416 1583 5462; x_wconf 91' lang='lat' dir='ltr'><strong>est</strong></span> <span class='ocrx_word' id='word_1_631' title='bbox 1629 5424 1789 5477; x_wconf 88' lang='lat' dir='ltr'><strong>prae-</strong></span> 
     </span>
    </p>
   </div>
   <div class='ocr_carea' id='block_1_88' title="bbox 237 5490 1791 5563">
    <p class='ocr_par' dir='ltr' id='par_1_88' title="bbox 237 5490 1791 5563">
     <span class='ocr_line' id='line_1_88' title="bbox 237 5490 1791 5563; baseline 0.007 -21"><span class='ocrx_word' id='word_1_632' title='bbox 237 5490 405 5553; x_wconf 89' lang='lat' dir='ltr'><strong>ditus,</strong></span> <span class='ocrx_word' id='word_1_633' title='bbox 440 5497 501 5542; x_wconf 91' lang='lat' dir='ltr'><strong>ut</strong></span> <span class='ocrx_word' id='word_1_634' title='bbox 529 5491 853 5559; x_wconf 87' lang='lat' dir='ltr'><strong>posthabitis</strong></span> <span class='ocrx_word' id='word_1_635' title='bbox 882 5493 1047 5547; x_wconf 90' lang='lat' dir='ltr'><strong>rebus</strong></span> <span class='ocrx_word' id='word_1_636' title='bbox 1078 5495 1178 5547; x_wconf 93' lang='lat' dir='ltr'><strong>sub</strong></span> <span class='ocrx_word' id='word_1_637' title='bbox 1234 5496 1545 5563; x_wconf 88' lang='lat' dir='ltr'><strong>adspeetum</strong></span> <span class='ocrx_word' id='word_1_638' title='bbox 1593 5498 1791 5553; x_wconf 88' lang='lat' dir='ltr'><strong>caden-</strong></span> 
     </span>
    </p>
   </div>
   <div class='ocr_carea' id='block_1_89' title="bbox 237 5583 1796 5655">
    <p class='ocr_par' dir='ltr' id='par_1_89' title="bbox 237 5583 1796 5655">
     <span class='ocr_line' id='line_1_89' title="bbox 237 5583 1796 5655; baseline 0.004 -19"><span class='ocrx_word' id='word_1_639' title='bbox 237 5585 405 5644; x_wconf 89' lang='lat' dir='ltr'><strong>tibus,</strong></span> <span class='ocrx_word' id='word_1_640' title='bbox 435 5583 659 5637; x_wconf 91' lang='lat' dir='ltr'><strong>immoto</strong></span> <span class='ocrx_word' id='word_1_641' title='bbox 695 5584 859 5638; x_wconf 88' lang='lat' dir='ltr'><strong>animi</strong></span> <span class='ocrx_word' id='word_1_642' title='bbox 905 5588 1180 5655; x_wconf 90' lang='lat' dir='ltr'><strong>proposito</strong></span> <span class='ocrx_word' id='word_1_643' title='bbox 1235 5588 1520 5642; x_wconf 89' lang='lat' dir='ltr'><strong>desideriis</strong></span> <span class='ocrx_word' id='word_1_644' title='bbox 1565 5590 1696 5653; x_wconf 90' lang='lat' dir='ltr'><strong>suis,</strong></span> <span class='ocrx_word' id='word_1_645' title='bbox 1741 5600 1796 5645; x_wconf 91' lang='lat' dir='ltr'><strong>et</strong></span> 
     </span>
    </p>
   </div>
   <div class='ocr_carea' id='block_1_90' title="bbox 238 5674 1794 5750">
    <p class='ocr_par' dir='ltr' id='par_1_90' title="bbox 238 5674 1794 5750">
     <span class='ocr_line' id='line_1_90' title="bbox 238 5674 1794 5750; baseline 0.006 -23"><span class='ocrx_word' id='word_1_646' title='bbox 238 5674 495 5727; x_wconf 90' lang='lat' dir='ltr'><strong>omnibus</strong></span> <span class='ocrx_word' id='word_1_647' title='bbox 542 5674 752 5728; x_wconf 90' lang='lat' dir='ltr'><strong>animae</strong></span> <span class='ocrx_word' id='word_1_648' title='bbox 796 5677 1001 5731; x_wconf 90' lang='lat' dir='ltr'><strong>viribus</strong></span> <span class='ocrx_word' id='word_1_649' title='bbox 1054 5678 1107 5730; x_wconf 94' lang='lat' dir='ltr'><strong>in</strong></span> <span class='ocrx_word' id='word_1_650' title='bbox 1154 5680 1453 5746; x_wconf 88' lang='lat' dir='ltr'><strong>spiritualia</strong></span> <span class='ocrx_word' id='word_1_651' title='bbox 1508 5681 1794 5750; x_wconf 91' lang='lat' dir='ltr'><strong>divinaque</strong></span> 
     </span>
    </p>
   </div>
   <div class='ocr_carea' id='block_1_91' title="bbox 244 5764 1792 5839">
    <p class='ocr_par' dir='ltr' id='par_1_91' title="bbox 244 5764 1792 5839">
     <span class='ocr_line' id='line_1_91' title="bbox 244 5764 1792 5839; baseline 0.006 -20"><span class='ocrx_word' id='word_1_652' title='bbox 244 5764 490 5833; x_wconf 82' lang='lat' dir='ltr'><strong>feratur;</strong></span> <span class='ocrx_word' id='word_1_653' title='bbox 515 5775 570 5820; x_wconf 92' lang='lat' dir='ltr'><strong>ct</strong></span> <span class='ocrx_word' id='word_1_654' title='bbox 595 5776 783 5824; x_wconf 89' lang='lat' dir='ltr'><strong>contra</strong></span> <span class='ocrx_word' id='word_1_655' title='bbox 816 5769 901 5823; x_wconf 81' lang='lat' dir='ltr'><strong>vel</strong></span> <span class='ocrx_word' id='word_1_656' title='bbox 926 5769 1127 5839; x_wconf 79' lang='lat' dir='ltr'><strong>gloriae</strong></span> <span class='ocrx_word' id='word_1_657' title='bbox 1155 5772 1345 5826; x_wconf 83' lang='lat' dir='ltr'><strong>saltem</strong></span> <span class='ocrx_word' id='word_1_658' title='bbox 1374 5788 1501 5828; x_wconf 84' lang='lat' dir='ltr'><strong>suae</strong></span> <span class='ocrx_word' id='word_1_659' title='bbox 1548 5773 1792 5836; x_wconf 85' lang='lat' dir='ltr'><strong>inservit,</strong></span> 
     </span>
    </p>
   </div>
   <div class='ocr_carea' id='block_1_92' title="bbox 1899 3314 3450 3391">
    <p class='ocr_par' dir='ltr' id='par_1_92' title="bbox 1899 3314 3450 3391">
     <span class='ocr_line' id='line_1_92' title="bbox 1899 3314 3450 3391; baseline -0.008 -14"><span class='ocrx_word' id='word_1_660' title='bbox 1899 3324 2146 3377; x_wconf 88' lang='lat' dir='ltr'><strong>homines</strong></span> <span class='ocrx_word' id='word_1_661' title='bbox 2167 3322 2388 3391; x_wconf 84' lang='lat' dir='ltr'><strong>profuso</strong></span> <span class='ocrx_word' id='word_1_662' title='bbox 2414 3320 2674 3389; x_wconf 89' lang='lat' dir='ltr'><strong>sanguine</strong></span> <span class='ocrx_word' id='word_1_663' title='bbox 2706 3320 2970 3388; x_wconf 81' lang='lat' dir='ltr'><strong>expiasse,</strong></span> <span class='ocrx_word' id='word_1_664' title='bbox 3000 3326 3053 3372; x_wconf 88' lang='lat' dir='ltr'><strong>et</strong></span> <span class='ocrx_word' id='word_1_665' title='bbox 3102 3318 3157 3369; x_wconf 90' lang='lat' dir='ltr'><strong>in</strong></span> <span class='ocrx_word' id='word_1_666' title='bbox 3208 3314 3450 3369; x_wconf 89' lang='lat' dir='ltr'><strong>omnium</strong></span> 
     </span>
    </p>
   </div>
   <div class='ocr_carea' id='block_1_93' title="bbox 1900 3404 3451 3471">
    <p class='ocr_par' dir='ltr' id='par_1_93' title="bbox 1900 3404 3451 3471">
     <span class='ocr_line' id='line_1_93' title="bbox 1900 3404 3451 3471; baseline -0.006 -5"><span class='ocrx_word' id='word_1_667' title='bbox 1900 3415 2126 3467; x_wconf 86' lang='lat' dir='ltr'><strong>salutem</strong></span> <span class='ocrx_word' id='word_1_668' title='bbox 2174 3412 2452 3465; x_wconf 83' lang='lat' dir='ltr'><strong>hominum</strong></span> <span class='ocrx_word' id='word_1_669' title='bbox 2503 3411 2728 3463; x_wconf 87' lang='lat' dir='ltr'><strong>solerter</strong></span> <span class='ocrx_word' id='word_1_670' title='bbox 2778 3408 3108 3461; x_wconf 86' lang='lat' dir='ltr'><strong>incumbere.</strong></span> <span class='ocrx_word' id='word_1_671' title='bbox 3150 3404 3303 3471; x_wconf 89' lang='lat' dir='ltr'><strong>Quod</strong></span> <span class='ocrx_word' id='word_1_672' title='bbox 3343 3414 3451 3459; x_wconf 89' lang='lat' dir='ltr'><strong>tam</strong></span> 
     </span>
    </p>
   </div>
   <div class='ocr_carea' id='block_1_94' title="bbox 1898 3496 3451 3570">
    <p class='ocr_par' dir='ltr' id='par_1_94' title="bbox 1898 3496 3451 3570">
     <span class='ocr_line' id='line_1_94' title="bbox 1898 3496 3451 3570; baseline -0.005 -14"><span class='ocrx_word' id='word_1_673' title='bbox 1898 3502 2226 3570; x_wconf 83' lang='lat' dir='ltr'><strong>frequenter,</strong></span> <span class='ocrx_word' id='word_1_674' title='bbox 2260 3512 2473 3568; x_wconf 85' lang='lat' dir='ltr'><strong>tamque</strong></span> <span class='ocrx_word' id='word_1_675' title='bbox 2505 3499 2739 3552; x_wconf 91' lang='lat' dir='ltr'><strong>dilucide</strong></span> <span class='ocrx_word' id='word_1_676' title='bbox 2784 3498 3015 3552; x_wconf 87' lang='lat' dir='ltr'><strong>inculcat</strong></span> <span class='ocrx_word' id='word_1_677' title='bbox 3064 3496 3345 3560; x_wconf 85' lang='lat' dir='ltr'><strong>Macarius,</strong></span> <span class='ocrx_word' id='word_1_678' title='bbox 3390 3507 3451 3549; x_wconf 89' lang='lat' dir='ltr'>ut</span> 
     </span>
    </p>
   </div>
   <div class='ocr_carea' id='block_1_95' title="bbox 1900 3586 3453 3655">
    <p class='ocr_par' dir='ltr' id='par_1_95' title="bbox 1900 3586 3453 3655">
     <span class='ocr_line' id='line_1_95' title="bbox 1900 3586 3453 3655; baseline -0.003 -10"><span class='ocrx_word' id='word_1_679' title='bbox 1900 3594 1973 3647; x_wconf 90' lang='lat' dir='ltr'><strong>lo.</strong></span> <span class='ocrx_word' id='word_1_680' title='bbox 2002 3592 2311 3647; x_wconf 89' lang='lat' dir='ltr'><strong>Gcrhardus</strong></span> <span class='ocrx_word' id='word_1_681' title='bbox 2341 3592 2579 3653; x_wconf 74' lang='lat' dir='ltr'><strong>Vossius,</strong></span> <span class='ocrx_word' id='word_1_682' title='bbox 2604 3590 2688 3642; x_wconf 89' lang='lat' dir='ltr'><strong>vir</strong></span> <span class='ocrx_word' id='word_1_683' title='bbox 2717 3591 2769 3642; x_wconf 92' lang='lat' dir='ltr'><strong>in</strong></span> <span class='ocrx_word' id='word_1_684' title='bbox 2803 3588 3096 3642; x_wconf 82' lang='lat' dir='ltr'><strong>evolvenda</strong></span> <span class='ocrx_word' id='word_1_685' title='bbox 3131 3586 3453 3655; x_wconf 86' lang='lat' dir='ltr'><strong>antiquitate</strong></span> 
     </span>
    </p>
   </div>
   <div class='ocr_carea' id='block_1_96' title="bbox 1899 3677 3451 3751">
    <p class='ocr_par' dir='ltr' id='par_1_96' title="bbox 1899 3677 3451 3751">
     <span class='ocr_line' id='line_1_96' title="bbox 1899 3677 3451 3751; baseline -0.004 -16"><span class='ocrx_word' id='word_1_686' title='bbox 1899 3682 2360 3751; x_wconf 80' lang='lat' dir='ltr'><strong>diligentissimus,</strong></span> <span class='ocrx_word' id='word_1_687' title='bbox 2396 3681 2449 3733; x_wconf 92' lang='lat' dir='ltr'><strong>in</strong></span> <span class='ocrx_word' id='word_1_688' title='bbox 2484 3680 2796 3734; x_wconf 84' lang='lat' dir='ltr'><strong>doctissimo</strong></span> <span class='ocrx_word' id='word_1_689' title='bbox 2830 3679 3094 3733; x_wconf 81' lang='lat' dir='ltr'><strong>Historiae</strong></span> <span class='ocrx_word' id='word_1_690' title='bbox 3136 3677 3451 3747; x_wconf 85' lang='lat' dir='ltr'><strong>Pelagianae</strong></span> 
     </span>
    </p>
   </div>
   <div class='ocr_carea' id='block_1_97' title="bbox 1899 3767 3453 3841">
    <p class='ocr_par' dir='ltr' id='par_1_97' title="bbox 1899 3767 3453 3841">
     <span class='ocr_line' id='line_1_97' title="bbox 1899 3767 3453 3841; baseline -0.004 -17"><span class='ocrx_word' id='word_1_691' title='bbox 1899 3787 2080 3841; x_wconf 81' lang='lat' dir='ltr'><strong>Opere,</strong></span> <span class='ocrx_word' id='word_1_692' title='bbox 2109 3786 2231 3823; x_wconf 89' lang='lat' dir='ltr'><strong>cum</strong></span> <span class='ocrx_word' id='word_1_693' title='bbox 2252 3770 2305 3823; x_wconf 91' lang='lat' dir='ltr'>id</span> <span class='ocrx_word' id='word_1_694' title='bbox 2331 3770 2557 3838; x_wconf 84' lang='lat' dir='ltr'><strong>probare</strong></span> <span class='ocrx_word' id='word_1_695' title='bbox 2579 3769 2759 3833; x_wconf 88' lang='lat' dir='ltr'><strong>debet,</strong></span> <span class='ocrx_word' id='word_1_696' title='bbox 2788 3769 3075 3822; x_wconf 85' lang='lat' dir='ltr'><strong>Macarium</strong></span> <span class='ocrx_word' id='word_1_697' title='bbox 3096 3767 3153 3820; x_wconf 92' lang='lat' dir='ltr'><strong>in</strong></span> <span class='ocrx_word' id='word_1_698' title='bbox 3173 3767 3453 3821; x_wconf 89' lang='lat' dir='ltr'><strong>doctrinae</strong></span> 
     </span>
    </p>
   </div>
   <div class='ocr_carea' id='block_1_98' title="bbox 1901 3859 3449 3928">
    <p class='ocr_par' dir='ltr' id='par_1_98' title="bbox 1901 3859 3449 3928">
     <span class='ocr_line' id='line_1_98' title="bbox 1901 3859 3449 3928; baseline -0.001 -14"><span class='ocrx_word' id='word_1_699' title='bbox 1901 3872 2007 3917; x_wconf 88' lang='lat' dir='ltr'><strong>tam</strong></span> <span class='ocrx_word' id='word_1_700' title='bbox 2032 3863 2284 3915; x_wconf 88' lang='lat' dir='ltr'><strong>salutaris</strong></span> <span class='ocrx_word' id='word_1_701' title='bbox 2309 3869 2502 3915; x_wconf 84' lang='lat' dir='ltr'><strong>testem</strong></span> <span class='ocrx_word' id='word_1_702' title='bbox 2530 3861 2855 3914; x_wconf 89' lang='lat' dir='ltr'><strong>creberrime</strong></span> <span class='ocrx_word' id='word_1_703' title='bbox 2880 3861 3097 3915; x_wconf 78' lang='lat' dir='ltr'><strong>excitet.</strong></span> <span class='ocrx_word' id='word_1_704' title='bbox 3120 3859 3290 3925; x_wconf 87' lang='lat' dir='ltr'><strong>Quam</strong></span> <span class='ocrx_word' id='word_1_705' title='bbox 3321 3874 3449 3928; x_wconf 89' lang='lat' dir='ltr'><strong>por-</strong></span> 
     </span>
    </p>
   </div>
   <div class='ocr_carea' id='block_1_99' title="bbox 1900 3950 3453 4021">
    <p class='ocr_par' dir='ltr' id='par_1_99' title="bbox 1900 3950 3453 4021">
     <span class='ocr_line' id='line_1_99' title="bbox 1900 3950 3453 4021; baseline -0.001 -14"><span class='ocrx_word' id='word_1_706' title='bbox 1900 3970 1961 4007; x_wconf 92' lang='lat' dir='ltr'><strong>ro</strong></span> <span class='ocrx_word' id='word_1_707' title='bbox 2006 3955 2163 4007; x_wconf 90' lang='lat' dir='ltr'><strong>docet</strong></span> <span class='ocrx_word' id='word_1_708' title='bbox 2205 3953 2437 4021; x_wconf 84' lang='lat' dir='ltr'><strong>egregie,</strong></span> <span class='ocrx_word' id='word_1_709' title='bbox 2473 3952 2691 4020; x_wconf 89' lang='lat' dir='ltr'><strong>quantis</strong></span> <span class='ocrx_word' id='word_1_710' title='bbox 2739 3952 2949 4005; x_wconf 89' lang='lat' dir='ltr'><strong>insidiis</strong></span> <span class='ocrx_word' id='word_1_711' title='bbox 2997 3960 3207 4004; x_wconf 88' lang='lat' dir='ltr'><strong>satanas</strong></span> <span class='ocrx_word' id='word_1_712' title='bbox 3243 3950 3453 4005; x_wconf 87' lang='lat' dir='ltr'><strong>animas</strong></span> 
     </span>
    </p>
   </div>
   <div class='ocr_carea' id='block_1_100' title="bbox 1899 4041 3447 4113">
    <p class='ocr_par' dir='ltr' id='par_1_100' title="bbox 1899 4041 3447 4113">
     <span class='ocr_line' id='line_1_100' title="bbox 1899 4041 3447 4113; baseline -0.002 -17"><span class='ocrx_word' id='word_1_713' title='bbox 1899 4045 2179 4098; x_wconf 85' lang='lat' dir='ltr'><strong>hominum</strong></span> <span class='ocrx_word' id='word_1_714' title='bbox 2202 4043 2613 4107; x_wconf 88' lang='lat' dir='ltr'><strong>circumveniat,</strong></span> <span class='ocrx_word' id='word_1_715' title='bbox 2640 4061 2909 4113; x_wconf 90' lang='lat' dir='ltr'><strong>quamque</strong></span> <span class='ocrx_word' id='word_1_716' title='bbox 2940 4050 3251 4097; x_wconf 86' lang='lat' dir='ltr'><strong>constanter</strong></span> <span class='ocrx_word' id='word_1_717' title='bbox 3266 4041 3447 4094; x_wconf 88' lang='lat' dir='ltr'><strong>homi-</strong></span> 
     </span>
    </p>
   </div>
   <div class='ocr_carea' id='block_1_101' title="bbox 1899 4133 3451 4200">
    <p class='ocr_par' dir='ltr' id='par_1_101' title="bbox 1899 4133 3451 4200">
     <span class='ocr_line' id='line_1_101' title="bbox 1899 4133 3451 4200; baseline -0.003 -11"><span class='ocrx_word' id='word_1_718' title='bbox 1899 4152 2029 4189; x_wconf 87' lang='lat' dir='ltr'><strong>num</strong></span> <span class='ocrx_word' id='word_1_719' title='bbox 2061 4137 2287 4189; x_wconf 88' lang='lat' dir='ltr'><strong>salutern</strong></span> <span class='ocrx_word' id='word_1_720' title='bbox 2328 4144 2574 4189; x_wconf 84' lang='lat' dir='ltr'><strong>evertere</strong></span> <span class='ocrx_word' id='word_1_721' title='bbox 2623 4136 2855 4190; x_wconf 85' lang='lat' dir='ltr'><strong>studeat.</strong></span> <span class='ocrx_word' id='word_1_722' title='bbox 2899 4134 3107 4200; x_wconf 89' lang='lat' dir='ltr'><strong>Quanta</strong></span> <span class='ocrx_word' id='word_1_723' title='bbox 3152 4133 3451 4187; x_wconf 87' lang='lat' dir='ltr'><strong>certamina</strong></span> 
     </span>
    </p>
   </div>
   <div class='ocr_carea' id='block_1_102' title="bbox 1899 4223 3447 4295">
    <p class='ocr_par' dir='ltr' id='par_1_102' title="bbox 1899 4223 3447 4295">
     <span class='ocr_line' id='line_1_102' title="bbox 1899 4223 3447 4295; baseline -0.002 -17"><span class='ocrx_word' id='word_1_724' title='bbox 1899 4225 2103 4279; x_wconf 90' lang='lat' dir='ltr'><strong>homini</strong></span> <span class='ocrx_word' id='word_1_725' title='bbox 2166 4226 2393 4278; x_wconf 89' lang='lat' dir='ltr'><strong>salutem</strong></span> <span class='ocrx_word' id='word_1_726' title='bbox 2467 4226 2819 4295; x_wconf 90' lang='lat' dir='ltr'><strong>acquisituro,</strong></span> <span class='ocrx_word' id='word_1_727' title='bbox 2866 4240 3024 4293; x_wconf 87' lang='lat' dir='ltr'><strong>quam</strong></span> <span class='ocrx_word' id='word_1_728' title='bbox 3083 4223 3447 4288; x_wconf 87' lang='lat' dir='ltr'><strong>vehementia,</strong></span> 
     </span>
    </p>
   </div>
   <div class='ocr_carea' id='block_1_103' title="bbox 1898 4316 3447 4384">
    <p class='ocr_par' dir='ltr' id='par_1_103' title="bbox 1898 4316 3447 4384">
     <span class='ocr_line' id='line_1_103' title="bbox 1898 4316 3447 4384; baseline 0 -17"><span class='ocrx_word' id='word_1_729' title='bbox 1898 4332 2165 4384; x_wconf 88' lang='lat' dir='ltr'><strong>quamque</strong></span> <span class='ocrx_word' id='word_1_730' title='bbox 2199 4316 2434 4370; x_wconf 79' lang='lat' dir='ltr'><strong>dillicilia</strong></span> <span class='ocrx_word' id='word_1_731' title='bbox 2457 4332 2554 4384; x_wconf 88' lang='lat' dir='ltr'><strong>per</strong></span> <span class='ocrx_word' id='word_1_732' title='bbox 2585 4332 2743 4370; x_wconf 90' lang='lat' dir='ltr'><strong>omne</strong></span> <span class='ocrx_word' id='word_1_733' title='bbox 2784 4316 2923 4369; x_wconf 80' lang='lat' dir='ltr'><strong>vitae</strong></span> <span class='ocrx_word' id='word_1_734' title='bbox 2960 4326 3169 4384; x_wconf 88' lang='lat' dir='ltr'><strong>tempus</strong></span> <span class='ocrx_word' id='word_1_735' title='bbox 3195 4316 3303 4369; x_wconf 90' lang='lat' dir='ltr'><strong>sint</strong></span> <span class='ocrx_word' id='word_1_736' title='bbox 3325 4329 3447 4368; x_wconf 82' lang='lat' dir='ltr'><strong>sus-</strong></span> 
     </span>
    </p>
   </div>
   <div class='ocr_carea' id='block_1_104' title="bbox 1899 4405 3449 4473">
    <p class='ocr_par' dir='ltr' id='par_1_104' title="bbox 1899 4405 3449 4473">
     <span class='ocr_line' id='line_1_104' title="bbox 1899 4405 3449 4473; baseline -0.002 -13"><span class='ocrx_word' id='word_1_737' title='bbox 1899 4406 2163 4460; x_wconf 89' lang='lat' dir='ltr'><strong>stinenda.</strong></span> <span class='ocrx_word' id='word_1_738' title='bbox 2189 4406 2397 4471; x_wconf 84' lang='lat' dir='ltr'><strong>Quanta</strong></span> <span class='ocrx_word' id='word_1_739' title='bbox 2421 4422 2544 4460; x_wconf 90' lang='lat' dir='ltr'><strong>cum</strong></span> <span class='ocrx_word' id='word_1_740' title='bbox 2577 4407 2861 4461; x_wconf 91' lang='lat' dir='ltr'><strong>devotione</strong></span> <span class='ocrx_word' id='word_1_741' title='bbox 2904 4417 2957 4459; x_wconf 91' lang='lat' dir='ltr'><strong>et</strong></span> <span class='ocrx_word' id='word_1_742' title='bbox 2997 4422 3156 4473; x_wconf 89' lang='lat' dir='ltr'><strong>quam</strong></span> <span class='ocrx_word' id='word_1_743' title='bbox 3192 4405 3449 4463; x_wconf 87' lang='lat' dir='ltr'><strong>ardenter</strong></span> 
     </span>
    </p>
   </div>
   <div class='ocr_carea' id='block_1_105' title="bbox 1900 4494 3449 4564">
    <p class='ocr_par' dir='ltr' id='par_1_105' title="bbox 1900 4494 3449 4564">
     <span class='ocr_line' id='line_1_105' title="bbox 1900 4494 3449 4564; baseline -0.001 -15"><span class='ocrx_word' id='word_1_744' title='bbox 1900 4510 2111 4564; x_wconf 89' lang='lat' dir='ltr'><strong>semper</strong></span> <span class='ocrx_word' id='word_1_745' title='bbox 2140 4511 2328 4563; x_wconf 89' lang='lat' dir='ltr'><strong>preces</strong></span> <span class='ocrx_word' id='word_1_746' title='bbox 2357 4496 2423 4549; x_wconf 91' lang='lat' dir='ltr'><strong>ad</strong></span> <span class='ocrx_word' id='word_1_747' title='bbox 2451 4497 2617 4549; x_wconf 92' lang='lat' dir='ltr'><strong>Deum</strong></span> <span class='ocrx_word' id='word_1_748' title='bbox 2643 4497 2751 4549; x_wconf 92' lang='lat' dir='ltr'><strong>sint</strong></span> <span class='ocrx_word' id='word_1_749' title='bbox 2778 4495 3099 4549; x_wconf 82' lang='lat' dir='ltr'><strong>fundendae.</strong></span> <span class='ocrx_word' id='word_1_750' title='bbox 3124 4494 3295 4560; x_wconf 80' lang='lat' dir='ltr'><strong>Quam</strong></span> <span class='ocrx_word' id='word_1_751' title='bbox 3326 4494 3449 4547; x_wconf 83' lang='lat' dir='ltr'><strong>dili-</strong></span> 
     </span>
    </p>
   </div>
   <div class='ocr_carea' id='block_1_106' title="bbox 1899 4584 3449 4654">
    <p class='ocr_par' dir='ltr' id='par_1_106' title="bbox 1899 4584 3449 4654">
     <span class='ocr_line' id='line_1_106' title="bbox 1899 4584 3449 4654; baseline 0.001 -17"><span class='ocrx_word' id='word_1_752' title='bbox 1899 4595 2086 4653; x_wconf 86' lang='lat' dir='ltr'><strong>genter</strong></span> <span class='ocrx_word' id='word_1_753' title='bbox 2108 4584 2175 4638; x_wconf 90' lang='lat' dir='ltr'><strong>ad</strong></span> <span class='ocrx_word' id='word_1_754' title='bbox 2202 4602 2289 4639; x_wconf 89' lang='lat' dir='ltr'><strong>res</strong></span> <span class='ocrx_word' id='word_1_755' title='bbox 2316 4585 2527 4639; x_wconf 90' lang='lat' dir='ltr'><strong>divinas</strong></span> <span class='ocrx_word' id='word_1_756' title='bbox 2572 4601 2760 4640; x_wconf 87' lang='lat' dir='ltr'><strong>omnes</strong></span> <span class='ocrx_word' id='word_1_757' title='bbox 2785 4587 2950 4639; x_wconf 89' lang='lat' dir='ltr'><strong>animi</strong></span> <span class='ocrx_word' id='word_1_758' title='bbox 2986 4586 3312 4654; x_wconf 87' lang='lat' dir='ltr'><strong>cupiditates</strong></span> <span class='ocrx_word' id='word_1_759' title='bbox 3337 4585 3449 4638; x_wconf 90' lang='lat' dir='ltr'><strong>sint</strong></span> 
     </span>
    </p>
   </div>
   <div class='ocr_carea' id='block_1_107' title="bbox 1895 4673 3445 4744">
    <p class='ocr_par' dir='ltr' id='par_1_107' title="bbox 1895 4673 3445 4744">
     <span class='ocr_line' id='line_1_107' title="bbox 1895 4673 3445 4744; baseline 0.005 -19"><span class='ocrx_word' id='word_1_760' title='bbox 1895 4673 2211 4742; x_wconf 90' lang='lat' dir='ltr'><strong>alligandae.</strong></span> <span class='ocrx_word' id='word_1_761' title='bbox 2234 4674 2300 4727; x_wconf 87' lang='lat' dir='ltr'><strong>Et</strong></span> <span class='ocrx_word' id='word_1_762' title='bbox 2325 4674 2576 4742; x_wconf 91' lang='lat' dir='ltr'><strong>denique,</strong></span> <span class='ocrx_word' id='word_1_763' title='bbox 2610 4684 2666 4728; x_wconf 91' lang='lat' dir='ltr'><strong>ut</strong></span> <span class='ocrx_word' id='word_1_764' title='bbox 2697 4676 2934 4729; x_wconf 86' lang='lat' dir='ltr'><strong>breviter</strong></span> <span class='ocrx_word' id='word_1_765' title='bbox 2957 4676 3283 4744; x_wconf 87' lang='lat' dir='ltr'><strong>complectar</strong></span> <span class='ocrx_word' id='word_1_766' title='bbox 3324 4690 3445 4732; x_wconf 84' lang='lat' dir='ltr'><strong>om-</strong></span> 
     </span>
    </p>
   </div>
   <div class='ocr_carea' id='block_1_108' title="bbox 1895 4762 3446 4835">
    <p class='ocr_par' dir='ltr' id='par_1_108' title="bbox 1895 4762 3446 4835">
     <span class='ocr_line' id='line_1_108' title="bbox 1895 4762 3446 4835; baseline 0.003 -21"><span class='ocrx_word' id='word_1_767' title='bbox 1895 4762 2004 4825; x_wconf 91' lang='lat' dir='ltr'><strong>nia,</strong></span> <span class='ocrx_word' id='word_1_768' title='bbox 2029 4763 2160 4830; x_wconf 91' lang='lat' dir='ltr'><strong>quid</strong></span> <span class='ocrx_word' id='word_1_769' title='bbox 2186 4772 2378 4815; x_wconf 83' lang='lat' dir='ltr'><strong>natura</strong></span> <span class='ocrx_word' id='word_1_770' title='bbox 2411 4764 2480 4816; x_wconf 90' lang='lat' dir='ltr'><strong>sit</strong></span> <span class='ocrx_word' id='word_1_771' title='bbox 2507 4772 2561 4816; x_wconf 88' lang='lat' dir='ltr'><strong>et</strong></span> <span class='ocrx_word' id='word_1_772' title='bbox 2585 4765 2774 4832; x_wconf 87' lang='lat' dir='ltr'><strong>gratia,</strong></span> <span class='ocrx_word' id='word_1_773' title='bbox 2807 4765 3006 4833; x_wconf 87' lang='lat' dir='ltr'><strong>quibus</strong></span> <span class='ocrx_word' id='word_1_774' title='bbox 3030 4766 3198 4833; x_wconf 86' lang='lat' dir='ltr'><strong>signis</strong></span> <span class='ocrx_word' id='word_1_775' title='bbox 3213 4776 3446 4835; x_wconf 78' lang='lat' dir='ltr'><strong>utraque</strong></span> 
     </span>
    </p>
   </div>
   <div class='ocr_carea' id='block_1_109' title="bbox 1894 4854 3444 4923">
    <p class='ocr_par' dir='ltr' id='par_1_109' title="bbox 1894 4854 3444 4923">
     <span class='ocr_line' id='line_1_109' title="bbox 1894 4854 3444 4923; baseline 0.001 -17"><span class='ocrx_word' id='word_1_776' title='bbox 1894 4854 2274 4922; x_wconf 83' lang='lat' dir='ltr'><strong>dignoscatur:</strong></span> <span class='ocrx_word' id='word_1_777' title='bbox 2311 4868 2417 4920; x_wconf 93' lang='lat' dir='ltr'><strong>quo</strong></span> <span class='ocrx_word' id='word_1_778' title='bbox 2449 4864 2595 4906; x_wconf 88' lang='lat' dir='ltr'><strong>certe</strong></span> <span class='ocrx_word' id='word_1_779' title='bbox 2626 4854 2681 4907; x_wconf 91' lang='lat' dir='ltr'><strong>in</strong></span> <span class='ocrx_word' id='word_1_780' title='bbox 2713 4855 2888 4923; x_wconf 88' lang='lat' dir='ltr'><strong>capite</strong></span> <span class='ocrx_word' id='word_1_781' title='bbox 2921 4871 3184 4908; x_wconf 90' lang='lat' dir='ltr'><strong>summam</strong></span> <span class='ocrx_word' id='word_1_782' title='bbox 3229 4854 3444 4923; x_wconf 86' lang='lat' dir='ltr'><strong>sapien-</strong></span> 
     </span>
    </p>
   </div>
   <div class='ocr_carea' id='block_1_110' title="bbox 1894 4943 3442 5013">
    <p class='ocr_par' dir='ltr' id='par_1_110' title="bbox 1894 4943 3442 5013">
     <span class='ocr_line' id='line_1_110' title="bbox 1894 4943 3442 5013; baseline -0.001 -15"><span class='ocrx_word' id='word_1_783' title='bbox 1894 4944 1998 4998; x_wconf 89' lang='lat' dir='ltr'><strong>tiae</strong></span> <span class='ocrx_word' id='word_1_784' title='bbox 2020 4944 2316 4998; x_wconf 90' lang='lat' dir='ltr'><strong>consistere</strong></span> <span class='ocrx_word' id='word_1_785' title='bbox 2354 4943 2495 5013; x_wconf 91' lang='lat' dir='ltr'><strong>apud</strong></span> <span class='ocrx_word' id='word_1_786' title='bbox 2518 4944 2854 4999; x_wconf 86' lang='lat' dir='ltr'><strong>Christianos</strong></span> <span class='ocrx_word' id='word_1_787' title='bbox 2902 4946 3144 4998; x_wconf 88' lang='lat' dir='ltr'><strong>omnium</strong></span> <span class='ocrx_word' id='word_1_788' title='bbox 3197 4954 3281 4999; x_wconf 90' lang='lat' dir='ltr'><strong>est</strong></span> <span class='ocrx_word' id='word_1_789' title='bbox 3320 4960 3442 4999; x_wconf 90' lang='lat' dir='ltr'><strong>cer-</strong></span> 
     </span>
    </p>
   </div>
   <div class='ocr_carea' id='block_1_111' title="bbox 1896 5033 3445 5103">
    <p class='ocr_par' dir='ltr' id='par_1_111' title="bbox 1896 5033 3445 5103">
     <span class='ocr_line' id='line_1_111' title="bbox 1896 5033 3445 5103; baseline 0 -15"><span class='ocrx_word' id='word_1_790' title='bbox 1896 5035 2182 5088; x_wconf 87' lang='lat' dir='ltr'><strong>tissimum.</strong></span> <span class='ocrx_word' id='word_1_791' title='bbox 2216 5035 2282 5088; x_wconf 89' lang='lat' dir='ltr'><strong>Et</strong></span> <span class='ocrx_word' id='word_1_792' title='bbox 2311 5033 2555 5103; x_wconf 80' lang='lat' dir='ltr'><strong>profecto</strong></span> <span class='ocrx_word' id='word_1_793' title='bbox 2590 5035 2681 5088; x_wconf 85' lang='lat' dir='ltr'><strong>vix</strong></span> <span class='ocrx_word' id='word_1_794' title='bbox 2709 5035 2892 5087; x_wconf 88' lang='lat' dir='ltr'><strong>videre</strong></span> <span class='ocrx_word' id='word_1_795' title='bbox 2918 5050 2985 5087; x_wconf 82' lang='lat' dir='ltr'><strong>ex</strong></span> <span class='ocrx_word' id='word_1_796' title='bbox 3010 5036 3287 5089; x_wconf 86' lang='lat' dir='ltr'><strong>veteribus</strong></span> <span class='ocrx_word' id='word_1_797' title='bbox 3315 5051 3445 5089; x_wconf 92' lang='lat' dir='ltr'><strong>eon-</strong></span> 
     </span>
    </p>
   </div>
   <div class='ocr_carea' id='block_1_112' title="bbox 1894 5125 3441 5197">
    <p class='ocr_par' dir='ltr' id='par_1_112' title="bbox 1894 5125 3441 5197">
     <span class='ocr_line' id='line_1_112' title="bbox 1894 5125 3441 5197; baseline 0.003 -20"><span class='ocrx_word' id='word_1_798' title='bbox 1894 5126 2012 5194; x_wconf 86' lang='lat' dir='ltr'><strong>tigit</strong></span> <span class='ocrx_word' id='word_1_799' title='bbox 2039 5126 2228 5190; x_wconf 91' lang='lat' dir='ltr'><strong>ullum,</strong></span> <span class='ocrx_word' id='word_1_800' title='bbox 2275 5125 2420 5179; x_wconf 88' lang='lat' dir='ltr'><strong>unde</strong></span> <span class='ocrx_word' id='word_1_801' title='bbox 2465 5135 2573 5178; x_wconf 89' lang='lat' dir='ltr'><strong>tam</strong></span> <span class='ocrx_word' id='word_1_802' title='bbox 2630 5127 2931 5179; x_wconf 88' lang='lat' dir='ltr'><strong>luculenter</strong></span> <span class='ocrx_word' id='word_1_803' title='bbox 2986 5126 3201 5181; x_wconf 83' lang='lat' dir='ltr'><strong>divinae</strong></span> <span class='ocrx_word' id='word_1_804' title='bbox 3240 5128 3441 5197; x_wconf 88' lang='lat' dir='ltr'><strong>gratiae</strong></span> 
     </span>
    </p>
   </div>
   <div class='ocr_carea' id='block_1_113' title="bbox 1892 5216 3098 5285">
    <p class='ocr_par' dir='ltr' id='par_1_113' title="bbox 1892 5216 3098 5285">
     <span class='ocr_line' id='line_1_113' title="bbox 1892 5216 3098 5285; baseline 0.001 -15"><span class='ocrx_word' id='word_1_805' title='bbox 1892 5216 2232 5285; x_wconf 85' lang='lat' dir='ltr'><strong>operationes</strong></span> <span class='ocrx_word' id='word_1_806' title='bbox 2263 5225 2317 5271; x_wconf 92' lang='lat' dir='ltr'><strong>et</strong></span> <span class='ocrx_word' id='word_1_807' title='bbox 2350 5217 2585 5272; x_wconf 88' lang='lat' dir='ltr'><strong>indolem</strong></span> <span class='ocrx_word' id='word_1_808' title='bbox 2626 5218 2780 5271; x_wconf 90' lang='lat' dir='ltr'><strong>licuit</strong></span> <span class='ocrx_word' id='word_1_809' title='bbox 2802 5218 3098 5273; x_wconf 88' lang='lat' dir='ltr'><strong>addiscere.</strong></span> 
     </span>
    </p>
   </div>
   <div class='ocr_carea' id='block_1_114' title="bbox 1956 5416 3441 5491">
    <p class='ocr_par' dir='ltr' id='par_1_114' title="bbox 1956 5416 3441 5491">
     <span class='ocr_line' id='line_1_114' title="bbox 1956 5416 3441 5491; baseline 0.005 -22"><span class='ocrx_word' id='word_1_810' title='bbox 1956 5416 2114 5470; x_wconf 76' lang='lat' dir='ltr'><strong>XVII.</strong></span> <span class='ocrx_word' id='word_1_811' title='bbox 2151 5416 2207 5469; x_wconf 86' lang='lat' dir='ltr'><strong>In</strong></span> <span class='ocrx_word' id='word_1_812' title='bbox 2240 5418 2605 5485; x_wconf 87' lang='lat' dir='ltr'><strong>pulcherrimo</strong></span> <span class='ocrx_word' id='word_1_813' title='bbox 2627 5436 2756 5475; x_wconf 90' lang='lat' dir='ltr'><strong>vero</strong></span> <span class='ocrx_word' id='word_1_814' title='bbox 2781 5422 2883 5475; x_wconf 93' lang='lat' dir='ltr'><strong>hoc</strong></span> <span class='ocrx_word' id='word_1_815' title='bbox 2900 5436 3128 5491; x_wconf 89' lang='lat' dir='ltr'><strong>corpore</strong></span> <span class='ocrx_word' id='word_1_816' title='bbox 3154 5422 3196 5476; x_wconf 90' lang='lat' dir='ltr'><strong>si</strong></span> <span class='ocrx_word' id='word_1_817' title='bbox 3221 5422 3441 5491; x_wconf 89' lang='lat' dir='ltr'><strong>quidam</strong></span> 
     </span>
    </p>
   </div>
   <div class='ocr_carea' id='block_1_115' title="bbox 1893 5506 3444 5579">
    <p class='ocr_par' dir='ltr' id='par_1_115' title="bbox 1893 5506 3444 5579">
     <span class='ocr_line' id='line_1_115' title="bbox 1893 5506 3444 5579; baseline 0.004 -20"><span class='ocrx_word' id='word_1_818' title='bbox 1893 5506 2371 5575; x_wconf 86' lang='lat' dir='ltr'><strong>deprehendantur</strong></span> <span class='ocrx_word' id='word_1_819' title='bbox 2407 5510 2601 5562; x_wconf 85' lang='lat' dir='ltr'><strong>naevi:</strong></span> <span class='ocrx_word' id='word_1_820' title='bbox 2638 5511 2765 5579; x_wconf 88' lang='lat' dir='ltr'><strong>quid</strong></span> <span class='ocrx_word' id='word_1_821' title='bbox 2805 5512 3001 5565; x_wconf 87' lang='lat' dir='ltr'><strong>mirum</strong></span> <span class='ocrx_word' id='word_1_822' title='bbox 3027 5520 3143 5575; x_wconf 90' lang='lat' dir='ltr'><strong>est,</strong></span> <span class='ocrx_word' id='word_1_823' title='bbox 3180 5513 3303 5566; x_wconf 88' lang='lat' dir='ltr'><strong>siet</strong></span> <span class='ocrx_word' id='word_1_824' title='bbox 3336 5513 3444 5565; x_wconf 77' lang='lat' dir='ltr'><strong>Ma-</strong></span> 
     </span>
    </p>
   </div>
   <div class='ocr_carea' id='block_1_116' title="bbox 1894 5596 3453 5669">
    <p class='ocr_par' dir='ltr' id='par_1_116' title="bbox 1894 5596 3453 5669">
     <span class='ocr_line' id='line_1_116' title="bbox 1894 5596 3453 5669; baseline 0.002 -19"><span class='ocrx_word' id='word_1_825' title='bbox 1894 5597 2071 5650; x_wconf 89' lang='lat' dir='ltr'><strong>carius</strong></span> <span class='ocrx_word' id='word_1_826' title='bbox 2121 5596 2285 5650; x_wconf 81' lang='lat' dir='ltr'><strong>fuerit</strong></span> <span class='ocrx_word' id='word_1_827' title='bbox 2330 5598 2491 5650; x_wconf 85' lang='lat' dir='ltr'><strong>homo</strong></span> <span class='ocrx_word' id='word_1_828' title='bbox 2552 5600 2771 5652; x_wconf 88' lang='lat' dir='ltr'><strong>errandi</strong></span> <span class='ocrx_word' id='word_1_829' title='bbox 2836 5602 3072 5654; x_wconf 82' lang='lat' dir='ltr'><strong>facilitati</strong></span> <span class='ocrx_word' id='word_1_830' title='bbox 3126 5600 3453 5669; x_wconf 82' lang='lat' dir='ltr'><strong>expositus?</strong></span> 
     </span>
    </p>
   </div>
   <div class='ocr_carea' id='block_1_117' title="bbox 1893 5687 3443 5759">
    <p class='ocr_par' dir='ltr' id='par_1_117' title="bbox 1893 5687 3443 5759">
     <span class='ocr_line' id='line_1_117' title="bbox 1893 5687 3443 5759; baseline 0.002 -20"><span class='ocrx_word' id='word_1_831' title='bbox 1893 5687 2003 5740; x_wconf 82' lang='lat' dir='ltr'><strong>Nec</strong></span> <span class='ocrx_word' id='word_1_832' title='bbox 2029 5703 2094 5740; x_wconf 80' lang='lat' dir='ltr'><strong>ex</strong></span> <span class='ocrx_word' id='word_1_833' title='bbox 2128 5688 2273 5739; x_wconf 90' lang='lat' dir='ltr'><strong>omni</strong></span> <span class='ocrx_word' id='word_1_834' title='bbox 2304 5688 2628 5756; x_wconf 86' lang='lat' dir='ltr'><strong>antiquitate</strong></span> <span class='ocrx_word' id='word_1_835' title='bbox 2659 5691 2773 5743; x_wconf 89' lang='lat' dir='ltr'><strong>sisti</strong></span> <span class='ocrx_word' id='word_1_836' title='bbox 2811 5692 2978 5759; x_wconf 87' lang='lat' dir='ltr'><strong>possit</strong></span> <span class='ocrx_word' id='word_1_837' title='bbox 3005 5692 3167 5754; x_wconf 91' lang='lat' dir='ltr'><strong>ullus,</strong></span> <span class='ocrx_word' id='word_1_838' title='bbox 3189 5692 3280 5759; x_wconf 90' lang='lat' dir='ltr'><strong>qui</strong></span> <span class='ocrx_word' id='word_1_839' title='bbox 3305 5690 3443 5744; x_wconf 91' lang='lat' dir='ltr'><strong>labis</strong></span> 
     </span>
    </p>
   </div>
   <div class='ocr_carea' id='block_1_118' title="bbox 1896 5778 3442 5852">
    <p class='ocr_par' dir='ltr' id='par_1_118' title="bbox 1896 5778 3442 5852">
     <span class='ocr_line' id='line_1_118' title="bbox 1896 5778 3442 5852; baseline 0.003 -21"><span class='ocrx_word' id='word_1_840' title='bbox 1896 5778 2071 5832; x_wconf 89' lang='lat' dir='ltr'><strong>omnis</strong></span> <span class='ocrx_word' id='word_1_841' title='bbox 2095 5787 2149 5832; x_wconf 90' lang='lat' dir='ltr'><strong>et</strong></span> <span class='ocrx_word' id='word_1_842' title='bbox 2181 5778 2379 5834; x_wconf 87' lang='lat' dir='ltr'><strong>erroris</strong></span> <span class='ocrx_word' id='word_1_843' title='bbox 2411 5778 2810 5850; x_wconf 69' lang='lat' dir='ltr'><strong>fueritevpers!</strong></span> <span class='ocrx_word' id='word_1_844' title='bbox 2844 5783 3248 5852; x_wconf 85' lang='lat' dir='ltr'><strong>Statucritergo</strong></span> <span class='ocrx_word' id='word_1_845' title='bbox 3270 5781 3442 5838; x_wconf 72' lang='lat' dir='ltr'><strong>Maca--</strong></span> 
     </span>
    </p>
   </div>
  </div>
