4266 6356
830 393 933 448 367

1816 393 2135 448 ANDREAE
2174 393 2538 452 GALLANDII
2577 394 3081 451 PROLEGOMENA

3946 390 4053 446 368

829 511 964 573 rius,
996 509 1197 579 angelis
1224 525 1438 580 quoque
1457 526 1574 565 esse
1598 526 1794 581 corpus
1813 512 2081 581 quoddam
2102 522 2265 569 tenue
2287 515 2383 585 (l):
2418 534 2459 583 Α
2490 517 2696 572 stianae
2738 515 3015 586 religionis
3042 512 3370 568 detrimento
3419 510 3596 565 omitti
3647 509 3860 579 nequit.
3908 508 4050 563 Cum

829 600 1198 656 condonemus
1222 602 1321 672 ipsi
1350 601 1778 673 qualemcunque
1804 604 1949 660 hunc
1972 620 2235 670 errorem,
2258 622 2383 661 cum

827 693 1017 747 Patres
1054 694 1323 749 Ecclesiae
1352 696 1644 749 venerandi
1671 696 1927 761 nominis,
1964 698 2049 750 vel
2084 698 2093 768 |
2124 698 2202 751 uti
2233 698 2384 753 Basi-

826 781 950 846 lius,
982 783 1237 851 Ephrem,
1268 784 1500 854 Cyrillus
1540 786 1955 849 Alexandrinus,
1994 788 2381 853 Tertullianus,

826 874 1179 942 Augustinus,
1210 874 1468 939 Hilarius,
1520 876 1853 946 Fulgentius,
1906 878 2198 943 Arnobius,
2250 879 2383 934 Cas-

826 967 1032 1030 sianus,
1078 967 1276 1036 aliique
1321 969 1521 1037 plures,
1574 970 1862 1025 adnotante
1910 970 2073 1025 etiam
2132 972 2376 1034 Possino,

825 1056 1057 1111 eundem
1091 1058 1407 1112 erraverint.
1437 1058 1491 1112 Si
1530 1074 1667 1126 quae
1692 1067 1749 1113 et
1786 1075 1948 1129 porro
1981 1070 2106 1114 sunt
2157 1060 2211 1113 in
2277 1060 2376 1114 do-

826 1146 1102 1215 gmatibus
1123 1146 1285 1201 ﬁdem
1307 1148 1688 1213 attinentibus,
1720 1150 1776 1203 in
1810 1149 2011 1219 quibus
2036 1150 2216 1204 minus
2230 1159 2376 1205 recte

822 1237 1059 1292 sensisse
1079 1238 1315 1301 videtur,
1341 1253 1404 1293 ea
1432 1240 1488 1293 in
1512 1240 1691 1310 ipsum
1722 1252 1940 1296 utamur
1983 1240 2149 1294 animi
2189 1240 2381 1311 aequi-

822 1335 954 1393 tate,
999 1346 1159 1398 quam
1206 1331 1433 1401 reliquis
1493 1334 1748 1389 Patribus
1799 1334 2035 1405 graviter
2091 1332 2380 1402 aliquando

822 1417 1283 1477 hallucinantibus
1311 1423 1727 1494 haudquaquam
1760 1426 2085 1482 invidemus.
2140 1424 2275 1481 Nam
2325 1425 2381 1480 id

820 1518 879 1564 et
896 1510 1134 1567 charitas
1157 1511 1465 1568 Christiana
1490 1516 1754 1584 exposcit,
1781 1526 1837 1570 et
1857 1518 1973 1573 sine
1999 1533 2211 1573 summo
2226 1515 2385 1573 Chri-

2478 609 2624 663 enim
2656 609 2713 662 in
2744 607 3020 677 palmariis
3048 615 3105 661 et
3143 603 3466 674 capitalibus
3506 601 3632 656 ﬁdei
3671 598 4051 654 sanctissimae

2477 697 2748 766 capitibus
2774 706 2949 750 rectas
2974 694 3172 763 aliquis
3211 694 3359 747 fovet
3395 691 3707 761 opiniones.
3743 689 3788 742 si
3818 694 4049 757 propter

2477 788 2740 857 quaedam
2779 787 2958 841 minus
2998 786 3135 840 bene
3186 784 3333 838 dicta
3383 782 3779 838 condemnetur
3833 779 4045 841 statim,

2478 886 2771 934 censentur
2805 878 3013 947 reliqua
3040 891 3257 947 quoque
3286 876 3405 929 eius
3433 889 3553 928 esse
3578 887 3807 928 erronea
3837 881 3896 925 et
3918 885 4050 924 con-

2480 970 2801 1025 demnanda.
2826 968 2944 1035 Quo
2976 984 3105 1023 casu
3146 982 3306 1036 saepe
3342 968 3656 1036 contingere
3705 964 3913 1025 videas,
3965 972 4046 1026 ut,

2480 1077 2619 1132 quae
2647 1062 2993 1116 admirandae
3018 1061 3075 1115 in
3096 1058 3412 1129 religionem
3435 1057 3799 1113 Christianam
3833 1053 4051 1107 utilita-

2480 1157 2553 1211 tis
2576 1171 2716 1221 esse,
2752 1164 2809 1210 et
2837 1170 2951 1209 rem
2976 1153 3195 1223 pietatis
3221 1160 3441 1207 strenue
3467 1148 3725 1205 adiuvare
3767 1156 4047 1217 pateram,

2478 1262 2603 1301 cum
2633 1247 2746 1317 ipsa
2762 1246 2965 1316 pietate
2990 1244 3145 1299 ﬂocci
3176 1242 3309 1297 ﬁant
3333 1250 3389 1296 et
3413 1240 3849 1311 proscribantur.

2550 1337 2735 1393 XVIII.
2766 1338 2952 1393 Restat
2998 1345 3059 1392 ut
3101 1334 3414 1391 testimonia
3468 1332 3651 1402 aliqua
3689 1330 3760 1385 de
3809 1328 4051 1385 Macario

2481 1426 2857 1483 subiiciamus.

2119 1632 2349 1694 Suidas
2381 1631 2449 1690 in
2477 1629 2782 1691 Macario.

892 1721 1009 1776 Duo
1035 1724 1254 1781 fuerunt
1290 1727 1505 1783 Macarii
1540 1731 1781 1786 eiusdem
1818 1732 2055 1787 nominis
2092 1743 2253 1803 atque
2282 1730 2374 1785 de-
2407 1741 2453 1800 Β
2547 1731 2577 1781 Δ

2366 1761 2374 1771 -
2407 1741 2453 1800 Β
2547 1728 2650 1782 Δύο
2676 1727 2924 1796 ἐγένοντο
2975 1723 3249 1793 Μακάριοι
3286 1720 3565 1791 ὁμώνυμοι
3600 1717 3694 1772 καὶ
3733 1716 4051 1787 περιϐόητοι

822 1816 1023 1871 cantati
1051 1825 1271 1887 propter
1302 1822 1559 1875 exercitia
1596 1824 1928 1888 studiorum,
1975 1826 2163 1889 vitam,
2207 1839 2387 1879 mores

823 1916 987 1975 atque
1012 1906 1371 1977 disciplinam.
1402 1911 1553 1965 Alter
1577 1913 1792 1982 quidem
1824 1913 2135 1985 Aegyptius,
2164 1914 2257 1985 qui
2288 1914 2389 1969 mi-

822 1998 1006 2051 racula
1030 1998 1246 2064 edebat,
1281 2016 1343 2055 ac
1370 2001 1619 2072 religiosa
1646 2006 1895 2060 cautione
1924 2006 1980 2059 in
2015 2021 2131 2071 eos,
2165 2005 2175 2076 Ι
2205 2006 2299 2076 qui
2329 2020 2388 2060 se

822 2092 1233 2157 conveniebant,
1267 2103 1384 2149 erat
1408 2110 1650 2151 severus.
1689 2098 1840 2152 Alter
1863 2096 2262 2154 Alexandrinus
2291 2114 2389 2169 per

822 2182 1003 2236 omnia
1046 2182 1240 2238 similis
1274 2185 1533 2256 Aegyptio
1563 2197 1619 2242 et
1655 2188 1926 2242 humanus
1968 2206 1981 2241 :
2028 2185 2164 2244 adeo
2196 2190 2389 2244 huma-

822 2284 925 2325 nus
966 2282 1083 2327 erat
1123 2288 1248 2344 erga
1279 2289 1393 2339 eos,
1424 2277 1518 2346 qui
1563 2293 1621 2333 se
1665 2279 2080 2345 conveniebant,
2112 2289 2172 2336 ut
2209 2279 2388 2351 lepida

823 2360 1130 2417 urbanitate
1163 2364 1365 2419 utendo
1397 2365 1619 2422 iuvenes
1646 2368 1714 2421 ad
1749 2370 2005 2424 exercitia
2048 2379 2383 2439 provocaret.

822 2451 1029 2507 Horum
1069 2454 1333 2526 Evagrius
1376 2457 1674 2528 discipulus
1717 2460 1911 2525 factus,
1957 2460 2116 2516 factis
2150 2462 2389 2531 philoso-

822 2543 1003 2612 phiam
1026 2548 1289 2612 exercuit,
1324 2548 1415 2618 qui
1445 2549 1598 2619 prius
1630 2550 1814 2605 verbis
1848 2550 2113 2607 duntaxat
2143 2552 2386 2622 philoso-

820 2633 1109 2703 phabatur.
1135 2635 1238 2703 Qui
1271 2638 1736 2709 Constantinopoli
1765 2655 1795 2693 a
1819 2639 2084 2712 Gregorio
2113 2641 2387 2713 Theologo

821 2725 877 2780 in
903 2725 1253 2782 diaconorum
1281 2729 1519 2785 adscitus
1545 2739 1629 2785 est
1661 2731 1931 2798 ordinem,
1967 2734 2100 2803 quin
2126 2735 2290 2789 etiam
2331 2735 2387 2789 in

819 2814 1118 2887 Aegyptum
1146 2817 1439 2887 profectus,
1473 2820 1526 2874 in
1564 2820 1873 2891 praedictos
1897 2821 2089 2877 incidit
2116 2824 2280 2887 viros,
2309 2832 2389 2877 at-

820 2923 928 2977 que
959 2908 1177 2964 illorum
1200 2910 1365 2965 vitam
1386 2914 1688 2968 aemulatus
1714 2921 1818 2969 est.
1843 2914 1925 2969 Ab
1951 2915 2054 2969 hoc
2079 2913 2387 2970 libriivalde

820 3014 1011 3069 graves
1039 3010 1095 3055 et
1121 3000 1249 3055 serii
1275 3003 1565 3073 conscripti
1594 3014 1742 3069 sunt,
1771 3020 2005 3075 quorum
2037 3020 2176 3059 unus
2199 3004 2385 3058 Mona-

2486 1821 2551 1875 δι’
2578 1821 2828 1889 ἄσκησιν,
2858 1817 2945 1870 διὰ
2975 1815 3106 1885 βίον,
3135 1812 3222 1867 διὰ
3247 1812 3470 1883 τρόπον,
3509 1809 3597 1864 διὰ
3627 1809 3693 1863 τὰ
3728 1808 4050 1880 μαθήματα.

2484 1912 2514 1965 ὁ
2539 1909 2635 1980 μὲν
2674 1908 2965 1977 Αἰγύπτιος
3003 1902 3407 1976 θαυματουργὸς
3426 1898 3515 1972 ἦν,
3544 1901 3639 1955 καὶ
3665 1898 3801 1971 μετὰ
3832 1897 3929 1951 τοῦ
3963 1898 4054 1951 εὑ-

2486 2000 2681 2063 λαὸοὗς
2730 1999 2865 2071 πρὸς
2917 1998 3041 2060 τοὺς
3093 1993 3521 2063 ἐντυγχάνοντας
3563 1990 3871 2061 αὐστηρός·
3917 1990 3946 2043 6
3994 1989 4053 2041 δὲ

2498 2092 2876 2162 Ἀλεξανδρεὺς
2915 2088 3054 2143 κατὰ
3083 2087 3259 2142 πάντα
3300 2086 3375 2140 ὢν
3419 2083 3799 2157 παραπλήσιος
3828 2080 3910 2152 τῷ
3956 2082 4054 2133 ΔΙ-

2486 2185 2695 2255 γυπτίῳ
2730 2184 2823 2238 καὶ
2865 2181 3067 2254 ἱλαρός.
3102 2180 3272 2244 οὕτως
3314 2179 3497 2251 ἱλαρὸς
3525 2173 3594 2249 ἦν
3632 2177 3745 2240 τοῖς
3787 2174 4054 2244 ἐντυγχά-

2485 2294 2658 2343 νουσι,
2690 2276 2785 2330 καὶ
2813 2273 2890 2345 τῷ
2930 2269 3361 2345 χαριεντίζεσθαι
3406 2271 3533 2333 τοὺς
3579 2269 3732 2332 νέους
3768 2262 3871 2339 ἦγε
3914 2268 4055 2338 πρὸς

2485 2368 2522 2422 ἆ
2552 2369 2562 2438 ι
2594 2385 2804 2439 σκησιν.
2833 2365 3037 2419 τούτων
3068 2364 3336 2435 Εὑάγριος
3360 2362 3645 2432 γενόμενος
3679 2358 3925 2431 μαθητὴς
3952 2358 4055 2428 τὴν

2483 2462 2551 2515 δι’
2576 2461 2751 2528 ἔργων
2778 2458 3093 2528 φιλοσοφίαν
3114 2459 3401 2527 ἐκτήσατο,
3434 2454 3695 2525 πρότερον
3729 2451 3873 2521 λόγῳ
3906 2452 4055 2520 μόνῳ

2485 2553 2770 2623 φιλόσοφος
2795 2549 2869 2603 ὥν
2888 2566 2901 2580 ·
2933 2548 2992 2613 ὃς
3021 2550 3079 2601 ὲν
3107 2544 3509 2602 Κωνσταντίνου
3540 2545 3691 2598 πόλει
3720 2542 3823 2597 ὑπὸ
3849 2543 4055 2615 Γρηγο-

2489 2645 2603 2717 ρίου
2639 2644 2733 2697 τοῦ
2761 2641 3021 2710 Θεολόγου
3042 2639 3122 2702 εἰς
3152 2640 3251 2710 τὴν
3278 2638 3372 2692 τοῦ
3396 2638 3641 2691 διακόνου
3666 2633 4052 2706 προεχειρίσθη

2485 2736 2654 2803 τάξιν·
2691 2735 2824 2789 ἀλλὰ
2852 2736 2946 2788 καὶ
2968 2736 3026 2800 ἐς
3050 2734 3147 2805 τὴν
3171 2732 3443 2799 Αἴγυπτον
3469 2727 3774 2791 κατελθὼν,
3815 2728 3909 2779 καὶ
3939 2726 4053 2787 τοῖς

2486 2828 2857 2899 προλεχθεῖσιν
2902 2826 3137 2897 ἐντυχὼν
3186 2825 3446 2894 ἀνδράσι,
3498 2821 3590 2875 τδν
3655 2819 3875 2872 ἐκείνων
3939 2817 4054 2886 βίον

2488 2921 2723 2992 ἐζήλωσε
2743 2934 2756 2947 ·
2780 2918 2951 2990 τούτῳ
2976 2917 3157 2988 βιϐλία
3176 2917 3313 2984 ἄγαν
3334 2914 3594 2968 σπουδαῖα
3616 2907 4050 2979 συγγέγραπται·

2485 3004 2560 3064 ὧν
2599 3012 2661 3065 τὸ
2717 3012 2814 3083 μὲν
2849 3009 3128 3079 Morade
3161 3010 3196 3078 ἢ
3246 3007 3375 3077 περὶ
3410 3002 3716 3075 πρακτικῆς
3755 2998 4055 3068 ἐπιγέγρα-

819 3091 941 3144 chus
974 3090 1087 3145 sive
1116 3090 1184 3145 de
1222 3092 1332 3146 vita
1360 3092 1530 3147 acti-va
1571 3093 1866 3162 inscriptus
1908 3103 2021 3159 est;
2063 3094 2199 3147 alter
2243 3094 2383 3149 Gno-
2411 3083 2456 3143 C
2486 3120 2504 3155 ι,

2368 3125 2383 3133 ·
2411 3083 2456 3143 C
2486 3120 2616 3156 πται
2634 3120 2648 3134 °
2680 3103 2741 3155 τὸ
2767 3103 2822 3155 δὲ
2850 3100 3191 3165 Γνωστικὸς
3232 3099 3264 3169 ἢ
3306 3097 3433 3167 περὶ
3463 3093 3571 3147 τῶν
3609 3088 4053 3156 καταξιωθέντων

817 3182 977 3235 sticus
1020 3182 1134 3237 sive
1178 3182 1246 3238 de
1289 3183 1357 3238 iis
1400 3184 1493 3253 qui
1544 3185 1869 3254 cognitionis
1912 3200 2140 3240 munere
2196 3186 2382 3239 donati

819 3281 978 3337 sunt;
1009 3272 1182 3342 capita
1209 3289 1339 3328 vero
1375 3274 1495 3329 eius
1522 3275 1648 3328 libri
1680 3286 1806 3330 sunt
1830 3276 2248 3346 quinquaginta;
2277 3287 2383 3330 ter-

820 3363 930 3417 tius
956 3363 1328 3419 Antirrheticus
1358 3366 1617 3421 adversus
1649 3376 1919 3421 tentantes
1943 3368 2233 3422 daemones
2261 3375 2383 3422 octo

819 3452 1110 3509 distinctus
1134 3456 1398 3524 partibus,
1426 3457 1726 3511 secundum
1763 3474 2049 3513 numerum
2085 3471 2205 3513 octo
2240 3459 2383 3530 cogi-

819 3546 1105 3600 tationum.
1132 3547 1264 3602 Item
1290 3559 1542 3603 sexcenta
1567 3550 1912 3619 Prognostica
1940 3551 2298 3614 Problemata,
2328 3561 2384 3606 et

818 3634 1177 3690 Elementaria
1219 3637 1362 3702 duo,
1402 3655 1570 3693 unum
1628 3640 1694 3693 ad
1735 3641 2028 3694 monachos
2078 3640 2133 3694 in
2187 3655 2382 3695 coeno-

817 3720 925 3776 biis
948 3733 1041 3777 aut
1075 3726 1451 3781 contuberniis
1476 3728 1740 3791 viventes,
1760 3730 1989 3782 alterum
2014 3729 2081 3782 ad
2108 3729 2381 3799 virginum

818 3820 1053 3866 coetum.
1090 3814 1266 3883 Atque
1309 3815 1443 3869 haec
1482 3826 1610 3871 sunt
1648 3817 1765 3871 eius
1797 3817 2001 3871 verba:
2041 3817 2256 3872 Necesse
2284 3828 2378 3884 est,

816 3908 877 3953 ut
916 3903 1028 3956 vias
1058 3918 1253 3967 eorum,
1300 3906 1388 3975 qui
1434 3913 1844 3975 praecesserunt,
1894 3908 2265 3960 monachorum
2296 3924 2378 3961 se-

818 3989 940 4043 dulo
985 3992 1312 4063 indagemus,
1357 4004 1407 4047 et
1454 3996 1523 4047 ad
1564 4012 1744 4048 eorum
1784 4013 2024 4049 normam
2067 3996 2375 4067 dirigamur.

816 4078 982 4134 Multa
1011 4081 1079 4136 ab
1113 4082 1178 4137 iis
1206 4093 1260 4139 et
1293 4083 1436 4138 dicta
1464 4092 1517 4138 et
1540 4084 1678 4139 facta
1712 4095 1839 4139 sunt
1872 4094 2037 4151 certe,
2072 4086 2212 4141 inter
2241 4105 2379 4159 quae

818 4186 874 4230 et
900 4174 1002 4229 hoc
1031 4175 1298 4245 quispiam
1337 4176 1492 4239 dixit,
1521 4177 1801 4229 aridiorem
1828 4189 1875 4231 et
1902 4195 2144 4248 asperam
2178 4182 2379 4237 vivendi

816 4270 1077 4323 rationem
1107 4284 1223 4320 cum
1248 4268 1501 4319 charitate
1530 4267 1826 4336 capulatam
1859 4268 2075 4322 celerius
2099 4270 2378 4342 perducere

816 4360 1130 4415 monachum
1153 4359 1222 4411 ad
1251 4357 1596 4426 adfectionum
1620 4359 1949 4412 vacuitatem.

956 4487 1033 4525 JO.
1079 4485 1389 4525 TRITEEIIUS
1428 4486 1494 4524 DE
1538 4484 1900 4525 BCBIPTORIBUS
1946 4487 2239 4529 ECCLESIAB.

890 4584 1154 4639 Macarius
1181 4582 1461 4635 Monachus
1479 4582 1777 4653 Aegyptius,
1794 4593 1842 4637 et
1870 4585 2005 4639 beati
2019 4586 2195 4640 Patris
2228 4588 2236 4657 |
2266 4588 2376 4641 An-

818 4675 946 4727 tonii
979 4673 1243 4742 quondam
1274 4671 1573 4741 discipulus,
1599 4672 1676 4724 vir
1701 4672 1907 4727 devotus
1936 4683 1985 4727 et
2020 4678 2378 4732 sanctissimae

818 4766 1245 4827 conversationis,
1286 4764 1349 4816 de
1399 4780 1499 4833 quo
1545 4763 1711 4817 multa
1762 4766 2019 4819 miracula
2065 4779 2374 4834 narrantur,

820 4856 1076 4924 quomodo
1120 4856 1279 4907 etiam
1325 4862 1649 4907 mortuorum
1698 4871 1841 4908 voces
1892 4857 1955 4909 de
1988 4858 2239 4926 sepulcris
2286 4876 2379 4929 pro

818 4944 940 5013 ﬁdei
956 4944 1349 5012 conﬁrmatione
1364 4944 1676 5013 impetravit.
1698 4944 1899 4999 Clarut't
1917 4947 2082 5001 multa
2106 4950 2382 5002 sanctitate

817 5035 911 5087 sub
951 5033 1291 5089 Constantino
1320 5044 1368 5087 et
1396 5034 1698 5089 Constantio
1738 5037 2060 5105 Principibus
2103 5058 2241 5095 anno
2280 5041 2380 5095 Do-

818 5126 947 5177 mini
969 5125 1088 5179 550.
1118 5125 1273 5181 Cuius
1303 5135 1445 5196 gesta
1484 5128 1735 5180 habentur
1761 5129 1816 5181 in
1844 5128 1967 5183 Vitis
1994 5130 2235 5185 Patrum.

853 5231 1066 5269 msnzn.
1106 5233 1383 5278 lNlQUlTAT.
1422 5234 1651 5272 AUCTOBE
1698 5236 1751 5272 ιι.
1793 5236 1840 5273 n.
1882 5237 1928 5273 Ρ.
1971 5237 2015 5275 n.
2056 5238 2175 5293 pag.
2216 5224 2338 5279 209.

889 5306 948 5358 Β.
1000 5305 1260 5360 Macarius
1293 5308 1514 5376 scriptor
1563 5308 2009 5378 religiosissimus,
2064 5321 2113 5363 et
2157 5314 2221 5365 de
2272 5330 2373 5383 quo

816 5397 879 5450 Β.
912 5400 1121 5452 Arndus
1148 5401 1269 5452 mihi
1292 5400 1637 5469 conﬁrmavit,
1672 5402 1845 5470 fuisse,
1877 5420 1993 5457 cum
2020 5403 2171 5458 illum
2194 5406 2373 5460 verbo-

816 5496 963 5542 tenus
994 5500 1158 5560 posset
1188 5490 1315 5544 libro
1341 5493 1557 5564 seposito
1583 5495 1819 5547 recitare.

2486 3195 2764 3262 γνώσεωςο
2815 3193 3081 3262 κεφαλαια
3140 3191 3197 3244 δὲ
3242 3186 3405 3241 αὐτοῦ
3460 3184 3830 3253 πεντήκοντα·
3883 3178 3948 3232 τὸ
3992 3178 4053 3230 δὲ

2498 3283 2944 3351 Ἀντιρῤητικὸν,
2982 3282 3116 3352 πρὸς
3142 3282 3266 3342 τοὺς
3297 3277 3649 3348 πειράζοντας
3682 3273 3960 3342 δαίμονας,
3990 3270 4054 3323 ὲν

2484 3375 2627 3429 ὀκτὼ
2646 3376 2972 3448 διῃρημένον
3001 3376 3209 3446 μέρεσι,
3236 3372 3378 3426 κατὰ
3398 3370 3487 3422 τὸν
3511 3366 3740 3439 ἀριθμὸν
3766 3365 3875 3418 τῶν
3904 3362 4053 3416 ὀκτὼ

2484 3466 2792 3537 λογισμῶνο
2829 3467 2921 3519 καὶ
2958 3465 3211 3529 ἑξακόσια
3248 3459 3629 3532 προγνωστικὰ
3664 3455 4047 3527 προϐλήματα-

2488 3556 2579 3609 καὶ
2596 3554 2825 3626 στιχηρὰ
2846 3556 2913 3624 β’,
2945 3554 3003 3606 ἐν
3029 3553 3161 3624 πρὸς
3188 3552 3311 3614 τοὺς
3335 3551 3391 3602 ἐν
3413 3546 3697 3608 κοινοὸίοις
3722 3544 3755 3613 ἢ
3779 3542 4051 3605 συνοδίαις

2488 3648 2772 3718 μοναχοὺς,
2799 3647 2892 3701 καὶ
2914 3646 2969 3700 ἓν
2996 3646 3128 3717 πρὸς
3162 3644 3259 3715 τὴν
3281 3642 3598 3713 παρθενίαν·
3627 3640 3720 3692 καί
3748 3654 3881 3707 φησι
3904 3637 4050 3691 κατὰ

2483 3741 2657 3806 λέξιν·
2692 3741 2878 3805 οὕτως
2915 3737 3237 3806 ἀναγκαῖον
3275 3736 3381 3801 τὰς
3413 3733 3591 3799 ὀδοὺς
3616 3731 3733 3785 τῶν
3762 3729 4050 3797 προωδευ-

2484 3831 2720 3886 σὰντων
2742 3830 3019 3900 μοναχῶν
3038 3830 3218 3897 ὀρθῶς
3244 3825 3544 3894 διερωτᾷν,
3568 3825 3665 3878 καὶ
3686 3824 3832 3891 πρὸς
3860 3822 4048 3887 αὐτὸς

2485 3922 2947 3990 κατορθοῦσθαν
3000 3924 3199 3975 πολλὰ
3242 3919 3349 3990 γάρ
3399 3919 3568 3971 ἐστιν
3609 3914 3710 3970 ὑπ’
3744 3911 3944 3967 αὐτῶν
3976 3914 4043 3965 τὰ

2476 4013 2733 4085 ρηθέντα
2760 4013 2857 4065 καὶ
2896 4011 3231 4080 πραχθέντα
3255 4007 3454 4075 καλῶς
3474 4048 3488 4071 ,
3522 4008 3591 4061 ἐν
3617 4001 3707 4072 οἷς
3736 4004 3835 4058 καὶ
3870 4003 4046 4057 τοῦτό

2481 4122 2570 4168 τις
2599 4104 2810 4172 ἔφησε,
2841 4102 2953 4171 τὴν
2980 4101 3300 4170 ξηροτέρων
3326 4100 3423 4153 καὶ
3447 4098 3760 4167 ἀνώμαλον
3784 4094 4037 4155 δίαιταν,

2481 4193 2677 4262 ἀγάπῃ
2700 4190 3145 4260 συζευχθεῖσαν,
3167 4189 3379 4245 θᾶττον
3397 4187 3620 4259 διάγειν
3645 4185 3751 4240 τὸν
3767 4183 4043 4254 μοναχὸν

2480 4286 2567 4348 εις
2590 4283 2896 4338 ἀπάθειαν.

2586 4495 2779 4535 Ρετιιυε
2834 4494 3019 4534 POIRET
3076 4496 3141 4534 DE
3190 4492 3501 4533 ERUDITIONE
3552 4488 3934 4529 SUPERFICIARM

3110 4585 3165 4639 p.
3189 4584 3261 4622 m.
3288 4568 3409 4621 202.

2549 4680 2773 4736 Macarii
2806 4680 3108 4753 Aegyptiaci
3149 4680 3480 4734 admirabiles
3524 4687 3573 4731 et
3616 4678 3791 4732 divina
3823 4691 4037 4746 prorsus

2477 4774 2733 4842 sapientia
2757 4774 3075 4828 abundantes
3107 4772 3382 4827 Homiliae.

2542 4864 2681 4918 XIX.
2713 4865 2857 4919 Nihil
2891 4882 3037 4920 nunc
3069 4875 3237 4919 restat
3275 4864 3525 4933 amplius,
3561 4877 3723 4931 quam
3761 4868 3823 4914 ut
3864 4860 4033 4914 lecto—

2476 4971 2589 5009 rem
2615 4956 2934 5015 benevolum
2962 4971 3233 5026 rogemus,
3266 4970 3425 5024 aegre
3467 4969 3536 5008 ne
3578 4953 3733 5015 ferat,
3768 4952 3812 5005 si
3839 4950 4034 5008 menda

2475 5046 2858 5114 typographica
2886 5044 3025 5100 forte
3062 5045 3261 5100 alicubi
3305 5053 3616 5100 occurrant.
3660 5043 3847 5111 Neque
3885 5042 4031 5095 enim

2474 5134 2660 5188 adesse
2684 5135 2840 5189 licuit
2861 5136 3216 5205 speciminum
3239 5134 3625 5190 emendationi.
3659 5132 3715 5188 Si
3738 5148 3879 5202 quae
3901 5148 4031 5187 vero

2474 5225 2733 5294 relegenti
2788 5226 3077 5280 Macarium
3108 5242 3164 5281 se
3210 5226 3555 5290 obtulerunt,
3605 5241 3669 5280 ea
3719 5226 3775 5278 in
3826 5225 4028 5278 calcem

2475 5314 2600 5368 libri
2647 5315 3049 5382 adnotavimus;
3085 5333 3220 5387 quae
3266 5318 3524 5371 tollantur
3556 5318 3702 5381 licet,
3739 5324 4027 5385 antequam

2476 5405 2544 5459 ad
2574 5406 2771 5460 librum
2796 5407 3080 5477 legendum
3121 5409 3215 5463 ﬁat
3251 5410 3507 5463 accessio.
3542 5408 3713 5462 Deum
3744 5422 3875 5462 vero
3907 5422 4030 5461 ora-

2475 5512 2597 5552 mus
2620 5500 2953 5569 supplicibus
2983 5500 3254 5570 precibus,
3289 5508 3349 5554 ut
3381 5499 3506 5553 libri
3540 5499 3705 5553 huius
3730 5498 4027 5553 lectoribus

2308 5637 2554 5693 NOTAE.

891 5709 1523 5791 (1).Macar._fiomil.__ly
1560 5718 1585 5786 ᾗ
1626 5719 1658 5773 9
1702 5738 1754 5789 p.
1800 5722 1896 5782 47,
1922 5723 2018 5787 48,
2062 5724 2138 5779 De
2171 5725 2357 5780 elevat.

820 5785 1003 5835 mentis
1048 5800 1165 5855 cap.
1198 5785 1263 5840 Vl
1300 5805 1350 5857 p.
1400 5788 1517 5842 H5.
1564 5785 1813 5846 Petavius
1860 5785 2013 5847 Tom.
2059 5794 2145 5851 III
2178 5796 2361 5867 Dogm.

2468 5727 2639 5782 Theol.
2677 5728 2763 5782 lib.
2796 5728 2914 5803 [de
2936 5729 3119 5803 Angel.
3150 5747 3263 5802 cap.
3297 5728 3373 5785 ΙΙ.
3404 5730 3653 5786 Dallacus
3692 5728 3755 5783 de
3786 5744 3885 5783 usu
3911 5724 4020 5785 Pa-

2474 5807 2613 5852 trum
2646 5816 2698 5867 p.
2726 5816 2795 5853 m.
2819 5800 2939 5854 968.
