4266 6356
290 389 402 450 369
1096 394 1184 450 DE
1222 394 1317 452 SS.
1352 396 1675 456 MACABIIS
1697 399 2037 459 AEGYPTIO
2074 403 2165 460 ET
2196 402 2708 465 ALEXANDBINO.
3403 406 3508 463 570

292 509 383 563 sui
408 508 633 578 spiritus
669 507 944 578 impertiat
979 511 1227 581 gratiam,
1256 521 1332 577 et,
1355 527 1464 582 quo
1491 528 1623 570 usus
1658 524 1741 570 est
1770 516 1853 570 in-
1881 520 1921 578 Δ
1950 525 2134 583 tatem,
2164 520 2330 575 nullis
2351 528 2653 591 temporum
2682 522 2921 591 periodis
2943 521 3337 577 terminandam
3359 522 3505 578 viam

290 610 598 656 stramento
621 600 687 656 ad
710 601 1156 658 demonstrandas
1183 603 1542 660 exuberantes
1562 620 1689 661 suas
1712 606 1851 661 divi-
1952 608 2204 680 dignetur
2232 611 2485 682 dirigere.
2517 612 2843 683 Scripsimus
2879 614 3092 684 Lipsiae
3129 615 3185 669 in
3232 613 3366 669 urbe
3412 629 3507 683 pa-

290 690 398 745 tias
426 692 757 760 spirituales,
787 692 1040 758 Macario,
1081 694 1201 749 eius
1242 693 1593 751 divinissimis
1629 697 1848 767 scriptis
1952 701 2056 756 tria
2102 703 2192 760 die
2246 704 2321 759 IX
2362 704 2541 761 Martii
2584 706 2741 761 Anno
2788 714 3136 778 recuperatae
3187 706 3378 763 salutis
3418 703 3504 761 clo

286 784 489 841 multas
502 784 568 839 ad
584 802 640 841 se
654 786 892 852 allicere,
908 794 964 841 et
978 787 1034 841 in
1046 794 1268 853 rectam,
1281 802 1420 858 quae
1434 787 1585 845 ducit
1595 788 1661 844 ad
1675 788 1848 846 ielici-
1949 790 2033 849 Ioc
2072 794 2146 850 Ic.
2180 794 2191 867 Ι

1010 966 1021 1036 |
1050 964 1301 1023 SERIES
1332 984 1533 1038 eorum,
1561 989 1696 1045 quae
1725 976 1781 1030 in
1815 977 1910 1033 hoc
1944 977 2072 1033 libro
2099 980 2163 1034 de
2191 979 2424 1035 Macario
2453 982 2803 1035 continentur.

281 1076 331 1157 ξ-
440 1077 517 1157 ge
544 1076 789 1157 Qustpdia
818 1078 1021 1157 (Sardis:
1065 1154 1074 1157 Α
1113 1155 1121 1157 _
3463 1101 3490 1157 l

280 1147 355 1225 IL
439 1147 516 1225 ρο
543 1148 865 1225 ξενίεριίοηε
892 1154 949 1206 in
982 1151 1201 1225 Spiritu.
3426 1147 3498 1225 53

279 1217 355 1295 ΗΕ
440 1218 515 1295 ρο
548 1217 822 1295 9'45""-
924 1217 1034 1295 _,'
3426 1217 3498 1295 Εὖ

278 1286 353 1364 εγ
438 1287 516 1364 ρο
540 1288 803 1364 Patientia
838 1299 888 1364 et
916 1291 1254 1364 Discretione.

277 1356 353 1435 χ,
444 1357 521 1435 pe
542 1359 846 1435 ξιρυαείοηε
869 1363 1075 1421 Mentis.
3392 1356 3495 1435 ιόἐ

280 1426 375 1507 Ἡ-
436 1427 515 1507 ρο
557 1429 844 1507 gnaritate.
869 1503 918 1507 __

432 1497 511 1574 De
560 1499 820 1574 Libertate
860 1503 1066 1559 Mentis.

276 1566 397 1643 XIII
432 1568 883 1643 dpoplitliegmata
903 1574 1126 1632 Macarii
1150 1596 1183 1633 a
1205 1578 1363 1634 Petro
1388 1577 1605 1635 Possino
1627 1581 1786 1638 edita.

276 1635 355 1719 LX
432 1635 1189 1719 ﬁwtytheantatalacariia
1222 1649 1302 1702 Io.
1330 1647 1572 1719 Baptista
1602 1635 1856 1709 Cotelerio
1878 1654 2039 1711 edita.

275 1704 350 1787 ξ,
432 1704 510 1787 {Ie
544 1704 776 1787 yacaiio
800 1713 1005 1787 {ieiuno
1031 1734 1094 1772 ea:
1122 1704 1456 1787 Hieronymo.
1498 1704 1503 1705 ί
1543 1704 1566 1707 ἡ
1880 1704 2039 1711 mm
3386 1704 3492 1782 ΞΞό

272 1772 368 1856 ξ]-
427 1774 507 1856 ρε
534 1779 767 1856 gnara»
793 1782 996 1856 Belatio
1022 1802 1083 1842 ea:
1112 1772 1377 1856 Ρᾳιιάάῶ.
1445 1772 1454 1775 ⁷
3385 1772 3492 1856 iis

267 1842 368 1900 ΧΠ
424 1844 504 1901 De
524 1848 759 1906 Macario
782 1852 1047 1928 Excerpta
1070 1874 1134 1913 ea:
1158 1855 1466 1915 Cassiodoro
1490 1859 1530 1915 '.

330 2002 647 2069 [Sequuntur
666 2010 912 2075 Opnscnla
934 2024 1044 2077 pag.
1070 2014 1242 2079 1-385,
1267 2022 1371 2069 tum
1409 2033 1429 2069 ι
1455 2018 1613 2091 Index
1640 2025 1877 2091 remanet
1908 2020 2159 2091 verborum
2184 2036 2203 2070 ι
2231 2027 2285 2073 et
2310 2036 2329 2072 t
2359 2021 2517 2076 Inde:
2548 2028 2763 2078 locorum
2793 2024 3077 2091 Scriptura
3112 2038 3232 2091 quae
3270 2024 3319 2077 in
3346 2021 3426 2077 his

1449 2081 1705 2145 Opuscutis
1736 2081 1887 2134 obiter
1926 2082 2247 2147 explicantur.
2269 2101 2286 2133 ι

335 2215 358 2237 ⁶
393 2213 522 2288 Leg.
554 2217 827 2275 Cassiano.
856 2219 1226 2281 Cassiodorum
1256 2241 1382 2283 cum
1406 2224 1664 2283 Cassiano
1691 2228 1978 2286 confundit
2006 2229 2233 2287 Pritius.
2261 2230 2414 2288 Ευιτ.

269 2375 3423 2419 W

1120 2550 1783 2665 ANDREAE
1878 2552 2651 2673 GALLANDII

1091 2732 1567 2795 PRESBYTERI
1606 2734 2261 2797 CONGREGATIONIS
2301 2738 2665 2801 ORATORII

1422 2914 2148 3009 PROLEGOME
2171 2919 2323 3010 NA

762 3082 831 3129 IN
868 3084 1049 3130 VITAS
1088 3086 1165 3130 ET
1202 3086 1453 3130 SCRIPTA
1495 3084 1582 3130 SS.
1627 3084 2038 3129 MACARIORUH
2070 3086 2359 3132 AEGYP'I'II
2400 3088 2479 3132 ET
2519 3089 2969 3137 ALEXANDRINI.

715 3190 865 3253 (Bibl.
888 3196 1115 3243 veterum
1140 3193 1341 3244 Patrum
1360 3195 1769 3256 antiquorumque
1793 3190 2085 3253 scriptorum
2108 3193 2558 3245 ecclesiasticorum
2581 3195 2638 3245 T.
2664 3195 2769 3246 VII.
2796 3210 2847 3260 p.
2875 3196 3041 3260 111-v1.)

1334 3361 1481 3435 [Pag.
1510 3361 1603 3435 III]
1634 3362 1711 3417 De
1748 3362 1805 3419 S.
1836 3364 2073 3419 Macario
2096 3365 2367 3436 Aegyptio.

322 3522 365 3578 Ι.
381 3520 642 3576 Macarius
659 3520 839 3575 senior
861 3533 1058 3590 genere
1081 3517 1393 3589 Aegyptius,
1412 3524 1467 3572 et
1482 3515 1663 3587 Magni
1684 3527 2101 3588 cognomentum
2126 3519 2353 3590 adeptus
2368 3522 2467 3593 (l),
2485 3520 2710 3579 ﬂorente
2724 3525 2902 3581 adhuc
2921 3532 3097 3582 aetate
3118 3530 3475 3587 monasticum

245 3616 559 3671 institutum
586 3612 862 3682 amplexus
894 3618 995 3663 est.
1028 3606 1145 3674 Quo
1184 3608 1405 3677 quidem
1444 3616 1689 3678 tempore
1727 3609 2023 3665 virtutibus
2048 3620 2207 3680 atque
2250 3620 2467 3666 austero
2495 3612 2711 3668 vivendi
2742 3631 2941 3686 genere
2974 3616 3109 3672 adeo
3151 3618 3369 3686 enituit,
3415 3629 3477 3676 ut

247 3706 679 3777 παιδαριογέρων
696 3745 710 3768 ,
744 3703 797 3758 id
814 3711 897 3757 est
923 3716 1207 3773 puersenea:
1226 3741 1241 3765 ,
1268 3716 1299 3754 a
1322 3702 1603 3756 monachis
1636 3710 1924 3757 vocaretur
1947 3701 2043 3772 (2),
2066 3703 2322 3771 quoniam
2351 3703 2512 3758 citius
2550 3719 2713 3773 quam
2740 3721 2841 3776 pro
2868 3714 3043 3762 aetate
3064 3707 3120 3763 in
3144 3712 3473 3767 monasticae

244 3800 566 3869 disciplinae
588 3796 782 3851 studiis
807 3794 1129 3865 profecerat.
1156 3793 1421 3864 Deinceps
1450 3809 1580 3848 vero
1613 3794 1669 3847 in
1699 3794 1943 3848 intimam
1975 3793 2325 3849 solitudinem
2357 3795 2637 3862 secedens,
2666 3797 2721 3851 in
2761 3797 2905 3853 Sceti
2945 3800 3129 3855 sedem
3155 3804 3338 3871 posuit
3374 3805 3472 3875 (5).

243 3895 353 3952 Ubi
380 3892 611 3964 egregiis
637 3890 921 3961 religiosae
962 3890 1102 3943 vitae
1129 3888 1520 3943 certaminibus
1549 3888 1801 3958 inclytus,
1828 3888 2183 3958 pluribusque
2224 3889 2424 3958 gratiae
2463 3889 2620 3944 donis
2646 3891 2909 3946 divinitus
2948 3894 3275 3960 cumulatus,
3301 3911 3473 3952 annos

241 3998 408 4045 natus
437 3986 794 4058 quadraginta
831 3985 899 4041 ad
928 3983 1293 4040 sacerdotium
1330 3990 1551 4038 evectus
1580 3992 1682 4037 est.
1717 3984 1904 4053 Magno
1936 3982 2230 4037 Athanasio
2268 3984 2529 4053 aequalis,
2573 3983 2764 4056 Magno
2806 4000 3020 4055 quoque
3049 3987 3283 4043 Antonio
3317 3988 3475 4045 fami-

240 4086 395 4143 liaris
444 4082 543 4153 (4),
573 4099 640 4138 ex
675 4082 778 4137 hac
826 4082 935 4135 vita
968 4080 1220 4150 migravit
1244 4078 1664 4150 nonagenarius,
1694 4088 1977 4148 postquam
2020 4079 2166 4148 ipsos
2198 4093 2369 4133 annos
2409 4078 2685 4147 sexaginta
2719 4078 3011 4133 solitariam
3041 4081 3210 4135 vitam
3249 4081 3469 4151 egisset,

239 4177 485 4233 Palladio
537 4185 709 4241 teste,
770 4177 863 4246 qui
921 4185 977 4229 et
1023 4174 1301 4244 praeclara
1345 4173 1465 4228 eius
1508 4172 1748 4227 facinora
1802 4172 2052 4241 pluribus
2092 4171 2350 4227 edisserit
2391 4170 2487 4243 (5).
2533 4190 2551 4223 ἰ
2599 4171 2742 4238 Quid
2780 4187 2881 4243 ego
2920 4188 3179 4238 narrem,
3226 4192 3244 4226 ›
3292 4174 3471 4244 inquit

240 4274 604 4345 Hieronymus
629 4272 726 4343 (6),
759 4291 776 4323 ι
810 4271 1089 4333 Macarius,
1119 4268 1393 4333 Arsenios,
1420 4268 1744 4339 Serapionas
1772 4276 1828 4323 et
1854 4268 2064 4339 reliqua
2090 4268 2465 4323 columnarum
2491 4266 2697 4323 Christi
2736 4267 2991 4324 nomina?
3031 4286 3052 4321 ι
3095 4268 3227 4325 Eius
3261 4284 3469 4325 memo-

239 4365 321 4418 ria
354 4365 409 4417 in
433 4363 704 4418 Ecclesiae
735 4362 953 4416 Latinae
979 4360 1131 4415 fastis
1156 4361 1243 4415 die
1275 4360 1366 4414 XV
1393 4360 1635 4415 Januarii
1662 4360 1942 4415 recolitur.

311 4458 375 4512 ll.
408 4458 527 4511 Non
550 4457 726 4514 solum
750 4466 933 4512 autem
964 4457 1105 4510 vitae
1136 4455 1425 4511 sanctioris
1453 4454 1718 4509 institutis
1752 4453 1985 4509 eximius
2010 4452 2216 4508 exstitit
2256 4452 2520 4508 Macarius
2554 4452 2866 4525 Aegyptius,
2896 4453 2991 4511 sed
3024 4454 3187 4511 etiam
3219 4455 3468 4513 doctrina

236 4559 520 4617 praestans
548 4562 935 4615 sacrarumque
960 4546 1245 4600 literarum
1270 4545 1497 4601 scientia
1521 4545 1765 4614 apprime
1790 4546 2041 4600 excultus
2070 4544 2235 4598 fuisse
2258 4545 2607 4613 comperitur.
2645 4546 2756 4601 Sub
2786 4547 2905 4601 eius
2929 4548 3147 4603 nomine
3179 4548 3469 4604 circumfe-

238 4652 437 4697 runtur
466 4642 729 4695 Homiliae
755 4641 1147 4711 quinquaginta
1168 4641 1230 4693 de
1259 4642 1558 4710 integritate
1585 4657 1718 4711 quae
1750 4641 1890 4694 decet
1916 4640 2257 4704 Christianos,
2292 4640 2590 4709 spiritualis
2618 4642 2765 4696 succi
2795 4644 3003 4713 plenae.
3032 4644 3139 4701 Has
3164 4647 3374 4713 primus
3398 4662 3465 4700 ex

233 4739 424 4795 codice
450 4738 813 4792 Bibliothecae
844 4737 1040 4807 Regiae
1085 4751 1275 4807 graece
1307 4736 1581 4807 latineque
1625 4736 1798 4791 edidit
1836 4736 2056 4793 Parisiis
2094 4736 2329 4791 Joannes
2362 4737 2540 4801 Picus,
2568 4737 2625 4791 in
2661 4747 2849 4793 senatu
2884 4740 3173 4795 Parisiensi
3207 4742 3461 4796 classium

232 4834 705 4905 inquisitoriarum
732 4849 981 4899 praeses;
1017 4833 1315 4902 eademque
1336 4833 1505 4888 editio
1529 4848 1653 4887 cum
1676 4834 1921 4903 Gregorii
1961 4832 2349 4901 Thaumaturgi
2374 4840 2429 4885 et
2470 4832 2653 4887 Basilii
2683 4833 3045 4890 Seleuciensis
3073 4837 3332 4905 operibus
3359 4836 3463 4890 ibi-

230 4930 357 4999 dem
384 4931 579 4985 iterum
601 4928 804 4998 prodiit
826 4944 968 4983 anno
994 4928 1147 4983 i621.
1171 4928 1343 4983 Antea
1367 4944 1517 4993 vero,
1553 4944 1695 4983 anno
1734 4928 1942 4983 scilicet
1971 4927 2127 4990 1594,
2156 4942 2221 4981 ex
2252 4926 2499 4981 versione
2538 4926 2827 4983 Zachariae
2866 4929 3132 4984 Palthenii
3173 4930 3463 4985 Friedber-

228 5028 413 5101 gensis
459 5026 797 5081 Francofurti
842 5025 1057 5081 fuerant
1099 5024 1324 5080 eaedem
1374 5024 1647 5079 Homeliae
1692 5023 1931 5079 secundo
1975 5025 2279 5094 evulgatae.
2325 5024 2501 5091 Atque
2547 5023 2689 5078 hanc
2732 5024 3089 5094 posteriorem
3137 5025 3455 5090 editionem,

228 5134 425 5191 graeco
452 5126 603 5174 textu
624 5134 691 5173 ex
715 5132 844 5172 mss.
873 5116 1172 5181 codicibus,
1197 5133 1334 5188 quos
1361 5118 1417 5171 in
1443 5116 1557 5171 suis
1580 5116 1841 5171 Ecclesiae
1869 5116 2099 5173 Graecae
2117 5117 2462 5171 Monumentis
2484 5116 2741 5170 excitavit
2761 5116 3085 5181 Cotelerius,
3112 5117 3455 5186 potissimum

226 5214 520 5278 recensita,
550 5228 612 5267 ac
650 5212 901 5267 versione
942 5212 1293 5267 Paltheniana
1335 5212 1565 5268 subinde
1605 5213 1883 5283 castigata,
1926 5228 2119 5267 rursus
2160 5213 2311 5282 prelo
2351 5210 2623 5265 commisit
2649 5210 2861 5281 Lipsiae
2892 5227 3035 5266 anno
3058 5211 3192 5266 i698
3221 5212 3455 5267 Joannes

1730 5332 1957 5389 NOTAE
1968 5373 1983 5388 .

298 5445 376 5514 (1)
406 5444 623 5515 Pallad.
660 5442 799 5498 Hist.
858 5443 1018 5515 Laus.
1074 5460 1193 5514 cap.
1221 5445 1289 5499 20
1330 5463 1383 5515 p.
1436 5446 1577 5512 924;
1638 5446 1784 5515 Δρο-
1888 5446 2179 5515 'I‘illemont
2228 5443 2515 5500 Mémoires
2541 5444 2675 5500 eccl.
2714 5443 2777 5500 T.
2813 5443 2927 5501 VIII
2987 5460 3042 5515 p.
3096 5444 3199 5501 806
3226 5445 3350 5501 Not.
3381 5444 3450 5501 IV

219 5515 574 5641 ghthegmata
600 5514 820 5569 Patrum
850 5528 936 5585 ap.
965 5514 1198 5570 Coteler.
1227 5514 1371 5572 Eccl.
1409 5516 1598 5572 Graec.
1636 5514 1778 5572 Non.
1893 5530 1991 5569 sur
2024 5514 2079 5569 S.
2116 5515 2367 5589 Macaire.

274 5628 288 5641 .
320 5586 338 5639 Ι
368 5601 421 5641 n.
454 5584 573 5639 557.
1958 5583 2031 5641 (5)
2062 5584 2261 5638 Pallad.
2297 5584 2332 5637 l.

274 5583 573 5655 .lp3557.
640 5652 701 5655 __
814 5583 935 5655 ῌλ
1390 5654 1395 5655 γ
1958 5612 1959 5631 ι

1390 5654 1395 5655 ί
1958 5583 2031 5655 (5)
2062 5584 2261 5655 Pallad.
2297 5584 2332 5637 1.
2366 5585 2403 5639 1.
2431 5584 2646 5655 cap.I_9.

293 5601 610 5787 (apsum;
640 5652 776 5708 Hist.
814 5653 960 5708 Eccl.
991 5653 1088 5708 lib.
1117 5654 1185 5708 ιιι
1218 5670 1337 5725 cap.
1376 5654 1461 5709 η.
1958 5601 1978 5721 ξ

316 5726 349 5777 3
397 5724 598 5778 Pallad.
630 5724 665 5777 1.
701 5723 735 5775 1.
761 5737 879 5787 cap.
914 5724 979 5777 19
1004 5738 1056 5787 p.
1091 5723 1213 5778 921.
1894 5723 1921 5787 ς
1954 5724 1977 5776 1

1958 5601 2040 5724 ((2?)
2062 5601 2403 5733 ξίδηῧῗᾴτῖἑηΫ
2564 5601 2720 5709 ab"
2744 5654 2814 5707 al.
2861 5654 3049 5709 xxvu
3081 5655 3147 5709 ad
3181 5654 3441 5709 Eustoch.

1894 5723 2039 5787 εΗ,
2084 5722 2139 5777 S.
2192 5723 2411 5777 H1eron.
2466 5724 2601 5787 Opp.
2659 5724 2744 5777 ed.
2792 5724 2990 5779 Veron.
3047 5726 3109 5779 Τ.
3161 5727 3180 5781 I
3248 5740 3300 5787 ι).
3343 5725 3441 5781 698

316 5722 370 5796 3)
397 5724 598 5796 Pallad.
630 5723 735 5796 l._l.
761 5724 979 5796 c_ap._19
1003 5738 1056 5792 p.
1091 5723 1213 5796 Q21.
1284 5722 1333 5796 ’ᾖ
1407 5795 1416 5796 7
1540 5794 1629 5796 _A__
1894 5722 2039 5796 iis,
2084 5722 2158 5796 S._
2192 5723 2411 5796 Hieron.
2446 5724 3109 5796 >Opp.__ed_._Veron.g_T.
3161 5727 3180 5781 Ι
3247 5740 3300 5796 p.
3343 5725 3448 5781 698

293 5740 1213 5792 (oira11aa.1.1.cap.wp.321.
1954 5740 2039 5786 u,
2084 5740 2139 5777 δ.
2192 5740 2411 5777 meron.
2466 5740 2509 5778 U
2591 5766 2601 5777 .
2659 5740 2744 5777 ea.
2800 5740 2990 5779 veron.
3048 5740 3061 5777 λ

292 5794 370 5865 (ι)
398 5794 633 5851 Coteler.
678 5792 826 5849 Eccl.
862 5792 1053 5849 Graec.
1100 5794 1242 5851 Mon.
1290 5794 1355 5850 T.
1401 5795 1501 5866 lp.
1536 5794 1640 5851 550
1675 5810 1783 5866 sq.;
1893 5740 2089 5867 {ligna
2116 5792 2181 5851 Τ.
2207 5793 2229 5850 I
2258 5792 2482 5867 [Patro].
2615 5792 2781 5867 XXII]
2830 5810 2883 5866 p.
2917 5791 3061 5867 890].
