  <div class='ocr_page' id='page_1' title='image "/cluster/home/n/w/nwhite01/storage/ocr_20150623/34/nnc1.0046978860/195.png"; bbox 0 0 4266 6356; ppageno 0'>
   <div class='ocr_carea' id='block_1_1' title="bbox 815 361 4059 422">
    <p class='ocr_par' dir='ltr' id='par_1_1' title="bbox 815 361 4059 422">
     <span class='ocr_line' id='line_1_1' title="bbox 815 361 4059 422; baseline 0.001 -4"><span class='ocrx_word' id='word_1_1' title='bbox 815 361 912 418; x_wconf 73' lang='lat'><strong>371</strong></span> <span class='ocrx_word' id='word_1_2' title='bbox 1793 363 2114 418; x_wconf 74' lang='lat' dir='ltr'><strong>ANDREAE</strong></span> <span class='ocrx_word' id='word_1_3' title='bbox 2154 364 2518 419; x_wconf 70' lang='lat' dir='ltr'><strong>GALLANDII</strong></span> <span class='ocrx_word' id='word_1_4' title='bbox 2573 366 3075 422; x_wconf 61' lang='lat' dir='ltr'><strong>PIIOLEGOMENA</strong></span> <span class='ocrx_word' id='word_1_5' title='bbox 3950 364 4059 420; x_wconf 72' lang='lat'><strong>372</strong></span> 
     </span>
    </p>
   </div>
   <div class='ocr_carea' id='block_1_2' title="bbox 816 477 4061 551">
    <p class='ocr_par' dir='ltr' id='par_1_2' title="bbox 816 477 4061 551">
     <span class='ocr_line' id='line_1_2' title="bbox 816 477 4061 551; baseline -0.001 -17"><span class='ocrx_word' id='word_1_6' title='bbox 816 477 1075 549; x_wconf 76' lang='lat' dir='ltr'><strong>Georgius</strong></span> <span class='ocrx_word' id='word_1_7' title='bbox 1107 479 1307 532; x_wconf 84' lang='lat' dir='ltr'><strong>Pritius</strong></span> <span class='ocrx_word' id='word_1_8' title='bbox 1352 478 1549 533; x_wconf 89' lang='lat' dir='ltr'><strong>additis</strong></span> <span class='ocrx_word' id='word_1_9' title='bbox 1575 490 1855 548; x_wconf 89' lang='lat' dir='ltr'><strong>praeterea</strong></span> <span class='ocrx_word' id='word_1_10' title='bbox 1888 491 2092 550; x_wconf 81' lang='lat' dir='ltr'><strong>septem</strong></span> <span class='ocrx_word' id='word_1_11' title='bbox 2138 485 2416 551; x_wconf 84' lang='lat' dir='ltr'><strong>opusculis</strong></span> <span class='ocrx_word' id='word_1_12' title='bbox 2459 485 2726 549; x_wconf 85' lang='lat' dir='ltr'><strong>asceticis,</strong></span> <span class='ocrx_word' id='word_1_13' title='bbox 2759 502 2788 539; x_wconf 92' lang='lat' dir='ltr'><strong>a</strong></span> <span class='ocrx_word' id='word_1_14' title='bbox 2829 486 2991 539; x_wconf 83' lang='lat' dir='ltr'><strong>Petro</strong></span> <span class='ocrx_word' id='word_1_15' title='bbox 3027 485 3253 537; x_wconf 88' lang='lat' dir='ltr'><strong>Possino</strong></span> <span class='ocrx_word' id='word_1_16' title='bbox 3289 484 3342 536; x_wconf 88' lang='lat' dir='ltr'><strong>in</strong></span> <span class='ocrx_word' id='word_1_17' title='bbox 3389 483 3650 536; x_wconf 81' lang='lat' dir='ltr'><strong>Thesauro</strong></span> <span class='ocrx_word' id='word_1_18' title='bbox 3675 482 3908 536; x_wconf 77' lang='lat' dir='ltr'><strong>Ascetico</strong></span> <span class='ocrx_word' id='word_1_19' title='bbox 3944 483 4061 547; x_wconf 56' lang='lat' dir='ltr'><strong>pri-</strong></span> 
     </span>
    </p>
   </div>
   <div class='ocr_carea' id='block_1_3' title="bbox 816 572 4060 644">
    <p class='ocr_par' dir='ltr' id='par_1_3' title="bbox 816 572 4060 644">
     <span class='ocr_line' id='line_1_3' title="bbox 816 572 4060 644; baseline -0 -19"><span class='ocrx_word' id='word_1_20' title='bbox 816 590 965 626; x_wconf 89' lang='lat' dir='ltr'><strong>mum</strong></span> <span class='ocrx_word' id='word_1_21' title='bbox 996 575 1049 626; x_wconf 91' lang='lat' dir='ltr'><strong>in</strong></span> <span class='ocrx_word' id='word_1_22' title='bbox 1092 573 1268 626; x_wconf 83' lang='lat' dir='ltr'><strong>lucem</strong></span> <span class='ocrx_word' id='word_1_23' title='bbox 1293 572 1524 636; x_wconf 91' lang='lat' dir='ltr'><strong>eductis,</strong></span> <span class='ocrx_word' id='word_1_24' title='bbox 1555 573 1919 642; x_wconf 74' lang='lat' dir='ltr'><strong>subiectisque</strong></span> <span class='ocrx_word' id='word_1_25' title='bbox 1948 576 2108 628; x_wconf 86' lang='lat' dir='ltr'><strong>simul</strong></span> <span class='ocrx_word' id='word_1_26' title='bbox 2147 576 2391 629; x_wconf 91' lang='lat' dir='ltr'><strong>eiusdem</strong></span> <span class='ocrx_word' id='word_1_27' title='bbox 2435 579 2608 630; x_wconf 79' lang='lat' dir='ltr'><strong>sancti</strong></span> <span class='ocrx_word' id='word_1_28' title='bbox 2641 578 2855 631; x_wconf 76' lang='lat' dir='ltr'><strong>abbatis</strong></span> <span class='ocrx_word' id='word_1_29' title='bbox 2887 575 3370 644; x_wconf 82' lang='lat' dir='ltr'><strong>Apophthegmatis</strong></span> <span class='ocrx_word' id='word_1_30' title='bbox 3409 591 3532 627; x_wconf 86' lang='lat' dir='ltr'><strong>cum</strong></span> <span class='ocrx_word' id='word_1_31' title='bbox 3563 573 3896 628; x_wconf 86' lang='lat' dir='ltr'><strong>Possinianis</strong></span> <span class='ocrx_word' id='word_1_32' title='bbox 3939 583 4060 625; x_wconf 72' lang='lat' dir='ltr'><strong>tum</strong></span> 
     </span>
    </p>
   </div>
   <div class='ocr_carea' id='block_1_4' title="bbox 815 663 4064 736">
    <p class='ocr_par' dir='ltr' id='par_1_4' title="bbox 815 663 4064 736">
     <span class='ocr_line' id='line_1_4' title="bbox 815 663 4064 736; baseline -0 -20"><span class='ocrx_word' id='word_1_33' title='bbox 815 663 1190 726; x_wconf 88' lang='lat' dir='ltr'><strong>Cotelerianis,</strong></span> <span class='ocrx_word' id='word_1_34' title='bbox 1221 679 1452 717; x_wconf 87' lang='lat' dir='ltr'><strong>necnon</strong></span> <span class='ocrx_word' id='word_1_35' title='bbox 1489 665 1778 734; x_wconf 80' lang='lat' dir='ltr'><strong>excerptis,</strong></span> <span class='ocrx_word' id='word_1_36' title='bbox 1807 682 1944 734; x_wconf 91' lang='lat' dir='ltr'><strong>quae</strong></span> <span class='ocrx_word' id='word_1_37' title='bbox 1974 667 2040 720; x_wconf 89' lang='lat' dir='ltr'><strong>de</strong></span> <span class='ocrx_word' id='word_1_38' title='bbox 2067 678 2254 721; x_wconf 90' lang='lat' dir='ltr'><strong>nostro</strong></span> <span class='ocrx_word' id='word_1_39' title='bbox 2284 669 2516 722; x_wconf 88' lang='lat' dir='ltr'><strong>Macario</strong></span> <span class='ocrx_word' id='word_1_40' title='bbox 2546 670 2600 722; x_wconf 93' lang='lat' dir='ltr'><strong>in</strong></span> <span class='ocrx_word' id='word_1_41' title='bbox 2631 670 2765 724; x_wconf 81' lang='lat' dir='ltr'><strong>Vitis</strong></span> <span class='ocrx_word' id='word_1_42' title='bbox 2800 669 3021 724; x_wconf 83' lang='lat' dir='ltr'><strong>Patrum</strong></span> <span class='ocrx_word' id='word_1_43' title='bbox 3049 677 3103 720; x_wconf 84' lang='lat' dir='ltr'><strong>et</strong></span> <span class='ocrx_word' id='word_1_44' title='bbox 3130 668 3272 736; x_wconf 86' lang='lat' dir='ltr'><strong>apud</strong></span> <span class='ocrx_word' id='word_1_45' title='bbox 3320 667 3616 720; x_wconf 88' lang='lat' dir='ltr'><strong>Palladium</strong></span> <span class='ocrx_word' id='word_1_46' title='bbox 3655 676 3815 734; x_wconf 90' lang='lat' dir='ltr'><strong>atque</strong></span> <span class='ocrx_word' id='word_1_47' title='bbox 3843 663 4064 717; x_wconf 81' lang='lat' dir='ltr'><strong>Cassia-</strong></span> 
     </span>
    </p>
   </div>
   <div class='ocr_carea' id='block_1_5' title="bbox 819 756 4065 832">
    <p class='ocr_par' dir='ltr' id='par_1_5' title="bbox 819 756 4065 832">
     <span class='ocr_line' id='line_1_5' title="bbox 819 756 4065 832; baseline 0 -24"><span class='ocrx_word' id='word_1_48' title='bbox 819 773 948 809; x_wconf 89' lang='lat' dir='ltr'><strong>num</strong></span> <span class='ocrx_word' id='word_1_49' title='bbox 976 757 1263 811; x_wconf 82' lang='lat' dir='ltr'><strong>habentur.</strong></span> <span class='ocrx_word' id='word_1_50' title='bbox 1289 756 1458 823; x_wconf 88' lang='lat' dir='ltr'><strong>Quam</strong></span> <span class='ocrx_word' id='word_1_51' title='bbox 1494 769 1780 828; x_wconf 84' lang='lat' dir='ltr'><strong>propterea</strong></span> <span class='ocrx_word' id='word_1_52' title='bbox 1807 761 2100 816; x_wconf 86' lang='lat' dir='ltr'><strong>editionem</strong></span> <span class='ocrx_word' id='word_1_53' title='bbox 2125 764 2322 818; x_wconf 84' lang='lat' dir='ltr'><strong>ceteris</strong></span> <span class='ocrx_word' id='word_1_54' title='bbox 2348 765 2648 818; x_wconf 87' lang='lat' dir='ltr'><strong>auctiorem</strong></span> <span class='ocrx_word' id='word_1_55' title='bbox 2672 763 3172 831; x_wconf 84' lang='lat' dir='ltr'><strong>accuratioremque</strong></span> <span class='ocrx_word' id='word_1_56' title='bbox 3209 763 3346 832; x_wconf 72' lang='lat' dir='ltr'><strong>typis</strong></span> <span class='ocrx_word' id='word_1_57' title='bbox 3372 761 3743 816; x_wconf 78' lang='lat' dir='ltr'><strong>excudendam</strong></span> <span class='ocrx_word' id='word_1_58' title='bbox 3769 759 4065 827; x_wconf 68' lang='lat' dir='ltr'><strong>consigna-</strong></span> 
     </span>
    </p>
   </div>
   <div class='ocr_carea' id='block_1_6' title="bbox 821 861 1016 901">
    <p class='ocr_par' dir='ltr' id='par_1_6' title="bbox 821 861 1016 901">
     <span class='ocr_line' id='line_1_6' title="bbox 821 861 1016 901; baseline 0.015 -5"><span class='ocrx_word' id='word_1_59' title='bbox 821 861 1016 901; x_wconf 69' lang='lat' dir='ltr'><strong>vnmus.</strong></span> 
     </span>
    </p>
   </div>
   <div class='ocr_carea' id='block_1_7' title="bbox 892 937 4063 1015">
    <p class='ocr_par' dir='ltr' id='par_1_7' title="bbox 892 937 4063 1015">
     <span class='ocr_line' id='line_1_7' title="bbox 892 937 4063 1015; baseline -0.001 -25"><span class='ocrx_word' id='word_1_60' title='bbox 892 938 977 990; x_wconf 93' lang='lat' dir='ltr'><strong>Ill.</strong></span> <span class='ocrx_word' id='word_1_61' title='bbox 1011 939 1084 991; x_wconf 90' lang='lat' dir='ltr'><strong>De</strong></span> <span class='ocrx_word' id='word_1_62' title='bbox 1121 937 1478 993; x_wconf 90' lang='lat' dir='ltr'><strong>IIomiliarum</strong></span> <span class='ocrx_word' id='word_1_63' title='bbox 1517 956 1684 1009; x_wconf 91' lang='lat' dir='ltr'><strong>porro</strong></span> <span class='ocrx_word' id='word_1_64' title='bbox 1722 943 2033 1012; x_wconf 79' lang='lat' dir='ltr'><strong>integritate</strong></span> <span class='ocrx_word' id='word_1_65' title='bbox 2077 952 2138 997; x_wconf 92' lang='lat' dir='ltr'><strong>ut</strong></span> <span class='ocrx_word' id='word_1_66' title='bbox 2183 946 2370 1013; x_wconf 86' lang='lat' dir='ltr'><strong>paucis</strong></span> <span class='ocrx_word' id='word_1_67' title='bbox 2403 961 2644 1015; x_wconf 81' lang='lat' dir='ltr'><strong>agamus,</strong></span> <span class='ocrx_word' id='word_1_68' title='bbox 2685 961 2872 999; x_wconf 89' lang='lat' dir='ltr'><strong>earum</strong></span> <span class='ocrx_word' id='word_1_69' title='bbox 2905 954 3181 999; x_wconf 88' lang='lat' dir='ltr'><strong>auctorem</strong></span> <span class='ocrx_word' id='word_1_70' title='bbox 3215 944 3506 996; x_wconf 85' lang='lat' dir='ltr'><strong>Maearium</strong></span> <span class='ocrx_word' id='word_1_71' title='bbox 3537 940 3856 1010; x_wconf 79' lang='lat' dir='ltr'><strong>Aegyptium</strong></span> <span class='ocrx_word' id='word_1_72' title='bbox 3891 951 4063 1005; x_wconf 86' lang='lat' dir='ltr'><strong>agno-</strong></span> 
     </span>
    </p>
   </div>
   <div class='ocr_carea' id='block_1_8' title="bbox 818 1030 4060 1106">
    <p class='ocr_par' dir='ltr' id='par_1_8' title="bbox 818 1030 4060 1106">
     <span class='ocr_line' id='line_1_8' title="bbox 818 1030 4060 1106; baseline 0 -25"><span class='ocrx_word' id='word_1_73' title='bbox 818 1039 974 1081; x_wconf 85' lang='lat' dir='ltr'><strong>scunt</strong></span> <span class='ocrx_word' id='word_1_74' title='bbox 1003 1044 1111 1081; x_wconf 89' lang='lat' dir='ltr'><strong>non</strong></span> <span class='ocrx_word' id='word_1_75' title='bbox 1138 1030 1311 1083; x_wconf 88' lang='lat' dir='ltr'><strong>solum</strong></span> <span class='ocrx_word' id='word_1_76' title='bbox 1335 1033 1586 1101; x_wconf 88' lang='lat' dir='ltr'><strong>impressi</strong></span> <span class='ocrx_word' id='word_1_77' title='bbox 1631 1035 1862 1097; x_wconf 88' lang='lat' dir='ltr'><strong>codices,</strong></span> <span class='ocrx_word' id='word_1_78' title='bbox 1898 1052 2087 1090; x_wconf 90' lang='lat' dir='ltr'><strong>verum</strong></span> <span class='ocrx_word' id='word_1_79' title='bbox 2111 1038 2271 1091; x_wconf 90' lang='lat' dir='ltr'><strong>etiam</strong></span> <span class='ocrx_word' id='word_1_80' title='bbox 2295 1053 2423 1090; x_wconf 89' lang='lat' dir='ltr'><strong>mss.</strong></span> <span class='ocrx_word' id='word_1_81' title='bbox 2448 1039 2770 1106; x_wconf 81' lang='lat' dir='ltr'><strong>complures,</strong></span> <span class='ocrx_word' id='word_1_82' title='bbox 2798 1053 2934 1105; x_wconf 92' lang='lat' dir='ltr'><strong>quos</strong></span> <span class='ocrx_word' id='word_1_83' title='bbox 2955 1038 3176 1090; x_wconf 86' lang='lat' dir='ltr'><strong>laudant</strong></span> <span class='ocrx_word' id='word_1_84' title='bbox 3203 1036 3634 1090; x_wconf 88' lang='lat' dir='ltr'><strong>Montfauconius</strong></span> <span class='ocrx_word' id='word_1_85' title='bbox 3673 1035 3746 1102; x_wconf 87' lang='lat'><strong>(7)</strong></span> <span class='ocrx_word' id='word_1_86' title='bbox 3772 1043 3828 1085; x_wconf 87' lang='lat' dir='ltr'><strong>et</strong></span> <span class='ocrx_word' id='word_1_87' title='bbox 3859 1031 4060 1084; x_wconf 83' lang='lat' dir='ltr'><strong>Fabri-</strong></span> 
     </span>
    </p>
   </div>
   <div class='ocr_carea' id='block_1_9' title="bbox 818 1120 4057 1197">
    <p class='ocr_par' dir='ltr' id='par_1_9' title="bbox 818 1120 4057 1197">
     <span class='ocr_line' id='line_1_9' title="bbox 818 1120 4057 1197; baseline 0.001 -26"><span class='ocrx_word' id='word_1_88' title='bbox 818 1120 935 1172; x_wconf 85' lang='lat' dir='ltr'><strong>cius</strong></span> <span class='ocrx_word' id='word_1_89' title='bbox 967 1121 1064 1188; x_wconf 83' lang='lat'><strong>(8).</strong></span> <span class='ocrx_word' id='word_1_90' title='bbox 1103 1122 1288 1190; x_wconf 88' lang='lat' dir='ltr'><strong>Neque</strong></span> <span class='ocrx_word' id='word_1_91' title='bbox 1321 1140 1451 1178; x_wconf 91' lang='lat' dir='ltr'><strong>vero</strong></span> <span class='ocrx_word' id='word_1_92' title='bbox 1492 1126 1591 1179; x_wconf 88' lang='lat' dir='ltr'><strong>hac</strong></span> <span class='ocrx_word' id='word_1_93' title='bbox 1621 1126 1687 1179; x_wconf 93' lang='lat' dir='ltr'><strong>de</strong></span> <span class='ocrx_word' id='word_1_94' title='bbox 1719 1143 1778 1180; x_wconf 89' lang='lat' dir='ltr'><strong>re</strong></span> <span class='ocrx_word' id='word_1_95' title='bbox 1815 1144 2051 1196; x_wconf 89' lang='lat' dir='ltr'><strong>unquam</strong></span> <span class='ocrx_word' id='word_1_96' title='bbox 2101 1131 2324 1184; x_wconf 89' lang='lat' dir='ltr'><strong>suborta</strong></span> <span class='ocrx_word' id='word_1_97' title='bbox 2372 1130 2549 1183; x_wconf 84' lang='lat' dir='ltr'><strong>fuerat</strong></span> <span class='ocrx_word' id='word_1_98' title='bbox 2587 1131 2878 1192; x_wconf 87' lang='lat' dir='ltr'><strong>dubitatio,</strong></span> <span class='ocrx_word' id='word_1_99' title='bbox 2929 1131 3102 1184; x_wconf 91' lang='lat' dir='ltr'><strong>donec</strong></span> <span class='ocrx_word' id='word_1_100' title='bbox 3136 1131 3300 1183; x_wconf 88' lang='lat' dir='ltr'><strong>alium</strong></span> <span class='ocrx_word' id='word_1_101' title='bbox 3337 1129 3403 1181; x_wconf 88' lang='lat' dir='ltr'><strong>ab</strong></span> <span class='ocrx_word' id='word_1_102' title='bbox 3443 1129 3705 1197; x_wconf 80' lang='lat' dir='ltr'><strong>Aegyptio</strong></span> <span class='ocrx_word' id='word_1_103' title='bbox 3737 1124 4057 1185; x_wconf 86' lang='lat' dir='ltr'><strong>Maearium,</strong></span> 
     </span>
    </p>
   </div>
   <div class='ocr_carea' id='block_1_10' title="bbox 819 1212 4059 1290">
    <p class='ocr_par' dir='ltr' id='par_1_10' title="bbox 819 1212 4059 1290">
     <span class='ocr_line' id='line_1_10' title="bbox 819 1212 4059 1290; baseline 0.001 -27"><span class='ocrx_word' id='word_1_104' title='bbox 819 1212 1078 1266; x_wconf 84' lang='lat' dir='ltr'><strong>Amathae</strong></span> <span class='ocrx_word' id='word_1_105' title='bbox 1110 1215 1313 1267; x_wconf 91' lang='lat' dir='ltr'><strong>socium</strong></span> <span class='ocrx_word' id='word_1_106' title='bbox 1339 1225 1393 1269; x_wconf 87' lang='lat' dir='ltr'><strong>et</strong></span> <span class='ocrx_word' id='word_1_107' title='bbox 1425 1217 1597 1286; x_wconf 82' lang='lat' dir='ltr'><strong>Magni</strong></span> <span class='ocrx_word' id='word_1_108' title='bbox 1632 1218 1851 1272; x_wconf 81' lang='lat' dir='ltr'><strong>Antonii</strong></span> <span class='ocrx_word' id='word_1_109' title='bbox 1879 1220 2227 1288; x_wconf 88' lang='lat' dir='ltr'><strong>discipulum,</strong></span> <span class='ocrx_word' id='word_1_110' title='bbox 2254 1222 2556 1290; x_wconf 82' lang='lat' dir='ltr'><strong>excogitare</strong></span> <span class='ocrx_word' id='word_1_111' title='bbox 2582 1223 2786 1290; x_wconf 79' lang='lat' dir='ltr'><strong>placuit</strong></span> <span class='ocrx_word' id='word_1_112' title='bbox 2819 1222 2979 1276; x_wconf 89' lang='lat' dir='ltr'><strong>Petro</strong></span> <span class='ocrx_word' id='word_1_113' title='bbox 3011 1223 3255 1283; x_wconf 86' lang='lat' dir='ltr'><strong>Possino,</strong></span> <span class='ocrx_word' id='word_1_114' title='bbox 3288 1236 3520 1288; x_wconf 89' lang='lat' dir='ltr'><strong>eumque</strong></span> <span class='ocrx_word' id='word_1_115' title='bbox 3553 1221 3666 1273; x_wconf 86' lang='lat' dir='ltr'><strong>sive</strong></span> <span class='ocrx_word' id='word_1_116' title='bbox 3696 1217 4059 1271; x_wconf 85' lang='lat' dir='ltr'><strong>Ilomiliaruiu</strong></span> 
     </span>
    </p>
   </div>
   <div class='ocr_carea' id='block_1_11' title="bbox 819 1305 4060 1386">
    <p class='ocr_par' dir='ltr' id='par_1_11' title="bbox 819 1305 4060 1386">
     <span class='ocr_line' id='line_1_11' title="bbox 819 1305 4060 1386; baseline 0.002 -30"><span class='ocrx_word' id='word_1_117' title='bbox 819 1305 1230 1374; x_wconf 77' lang='lat' dir='ltr'><strong>quinquaginta,</strong></span> <span class='ocrx_word' id='word_1_118' title='bbox 1268 1309 1380 1363; x_wconf 90' lang='lat' dir='ltr'><strong>sive</strong></span> <span class='ocrx_word' id='word_1_119' title='bbox 1409 1318 1614 1380; x_wconf 84' lang='lat' dir='ltr'><strong>septem</strong></span> <span class='ocrx_word' id='word_1_120' title='bbox 1659 1313 2055 1380; x_wconf 89' lang='lat' dir='ltr'><strong>Opusculorum</strong></span> <span class='ocrx_word' id='word_1_121' title='bbox 2096 1317 2450 1370; x_wconf 89' lang='lat' dir='ltr'><strong>asceticorum</strong></span> <span class='ocrx_word' id='word_1_122' title='bbox 2482 1318 2549 1370; x_wconf 92' lang='lat' dir='ltr'><strong>ab</strong></span> <span class='ocrx_word' id='word_1_123' title='bbox 2584 1333 2641 1371; x_wconf 91' lang='lat' dir='ltr'><strong>se</strong></span> <span class='ocrx_word' id='word_1_124' title='bbox 2686 1317 2956 1372; x_wconf 88' lang='lat' dir='ltr'><strong>editorum</strong></span> <span class='ocrx_word' id='word_1_125' title='bbox 2997 1327 3277 1386; x_wconf 86' lang='lat' dir='ltr'><strong>parentem</strong></span> <span class='ocrx_word' id='word_1_126' title='bbox 3320 1327 3555 1371; x_wconf 84' lang='lat' dir='ltr'><strong>statuere</strong></span> <span class='ocrx_word' id='word_1_127' title='bbox 3587 1313 3683 1383; x_wconf 90' lang='lat'><strong>(9).</strong></span> <span class='ocrx_word' id='word_1_128' title='bbox 3713 1313 3918 1366; x_wconf 71' lang='lat' dir='ltr'><strong>Verum</strong></span> <span class='ocrx_word' id='word_1_129' title='bbox 3953 1310 4060 1363; x_wconf 85' lang='lat' dir='ltr'><strong>viri</strong></span> 
     </span>
    </p>
   </div>
   <div class='ocr_carea' id='block_1_12' title="bbox 821 1395 4063 1477">
    <p class='ocr_par' dir='ltr' id='par_1_12' title="bbox 821 1395 4063 1477">
     <span class='ocr_line' id='line_1_12' title="bbox 821 1395 4063 1477; baseline 0.002 -29"><span class='ocrx_word' id='word_1_130' title='bbox 821 1396 963 1448; x_wconf 91' lang='lat' dir='ltr'><strong>docti</strong></span> <span class='ocrx_word' id='word_1_131' title='bbox 995 1395 1189 1463; x_wconf 89' lang='lat' dir='ltr'><strong>placita</strong></span> <span class='ocrx_word' id='word_1_132' title='bbox 1234 1414 1341 1451; x_wconf 87' lang='lat' dir='ltr'><strong>non</strong></span> <span class='ocrx_word' id='word_1_133' title='bbox 1389 1414 1506 1453; x_wconf 85' lang='lat' dir='ltr'><strong>esse</strong></span> <span class='ocrx_word' id='word_1_134' title='bbox 1536 1403 1757 1455; x_wconf 91' lang='lat' dir='ltr'><strong>omnino</strong></span> <span class='ocrx_word' id='word_1_135' title='bbox 1794 1404 2163 1470; x_wconf 89' lang='lat' dir='ltr'><strong>admittenda,</strong></span> <span class='ocrx_word' id='word_1_136' title='bbox 2207 1407 2459 1474; x_wconf 87' lang='lat' dir='ltr'><strong>pluribus</strong></span> <span class='ocrx_word' id='word_1_137' title='bbox 2502 1409 2761 1462; x_wconf 79' lang='lat' dir='ltr'><strong>evincunt</strong></span> <span class='ocrx_word' id='word_1_138' title='bbox 2803 1407 3012 1462; x_wconf 88' lang='lat' dir='ltr'><strong>Caveus</strong></span> <span class='ocrx_word' id='word_1_139' title='bbox 3042 1408 3151 1477; x_wconf 90' lang='lat'><strong>(10)</strong></span> <span class='ocrx_word' id='word_1_140' title='bbox 3200 1418 3255 1461; x_wconf 85' lang='lat' dir='ltr'><strong>et</strong></span> <span class='ocrx_word' id='word_1_141' title='bbox 3299 1409 3502 1462; x_wconf 91' lang='lat' dir='ltr'><strong>Pritius</strong></span> <span class='ocrx_word' id='word_1_142' title='bbox 3538 1404 3671 1474; x_wconf 88' lang='lat' dir='ltr'><strong>(ll),</strong></span> <span class='ocrx_word' id='word_1_143' title='bbox 3704 1403 3797 1457; x_wconf 90' lang='lat' dir='ltr'><strong>sed</strong></span> <span class='ocrx_word' id='word_1_144' title='bbox 3823 1402 4063 1456; x_wconf 72' lang='lat' dir='ltr'><strong>maxime</strong></span> 
     </span>
    </p>
   </div>
   <div class='ocr_carea' id='block_1_13' title="bbox 821 1485 4067 1570">
    <p class='ocr_par' dir='ltr' id='par_1_13' title="bbox 821 1485 4067 1570">
     <span class='ocr_line' id='line_1_13' title="bbox 821 1485 4067 1570; baseline 0.003 -33"><span class='ocrx_word' id='word_1_145' title='bbox 821 1485 1201 1540; x_wconf 87' lang='lat' dir='ltr'><strong>&#39;I‘illemontius</strong></span> <span class='ocrx_word' id='word_1_146' title='bbox 1235 1488 1365 1558; x_wconf 83' lang='grc'>(12).</span> <span class='ocrx_word' id='word_1_147' title='bbox 1397 1491 1571 1559; x_wconf 87' lang='lat' dir='ltr'><strong>Atque</strong></span> <span class='ocrx_word' id='word_1_148' title='bbox 1600 1493 1730 1547; x_wconf 89' lang='lat' dir='ltr'><strong>hinc</strong></span> <span class='ocrx_word' id='word_1_149' title='bbox 1755 1495 1921 1549; x_wconf 87' lang='lat' dir='ltr'><strong>etiam</strong></span> <span class='ocrx_word' id='word_1_150' title='bbox 1954 1498 2255 1565; x_wconf 88' lang='lat' dir='ltr'><strong>respuenda</strong></span> <span class='ocrx_word' id='word_1_151' title='bbox 2287 1498 2486 1553; x_wconf 91' lang='lat' dir='ltr'><strong>Oudini</strong></span> <span class='ocrx_word' id='word_1_152' title='bbox 2518 1501 2806 1562; x_wconf 86' lang='lat' dir='ltr'><strong>sententia,</strong></span> <span class='ocrx_word' id='word_1_153' title='bbox 2849 1501 2940 1570; x_wconf 90' lang='lat' dir='ltr'><strong>qui</strong></span> <span class='ocrx_word' id='word_1_154' title='bbox 2985 1501 3252 1554; x_wconf 81' lang='lat' dir='ltr'><strong>eiusmodi</strong></span> <span class='ocrx_word' id='word_1_155' title='bbox 3291 1502 3512 1568; x_wconf 87' lang='lat' dir='ltr'><strong>scripta,</strong></span> <span class='ocrx_word' id='word_1_156' title='bbox 3545 1498 3611 1551; x_wconf 86' lang='lat' dir='ltr'><strong>de</strong></span> <span class='ocrx_word' id='word_1_157' title='bbox 3641 1497 3840 1565; x_wconf 91' lang='lat' dir='ltr'><strong>quibus</strong></span> <span class='ocrx_word' id='word_1_158' title='bbox 3887 1495 4067 1561; x_wconf 88' lang='lat' dir='ltr'><strong>loqui-</strong></span> 
     </span>
    </p>
   </div>
   <div class='ocr_carea' id='block_1_14' title="bbox 823 1579 4052 1667">
    <p class='ocr_par' dir='ltr' id='par_1_14' title="bbox 823 1579 4052 1667">
     <span class='ocr_line' id='line_1_14' title="bbox 823 1579 4052 1667; baseline -0 -25"><span class='ocrx_word' id='word_1_159' title='bbox 823 1594 962 1641; x_wconf 72' lang='grc' dir='ltr'><strong>ιῐιυτν</strong></span> <span class='ocrx_word' id='word_1_160' title='bbox 1004 1579 1070 1630; x_wconf 71' lang='lat' dir='ltr'><strong>ad</strong></span> <span class='ocrx_word' id='word_1_161' title='bbox 1099 1580 1617 1658; x_wconf 70' lang='grc' dir='ltr'><strong>ΜεπϐυῐηἊσκητὴν</strong></span> <span class='ocrx_word' id='word_1_162' title='bbox 1646 1604 1739 1643; x_wconf 92' lang='lat' dir='ltr'><strong>seu</strong></span> <span class='ocrx_word' id='word_1_163' title='bbox 1769 1590 2202 1656; x_wconf 71' lang='lat' dir='ltr'><strong>Exercitatorem,</strong></span> <span class='ocrx_word' id='word_1_164' title='bbox 2235 1595 2449 1649; x_wconf 81' lang='lat' dir='ltr'><strong>Macarii</strong></span> <span class='ocrx_word' id='word_1_165' title='bbox 2483 1597 2709 1649; x_wconf 90' lang='lat' dir='ltr'><strong>iunioris</strong></span> <span class='ocrx_word' id='word_1_166' title='bbox 2749 1595 3098 1665; x_wconf 91' lang='lat' dir='ltr'><strong>discipulum,</strong></span> <span class='ocrx_word' id='word_1_167' title='bbox 3141 1607 3383 1667; x_wconf 87' lang='lat' dir='ltr'><strong>spectare</strong></span> <span class='ocrx_word' id='word_1_168' title='bbox 3431 1595 3726 1647; x_wconf 84' lang='lat' dir='ltr'><strong>arbitratur</strong></span> <span class='ocrx_word' id='word_1_169' title='bbox 3755 1592 3888 1660; x_wconf 78' lang='lat'><strong>(15).</strong></span> <span class='ocrx_word' id='word_1_170' title='bbox 3920 1590 4052 1656; x_wconf 87' lang='lat' dir='ltr'><strong>Quo-</strong></span> 
     </span>
    </p>
   </div>
   <div class='ocr_carea' id='block_1_15' title="bbox 825 1681 4062 1758">
    <p class='ocr_par' dir='ltr' id='par_1_15' title="bbox 825 1681 4062 1758">
     <span class='ocr_line' id='line_1_15' title="bbox 825 1681 4062 1758; baseline 0.002 -28"><span class='ocrx_word' id='word_1_171' title='bbox 825 1694 944 1732; x_wconf 91' lang='lat' dir='ltr'><strong>rum</strong></span> <span class='ocrx_word' id='word_1_172' title='bbox 976 1681 1194 1748; x_wconf 89' lang='lat' dir='ltr'><strong>quidem</strong></span> <span class='ocrx_word' id='word_1_173' title='bbox 1221 1683 1464 1735; x_wconf 89' lang='lat' dir='ltr'><strong>virorum</strong></span> <span class='ocrx_word' id='word_1_174' title='bbox 1503 1684 1591 1736; x_wconf 92' lang='lat' dir='ltr'><strong>cll.</strong></span> <span class='ocrx_word' id='word_1_175' title='bbox 1631 1684 1894 1739; x_wconf 91' lang='lat' dir='ltr'><strong>iudicium</strong></span> <span class='ocrx_word' id='word_1_176' title='bbox 1934 1701 2042 1738; x_wconf 92' lang='lat' dir='ltr'><strong>non</strong></span> <span class='ocrx_word' id='word_1_177' title='bbox 2082 1687 2366 1741; x_wconf 88' lang='lat' dir='ltr'><strong>minimum</strong></span> <span class='ocrx_word' id='word_1_178' title='bbox 2402 1689 2723 1743; x_wconf 85' lang='lat' dir='ltr'><strong>confirmare</strong></span> <span class='ocrx_word' id='word_1_179' title='bbox 2767 1689 2983 1743; x_wconf 90' lang='lat' dir='ltr'><strong>videtur</strong></span> <span class='ocrx_word' id='word_1_180' title='bbox 3030 1692 3280 1751; x_wconf 88' lang='lat' dir='ltr'><strong>Ioannes,</strong></span> <span class='ocrx_word' id='word_1_181' title='bbox 3323 1687 3630 1758; x_wconf 86' lang='lat' dir='ltr'><strong>patriarcha</strong></span> <span class='ocrx_word' id='word_1_182' title='bbox 3665 1685 4062 1746; x_wconf 83' lang='lat' dir='ltr'><strong>Antiochenus,</strong></span> 
     </span>
    </p>
   </div>
   <div class='ocr_carea' id='block_1_16' title="bbox 826 1776 4060 1856">
    <p class='ocr_par' dir='ltr' id='par_1_16' title="bbox 826 1776 4060 1856">
     <span class='ocr_line' id='line_1_16' title="bbox 826 1776 4060 1856; baseline 0.001 -28"><span class='ocrx_word' id='word_1_183' title='bbox 826 1777 879 1828; x_wconf 93' lang='lat' dir='ltr'><strong>in</strong></span> <span class='ocrx_word' id='word_1_184' title='bbox 912 1776 1169 1832; x_wconf 89' lang='lat' dir='ltr'><strong>Oratione</strong></span> <span class='ocrx_word' id='word_1_185' title='bbox 1206 1795 1367 1847; x_wconf 91' lang='lat' dir='ltr'><strong>quam</strong></span> <span class='ocrx_word' id='word_1_186' title='bbox 1409 1780 1648 1849; x_wconf 80' lang='lat' dir='ltr'><strong>vulgavit</strong></span> <span class='ocrx_word' id='word_1_187' title='bbox 1671 1782 1992 1837; x_wconf 89' lang='lat' dir='ltr'><strong>Cotelerius.</strong></span> <span class='ocrx_word' id='word_1_188' title='bbox 2023 1784 2112 1838; x_wconf 89' lang='lat' dir='ltr'><strong>Sic</strong></span> <span class='ocrx_word' id='word_1_189' title='bbox 2136 1785 2280 1838; x_wconf 91' lang='lat' dir='ltr'><strong>enim</strong></span> <span class='ocrx_word' id='word_1_190' title='bbox 2307 1786 2397 1839; x_wconf 90' lang='lat' dir='ltr'><strong>ille</strong></span> <span class='ocrx_word' id='word_1_191' title='bbox 2429 1787 2539 1855; x_wconf 74' lang='grc'>(14)</span> <span class='ocrx_word' id='word_1_192' title='bbox 2574 1805 2585 1838; x_wconf 96' lang='lat'>:</span> <span class='ocrx_word' id='word_1_193' title='bbox 2621 1806 2637 1837; x_wconf 71' lang='grc' dir='ltr'><strong>ε</strong></span> <span class='ocrx_word' id='word_1_194' title='bbox 2668 1787 2710 1841; x_wconf 86' lang='grc' dir='ltr'><strong>Α</strong></span> <span class='ocrx_word' id='word_1_195' title='bbox 2734 1787 2932 1841; x_wconf 87' lang='lat' dir='ltr'><strong>divinis</strong></span> <span class='ocrx_word' id='word_1_196' title='bbox 2961 1791 3268 1856; x_wconf 88' lang='lat' dir='ltr'><strong>sanctisque</strong></span> <span class='ocrx_word' id='word_1_197' title='bbox 3311 1785 3557 1855; x_wconf 89' lang='lat' dir='ltr'><strong>patribus</strong></span> <span class='ocrx_word' id='word_1_198' title='bbox 3596 1783 3797 1836; x_wconf 85' lang='lat' dir='ltr'><strong>nostris</strong></span> <span class='ocrx_word' id='word_1_199' title='bbox 3827 1781 4060 1835; x_wconf 77' lang='lat' dir='ltr'><strong>Athana-</strong></span> 
     </span>
    </p>
   </div>
   <div class='ocr_carea' id='block_1_17' title="bbox 831 1872 4052 1950">
    <p class='ocr_par' dir='ltr' id='par_1_17' title="bbox 831 1872 4052 1950">
     <span class='ocr_line' id='line_1_17' title="bbox 831 1872 4052 1950; baseline 0.001 -27"><span class='ocrx_word' id='word_1_200' title='bbox 831 1891 848 1921; x_wconf 75' lang='grc' dir='ltr'>ι</span> <span class='ocrx_word' id='word_1_201' title='bbox 895 1872 994 1935; x_wconf 93' lang='lat' dir='ltr'><strong>sio,</strong></span> <span class='ocrx_word' id='word_1_202' title='bbox 1020 1873 1236 1937; x_wconf 88' lang='lat' dir='ltr'><strong>Basilio,</strong></span> <span class='ocrx_word' id='word_1_203' title='bbox 1262 1874 1526 1945; x_wconf 81' lang='lat' dir='ltr'><strong>Nysseno,</strong></span> <span class='ocrx_word' id='word_1_204' title='bbox 1559 1877 1786 1946; x_wconf 87' lang='lat' dir='ltr'><strong>aliisque</strong></span> <span class='ocrx_word' id='word_1_205' title='bbox 1815 1894 2006 1932; x_wconf 91' lang='lat' dir='ltr'><strong>eorum</strong></span> <span class='ocrx_word' id='word_1_206' title='bbox 2035 1888 2340 1948; x_wconf 90' lang='lat' dir='ltr'><strong>temporum</strong></span> <span class='ocrx_word' id='word_1_207' title='bbox 2375 1881 2508 1935; x_wconf 90' lang='lat' dir='ltr'><strong>editi</strong></span> <span class='ocrx_word' id='word_1_208' title='bbox 2541 1891 2666 1937; x_wconf 91' lang='lat' dir='ltr'><strong>sunt</strong></span> <span class='ocrx_word' id='word_1_209' title='bbox 2691 1882 2912 1936; x_wconf 85' lang='lat' dir='ltr'><strong>ascetici</strong></span> <span class='ocrx_word' id='word_1_210' title='bbox 2936 1891 3096 1950; x_wconf 89' lang='lat' dir='ltr'><strong>atque</strong></span> <span class='ocrx_word' id='word_1_211' title='bbox 3121 1898 3152 1935; x_wconf 92' lang='lat' dir='ltr'><strong>a</strong></span> <span class='ocrx_word' id='word_1_212' title='bbox 3175 1881 3286 1935; x_wconf 90' lang='lat' dir='ltr'><strong>Deo</strong></span> <span class='ocrx_word' id='word_1_213' title='bbox 3317 1879 3563 1947; x_wconf 88' lang='lat' dir='ltr'><strong>inspirati</strong></span> <span class='ocrx_word' id='word_1_214' title='bbox 3605 1877 3753 1938; x_wconf 82' lang='lat' dir='ltr'><strong>libri,</strong></span> <span class='ocrx_word' id='word_1_215' title='bbox 3792 1875 3887 1944; x_wconf 90' lang='lat' dir='ltr'><strong>qui</strong></span> <span class='ocrx_word' id='word_1_216' title='bbox 3919 1887 4052 1928; x_wconf 88' lang='lat' dir='ltr'><strong>eom-</strong></span> 
     </span>
    </p>
   </div>
   <div class='ocr_carea' id='block_1_18' title="bbox 834 1967 4064 2045">
    <p class='ocr_par' dir='ltr' id='par_1_18' title="bbox 834 1967 4064 2045">
     <span class='ocr_line' id='line_1_18' title="bbox 834 1967 4064 2045; baseline 0.002 -30"><span class='ocrx_word' id='word_1_217' title='bbox 834 1985 850 2014; x_wconf 71' lang='grc' dir='ltr'><strong><em>ι</em></strong></span> <span class='ocrx_word' id='word_1_218' title='bbox 897 1967 1133 2020; x_wconf 92' lang='lat' dir='ltr'><strong>muniter</strong></span> <span class='ocrx_word' id='word_1_219' title='bbox 1189 1967 1416 2037; x_wconf 86' lang='lat' dir='ltr'><strong>degendi</strong></span> <span class='ocrx_word' id='word_1_220' title='bbox 1471 1978 1527 2024; x_wconf 89' lang='lat' dir='ltr'><strong>et</strong></span> <span class='ocrx_word' id='word_1_221' title='bbox 1585 1973 1802 2026; x_wconf 90' lang='lat' dir='ltr'><strong>vivendi</strong></span> <span class='ocrx_word' id='word_1_222' title='bbox 1857 1975 2150 2041; x_wconf 90' lang='lat' dir='ltr'><strong>rationem,</strong></span> <span class='ocrx_word' id='word_1_223' title='bbox 2210 1991 2535 2045; x_wconf 90' lang='lat' dir='ltr'><strong>omnemque</strong></span> <span class='ocrx_word' id='word_1_224' title='bbox 2595 1979 2840 2032; x_wconf 89' lang='lat' dir='ltr'><strong>absolute</strong></span> <span class='ocrx_word' id='word_1_225' title='bbox 2896 1978 3288 2031; x_wconf 82' lang='lat' dir='ltr'><strong>monachorum</strong></span> <span class='ocrx_word' id='word_1_226' title='bbox 3343 1975 3509 2027; x_wconf 89' lang='lat' dir='ltr'><strong>vitam</strong></span> <span class='ocrx_word' id='word_1_227' title='bbox 3556 1983 3611 2026; x_wconf 91' lang='lat' dir='ltr'><strong>et</strong></span> <span class='ocrx_word' id='word_1_228' title='bbox 3663 1970 4064 2025; x_wconf 85' lang='lat' dir='ltr'><strong>institutionem</strong></span> 
     </span>
    </p>
   </div>
   <div class='ocr_carea' id='block_1_19' title="bbox 835 2060 4062 2140">
    <p class='ocr_par' dir='ltr' id='par_1_19' title="bbox 835 2060 4062 2140">
     <span class='ocr_line' id='line_1_19' title="bbox 835 2060 4062 2140; baseline 0.002 -34"><span class='ocrx_word' id='word_1_229' title='bbox 835 2076 850 2106; x_wconf 78' lang='grc' dir='ltr'>ι</span> <span class='ocrx_word' id='word_1_230' title='bbox 898 2060 1294 2126; x_wconf 88' lang='lat' dir='ltr'><strong>praestituunt;</strong></span> <span class='ocrx_word' id='word_1_231' title='bbox 1338 2062 1432 2116; x_wconf 86' lang='lat' dir='ltr'><strong>sed</strong></span> <span class='ocrx_word' id='word_1_232' title='bbox 1465 2073 1521 2118; x_wconf 91' lang='lat' dir='ltr'><strong>et</strong></span> <span class='ocrx_word' id='word_1_233' title='bbox 1553 2066 1645 2132; x_wconf 88' lang='lat' dir='ltr'><strong>qui</strong></span> <span class='ocrx_word' id='word_1_234' title='bbox 1675 2067 1910 2134; x_wconf 91' lang='lat' dir='ltr'><strong>primum</strong></span> <span class='ocrx_word' id='word_1_235' title='bbox 1936 2068 1990 2122; x_wconf 93' lang='lat' dir='ltr'><strong>in</strong></span> <span class='ocrx_word' id='word_1_236' title='bbox 2022 2069 2263 2140; x_wconf 79' lang='lat' dir='ltr'><strong>Aegypto</strong></span> <span class='ocrx_word' id='word_1_237' title='bbox 2287 2070 2619 2139; x_wconf 88' lang='lat' dir='ltr'><strong>compositus</strong></span> <span class='ocrx_word' id='word_1_238' title='bbox 2648 2070 2752 2124; x_wconf 88' lang='lat' dir='ltr'><strong>fuit</strong></span> <span class='ocrx_word' id='word_1_239' title='bbox 2779 2071 3047 2124; x_wconf 84' lang='lat' dir='ltr'><strong>maximus</strong></span> <span class='ocrx_word' id='word_1_240' title='bbox 3093 2070 3233 2122; x_wconf 87' lang='lat' dir='ltr'><strong>liber</strong></span> <span class='ocrx_word' id='word_1_241' title='bbox 3276 2079 3586 2122; x_wconf 86' lang='lat' dir='ltr'><strong>sanctorum</strong></span> <span class='ocrx_word' id='word_1_242' title='bbox 3629 2064 3832 2119; x_wconf 90' lang='lat' dir='ltr'><strong>Senum</strong></span> <span class='ocrx_word' id='word_1_243' title='bbox 3875 2060 4062 2123; x_wconf 79' lang='lat' dir='ltr'><strong>Scetis,</strong></span> 
     </span>
    </p>
   </div>
   <div class='ocr_carea' id='block_1_20' title="bbox 835 2154 4066 2235">
    <p class='ocr_par' dir='ltr' id='par_1_20' title="bbox 835 2154 4066 2235">
     <span class='ocr_line' id='line_1_20' title="bbox 835 2154 4066 2235; baseline 0.002 -31"><span class='ocrx_word' id='word_1_244' title='bbox 835 2173 850 2204; x_wconf 76' lang='grc' dir='ltr'>σ</span> <span class='ocrx_word' id='word_1_245' title='bbox 898 2154 1190 2209; x_wconf 86' lang='lat' dir='ltr'><strong>Thebaidis</strong></span> <span class='ocrx_word' id='word_1_246' title='bbox 1218 2165 1272 2210; x_wconf 92' lang='lat' dir='ltr'><strong>et</strong></span> <span class='ocrx_word' id='word_1_247' title='bbox 1294 2157 1511 2227; x_wconf 83' lang='lat' dir='ltr'><strong>Libyae,</strong></span> <span class='ocrx_word' id='word_1_248' title='bbox 1545 2161 1909 2229; x_wconf 91' lang='lat' dir='ltr'><strong>complectens</strong></span> <span class='ocrx_word' id='word_1_249' title='bbox 1933 2163 2125 2218; x_wconf 88' lang='lat' dir='ltr'><strong>ordine</strong></span> <span class='ocrx_word' id='word_1_250' title='bbox 2154 2165 2497 2234; x_wconf 88' lang='lat' dir='ltr'><strong>alphabetico</strong></span> <span class='ocrx_word' id='word_1_251' title='bbox 2523 2181 2677 2220; x_wconf 90' lang='lat' dir='ltr'><strong>sacra</strong></span> <span class='ocrx_word' id='word_1_252' title='bbox 2700 2181 2889 2219; x_wconf 91' lang='lat' dir='ltr'><strong>eorum</strong></span> <span class='ocrx_word' id='word_1_253' title='bbox 2925 2177 3076 2235; x_wconf 87' lang='lat' dir='ltr'><strong>gesta</strong></span> <span class='ocrx_word' id='word_1_254' title='bbox 3103 2176 3159 2220; x_wconf 86' lang='lat' dir='ltr'><strong>et</strong></span> <span class='ocrx_word' id='word_1_255' title='bbox 3186 2164 3348 2217; x_wconf 87' lang='lat' dir='ltr'><strong>dicta.</strong></span> <span class='ocrx_word' id='word_1_256' title='bbox 3384 2162 3521 2228; x_wconf 86' lang='lat' dir='ltr'><strong>Quia</strong></span> <span class='ocrx_word' id='word_1_257' title='bbox 3549 2175 3678 2214; x_wconf 86' lang='lat' dir='ltr'><strong>vero</strong></span> <span class='ocrx_word' id='word_1_258' title='bbox 3706 2174 3804 2228; x_wconf 90' lang='lat' dir='ltr'><strong>per</strong></span> <span class='ocrx_word' id='word_1_259' title='bbox 3835 2157 4066 2227; x_wconf 84' lang='lat' dir='ltr'><strong>gratiam</strong></span> 
     </span>
    </p>
   </div>
   <div class='ocr_carea' id='block_1_21' title="bbox 835 2248 4060 2330">
    <p class='ocr_par' dir='ltr' id='par_1_21' title="bbox 835 2248 4060 2330">
     <span class='ocr_line' id='line_1_21' title="bbox 835 2248 4060 2330; baseline 0.001 -29"><span class='ocrx_word' id='word_1_260' title='bbox 835 2268 852 2300; x_wconf 74' lang='grc' dir='ltr'>ι</span> <span class='ocrx_word' id='word_1_261' title='bbox 898 2248 1099 2304; x_wconf 91' lang='lat' dir='ltr'><strong>Christi</strong></span> <span class='ocrx_word' id='word_1_262' title='bbox 1133 2252 1297 2305; x_wconf 90' lang='lat' dir='ltr'><strong>etiam</strong></span> <span class='ocrx_word' id='word_1_263' title='bbox 1343 2253 1499 2307; x_wconf 92' lang='lat' dir='ltr'><strong>multi</strong></span> <span class='ocrx_word' id='word_1_264' title='bbox 1550 2254 1604 2307; x_wconf 88' lang='lat' dir='ltr'><strong>in</strong></span> <span class='ocrx_word' id='word_1_265' title='bbox 1656 2255 1959 2325; x_wconf 86' lang='lat' dir='ltr'><strong>disciplinis</strong></span> <span class='ocrx_word' id='word_1_266' title='bbox 1991 2260 2271 2314; x_wconf 81' lang='lat' dir='ltr'><strong>exercitati</strong></span> <span class='ocrx_word' id='word_1_267' title='bbox 2302 2276 2365 2314; x_wconf 91' lang='lat' dir='ltr'><strong>ac</strong></span> <span class='ocrx_word' id='word_1_268' title='bbox 2397 2260 2705 2330; x_wconf 90' lang='lat' dir='ltr'><strong>philosophi</strong></span> <span class='ocrx_word' id='word_1_269' title='bbox 2743 2261 2963 2326; x_wconf 89' lang='lat' dir='ltr'><strong>saeculi,</strong></span> <span class='ocrx_word' id='word_1_270' title='bbox 2999 2269 3277 2329; x_wconf 87' lang='lat' dir='ltr'><strong>angustam</strong></span> <span class='ocrx_word' id='word_1_271' title='bbox 3314 2269 3369 2312; x_wconf 92' lang='lat' dir='ltr'><strong>et</strong></span> <span class='ocrx_word' id='word_1_272' title='bbox 3414 2269 3616 2311; x_wconf 89' lang='lat' dir='ltr'><strong>arctam</strong></span> <span class='ocrx_word' id='word_1_273' title='bbox 3663 2256 3806 2308; x_wconf 85' lang='lat' dir='ltr'><strong>viam</strong></span> <span class='ocrx_word' id='word_1_274' title='bbox 3848 2251 4060 2306; x_wconf 84' lang='lat' dir='ltr'><strong>sectati.</strong></span> 
     </span>
    </p>
   </div>
   <div class='ocr_carea' id='block_1_22' title="bbox 836 2345 4040 2426">
    <p class='ocr_par' dir='ltr' id='par_1_22' title="bbox 836 2345 4040 2426">
     <span class='ocr_line' id='line_1_22' title="bbox 836 2345 4040 2426; baseline -0.001 -29"><span class='ocrx_word' id='word_1_275' title='bbox 836 2366 853 2397; x_wconf 74' lang='grc' dir='ltr'><strong><em>ι</em></strong></span> <span class='ocrx_word' id='word_1_276' title='bbox 899 2346 1150 2400; x_wconf 87' lang='lat' dir='ltr'><strong>monachi</strong></span> <span class='ocrx_word' id='word_1_277' title='bbox 1176 2348 1457 2416; x_wconf 89' lang='lat' dir='ltr'><strong>sanctique</strong></span> <span class='ocrx_word' id='word_1_278' title='bbox 1511 2362 1824 2414; x_wconf 90' lang='lat' dir='ltr'><strong>evaserunt,</strong></span> <span class='ocrx_word' id='word_1_279' title='bbox 1852 2354 2267 2424; x_wconf 74' lang='lat' dir='ltr'><strong>conscripserunt</strong></span> <span class='ocrx_word' id='word_1_280' title='bbox 2301 2355 2384 2409; x_wconf 76' lang='lat' dir='ltr'><strong>illi</strong></span> <span class='ocrx_word' id='word_1_281' title='bbox 2409 2372 2608 2426; x_wconf 83' lang='lat' dir='ltr'><strong>quoque</strong></span> <span class='ocrx_word' id='word_1_282' title='bbox 2637 2373 2737 2408; x_wconf 85' lang='lat' dir='ltr'><strong>non</strong></span> <span class='ocrx_word' id='word_1_283' title='bbox 2767 2372 2956 2425; x_wconf 75' lang='lat' dir='ltr'><strong>paucos</strong></span> <span class='ocrx_word' id='word_1_284' title='bbox 2995 2354 3149 2407; x_wconf 80' lang='lat' dir='ltr'><strong>libros</strong></span> <span class='ocrx_word' id='word_1_285' title='bbox 3175 2354 3416 2405; x_wconf 81' lang='lat' dir='ltr'><strong>divinitus</strong></span> <span class='ocrx_word' id='word_1_286' title='bbox 3442 2348 3742 2420; x_wconf 76' lang='lat' dir='ltr'><strong>iuspirato&#39;s,</strong></span> <span class='ocrx_word' id='word_1_287' title='bbox 3773 2347 3860 2416; x_wconf 88' lang='lat' dir='ltr'><strong>qui</strong></span> <span class='ocrx_word' id='word_1_288' title='bbox 3887 2347 3960 2398; x_wconf 82' lang='lat' dir='ltr'><strong>sic</strong></span> <span class='ocrx_word' id='word_1_289' title='bbox 3983 2345 4040 2395; x_wconf 85' lang='lat' dir='ltr'><strong>in</strong></span> 
     </span>
    </p>
   </div>
   <div class='ocr_carea' id='block_1_23' title="bbox 837 2433 4062 2517">
    <p class='ocr_par' dir='ltr' id='par_1_23' title="bbox 837 2433 4062 2517">
     <span class='ocr_line' id='line_1_23' title="bbox 837 2433 4062 2517; baseline 0 -30"><span class='ocrx_word' id='word_1_290' title='bbox 837 2458 854 2488; x_wconf 70' lang='grc' dir='ltr'>ι</span> <span class='ocrx_word' id='word_1_291' title='bbox 897 2437 1194 2490; x_wconf 74' lang='lat' dir='ltr'><strong>scribuntur</strong></span> <span class='ocrx_word' id='word_1_292' title='bbox 1221 2456 1238 2492; x_wconf 91' lang='lat'><em>:</em></span> <span class='ocrx_word' id='word_1_293' title='bbox 1267 2439 1538 2494; x_wconf 52' lang='lat' dir='ltr'><strong>Lmen”...</strong></span> <span class='ocrx_word' id='word_1_294' title='bbox 1574 2458 1750 2496; x_wconf 69' lang='lat' dir='ltr'><strong>ssxcn</strong></span> <span class='ocrx_word' id='word_1_295' title='bbox 1795 2443 2014 2498; x_wconf 67' lang='lat' dir='ltr'><strong>MACARII</strong></span> <span class='ocrx_word' id='word_1_296' title='bbox 2055 2465 2072 2496; x_wconf 83' lang='grc'>›</span> <span class='ocrx_word' id='word_1_297' title='bbox 2121 2456 2224 2500; x_wconf 87' lang='lat' dir='ltr'><strong>cet.</strong></span> <span class='ocrx_word' id='word_1_298' title='bbox 2271 2447 2349 2500; x_wconf 80' lang='lat' dir='ltr'><strong>Ex</strong></span> <span class='ocrx_word' id='word_1_299' title='bbox 2383 2448 2582 2517; x_wconf 91' lang='lat' dir='ltr'><strong>quibus</strong></span> <span class='ocrx_word' id='word_1_300' title='bbox 2615 2447 2903 2516; x_wconf 86' lang='lat' dir='ltr'><strong>intelligas,</strong></span> <span class='ocrx_word' id='word_1_301' title='bbox 2933 2455 2988 2500; x_wconf 90' lang='lat' dir='ltr'><strong>et</strong></span> <span class='ocrx_word' id='word_1_302' title='bbox 3019 2444 3178 2498; x_wconf 77' lang='lat' dir='ltr'><strong>Scetis</strong></span> <span class='ocrx_word' id='word_1_303' title='bbox 3213 2443 3561 2497; x_wconf 87' lang='lat' dir='ltr'><strong>solitudinem</strong></span> <span class='ocrx_word' id='word_1_304' title='bbox 3607 2439 3728 2494; x_wconf 90' lang='lat' dir='ltr'><strong>heic</strong></span> <span class='ocrx_word' id='word_1_305' title='bbox 3769 2433 4062 2493; x_wconf 86' lang='lat' dir='ltr'><strong>nominari,</strong></span> 
     </span>
    </p>
   </div>
   <div class='ocr_carea' id='block_1_24' title="bbox 831 2530 4067 2608">
    <p class='ocr_par' dir='ltr' id='par_1_24' title="bbox 831 2530 4067 2608">
     <span class='ocr_line' id='line_1_24' title="bbox 831 2530 4067 2608; baseline 0 -27"><span class='ocrx_word' id='word_1_306' title='bbox 831 2545 990 2598; x_wconf 88' lang='lat' dir='ltr'><strong>quam</strong></span> <span class='ocrx_word' id='word_1_307' title='bbox 1025 2530 1314 2586; x_wconf 90' lang='lat' dir='ltr'><strong>incoluisse</strong></span> <span class='ocrx_word' id='word_1_308' title='bbox 1355 2533 1646 2588; x_wconf 87' lang='lat' dir='ltr'><strong>Macarium</strong></span> <span class='ocrx_word' id='word_1_309' title='bbox 1681 2537 2000 2608; x_wconf 87' lang='lat' dir='ltr'><strong>Aegyptium</strong></span> <span class='ocrx_word' id='word_1_310' title='bbox 2042 2541 2292 2608; x_wconf 88' lang='lat' dir='ltr'><strong>superius</strong></span> <span class='ocrx_word' id='word_1_311' title='bbox 2332 2557 2400 2595; x_wconf 79' lang='lat' dir='ltr'><strong>ex</strong></span> <span class='ocrx_word' id='word_1_312' title='bbox 2446 2542 2686 2596; x_wconf 88' lang='lat' dir='ltr'><strong>Palladio</strong></span> <span class='ocrx_word' id='word_1_313' title='bbox 2714 2541 3024 2603; x_wconf 89' lang='lat' dir='ltr'><strong>didicimus,</strong></span> <span class='ocrx_word' id='word_1_314' title='bbox 3058 2548 3112 2593; x_wconf 91' lang='lat' dir='ltr'><strong>et</strong></span> <span class='ocrx_word' id='word_1_315' title='bbox 3141 2538 3360 2592; x_wconf 81' lang='lat' dir='ltr'><strong>Macarii</strong></span> <span class='ocrx_word' id='word_1_316' title='bbox 3405 2537 3592 2588; x_wconf 84' lang='lat' dir='ltr'><strong>librum</strong></span> <span class='ocrx_word' id='word_1_317' title='bbox 3635 2532 3871 2592; x_wconf 86' lang='lat' dir='ltr'><strong>laudari,</strong></span> <span class='ocrx_word' id='word_1_318' title='bbox 3905 2544 4067 2598; x_wconf 88' lang='lat' dir='ltr'><strong>quem</strong></span> 
     </span>
    </p>
   </div>
   <div class='ocr_carea' id='block_1_25' title="bbox 830 2623 4072 2704">
    <p class='ocr_par' dir='ltr' id='par_1_25' title="bbox 830 2623 4072 2704">
     <span class='ocr_line' id='line_1_25' title="bbox 830 2623 4072 2704; baseline 0.001 -29"><span class='ocrx_word' id='word_1_319' title='bbox 830 2623 1008 2676; x_wconf 86' lang='lat' dir='ltr'><strong>eidem</strong></span> <span class='ocrx_word' id='word_1_320' title='bbox 1058 2623 1241 2679; x_wconf 88' lang='lat' dir='ltr'><strong>abbati</strong></span> <span class='ocrx_word' id='word_1_321' title='bbox 1287 2626 1549 2698; x_wconf 81' lang='lat' dir='ltr'><strong>Aegyptio</strong></span> <span class='ocrx_word' id='word_1_322' title='bbox 1594 2630 1712 2684; x_wconf 89' lang='lat' dir='ltr'><strong>iure</strong></span> <span class='ocrx_word' id='word_1_323' title='bbox 1761 2633 2058 2689; x_wconf 87' lang='lat' dir='ltr'><strong>adscribas.</strong></span> <span class='ocrx_word' id='word_1_324' title='bbox 2095 2634 2248 2690; x_wconf 82' lang='lat' dir='ltr'><strong>Alter</strong></span> <span class='ocrx_word' id='word_1_325' title='bbox 2285 2638 2453 2704; x_wconf 90' lang='lat' dir='ltr'><strong>enim,</strong></span> <span class='ocrx_word' id='word_1_326' title='bbox 2496 2636 2912 2700; x_wconf 80' lang='lat' dir='ltr'><strong>Alexandrinus,</strong></span> <span class='ocrx_word' id='word_1_327' title='bbox 2954 2636 3010 2689; x_wconf 88' lang='lat' dir='ltr'><strong>in</strong></span> <span class='ocrx_word' id='word_1_328' title='bbox 3039 2633 3214 2689; x_wconf 80' lang='lat' dir='ltr'><strong>Celliis</strong></span> <span class='ocrx_word' id='word_1_329' title='bbox 3252 2633 3525 2686; x_wconf 84' lang='lat' dir='ltr'><strong>habitasse</strong></span> <span class='ocrx_word' id='word_1_330' title='bbox 3573 2629 3823 2690; x_wconf 89' lang='lat' dir='ltr'><strong>traditur,</strong></span> <span class='ocrx_word' id='word_1_331' title='bbox 3856 2636 3920 2679; x_wconf 91' lang='lat' dir='ltr'><strong>ut</strong></span> <span class='ocrx_word' id='word_1_332' title='bbox 3946 2637 4072 2680; x_wconf 81' lang='lat' dir='ltr'><strong>mox</strong></span> 
     </span>
    </p>
   </div>
   <div class='ocr_carea' id='block_1_26' title="bbox 832 2716 1159 2770">
    <p class='ocr_par' dir='ltr' id='par_1_26' title="bbox 832 2716 1159 2770">
     <span class='ocr_line' id='line_1_26' title="bbox 832 2716 1159 2770; baseline 0.006 -2"><span class='ocrx_word' id='word_1_333' title='bbox 832 2716 1159 2770; x_wconf 85' lang='lat' dir='ltr'><strong>videbimus.</strong></span> 
     </span>
    </p>
   </div>
   <div class='ocr_carea' id='block_1_27' title="bbox 905 2809 4069 2894">
    <p class='ocr_par' dir='ltr' id='par_1_27' title="bbox 905 2809 4069 2894">
     <span class='ocr_line' id='line_1_27' title="bbox 905 2809 4069 2894; baseline 0 -32"><span class='ocrx_word' id='word_1_334' title='bbox 905 2809 989 2863; x_wconf 79' lang='lat' dir='ltr'><strong>IV.</strong></span> <span class='ocrx_word' id='word_1_335' title='bbox 1026 2810 1171 2864; x_wconf 89' lang='lat' dir='ltr'><strong>Idem</strong></span> <span class='ocrx_word' id='word_1_336' title='bbox 1201 2829 1362 2881; x_wconf 90' lang='lat' dir='ltr'><strong>porro</strong></span> <span class='ocrx_word' id='word_1_337' title='bbox 1391 2814 1674 2870; x_wconf 90' lang='lat' dir='ltr'><strong>ferendum</strong></span> <span class='ocrx_word' id='word_1_338' title='bbox 1709 2820 1926 2875; x_wconf 89' lang='lat' dir='ltr'><strong>videtur</strong></span> <span class='ocrx_word' id='word_1_339' title='bbox 1964 2823 2224 2878; x_wconf 91' lang='lat' dir='ltr'><strong>iudicium</strong></span> <span class='ocrx_word' id='word_1_340' title='bbox 2257 2824 2326 2878; x_wconf 90' lang='lat' dir='ltr'><strong>de</strong></span> <span class='ocrx_word' id='word_1_341' title='bbox 2365 2835 2569 2894; x_wconf 85' lang='lat' dir='ltr'><strong>septem</strong></span> <span class='ocrx_word' id='word_1_342' title='bbox 2605 2825 2892 2894; x_wconf 90' lang='lat' dir='ltr'><strong>Opusculis</strong></span> <span class='ocrx_word' id='word_1_343' title='bbox 2920 2822 3168 2877; x_wconf 90' lang='lat' dir='ltr'><strong>asceticis</strong></span> <span class='ocrx_word' id='word_1_344' title='bbox 3200 2836 3229 2873; x_wconf 89' lang='lat' dir='ltr'><strong>a</strong></span> <span class='ocrx_word' id='word_1_345' title='bbox 3259 2819 3484 2873; x_wconf 86' lang='lat' dir='ltr'><strong>Possino</strong></span> <span class='ocrx_word' id='word_1_346' title='bbox 3513 2818 3568 2870; x_wconf 91' lang='lat' dir='ltr'><strong>in</strong></span> <span class='ocrx_word' id='word_1_347' title='bbox 3597 2817 3788 2885; x_wconf 78' lang='lat' dir='ltr'><strong>vulgus</strong></span> <span class='ocrx_word' id='word_1_348' title='bbox 3813 2811 4032 2868; x_wconf 89' lang='lat' dir='ltr'><strong>emissis</strong></span> <span class='ocrx_word' id='word_1_349' title='bbox 4059 2827 4069 2861; x_wconf 90' lang='lat'>:</span> 
     </span>
    </p>
   </div>
   <div class='ocr_carea' id='block_1_28' title="bbox 835 2904 4070 2987">
    <p class='ocr_par' dir='ltr' id='par_1_28' title="bbox 835 2904 4070 2987">
     <span class='ocr_line' id='line_1_28' title="bbox 835 2904 4070 2987; baseline 0 -34"><span class='ocrx_word' id='word_1_350' title='bbox 835 2917 1025 2955; x_wconf 83' lang='lat' dir='ltr'><strong>eorum</strong></span> <span class='ocrx_word' id='word_1_351' title='bbox 1057 2904 1315 2958; x_wconf 87' lang='lat' dir='ltr'><strong>nimirum</strong></span> <span class='ocrx_word' id='word_1_352' title='bbox 1346 2917 1624 2962; x_wconf 87' lang='lat' dir='ltr'><strong>auctorem</strong></span> <span class='ocrx_word' id='word_1_353' title='bbox 1655 2927 1822 2965; x_wconf 89' lang='lat' dir='ltr'><strong>unum</strong></span> <span class='ocrx_word' id='word_1_354' title='bbox 1846 2917 2187 2984; x_wconf 87' lang='lat' dir='ltr'><strong>eundemque</strong></span> <span class='ocrx_word' id='word_1_355' title='bbox 2215 2932 2337 2970; x_wconf 91' lang='lat' dir='ltr'><strong>cum</strong></span> <span class='ocrx_word' id='word_1_356' title='bbox 2372 2917 2466 2970; x_wconf 93' lang='lat' dir='ltr'><strong>illo</strong></span> <span class='ocrx_word' id='word_1_357' title='bbox 2495 2916 2604 2987; x_wconf 84' lang='lat'><strong>(15)</strong></span> <span class='ocrx_word' id='word_1_358' title='bbox 2635 2934 2772 2981; x_wconf 84' lang='lat' dir='ltr'><strong>esse,</strong></span> <span class='ocrx_word' id='word_1_359' title='bbox 2805 2933 2834 2970; x_wconf 88' lang='lat' dir='ltr'><strong>a</strong></span> <span class='ocrx_word' id='word_1_360' title='bbox 2861 2931 2969 2986; x_wconf 93' lang='lat' dir='ltr'><strong>quo</strong></span> <span class='ocrx_word' id='word_1_361' title='bbox 2996 2915 3145 2968; x_wconf 89' lang='lat' dir='ltr'><strong>fuere</strong></span> <span class='ocrx_word' id='word_1_362' title='bbox 3172 2912 3434 2966; x_wconf 90' lang='lat' dir='ltr'><strong>Ilomiliae</strong></span> <span class='ocrx_word' id='word_1_363' title='bbox 3461 2909 3819 2977; x_wconf 84' lang='lat' dir='ltr'><strong>conscriptae.</strong></span> <span class='ocrx_word' id='word_1_364' title='bbox 3855 2905 4070 2958; x_wconf 85' lang='lat' dir='ltr'><strong>Etenim</strong></span> 
     </span>
    </p>
   </div>
   <div class='ocr_carea' id='block_1_29' title="bbox 840 2995 4058 3079">
    <p class='ocr_par' dir='ltr' id='par_1_29' title="bbox 840 2995 4058 3079">
     <span class='ocr_line' id='line_1_29' title="bbox 840 2995 4058 3079; baseline -0.001 -31"><span class='ocrx_word' id='word_1_365' title='bbox 840 3006 1218 3066; x_wconf 88' lang='lat' dir='ltr'><strong>praeterquam</strong></span> <span class='ocrx_word' id='word_1_366' title='bbox 1257 3002 1402 3068; x_wconf 87' lang='lat' dir='ltr'><strong>quod</strong></span> <span class='ocrx_word' id='word_1_367' title='bbox 1433 3018 1520 3057; x_wconf 89' lang='lat' dir='ltr'><strong>res</strong></span> <span class='ocrx_word' id='word_1_368' title='bbox 1548 3006 1718 3074; x_wconf 87' lang='lat' dir='ltr'><strong>ipsae,</strong></span> <span class='ocrx_word' id='word_1_369' title='bbox 1748 3023 1885 3075; x_wconf 87' lang='lat' dir='ltr'><strong>quae</strong></span> <span class='ocrx_word' id='word_1_370' title='bbox 1917 3010 2207 3079; x_wconf 90' lang='lat' dir='ltr'><strong>utrobique</strong></span> <span class='ocrx_word' id='word_1_371' title='bbox 2249 3010 2416 3063; x_wconf 83' lang='lat' dir='ltr'><strong>ferme</strong></span> <span class='ocrx_word' id='word_1_372' title='bbox 2447 3009 2844 3070; x_wconf 89' lang='lat' dir='ltr'><strong>edisseruntur,</strong></span> <span class='ocrx_word' id='word_1_373' title='bbox 2876 3023 3042 3061; x_wconf 90' lang='lat' dir='ltr'><strong>unum</strong></span> <span class='ocrx_word' id='word_1_374' title='bbox 3073 3006 3394 3073; x_wconf 87' lang='lat' dir='ltr'><strong>scriptorem</strong></span> <span class='ocrx_word' id='word_1_375' title='bbox 3435 3002 3673 3070; x_wconf 88' lang='lat' dir='ltr'><strong>produnt</strong></span> <span class='ocrx_word' id='word_1_376' title='bbox 3701 2999 3834 3069; x_wconf 85' lang='lat'><strong>(16),</strong></span> <span class='ocrx_word' id='word_1_377' title='bbox 3868 3008 3926 3050; x_wconf 90' lang='lat' dir='ltr'><strong>et</strong></span> <span class='ocrx_word' id='word_1_378' title='bbox 3965 2995 4058 3048; x_wconf 85' lang='lat' dir='ltr'><strong>Ma-</strong></span> 
     </span>
    </p>
   </div>
   <div class='ocr_carea' id='block_1_30' title="bbox 838 3085 4064 3171">
    <p class='ocr_par' dir='ltr' id='par_1_30' title="bbox 838 3085 4064 3171">
     <span class='ocr_line' id='line_1_30' title="bbox 838 3085 4064 3171; baseline -0.002 -27"><span class='ocrx_word' id='word_1_379' title='bbox 838 3089 1044 3144; x_wconf 91' lang='lat' dir='ltr'><strong>carium</strong></span> <span class='ocrx_word' id='word_1_380' title='bbox 1080 3089 1298 3157; x_wconf 88' lang='lat' dir='ltr'><strong>quidem</strong></span> <span class='ocrx_word' id='word_1_381' title='bbox 1333 3092 1648 3163; x_wconf 81' lang='lat' dir='ltr'><strong>Aegyptium</strong></span> <span class='ocrx_word' id='word_1_382' title='bbox 1675 3111 2032 3167; x_wconf 84' lang='lat' dir='ltr'><strong>cognomento</strong></span> <span class='ocrx_word' id='word_1_383' title='bbox 2062 3102 2336 3171; x_wconf 81' lang='lat' dir='ltr'><strong>Magnum,</strong></span> <span class='ocrx_word' id='word_1_384' title='bbox 2377 3101 2587 3153; x_wconf 87' lang='lat' dir='ltr'><strong>accedit</strong></span> <span class='ocrx_word' id='word_1_385' title='bbox 2627 3099 2681 3152; x_wconf 94' lang='lat' dir='ltr'><strong>in</strong></span> <span class='ocrx_word' id='word_1_386' title='bbox 2710 3099 2902 3168; x_wconf 90' lang='lat' dir='ltr'><strong>primis</strong></span> <span class='ocrx_word' id='word_1_387' title='bbox 2937 3115 3036 3152; x_wconf 88' lang='lat' dir='ltr'><strong>ms.</strong></span> <span class='ocrx_word' id='word_1_388' title='bbox 3079 3096 3281 3150; x_wconf 90' lang='lat' dir='ltr'><strong>codicis</strong></span> <span class='ocrx_word' id='word_1_389' title='bbox 3315 3094 3445 3145; x_wconf 79' lang='lat' dir='ltr'><strong>fides</strong></span> <span class='ocrx_word' id='word_1_390' title='bbox 3474 3106 3582 3160; x_wconf 91' lang='lat' dir='ltr'><strong>quo</strong></span> <span class='ocrx_word' id='word_1_391' title='bbox 3613 3106 3744 3144; x_wconf 89' lang='lat' dir='ltr'><strong>usus</strong></span> <span class='ocrx_word' id='word_1_392' title='bbox 3787 3097 3870 3142; x_wconf 86' lang='lat' dir='ltr'><strong>est</strong></span> <span class='ocrx_word' id='word_1_393' title='bbox 3894 3085 4064 3140; x_wconf 90' lang='lat' dir='ltr'><strong>Possi-</strong></span> 
     </span>
    </p>
   </div>
   <div class='ocr_carea' id='block_1_31' title="bbox 843 3179 4073 3264">
    <p class='ocr_par' dir='ltr' id='par_1_31' title="bbox 843 3179 4073 3264">
     <span class='ocr_line' id='line_1_31' title="bbox 843 3179 4073 3264; baseline 0.003 -37"><span class='ocrx_word' id='word_1_394' title='bbox 843 3192 963 3242; x_wconf 91' lang='lat' dir='ltr'><strong>nus,</strong></span> <span class='ocrx_word' id='word_1_395' title='bbox 988 3191 1047 3235; x_wconf 90' lang='lat' dir='ltr'><strong>ut</strong></span> <span class='ocrx_word' id='word_1_396' title='bbox 1069 3183 1294 3251; x_wconf 90' lang='lat' dir='ltr'><strong>ipsemet</strong></span> <span class='ocrx_word' id='word_1_397' title='bbox 1316 3188 1646 3241; x_wconf 88' lang='lat' dir='ltr'><strong>testaturhis</strong></span> <span class='ocrx_word' id='word_1_398' title='bbox 1661 3190 1844 3243; x_wconf 88' lang='lat' dir='ltr'><strong>verbis</strong></span> <span class='ocrx_word' id='word_1_399' title='bbox 1868 3209 1878 3243; x_wconf 95' lang='lat'>:</span> <span class='ocrx_word' id='word_1_400' title='bbox 1908 3211 1925 3240; x_wconf 85' lang='grc'><em>‹</em></span> <span class='ocrx_word' id='word_1_401' title='bbox 1956 3191 2193 3260; x_wconf 89' lang='lat' dir='ltr'><strong>Septem,</strong></span> <span class='ocrx_word' id='word_1_402' title='bbox 2221 3212 2236 3243; x_wconf 75' lang='grc' dir='ltr'><strong><em>ι</em></strong></span> <span class='ocrx_word' id='word_1_403' title='bbox 2263 3192 2342 3264; x_wconf 89' lang='grc' dir='ltr'><strong>[Ρ.</strong></span> <span class='ocrx_word' id='word_1_404' title='bbox 2367 3192 2456 3263; x_wconf 82' lang='lat' dir='ltr'><strong>IV]</strong></span> <span class='ocrx_word' id='word_1_405' title='bbox 2483 3191 2676 3260; x_wconf 89' lang='lat' dir='ltr'><strong>inquit,</strong></span> <span class='ocrx_word' id='word_1_406' title='bbox 2702 3210 2718 3241; x_wconf 88' lang='grc'><strong>‹</strong></span> <span class='ocrx_word' id='word_1_407' title='bbox 2747 3191 3015 3260; x_wconf 90' lang='lat' dir='ltr'><strong>Opuscula</strong></span> <span class='ocrx_word' id='word_1_408' title='bbox 3043 3191 3203 3244; x_wconf 79' lang='lat' dir='ltr'><strong>unius</strong></span> <span class='ocrx_word' id='word_1_409' title='bbox 3230 3197 3355 3242; x_wconf 81' lang='lat' dir='ltr'><strong>sunt</strong></span> <span class='ocrx_word' id='word_1_410' title='bbox 3376 3186 3614 3240; x_wconf 87' lang='lat' dir='ltr'><strong>auctoris</strong></span> <span class='ocrx_word' id='word_1_411' title='bbox 3634 3179 4073 3248; x_wconf 71' lang='lat' dir='ltr'><strong>MacariiMagni.</strong></span> 
     </span>
    </p>
   </div>
   <div class='ocr_carea' id='block_1_32' title="bbox 848 3273 4077 3353">
    <p class='ocr_par' dir='ltr' id='par_1_32' title="bbox 848 3273 4077 3353">
     <span class='ocr_line' id='line_1_32' title="bbox 848 3273 4077 3353; baseline 0 -30"><span class='ocrx_word' id='word_1_412' title='bbox 848 3288 866 3317; x_wconf 85' lang='grc'><strong>‹</strong></span> <span class='ocrx_word' id='word_1_413' title='bbox 913 3281 1073 3339; x_wconf 89' lang='lat' dir='ltr'><strong>prout</strong></span> <span class='ocrx_word' id='word_1_414' title='bbox 1108 3273 1309 3330; x_wconf 90' lang='lat' dir='ltr'><strong>diserte</strong></span> <span class='ocrx_word' id='word_1_415' title='bbox 1346 3279 1680 3349; x_wconf 81' lang='lat' dir='ltr'><strong>singulorum</strong></span> <span class='ocrx_word' id='word_1_416' title='bbox 1706 3282 1895 3336; x_wconf 89' lang='lat' dir='ltr'><strong>titulus</strong></span> <span class='ocrx_word' id='word_1_417' title='bbox 1929 3285 2173 3353; x_wconf 82' lang='lat' dir='ltr'><strong>signabat</strong></span> <span class='ocrx_word' id='word_1_418' title='bbox 2200 3287 2253 3338; x_wconf 92' lang='lat' dir='ltr'><strong>in</strong></span> <span class='ocrx_word' id='word_1_419' title='bbox 2289 3285 2474 3339; x_wconf 89' lang='lat' dir='ltr'><strong>codice</strong></span> <span class='ocrx_word' id='word_1_420' title='bbox 2502 3285 2822 3338; x_wconf 88' lang='lat' dir='ltr'><strong>Turrianeo.</strong></span> <span class='ocrx_word' id='word_1_421' title='bbox 2875 3285 3041 3336; x_wconf 87' lang='lat' dir='ltr'><strong>Erant</strong></span> <span class='ocrx_word' id='word_1_422' title='bbox 3084 3291 3262 3336; x_wconf 91' lang='lat' dir='ltr'><strong>autem</strong></span> <span class='ocrx_word' id='word_1_423' title='bbox 3305 3297 3367 3334; x_wconf 89' lang='lat' dir='ltr'><strong>ea</strong></span> <span class='ocrx_word' id='word_1_424' title='bbox 3412 3279 3486 3332; x_wconf 88' lang='lat' dir='ltr'><strong>ibi</strong></span> <span class='ocrx_word' id='word_1_425' title='bbox 3523 3294 3631 3330; x_wconf 92' lang='lat' dir='ltr'><strong>non</strong></span> <span class='ocrx_word' id='word_1_426' title='bbox 3668 3290 3776 3328; x_wconf 91' lang='lat' dir='ltr'><strong>uno</strong></span> <span class='ocrx_word' id='word_1_427' title='bbox 3816 3275 4077 3327; x_wconf 89' lang='lat' dir='ltr'><strong>continue</strong></span> 
     </span>
    </p>
   </div>
   <div class='ocr_carea' id='block_1_33' title="bbox 851 3364 4072 3445">
    <p class='ocr_par' dir='ltr' id='par_1_33' title="bbox 851 3364 4072 3445">
     <span class='ocr_line' id='line_1_33' title="bbox 851 3364 4072 3445; baseline -0.001 -28"><span class='ocrx_word' id='word_1_428' title='bbox 851 3382 867 3412; x_wconf 69' lang='grc' dir='ltr'><strong>ε</strong></span> <span class='ocrx_word' id='word_1_429' title='bbox 913 3364 1080 3419; x_wconf 90' lang='lat' dir='ltr'><strong>ductu</strong></span> <span class='ocrx_word' id='word_1_430' title='bbox 1108 3384 1363 3437; x_wconf 85' lang='lat' dir='ltr'><strong>expansa,</strong></span> <span class='ocrx_word' id='word_1_431' title='bbox 1413 3373 1505 3425; x_wconf 90' lang='lat' dir='ltr'><strong>sed</strong></span> <span class='ocrx_word' id='word_1_432' title='bbox 1553 3373 1606 3426; x_wconf 91' lang='lat' dir='ltr'><strong>in</strong></span> <span class='ocrx_word' id='word_1_433' title='bbox 1658 3375 1766 3428; x_wconf 94' lang='lat' dir='ltr'><strong>duo</strong></span> <span class='ocrx_word' id='word_1_434' title='bbox 1799 3379 2108 3444; x_wconf 82' lang='lat' dir='ltr'><strong>separatim,</strong></span> <span class='ocrx_word' id='word_1_435' title='bbox 2156 3379 2342 3431; x_wconf 81' lang='lat' dir='ltr'><strong>multis</strong></span> <span class='ocrx_word' id='word_1_436' title='bbox 2390 3377 2746 3445; x_wconf 89' lang='lat' dir='ltr'><strong>interpositis,</strong></span> <span class='ocrx_word' id='word_1_437' title='bbox 2781 3377 2952 3429; x_wconf 85' lang='lat' dir='ltr'><strong>divisa</strong></span> <span class='ocrx_word' id='word_1_438' title='bbox 2993 3382 3277 3445; x_wconf 75' lang='lat' dir='ltr'><strong>systcmata</strong></span> <span class='ocrx_word' id='word_1_439' title='bbox 3323 3372 3545 3424; x_wconf 82' lang='lat' dir='ltr'><strong>nominis</strong></span> <span class='ocrx_word' id='word_1_440' title='bbox 3598 3368 3844 3420; x_wconf 82' lang='lat' dir='ltr'><strong>eiusdem.</strong></span> <span class='ocrx_word' id='word_1_441' title='bbox 3895 3366 4072 3418; x_wconf 89' lang='lat' dir='ltr'><strong>Priori</strong></span> 
     </span>
    </p>
   </div>
   <div class='ocr_carea' id='block_1_34' title="bbox 851 3460 4082 3542">
    <p class='ocr_par' dir='ltr' id='par_1_34' title="bbox 851 3460 4082 3542">
     <span class='ocr_line' id='line_1_34' title="bbox 851 3460 4082 3542; baseline -0.001 -27"><span class='ocrx_word' id='word_1_442' title='bbox 851 3476 868 3507; x_wconf 70' lang='grc' dir='ltr'><strong><em>ε</em></strong></span> <span class='ocrx_word' id='word_1_443' title='bbox 914 3460 1182 3530; x_wconf 89' lang='lat' dir='ltr'><strong>siquidem</strong></span> <span class='ocrx_word' id='word_1_444' title='bbox 1226 3466 1314 3519; x_wconf 90' lang='lat' dir='ltr'><strong>hic</strong></span> <span class='ocrx_word' id='word_1_445' title='bbox 1370 3468 1765 3538; x_wconf 75' lang='lat' dir='ltr'><strong>praefigebatur</strong></span> <span class='ocrx_word' id='word_1_446' title='bbox 1830 3472 1990 3524; x_wconf 77' lang='lat' dir='ltr'><strong>index</strong></span> <span class='ocrx_word' id='word_1_447' title='bbox 2027 3492 2037 3523; x_wconf 93' lang='lat'>:</span> <span class='ocrx_word' id='word_1_448' title='bbox 2077 3473 2297 3526; x_wconf 84' lang='lat' dir='ltr'><strong>Macarii</strong></span> <span class='ocrx_word' id='word_1_449' title='bbox 2335 3473 2514 3542; x_wconf 80' lang='lat' dir='ltr'><strong>Magni</strong></span> <span class='ocrx_word' id='word_1_450' title='bbox 2556 3473 2616 3525; x_wconf 88' lang='lat' dir='ltr'><strong>de</strong></span> <span class='ocrx_word' id='word_1_451' title='bbox 2660 3473 2888 3526; x_wconf 80' lang='lat' dir='ltr'><strong>custodia</strong></span> <span class='ocrx_word' id='word_1_452' title='bbox 2931 3471 3096 3523; x_wconf 80' lang='lat' dir='ltr'><strong>cordis</strong></span> <span class='ocrx_word' id='word_1_453' title='bbox 3156 3468 3265 3540; x_wconf 84' lang='lat'><strong>(1&#39;7)</strong></span> <span class='ocrx_word' id='word_1_454' title='bbox 3305 3487 3322 3518; x_wconf 75' lang='grc' dir='ltr'><strong><em>ι</em></strong></span> <span class='ocrx_word' id='word_1_455' title='bbox 3385 3477 3490 3522; x_wconf 88' lang='lat' dir='ltr'><strong>cet.</strong></span> <span class='ocrx_word' id='word_1_456' title='bbox 3529 3466 3598 3519; x_wconf 79' lang='lat' dir='ltr'><strong>At</strong></span> <span class='ocrx_word' id='word_1_457' title='bbox 3655 3478 3782 3517; x_wconf 89' lang='lat' dir='ltr'><strong>vero</strong></span> <span class='ocrx_word' id='word_1_458' title='bbox 3841 3476 3952 3515; x_wconf 93' lang='lat' dir='ltr'><strong>non</strong></span> <span class='ocrx_word' id='word_1_459' title='bbox 3995 3468 4082 3513; x_wconf 88' lang='lat' dir='ltr'><strong>est</strong></span> 
     </span>
    </p>
   </div>
   <div class='ocr_carea' id='block_1_35' title="bbox 845 3553 4080 3636">
    <p class='ocr_par' dir='ltr' id='par_1_35' title="bbox 845 3553 4080 3636">
     <span class='ocr_line' id='line_1_35' title="bbox 845 3553 4080 3636; baseline 0.001 -31"><span class='ocrx_word' id='word_1_460' title='bbox 845 3553 965 3608; x_wconf 87' lang='lat' dir='ltr'><strong>heic</strong></span> <span class='ocrx_word' id='word_1_461' title='bbox 992 3556 1463 3623; x_wconf 86' lang='lat' dir='ltr'><strong>dissimulandum,</strong></span> <span class='ocrx_word' id='word_1_462' title='bbox 1506 3563 1653 3631; x_wconf 75' lang='lat' dir='ltr'><strong>&quot;quod</strong></span> <span class='ocrx_word' id='word_1_463' title='bbox 1696 3580 1761 3617; x_wconf 82' lang='lat' dir='ltr'><strong>ex</strong></span> <span class='ocrx_word' id='word_1_464' title='bbox 1795 3564 2017 3619; x_wconf 84' lang='lat' dir='ltr'><strong>Joannis</strong></span> <span class='ocrx_word' id='word_1_465' title='bbox 2061 3568 2257 3620; x_wconf 90' lang='lat' dir='ltr'><strong>Mariae</strong></span> <span class='ocrx_word' id='word_1_466' title='bbox 2299 3568 2685 3622; x_wconf 87' lang='lat' dir='ltr'><strong>Brasichellani</strong></span> <span class='ocrx_word' id='word_1_467' title='bbox 2728 3567 3121 3636; x_wconf 75' lang='lat' dir='ltr'><strong>Expurgatorio</strong></span> <span class='ocrx_word' id='word_1_468' title='bbox 3159 3564 3339 3618; x_wconf 86' lang='lat' dir='ltr'><strong>Indice</strong></span> <span class='ocrx_word' id='word_1_469' title='bbox 3384 3563 3437 3615; x_wconf 89' lang='lat' dir='ltr'><strong>in</strong></span> <span class='ocrx_word' id='word_1_470' title='bbox 3475 3563 3662 3615; x_wconf 87' lang='lat' dir='ltr'><strong>literas</strong></span> <span class='ocrx_word' id='word_1_471' title='bbox 3711 3558 3898 3611; x_wconf 91' lang='lat' dir='ltr'><strong>retulit</strong></span> <span class='ocrx_word' id='word_1_472' title='bbox 3933 3557 4080 3609; x_wconf 89' lang='lat' dir='ltr'><strong>Lab-</strong></span> 
     </span>
    </p>
   </div>
   <div class='ocr_carea' id='block_1_36' title="bbox 847 3647 4078 3728">
    <p class='ocr_par' dir='ltr' id='par_1_36' title="bbox 847 3647 4078 3728">
     <span class='ocr_line' id='line_1_36' title="bbox 847 3647 4078 3728; baseline -0 -27"><span class='ocrx_word' id='word_1_473' title='bbox 847 3648 982 3701; x_wconf 82' lang='lat' dir='ltr'><strong>heus</strong></span> <span class='ocrx_word' id='word_1_474' title='bbox 1022 3648 1151 3718; x_wconf 91' lang='lat' dir='ltr'><strong>(I8).</strong></span> <span class='ocrx_word' id='word_1_475' title='bbox 1197 3650 1286 3704; x_wconf 88' lang='lat' dir='ltr'><strong>Sic</strong></span> <span class='ocrx_word' id='word_1_476' title='bbox 1331 3661 1513 3706; x_wconf 89' lang='lat' dir='ltr'><strong>autem</strong></span> <span class='ocrx_word' id='word_1_477' title='bbox 1558 3654 1709 3707; x_wconf 89' lang='lat' dir='ltr'><strong>locus</strong></span> <span class='ocrx_word' id='word_1_478' title='bbox 1757 3671 1814 3708; x_wconf 88' lang='lat' dir='ltr'><strong>se</strong></span> <span class='ocrx_word' id='word_1_479' title='bbox 1854 3657 2052 3710; x_wconf 84' lang='lat' dir='ltr'><strong>habet:</strong></span> <span class='ocrx_word' id='word_1_480' title='bbox 2117 3677 2134 3708; x_wconf 70' lang='grc' dir='ltr'>ι</span> <span class='ocrx_word' id='word_1_481' title='bbox 2188 3659 2324 3712; x_wconf 92' lang='lat' dir='ltr'><strong>Illud</strong></span> <span class='ocrx_word' id='word_1_482' title='bbox 2368 3668 2670 3728; x_wconf 91' lang='lat' dir='ltr'><strong>opportune</strong></span> <span class='ocrx_word' id='word_1_483' title='bbox 2713 3660 3082 3720; x_wconf 89' lang='lat' dir='ltr'><strong>observamus,</strong></span> <span class='ocrx_word' id='word_1_484' title='bbox 3130 3655 3391 3724; x_wconf 89' lang='lat' dir='ltr'><strong>quaedam</strong></span> <span class='ocrx_word' id='word_1_485' title='bbox 3433 3654 3538 3706; x_wconf 89' lang='lat' dir='ltr'><strong>illis</strong></span> <span class='ocrx_word' id='word_1_486' title='bbox 3571 3647 3866 3722; x_wconf 80' lang='lat' dir='ltr'><strong>[Ilomiliis]</strong></span> <span class='ocrx_word' id='word_1_487' title='bbox 3902 3649 4078 3701; x_wconf 86' lang='lat' dir='ltr'><strong>inesse</strong></span> 
     </span>
    </p>
   </div>
   <div class='ocr_carea' id='block_1_37' title="bbox 854 3737 4082 3820">
    <p class='ocr_par' dir='ltr' id='par_1_37' title="bbox 854 3737 4082 3820">
     <span class='ocr_line' id='line_1_37' title="bbox 854 3737 4082 3820; baseline 0.001 -29"><span class='ocrx_word' id='word_1_488' title='bbox 854 3753 872 3784; x_wconf 76' lang='grc' dir='ltr'>ι</span> <span class='ocrx_word' id='word_1_489' title='bbox 917 3737 1169 3804; x_wconf 88' lang='lat' dir='ltr'><strong>obscura,</strong></span> <span class='ocrx_word' id='word_1_490' title='bbox 1200 3743 1451 3813; x_wconf 76' lang='lat' dir='ltr'><strong>ambigua</strong></span> <span class='ocrx_word' id='word_1_491' title='bbox 1483 3753 1536 3798; x_wconf 89' lang='lat' dir='ltr'><strong>et</strong></span> <span class='ocrx_word' id='word_1_492' title='bbox 1586 3760 1616 3797; x_wconf 91' lang='lat' dir='ltr'><strong>a</strong></span> <span class='ocrx_word' id='word_1_493' title='bbox 1658 3748 1876 3814; x_wconf 89' lang='lat' dir='ltr'><strong>proprio</strong></span> <span class='ocrx_word' id='word_1_494' title='bbox 1905 3758 2202 3819; x_wconf 77' lang='lat' dir='ltr'><strong>exactoque</strong></span> <span class='ocrx_word' id='word_1_495' title='bbox 2247 3766 2396 3804; x_wconf 89' lang='lat' dir='ltr'><strong>more</strong></span> <span class='ocrx_word' id='word_1_496' title='bbox 2432 3751 2688 3819; x_wconf 89' lang='lat' dir='ltr'><strong>loquendi</strong></span> <span class='ocrx_word' id='word_1_497' title='bbox 2728 3751 3101 3820; x_wconf 87' lang='lat' dir='ltr'><strong>theologorum</strong></span> <span class='ocrx_word' id='word_1_498' title='bbox 3145 3747 3541 3817; x_wconf 81' lang='lat' dir='ltr'><strong>quadamtenus</strong></span> <span class='ocrx_word' id='word_1_499' title='bbox 3598 3744 3790 3806; x_wconf 90' lang='lat' dir='ltr'><strong>aliena,</strong></span> <span class='ocrx_word' id='word_1_500' title='bbox 3825 3742 4082 3810; x_wconf 89' lang='lat' dir='ltr'><strong>proinde-</strong></span> 
     </span>
    </p>
   </div>
   <div class='ocr_carea' id='block_1_38' title="bbox 855 3837 4081 3915">
    <p class='ocr_par' dir='ltr' id='par_1_38' title="bbox 855 3837 4081 3915">
     <span class='ocr_line' id='line_1_38' title="bbox 855 3837 4081 3915; baseline 0.001 -27"><span class='ocrx_word' id='word_1_501' title='bbox 855 3854 870 3882; x_wconf 76' lang='grc' dir='ltr'>ι</span> <span class='ocrx_word' id='word_1_502' title='bbox 917 3850 1022 3903; x_wconf 81' lang='lat' dir='ltr'><strong>q‘ue</strong></span> <span class='ocrx_word' id='word_1_503' title='bbox 1063 3853 1186 3891; x_wconf 90' lang='lat' dir='ltr'><strong>cum</strong></span> <span class='ocrx_word' id='word_1_504' title='bbox 1232 3840 1436 3894; x_wconf 90' lang='lat' dir='ltr'><strong>iudicio</strong></span> <span class='ocrx_word' id='word_1_505' title='bbox 1486 3851 1542 3895; x_wconf 88' lang='lat' dir='ltr'><strong>et</strong></span> <span class='ocrx_word' id='word_1_506' title='bbox 1588 3843 1977 3913; x_wconf 89' lang='lat' dir='ltr'><strong>circumspecte</strong></span> <span class='ocrx_word' id='word_1_507' title='bbox 2023 3847 2266 3915; x_wconf 84' lang='lat' dir='ltr'><strong>legenda.</strong></span> <span class='ocrx_word' id='word_1_508' title='bbox 2317 3847 2386 3900; x_wconf 88' lang='lat' dir='ltr'><strong>Et</strong></span> <span class='ocrx_word' id='word_1_509' title='bbox 2418 3847 2602 3899; x_wconf 91' lang='lat' dir='ltr'><strong>subest</strong></span> <span class='ocrx_word' id='word_1_510' title='bbox 2653 3847 2910 3914; x_wconf 92' lang='lat' dir='ltr'><strong>suspicio,</strong></span> <span class='ocrx_word' id='word_1_511' title='bbox 2950 3861 3018 3898; x_wconf 87' lang='lat' dir='ltr'><strong>ne</strong></span> <span class='ocrx_word' id='word_1_512' title='bbox 3061 3843 3128 3896; x_wconf 91' lang='lat' dir='ltr'><strong>ab</strong></span> <span class='ocrx_word' id='word_1_513' title='bbox 3168 3843 3351 3909; x_wconf 88' lang='lat' dir='ltr'><strong>aliquo</strong></span> <span class='ocrx_word' id='word_1_514' title='bbox 3394 3841 3681 3907; x_wconf 87' lang='lat' dir='ltr'><strong>Pelagiano</strong></span> <span class='ocrx_word' id='word_1_515' title='bbox 3727 3839 3835 3892; x_wconf 93' lang='lat' dir='ltr'><strong>sint</strong></span> <span class='ocrx_word' id='word_1_516' title='bbox 3877 3837 4081 3890; x_wconf 80' lang='lat' dir='ltr'><strong>alicubi</strong></span> 
     </span>
    </p>
   </div>
   <div class='ocr_carea' id='block_1_39' title="bbox 856 3929 4081 4006">
    <p class='ocr_par' dir='ltr' id='par_1_39' title="bbox 856 3929 4081 4006">
     <span class='ocr_line' id='line_1_39' title="bbox 856 3929 4081 4006; baseline -0.006 -6"><span class='ocrx_word' id='word_1_517' title='bbox 856 3946 873 3976; x_wconf 69' lang='grc' dir='ltr'>ί</span> <span class='ocrx_word' id='word_1_518' title='bbox 923 3929 1294 3999; x_wconf 64' lang='lat' dir='ltr'><strong>interpolatae.</strong></span> <span class='ocrx_word' id='word_1_519' title='bbox 1339 3951 1356 3981; x_wconf 71' lang='grc' dir='ltr'><strong><em>ι</em></strong></span> <span class='ocrx_word' id='word_1_520' title='bbox 1411 3934 1554 3987; x_wconf 89' lang='lat' dir='ltr'><strong>llaec</strong></span> <span class='ocrx_word' id='word_1_521' title='bbox 1612 3933 1708 3986; x_wconf 92' lang='lat' dir='ltr'><strong>ibi.</strong></span> <span class='ocrx_word' id='word_1_522' title='bbox 1756 3936 1925 4001; x_wconf 87' lang='lat' dir='ltr'><strong>Quem</strong></span> <span class='ocrx_word' id='word_1_523' title='bbox 1978 3939 2031 3991; x_wconf 93' lang='lat' dir='ltr'><strong>in</strong></span> <span class='ocrx_word' id='word_1_524' title='bbox 2099 3940 2278 3992; x_wconf 91' lang='lat' dir='ltr'><strong>locum</strong></span> <span class='ocrx_word' id='word_1_525' title='bbox 2330 3939 2587 3993; x_wconf 87' lang='lat' dir='ltr'><strong>lectorem</strong></span> <span class='ocrx_word' id='word_1_526' title='bbox 2638 3937 2782 3990; x_wconf 91' lang='lat' dir='ltr'><strong>haud</strong></span> <span class='ocrx_word' id='word_1_527' title='bbox 2833 3937 3011 4006; x_wconf 88' lang='lat' dir='ltr'><strong>pigeat</strong></span> <span class='ocrx_word' id='word_1_528' title='bbox 3059 3934 3336 3988; x_wconf 89' lang='lat' dir='ltr'><strong>laudatum</strong></span> <span class='ocrx_word' id='word_1_529' title='bbox 3385 3932 3616 3985; x_wconf 89' lang='lat' dir='ltr'><strong>subinde</strong></span> <span class='ocrx_word' id='word_1_530' title='bbox 3670 3929 4081 3985; x_wconf 89' lang='lat' dir='ltr'><strong>Tillemontium</strong></span> 
     </span>
    </p>
   </div>
   <div class='ocr_carea' id='block_1_40' title="bbox 850 4018 3124 4097">
    <p class='ocr_par' dir='ltr' id='par_1_40' title="bbox 850 4018 3124 4097">
     <span class='ocr_line' id='line_1_40' title="bbox 850 4018 3124 4097; baseline 0.003 -26"><span class='ocrx_word' id='word_1_531' title='bbox 850 4018 1001 4074; x_wconf 89' lang='lat' dir='ltr'><strong>adire</strong></span> <span class='ocrx_word' id='word_1_532' title='bbox 1044 4024 1175 4092; x_wconf 88' lang='lat'><strong>(19),</strong></span> <span class='ocrx_word' id='word_1_533' title='bbox 1207 4026 1298 4078; x_wconf 88' lang='lat' dir='ltr'><strong>sed</strong></span> <span class='ocrx_word' id='word_1_534' title='bbox 1335 4027 1388 4078; x_wconf 91' lang='lat' dir='ltr'><strong>in</strong></span> <span class='ocrx_word' id='word_1_535' title='bbox 1414 4026 1604 4094; x_wconf 88' lang='lat' dir='ltr'><strong>primis</strong></span> <span class='ocrx_word' id='word_1_536' title='bbox 1641 4029 1931 4097; x_wconf 86' lang='lat' dir='ltr'><strong>ipsummet</strong></span> <span class='ocrx_word' id='word_1_537' title='bbox 1963 4026 2360 4095; x_wconf 89' lang='lat' dir='ltr'><strong>Opusculorum</strong></span> <span class='ocrx_word' id='word_1_538' title='bbox 2391 4026 2656 4079; x_wconf 87' lang='lat' dir='ltr'><strong>editorem</strong></span> <span class='ocrx_word' id='word_1_539' title='bbox 2683 4026 2963 4078; x_wconf 85' lang='lat' dir='ltr'><strong>Possinum</strong></span> <span class='ocrx_word' id='word_1_540' title='bbox 2995 4026 3124 4094; x_wconf 81' lang='grc'>(20).</span> 
     </span>
    </p>
   </div>
   <div class='ocr_carea' id='block_1_41' title="bbox 921 4114 4079 4184">
    <p class='ocr_par' dir='ltr' id='par_1_41' title="bbox 921 4114 4079 4184">
     <span class='ocr_line' id='line_1_41' title="bbox 921 4114 4079 4184; baseline 0 -16"><span class='ocrx_word' id='word_1_541' title='bbox 921 4115 982 4168; x_wconf 69' lang='grc' dir='ltr'><strong>γ.</strong></span> <span class='ocrx_word' id='word_1_542' title='bbox 1028 4116 1147 4169; x_wconf 79' lang='lat' dir='ltr'><strong>Alia</strong></span> <span class='ocrx_word' id='word_1_543' title='bbox 1181 4125 1465 4184; x_wconf 90' lang='lat' dir='ltr'><strong>praeterea</strong></span> <span class='ocrx_word' id='word_1_544' title='bbox 1495 4121 1755 4173; x_wconf 91' lang='lat' dir='ltr'><strong>nonnulla</strong></span> <span class='ocrx_word' id='word_1_545' title='bbox 1791 4119 1858 4172; x_wconf 89' lang='lat' dir='ltr'><strong>de</strong></span> <span class='ocrx_word' id='word_1_546' title='bbox 1904 4118 2093 4172; x_wconf 88' lang='lat' dir='ltr'><strong>iisdem</strong></span> <span class='ocrx_word' id='word_1_547' title='bbox 2122 4118 2340 4172; x_wconf 84' lang='lat' dir='ltr'><strong>Macarii</strong></span> <span class='ocrx_word' id='word_1_548' title='bbox 2385 4119 2635 4172; x_wconf 90' lang='lat' dir='ltr'><strong>IIomiliis</strong></span> <span class='ocrx_word' id='word_1_549' title='bbox 2664 4119 2953 4171; x_wconf 85' lang='lat' dir='ltr'><strong>observare</strong></span> <span class='ocrx_word' id='word_1_550' title='bbox 2984 4125 3167 4170; x_wconf 91' lang='lat' dir='ltr'><strong>nostra</strong></span> <span class='ocrx_word' id='word_1_551' title='bbox 3197 4117 3442 4169; x_wconf 88' lang='lat' dir='ltr'><strong>interest.</strong></span> <span class='ocrx_word' id='word_1_552' title='bbox 3471 4115 3550 4168; x_wconf 80' lang='lat' dir='ltr'><strong>Et-</strong></span> <span class='ocrx_word' id='word_1_553' title='bbox 3576 4114 3811 4182; x_wconf 89' lang='lat' dir='ltr'><strong>primum</strong></span> <span class='ocrx_word' id='word_1_554' title='bbox 3859 4115 4079 4183; x_wconf 87' lang='lat' dir='ltr'><strong>quidem</strong></span> 
     </span>
    </p>
   </div>
   <div class='ocr_carea' id='block_1_42' title="bbox 851 4205 4082 4274">
    <p class='ocr_par' dir='ltr' id='par_1_42' title="bbox 851 4205 4082 4274">
     <span class='ocr_line' id='line_1_42' title="bbox 851 4205 4082 4274; baseline 0 -17"><span class='ocrx_word' id='word_1_555' title='bbox 851 4205 1130 4260; x_wconf 88' lang='lat' dir='ltr'><strong>homiliam</strong></span> <span class='ocrx_word' id='word_1_556' title='bbox 1163 4207 1306 4261; x_wconf 76' lang='lat' dir='ltr'><strong>XXV</strong></span> <span class='ocrx_word' id='word_1_557' title='bbox 1347 4210 1448 4262; x_wconf 89' lang='lat' dir='ltr'><strong>sub</strong></span> <span class='ocrx_word' id='word_1_558' title='bbox 1482 4211 1638 4264; x_wconf 88' lang='lat' dir='ltr'><strong>tit.qu</strong></span> <span class='ocrx_word' id='word_1_559' title='bbox 1665 4208 1742 4262; x_wconf 83' lang='lat' dir='ltr'><strong>De</strong></span> <span class='ocrx_word' id='word_1_560' title='bbox 1765 4209 1920 4262; x_wconf 86' lang='lat' dir='ltr'><strong>libero</strong></span> <span class='ocrx_word' id='word_1_561' title='bbox 1969 4210 2184 4262; x_wconf 83' lang='lat' dir='ltr'><strong>arbitrio</strong></span> <span class='ocrx_word' id='word_1_562' title='bbox 2215 4209 2379 4263; x_wconf 83' lang='lat' dir='ltr'><strong>fuisse</strong></span> <span class='ocrx_word' id='word_1_563' title='bbox 2422 4209 2550 4261; x_wconf 90' lang='lat' dir='ltr'><strong>olim</strong></span> <span class='ocrx_word' id='word_1_564' title='bbox 2595 4211 2734 4262; x_wconf 82' lang='lat' dir='ltr'><strong>inter</strong></span> <span class='ocrx_word' id='word_1_565' title='bbox 2784 4208 3080 4260; x_wconf 86' lang='lat' dir='ltr'><strong>Basilianas</strong></span> <span class='ocrx_word' id='word_1_566' title='bbox 3123 4207 3464 4269; x_wconf 86' lang='lat' dir='ltr'><strong>recensitam,</strong></span> <span class='ocrx_word' id='word_1_567' title='bbox 3511 4216 3570 4259; x_wconf 89' lang='lat' dir='ltr'><strong>ut</strong></span> <span class='ocrx_word' id='word_1_568' title='bbox 3601 4205 3769 4274; x_wconf 90' lang='lat' dir='ltr'><strong>probe</strong></span> <span class='ocrx_word' id='word_1_569' title='bbox 3814 4205 4082 4260; x_wconf 78' lang='lat' dir='ltr'><strong>intellexit</strong></span> 
     </span>
    </p>
   </div>
   <div class='ocr_carea' id='block_1_43' title="bbox 852 4295 4080 4369">
    <p class='ocr_par' dir='ltr' id='par_1_43' title="bbox 852 4295 4080 4369">
     <span class='ocr_line' id='line_1_43' title="bbox 852 4295 4080 4369; baseline 0.001 -21"><span class='ocrx_word' id='word_1_570' title='bbox 852 4296 1104 4349; x_wconf 90' lang='lat' dir='ltr'><strong>eruditus</strong></span> <span class='ocrx_word' id='word_1_571' title='bbox 1142 4297 1428 4367; x_wconf 85' lang='lat' dir='ltr'><strong>Bengelius</strong></span> <span class='ocrx_word' id='word_1_572' title='bbox 1459 4300 1587 4369; x_wconf 89' lang='grc'>(21).</span> <span class='ocrx_word' id='word_1_573' title='bbox 1632 4301 1818 4368; x_wconf 84' lang='lat' dir='ltr'><strong>Neque</strong></span> <span class='ocrx_word' id='word_1_574' title='bbox 1864 4300 1914 4351; x_wconf 90' lang='lat' dir='ltr'><strong>id</strong></span> <span class='ocrx_word' id='word_1_575' title='bbox 1961 4315 2087 4352; x_wconf 88' lang='lat' dir='ltr'><strong>sane</strong></span> <span class='ocrx_word' id='word_1_576' title='bbox 2132 4299 2314 4351; x_wconf 84' lang='lat' dir='ltr'><strong>Olfecit</strong></span> <span class='ocrx_word' id='word_1_577' title='bbox 2358 4297 2735 4359; x_wconf 88' lang='lat' dir='ltr'><strong>Combefisius,</strong></span> <span class='ocrx_word' id='word_1_578' title='bbox 2771 4297 2863 4364; x_wconf 87' lang='lat' dir='ltr'><strong>qui</strong></span> <span class='ocrx_word' id='word_1_579' title='bbox 2903 4295 3128 4347; x_wconf 87' lang='lat' dir='ltr'><strong>eandem</strong></span> <span class='ocrx_word' id='word_1_580' title='bbox 3177 4304 3481 4362; x_wconf 90' lang='lat' dir='ltr'><strong>propterea,</strong></span> <span class='ocrx_word' id='word_1_581' title='bbox 3520 4304 3775 4363; x_wconf 91' lang='lat' dir='ltr'><strong>tanquam</strong></span> <span class='ocrx_word' id='word_1_582' title='bbox 3807 4295 4080 4365; x_wconf 81' lang='lat' dir='ltr'><strong>integrum</strong></span> 
     </span>
    </p>
   </div>
   <div class='ocr_carea' id='block_1_44' title="bbox 854 4386 4083 4460">
    <p class='ocr_par' dir='ltr' id='par_1_44' title="bbox 854 4386 4083 4460">
     <span class='ocr_line' id='line_1_44' title="bbox 854 4386 4083 4460; baseline 0.001 -19"><span class='ocrx_word' id='word_1_583' title='bbox 854 4389 1036 4442; x_wconf 89' lang='lat' dir='ltr'><strong>Basilii</strong></span> <span class='ocrx_word' id='word_1_584' title='bbox 1071 4389 1246 4458; x_wconf 78' lang='lat' dir='ltr'><strong>Magni</strong></span> <span class='ocrx_word' id='word_1_585' title='bbox 1280 4389 1482 4443; x_wconf 88' lang='lat' dir='ltr'><strong>foetum</strong></span> <span class='ocrx_word' id='word_1_586' title='bbox 1507 4394 1842 4456; x_wconf 78' lang='lat' dir='ltr'><strong>existimans,</strong></span> <span class='ocrx_word' id='word_1_587' title='bbox 1882 4408 1980 4444; x_wconf 87' lang='lat' dir='ltr'><strong>suo</strong></span> <span class='ocrx_word' id='word_1_588' title='bbox 2025 4391 2381 4444; x_wconf 88' lang='lat' dir='ltr'><strong>Ecclesiastae</strong></span> <span class='ocrx_word' id='word_1_589' title='bbox 2426 4405 2621 4460; x_wconf 85' lang='lat' dir='ltr'><strong>graeco</strong></span> <span class='ocrx_word' id='word_1_590' title='bbox 2662 4388 2895 4441; x_wconf 76' lang='lat' dir='ltr'><strong>intexuit</strong></span> <span class='ocrx_word' id='word_1_591' title='bbox 2939 4386 3068 4454; x_wconf 83' lang='grc'>(22).</span> <span class='ocrx_word' id='word_1_592' title='bbox 3109 4387 3311 4439; x_wconf 85' lang='lat' dir='ltr'><strong>Verum</strong></span> <span class='ocrx_word' id='word_1_593' title='bbox 3350 4386 3684 4449; x_wconf 89' lang='lat' dir='ltr'><strong>Garnierius,</strong></span> <span class='ocrx_word' id='word_1_594' title='bbox 3733 4388 4083 4443; x_wconf 88' lang='lat' dir='ltr'><strong>doctissimus</strong></span> 
     </span>
    </p>
   </div>
   <div class='ocr_carea' id='block_1_45' title="bbox 854 4479 4084 4553">
    <p class='ocr_par' dir='ltr' id='par_1_45' title="bbox 854 4479 4084 4553">
     <span class='ocr_line' id='line_1_45' title="bbox 854 4479 4084 4553; baseline -0.001 -19"><span class='ocrx_word' id='word_1_595' title='bbox 854 4482 1247 4536; x_wconf 86' lang='lat' dir='ltr'><strong>Basilianorum</strong></span> <span class='ocrx_word' id='word_1_596' title='bbox 1315 4480 1552 4550; x_wconf 88' lang='lat' dir='ltr'><strong>Operum</strong></span> <span class='ocrx_word' id='word_1_597' title='bbox 1619 4486 1842 4548; x_wconf 90' lang='lat' dir='ltr'><strong>editor,</strong></span> <span class='ocrx_word' id='word_1_598' title='bbox 1930 4485 2173 4553; x_wconf 90' lang='lat' dir='ltr'><strong>quamvis</strong></span> <span class='ocrx_word' id='word_1_599' title='bbox 2260 4483 2558 4551; x_wconf 85' lang='lat' dir='ltr'><strong>legitimum</strong></span> <span class='ocrx_word' id='word_1_600' title='bbox 2627 4481 2875 4534; x_wconf 89' lang='lat' dir='ltr'><strong>laudatae</strong></span> <span class='ocrx_word' id='word_1_601' title='bbox 2961 4479 3214 4532; x_wconf 91' lang='lat' dir='ltr'><strong>homiliae</strong></span> <span class='ocrx_word' id='word_1_602' title='bbox 3292 4487 3569 4548; x_wconf 88' lang='lat' dir='ltr'><strong>parentem</strong></span> <span class='ocrx_word' id='word_1_603' title='bbox 3657 4479 3906 4548; x_wconf 86' lang='lat' dir='ltr'><strong>Magnum</strong></span> <span class='ocrx_word' id='word_1_604' title='bbox 3977 4481 4084 4533; x_wconf 90' lang='lat' dir='ltr'><strong>Ma-</strong></span> 
     </span>
    </p>
   </div>
   <div class='ocr_carea' id='block_1_46' title="bbox 855 4569 4084 4646">
    <p class='ocr_par' dir='ltr' id='par_1_46' title="bbox 855 4569 4084 4646">
     <span class='ocr_line' id='line_1_46' title="bbox 855 4569 4084 4646; baseline -0.001 -18"><span class='ocrx_word' id='word_1_605' title='bbox 855 4575 1063 4629; x_wconf 90' lang='lat' dir='ltr'><strong>earium</strong></span> <span class='ocrx_word' id='word_1_606' title='bbox 1093 4574 1237 4630; x_wconf 89' lang='lat' dir='ltr'><strong>haud</strong></span> <span class='ocrx_word' id='word_1_607' title='bbox 1268 4577 1565 4646; x_wconf 84' lang='lat' dir='ltr'><strong>agnoverit,</strong></span> <span class='ocrx_word' id='word_1_608' title='bbox 1609 4591 1728 4630; x_wconf 87' lang='lat' dir='ltr'><strong>eam</strong></span> <span class='ocrx_word' id='word_1_609' title='bbox 1773 4585 1955 4630; x_wconf 89' lang='lat' dir='ltr'><strong>tamen</strong></span> <span class='ocrx_word' id='word_1_610' title='bbox 2000 4586 2185 4630; x_wconf 90' lang='lat' dir='ltr'><strong>sancto</strong></span> <span class='ocrx_word' id='word_1_611' title='bbox 2215 4575 2414 4628; x_wconf 82' lang='lat' dir='ltr'><strong>Basilio</strong></span> <span class='ocrx_word' id='word_1_612' title='bbox 2459 4587 2741 4642; x_wconf 91' lang='lat' dir='ltr'><strong>perperam</strong></span> <span class='ocrx_word' id='word_1_613' title='bbox 2786 4571 2952 4624; x_wconf 87' lang='lat' dir='ltr'><strong>fuisse</strong></span> <span class='ocrx_word' id='word_1_614' title='bbox 2995 4570 3321 4638; x_wconf 89' lang='lat' dir='ltr'><strong>adscriptam</strong></span> <span class='ocrx_word' id='word_1_615' title='bbox 3364 4569 3613 4638; x_wconf 86' lang='lat' dir='ltr'><strong>pluribus</strong></span> <span class='ocrx_word' id='word_1_616' title='bbox 3645 4585 3673 4622; x_wconf 94' lang='lat' dir='ltr'><strong>a</strong></span> <span class='ocrx_word' id='word_1_617' title='bbox 3721 4580 3976 4624; x_wconf 80' lang='lat' dir='ltr'><strong>contextu</strong></span> <span class='ocrx_word' id='word_1_618' title='bbox 4019 4588 4084 4625; x_wconf 88' lang='lat' dir='ltr'><strong>ac</strong></span> 
     </span>
    </p>
   </div>
   <div class='ocr_carea' id='block_1_47' title="bbox 857 4658 4080 4732">
    <p class='ocr_par' dir='ltr' id='par_1_47' title="bbox 857 4658 4080 4732">
     <span class='ocr_line' id='line_1_47' title="bbox 857 4658 4080 4732; baseline -0.001 -15"><span class='ocrx_word' id='word_1_619' title='bbox 857 4664 983 4718; x_wconf 90' lang='lat' dir='ltr'><strong>stilo</strong></span> <span class='ocrx_word' id='word_1_620' title='bbox 1019 4665 1198 4719; x_wconf 92' lang='lat' dir='ltr'><strong>ductis</strong></span> <span class='ocrx_word' id='word_1_621' title='bbox 1233 4665 1537 4719; x_wconf 89' lang='lat' dir='ltr'><strong>rationibus</strong></span> <span class='ocrx_word' id='word_1_622' title='bbox 1571 4665 1960 4720; x_wconf 85' lang='lat' dir='ltr'><strong>demonstravit</strong></span> <span class='ocrx_word' id='word_1_623' title='bbox 2002 4665 2142 4730; x_wconf 70' lang='lat'><strong>(25);</strong></span> <span class='ocrx_word' id='word_1_624' title='bbox 2173 4680 2334 4732; x_wconf 92' lang='lat' dir='ltr'><strong>quam</strong></span> <span class='ocrx_word' id='word_1_625' title='bbox 2374 4662 2686 4730; x_wconf 86' lang='lat' dir='ltr'><strong>proindein</strong></span> <span class='ocrx_word' id='word_1_626' title='bbox 2723 4660 3077 4729; x_wconf 89' lang='lat' dir='ltr'><strong>appendicem</strong></span> <span class='ocrx_word' id='word_1_627' title='bbox 3108 4659 3297 4713; x_wconf 83' lang='lat' dir='ltr'><strong>reiecit</strong></span> <span class='ocrx_word' id='word_1_628' title='bbox 3328 4658 3458 4728; x_wconf 69' lang='grc'>(24).</span> <span class='ocrx_word' id='word_1_629' title='bbox 3492 4659 3559 4711; x_wconf 83' lang='lat' dir='ltr'><strong>At</strong></span> <span class='ocrx_word' id='word_1_630' title='bbox 3594 4674 3722 4713; x_wconf 82' lang='lat' dir='ltr'><strong>vero</strong></span> <span class='ocrx_word' id='word_1_631' title='bbox 3763 4675 3944 4713; x_wconf 87' lang='lat' dir='ltr'><strong>acrem</strong></span> <span class='ocrx_word' id='word_1_632' title='bbox 3979 4662 4080 4716; x_wconf 87' lang='lat' dir='ltr'><strong>viri</strong></span> 
     </span>
    </p>
   </div>
   <div class='ocr_carea' id='block_1_48' title="bbox 930 4867 3046 4947">
    <p class='ocr_par' dir='ltr' id='par_1_48' title="bbox 930 4867 3046 4947">
     <span class='ocr_line' id='line_1_48' title="bbox 930 4867 3046 4947; baseline -0.004 -17"><span class='ocrx_word' id='word_1_633' title='bbox 930 4880 1006 4947; x_wconf 91' lang='lat'><strong>(7)</strong></span> <span class='ocrx_word' id='word_1_634' title='bbox 1039 4877 1228 4931; x_wconf 87' lang='lat' dir='ltr'><strong>Montf.</strong></span> <span class='ocrx_word' id='word_1_635' title='bbox 1278 4878 1608 4931; x_wconf 88' lang='lat' dir='ltr'><strong>Bibliotheca</strong></span> <span class='ocrx_word' id='word_1_636' title='bbox 1639 4877 2099 4947; x_wconf 87' lang='lat' dir='ltr'><strong>Bibliotheearum</strong></span> <span class='ocrx_word' id='word_1_637' title='bbox 2124 4873 2424 4947; x_wconf 77' lang='lat' dir='ltr'><strong>manuscri-</strong></span> <span class='ocrx_word' id='word_1_638' title='bbox 2521 4869 2790 4947; x_wconf 51' lang='lat' dir='ltr'><strong>Pritipsl</strong></span> <span class='ocrx_word' id='word_1_639' title='bbox 2824 4868 2920 4947; x_wconf 82' lang='lat' dir='ltr'><strong>l._§</strong></span> <span class='ocrx_word' id='word_1_640' title='bbox 2949 4867 3046 4947; x_wconf 76' lang='lat' dir='ltr'><strong>XI.</strong></span> 
     </span>
    </p>
   </div>
   <div class='ocr_carea' id='block_1_49' title="bbox 859 4937 3515 5015">
    <p class='ocr_par' dir='ltr' id='par_1_49' title="bbox 859 4937 3515 5015">
     <span class='ocr_line' id='line_1_49' title="bbox 859 4937 3515 5015; baseline -0.003 -16"><span class='ocrx_word' id='word_1_641' title='bbox 859 4937 1077 5015; x_wconf 80' lang='lat' dir='ltr'><strong>ptorum</strong></span> <span class='ocrx_word' id='word_1_642' title='bbox 1107 4962 1245 5000; x_wconf 88' lang='lat' dir='ltr'><strong>nova</strong></span> <span class='ocrx_word' id='word_1_643' title='bbox 1268 4948 1439 5001; x_wconf 88' lang='lat' dir='ltr'><strong>Paris.</strong></span> <span class='ocrx_word' id='word_1_644' title='bbox 1473 4947 1609 5000; x_wconf 74' lang='grc'>1759</span> <span class='ocrx_word' id='word_1_645' title='bbox 1638 4946 1731 5000; x_wconf 94' lang='lat' dir='ltr'><strong>fol.</strong></span> <span class='ocrx_word' id='word_1_646' title='bbox 1766 4947 1828 4999; x_wconf 89' lang='lat' dir='ltr'><strong>T.</strong></span> <span class='ocrx_word' id='word_1_647' title='bbox 1859 4949 1878 5000; x_wconf 86' lang='grc' dir='ltr'>Ι</span> <span class='ocrx_word' id='word_1_648' title='bbox 1929 4963 1981 5015; x_wconf 93' lang='lat' dir='ltr'><strong>p.</strong></span> <span class='ocrx_word' id='word_1_649' title='bbox 2019 4944 2172 5015; x_wconf 20' lang='lat' dir='ltr'><strong>677C.</strong></span> <span class='ocrx_word' id='word_1_650' title='bbox 2230 5013 2273 5015; x_wconf 96' lang='lat'>__</span> <span class='ocrx_word' id='word_1_651' title='bbox 2341 5012 2352 5015; x_wconf 95' lang='lat'><em>_</em></span> <span class='ocrx_word' id='word_1_652' title='bbox 2592 4939 2702 5015; x_wconf 57' lang='lat' dir='ltr'><strong>(lg)</strong></span> <span class='ocrx_word' id='word_1_653' title='bbox 2730 4939 3051 5015; x_wconf 59' lang='lat' dir='ltr'><strong>Ifossinusl.</strong></span> <span class='ocrx_word' id='word_1_654' title='bbox 3071 4939 3108 4992; x_wconf 90' lang='lat' dir='ltr'><strong>l.</strong></span> <span class='ocrx_word' id='word_1_655' title='bbox 3147 4937 3265 5008; x_wconf 81' lang='lat' dir='ltr'><strong>§VI</strong></span> <span class='ocrx_word' id='word_1_656' title='bbox 3295 4937 3396 4991; x_wconf 88' lang='lat' dir='ltr'><strong>sub</strong></span> <span class='ocrx_word' id='word_1_657' title='bbox 3423 4937 3515 4990; x_wconf 87' lang='lat' dir='ltr'><strong>fin.</strong></span> 
     </span>
    </p>
   </div>
   <div class='ocr_carea' id='block_1_50' title="bbox 934 5008 3060 5085">
    <p class='ocr_par' dir='ltr' id='par_1_50' title="bbox 934 5008 3060 5085">
     <span class='ocr_line' id='line_1_50' title="bbox 934 5008 3060 5085; baseline -0.005 -15"><span class='ocrx_word' id='word_1_658' title='bbox 934 5016 1008 5085; x_wconf 91' lang='lat'><strong>(8)</strong></span> <span class='ocrx_word' id='word_1_659' title='bbox 1039 5017 1248 5070; x_wconf 77' lang='lat' dir='ltr'><strong>Fabric.</strong></span> <span class='ocrx_word' id='word_1_660' title='bbox 1279 5017 1417 5069; x_wconf 87' lang='lat' dir='ltr'><strong>Bibl.</strong></span> <span class='ocrx_word' id='word_1_661' title='bbox 1446 5016 1636 5070; x_wconf 89' lang='lat' dir='ltr'><strong>Graec.</strong></span> <span class='ocrx_word' id='word_1_662' title='bbox 1665 5016 1727 5069; x_wconf 80' lang='lat'><strong>&#39;1‘.</strong></span> <span class='ocrx_word' id='word_1_663' title='bbox 1760 5017 1849 5070; x_wconf 88' lang='lat' dir='ltr'><strong>vu</strong></span> <span class='ocrx_word' id='word_1_664' title='bbox 1872 5008 2056 5084; x_wconf 57' lang='lat' dir='ltr'><strong>phiae</strong></span> <span class='ocrx_word' id='word_1_665' title='bbox 2086 5014 2195 5085; x_wconf 91' lang='lat' dir='ltr'><strong>[ed.</strong></span> <span class='ocrx_word' id='word_1_666' title='bbox 2230 5012 2420 5065; x_wconf 89' lang='lat' dir='ltr'><strong>Ilarles</strong></span> <span class='ocrx_word' id='word_1_667' title='bbox 2595 5009 2708 5085; x_wconf 64' lang='grc' dir='ltr'>(ῃ)</span> <span class='ocrx_word' id='word_1_668' title='bbox 2733 5008 2883 5085; x_wconf 84' lang='lat' dir='ltr'><strong>_Ibi_d_.</strong></span> <span class='ocrx_word' id='word_1_669' title='bbox 2921 5009 3060 5085; x_wconf 80' lang='lat' dir='ltr'><strong>§_i_v.</strong></span> 
     </span>
    </p>
   </div>
   <div class='ocr_carea' id='block_1_51' title="bbox 862 5075 4080 5155">
    <p class='ocr_par' dir='ltr' id='par_1_51' title="bbox 862 5075 4080 5155">
     <span class='ocr_line' id='line_1_51' title="bbox 862 5075 4080 5155; baseline -0.004 -15"><span class='ocrx_word' id='word_1_670' title='bbox 862 5075 1153 5155; x_wconf 61' lang='lat' dir='ltr'><strong>Ilain&#39;burg.</strong></span> <span class='ocrx_word' id='word_1_671' title='bbox 1188 5086 1321 5139; x_wconf 83' lang='grc'>1802</span> <span class='ocrx_word' id='word_1_672' title='bbox 1350 5087 1411 5138; x_wconf 88' lang='grc' dir='ltr'><strong>Τ.</strong></span> <span class='ocrx_word' id='word_1_673' title='bbox 1443 5086 1555 5140; x_wconf 78' lang='lat' dir='ltr'><strong>VIII</strong></span> <span class='ocrx_word' id='word_1_674' title='bbox 1586 5102 1639 5153; x_wconf 90' lang='lat' dir='ltr'><strong>p.</strong></span> <span class='ocrx_word' id='word_1_675' title='bbox 1672 5087 1774 5138; x_wconf 77' lang='grc'><strong>565</strong></span> <span class='ocrx_word' id='word_1_676' title='bbox 1802 5075 1938 5155; x_wconf 65' lang='lat' dir='ltr'><strong>nol.)</strong></span> <span class='ocrx_word' id='word_1_677' title='bbox 2088 5075 2105 5085; x_wconf 49' lang='grc'><strong>⁵</strong></span> <span class='ocrx_word' id='word_1_678' title='bbox 2213 5153 2225 5155; x_wconf 95' lang='lat'>_</span> <span class='ocrx_word' id='word_1_679' title='bbox 2593 5075 2702 5155; x_wconf 63' lang='lat'><strong>(18)</strong></span> <span class='ocrx_word' id='word_1_680' title='bbox 2733 5075 3180 5132; x_wconf 53' lang='lat' dir='ltr'><strong>Labbe&#39;Dissert.</strong></span> <span class='ocrx_word' id='word_1_681' title='bbox 3214 5076 3342 5130; x_wconf 90' lang='lat' dir='ltr'><strong>hist.</strong></span> <span class='ocrx_word' id='word_1_682' title='bbox 3381 5078 3448 5132; x_wconf 91' lang='lat' dir='ltr'><strong>de</strong></span> <span class='ocrx_word' id='word_1_683' title='bbox 3482 5077 3702 5147; x_wconf 90' lang='lat' dir='ltr'><strong>Scriptt.</strong></span> <span class='ocrx_word' id='word_1_684' title='bbox 3737 5077 3872 5131; x_wconf 88' lang='lat' dir='ltr'><strong>eecl.</strong></span> <span class='ocrx_word' id='word_1_685' title='bbox 3914 5075 3976 5128; x_wconf 87' lang='lat' dir='ltr'><strong>T.</strong></span> <span class='ocrx_word' id='word_1_686' title='bbox 4038 5076 4080 5129; x_wconf 97' lang='grc'><strong>11</strong></span> 
     </span>
    </p>
   </div>
   <div class='ocr_carea' id='block_1_52' title="bbox 960 5149 2698 5222">
    <p class='ocr_par' dir='ltr' id='par_1_52' title="bbox 960 5149 2698 5222">
     <span class='ocr_line' id='line_1_52' title="bbox 960 5149 2698 5222; baseline -0.004 -14"><span class='ocrx_word' id='word_1_687' title='bbox 960 5156 1012 5219; x_wconf 85' lang='grc'>9)</span> <span class='ocrx_word' id='word_1_688' title='bbox 1046 5149 1252 5210; x_wconf 52' lang='grc' dir='ltr'><strong>Ρονδδίιι.</strong></span> <span class='ocrx_word' id='word_1_689' title='bbox 1286 5149 1603 5222; x_wconf 58' lang='grc' dir='ltr'><strong>Ρτοιρςζοῐιιί</strong></span> <span class='ocrx_word' id='word_1_690' title='bbox 1622 5156 1686 5208; x_wconf 90' lang='lat' dir='ltr'><strong>ad</strong></span> <span class='ocrx_word' id='word_1_691' title='bbox 1714 5149 1980 5209; x_wconf 78' lang='lat' dir='ltr'><strong>Thesaur.</strong></span> <span class='ocrx_word' id='word_1_692' title='bbox 2003 5156 2181 5208; x_wconf 83' lang='lat' dir='ltr'><strong>Ascet.</strong></span> <span class='ocrx_word' id='word_1_693' title='bbox 2207 5153 2233 5222; x_wconf 83' lang='lat'><strong>§</strong></span> <span class='ocrx_word' id='word_1_694' title='bbox 2261 5151 2358 5222; x_wconf 68' lang='lat' dir='ltr'><strong>V&#39;l.</strong></span> <span class='ocrx_word' id='word_1_695' title='bbox 2377 5219 2391 5222; x_wconf 34' lang='grc' dir='ltr'><strong>Α</strong></span> <span class='ocrx_word' id='word_1_696' title='bbox 2519 5164 2572 5218; x_wconf 89' lang='lat' dir='ltr'><strong>p.</strong></span> 
     </span>
    </p>
   </div>
   <div class='ocr_carea' id='block_1_53' title="bbox 937 5156 956 5430">
    <p class='ocr_par' dir='ltr' id='par_1_53' title="bbox 937 5156 956 5430">
     <span class='ocr_line' id='line_1_53' title="bbox 937 5156 956 5430; baseline 0 0"><span class='ocrx_word' id='word_1_697' title='bbox 937 5156 956 5430; x_wconf 65' lang='grc' dir='ltr'>Ξ</span> 
     </span>
    </p>
   </div>
   <div class='ocr_carea' id='block_1_54' title="bbox 962 5215 4082 5295">
    <p class='ocr_par' dir='ltr' id='par_1_54' title="bbox 962 5215 4082 5295">
     <span class='ocr_line' id='line_1_54' title="bbox 962 5215 4082 5295; baseline -0.003 -19"><span class='ocrx_word' id='word_1_698' title='bbox 962 5215 1046 5295; x_wconf 88' lang='grc'><strong>10)</strong></span> <span class='ocrx_word' id='word_1_699' title='bbox 1072 5225 1213 5279; x_wconf 86' lang='lat' dir='ltr'><strong>Cave</strong></span> <span class='ocrx_word' id='word_1_700' title='bbox 1237 5226 1371 5278; x_wconf 91' lang='lat' dir='ltr'><strong>Ilist.</strong></span> <span class='ocrx_word' id='word_1_701' title='bbox 1403 5215 1504 5278; x_wconf 81' lang='lat' dir='ltr'><strong>Lit.</strong></span> <span class='ocrx_word' id='word_1_702' title='bbox 1541 5225 1648 5295; x_wconf 80' lang='lat' dir='ltr'><strong>(ed.</strong></span> <span class='ocrx_word' id='word_1_703' title='bbox 1681 5224 2032 5294; x_wconf 52' lang='lat' dir='ltr'><strong>Basilina”</strong></span> <span class='ocrx_word' id='word_1_704' title='bbox 2082 5215 2414 5295; x_wconf 8' lang='grc' dir='ltr'><strong>Τ.71’ρ.256.</strong></span> <span class='ocrx_word' id='word_1_705' title='bbox 2521 5215 3024 5295; x_wconf 70' lang='lat' dir='ltr'><strong>(19)_Tillemon_t</strong></span> <span class='ocrx_word' id='word_1_706' title='bbox 3081 5216 3368 5295; x_wconf 74' lang='lat' dir='ltr'><strong>Memoires</strong></span> <span class='ocrx_word' id='word_1_707' title='bbox 3408 5218 3540 5271; x_wconf 84' lang='lat' dir='ltr'><strong>eecl.</strong></span> <span class='ocrx_word' id='word_1_708' title='bbox 3611 5217 3671 5270; x_wconf 89' lang='lat' dir='ltr'><strong>T.</strong></span> <span class='ocrx_word' id='word_1_709' title='bbox 3723 5215 3835 5269; x_wconf 77' lang='lat' dir='ltr'><strong>VIII</strong></span> <span class='ocrx_word' id='word_1_710' title='bbox 3884 5233 3935 5285; x_wconf 93' lang='lat' dir='ltr'><strong>p.</strong></span> <span class='ocrx_word' id='word_1_711' title='bbox 3981 5217 4082 5269; x_wconf 85' lang='lat'><strong>810</strong></span> 
     </span>
    </p>
   </div>
   <div class='ocr_carea' id='block_1_55' title="bbox 963 5287 3217 5364">
    <p class='ocr_par' dir='ltr' id='par_1_55' title="bbox 963 5287 3217 5364">
     <span class='ocr_line' id='line_1_55' title="bbox 963 5287 3217 5364; baseline -0.002 -18"><span class='ocrx_word' id='word_1_712' title='bbox 963 5287 1049 5364; x_wconf 86' lang='grc'><strong>11)</strong></span> <span class='ocrx_word' id='word_1_713' title='bbox 1090 5296 1288 5348; x_wconf 83' lang='lat' dir='ltr'><strong>Pritius</strong></span> <span class='ocrx_word' id='word_1_714' title='bbox 1322 5297 1495 5349; x_wconf 89' lang='lat' dir='ltr'><strong>Praef.</strong></span> <span class='ocrx_word' id='word_1_715' title='bbox 1537 5287 1604 5348; x_wconf 77' lang='lat' dir='ltr'><strong>ad</strong></span> <span class='ocrx_word' id='word_1_716' title='bbox 1634 5296 1826 5348; x_wconf 86' lang='lat' dir='ltr'><strong>Macar.</strong></span> <span class='ocrx_word' id='word_1_717' title='bbox 1858 5287 2055 5364; x_wconf 76' lang='lat' dir='ltr'><strong>Opusé.</strong></span> <span class='ocrx_word' id='word_1_718' title='bbox 2087 5287 2252 5364; x_wconf 13' lang='lat' dir='ltr'><strong>§7Vlll</strong></span> <span class='ocrx_word' id='word_1_719' title='bbox 2292 5307 2412 5364; x_wconf 73' lang='lat' dir='ltr'><strong>sqq.</strong></span> <span class='ocrx_word' id='word_1_720' title='bbox 2523 5287 3217 5364; x_wconf 34' lang='lat' dir='ltr'><strong>Not.AX_sur_S._Ma_cai_rc.</strong></span> 
     </span>
    </p>
   </div>
   <div class='ocr_carea' id='block_1_56' title="bbox 962 5355 3903 5434">
    <p class='ocr_par' dir='ltr' id='par_1_56' title="bbox 962 5355 3903 5434">
     <span class='ocr_line' id='line_1_56' title="bbox 962 5355 3903 5434; baseline -0.003 -18"><span class='ocrx_word' id='word_1_721' title='bbox 962 5355 1048 5434; x_wconf 83' lang='grc'><strong>12)</strong></span> <span class='ocrx_word' id='word_1_722' title='bbox 1093 5365 1384 5434; x_wconf 88' lang='lat' dir='ltr'><strong>Tillemont</strong></span> <span class='ocrx_word' id='word_1_723' title='bbox 1435 5365 1718 5418; x_wconf 80' lang='lat' dir='ltr'><strong>Mémoires</strong></span> <span class='ocrx_word' id='word_1_724' title='bbox 1759 5355 1988 5419; x_wconf 50' lang='lat' dir='ltr'><strong>cccl.&#39;T.</strong></span> <span class='ocrx_word' id='word_1_725' title='bbox 2027 5355 2141 5418; x_wconf 78' lang='lat' dir='ltr'><strong>VIII</strong></span> <span class='ocrx_word' id='word_1_726' title='bbox 2191 5379 2241 5431; x_wconf 94' lang='lat' dir='ltr'><strong>p.</strong></span> <span class='ocrx_word' id='word_1_727' title='bbox 2279 5355 2399 5414; x_wconf 37' lang='lat'><strong>619‘.</strong></span> <span class='ocrx_word' id='word_1_728' title='bbox 2729 5359 2938 5434; x_wconf 67' lang='lat' dir='ltr'><strong>I_)ossin_.</strong></span> <span class='ocrx_word' id='word_1_729' title='bbox 2962 5359 3004 5434; x_wconf 84' lang='lat' dir='ltr'><strong>l._</strong></span> <span class='ocrx_word' id='word_1_730' title='bbox 3054 5359 3089 5411; x_wconf 92' lang='lat' dir='ltr'><strong>I.</strong></span> <span class='ocrx_word' id='word_1_731' title='bbox 3128 5356 3189 5426; x_wconf 83' lang='lat'><strong>§§</strong></span> <span class='ocrx_word' id='word_1_732' title='bbox 3221 5357 3285 5434; x_wconf 81' lang='lat' dir='ltr'><strong>VI</strong></span> <span class='ocrx_word' id='word_1_733' title='bbox 3313 5357 3413 5434; x_wconf 65' lang='lat' dir='ltr'><strong>sub</strong></span> <span class='ocrx_word' id='word_1_734' title='bbox 3439 5355 3528 5409; x_wconf 85' lang='lat' dir='ltr'><strong>lin.</strong></span> <span class='ocrx_word' id='word_1_735' title='bbox 3683 5372 3744 5409; x_wconf 90' lang='lat' dir='ltr'><strong>ac</strong></span> <span class='ocrx_word' id='word_1_736' title='bbox 3770 5355 3903 5408; x_wconf 69' lang='lat' dir='ltr'><strong>VIII.</strong></span> 
     </span>
    </p>
   </div>
   <div class='ocr_carea' id='block_1_57' title="bbox 871 5427 4076 5498">
    <p class='ocr_par' dir='ltr' id='par_1_57' title="bbox 871 5427 4076 5498">
     <span class='ocr_line' id='line_1_57' title="bbox 871 5427 4076 5498; baseline -0.004 -10"><span class='ocrx_word' id='word_1_737' title='bbox 871 5427 973 5488; x_wconf 88' lang='grc'><strong>810</strong></span> <span class='ocrx_word' id='word_1_738' title='bbox 998 5427 1120 5489; x_wconf 81' lang='lat' dir='ltr'><strong>Not.</strong></span> <span class='ocrx_word' id='word_1_739' title='bbox 1154 5433 1201 5487; x_wconf 85' lang='lat' dir='ltr'><strong>X</strong></span> <span class='ocrx_word' id='word_1_740' title='bbox 1229 5450 1318 5487; x_wconf 86' lang='lat' dir='ltr'><strong>sur</strong></span> <span class='ocrx_word' id='word_1_741' title='bbox 1346 5435 1399 5488; x_wconf 92' lang='lat' dir='ltr'><strong>S.</strong></span> <span class='ocrx_word' id='word_1_742' title='bbox 1429 5435 1677 5489; x_wconf 87' lang='lat' dir='ltr'><strong>Macaire.</strong></span> <span class='ocrx_word' id='word_1_743' title='bbox 2191 5427 2206 5431; x_wconf 47' lang='lat'><strong>—</strong></span> <span class='ocrx_word' id='word_1_744' title='bbox 2593 5427 2704 5498; x_wconf 84' lang='grc'>(21)</span> <span class='ocrx_word' id='word_1_745' title='bbox 2731 5428 2947 5497; x_wconf 88' lang='lat' dir='ltr'><strong>Bengel.</strong></span> <span class='ocrx_word' id='word_1_746' title='bbox 2992 5429 3045 5481; x_wconf 90' lang='lat' dir='ltr'><strong>in</strong></span> <span class='ocrx_word' id='word_1_747' title='bbox 3077 5436 3191 5480; x_wconf 88' lang='lat' dir='ltr'><strong>not.</strong></span> <span class='ocrx_word' id='word_1_748' title='bbox 3216 5427 3282 5479; x_wconf 90' lang='lat' dir='ltr'><strong>ad</strong></span> <span class='ocrx_word' id='word_1_749' title='bbox 3306 5427 3530 5497; x_wconf 82' lang='lat' dir='ltr'><strong>Grcgor.</strong></span> <span class='ocrx_word' id='word_1_750' title='bbox 3568 5428 3794 5479; x_wconf 86' lang='lat' dir='ltr'><strong>Thamn.</strong></span> <span class='ocrx_word' id='word_1_751' title='bbox 3823 5441 4076 5495; x_wconf 74' lang='lat' dir='ltr'><strong>paucgyr.</strong></span> 
     </span>
    </p>
   </div>
   <div class='ocr_carea' id='block_1_58' title="bbox 941 5498 2626 5574">
    <p class='ocr_par' dir='ltr' id='par_1_58' title="bbox 941 5501 2626 5574">
     <span class='ocr_line' id='line_1_58' title="bbox 941 5501 2626 5574; baseline -0.002 -18"><span class='ocrx_word' id='word_1_752' title='bbox 941 5507 1048 5572; x_wconf 77' lang='grc'>(15)</span> <span class='ocrx_word' id='word_1_753' title='bbox 1096 5503 1276 5558; x_wconf 88' lang='lat' dir='ltr'><strong>Oudin</strong></span> <span class='ocrx_word' id='word_1_754' title='bbox 1328 5505 1392 5559; x_wconf 88' lang='lat' dir='ltr'><strong>de</strong></span> <span class='ocrx_word' id='word_1_755' title='bbox 1445 5505 1661 5573; x_wconf 89' lang='lat' dir='ltr'><strong>Scriptt.</strong></span> <span class='ocrx_word' id='word_1_756' title='bbox 1718 5504 1848 5557; x_wconf 88' lang='lat' dir='ltr'><strong>eccl.</strong></span> <span class='ocrx_word' id='word_1_757' title='bbox 1902 5504 2067 5574; x_wconf 79' lang='lat' dir='ltr'><strong>(Lips.</strong></span> <span class='ocrx_word' id='word_1_758' title='bbox 2122 5501 2422 5572; x_wconf 78' lang='grc' dir='ltr'>1722]Τ.1</span> <span class='ocrx_word' id='word_1_759' title='bbox 2523 5501 2578 5553; x_wconf 93' lang='lat' dir='ltr'><strong>in</strong></span> <span class='ocrx_word' id='word_1_760' title='bbox 2606 5501 2626 5574; x_wconf 23' lang='lat' dir='ltr'><strong>At</strong></span> 
     </span>
    </p>
   </div>
   <div class='ocr_carea' id='block_1_59' title="bbox 1431 5498 3116 5574">
    <p class='ocr_par' dir='ltr' id='par_1_59' title="bbox 1445 5498 3116 5574">
     <span class='ocr_line' id='line_1_59' title="bbox 1445 5498 3116 5574; baseline -0.006 -16"><span class='ocrx_word' id='word_1_761' title='bbox 1445 5505 1661 5573; x_wconf 89' lang='lat' dir='ltr'><strong>Scriptt.</strong></span> <span class='ocrx_word' id='word_1_762' title='bbox 1718 5504 1848 5557; x_wconf 88' lang='lat' dir='ltr'><strong>eccl.</strong></span> <span class='ocrx_word' id='word_1_763' title='bbox 1902 5504 2067 5574; x_wconf 79' lang='lat' dir='ltr'><strong>(Lips.</strong></span> <span class='ocrx_word' id='word_1_764' title='bbox 2122 5501 2278 5572; x_wconf 77' lang='grc'>1722]</span> <span class='ocrx_word' id='word_1_765' title='bbox 2307 5502 2367 5554; x_wconf 86' lang='grc' dir='ltr'><strong>Τ.</strong></span> <span class='ocrx_word' id='word_1_766' title='bbox 2403 5501 2422 5553; x_wconf 92' lang='grc'><strong>1</strong></span> <span class='ocrx_word' id='word_1_767' title='bbox 2523 5501 2578 5553; x_wconf 93' lang='lat' dir='ltr'><strong>in</strong></span> <span class='ocrx_word' id='word_1_768' title='bbox 2606 5499 2884 5574; x_wconf 21' lang='lat' dir='ltr'><strong>‘Qriginem</strong></span> <span class='ocrx_word' id='word_1_769' title='bbox 2910 5514 2963 5574; x_wconf 83' lang='lat' dir='ltr'><strong>p_._</strong></span> <span class='ocrx_word' id='word_1_770' title='bbox 2997 5498 3116 5574; x_wconf 44' lang='lat'><strong>23:5:</strong></span> 
     </span>
    </p>
   </div>
   <div class='ocr_carea' id='block_1_60' title="bbox 875 5565 2560 5700">
    <p class='ocr_par' dir='ltr' id='par_1_60' title="bbox 875 5576 2420 5700">
     <span class='ocr_line' id='line_1_60' title="bbox 875 5576 2420 5700; baseline -0.006 1"><span class='ocrx_word' id='word_1_771' title='bbox 875 5591 922 5639; x_wconf 38' lang='grc' dir='ltr'><strong>μ’</strong></span> <span class='ocrx_word' id='word_1_772' title='bbox 945 5576 1482 5700; x_wconf 48' lang='grc' dir='ltr'><strong>(ΐζῗὶθηηᾏηιίουὴ.</strong></span> <span class='ocrx_word' id='word_1_773' title='bbox 1502 5644 1642 5700; x_wconf 73' lang='lat' dir='ltr'><strong>apud</strong></span> <span class='ocrx_word' id='word_1_774' title='bbox 1659 5643 1889 5698; x_wconf 81' lang='lat' dir='ltr'><strong>Coteler.</strong></span> <span class='ocrx_word' id='word_1_775' title='bbox 1910 5644 2051 5696; x_wconf 80' lang='lat' dir='ltr'><strong>Eccl.</strong></span> <span class='ocrx_word' id='word_1_776' title='bbox 2071 5644 2255 5696; x_wconf 83' lang='lat' dir='ltr'><strong>Graec.</strong></span> <span class='ocrx_word' id='word_1_777' title='bbox 2282 5641 2420 5693; x_wconf 88' lang='lat' dir='ltr'><strong>Mon.</strong></span> 
     </span>
    </p>
   </div>
   <div class='ocr_carea' id='block_1_61' title="bbox 2132 5565 3817 5700">
    <p class='ocr_par' dir='ltr' id='par_1_61' title="bbox 2133 5565 3817 5700">
     <span class='ocr_line' id='line_1_61' title="bbox 2262 5565 3817 5700; baseline -0.003 -78"><span class='ocrx_word' id='word_1_778' title='bbox 2262 5565 2278 5572; x_wconf 77' lang='grc'><em>”</em></span> <span class='ocrx_word' id='word_1_779' title='bbox 2594 5565 3017 5700; x_wconf 10' lang='grc' dir='ltr'><strong>(22ξξϐοῐηὺοίὶς.</strong></span> <span class='ocrx_word' id='word_1_780' title='bbox 3066 5567 3209 5620; x_wconf 88' lang='lat' dir='ltr'><strong>Eccl.</strong></span> <span class='ocrx_word' id='word_1_781' title='bbox 3244 5567 3415 5619; x_wconf 79' lang='lat' dir='ltr'><strong>Graec</strong></span> <span class='ocrx_word' id='word_1_782' title='bbox 3480 5569 3534 5620; x_wconf 83' lang='lat' dir='ltr'><strong>P.</strong></span> <span class='ocrx_word' id='word_1_783' title='bbox 3572 5568 3663 5634; x_wconf 92' lang='lat' dir='ltr'><strong>lp.</strong></span> <span class='ocrx_word' id='word_1_784' title='bbox 3699 5565 3817 5616; x_wconf 67' lang='grc' dir='ltr'><strong>Ιιῖξὶῖ.</strong></span> 
     </span>
     <span class='ocr_line' id='line_1_62' title="bbox 2133 5634 3817 5700; baseline -0.005 -5"><span class='ocrx_word' id='word_1_785' title='bbox 2133 5658 2255 5695; x_wconf 64' lang='lat' dir='ltr'><strong>‘aec.</strong></span> <span class='ocrx_word' id='word_1_786' title='bbox 2282 5641 2420 5693; x_wconf 88' lang='lat' dir='ltr'><strong>Mon.</strong></span> <span class='ocrx_word' id='word_1_787' title='bbox 2597 5639 2683 5700; x_wconf 82' lang='grc'><strong>(25</strong></span> <span class='ocrx_word' id='word_1_788' title='bbox 2723 5636 3144 5691; x_wconf 80' lang='lat' dir='ltr'><strong>Garnierl‘racf.</strong></span> <span class='ocrx_word' id='word_1_789' title='bbox 3182 5637 3248 5690; x_wconf 88' lang='lat' dir='ltr'><strong>ad</strong></span> <span class='ocrx_word' id='word_1_790' title='bbox 3273 5638 3326 5692; x_wconf 90' lang='lat' dir='ltr'><strong>S.</strong></span> <span class='ocrx_word' id='word_1_791' title='bbox 3351 5638 3531 5691; x_wconf 84' lang='lat' dir='ltr'><strong>Basilii</strong></span> <span class='ocrx_word' id='word_1_792' title='bbox 3560 5638 3695 5700; x_wconf 79' lang='lat' dir='ltr'><strong>Opp.</strong></span> <span class='ocrx_word' id='word_1_793' title='bbox 3727 5634 3817 5687; x_wconf 60' lang='grc' dir='ltr'><strong>Τ.)</strong></span> 
     </span>
    </p>
   </div>
   <div class='ocr_carea' id='block_1_62' title="bbox 945 5633 4074 5712">
    <p class='ocr_par' dir='ltr' id='par_1_62' title="bbox 945 5633 4074 5712">
     <span class='ocr_line' id='line_1_63' title="bbox 945 5633 4074 5712; baseline -0.003 -17"><span class='ocrx_word' id='word_1_794' title='bbox 945 5644 1053 5712; x_wconf 80' lang='grc'>(1-1)</span> <span class='ocrx_word' id='word_1_795' title='bbox 1073 5645 1482 5699; x_wconf 82' lang='lat' dir='ltr'><strong>Joan.Antioch.</strong></span> <span class='ocrx_word' id='word_1_796' title='bbox 1502 5644 1642 5712; x_wconf 81' lang='lat' dir='ltr'><strong>apud</strong></span> <span class='ocrx_word' id='word_1_797' title='bbox 1659 5643 1889 5698; x_wconf 81' lang='lat' dir='ltr'><strong>Coteler.</strong></span> <span class='ocrx_word' id='word_1_798' title='bbox 1910 5644 2051 5696; x_wconf 80' lang='lat' dir='ltr'><strong>Eccl.</strong></span> <span class='ocrx_word' id='word_1_799' title='bbox 2071 5644 2255 5696; x_wconf 83' lang='lat' dir='ltr'><strong>Graec.</strong></span> <span class='ocrx_word' id='word_1_800' title='bbox 2282 5641 2420 5693; x_wconf 86' lang='lat' dir='ltr'><strong>Mon.</strong></span> <span class='ocrx_word' id='word_1_801' title='bbox 2597 5633 3144 5712; x_wconf 57' lang='lat' dir='ltr'><strong>(g§)_fl_arn_ier_l_‘racf.</strong></span> <span class='ocrx_word' id='word_1_802' title='bbox 3182 5637 3248 5690; x_wconf 89' lang='lat' dir='ltr'><strong>ad</strong></span> <span class='ocrx_word' id='word_1_803' title='bbox 3273 5638 3326 5692; x_wconf 90' lang='lat' dir='ltr'><strong>S.</strong></span> <span class='ocrx_word' id='word_1_804' title='bbox 3351 5638 3531 5691; x_wconf 84' lang='lat' dir='ltr'><strong>Basilii</strong></span> <span class='ocrx_word' id='word_1_805' title='bbox 3560 5633 3695 5705; x_wconf 71' lang='lat' dir='ltr'><strong>opp.</strong></span> <span class='ocrx_word' id='word_1_806' title='bbox 3727 5634 3789 5687; x_wconf 89' lang='lat' dir='ltr'><strong>T.</strong></span> <span class='ocrx_word' id='word_1_807' title='bbox 3812 5635 3853 5688; x_wconf 93' lang='lat' dir='ltr'><strong>II</strong></span> <span class='ocrx_word' id='word_1_808' title='bbox 3910 5633 3935 5703; x_wconf 84' lang='lat'><strong>§</strong></span> <span class='ocrx_word' id='word_1_809' title='bbox 3964 5634 4074 5687; x_wconf 71' lang='lat' dir='ltr'><strong>VIII</strong></span> 
     </span>
    </p>
   </div>
   <div class='ocr_carea' id='block_1_63' title="bbox 873 5707 3044 5782">
    <p class='ocr_par' dir='ltr' id='par_1_63' title="bbox 873 5707 3044 5782">
     <span class='ocr_line' id='line_1_64' title="bbox 873 5707 3044 5782; baseline -0.003 -17"><span class='ocrx_word' id='word_1_810' title='bbox 873 5707 1095 5781; x_wconf 65' lang='lat' dir='ltr'><strong>rip.</strong></span> <span class='ocrx_word' id='word_1_811' title='bbox 1163 5714 1396 5781; x_wconf 76' lang='lat' dir='ltr'><strong>oo§v.</strong></span> <span class='ocrx_word' id='word_1_812' title='bbox 1535 5707 1550 5712; x_wconf 85' lang='grc'><strong><em>“</em></strong></span> <span class='ocrx_word' id='word_1_813' title='bbox 2317 5781 2357 5782; x_wconf 22' lang='grc' dir='ltr'>η</span> <span class='ocrx_word' id='word_1_814' title='bbox 2529 5707 3044 5782; x_wconf 48' lang='grc' dir='ltr'><strong>ρλῃξιτχμζιιι.</strong></span> 
     </span>
    </p>
   </div>
   <div class='ocr_carea' id='block_1_64' title="bbox 947 5776 2632 5852">
    <p class='ocr_par' dir='ltr' id='par_1_64' title="bbox 947 5776 2632 5852">
     <span class='ocr_line' id='line_1_65' title="bbox 947 5776 2632 5852; baseline 0.005 -2"><span class='ocrx_word' id='word_1_815' title='bbox 947 5776 1057 5852; x_wconf 63' lang='grc'>(15)</span> <span class='ocrx_word' id='word_1_816' title='bbox 1106 5776 1393 5839; x_wconf 60' lang='grc' dir='ltr'><strong>ΤΗΙυιεῖυιιι</strong></span> <span class='ocrx_word' id='word_1_817' title='bbox 1443 5785 1725 5838; x_wconf 64' lang='lat' dir='ltr'><strong>.‘lcittoires</strong></span> <span class='ocrx_word' id='word_1_818' title='bbox 1774 5789 1903 5838; x_wconf 79' lang='lat' dir='ltr'><strong>CCCI.</strong></span> <span class='ocrx_word' id='word_1_819' title='bbox 1953 5785 2012 5838; x_wconf 75' lang='grc' dir='ltr'><strong>Τ,</strong></span> <span class='ocrx_word' id='word_1_820' title='bbox 2059 5783 2165 5836; x_wconf 62' lang='lat' dir='ltr'><strong>Vl“</strong></span> <span class='ocrx_word' id='word_1_821' title='bbox 2206 5798 2235 5849; x_wconf 74' lang='lat'><strong>1‘</strong></span> <span class='ocrx_word' id='word_1_822' title='bbox 2305 5781 2405 5833; x_wconf 61' lang='grc' dir='ltr'><strong>δίο</strong></span> <span class='ocrx_word' id='word_1_823' title='bbox 2529 5776 2544 5782; x_wconf 33' lang='grc'><strong><em>⁵</em></strong></span> <span class='ocrx_word' id='word_1_824' title='bbox 2600 5780 2632 5847; x_wconf 42' lang='grc' dir='ltr'><strong>(ε</strong></span> 
     </span>
    </p>
   </div>
   <div class='ocr_carea' id='block_1_65' title="bbox 1528 5776 3213 5852">
    <p class='ocr_par' dir='ltr' id='par_1_65' title="bbox 1528 5776 3213 5849">
     <span class='ocr_line' id='line_1_66' title="bbox 1528 5776 3213 5849; baseline -0.005 -11"><span class='ocrx_word' id='word_1_825' title='bbox 1528 5785 1725 5838; x_wconf 66' lang='lat' dir='ltr'><strong>moires</strong></span> <span class='ocrx_word' id='word_1_826' title='bbox 1774 5789 1903 5838; x_wconf 84' lang='lat' dir='ltr'><strong>cccl.</strong></span> <span class='ocrx_word' id='word_1_827' title='bbox 1953 5785 2012 5838; x_wconf 77' lang='grc' dir='ltr'><strong>Τ,</strong></span> <span class='ocrx_word' id='word_1_828' title='bbox 2059 5783 2165 5836; x_wconf 65' lang='grc' dir='ltr'><strong>νιῖι</strong></span> <span class='ocrx_word' id='word_1_829' title='bbox 2206 5798 2235 5849; x_wconf 90' lang='lat' dir='ltr'><strong>p</strong></span> <span class='ocrx_word' id='word_1_830' title='bbox 2305 5781 2405 5833; x_wconf 85' lang='grc'><strong>610</strong></span> <span class='ocrx_word' id='word_1_831' title='bbox 2529 5776 2544 5782; x_wconf 80' lang='grc'><em>’</em></span> <span class='ocrx_word' id='word_1_832' title='bbox 2600 5779 2707 5847; x_wconf 76' lang='grc'>(24)</span> <span class='ocrx_word' id='word_1_833' title='bbox 2746 5778 2821 5830; x_wconf 90' lang='lat' dir='ltr'><strong>Id.</strong></span> <span class='ocrx_word' id='word_1_834' title='bbox 2854 5777 2982 5831; x_wconf 86' lang='lat' dir='ltr'><strong>ibid.</strong></span> <span class='ocrx_word' id='word_1_835' title='bbox 3020 5795 3069 5846; x_wconf 86' lang='lat' dir='ltr'><strong>p.</strong></span> <span class='ocrx_word' id='word_1_836' title='bbox 3099 5776 3213 5830; x_wconf 82' lang='grc'>015.</span> 
     </span>
    </p>
   </div>
  </div>
