4266 6356
819 392 923 448 575
2072 384 2436 443 CASIMIRUS
2470 385 2767 443 OUDINUS
3927 387 4039 441 576

824 510 1054 575 regulari
1081 513 1276 564 tenore,
1304 516 1455 570 quem
1477 499 1654 551 bealus
1707 497 1972 551 MACABIUS
2018 499 2389 568 Aegyptiorum
2418 499 2604 551 indidit
2650 500 2934 561 monachis,
2974 500 3275 551 ministrare
3313 498 3443 569 (50).
3490 500 3639 553 Alter
3677 516 3810 554 vero
3851 504 4035 555 sancti

822 596 1131 659 Philiberti,
1162 594 1373 648 abbatis
1410 590 1801 645 Gemeticensis
1826 599 1880 642 et
1907 589 2182 643 lleriensis
2208 590 2249 652 l,
2280 605 2369 643 res
2398 598 2576 660 gestas
2601 589 2777 644 literis
2799 591 3055 645 tradens:
3099 588 3285 642 Basilii
3335 591 3504 641 sancti
3566 590 3912 652 charismata,
3940 590 4035 643 in—

816 690 955 758 quit,
982 688 1196 741 Mscsnn
1225 682 1479 754 regulam,
1507 681 1769 733 Benedicti
1790 680 2015 740 decreta,
2049 678 2357 733 Columbani
2378 681 2618 733 instituta
2656 681 2989 733 sanctissima
3017 678 3233 731 lectione
3257 676 3619 747 frequentabat
3644 679 3858 732 assidua
3887 679 4030 748 (51).

817 784 932 838 Ulri
957 790 1138 835 autem
1169 779 1417 840 Macario,
1446 775 1778 846 Aegyptione
1830 791 1897 827 an
1938 774 2325 839 Alexandrino,
2366 783 2595 843 uterque
2631 773 2965 845 biographus
3002 772 3263 842 Regulam
3309 773 3577 826 eiusmodi
3623 773 3850 837 tribuat,
3879 772 4033 826 haud

815 874 972 941 plane
994 873 1199 940 liquet;
1233 869 1414 923 minus
1442 868 1587 921 enim
1626 877 1879 920 accurate
1919 866 2177 921 Macarios
2229 866 2541 921 distinxisse
2575 866 2842 934 smnioris
2862 864 2982 920 aevi
3012 865 3305 933 scriptores
3331 872 3653 919 noscuntur.
3683 864 3790 918 Eos
3816 873 4029 927 tamen,

813 978 1047 1029 quorum
1070 962 1233 1015 verba
1262 960 1423 1014 modo
1448 959 1788 1029 protulimus,
1826 958 1892 1011 de
1915 958 2150 1013 Macario
2188 960 2371 1028 potius
2402 959 2787 1025 Alexandrino,
2815 973 2977 1029 quam
3014 958 3278 1027 Aegyptio
3318 972 3439 1011 esse
3488 956 3853 1027 accipiendos,
3898 972 4031 1011 cum

812 1054 1091 1107 llolstenio
1119 1054 1226 1123 (52)
1252 1053 1676 1109 existimaverim
1723 1055 1999 1123 equidem.
2026 1054 2249 1110 Constat
2272 1056 2440 1123 enim,
2463 1055 2785 1127 Aegyptium
2808 1064 2863 1109 et
2892 1055 3160 1109 seniorem
3193 1053 3365 1107 altero
3388 1062 3445 1107 et
3468 1052 3639 1105 multo
3662 1052 4029 1107 celebriorem

810 1148 1106 1210 exstitisse,
1130 1147 1302 1217 Magni
1332 1158 1617 1218 propterea
1656 1156 2075 1216 cognomentum
2113 1146 2405 1217 adeptum;
2444 1146 2870 1203 Alexandrinum
2894 1160 3026 1200 vero
3055 1144 3217 1197 urbici
3259 1150 3469 1197 tantum
3496 1143 3762 1197 vocabulo
3809 1143 3879 1197 ab
3917 1144 4032 1198 alio

809 1238 979 1292 fuisse
1013 1239 1308 1293 discretum
1340 1259 1352 1293 :
1391 1252 1449 1294 ut
1472 1238 1700 1309 proinde
1728 1241 1836 1293 seri
1862 1241 2175 1309 scriptores,
2219 1240 2437 1295 Macarii
2486 1239 2807 1311 simpliciter
2847 1239 3177 1293 mentionem
3226 1236 3555 1303 iniicientes,
3594 1238 4028 1293 Alexandrinum

807 1332 979 1400 magis
1010 1348 1171 1400 quam
1197 1333 1514 1403 Aegyptium
1564 1335 1717 1403 plura
1754 1332 1929 1385 laudis
1964 1331 2193 1401 insignia
2224 1342 2575 1386 consecutum
2605 1331 2957 1399 respexerint.
2992 1329 3214 1392 Verum,
3247 1338 3307 1382 ut
3332 1341 3391 1397 ut
3433 1349 3521 1387 res
3557 1348 3613 1387 se
3646 1332 3865 1391 habeat.
3911 1347 4029 1385 non

807 1439 890 1481 est
920 1445 1017 1482 cur
1042 1429 1260 1482 demum
1295 1446 1325 1483 a
1344 1430 1542 1484 vetusti
1580 1429 1781 1483 codicis
1802 1430 2091 1497 scriptura,
2124 1444 2285 1496 quem
2312 1427 2637 1482 Benedictus
2671 1425 2993 1480 Anianensis
3018 1424 3185 1477 abbas
3205 1422 3513 1491 descripsit,
3543 1422 3883 1487 recedamus,
3925 1422 4027 1475 ubi

807 1521 1030 1589 Regula,
1054 1522 1119 1575 de
1147 1538 1251 1589 qua
1277 1522 1567 1591 loquimur,
1586 1523 1818 1577 Macario
1842 1522 2208 1576 Alexandrino
2228 1522 2427 1577 diserte
2451 1521 2796 1575 adscribitur.
2813 1518 2959 1573 Idem
2976 1532 3141 1587 porro
3169 1517 3457 1571 dicendum
3483 1516 3551 1570 de
3567 1517 3806 1586 Epistola
3826 1532 4024 1569 mona-

804 1612 922 1664 chis
946 1613 1204 1680 inscripta
1231 1614 1513 1681 eidemque
1540 1614 1773 1683 Regulae
1805 1614 2032 1683 adjecta.
2060 1613 2127 1666 Et
2153 1613 2208 1665 in
2260 1612 2399 1666 hanc
2444 1612 2663 1681 quidem
2709 1611 3033 1664 sententiam
3080 1609 3237 1677 plura
3268 1607 3672 1661 eruditissimus
3717 1607 4023 1661 Tillemon-

805 1700 932 1758 tius,
958 1701 1049 1765 qui
1074 1710 1353 1767 praeterea
1383 1700 1646 1754 Gcnnadii
1678 1702 1839 1755 verba
1876 1700 2175 1763 excutiens,
2204 1701 2324 1754 eius
2357 1702 2732 1755 auctoritatem
2774 1700 2969 1753 merito
2998 1700 3211 1753 elevare
3236 1698 3569 1766 comperitur
3609 1696 3743 1765 (55).

874 1789 960 1842 lll.
988 1790 1098 1843 Sub
1129 1791 1291 1844 huius
1320 1792 1449 1845 item
1470 1794 1685 1848 Macarii
1707 1795 2053 1848 Alexandrini
2080 1795 2297 1849 nomine
2327 1796 2558 1849 habetur
2602 1794 2783 1849 Sermo
2807 1795 2869 1846 de
2895 1809 3101 1847 excessu
3125 1794 3381 1846 iustorum
3405 1802 3451 1848 et
3478 1801 3829 1862 peccatorum,
3856 1806 4023 1859 quor-

798 1901 917 1937 sum
947 1885 1137 1939 scilicet
1166 1904 1342 1941 eorum
1369 1890 1577 1941 animae
1600 1906 1626 1941 e
1650 1906 1861 1959 corpore
1884 1890 2171 1960 demigrent
2198 1898 2246 1942 et
2278 1889 2532 1959 quomodo
2553 1904 2607 1942 se
2629 1888 2872 1941 habeant.
2899 1886 3056 1942 Hunc
3086 1900 3216 1939 vero
3244 1899 3551 1938 sermonem
3592 1882 3805 1952 primus
3841 1880 3897 1933 in
3930 1880 3990 1934 lu
4011 1909 4023 1916 -

799 1993 917 2031 cem
940 1982 1133 2035 extulit
1148 1983 1465 2037 Guilielmus
1486 1984 1694 2038 Caveus
1715 2000 1782 2037 ex
1804 2000 1903 2039 ms.
1930 1986 2115 2040 codice
2140 1986 2504 2038 Bibliothecae
2524 1985 2781 2038 Paulinae
2798 1982 3116 2051 Lipsiensis,
3142 1978 3378 2035 Henrico
3394 1974 3698 2028 Warthono
3717 1972 4024 2040 interprete

800 2084 932 2124 usus
963 2072 1092 2140 (54).
1118 2074 1466 2128 Postmodum
1492 2092 1621 2129 vero
1649 2093 1713 2131 ex
1737 2078 1927 2131 eodem
1946 2094 2046 2131 ms.
2086 2078 2381 2147 Lipsiensi,
2409 2092 2532 2131 cum
2563 2076 2781 2129 duobus
2805 2074 3088 2129 codicibus
3126 2070 3529 2128 Viennensibus
3558 2067 3776 2129 collato,
3816 2064 4022 2117 iterum

796 2169 948 2221 velut
985 2169 1162 2222 adhuc
1216 2170 1477 2224 ineditum
1501 2172 1665 2225 vertit
1703 2173 2080 2242 evulgavitque
2118 2173 2349 2227 Jacobus
2400 2172 2607 2226 Tollius
2648 2170 2781 2242 (55),
2831 2184 2994 2239 quam
3025 2168 3245 2237 quidem
3305 2160 3663 2234 posteriorem
3716 2153 4021 2208 εάίιίοηθπι

798 2262 969 2313 altera
1020 2262 1345 2314 exactiorem
1393 2263 1564 2315 secuti
1619 2278 1826 2317 sumus.
1876 2264 2029 2318 Licet
2082 2272 2263 2317 autem
2335 2264 2551 2317 codices
2588 2279 2710 2316 cum
2775 2260 3073 2331 Lipsiensis
3132 2268 3248 2313 tum
3307 2272 3449 2311 unus
3494 2269 3562 2308 ex
3613 2245 4022 2305 Viennensibus

800 2355 1029 2407 Macario
1057 2357 1420 2409 Alexandrino
1443 2357 2089 2426 huiusmodiopusculum
2128 2358 2404 2421 adserant,
2446 2358 2583 2409 alter
2606 2366 2785 2410 tamen
2815 2353 3063 2409 eiusdem
3102 2349 3469 2405 Bibliothecae
3508 2344 3805 2399 Caesareae
3842 2337 4019 2391 codex

798 2448 1245 2502 membranaccus
1274 2449 1488 2501 Macarii
1522 2449 1871 2502 Alexandrini
1912 2449 2178 2519 discipulo
2206 2447 2336 2501 illud
2356 2447 2483 2500 vind

2330 2447 2617 2500 lvindicat.
2649 2446 2739 2500 Sic
2773 2447 2918 2499 enim
2948 2444 3021 2498 lbi
3056 2461 3068 2495 :
3101 2441 3207 2494 Τοῦ
3248 2440 3403 2506 ἁγίου
3446 2434 3730 2504 Μακαρίαν
3760 2429 3853 2483 τοῦ
3888 2428 4015 2479 Αλε-

797 2539 1112 2608 ξανδρέωςό
1152 2540 1394 2609 μαθητὴς
1434 2542 1752 2611 διηγήσατο,
1784 2544 1865 2595 ὅτι
1912 2541 2043 2593 ποτὲ
2089 2558 2143 2595 κ.
2177 2558 2227 2593 τ.
2260 2540 2311 2591 λ.
2361 2538 2482 2594 Cete

2361 2538 2618 2594 Ceterum
2653 2538 2720 2591 de
2768 2538 2977 2591 visione
3024 2536 3080 2589 in
3113 2549 3180 2588 eo
3224 2544 3475 2586 sermone
3520 2527 3692 2582 relata
3725 2525 4013 2579 sinistrum

795 2631 1023 2683 editoris
1044 2632 1329 2700 utriusque
1366 2633 1627 2689 iudicium
1662 2636 1792 2689 satis
1821 2636 2047 2702 corripit
2091 2642 2253 2703 atque
2302 2633 2556 2687 emendat
2590 2648 2687 2702 par
2726 2632 2901 2701 Magni
2940 2629 3161 2685 Antonii
3195 2627 3455 2697 διήγημα,
3487 2622 3635 2693 quod
3673 2622 3820 2691 legas
3867 2619 4011 2688 apud

794 2717 1095 2772 Palladium
1146 2719 1276 2787 (56),
1328 2731 1387 2773 ut
1432 2734 1734 2789 opportune
1787 2723 2020 2776 advertit
2072 2723 2355 2777 Fabricius
2400 2724 2530 2793 (57).
2578 2722 2764 2792 Neque
2796 2722 2985 2775 deesse
3013 2720 3291 2789 complura
3314 2721 3445 2776 huic
3469 2718 3649 2773 aﬂinia
3683 2718 3741 2770 in
3765 2716 3906 2771 Vitis
3952 2725 4009 2768 et

794 2809 1281 2882 Apophthegmatis
1299 2815 1539 2877 Patrum,
1571 2812 1675 2864 iam
1699 2821 1900 2865 norunt
1921 2812 2143 2865 eruditi.

864 2905 950 2958 lV.
984 2906 1078 2960 His
1102 2922 1264 2975 porro
1287 2908 1547 2961 hactenus
1572 2906 1858 2959 recensitis
1878 2906 2167 2975 Opusculis
2197 2906 2486 2961 subiicitur
2514 2915 2813 2960 sanctorum
2840 2914 3071 2975 patrum,
3098 2904 3416 2975 Serapionis,
3451 2905 3691 2966 Mscsnu,
3720 2899 4005 2970 Paphnutii

794 3003 845 3047 et
868 2996 1085 3049 alterius
1112 2998 1331 3052 Mscsm
1357 3000 1603 3051 abbatum
1626 2999 1830 3069 Regula
1856 3002 1923 3053 ad
1949 3002 2249 3064 monachos,
2279 3000 2365 3053 cui
2398 3001 2535 3054 aliae
2561 3000 2701 3054 duae
2741 3010 3019 3069 praeterea
3047 3015 3351 3065 accessere;
3388 3014 3529 3068 quae
3556 2997 3773 3066 quidem
3814 3012 3881 3051 ex
3913 3013 4004 3051 co-

792 3084 914 3138 dice
938 3086 1263 3155 Regularum
1289 3089 1636 3142 Holsteniano
1658 3089 2075 3158 desumpsimus.
2099 3089 2333 3144 Censcnt
2355 3098 2537 3144 autem
2565 3091 2757 3145 merito
2783 3106 2844 3144 ac
2875 3090 3011 3153 iure,
3036 3090 3345 3157 utvidetur,
3373 3090 3836 3146 virierudilissimi
3864 3090 4001 3158 (58},

792 3179 929 3233 duos
955 3181 1212 3235 Macarios
1238 3183 1341 3236 hoc
1368 3184 1471 3235 loci
1508 3194 1837 3237 memoratos
1868 3184 1990 3236 illos
2018 3198 2138 3237 esse
2176 3183 2564 3237 celeberrimos
2610 3184 2985 3247 anachoretas,
3022 3183 3090 3237 de
3124 3183 3324 3252 quibus
3370 3187 3622 3256 superius
3653 3184 3817 3239 verba
3862 3182 3999 3237 feci-

789 3292 930 3339 mus,
958 3278 1275 3347 Aegyptium
1322 3280 1575 3334 videlicet
1608 3288 1771 3349 atque
1808 3280 2252 3333 Alexandrinum.
2286 3279 2515 3335 Ruﬁnus
2550 3298 2563 3333 :
2609 3299 2626 3331 ‹
2657 3281 2759 3334 Per
2783 3281 2927 3334 idem
2971 3289 3205 3350 tempus,
3259 3299 3278 3332 ι
3326 3278 3506 3347 inquit
3535 3296 3553 3329 ‹
3596 3284 3773 3346 patres
3806 3289 4000 3329 mona-

790 3368 1017 3421 chorum
1044 3371 1184 3424 vitae
1220 3382 1275 3425 et
1295 3374 1596 3426 sanctitatis
1623 3373 1839 3435 merito,
1863 3372 2127 3425 Macarius
2153 3380 2208 3425 et
2232 3371 2492 3436 Isidorus,
2532 3372 2779 3440 aliusque
2818 3371 3084 3424 Macarius
3123 3380 3286 3440 atque
3321 3368 3635 3424 Heraclides
3665 3378 3722 3421 et
3741 3368 3999 3431 Pambos,

788 3458 1011 3512 Antonii
1031 3460 1302 3531 discipuli,
1332 3480 1430 3532 per
1462 3465 1763 3536 Aegyptum
1797 3472 1854 3518 et
1884 3464 2122 3517 maxime
2160 3464 2216 3516 in
2247 3464 2455 3517 Nitriae
2484 3463 2686 3517 deserti
2732 3463 2982 3533 partibus
3016 3463 3384 3528 habebantur;
3414 3462 3523 3516 viri
3548 3460 3643 3531 qui
3664 3462 3999 3515 consortium

786 3547 931 3601 vitae
953 3558 1007 3601 et
1028 3560 1245 3604 actuum
1268 3569 1376 3607 non
1395 3569 1519 3609 cum
1547 3556 1745 3608 ceteris
1773 3555 2113 3618 mortalibus,
2137 3554 2231 3609 sed
2254 3570 2379 3609 cum
2404 3556 2652 3624 supernis
2678 3556 2883 3625 angelis
2912 3555 3115 3609 habere
3138 3554 3501 3609 credebantur
3526 3551 3657 3623 (59).
3683 3570 3700 3603 ι
3731 3551 3959 3606 Etinl‘ra
3982 3570 3996 3604 :

795 3659 813 3689 ι
851 3640 1103 3696 Florebat
1126 3644 1291 3713 igitur
1320 3646 1593 3718 Aegyptus
1618 3666 1682 3704 ea
1705 3660 2029 3719 tempestate
2052 3667 2165 3704 non
2189 3652 2367 3705 solum
2398 3651 2629 3706 eruditis
2656 3652 2712 3705 in
2740 3651 3047 3707 Christiana
3080 3652 3424 3721 philosophia
3444 3650 3601 3715 viris,
3622 3664 3813 3703 verum
3834 3650 3998 3707 etiam

787 3731 895 3795 his,
946 3735 1039 3802 qui
1071 3751 1169 3803 per
1205 3744 1415 3792 vastam
1468 3755 1713 3794 cremum
1755 3750 2184 3807 commanentes,
2250 3744 2403 3811 signa
2465 3752 2521 3795 et
2579 3742 2822 3811 prodigia
2883 3743 3189 3811 Apostolica
3236 3742 3584 3811 simplicitate
3616 3742 3761 3796 vitae
3788 3749 3843 3796 et
3872 3757 3998 3796 cor-

785 3820 871 3877 dis
892 3823 1199 3880 sinceritate
1227 3826 1511 3882 faciebant.
1548 3828 1627 3882 Ex
1659 3829 1858 3897 quibus
1878 3830 2116 3894 interim,
2142 3846 2279 3899 quos
2312 3830 2411 3900 ipsi
2441 3830 2678 3885 vidimus
2710 3839 2765 3883 et
2797 3846 3028 3898 quorum
3065 3830 3315 3885 benedici
3374 3832 3627 3886 manibus
3676 3831 3999 3894 meruimus,

786 3915 843 3967 hi
872 3926 999 3971 sunt
1027 3936 1038 3971 :
1068 3918 1333 3975 Macarius
1362 3922 1430 3975 de
1453 3922 1721 3991 superiori
1748 3938 1950 3988 eremo,
1982 3925 2120 3977 alius
2147 3924 2412 3977 Macarius
2440 3924 2507 3978 de
2534 3924 2779 3979 interiori
2815 3924 2923 3995 (60)
2963 3935 3069 3979 cet.
3108 3943 3126 3976 ι
3155 3925 3225 3978 At
3247 3938 3378 3979 vero
3407 3923 3690 3991 Serapion,
3732 3921 3830 3991 qui
3879 3922 3993 3991 pri-

785 4026 935 4063 mum
967 4012 1021 4066 in
1046 4015 1282 4083 Regulae
1334 4016 1685 4083 inseriptione
1732 4018 1911 4071 locum
1939 4019 2171 4082 obtinet,
2210 4020 2293 4073 vel
2344 4021 2460 4088 ipso
2510 4021 2742 4075 Macario
2779 4021 3049 4092 Aegyptio
3087 4016 3362 4090 antiquior
3395 4016 3450 4069 in
3481 4012 3773 4068 solitudine
3811 4012 3993 4077 fuerit,

784 4104 962 4160 dictus
1002 4119 1287 4176 propterea
1316 4112 1554 4167 Palladio
1590 4113 1699 4181 (61)
1747 4122 1801 4167 et
1840 4113 2143 4169 Sozomeno
2168 4116 2276 4183 (6%)
2311 4134 2323 4168 :
2354 4118 2469 4186 Σερ‹

2311 4134 2323 4168 :
2354 4116 2634 4186 Σεραπίων
2662 4117 2691 4167 ὁ
2725 4118 2919 4187 μέγας,
2942 4134 3162 4187 magnus
3204 4115 3298 4171 ille
3342 4113 3619 4182 Serapion.
3661 4108 3996 4177 Paphnutius

784 4210 964 4253 autem
999 4202 1176 4256 eidem
1204 4205 1441 4260 Palladio
1464 4208 1756 4275 plurimum
1788 4210 2201 4263 commendatur
2236 4210 2365 4279 (65).

854 4296 915 4349 ν.
954 4298 1275 4353 Huiusmodi
1319 4304 1555 4373 syllogen
1583 4307 1785 4359 claudit
1828 4307 2032 4376 Regula
2060 4308 2332 4361 orientalis
2357 4322 2419 4360 ea:
2451 4305 2677 4359 Patrum
2707 4307 3044 4361 orientalium
3079 4305 3291 4375 Regalis
3328 4297 3544 4353 collecta
3584 4312 3617 4349 a
3650 4293 3841 4364 Vigilio
3881 4291 4000 4347 dia-

785 4408 932 4445 cono.
962 4394 1035 4447 De
1060 4398 1324 4463 opusculo
1350 4401 1576 4469 eiusque
1607 4410 1827 4457 auctore
1866 4402 2183 4457 Gennadius
2228 4403 2364 4456 haec
2412 4402 2577 4457 habet
2620 4421 2632 4455 :
2671 4422 2689 4454 ‹
2730 4404 2945 4473 Vigilius
2979 4404 3242 4457 diaconus
3264 4392 3571 4464 composuit
3596 4405 3665 4443 ex
3703 4387 4001 4441 ll‘adi'ionc

791 4501 808 4529 α
840 4493 1051 4550 patrum
1076 4486 1449 4541 Monac/lorum
1480 4490 1755 4560 Regulam,
1783 4508 1922 4561 quae
1943 4494 1998 4545 in
2037 4492 2302 4546 coenobio
2333 4492 2401 4545 ad
2444 4493 2749 4561 profectum
2806 4493 3031 4547 fratrum
3077 4494 3133 4546 in
3171 4497 3442 4545 conventu
3484 4483 3702 4551 legitur,
3750 4480 3999 4534 breviato

790 4592 806 4620 ι
856 4582 911 4625 et
935 4584 1120 4641 aperto
1153 4592 1401 4632 sermone
1427 4582 1591 4635 totius
1617 4584 1946 4636 monasticae
1988 4583 2339 4651 professionis
2375 4584 2430 4635 in
2467 4598 2524 4635 se
2557 4590 2829 4636 tenentem
2870 4584 3210 4651 disciplinam
3257 4600 3274 4631 ι
3314 4578 3445 4651 (64).
3494 4576 3573 4630 Ad
3606 4590 3768 4642 quem
3817 4573 3997 4628 locum

782 4681 891 4717 non
918 4674 1127 4721 exstare
1158 4670 1295 4723 hanc
1330 4673 1559 4739 Opellam
1605 4672 1833 4725 adnotat
1864 4672 2147 4725 Fabricius
2169 4712 2183 4736 ,
2216 4672 2362 4740 quod
2405 4687 2535 4725 sane
2565 4672 2750 4724 mirari
2786 4672 2951 4726 subit.
2992 4673 3235 4725 Eandem
3255 4683 3471 4739 quoque
3497 4668 3757 4737 Regulam
3796 4682 3999 4720 memo-

782 4764 904 4807 rant
945 4765 1161 4823 praeter
1201 4758 1499 4812 Honorium
1552 4759 2099 4829 Augustodunensem
2148 4762 2255 4830 (65)
2286 4770 2343 4816 et
2374 4760 2737 4815 Trithemium
2764 4761 2896 4832 (66),
2948 4762 3187 4818 Annales
3237 4762 3590 4816 Trevirenses
3634 4758 3768 4830 (67).
3809 4760 3995 4829 Neque

2273 4921 2523 4979 NOTAE.

854 5008 1284 5131 (5(8))wllliabillon
1320 5012 1431 5065 AA.
1480 5011 1577 5066 SS.
1618 5013 1682 5069 Ο.
1715 5013 1771 5069 S.
1810 5014 2015 5071 Bened.
2041 5016 2196 5073 Saec.
2222 5016 2243 5071 Ι
2273 5032 2330 5087 p.
2434 5014 2617 5131 T.(58)
2652 5016 2878 5098 Bulteau
2904 5014 3045 5094 Hist.
3073 5014 3141 5068 de
3167 5012 3381 5067 l‘Ordre
3407 5012 3474 5067 de
3496 5012 3553 5066 S.
3576 5013 3769 5070 Benolt
3790 5029 3846 5085 p.
3867 5012 3987 5069 150.

1087 5121 1098 5131 .
2484 5087 2727 5131 Illnmnnt
2758 5086 3043 5131 Mnmmres
3064 5084 3197 5131 eccl.
3219 5083 3282 5131 T.
3306 5083 3417 5131 Vill
3448 5099 3501 5131 η.
3525 5082 3649 5131 618-

781 5080 883 5134 614
914 5080 938 5147 §
965 5080 1098 5136 Vill.
2273 5080 2292 5087 ’
2434 5086 2466 5141 Ἰ

858 5151 970 5224 (51)
994 5150 1129 5224 ibid.
1175 5148 1327 5224 Saec.
1360 5150 1407 5224 _ll
1433 5167 1488 5224 p.
1522 5152 1624 5206 785
1647 5152 1673 5223 §
1698 5155 1761 5207 V.

2273 5080 2292 5087 ’
2434 5080 2727 5141 Τίῐιεάιοιιι
2758 5086 3043 5139 Mémoires
3064 5084 3197 5137 eccl.
3219 5083 3282 5136 T.
3306 5083 3418 5137 Vill
3448 5099 3501 5151 p.
3525 5082 3648 5137 618.

2504 5155 2616 5224 (59)
2658 5154 2838 5208 Ruﬁn.
2875 5154 3014 5207 Hist.
3058 5153 3207 5224 Eccl.
3234 5152 3337 5207 lib.
3362 5153 3407 5206 ll
3433 5168 3553 5223 cap.
3584 5154 3639 5207 4.

885 5152 970 5219 51)
994 5150 1129 5204 lbid.
1175 5150 1327 5204 Saec.
1363 5150 1407 5203 ll
1435 5167 1488 5219 p.
1522 5152 1624 5206 785
1647 5152 1673 5223 §
1698 5155 1761 5207 V.
2504 5155 2537 5224 (Ξ

852 5151 961 5355 (52)
990 5220 1228 5298 Holsten.
1264 5220 1395 5300 Cod].
1432 5222 1634 5300 Reg.p.
1674 5226 1761 5324 45.
2508 5225 2537 5355 (1

875 5291 964 5349 55)
995 5290 1285 5343 Tillemont
1309 5290 1592 5344 Memmi-es
1618 5295 1751 5347 eccl.
1772 5294 1833 5347 Τ.
1856 5294 2179 5355 “110.618.
2208 5296 2331 5351 809.
2532 5304 2537 5343 1

2504 5155 2593 5224 (59
2658 5154 2838 5235 Rufin.
2875 5154 3014 5207 Hist.
3058 5153 3207 5207 Eccl.
3234 5152 3337 5207 lib.
3362 5153 3407 5206 ll
3433 5150 3553 5223 cap.
3584 5154 3638 5207 4.

1953 5294 2179 5355 [p.6l8.
2208 5296 2331 5351 809.
2642 5222 3207 5349 Ιὲεὶιι¹ξεῖἶ¹ὶιίῖἒξῖ’ξεὶιιε.
3243 5306 3363 5355 cap.
3392 5292 3513 5345 m.

875 5290 1285 5377 532,1‘illcmonnt
1302 5290 1592 5377 Alcmenes
1618 5295 1751 5347 eccl.
1772 5294 1833 5347 T.
1856 5294 1969 5350 Vlll
1988 5297 2179 5365 p.618.
2208 5296 2331 5351 809.
2656 5294 2859 5377 Pallad.
2885 5290 3027 5377 Hist.
3047 5292 3207 5377 Ιδπτξιιες
3243 5306 3363 5377 ca‘p.
3382 5292 3513 5377 ¹1117.

780 5359 901 5413 Not.
944 5360 1056 5413 Vlll
1090 5376 1181 5411 sur
1210 5360 1263 5413 S.
1301 5360 1549 5413 Macaire.
1988 5359 2007 5365 ’

854 5430 961 5501 (51)
984 5431 1127 5501 (Save
1149 5429 1423 5501 lliéstrbit.
1456 5429 1515 5482 T.
1548 5430 1644 5501 lp.
1673 5432 1796 5487 258.

2507 5359 2622 5501 (62)
2666 5365 2881 5418 Sozom.
2912 5363 3052 5416 Hist.
3080 5361 3231 5416 Eccl.
3256 5359 3355 5415 lib.
3380 5362 3451 5416 111
3480 5376 3599 5433 cap.
3628 5366 3712 5420 l4.

2532 5436 2597 5489 65
2654 5434 2861 5487 Pallad.
2896 5432 3005 5486 1.1.
3044 5472 3052 5483 .
3432 5500 3439 5501 ί

988 5500 1175 5577 {aeobi
1199 5499 1358 5577 Τρωὶ
1388 5498 1621 5577 Insignia
1647 5502 1832 5577 Itiner.
1858 5503 2049 5577 ltal.p.
2078 5503 2329 5561 192-199.
2501 5498 2610 5577 (64)
2637 5503 2950 5577 Gennadius
2972 5502 3039 5556 de
3061 5501 3195 5577 viris
3224 5500 3533 5577 illustribus
3548 5521 3665 5574 cap.
3693 5506 3779 5577 51.

854 5505 958 5564 (55)
988 5505 1173 5553 Jacobi
1199 5505 1358 5551 'l‘ollii
1388 5505 1621 5568 Insignia
1647 5505 1832 5558 ltiner.
1858 5505 2049 5574 ltal.p.
2078 5505 2329 5561 192-199.
2524 5506 2589 5558 64
2637 5505 2950 5558 Gennadius
2972 5505 3039 5556 de
3061 5505 3195 5557 viris
3224 5505 3533 5555 illustribus
3548 5521 3665 5574 cap.
3693 5506 3779 5558 51.

854 5569 1199 5645 (56)_Pa_llad.
1400 5570 1562 5645 haus.
1601 5572 1823 5645 (ζεῖ-ρ.
1856 5576 1977 5627 94L
2058 5643 2074 5645 _
2132 5586 2169 5645 ί·
2200 5643 2243 5645 Λ
2499 5505 2859 5645 (65lllonor.
2912 5573 3050 5642 Aug.
3103 5571 3170 5627 de
3212 5571 3575 5642 scriptoribus
3619 5576 3752 5629 eccl.
3802 5575 3899 5630 lib.
3944 5575 3987 5629 ll

846 5638 1199 5714 (£37,)__Fab_ri_e.
1243 5638 1595 5714 BiblzGEaec;
1621 5641 1683 5714 Τ.
1716 5638 1806 5696 Vll
1834 5660 1887 5711 p.
1929 5645 2032 5698 495
2056 5643 2165 5714 [ed.
2198 5643 2334 5697 Har-
2430 5638 2547 5714 cap.

780 5706 922 5785 lci].
954 5706 1018 5759 T.
1044 5706 1156 5785 Vill
1187 5724 1241 5778 p.
1268 5707 1393 5779 366]
1415 5727 1428 5775 ',
1450 5709 1687 5767 Ei.Cod.
1718 5706 1902 5784 apoér.
1931 5714 1996 5769 N.
2024 5706 2086 5771 Τ.
2122 5715 2185 5770 Τ.
2209 5714 2254 5768 ll
2274 5730 2328 5784 p.
2494 5706 2609 5785 (66)
2658 5711 2995 5785 Trithenjus
3027 5710 3478 5785 descriptoribus
3500 5716 3633 5770 cccl.
3669 5728 3789 5785 cap.
3831 5712 3946 5769 153.

780 5776 880 5830 ως)
908 5778 1129 5849 not.(l).
1190 5776 1203 5778 '
1384 5776 1391 5779 ·
1751 5776 1770 5784 ·
2274 5776 2293 5784 ·

1760 5776 1770 5783 ’
2274 5776 2293 5784 ’
2500 5776 2612 5852 (67)
2659 5784 2854 5838 Annal.
2887 5782 3045 5836 Trcv.
3073 5781 3131 5835 Ρ.
3164 5776 3357 5852 “cap.
3397 5787 3445 5840 1.
