4266 6356
231 317 339 372 ΞΠ
1034 308 1125 366 DE
1162 306 1259 366 SS.
1299 308 1621 367 MACARIIS
1655 307 1994 365 AEGYPTIO
2033 308 2123 365 ET
2166 308 2678 366 ALEXANDRINO.
3344 315 3450 375 378

235 432 385 486 illam
404 428 727 499 ignorarunt
761 432 984 480 sanctus
1010 424 1339 481 Benedictus
1354 423 1503 497 [Pag.
1543 424 1633 497 Vl]
1659 426 1984 481 Anianensis
2018 435 2075 481 et
2100 425 2428 497 Smaragdus
2455 426 2641 492 abbas,
2664 428 2759 498 qui
2786 435 2843 484 et
2867 429 3201 499 superiorem
3230 430 3451 488 Macarii

234 520 605 584 Alexandrini,
644 528 702 573 et
730 518 953 572 alteram
982 516 1188 586 pariter
1221 526 1525 571 sanctorum
1548 515 1774 571 Patrum
1799 532 1909 573 non
1943 522 2120 573 solum
2153 517 2371 587 saepius
2413 517 2724 586 laudarunt,
2769 520 2866 576 sed
2902 523 3070 577 multa
3108 524 3275 579 etiam
3324 525 3449 578 inde

234 614 437 682 capita,
463 612 555 667 ille
574 611 799 681 quidem
842 609 901 666 in
929 611 1279 668 concordiam
1302 611 1655 682 Regularum,
1683 611 1775 668 hic
1795 626 1927 669 vero
1950 613 2008 669 in
2035 610 2430 684 expositionem
2459 613 2698 685 Regulae
2734 614 2910 671 sancti
2929 615 3239 685 Benedicti,
3278 626 3453 672 trans-

234 704 428 759 tulisse
452 702 832 773 perhibentur,
859 709 922 758 ut
941 708 1128 759 monet
1155 701 1473 758 Holstcnius
1501 700 1633 775 (68).

307 884 420 959 (68)
450 884 694 942 Η⁰¹⁸⁸⁸¹¹ο
716 882 853 940 δοά-
878 884 1011 958 Res-
1033 900 1089 958 p.
1114 885 1205 943 25.
1238 885 1327 941 ιδ.
1354 883 1480 952 156,
1733 817 1985 876 NOTAE-

1042 1085 1257 1094 -—-——-—.

264 1088 2867 1118 —-ﬂ.m_
2880 1094 2901 1117 η
2938 1094 2943 1117 ε
3414 1094 3432 1121 ι

1634 1101 1701 1113 ⁵

1228 1251 1854 1344 CASIMIRUS
1928 1250 2469 1346 OUDINUS

1043 1433 1142 1490 DE
1178 1434 1276 1491 SS.
1314 1434 1650 1491 MACARIIS
1682 1434 2028 1493 AEGYPTIO
2062 1438 2156 1492 ET
2188 1439 2710 1499 ALEXANDRINO.

234 1550 486 1615 [Casimiri
506 1548 686 1601 Oudini
710 1549 1095 1601 Commentarios
1115 1551 1180 1600 de
1212 1550 1531 1614 scriptoribus
1552 1550 1815 1673 Ecgfridi;
1835 1552 2381 1680 igiiﬂggllllorumque
2403 1560 2601 1619 scriptis
2621 1560 2841 1611 Francof.
2868 1564 2929 1611 ad
2973 1563 3197 1614 Moenum
3227 1568 3343 1616 1722
3367 1568 3452 1619 fol.

311 1808 539 1864 Macarii
587 1816 690 1862 tres
730 1808 987 1862 monachi.
1028 1808 1138 1864 llos
1185 1809 1346 1866 simul
1393 1810 1685 1881 iungimus,
1719 1828 1841 1866 cum
1886 1812 2118 1883 disiungi
2166 1812 2257 1867 vix
2300 1813 2527 1883 possint,
2563 1826 2727 1887 atque
2763 1820 2830 1874 ad
2876 1821 3279 1880 distinctionem
3326 1844 3354 1882 a
3402 1844 3460 1883 se

240 1911 436 1957 mutuo
478 1901 646 1971 magis
688 1900 1029 1970 perspicuam
1066 1901 1225 1955 simul
1249 1902 1521 1972 iconiungi
1569 1904 1873 1957 conveniat.
1912 1904 2178 1958 Vixerunt
2218 1904 2275 1958 111
2318 1912 2429 1959 tres
2470 1906 2663 1961 eodem
2710 1916 2972 1979 tempore,
3012 1923 3174 1983 atque
3218 1918 3462 1987 magistri

238 1992 489 2048 eiusdem
514 1991 732 2046 Antonii
754 1991 1004 2061 discipuli
1034 1991 1238 2061 pariter
1264 1992 1608 2047 exstiterunt.
1632 1994 1706 2047 De
1734 2009 1965 2063 quorum
1990 1993 2181 2063 primis
2208 1995 2420 2050 duobus
2448 1996 2537 2050 hic
2560 1998 2861 2055 inserendis
2890 2002 3185 2071 loquuntur
3212 2005 3467 2064 Socrates

240 2089 380 2145 Hist.
412 2088 556 2143 Eccl.
589 2087 685 2141 lib.
715 2086 784 2141 Ν
814 2102 931 2157 cap.
956 2087 1046 2150 23,
1072 2086 1403 2160 Sozomenus
1435 2087 1530 2143 lib.
1564 2088 1631 2143 lll
1663 2104 1782 2159 cap.
1807 2089 1894 2154 14,
1928 2089 2301 2145 Theodoretus
2334 2091 2430 2145 lib.
2472 2091 2540 2148 Ν
2565 2107 2681 2163 cap.
2714 2093 2811 2159 21,
2837 2094 3106 2152 Palladius
3134 2096 3268 2154 Hist.
3299 2100 3460 2156 Laus.

242 2195 400 2250 capp.
436 2179 501 2233 19
529 2188 585 2234 et
613 2178 699 2233 20.
734 2177 941 2233 Horum
979 2179 1179 2249 primus
1207 2179 1492 2246 Macarius,
1523 2190 1683 2253 gente
1713 2183 2028 2255 Aegyptius,
2057 2185 2358 2240 monachus
2386 2184 2679 2252 Scetensis,
2711 2187 2882 2259 Magni
2913 2190 3131 2246 Antonii
3162 2192 3465 2265 discipulus

242 2276 445 2331 claruit
467 2276 535 2330 ab
563 2290 704 2330 anno
726 2273 848 2329 550.
873 2274 976 2341 Qui
1004 2275 1059 2329 in
1084 2275 1365 2331 iuventute
1396 2276 1573 2333 adhuc
1603 2278 1933 2334 constitutus
1960 2279 2035 2335 ita
2063 2279 2358 2335 virtutibus
2378 2282 2691 2337 monasticis
2706 2291 2762 2338 et
2781 2292 3000 2340 austero
3022 2286 3237 2342 vivendi
3266 2304 3466 2360 genere

242 2369 521 2434 excelluit,
550 2369 655 2424 sibi
695 2384 909 2439 semper
934 2384 1191 2440 praesens
1213 2378 1269 2424 et
1293 2371 1491 2442 gravis,
1522 2381 1583 2428 ut
1616 2388 1646 2428 a
1674 2372 1936 2429 fratribus
1965 2374 2425 2444 παιδαριοτέρων
2460 2388 2769 2434 vocaretur.
2808 2378 2995 2435 Annos
3036 2391 3197 2438 natus
3227 2384 3465 2453 quadra-

243 2466 394 2536 ginta
436 2466 502 2520 ad
540 2464 866 2537 presbyterii
903 2464 1127 2536 gradum
1159 2475 1379 2522 evectus
1418 2476 1519 2523 est.
1563 2468 1839 2523 Miraculis
1867 2478 1925 2525 et
1954 2470 2239 2540 prophetia
2271 2471 2557 2545 clarustot
2597 2472 2807 2527 sanavit
2836 2489 3048 2544 aegros,
3080 2484 3159 2532 tot
3188 2491 3219 2531 a
3249 2476 3469 2532 daemo-

244 2562 410 2618 nibus
440 2561 689 2617 obsessos
719 2561 978 2615 liberasse
1018 2560 1240 2626 dicitur,
1273 2572 1333 2617 ut
1373 2561 1593 2618 Socrate
1626 2573 1763 2620 teste
1794 2564 2057 2620 miracula
2088 2564 2157 2618 ab
2191 2580 2257 2619 eo
2291 2574 2500 2635 patrata
2542 2566 2776 2635 speciale
2812 2582 2949 2637 opus
2984 2569 3279 2640 exigerent.
3318 2571 3466 2626 Nihil

247 2658 452 2713 mirum
492 2672 645 2723 vero,
681 2665 789 2711 tam
823 2655 1092 2710 celebrem
1121 2655 1263 2712 inter
1288 2658 1583 2713 monachos
1608 2657 1756 2729 [Pag.
1790 2658 1915 2731 4'75]
1952 2659 2128 2714 virum
2169 2658 2337 2713 fuisse
2369 2659 2533 2713 etiam
2566 2658 2709 2713 inter
2739 2658 3042 2730 Scriptores
3072 2662 3469 2717 ecclesiasticos

244 2768 506 2809 successu
540 2752 799 2822 temporis
830 2752 1177 2806 recensitum.
1214 2753 1339 2808 Illos
1375 2754 1523 2808 enim
1569 2754 1809 2825 insignes
1851 2754 2099 2811 homines
2140 2753 2391 2809 monachi
2431 2752 2747 2821 scquiorum
2787 2762 3091 2825 temporum
3123 2771 3223 2826 pro
3259 2756 3473 2811 viribus

244 2848 395 2904 inter
423 2847 611 2902 doctos
637 2846 801 2900 etiam
832 2846 1126 2915 suppositis
1151 2844 1418 2917 Operibus
1446 2848 1767 2919 allegerunt.
1814 2849 1969 2905 Hunc
1998 2849 2288 2904 Macarium
2318 2848 2459 2903 inter
2490 2847 2795 2917 Scriptores
2824 2865 2934 2904 non
2970 2851 3241 2907 omisisset
3277 2853 3472 2908 Hiero-

248 2961 465 3017 nymus,
491 2944 538 2999 si
585 2952 828 3013 tempore
871 2957 971 2997 suo
1010 2942 1216 3013 aliquid
1255 2942 1357 2998 sub
1402 2943 1619 2998 Macarii
1661 2944 1880 3000 nomine
1911 2944 2224 2999 exstitisset.
2270 2941 2441 2997 Annis
2488 2942 2708 2997 circiter
2750 2953 2967 2998 centum
3005 2956 3126 3015 post
3157 2945 3467 3019 Hieronymi

246 3049 482 3096 aetatem
508 3038 817 3095 Gennadius
849 3037 1198 3093 Massiliensis
1227 3038 1511 3109 presbyter
1548 3039 1736 3094 retulit
1772 3040 1921 3094 hunc
1958 3039 2247 3093 Macarium
2276 3038 2419 3093 inter
2447 3036 2750 3107 Scriptores
2788 3039 3185 3095 ecclesiasticos
3225 3041 3366 3096 libro
3390 3046 3473 3099 De

248 3134 374 3187 uiris
398 3131 689 3199 illustribus
718 3146 838 3200 cap.
869 3128 954 3194 10,
983 3130 1071 3184 cui
1101 3128 1314 3185 unicam
1343 3130 1605 3186 duntaxat
1631 3131 1883 3186 attribuit
1908 3132 2223 3201 Epistolam,
2252 3131 2452 3201 quippe
2486 3145 2609 3184 cum
2647 3138 2778 3185 tunc
2802 3131 3065 3199 temporis
3097 3131 3231 3186 haec
3257 3141 3470 3188 tantum

249 3228 355 3282 sub
382 3225 601 3281 Macarii
635 3224 975 3279 celeberrimi
1013 3226 1233 3280 nomine
1263 3232 1552 3296 prostaret.
1585 3225 1856 3291 Socrates,
1886 3227 1980 3296 qui
2018 3227 2236 3281 illorum
2266 3225 2621 3281 Macariorum
2648 3225 2881 3279 virtutes
2915 3225 3052 3279 Hist.
3084 3225 3226 3280 Eccl.
3266 3228 3363 3282 lib.
3402 3229 3472 3284 IV

248 3333 371 3387 cap.
403 3318 473 3371 25
515 3315 795 3386 magnifice
839 3315 1067 3379 extollit,
1108 3314 1177 3369 de
1220 3314 1437 3384 scriptis
1480 3315 1624 3379 silet,
1662 3315 1910 3385 quamvis
1954 3315 2157 3370 ibidem
2201 3314 2415 3385 Evagrii
2465 3313 2684 3368 illorum
2726 3312 2981 3381 discipuli
3020 3312 3196 3383 Opera
3240 3316 3473 3384 positive

251 3413 551 3462 recenseat.
585 3404 733 3459 Nihil
765 3419 894 3474 ergo
925 3403 1026 3457 sub
1050 3403 1408 3458 Macariorum
1429 3404 1650 3460 nomine
1682 3412 1924 3473 tempore
1960 3404 2197 3460 Socratis
2218 3404 2460 3459 exstabat
2497 3403 2778 3474 scriptum,
2803 3404 2948 3474 quod
2989 3419 3117 3459 sane
3151 3406 3332 3462 dicere
3363 3418 3473 3462 tam

252 3504 535 3574 praeclara
573 3500 856 3556 occasione
901 3499 1025 3554 data
1067 3515 1177 3554 non
1214 3500 1513 3567 omisisset;
1544 3516 1777 3570 quorum
1820 3509 1877 3555 et
1919 3499 2386 3572 Apophthegmata
2418 3500 2533 3555 illic
2561 3500 2748 3564 refert,
2785 3502 2926 3555 sicut
2961 3511 3018 3556 et
3051 3502 3322 3557 Palladius
3359 3504 3396 3559 l.
3432 3506 3471 3561 l.

251 3597 527 3652 Audacior
557 3610 685 3650 sane
712 3594 935 3650 Graecia
969 3608 1033 3647 ac
1062 3590 1465 3645 monachismus
1507 3591 1799 3655 recentior,
1827 3590 1921 3661 qui
1959 3591 2288 3655 erubuisset,
2320 3590 2365 3645 si
2396 3591 2532 3645 nihil
2567 3588 2669 3645 sub
2700 3590 3057 3645 Macariorum
3089 3594 3306 3650 nomine
3335 3596 3473 3650 scri-

253 3702 410 3762 ptum
466 3690 782 3744 exstitisset.
841 3686 954 3741 Sub
996 3683 1129 3737 falso
1170 3682 1334 3753 igitur
1381 3680 1437 3736 S.
1478 3681 1700 3736 Macarii
1740 3680 1971 3736 Senioris
2015 3691 2062 3735 et
2102 3682 2371 3752 Aegyptii,
2414 3696 2576 3750 quem
2624 3682 2839 3735 unicam
2888 3682 3151 3739 duntaxat
3193 3687 3477 3757 scripsisse

254 3780 553 3851 Epistolam
580 3778 753 3832 voluit
776 3777 813 3830 l.
846 3776 883 3829 l.
913 3773 1242 3838 Gennadius,
1270 3773 1565 3843 productae
1600 3772 1860 3826 Homiliae
1898 3773 2201 3843 spirituales
2241 3774 2621 3843 quinquaginta
2650 3772 2712 3824 de
2741 3774 3040 3843 integritate
3059 3793 3193 3847 quae
3220 3776 3474 3834 Christia-

256 3886 351 3923 nos
381 3870 544 3922 decet.
572 3867 797 3922 Exstant
817 3878 1006 3935 graece
1030 3870 1087 3917 et
1106 3862 1271 3916 latine
1299 3862 1524 3917 Parisiis
1554 3862 1689 3917 1559
1718 3862 1855 3927 111-8,
1901 3862 2099 3917 deinde
2146 3878 2278 3917 cura
2299 3862 2459 3916 Zach.
2493 3861 2759 3916 Palthenii
2793 3862 3134 3921 Francofurti
3164 3866 3301 3922 1594
3329 3868 3474 3934 in-8,

257 3963 496 4032 denique
540 3976 666 4016 cum
708 3958 976 4030 Operibus
1013 3957 1261 4029 Gregorii
1309 3958 1696 4028 Thaumaturgi
1740 3957 1963 4013 Parisiis
2008 3956 2065 4011 in
2106 3956 2199 4011 fol.
2242 3971 2386 4011 anno
2432 3956 2587 4010 1622.
2624 3955 2769 4021 Quas
2809 3971 2932 4011 cum
2965 3958 3192 4025 Caveus,
3238 3961 3284 4015 si
3327 3973 3478 4017 recte

259 4059 541 4122 sensisset,
572 4054 1058 4124 ceusupposititias
1072 4055 1331 4124 nulloque
1361 4055 1700 4124 antiquitatis
1736 4054 2044 4110 testimonio
2078 4053 2240 4108 fultas
2276 4052 2616 4123 proscribere
2657 4050 2954 4111 debuisset,
2989 4048 3052 4101 ab
3085 4048 3263 4119 aliqua
3298 4049 3477 4119 forsan

257 4155 512 4225 sequioris
546 4149 741 4206 saeculi
779 4148 1127 4218 interpolatas
1165 4148 1366 4203 dixisse
1412 4149 1543 4204 satis
1581 4149 1789 4204 habuit.
1844 4150 1969 4204 lllas
2023 4150 2216 4205 Petrus
2256 4147 2513 4203 Possinus
2555 4161 2587 4201 e
2636 4145 2759 4200 Soc.
2801 4143 2850 4199 J.
2890 4143 2948 4196 in
2987 4140 3372 4211 Prolegomenis
3407 4144 3477 4198 ad

260 4250 604 4305 Thesanrum
628 4246 934 4301 Asceticum
962 4259 1154 4315 graece
1178 4254 1234 4299 et
1260 4244 1425 4298 latine
1450 4244 1771 4314 impressum
1798 4243 1915 4298 iri-4
1962 4259 2105 4298 anno
2128 4242 2263 4297 1684
2284 4242 2508 4297 Tolosae
2536 4241 2678 4311 apud
2699 4237 3044 4295 Guilielmum
3082 4236 3276 4301 Bosch,
3292 4247 3481 4294 censet

260 4342 540 4411 pertinere
574 4339 645 4394 ad
673 4338 965 4392 Macarium
996 4335 1266 4390 iuniorem
1303 4334 1624 4405 Aegyptium
1654 4333 1845 4388 eodem
1882 4341 2127 4402 tempore
2158 4332 2423 4385 illustrem
2454 4346 2467 4383 :
2497 4344 2636 4399 quae
2673 4324 2949 4382 contentio
2983 4323 3183 4379 modici
3216 4329 3478 4382 momenti

261 4439 366 4492 est,
393 4443 518 4483 cum
547 4437 777 4496 uterque
812 4436 869 4481 et
906 4423 1087 4479 senior
1112 4431 1170 4478 et
1197 4423 1377 4477 iunior
1404 4430 1645 4492 tempore
1670 4423 1862 4477 eodem
1888 4422 2142 4477 vixerint.
2173 4421 2286 4491 Ego
2315 4420 2385 4475 ob
2415 4428 2664 4474 veterum
2689 4418 2756 4473 de
2781 4419 2868 4474 bis
2897 4417 3165 4489 Operibus
3204 4420 3480 4476 silentium

264 4520 488 4589 utrique
517 4517 749 4574 Macario
781 4516 1041 4573 Homilias
1067 4519 1195 4573 istas
1233 4518 1426 4588 opinor
1465 4518 1772 4588 suppositas
1808 4533 1840 4571 a
1876 4517 2155 4573 monachis
2197 4517 2405 4587 graecis
2448 4514 2516 4570 ad
2561 4513 2821 4569 maiorem
2860 4516 3215 4571 Maeariorum
3243 4519 3484 4575 nominis

264 4616 483 4672 famam.
500 4614 712 4670 Omisso
735 4622 981 4667 veterum
1008 4613 1075 4668 de
1100 4614 1185 4668 his
1214 4612 1480 4683 Operibus
1498 4614 1717 4669 silentio
1742 4613 1864 4668 dico
1887 4622 2001 4669 tum
2028 4612 2318 4683 Epistolam
2342 4612 2510 4675 illam,
2534 4609 2600 4664 de
2623 4623 2729 4677 qua
2750 4606 2990 4675 loquitur
3007 4605 3336 4671 Gennadius,
3362 4617 3481 4663 tum

266 4712 364 4766 has
392 4708 783 4779 Quinquaginta
824 4706 1099 4772 Homilias,
1130 4705 1198 4761 de
1230 4706 1429 4775 quibus
1460 4720 1622 4774 supra
1654 4706 1880 4776 egimus,
1908 4720 2016 4759 non
2045 4719 2199 4774 posse
2225 4703 2586 4757 esse-Macarii
2618 4700 2764 4755 illius
2789 4696 3054 4766 Aegyptii,
3084 4696 3199 4751 sive
3224 4698 3477 4762 senioris,

264 4803 382 4859 sive
424 4802 678 4866 iunioris,
708 4800 801 4871 qui
834 4796 1036 4853 seniori
1064 4796 1401 4867 synehronus
1431 4803 1551 4849 erat
1584 4802 1747 4863 atque
1776 4802 1951 4849 aetate
1982 4793 2242 4848 duntaxat
2276 4791 2475 4845 iunior.
2508 4789 2793 4844 Rationem
2826 4784 3083 4853 optimam
3122 4784 3291 4840 aﬂ‘ero
3322 4785 3479 4840 Pela-

265 4890 591 4960 gianismum
618 4888 1031 4945 subtilissimum
1058 4892 1221 4953 atque
1246 4881 1618 4953 purissimum,
1644 4897 1754 4952 quo
1792 4890 1848 4938 et
1888 4881 2129 4953 Epistola
2157 4889 2213 4935 et
2239 4880 2497 4933 Homiliae
2537 4880 2729 4949 plenae
2771 4887 2918 4943 sunt,
2951 4886 3009 4932 ut
3044 4886 3249 4933 attente
3279 4879 3479 4950 legenti

263 4980 554 5040 constabit.
584 4981 755 5035 Erant
778 4987 957 5035 autem
983 4979 1042 5035 hi
1080 4985 1191 5033 tres
1212 4976 1429 5032 Macarii
1457 4975 1658 5031 mortui
1690 4990 1878 5031 omnes
1914 4984 2038 5031 ante
2079 4974 2415 5045 Pelagianam
2441 4983 2616 5028 ortam
2646 4972 2933 5037 haeresim,
2964 4973 3110 5028 unde
3149 4973 3349 5043 scripta
3386 4973 3480 5029 illa

264 5072 335 5127 ad
367 5070 630 5125 Macarios
667 5069 800 5125 istos
835 5068 1107 5139 pertinere
1137 5067 1449 5121 nullatenus
1487 5073 1733 5135 possunt.
1776 5066 1851 5120 De
1882 5065 2141 5135 Epistola,
2185 5080 2323 5134 quae
2361 5063 2587 5129 interiit,
2626 5078 2939 5133 expressum
2971 5075 3055 5121 est
3089 5066 3350 5121 Gennadii
3383 5068 3479 5137 qui

265 5165 473 5234 legerat
516 5162 885 5219 testimonium
925 5176 993 5216 ex
1034 5161 1178 5216 libro
1202 5161 1282 5217 De
1325 5162 1449 5214 uiris
1487 5158 1778 5214 illustribus
1822 5174 1939 5230 cap.
1976 5159 2043 5213 10
2076 5159 2163 5212 his
2205 5168 2528 5228 conceptum
2560 5159 2743 5215 verbis
2776 5174 2789 5210 :
2830 5176 2849 5209 ι
2882 5159 3147 5213 Macarius
3182 5160 3479 5214 monachus

266 5256 361 5309 ille
391 5254 702 5325 Aegyptius,
735 5253 883 5324 [Pag.
916 5250 1039 5323 476]
1071 5251 1238 5322 signis
1263 5260 1320 5305 et
1347 5249 1643 5305 virtutibus
1671 5250 1869 5313 clarus,
1901 5264 2061 5303 unam
2100 5258 2307 5303 tantum
2339 5248 2405 5302 ad
2436 5248 2677 5306 iuniores
2708 5254 3057 5319 professionis
3094 5271 3222 5311 suae
3262 5256 3479 5326 scripsit

265 5349 585 5420 Epistolam,
618 5349 675 5403 in
703 5364 810 5418 qua
841 5347 1017 5413 docet,
1053 5346 1203 5402 illum
1237 5345 1474 5416 perfecte
1515 5359 1675 5414 posse
1710 5344 1821 5399 Deo
1865 5344 2090 5409 servire,
2124 5343 2217 5413 qui
2253 5342 2619 5399 conditionem
2659 5349 2949 5406 creationis
2985 5366 3113 5405 suae
3150 5365 3480 5421 cognoscens

266 5446 339 5502 ad
385 5461 575 5502 omnes
623 5446 972 5516 semetipsum
1022 5443 1364 5499 inclinaverit
1404 5442 1638 5508 labores,
1675 5452 1731 5498 et
1766 5442 2020 5497 luctando
2067 5451 2229 5511 atque
2261 5441 2356 5496 Dei
2406 5442 2690 5527 adversum
2733 5460 2894 5501 omne
2939 5445 3082 5516 quod
3128 5448 3185 5500 in
3228 5446 3329 5499 hac
3367 5445 3479 5498 vita

267 5553 437 5594 suave
480 5548 564 5594 est
601 5538 861 5593 auxilium
906 5537 1264 5610 implorando,
1298 5540 1367 5594 ad
1406 5538 1706 5593 naturalem
1742 5554 1944 5609 quoque
1994 5539 2290 5608 perveniens
2326 5540 2624 5609 puritatem,
2658 5543 3027 5596 continentiam
3072 5542 3210 5596 velut
3256 5551 3479 5596 naturae

267 5634 501 5687 debitum
552 5643 737 5687 munus
778 5632 1073 5689 obtinuerit.
1114 5654 1133 5687 1
1188 5634 1589 5691 Continentiam
1637 5635 1782 5690 enim
1832 5649 1952 5689 esse
2003 5650 2200 5690 munus
2245 5646 2470 5690 naturae
2510 5635 2774 5699 debitum,
2813 5649 2919 5687 non
2973 5633 3195 5703 gratiae,
3232 5630 3477 5685 doctrina

268 5725 556 5798 Pelagiana
595 5740 817 5796 prorsus
840 5736 924 5781 est
955 5734 1141 5782 contra
1179 5724 1521 5781 Salomonem
1550 5721 1677 5794 Sap.
1716 5722 1851 5789 Vill,
1883 5724 1919 5778 2
1941 5734 1996 5779 et
2037 5723 2105 5785 Χ.
2143 5725 2270 5790 2,-
2300 5724 2614 5795 Apostolum
2658 5724 2779 5782 Gal.
2810 5724 2872 5789 V,
2908 5722 2976 5777 25
3006 5739 3018 5774 :
3051 5719 3263 5776 Fructus
3300 5725 3476 5775 autem
