4266 6356
809 381 908 438 379
2087 377 2451 436 CASIMIRUS
2487 380 2781 436 OUDINUS
3937 375 4042 434 380

808 497 1032 570 Spiritus
1070 505 1145 551 est
1189 504 1296 552 cet.
1325 496 1475 564 ﬁdes,
1511 497 1781 560 modestia,
1821 498 2157 560 continentia,
2191 499 2426 551 castitas.
2473 497 2626 562 Quod
2659 500 2820 552 etiam
2862 496 2960 550 hac
2996 495 3385 568 Quinquaginta
3436 496 3694 551 IIomiliae
3742 497 3809 550 ad
3858 495 4039 549 Maca-

806 597 948 649 rium
983 595 1164 658 istum,
1191 604 1351 663 atque
1380 594 1514 648 alios
1543 590 1785 643 eiusdem
1823 591 2082 659 temporis
2112 591 2248 645 duos
2276 593 2585 646 nullatenus
2621 602 2884 661 spectent,
2921 592 3006 645 his
3035 593 3247 646 duobus
3279 594 3483 647 aﬂirmo
3515 595 3850 664 argumentis
3885 609 3897 643 :

876 687 1134 740 Primum.
1173 685 1437 739 IIomiliae
1472 686 1605 739 istac
1639 702 1744 739 non
1784 696 1910 739 sunt
1938 687 2157 755 proprie
2189 687 2440 742 homiliae
2474 689 2538 741 ad
2565 688 2822 757 populum
2863 687 3102 751 habitae,
3132 688 3224 741 scd
3273 699 3480 742 tantum
3512 688 3727 758 farrago
3768 689 4043 758 quaedam

805 775 874 828 ab
913 776 1094 843 aliquo
1126 774 1549 828 archimandrita
1580 775 1804 828 collecta
1837 790 1899 827 ac
1929 775 2180 842 privatim
2212 777 2530 844 composita,
2565 792 2702 844 quae
2734 776 3004 829 interdum
3033 776 3252 845 quidem
3287 780 3536 834 homilias
3565 782 3824 843 continet.
3865 781 4042 835 inter-

805 870 935 924 dum
967 885 1095 924 vero
1124 869 1481 936 Quaestiones
1515 870 1689 923 varias
1721 879 1779 922 et
1825 869 2225 938 Responsiones
2268 871 2471 922 nullam
2506 869 2847 924 homiliarum
2887 870 3119 936 speciem
3155 870 3435 934 habentes,
3465 886 3600 940 quas
3631 872 4045 925 consarcinator

805 979 904 1032 pro
949 972 1130 1033 captu,
1161 963 1364 1031 absque
1415 968 1748 1021 connexione
1794 967 1953 1020 simul
2006 967 2243 1034 collegit.
2292 966 2370 1019 Ex
2419 965 2755 1036 inspectione
2800 975 2854 1019 et
2897 965 3129 1018 lectione
3173 966 3389 1020 illarum
3430 983 3518 1021 res
3548 977 3797 1021 constare
3836 977 4045 1036 potest.

805 1059 950 1128 quod
997 1074 1106 1112 non
1145 1057 1405 1112 diﬂitetur
1436 1058 1580 1115 Elias
1606 1062 1676 1114 du
1713 1061 1811 1115 Pin
1851 1061 1979 1113 Nov.
2014 1060 2254 1113 Biblioth.
2301 1059 2514 1131 Scriptt.
2547 1060 2747 1114 Eccles.
2796 1061 2949 1114 Tom.
2983 1061 3024 1113 II
3055 1061 3207 1114 Saec.
3238 1061 3302 1115 IV
3343 1074 3460 1130 pag.
3504 1059 3637 1112 mihi
3672 1059 3755 1112 70.
3790 1060 3927 1112 Μαι
3975 1059 4043 1111 ad

806 1151 965 1203 finem
995 1150 1247 1203 homiliae
1275 1149 1339 1203 VI
1367 1149 1428 1201 de
1458 1150 1692 1201 oratione
1729 1157 1907 1202 movet
1939 1148 2073 1202 duas
2112 1149 2466 1213 Quaestiones
2499 1154 2563 1206 de
2596 1150 2956 1203 incarnatione
3003 1149 3130 1203 Iesu
3162 1149 3354 1204 Christi
3379 1165 3502 1204 cum
3535 1149 3757 1203 totidem
3790 1149 4044 1218 Respon-

803 1247 1070 1310 sionibus,
1112 1262 1249 1315 quae
1275 1248 1340 1299 ad
1389 1253 1768 1317 argumentum
1812 1243 2086 1297 Orationis
2137 1244 2273 1297 nihil
2325 1245 2546 1298 faciunt.
2594 1245 2856 1299 llomiliae
2908 1247 2997 1301 VII
3047 1255 3104 1300 et
3151 1245 3265 1299 VIII
3314 1255 3563 1298 constant
3607 1259 3822 1312 quoque
3871 1244 4057 1301 variis.

803 1335 1222 1401 Quaestionibus
1266 1347 1320 1390 et
1362 1335 1843 1406 Responsionibus.
1887 1335 2037 1388 Unde
2075 1333 2246 1400 liquet
2285 1336 2395 1388 sole
2442 1336 2663 1400 clarius,
2700 1351 2804 1390 non
2842 1351 2961 1391 esse
3000 1337 3261 1390 llomilias
3305 1336 3370 1388 ad
3413 1336 3668 1403 populum
3714 1335 3906 1395 dictas,
3944 1335 4038 1388 sed

803 1437 1174 1490 collectaneum
1218 1437 1607 1502 Quaestionum,
1642 1450 1775 1502 quas
1813 1434 1877 1486 ad
1922 1431 2400 1486 archimandritam
2439 1435 2674 1502 aliquem
2714 1435 2965 1488 monachi
3004 1434 3330 1488 accedentes
3361 1427 3703 1495 DFODOSUiSSC
3735 1427 4036 1494 ﬁnguntur-

804 1527 1034 1584 IIomilia
1065 1530 1156 1583 XII
1190 1531 1431 1588 continet
1472 1530 1825 1594 Quaestiones
1852 1538 1906 1581 et
1943 1527 2345 1595 Responsiones
2375 1530 2458 1582 vel
2509 1531 2816 1583 nullatenus
2857 1531 2938 1584 vel
2983 1545 3172 1598 parum
3212 1526 3393 1582 utiles.
3438 1522 3664 1574 Homilia
3702 1521 3790 1573 XV
3825 1521 4040 1573 nullum

803 1619 970 1675 habet
996 1622 1227 1690 speciale
1260 1631 1656 1690 argumentum,
1687 1619 1780 1671 sed
1807 1618 1983 1670 varias
2008 1618 2361 1682 Quaestiones
2396 1624 2456 1676 de
2486 1621 2858 1671 resurrectione
2905 1628 2954 1670 et
2996 1621 3410 1686 concupiscentia
3443 1617 3703 1678 continet,
3737 1633 3875 1684 quae
3919 1618 4041 1669 nul—

803 1712 908 1766 lam
942 1713 1082 1766 inter
1111 1728 1166 1765 se
1193 1713 1582 1767 connexionem
1624 1713 1843 1766 habent.
1895 1712 2125 1764 IIomilia
2163 1713 2326 1765 XXVI
2361 1713 2600 1766 continet
2632 1715 2815 1781 plures
2844 1713 3198 1777 Quaestiones
3235 1725 3289 1767 et
3322 1711 3718 1779 Responsiones
3762 1711 3822 1761 de
3862 1719 4038 1762 tenta-

803 1803 1022 1855 tionibus
1080 1803 1272 1855 diaboli
1323 1812 1369 1855 et
1411 1808 1613 1873 gratiae
1661 1803 1932 1872 effectibus.
1977 1801 2206 1855 Homilia
2247 1803 2435 1855 XXVII
2482 1803 2769 1870 respondet
2807 1818 3021 1871 quoque
3057 1802 3474 1866 Quaestionibus
3509 1805 3694 1859 multis
3731 1807 3792 1856 de
3832 1808 4042 1872 gratiae

803 1898 1077 1967 effectibus.
1104 1897 1336 1952 Homilia
1367 1900 1602 1952 XXXVII
1633 1899 1862 1951 habetur
1893 1896 2225 1950 verbotenus
2253 1899 2392 1950 inter
2415 1898 2683 1966 Opuscula
2714 1898 2872 1950 Marci
2903 1898 3308 1952 Exercitatoris.
3340 1902 3568 1954 Ilomilia
3598 1900 3685 1952 XL
3717 1911 3825 1953 tres
3856 1900 4038 1954 adhuc.

801 1994 1157 2056 Quaestiones
1202 1993 1474 2060 proponit,
1515 2008 1648 2062 quas
1699 1989 2163 2059 Responsionibus
2213 1992 2435 2045 totidem
2487 1993 2661 2046 solvit.
2713 1993 2828 2045 Non
2881 2007 3009 2061 ergo
3059 1993 3448 2046 collectaneum
3490 1990 3633 2044 istud
3680 1989 4038 2043 Homiliarum

801 2085 1021 2154 proprie
1049 2094 1149 2146 est,
1183 2085 1275 2138 scd
1303 2084 1512 2153 farrago
1540 2083 1814 2134 variorum
1847 2077 2336 2142 indiscriminatim,
2372 2089 2431 2133 ut
2468 2081 2740 2134 collectori
2780 2081 3028 2134 allubuit.

871 2172 1124 2226 Secundo.
1165 2173 1420 2242 Quisquis
1448 2175 1604 2228 istius
1630 2170 1911 2241 farraginis
1941 2181 2146 2236 auctor,
2184 2173 2229 2226 is
2260 2183 2379 2240 post
2411 2181 2579 2224 ortam
2616 2173 2950 2242 Pelagianam
2992 2173 3258 2228 haeresim
3291 2175 3526 2244 scripsit,
3560 2189 3719 2242 quam
3764 2172 4040 2226 subtiliter

800 2280 858 2326 et
879 2282 1034 2326 caute
1063 2271 1220 2324 docet
1250 2271 1468 2340 passim.
1495 2271 1645 2335 Quod
1680 2281 1733 2324 et
1764 2272 1980 2339 agnovit
2009 2270 2173 2324 Ellias
2212 2270 2281 2321 du
2321 2269 2416 2321 Pin
2462 2270 2496 2320 l.
2529 2270 2588 2331 l.,
2622 2277 2750 2321 dum
2797 2269 2971 2337 inquit
3005 2269 3264 2323 llomilias
3297 2268 3445 2327 istas,
3473 2265 3539 2317 de
3567 2265 3762 2332 quibus
3804 2263 4037 2332 agimus,

801 2377 920 2415 esse
945 2361 1251 2415 conformcs
1282 2362 1456 2430 quoad
1486 2361 1786 2415 doctrinam
1819 2362 2086 2431 Epistolae
2115 2362 2214 2415 sub
2242 2361 2455 2414 Macarii
2498 2361 2732 2425 nomine,
2764 2377 2923 2429 quam
2956 2361 3196 2430 depingit
3220 2359 3529 2415 Gennadius
3557 2359 3609 2410 in
3651 2357 3790 2410 libro
3821 2359 3881 2409 de
3914 2359 4038 2408 vim

801 2449 1093 2504 illustribus
1140 2467 1256 2521 cap.
1296 2453 1377 2504 IO.
1415 2451 1482 2506 At
1509 2452 1744 2520 Epistola
1786 2452 1884 2504 ista
1919 2452 2200 2520 Pelagiana
2226 2460 2327 2511 est,
2363 2450 2609 2518 idemque
2651 2450 2938 2503 dicendum
2969 2450 3034 2504 de
3072 2451 3317 2505 Homiliis
3350 2451 3485 2504 istis.
3519 2451 3648 2504 Nam
3683 2450 3910 2503 IIomiIia
3945 2449 4036 2502 XV

801 2545 917 2597 vult
944 2546 1408 2614 concupiscentiam
1438 2558 1557 2596 esse
1593 2542 1861 2609 quandam
1900 2537 2038 2608 ignis
2067 2539 2212 2609 [Pag.
2244 2537 2365 2607 477]
2398 2537 2451 2589 in
2484 2537 2698 2591 homine
2732 2539 2942 2591 accensi
2974 2541 3229 2608 speciem,
3261 2556 3468 2602 omnes,
3499 2550 3557 2593 ut
3596 2543 3666 2594 ita
3703 2540 3910 2594 dictum
3943 2540 4034 2595 sit.

803 2636 976 2704 ipsius
1021 2646 1202 2704 partes
1245 2636 1649 2696 accendentem,
1679 2636 1764 2687 cui
1796 2637 2050 2690 resistere
2091 2640 2287 2700 potest,
2327 2631 2371 2682 si
2411 2630 2624 2682 assidue
2675 2629 2916 2698 invigilet
2960 2631 3062 2682 sibi
3107 2641 3265 2699 atque
3299 2649 3539 2705 pugnet:
3577 2635 3678 2689 Eos
3725 2645 3918 2697 autem,
3947 2637 4038 2704 qui

804 2727 1126 2795 passionibus
1154 2727 1421 2789 resistunt,
1447 2738 1684 2780 sanctum
1708 2728 1961 2799 Spiritum
1993 2737 2147 2796 atque
2184 2724 2374 2778 Christi
2413 2725 2610 2793 gratias
2651 2727 2892 2792 recipere.
2921 2723 3074 2788 Quod
3115 2725 3457 2796 Pelagianam
3491 2731 3710 2783 omnino
3747 2738 3847 2788 est,
3880 2731 4037 2798 quasi

802 2827 932 2872 ante
969 2817 1196 2887 gratiam
1221 2818 1421 2873 Christi
1446 2829 1751 2890 perceptam
1780 2816 2248 2888 concupiscentiae
2275 2831 2336 2867 ac
2365 2814 2704 2883 passionibus
2736 2816 2975 2867 accensis
2996 2831 3058 2868 ex
3085 2826 3306 2873 naturae
3336 2823 3540 2877 viribus
3576 2825 3826 2877 resistere
3857 2824 4036 2876 valea—

805 2924 946 2962 mus.
982 2909 1211 2961 Ilomilia
1238 2909 1352 2963 XVI
1386 2911 1560 2979 inquit
1587 2913 1860 2968 hominem
1904 2913 2103 2966 debere
2148 2924 2360 2976 semper
2401 2909 2611 2970 timere,
2645 2924 2710 2960 eo
2749 2909 2893 2976 quod
2935 2923 3147 2976 semper
3190 2917 3576 2970 tentationibus
3616 2918 3890 2986 expositus
3933 2919 4034 2977 sit;

808 3005 988 3073 itaque
1029 3006 1121 3072 qui
1161 3007 1384 3075 gratiam
1423 3010 1661 3066 nondum
1689 3013 1910 3076 habent,
1937 3013 2134 3065 debere
2178 3023 2388 3076 semper
2422 3018 2474 3060 et
2515 3007 2712 3059 bonum
2743 3022 2901 3074 agere
2932 3017 2986 3060 et
3012 3007 3210 3060 malum
3242 3009 3422 3080 fugere
3451 3029 3516 3066 ex
3546 3013 3781 3066 motibus
3821 3022 4039 3065 natura-

805 3099 969 3166 libus;
999 3102 1092 3169 qui
1124 3117 1256 3156 vero
1294 3105 1520 3172 gratiam
1564 3103 1893 3172 acceperint,
1936 3117 2044 3154 non
2091 3098 2331 3165 indigere
2369 3096 2606 3149 motibus
2645 3096 2729 3149 hlS
2770 3096 3108 3150 naturalibus
3147 3107 3307 3168 atque
3353 3103 3720 3156 interioribus.
3771 3105 4040 3171 Supponit

804 3201 953 3261 ergo,
989 3192 1262 3248 hominem
1306 3197 1488 3260 etiam,
1520 3206 1806 3264 antequam
1835 3194 2058 3264 gratiam
2088 3191 2301 3253 habeat,
2336 3205 2491 3258 posse
2529 3199 2583 3242 et
2619 3189 2818 3243 bonum
2851 3190 3027 3245 facere
3063 3201 3120 3245 et
3145 3195 3342 3247 malum
3379 3195 3562 3263 fugere
3594 3209 3656 3247 ex
3690 3194 4041 3247 instinctibus

806 3283 1174 3348 naturalibus;
1200 3285 1343 3352 quod
1367 3287 1709 3357 Pelagianum
1735 3297 1838 3348 est,
1863 3285 2012 3353 quasi
2056 3283 2143 3336 his
2183 3290 2408 3335 naturae
2436 3280 2713 3350 laboribus
2738 3289 2795 3334 et
2818 3285 3101 3340 conatibus
3129 3286 3354 3358 gratiam
3382 3286 3474 3338 Dei
3511 3286 3575 3338 ad
3609 3300 3709 3338 nos
3739 3285 4036 3338 trahamus.

808 3377 1044 3431 Homilia
1070 3378 1234 3433 XXVI
1267 3389 1375 3434 tota
1401 3396 1615 3450 quoque
1639 3380 1923 3448 Pelagiana
1950 3387 2052 3440 est,
2080 3385 2140 3429 ut
2166 3385 2369 3428 attente
2398 3373 2596 3442 legenti
2639 3374 2925 3432 constabit.
2961 3387 3122 3446 atque
3150 3395 3216 3434 ex
3251 3380 3337 3441 iis,
3368 3395 3504 3447 quae
3543 3379 3699 3433 alIert
3723 3380 3760 3432 l.
3792 3380 3828 3431 l.
3873 3379 4042 3431 Eilias

808 3466 882 3520 du
920 3466 1040 3530 Pin,
1073 3470 1322 3539 cognosci
1359 3470 1571 3524 abunde
1599 3479 1795 3540 potest.
1826 3468 1989 3521 Miror
2015 3477 2214 3527 tamen,
2253 3480 2351 3517 cur
2387 3463 2580 3531 pagina
2615 3463 2750 3515 mihi
2780 3464 2846 3516 72
2875 3465 3194 3537 Aethiopem
3228 3468 3479 3524 dealbare
3507 3479 3734 3522 conetur
3767 3469 4041 3524 intendat-

809 3577 938 3633 que,
969 3573 1245 3617 auctorem
1288 3564 1436 3618 hunc
1474 3565 1608 3619 nihil
1652 3564 1800 3618 aliud
1845 3563 1982 3616 velle
2022 3575 2182 3629 quam
2232 3558 2523 3612 conciliare
2568 3558 2770 3626 gratiae
2813 3563 3191 3617 necessitatem
3237 3579 3359 3617 cum
3406 3564 3566 3616 liberi
3609 3563 3824 3617 arbitrii
3861 3567 4040 3618 nostri

810 3659 1221 3726 cooperatione.
1266 3660 1425 3714 Aliud
1469 3677 1597 3714 sane
1633 3661 1748 3714 vult
1789 3658 2106 3726 Pelagianus
2147 3654 2267 3716 ille;
2307 3652 2518 3705 initium
2566 3667 2758 3721 nempe
2801 3654 2990 3710 salutis
3035 3667 3250 3712 nostrae
3290 3675 3409 3712 esse
3455 3675 3485 3711 a
3529 3660 3686 3712 nobis
3730 3676 3827 3730 per
3870 3675 4039 3730 opera

810 3756 1038 3804 naturae
1071 3750 1476 3819 incipientibus,
1508 3751 1706 3820 quibus
1735 3749 2026 3803 accedente
2057 3747 2239 3799 divina
2275 3743 2447 3813 gratia
2476 3742 2621 3795 salus
2658 3742 2762 3795 iam
2795 3745 2859 3798 ad
2892 3747 3279 3813 perfectionem
3315 3750 3633 3803 adducatur.
3667 3751 3816 3806 Unde
3849 3769 4039 3821 quam-

813 3842 897 3897 vis
933 3844 1148 3912 saepius
1181 3845 1326 3899 dicat
1396 3845 1620 3914 gratiam
1659 3859 1778 3898 esse
1820 3841 2181 3896 necessariam
2223 3840 2308 3892 vel
2356 3839 2420 3891 ad
2469 3836 2727 3889 iustitiam
2764 3839 3079 3906 perfectam,
3108 3845 3190 3897 vel
3235 3845 3400 3897 vitam
3429 3854 3725 3907 aeternam,
3761 3856 3820 3900 ut
3853 3846 4012 3902 Homi

815 3931 885 3985 lia
925 3931 1110 3996 XXIV,
1137 3934 1221 3987 vel
1253 3935 1319 3987 ad
1350 3935 1632 3988 evitandas
1658 3948 1846 3985 omnes
1876 3931 2084 4000 peccati
2127 3930 2460 3989 occasiones,
2485 3926 2571 3978 vel
2601 3926 2668 3978 ad
2699 3927 2953 3983 omnibus
2992 3933 3388 3988 tentationibus
3420 3934 3805 4000 resistendum,
3835 3946 3897 3990 ut
3931 3937 4037 3991 Ho-

815 4023 964 4077 milia
989 4022 1151 4086 XXV,
1179 4039 1456 4092 nunquam
1496 4034 1674 4078 tamen
1702 4022 1954 4085 asseruit,
1984 4021 2130 4073 illam
2163 4033 2282 4072 esse
2316 4017 2675 4070 necessariam
2704 4016 2770 4070 ad
2796 4033 2958 4072 omne
2992 4029 3048 4073 et
3071 4023 3354 4090 quodlibet
3382 4026 3435 4078 in
3466 4024 3724 4094 singulari
3759 4041 3897 4094 opus
3932 4027 4034 4081 bo-

817 4129 966 4179 num,
995 4116 1244 4184 opinatus
1271 4131 1462 4184 nempe
1498 4117 1646 4168 iuxta
1681 4114 1954 4183 Pelagium
1990 4123 2047 4166 et
2089 4111 2424 4179 Pelagianos,
2453 4110 2668 4164 initium
2698 4110 2887 4166 salutis
2919 4130 3037 4169 esse
3074 4133 3104 4169 a
3139 4117 3298 4170 nobis
3330 4133 3397 4171 ex
3433 4127 3627 4174 natura
3657 4123 4032 4189 operantibus.

888 4207 1154 4264 Convenit
1188 4210 1416 4262 maxime
1451 4209 1540 4262 hic
1578 4217 1767 4261 auctor
1800 4206 1975 4275 quoad
2015 4206 2317 4259 doctrinam
2349 4219 2472 4256 cum
2519 4203 2696 4256 Marco
2725 4199 2959 4271 ἀσκητῇ
2985 4222 3081 4262 seu
3110 4209 3504 4275 Exercitatore,
3535 4215 3628 4283 qui
3658 4215 3787 4268 olim
3815 4217 4033 4274 Macarii

817 4300 980 4354 huius
1006 4299 1303 4369 discipulus
1323 4301 1446 4363 fuit,
1471 4317 1572 4354 nec
1593 4300 1807 4354 difﬁcile
1835 4299 1954 4361 fuit,
1986 4309 2044 4353 ut
2076 4299 2274 4366 scripta
2303 4295 2554 4364 discipuli
2583 4296 2841 4364 magistro
2865 4301 3207 4366 postmodum
3232 4320 3298 4358 ex
3328 4307 3557 4374 quadam
3589 4310 3811 4364 maioris
3843 4323 4033 4366 aucto-

817 4393 997 4448 ritatis
1029 4393 1367 4447 aﬂ‘ectatione
1407 4395 1490 4447 vel
1523 4394 1686 4448 etiam
1727 4393 1933 4446 malitia
1964 4392 2414 4446 attribuerentur.
2447 4391 2604 4443 Plura
2632 4389 2700 4443 de
2738 4390 2822 4443 his
2851 4391 3096 4448 Homiliis
3132 4411 3228 4450 seu
3267 4398 3430 4450 etiam
3471 4398 3894 4464 Quaestionibus
3934 4419 4006 4458 no

815 4499 1002 4560 postea
1030 4488 1082 4540 in
1114 4488 1290 4542 Marco
1319 4489 1531 4551 Asceta,
1568 4488 1654 4541 cui
1682 4487 2067 4541 adiudicandas
2095 4487 2164 4540 ob
2195 4485 2473 4539 doctrinae
2503 4494 2558 4538 et
2582 4485 2704 4554 styli
2732 4485 3144 4542 similitudinem
3173 4505 3474 4546 censemus.

885 4579 1110 4634 Exstant
1135 4591 1315 4634 autem
1342 4581 1443 4634 hae
1469 4579 1525 4633 S.
1561 4578 1773 4631 Macarii
1806 4580 2048 4648 Aegyptii
2073 4577 2335 4632 Homiliae
2374 4575 2520 4629 MSS.
2549 4590 2736 4644 graece
2762 4575 2815 4628 in
2845 4577 3134 4634 Bodleiano
3158 4580 3348 4635 Oxonii
3379 4585 3432 4636 in
3461 4584 3667 4653 Anglic.
3699 4585 4033 4641 Bibliotheca

817 4671 1004 4727 codice
1029 4672 1133 4726 213
1164 4672 1218 4724 in
1265 4673 1410 4726 MSS.
1445 4674 1802 4729 Baroccianis.
1852 4672 2026 4740 Atque
2070 4671 2124 4724 in
2172 4671 2274 4724 hoc
2323 4668 2510 4722 codice
2559 4677 2772 4721 exstant
2818 4667 3076 4723 Homiliae
3111 4672 3264 4736 LVII,
3310 4690 3541 4743 quarum
3584 4691 3723 4745 quae
3767 4677 3824 4729 in
3868 4677 4031 4734 editis

816 4772 1088 4835 postrema
1114 4775 1216 4829 est,
1247 4766 1302 4819 in
1335 4767 1442 4820 MS.
1479 4767 1583 4820 isto
1614 4766 1823 4820 auctior
1849 4773 1932 4816 est
1956 4776 2116 4830 quam
2146 4760 2198 4812 in
2227 4759 2524 4828 impressis.

885 4855 1141 4910 Eiusdem
1170 4857 1400 4910 Homilia
1429 4857 1494 4909 LI
1517 4856 1582 4909 ad
1609 4855 1928 4925 Symeonem
1957 4852 2204 4905 Ascetam
2237 4864 2356 4917 pag.
2379 4848 2503 4910 202,
2529 4847 2563 4900 b

1771 4868 1928 4907 onem
1957 4852 2204 4905 Ascetam
2237 4864 2356 4917 pag.
2379 4848 2503 4910 202,
2529 4847 2563 4900 b
2592 4864 2605 4899 :
2635 4848 2928 4915 Μακάριος
2959 4851 3082 4917 τοῖς
3116 4853 3453 4920 ἀγαπητοῖς.

887 4946 1142 5000 Eiusdem
1174 4947 1403 5001 Homilia
1434 4948 1522 5000 LII
1558 4948 1611 5000 in
1645 4947 1817 5000 Natali
1843 4943 2044 4999 Christi
2077 4957 2196 5010 pag.
2226 4941 2328 4994 208
2362 4958 2373 4992 :
2409 4943 2440 4992 ό
2465 4941 2572 5007 λόγ

1940 4943 2044 4996 risti
2077 4957 2196 5010 pag.
2226 4941 2328 4994 208
2362 4958 2373 4992 :
2409 4943 2440 4992 ό
2465 4941 2642 5007 λόγος
2674 4939 2779 4993 τοῦ
2809 4943 2955 4996 Θεοῦ
2984 4945 3160 5012 ἔργον
3194 4946 3300 5013 τῆς
3327 4949 3625 5015 ἀληθείας.

887 5037 1119 5091 Homilia
1146 5038 1257 5091 LIII
1280 5039 1346 5092 de
1375 5039 1780 5108 longanimitate
1805 5045 1861 5091 et
1885 5034 2172 5090 tolerantia
2199 5033 2255 5086 in
2284 5030 2572 5085 afllictionil

2337 5030 2664 5085 Ilictionibus
2690 5045 2808 5100 pag.
2837 5032 2940 5088 215
2972 5053 2984 5086 :
3017 5040 3050 5089 ό
3065 5038 3440 5107 βουλόμενος
3467 5040 3586 5104 Θεῷ
3611 5041 4022 5110 εὐαρεστῆσαι.

887 5128 1034 5199 [Pag.
1064 5127 1188 5199 478]
1226 5130 1459 5184 Homilia
1487 5129 1598 5184 LIV
1630 5131 1696 5184 de
1730 5128 2068 5197 beneplacito
2093 5127 2189 5180 Dei
2215 5136 2271 5180 et
2295 5123 2572 5194 pennissio

1864 5128 2068 5197 :placito
2093 5127 2189 5180 Dei
2215 5136 2271 5180 et
2295 5123 2648 5194 pennissione
2672 5120 2852 5176 divina
2884 5143 2896 5177 ι
2926 5127 3122 5182 Πάντα
3150 5131 3219 5183 τὰ
3248 5136 3549 5199 γενόμενα.

898 5220 1128 5274 Homilia
1153 5221 1239 5275 LV
1269 5232 1456 5276 contra
1479 5224 1692 5276 inanem
1715 5221 1939 5292 gloriam
1964 5230 2241 5290 captantes
2268 5219 2320 5272 in
2346 5213 2701 5272 concionibus
2729 5214 2794 5268 ad
2825 5221 3080 5286 populum
3111 5239 3229 5294 pag.
3260 5225 3382 5288 230,
3412 5226 3444 5278 b
3471 5244 3482 5278 :
3522 5227 3745 5282 ’Ῑστέον
3764 5225 3846 5280 ὅτι
3869 5228 4023 5293 τινές

818 5319 934 5370 εισι
963 5317 1248 5382 νεώτεροι.

889 5406 1116 5462 Homilia
1143 5405 1254 5458 LVI
1283 5405 1351 5459 de
1376 5407 1592 5461 nomine
1624 5415 1679 5461 et
1707 5406 1882 5462 ollicio
1906 5405 2154 5460 monachi
2189 5421 2304 5475 pag.
2333 5404 2456 5466 254,
2483 5403 2516 5455 b
2544 5421 2556 5454 :

1403 5407 1592 5461 nomine
1624 5415 1679 5461 et
1707 5406 1882 5462 ollicio
1906 5405 2154 5460 monachi
2189 5421 2304 5475 pag.
2333 5404 2456 5466 254,
2483 5403 2516 5455 b
2544 5421 2556 5454 :
2589 5407 2647 5458 Τί
2662 5406 2788 5459 ἐστι
2808 5408 3088 5474 μονάζων.

887 5495 1119 5551 Homilia
1152 5495 1285 5549 LVII
1315 5495 1382 5548 de
1410 5496 1576 5549 variis
1602 5496 1836 5564 Spiritus
1863 5496 2034 5549 sancti
2063 5496 2471 5563 operationibus
2493 5515 2572 5569 pag

2123 5496 2471 5549 ierationibus
2493 5515 2611 5569 pag.
2648 5501 2771 5564 258,
2802 5501 2836 5554 b
2867 5516 2879 5550 :
2914 5499 2984 5552 Τὸ
3013 5501 3242 5568 πνεῦμα
3271 5504 3419 5557 ὅπου
3450 5505 3624 5565 θέλει,
3656 5504 3808 5559 πνεῖ.

888 5589 1034 5654 Quae
1059 5588 1284 5642 eandem
1311 5603 1433 5641 cum
1461 5589 1741 5656 impressis
1780 5590 2116 5653 methodum,
2147 5590 2372 5643 eandem
2416 5591 2718 5648 doctrinam
2757 5595 3044 5650 asceticam
3086 5597 3384 5659 continent,
3408 5610 3566 5668 atque
3606 5601 3657 5653 in
3687 5603 3807 5654 aliis
3839 5603 4020 5657 llomi-

819 5679 1011 5734 liarum
1045 5678 1309 5732 eiusmodi
1350 5678 1496 5732 MSS.
1531 5681 1931 5748 exemplaribus
1954 5697 2060 5735 non
2093 5682 2459 5749 reperiuntur.

887 5770 1138 5825 Adducor
1167 5780 1346 5824 autem
1384 5770 1613 5825 maxime
1657 5781 1715 5824 ut
1758 5771 1993 5838 credam,
2037 5772 2132 5825 has
2175 5787 2360 5826 omnes
2387 5774 2643 5830 llomilias
2678 5788 2724 5830 et
2766 5777 3102 5842 Quaestiones
3141 5782 3382 5834 ascetirus
3410 5794 3649 5851 spectare
3679 5784 3741 5838 ad
3777 5785 4016 5838 Marcum
