4266 6356
270 370 369 425 381
1080 378 1166 432 DE
1209 378 1307 434 SS.
1345 379 1671 439 MACARIIS
1708 383 2051 440 AEGYPTIO
2088 386 2176 441 ET
2216 387 2721 446 ALEXANDRINO.
3375 401 3481 458 382

262 495 516 547 Ascetam
547 507 640 547 seu
666 494 1111 561 Exercitatorem,
1133 500 1227 567 qui
1252 500 1393 555 inter
1420 502 1713 558 monachos
1735 503 2036 559 Nitrienses
2062 507 2356 561 solitariam
2391 510 2557 563 vitam
2591 510 2764 574 duxit,
2801 524 2964 582 atque
2996 513 3212 569 Macarii
3238 518 3483 589 Aegyptii

264 589 497 642 iunioris
524 588 823 659 discipulus
855 591 978 655 fuit,
1005 594 1184 649 clarus
1217 611 1363 649 anno
1392 597 1494 651 400
1518 613 1634 668 sqq.
1664 614 1835 668 usque
1869 599 1936 653 ad
1976 617 2175 656 annum
2203 604 2423 659 circiter
2456 604 2560 659 440
2585 606 2669 659 vel
2697 606 2867 671 ultra;
2903 609 2970 663 de
3009 624 3117 677 quo
3154 588 3485 669 Sozomenus

259 678 360 732 lib.
399 679 465 732 Vl
498 695 615 750 cap.
646 682 734 746 29,
760 683 1029 742 Palladius
1060 684 1193 739 Hist.
1224 686 1383 741 Laus.
1410 705 1563 759 capp.
1593 690 1661 743 20
1679 699 1735 744 et
1764 690 1852 755 21,
1876 691 2215 762 Nicephorus
2257 694 2390 748 Hist.
2426 696 2568 750 Eccl.
2596 697 2693 751 lib.
2736 697 2853 753 XIV
2882 715 3000 769 cap.
3040 702 3124 755 54.
3162 703 3311 759 Vixit
3337 706 3485 760 enim

257 779 385 837 post
424 770 764 841 Pelagianam
802 774 1069 830 haeresim
1110 777 1297 831 multis
1339 780 1517 843 annis,
1552 782 1878 850 perveniens
1916 785 1981 838 ad
2017 785 2347 854 decrepitam
2390 802 2560 855 usque
2599 798 2849 855 aetatem,
2881 792 3125 862 obiitque
3171 799 3484 851 centenario

257 863 454 915 maior.
486 863 597 917 Nec
632 865 766 918 mihi
801 864 1039 921 rationes
1083 881 1179 921 seu
1208 869 1554 924 coniecturae
1593 871 1791 927 desunt
1818 891 1829 925 :
1855 873 1895 927 l.
1922 874 2038 943 Ipsa
2072 873 2317 929 doctrina
2349 876 2651 945 Pelagiana,
2679 895 2840 949 quam
2881 882 3109 937 eandem
3149 900 3272 939 eum
3302 887 3483 942 Marco

256 955 622 1011 Exercitatore
648 972 872 1027 prorsus
904 960 1087 1016 habet.
1131 962 1195 1016 ll.
1222 962 1455 1017 llomilia
1482 963 1719 1019 XXXVII
1746 965 1823 1019 De
1853 968 2099 1037 paradiso
2139 976 2188 1019 et
2232 968 2342 1039 lege
2382 970 2646 1038 spirituali
2678 971 2909 1027 habetur
2962 976 3295 1033 verbotenus
3336 979 3479 1033 inter

255 1047 532 1117 Opuscula
574 1050 737 1104 Marci
783 1052 1188 1120 Exercitatoris,
1223 1058 1366 1112 unde
1410 1075 1520 1113 non
1568 1062 1684 1115 leve
1724 1061 1985 1116 indicium
2023 1070 2124 1125 est,
2159 1076 2372 1115 omnem
2416 1063 2554 1118 hanc
2600 1064 2956 1121 Homiliarum
2996 1069 3369 1126 collectionem
3410 1072 3477 1127 ad

252 1152 384 1191 eum
419 1140 718 1207 pertinere,
752 1140 983 1195 maxime
1026 1159 1150 1197 cum
1199 1146 1464 1201 Macarius
1500 1148 1793 1219 Aegyptius
1832 1148 1999 1202 abbas
2035 1150 2196 1203 etiam
2236 1150 2416 1204 iunior
2450 1152 2517 1206 ad
2563 1162 2806 1224 tempora
2842 1158 3155 1229 Pelagianae
3191 1161 3481 1218 haereseos

252 1244 367 1283 non
392 1233 723 1299 pervenerit,
758 1233 851 1287 sed
878 1233 1089 1288 Marcus
1124 1234 1478 1300 Exercitator,
1513 1237 1605 1306 qui
1632 1252 1749 1291 eam
1784 1236 1986 1307 ubique
2013 1254 2238 1307 operum
2285 1242 2503 1309 sparsit.
2544 1242 2631 1297 lll.
2663 1243 2843 1315 Stylus
2865 1248 3219 1319 Homiliarum
3251 1252 3475 1308 istarum

254 1325 503 1392 apprime
530 1327 785 1381 convenit
810 1341 933 1380 cum
959 1329 1095 1397 stylo
1121 1328 1285 1382 Marci
1310 1329 1718 1395 Exercitatoris,
1769 1330 1836 1386 de
1872 1348 1980 1402 quo
2006 1334 2253 1402 loquitur
2286 1335 2510 1391 Photius
2540 1336 2596 1390 in
2625 1336 2940 1394 Bibliotheca
2970 1341 3090 1395 cod.
3122 1340 3241 1395 200.
3272 1343 3475 1399 lV.Hae

254 1413 523 1471 Homiliae
570 1416 625 1472 S.
672 1418 889 1474 Macarii
933 1422 1179 1494 Aegyptii
1218 1424 1258 1478 L
1298 1435 1527 1493 possunt
1575 1431 1867 1482 convenire
1908 1444 2030 1483 cum
2059 1430 2145 1493 iis,
2184 1446 2321 1499 quae
2363 1431 2543 1486 Marco
2582 1432 2935 1490 Exercitatori
2971 1436 3007 1490 l.
3052 1436 3090 1489 l.
3136 1436 3476 1507 Nicephorus

250 1508 510 1566 Callistus
543 1515 757 1579 asserit,
790 1532 852 1569 ex
880 1516 1048 1572 Marci
1085 1518 1461 1574 Exercitatoris
1495 1521 1732 1591 operibus
1772 1522 1840 1575 ad
1869 1532 2096 1576 aetatem
2122 1540 2273 1578 suam
2314 1528 2604 1595 pervenisse
2631 1526 2783 1581 libros
2815 1538 2925 1582 octo
2949 1531 3319 1585 universalium
3353 1536 3476 1603 affe—

250 1604 484 1656 ctionum
523 1620 795 1659 numerum
831 1617 1135 1677 aequantes,
1170 1618 1218 1662 et
1250 1610 1382 1665 alios
1424 1612 1642 1681 triginta
1673 1611 1799 1665 duos
1842 1612 1905 1665 de
1938 1628 1994 1665 re
2033 1615 2270 1667 ascetica.
2307 1615 2539 1669 Possunt
2566 1616 2711 1670 enim
2745 1618 2846 1673 hae
2877 1619 3139 1674 Homiliae
3171 1621 3211 1674 L
3242 1622 3344 1675 sub
3376 1638 3473 1675 no—

251 1702 402 1755 mine
446 1700 501 1755 S.
547 1701 765 1757 Macarii
799 1703 1046 1774 Aegyptii
1093 1707 1379 1777 complecti
1410 1705 1680 1777 Opuscula
1716 1707 1807 1761 illa
1847 1707 1958 1772 XL,
1979 1693 2127 1778 quae
2166 1709 2344 1763 Marco
2380 1710 2737 1765 Exercitatori
2766 1726 2796 1764 a
2822 1712 3101 1766 veteribus
3134 1712 3468 1771 tribuuntur.

251 1794 385 1848 Nam
417 1796 637 1866 plurimi
677 1797 916 1852 Marcum
947 1802 1303 1857 consulebant
1339 1802 1746 1872 quaestionibus
1789 1804 2057 1869 aseeticis,
2090 1804 2289 1874 quibus
2330 1805 2418 1858 ille
2459 1806 2838 1873 responsiones
2869 1806 3051 1869 dabat,
3079 1818 3139 1862 ut
3168 1817 3379 1863 constat
3404 1824 3470 1863 ex

251 1887 493 1956 Epistola
534 1888 740 1944 Nicolai
782 1892 1083 1957 cuiusdam,
1115 1910 1221 1963 qua
1254 1896 1455 1965 gratias
1494 1895 1673 1949 Marco
1701 1895 1812 1965 agit
1852 1896 1922 1949 oh
1954 1907 2242 1966 praecepta
2273 1897 2393 1951 cius
2426 1897 2683 1952 salutaria
2710 1897 2811 1952 sibi
2846 1909 3174 1968 nuncupata.
3204 1898 3339 1954 Cum
3368 1917 3467 1955 au-

250 1992 360 2037 tem
391 1985 576 2053 plures
598 2002 758 2055 quam
787 1988 877 2041 XL
913 1989 1042 2053 sint,
1072 1990 1178 2044 hoc
1215 1990 1351 2044 nihil
1381 1990 1509 2045 facit
1546 2001 1733 2045 contra
1761 1990 1998 2047 Marcum
2026 1991 2470 2056 Exercitatorem,
2500 1992 2627 2061 quia
2672 1991 2851 2045 omnia
2901 1991 3071 2060 ipsius
3108 2006 3273 2063 opera
3311 1993 3468 2046 Nice-

248 2073 458 2142 phorus
488 2091 594 2129 non
626 2085 904 2133 assecutus
933 2078 1126 2134 fuerat.
1172 2080 1309 2135 Huic
1347 2080 1577 2135 Macario
1604 2081 1866 2151 Aegyptio
1909 2081 2109 2135 seniori
2148 2080 2415 2152 Opuscula
2451 2082 2634 2136 omnia
2662 2082 2909 2136 Macariis
2940 2081 3172 2135 diversis
3203 2083 3465 2136 attributa

246 2170 511 2224 adscribit
545 2170 795 2241 imperite
824 2174 1045 2228 omnino
1068 2175 1299 2230 Joannes
1322 2175 1585 2246 Georgius
1614 2175 1839 2240 Pritius,
1866 2175 1960 2245 qui
1993 2191 2056 2230 ea
2085 2176 2305 2230 collecta
2336 2176 2495 2230 simul
2518 2176 2724 2230 edenda
2772 2190 2961 2245 graece
2987 2184 3043 2228 et
3066 2175 3231 2233 latine
3254 2177 3463 2231 curavit

247 2262 462 2332 Lipsiae
487 2280 537 2317 a.
570 2265 704 2320 1698
731 2273 784 2320 et
817 2266 950 2320 1699
983 2268 1145 2322 tomis
1183 2268 1396 2323 duobus
1435 2268 1571 2332 in-8,
1601 2268 1839 2339 itemque
1883 2284 1933 2322 a.
1975 2268 2110 2323 1709
2152 2283 2273 2323 cum
2318 2267 2735 2338 Prolcgomcnis.
2789 2267 3027 2335 Denique
3068 2267 3334 2323 Macarius
3376 2268 3465 2322 hic

246 2358 433 2411 senior
464 2360 667 2413 exactis
687 2362 740 2413 in
773 2359 1065 2416 solitudine
1099 2362 1372 2433 sexaginta
1399 2362 1547 2434 [Pag.
1567 2361 1690 2433 479]
1707 2362 1864 2416 annis
1890 2361 2025 2417 obiit
2056 2360 2470 2431 nonagenarius,
2504 2361 2789 2422 utvolunt,
2820 2374 2870 2412 a.
2893 2358 2989 2413 591
3012 2359 3099 2414 die
3124 2361 3168 2414 ll
3192 2360 3458 2416 Januarii.

315 2448 581 2503 Macarius
597 2450 752 2513 alter,
787 2451 970 2505 iunior
994 2452 1194 2521 passim
1214 2452 1412 2517 dictus,
1431 2452 1790 2508 Alexandriae
1817 2460 1998 2507 Ortum
2020 2452 2195 2516 duxit,
2221 2453 2278 2506 in
2297 2468 2401 2521 qua
2422 2451 2729 2506 iunioribus
2753 2449 2908 2509 annis
2929 2450 3155 2505 bellaria
3172 2453 3458 2510 vendendo

243 2555 531 2613 quaestum
561 2546 875 2615 quaerebat,
900 2563 1025 2601 cum
1046 2548 1327 2618 superiore
1351 2548 1586 2605 Macario
1622 2548 1867 2604 eiusdem
1904 2547 2128 2602 Antonii
2151 2547 2473 2616 discipulus.
2509 2546 2642 2599 Nam
2670 2543 2806 2598 urbe
2838 2543 3000 2598 simul
3022 2544 3384 2601 Alexandrina
3406 2556 3461 2602 et

245 2645 361 2689 arte
399 2637 744 2701 renuntiatis,
783 2637 839 2691 in
878 2652 1122 2693 eremum
1139 2640 1467 2695 Nitriensem
1510 2640 1790 2703 secedens,
1828 2639 1997 2694 vitam
2041 2639 2393 2693 monasticam
2422 2636 2701 2705 amplexus
2726 2643 2829 2690 est.
2857 2640 3015 2690 Anno
3045 2638 3459 2709 quadragesimo

244 2728 443 2781 aetatis
477 2726 809 2796 baptismum
854 2731 1112 2799 suscepit,
1160 2730 1359 2786 deinde
1404 2747 1661 2786 successu
1713 2741 2021 2800 temporum
2062 2729 2345 2799 presbyter
2378 2728 2553 2782 factus
2599 2736 2653 2782 ct
2681 2726 3104 2781 archimandrita
3148 2728 3455 2785 Nitriensis.

242 2823 547 2876 Aretiorem
579 2823 722 2877 vitae
750 2825 1079 2880 monasticae
1110 2825 1459 2896 disciplinam
1492 2833 1642 2881 tanto
1668 2824 1849 2880 studio
1878 2831 2118 2879 sectatus
2151 2833 2254 2887 est,
2291 2832 2350 2877 ut
2376 2839 2443 2876 ex
2482 2821 2646 2875 nimia
2673 2822 2813 2876 cutis
2840 2822 3093 2877 ariditate
3126 2824 3221 2893 pili
3257 2826 3459 2881 barbae

241 2913 293 2965 ei
332 2928 442 2965 non
469 2914 859 2979 succreverint,
902 2916 1082 2984 inquit
1107 2915 1440 2972 Sozomenus
1480 2916 1614 2970 Hist.
1654 2916 1799 2971 Eccl.
1832 2915 1926 2968 lib.
1976 2914 2044 2968 lll
2068 2930 2188 2983 cap.
2221 2914 2305 2968 14.
2344 2914 2609 2966 Macarius
2640 2927 2772 2965 vero
2820 2910 3241 2977 Alexandrinus,
3282 2914 3460 2984 inquit

243 3002 499 3057 Socrates
536 3003 671 3057 Hist.
714 3004 857 3058 Eccl.
904 3006 1002 3060 lib.
1043 3007 1110 3062 ιν
1135 3023 1254 3077 cap.
1292 3008 1379 3072 23,
1416 3024 1540 3062 cum
1571 3022 1960 3077 usquequaque
1988 3006 2184 3061 similis
2218 3014 2362 3058 esset
2395 3005 2677 3074 Aegyptio,
2720 3004 2774 3055 in
2808 3002 2913 3056 hoc
2945 3018 3055 3057 uno
3084 3004 3454 3074 discrepabat,

239 3091 388 3159 quod
433 3091 624 3145 hilaris
669 3101 813 3146 esset
856 3108 985 3163 erga
1022 3111 1117 3151 eos
1152 3097 1243 3165 qui
1287 3097 1353 3150 ad
1398 3097 1574 3166 ipsum
1618 3104 1979 3160 accesserant,
2015 3104 2072 3151 et
2116 3095 2424 3149 urbanitate
2457 3094 2689 3163 quadam
2724 3093 2967 3147 iuniores
3013 3094 3080 3148 ad
3107 3094 3451 3165 disciplinam

240 3187 595 3239 monasticam
620 3188 879 3241 alliceret.
910 3188 1042 3241 Mira
1087 3186 1154 3240 de
1171 3187 1290 3240 eius
1314 3186 1625 3249 virtutibus,
1668 3186 2028 3249 abstinentia,
2071 3185 2349 3239 miraculis
2390 3184 2619 3253 patratis
2648 3192 2704 3237 et
2753 3183 3111 3239 daemonibus
3158 3202 3255 3254 per
3294 3186 3449 3241 illum

237 3277 487 3345 expulsis
534 3286 720 3331 narrat
756 3278 1030 3333 Palladius
1078 3278 1215 3332 Hist.
1274 3277 1434 3332 Laus.
1476 3294 1594 3348 cap.
1634 3277 1723 3342 20,
1776 3277 1843 3332 de
1872 3277 2071 3347 quibus
2118 3276 2415 3346 plurimum
2464 3275 2699 3345 ambigo,
2747 3275 2999 3342 quamvis
3023 3290 3090 3330 eo
3111 3275 3492 3348 familiariter?

240 3378 491 3425 uteretur
520 3373 615 3440 qui
640 3380 904 3427 recenset.
937 3372 1037 3427 llic
1053 3388 1268 3442 quoque
1304 3388 1428 3427 cum
1449 3372 1680 3426 Macario
1711 3372 1971 3442 Aegyptio
2002 3371 2296 3425 virtutibus
2321 3378 2377 3423 et
2411 3368 2691 3422 miraculis
2722 3366 2952 3421 inferior
2972 3384 3083 3423 non
3113 3380 3277 3433 esset,
3305 3371 3452 3425 inter

236 3462 639 3517 ecclesiasticos
695 3479 909 3533 quoque
952 3463 1257 3533 Scriptores
1299 3464 1571 3518 recenseri
1605 3478 1636 3517 a
1680 3462 1963 3518 monachis
2004 3460 2211 3531 graecis
2237 3460 2633 3515 recentioribus
2660 3458 2869 3522 debuit,
2917 3474 2986 3514 ne
3018 3458 3267 3516 doctrina
3292 3463 3452 3517 alteri

236 3556 478 3610 cederet.
526 3558 765 3613 Ilabetur
818 3572 949 3626 ergo
976 3559 1246 3631 adscripta
1274 3560 1350 3614 illi
1394 3562 1558 3614 latine
1586 3558 1791 3630 Regula
1815 3559 2122 3621 monastica,
2156 3555 2301 3609 XXX
2334 3556 2585 3625 capitulis
2606 3552 3016 3620 comprehensa,
3057 3568 3219 3621 quam
3244 3555 3455 3622 primus

232 3650 409 3705 edidit
456 3652 649 3705 Petrus
682 3654 944 3711 Roverius
987 3655 1195 3710 Jesuita
1240 3654 1296 3708 in
1328 3654 1564 3709 Historia
1606 3652 1924 3706 monasterii
1967 3651 2351 3705 Reomacensis
2393 3666 2513 3719 pag.
2561 3651 2648 3704 24.
2689 3646 3038 3717 Eandemque
3072 3648 3247 3703 edidit
3274 3648 3450 3705 Lucas

236 3738 550 3792 Holstenius
600 3740 650 3790 in
684 3739 865 3795 Codice
896 3741 1219 3812 Regularum
1251 3742 1421 3795 Paris.
1454 3756 1503 3793 a.
1538 3739 1673 3794 1665
1701 3739 1838 3792 in—4°
1879 3737 2020 3806 apud
2070 3736 2403 3789 Ludovicum
2440 3738 2684 3791 Billaine.
2727 3738 2835 3793 Sed
2868 3753 2991 3793 cum
3037 3740 3274 3810 Regulae
3313 3741 3451 3796 istae

236 3831 388 3883 nullo
436 3832 744 3886 testimonio
781 3843 1027 3888 veterum
1059 3835 1216 3887 nixae
1267 3835 1395 3895 sint,
1440 3833 1691 3901 figmenta
1724 3831 2087 3885 recentiorum
2133 3828 2518 3882 monachorum
2546 3828 2804 3884 Graeciae
2832 3844 2864 3882 a
2909 3830 3044 3885 viris
3081 3830 3452 3900 prudentibus

232 3932 548 3977 censentur.
587 3925 767 3979 Edidit
809 3935 864 3980 et
890 3925 1100 3982 Caveus
1138 3927 1239 3981 sub
1269 3926 1509 3981 eiusdem
1536 3925 1751 3979 Macarii
1778 3923 2126 3978 Alexandrini
2159 3922 2376 3977 nomine
2407 3922 2721 3978 Sermonem
2748 3935 2815 3975 ex
2845 3920 2953 3976 MS.
2977 3921 3167 3977 codice
3194 3922 3450 3977 Paulinae

234 4012 535 4082 Lipsiensis
572 4016 939 4071 Bibliothecae
964 4018 1433 4080 absurdissimum,
1458 4031 1646 4087 graece
1691 4022 1748 4069 et
1779 4015 1963 4078 latine,
1992 4016 2048 4068 in
2100 4013 2233 4067 Hist.
2265 4014 2365 4066 Lit.
2410 4012 2624 4083 Scriptt.
2659 4010 2801 4067 Eccl.
2832 4010 2899 4064 ad
2929 4024 2979 4063 a.
3020 4010 3123 4063 575
3159 4026 3281 4081 pag.
3321 4012 3449 4066 208.

233 4103 482 4158 Eundem
507 4121 809 4161 sermonem
826 4108 989 4161 etiam
1005 4123 1196 4177 graece
1238 4117 1293 4162 et
1316 4108 1478 4161 latine
1498 4107 1693 4161 iterum
1716 4120 1783 4159 ex
1821 4103 2012 4158 eodem
2040 4104 2145 4160 MS.
2176 4099 2364 4159 codice
2381 4103 2552 4158 edidit
2570 4104 2804 4159 Iacobus
2827 4105 3033 4160 Tollius
3056 4121 3105 4160 a.
3138 4106 3273 4161 1696
3310 4106 3453 4160 ἰη-αισ

233 4194 470 4250 Traiecti
509 4198 575 4251 ad
616 4198 864 4252 Rhenum
886 4198 1029 4267 apud
1055 4199 1398 4252 Franciscum
1428 4197 1668 4251 Halmam
1700 4198 1752 4250 in
1779 4197 2073 4266 Insignibus
2113 4196 2381 4249 Itinerarii
2404 4194 2576 4249 Italici
2602 4212 2719 4265 pag.
2764 4195 2884 4260 192,
2919 4198 3170 4251 collatum
3209 4197 3274 4251 ad
3296 4196 3447 4251 MSS.

230 4286 454 4342 codices
496 4288 863 4343 Bibliothecae
904 4288 1195 4344 Caesareae
1227 4289 1372 4361 [Pag.
1410 4288 1534 4360 480]
1560 4288 1997 4343 Vindobonensis
2039 4303 2101 4341 ac
2147 4289 2481 4342 variantibus
2526 4288 2852 4342 lectionibus
2880 4288 3132 4343 ditatum.
3175 4289 3344 4345 Cuius
3380 4305 3450 4344 ex

231 4380 466 4435 lectione
497 4379 552 4433 in
583 4388 836 4449 promptu
864 4392 947 4433 est
978 4380 1276 4449 intelligere
1304 4379 1691 4449 impudentiam
1718 4387 1880 4447 atque
1913 4379 2268 4449 ignorantiam
2301 4392 2510 4442 eorum,
2530 4379 2624 4446 qui
2658 4379 2793 4433 tales
2821 4381 3045 4434 naenias
3076 4382 3441 4434 recentiorum

231 4479 544 4539 temporum
566 4471 805 4539 antiquis
837 4471 1111 4525 Ecclesiae
1154 4469 1405 4523 Patribus
1435 4469 1753 4523 obtrudunt.
1786 4472 2029 4524 Mortuus
2071 4470 2270 4524 dicitur
2313 4469 2576 4523 Macarius
2616 4470 3013 4525 Alexandrinus
3053 4472 3200 4527 circa
3236 4488 3287 4526 a.
3318 4472 3443 4538 404,

230 4582 402 4620 annos
434 4565 631 4620 aetatis
672 4573 891 4619 centum
931 4566 1155 4629 habens,
1195 4567 1351 4619 cuius
1383 4564 1644 4619 memoria
1676 4566 1730 4619 in
1760 4566 2136 4637 Martyrologio
2159 4565 2402 4619 Romano
2433 4564 2521 4618 die
2549 4564 2641 4619 XV
2667 4566 2868 4620 mensis
2903 4566 3140 4621 Januarii
3174 4568 3371 4637 agitur.

297 4659 520 4712 Tertius
582 4657 868 4720 Macarius,
917 4657 1080 4711 etiam
1102 4656 1155 4710 S.
1203 4656 1422 4710 Antonii
1462 4656 1636 4727 Magni
1682 4657 1999 4727 discipulus,
2036 4656 2317 4710 amborum
2377 4656 2819 4723 praecedentium
2873 4659 3133 4727 aequalis,
3182 4659 3443 4714 Amathae

227 4750 434 4812 socius,
481 4748 549 4801 ab
576 4748 698 4802 aliis
717 4748 950 4812 duobus,
991 4749 1163 4802 altero
1187 4749 1467 4819 Aegyptio,
1516 4750 1688 4804 altero
1732 4749 2096 4805 Alexandrino
2138 4748 2485 4820 distinctus“,
2501 4749 2576 4803 De
2627 4748 2731 4803 hoc
2772 4748 3006 4803 Macario
3033 4750 3194 4804 tertio
3226 4751 3443 4810 abundo

225 4841 488 4897 Possinus
534 4841 590 4893 in
626 4840 1009 4910 Prolegomenis
1053 4841 1119 4893 ad
1158 4840 1497 4894 Thesaurum
1542 4841 1835 4895 ascetieum
1864 4855 2014 4894 num.
2036 4839 2099 4892 γ.
2138 4839 2204 4892 Vl
2243 4855 2384 4908 sqq.,
2414 4823 2507 4913 ubi
2544 4848 2689 4893 recte
2728 4847 2837 4895 tres
2868 4840 3147 4905 Macarios,
3183 4840 3238 4896 S.
3268 4842 3444 4897 Patris

222 4930 448 4994 Antonii
478 4929 794 4999 discipulos,
822 4931 1125 5000 distinguit,
1150 4946 1344 5000 nempe
1371 4915 1711 5001 Aegyptium,
1736 4932 1829 5001 qui
1874 4930 2059 5001 Scythi
2093 4930 2275 4984 sedem
2310 4922 2522 5009 habuit,
2554 4929 3001 4994 Alexandrinum,
3033 4930 3127 4999 qui
3167 4930 3222 4984 in
3254 4931 3441 4989 Celliis

223 5039 364 5095 quae
383 5022 439 5076 in
460 5021 628 5093 Libya
648 5031 794 5085 sunt,
819 5021 953 5076 locis
972 5021 1130 5091 longe
1148 5021 1478 5077 distantibus
1510 5037 1540 5076 a
1559 5022 1956 5087 Thebaide,ubi
1982 5022 2249 5077 Antonius
2276 5021 2521 5091 degebat.
2553 5020 2739 5091 Itaque
2768 5021 2824 5073 in
2845 5021 3120 5075 Thebaide
3141 5030 3259 5076 erat
3284 5039 3439 5078 mons

224 5115 477 5179 interior,
522 5113 613 5167 ubi
654 5112 803 5167 solus
847 5112 1166 5181 plerumque
1195 5112 1468 5167 residebat
1520 5114 1806 5179 Antonius,
1840 5121 1896 5168 et
1935 5127 2092 5167 mons
2129 5112 2386 5175 exterior,
2441 5110 2498 5164 in
2524 5126 2687 5180 quem
2721 5110 2951 5166 subinde
3002 5113 3345 5179 excurrebat,
3378 5129 3439 5171 ut

223 5209 539 5263 habitantes
596 5204 652 5258 in
697 5219 763 5258 eo
808 5220 935 5259 suos
972 5205 1265 5259 monachos
1306 5205 1584 5259 inviseret.
1633 5205 1691 5259 In
1729 5223 1795 5261 eo
1867 5206 1957 5260 hic
1997 5208 2178 5259 tertius
2216 5204 2478 5259 Macarius
2538 5203 2827 5266 habitavit,
2884 5204 2984 5257 sub
3028 5204 3185 5259 cuius
3215 5208 3436 5263 nomine

220 5302 494 5374 Opuscula
515 5309 742 5370 septem,
779 5315 971 5369 nempe
998 5300 1059 5353 de
1075 5301 1307 5353 custodia
1341 5302 1507 5355 cordis
1532 5317 1650 5373 pag.
1684 5302 1768 5366 19,
1798 5303 1860 5354 de
1892 5302 2201 5371 perfectione
2219 5303 2273 5353 in
2298 5300 2486 5369 spiritu
2516 5314 2638 5368 pag.
2668 5298 2755 5361 47,
2778 5298 2842 5350 de
2862 5300 3097 5351 oratione
3128 5313 3247 5369 pag.
3267 5300 3353 5363 65,
3372 5303 3437 5354 de

222 5395 478 5467 patientia
503 5400 552 5445 et
572 5393 874 5446 discretione
898 5407 1016 5461 pag.
1050 5392 1136 5455 81,
1171 5393 1231 5445 de
1256 5393 1537 5447 elevatione
1560 5398 1744 5448 mentis
1774 5409 1893 5463 pag.
1928 5394 2048 5458 115,
2093 5394 2155 5445 de
2182 5393 2403 5475 caritate
2434 5406 2555 5460 pag.
2589 5390 2709 5454 141,
2741 5391 2804 5442 de
2824 5386 3064 5443 libertate
3090 5392 3275 5445 mentis
3308 5408 3429 5462 pag.

221 5483 324 5537 185
348 5483 521 5537 edidit
565 5483 758 5538 Petrus
782 5483 1040 5537 Possinus
1081 5484 1137 5537 in
1184 5483 1443 5538 Thesauro
1489 5485 1719 5539 Ascetico
1762 5501 1953 5555 graece
1977 5496 2033 5541 et
2076 5485 2243 5539 latine
2275 5484 2539 5552 impresso
2584 5482 2809 5537 Tolosae
2851 5482 2995 5536 in-Il°
3028 5498 3076 5536 a.
3114 5482 3248 5537 1684
3287 5482 3432 5552 apud

216 5570 569 5625 Guilielmum
591 5571 784 5626 Bosch.
826 5572 1061 5626 Plurima
1101 5573 1212 5627 illic
1252 5574 1308 5627 in
1353 5574 1756 5644 Prolegomenis
1783 5574 1849 5629 de
1877 5575 1981 5629 isto
2013 5574 2242 5628 Macario
2285 5574 2472 5637 tertio,
2512 5587 2675 5641 quem
2706 5573 3027 5642 Aegyptium
3062 5588 3281 5643 quoque
3303 5588 3427 5626 cum

215 5667 396 5734 primo
446 5666 605 5729 facit,‘
632 5677 688 5722 et
718 5667 805 5721 cui
849 5667 1015 5721 etiam
1054 5667 1311 5723 Homilias
1344 5672 1747 5742 quinquaginta,
1783 5688 1921 5741 quae
1949 5681 2127 5726 tamen
2149 5672 2309 5741 vulgo
2360 5670 2618 5740 Aegyptio
2643 5672 2845 5725 seniori
2880 5672 3277 5735 inscribuntur,
3300 5671 3429 5726 huic

216 5757 419 5811 iuniori
447 5757 666 5826 quidem
710 5766 764 5813 et
792 5759 952 5813 tertio
992 5760 1261 5814 attribuit.
1284 5761 1488 5817 Claruit
1517 5764 1707 5818 eodem
1734 5773 1977 5834 tempore
2002 5779 2110 5833 quo
2131 5764 2396 5818 Antonius
2427 5762 2610 5826 abbas,
2640 5763 2725 5817 eui
2758 5779 2807 5817 a.
2827 5763 2926 5817 357
2951 5763 3203 5817 morienti
3232 5761 3423 5816 adfuit.
