4266 6356
209 368 323 425 385
1024 364 1112 419 DE
1150 364 1245 419 SS.
1288 361 1606 418 MACARHS
1645 357 1980 414 AEGYPTIO
2019 357 2105 411 ET
2146 355 2650 411 ALEXANDHINO.
3333 359 3437 418 δθδ

212 493 429 561 egisse;
465 497 591 542 utut
609 486 700 551 sit,
727 485 865 540 obiit
883 485 931 539 is
951 484 1209 554 martyrio
1248 491 1535 538 coronatus
1554 496 1695 535 anno
1714 478 1835 534 30‘2.
1853 478 1970 543 Quo
1990 489 2230 547 tempore
2248 477 2538 531 Macarium
2553 484 2798 529 nostrum
2821 490 2949 530 vere
2960 475 3128 533 fuisse
3156 478 3433 548 juniorem

215 599 285 637 ac
301 598 440 651 pene
456 595 688 650 puerum
720 594 941 633 necesse
958 586 1060 632 est.
1085 577 1255 643 Quem
1271 575 1539 630 Historiae
1562 571 1973 627 Ecclesiasticae
2009 570 2321 626 conditores
2372 568 2546 638 Magni
2563 568 2780 621 Antonii
2799 567 3123 637 discipulum
3147 568 3293 640 [Pag.
3310 565 3433 637 257]

216 675 449 734 faciunt,
468 681 525 725 et
542 669 843 725 Constantii
875 667 1210 737 temporibus
1243 666 1504 720 claruisse
1530 665 1739 728 volunt,
1766 665 1874 717 imo
1897 677 2151 731 quocum,
2186 671 2420 714 exeunte
2474 661 2577 713 hoc
2601 659 2835 723 saeculo,
2887 675 2987 729 per
3038 662 3333 717 triennium
3380 664 3434 719 in

215 764 517 821 solitudine
552 762 686 815 vixit
705 758 978 814 Palladius
1008 757 1168 829 [Hist.
1211 756 1455 809 Lausiac.
1492 769 1539 807 c.
1568 753 1635 806 20
1682 770 1735 822 p.
1766 750 1910 821 92.4].
1941 751 2049 804 Aut
2068 751 2231 819 igitur
2252 749 2465 819 juvenis
2489 748 2779 801 admodum
2802 765 3000 803 munus
3023 750 3127 804 hoc
3150 752 3438 808 scholasti-

214 877 345 915 cum
371 858 513 922 iniit,
538 865 634 911 aut
676 863 800 925 post
822 855 967 908 Petri
1004 854 1326 925 martyrium
1362 852 1545 907 schola
1604 849 1896 911 vacaverit,
1920 857 2032 912 aut,
2061 846 2207 915 quod
2231 846 2413 915 potius
2449 844 2710 913 suspicari
2734 846 2880 911 licet,
2905 846 3045 900 alius
3068 848 3192 916 quis
3221 850 3437 907 scholae

214 957 483 1026 magister
522 953 878 1007 intervenerit
901 966 932 1005 a
962 951 1210 1021 Philippo
1237 948 1580 1020 praeteritus.
1611 946 1799 1001 Nullos
1830 945 1977 999 enim
2022 944 2157 999 alios
2212 959 2241 996 a
2273 943 2418 997 Petri
2442 949 2635 1003 morte,
2688 948 2903 1009 praeter
2956 940 3248 996 Macarium
3272 942 3440 1014 Didy-

218 1063 400 1111 mum,
437 1062 537 1115 per
568 1046 839 1113 integrum
874 1060 1045 1114 paene
1077 1046 1179 1100 hoc
1206 1046 1481 1100 saeculum
1525 1045 1689 1113 hujus
1714 1042 1931 1097 scholae
1967 1050 2349 1111 praeceptores
2371 1038 2610 1094 exhibet.
2641 1036 2769 1090 Erat
2806 1044 2863 1091 et
2884 1035 3021 1091 alter
3046 1037 3309 1093 Macarius
3330 1039 3438 1095 Ae-

216 1146 461 1216 gyptius,
493 1141 679 1196 Senior
703 1141 902 1205 dictus,
927 1141 993 1196 de
1015 1159 1123 1213 quo
1162 1158 1261 1197 nos
1284 1142 1435 1196 alibi.
1462 1140 1603 1206 Quin
1625 1148 1682 1194 et
1710 1139 1954 1201 tertium,
1980 1136 2201 1191 Antonii
2222 1136 2384 1189 etiam
2415 1134 2743 1203 discipulum
2765 1140 2820 1186 et
2849 1132 3126 1196 comitem,
3175 1134 3439 1193 Amathae

218 1240 457 1300 socium,
486 1236 645 1290 nobis
677 1237 974 1306 exsculpsit
1006 1237 1201 1291 Petrus
1236 1234 1492 1289 Pessinus
1520 1232 1751 1303 [Proleg.
1787 1230 1852 1291 in.
1880 1231 2043 1283 Thes.
2071 1226 2299 1297 Ascet.l,
2330 1228 2417 1280 cui
2441 1226 2605 1279 etiam
2635 1224 2675 1277 L
2705 1222 2946 1277 homilias
2974 1239 3004 1277 a
3033 1222 3157 1297 Pico
3201 1229 3441 1295 primum

218 1335 425 1397 editas,
449 1344 504 1387 et
525 1332 613 1386 V’ll
655 1332 926 1400 Opuscula
957 1346 989 1383 a
1018 1346 1075 1385 se
1126 1331 1181 1383 in
1208 1330 1383 1383 lucem
1435 1329 1652 1391 emissa,
1678 1325 2036 1396 adjudicanda
2055 1331 2258 1378 censet.
2306 1323 2374 1376 Et
2410 1322 2462 1374 in
2503 1321 2605 1373 hac
2631 1317 2851 1387 quidem
2898 1320 3166 1372 sententia
3193 1336 3279 1374 me
3311 1323 3443 1378 olim

219 1422 396 1475 fuisse
435 1421 628 1477 fateor.
662 1420 862 1473 Verum
904 1433 963 1471 re
1006 1419 1202 1472 melius
1241 1432 1507 1487 perpensa
1533 1432 1691 1485 aegre
1713 1431 1744 1468 a
1771 1432 1856 1470 me
1879 1416 2171 1483 impetrare
2192 1426 2409 1481 possum
2440 1419 2501 1463 ut
2521 1408 2761 1471 credam,
2798 1416 3015 1475 praeter
3040 1409 3361 1480 Aegyptium
3385 1426 3443 1471 et

220 1512 655 1568 Alexandrinum
679 1512 899 1565 tertium
927 1509 1090 1562 etiam
1132 1505 1441 1574 ﬁngendum
1464 1519 1584 1557 esse
1609 1503 1923 1566 Macari’um,
1949 1500 2170 1555 Antonii
2202 1500 2552 1568 discipulum,
2600 1497 2861 1551 Amathae
2894 1498 3175 1568 collegam,
3202 1501 3443 1571 Operum

220 1604 656 1657 Macarianorum
683 1611 979 1654 auctorem.
1019 1594 1179 1649 Certe
1211 1610 1319 1647 non
1360 1594 1495 1647 alios
1517 1592 1780 1647 Macarios
1813 1591 2033 1646 Antonii
2067 1590 2365 1658 discipulos
2391 1587 2547 1642 nobis
2574 1587 2837 1642 exhibent
2874 1585 3144 1653 Socrates,
3184 1589 3439 1647 Sozome-

222 1708 352 1753 nus,
388 1691 785 1751 Theodoretus,
815 1689 1171 1757 Nicephorus,
1196 1697 1252 1741 et
1292 1686 1386 1755 qui
1425 1686 1531 1739 hoc
1554 1686 1671 1754 ipso
1711 1693 1975 1753 tempore,
2016 1683 2101 1737 his
2143 1681 2274 1750 ipsis
2306 1681 2436 1734 locis
2484 1678 2619 1733 vixit
2651 1677 2825 1744 deque
2848 1677 2915 1731 iis
2936 1678 3145 1746 prolixe
3174 1681 3303 1751 agit,
3329 1683 3444 1752 ipse

222 1781 521 1837 Palladius.
560 1777 936 1834 UtMacarium
967 1792 1125 1830 suum
1158 1776 1352 1845 probet
1379 1774 1655 1837 Possinus,
1684 1772 2035 1827 Athanasium
2063 1771 2118 1824 in
2146 1772 2253 1823 vita
2285 1768 2499 1822 Antonii
2544 1776 2601 1822 et
2630 1766 3015 1838 Hieronymum
3055 1770 3112 1825 in
3157 1774 3263 1826 vita
3286 1773 3447 1828 Pauli

226 1882 396 1925 testes
421 1871 573 1924 citat.
601 1869 927 1923 Athanasius
946 1882 1077 1921 vero
1115 1865 1183 1919 de
1211 1864 1444 1918 Macario
1478 1879 1546 1917 ne
1570 1863 1796 1918 verbum
1820 1861 2037 1931 quidem
2059 1862 2241 1913 habet.
2285 1859 2645 1928 Hieronymus
2676 1857 2892 1912 Macarii
2922 1869 2978 1914 et
3028 1861 3289 1919 Amathae
3329 1868 3445 1921 An-

224 1963 363 2015 tonii
389 1961 780 2030 discipulorum
808 1960 1074 2020 meminit,
1099 1968 1156 2012 et
1174 1956 1460 2011 Amatham
1491 1955 1707 2025 quidem
1734 1955 2049 2023 magistrum
2078 1968 2235 2006 suum
2274 1951 2549 2021 sepeliisse
2578 1950 2766 2015 docet;
2825 1952 2892 2007 de
2918 1953 3150 2010 Macario
3188 1958 3323 2013 nihil
3352 1960 3449 2015 ha-

225 2056 341 2111 bet.
373 2056 588 2122 Quaero
621 2056 785 2125 igitur
807 2072 837 2109 a
870 2054 1115 2116 Possino,
1144 2069 1243 2106 cur
1268 2067 1334 2105 ex
1358 2052 1560 2106 nostris
1586 2066 1749 2114 unus,
1777 2049 1999 2104 Antonii
2028 2048 2351 2117 discipulus,
2385 2046 2646 2100 Amathae
2673 2044 2896 2113 collega,
2924 2046 3323 2115 Opusculorum
3346 2068 3445 2121 pa-

227 2156 315 2200 ter
345 2146 559 2200 censeri
584 2162 694 2201 non
742 2146 944 2215 possit?
978 2147 1097 2201 Non
1137 2146 1455 2217 Aegyptius,
1489 2144 1685 2213 inquit,
1741 2158 1863 2197 cum
1907 2141 2182 2211 sexaginta
2212 2154 2384 2193 annos
2411 2139 2466 2192 in
2505 2136 2754 2208 Scythica
2789 2136 3080 2193 solitudine
3118 2144 3445 2214 transegisse

224 2237 451 2291 dicitur.
478 2238 617 2303 Quid
650 2238 818 2291 vero?
837 2239 917 2292 An
943 2238 1165 2307 Stylitae
1186 2238 1253 2291 ad
1278 2238 1448 2291 instar
1475 2236 1605 2290 totis
1624 2234 1899 2304 sexaginta
1922 2232 2080 2287 annis
2110 2232 2167 2285 in
2197 2230 2333 2286 cella
2358 2245 2455 2283 sua
2503 2228 2796 2285 immobilis
2825 2234 3095 2302 perstitit?
3146 2235 3286 2302 Quid
3313 2242 3445 2295 soli-

228 2328 383 2380 tariis
412 2326 520 2381 illis
550 2327 871 2382 familiarius
895 2346 1055 2399 quam
1087 2332 1369 2400 ἀσκήσεως
1406 2344 1537 2384 suae
1558 2328 1718 2383 sedes
1746 2326 1973 2381 subinde
1997 2324 2250 2379 mutare?
2286 2325 2356 2381 Ut
2394 2324 2528 2378 adeo
2560 2324 2677 2377 loca
2707 2328 2971 2393 quaedam
3000 2328 3236 2387 Antonio
3269 2335 3448 2391 vicina

226 2416 538 2471 inhabitare
565 2417 720 2473 facile
753 2421 994 2488 potuerit
1019 2422 1304 2484 Macarius,
1331 2421 1492 2490 eique
1513 2419 1635 2473 data
1670 2419 1972 2482 occasione,
1994 2417 2316 2486 praesertim
2331 2426 2588 2485 vergente
2612 2416 2678 2469 ad
2702 2418 2865 2472 linem
2900 2420 3033 2485 vita,
3062 2436 3278 2492 praesto
3301 2443 3443 2491 esse,

224 2518 282 2561 ct
305 2508 546 2562 defuncti
587 2525 786 2578 corpus
807 2527 911 2564 una
934 2527 1056 2565 cum
1106 2513 1335 2566 Amatha
1373 2512 1623 2581 sepelire.
1652 2510 1761 2564 Nec
1814 2510 1960 2563 enim
1984 2508 2107 2577 plus
2135 2507 2202 2561 de
2224 2508 2335 2560 hac
2357 2522 2415 2560 re
2450 2515 2676 2560 testatur
2711 2507 2945 2565 Cronius
2980 2515 3265 2586 presbyter
3302 2521 3447 2589 apud

226 2597 529 2652 Palladium
565 2614 682 2668 cap.
718 2601 805 2654 9.5.
838 2604 1024 2671 Neque
1058 2603 1192 2657 dicit
1214 2602 1564 2667 Sozomenus,
1600 2602 1893 2655 Macarium
1919 2600 1975 2653 in
2002 2598 2113 2653 sola
2135 2596 2293 2661 Sceti,
2320 2596 2414 2651 sed
2446 2607 2500 2652 et
2529 2598 2585 2649 ἐν
2611 2601 2729 2661 ταῖς
2759 2603 2981 2671 ἐρήμοις
3014 2604 3108 2659 LX
3170 2624 3297 2663 suos
3346 2627 3448 2665 an-

227 2703 331 2742 nos
364 2691 627 2757 exegisse.
665 2692 829 2746 Multo
873 2694 1054 2748 minus
1101 2694 1155 2749 id
1200 2694 1567 2748 Alexandrino
1589 2703 1776 2747 nostro
1814 2691 1999 2761 negari
2030 2699 2227 2759 potest,
2272 2704 2433 2758 quem
2458 2673 2722 2744 diversas.
2747 2691 3004 2748 habuisse
3041 2680 3205 2753 cellas
3244 2700 3449 2757 diserte

228 2789 464 2835 testatur
491 2783 762 2837 Palladius
792 2800 804 2835 :
838 2800 998 2837 unam
1022 2786 1241 2854 quidem
1262 2786 1317 2838 in
1344 2785 1481 2840 Sceti
1504 2801 1642 2855 quae
1669 2792 1754 2839 est
1769 2783 1996 2838 interior
2020 2784 2075 2835 in
2109 2781 2420 2845 solitudine,
2446 2797 2606 2834 unam
2632 2782 2688 2835 in
2710 2782 2875 2856 Libya
2903 2787 2955 2840 in
2984 2788 3186 2858 Celliis,
3212 2806 3266 2849 et
3287 2812 3448 2853 unam

228 2876 285 2929 in
322 2886 507 2930 monte
554 2878 779 2942 Nitriae,
826 2888 884 2932 ut
910 2880 1147 2934 Antonio
1173 2880 1361 2935 adesse
1415 2880 1576 2949 eique
1623 2879 1931 2933 ministrare
1956 2877 2110 2931 facile
2140 2876 2328 2945 possit.
2365 2876 2475 2929 Nec
2508 2875 2768 2929 validiora
2807 2888 2935 2931 sunt
2957 2895 3293 2951 argumenta,
3324 2890 3445 2956 qui-

228 2969 337 3023 bus
360 2970 638 3037 praedicta
666 2971 935 3040 Opuscula
960 2976 1154 3029 borum
1180 2976 1362 3029 neutri
1387 2974 1745 3029 adscribenda
1768 2989 1887 3028 esse
1909 2972 2139 3041 probare
2166 2971 2361 3024 nititur
2386 2971 2661 3024 Possinus.
2688 2971 2804 3024 Non
2830 2972 3107 3043 Aegyptio,
3136 2980 3261 3047 quia
3283 2984 3453 3039 refert

227 3060 546 3115 Gennadius
574 3060 663 3132 [de
698 3062 895 3131 Script.
932 3065 1077 3119 Eccl.
1104 3082 1152 3121 e.
1180 3065 1313 3137 10.],
1342 3066 1520 3135 ipsum
1552 3080 1716 3119 unam
1741 3073 1951 3118 tantum
1998 3061 2065 3115 ad
2087 3062 2333 3132 juniores
2375 3060 2729 3130 professionis
2782 3076 2910 3117 suae
2950 3066 3227 3135 scripsisse
3249 3074 3452 3142 episto—

229 3154 363 3209 lam.
408 3154 548 3219 Quid
582 3155 626 3208 si
658 3170 789 3208 vero
828 3155 1144 3211 Gennadius
1192 3157 1258 3210 de
1295 3156 1424 3209 solis
1449 3153 1667 3207 Macarii
1696 3152 1940 3222 epistolis
1976 3153 2259 3221 loquitur?
2282 3151 2423 3216 Quid
2479 3151 2523 3204 si
2556 3151 2658 3203 alia
2686 3153 2968 3222 scripserit
3002 3157 3285 3228 Macarius,
3309 3183 3451 3235 quae

228 3245 498 3299 Gennadii
524 3248 860 3317 diligentiam
895 3249 1152 3319 fugerint,
1179 3265 1303 3303 cum
1338 3264 1445 3301 non
1482 3264 1654 3317 pauca
1678 3248 1881 3315 scripta
1907 3246 2033 3311 sint,
2064 3260 2200 3315 quae
2224 3244 2426 3299 frustra
2451 3244 2592 3313 apud
2613 3244 2952 3302 Gennadium
2978 3257 3162 3319 quaeri
3185 3263 3453 3325 possunt?

229 3335 353 3389 Non
381 3336 618 3405 denique
651 3337 1019 3392 Alexandrino
1060 3348 1267 3401 nostro,
1294 3338 1421 3407 quia
1453 3338 1662 3391 scilicet
1727 3337 1875 3390 inter
1916 3337 2109 3400 multa,
2145 3350 2283 3405 quae
2317 3334 2381 3388 de
2404 3350 2470 3388 eo
2494 3336 2698 3390 habent
2736 3336 3089 3407 Sozomenus,
3118 3343 3366 3403 Socrates
3394 3360 3453 3404 ει

237 3424 600 3494 Nicephorus,
632 3429 766 3481 nihil
796 3445 1020 3498 prorsus
1050 3430 1307 3493 referant,
1335 3431 1475 3484 unde
1495 3429 1777 3499 scripsisse
1815 3429 2110 3498 quidquam
2141 3444 2287 3491 eum,
2332 3428 2475 3496 quod
2496 3428 2549 3481 in
2579 3428 2757 3482 lucem
2783 3446 2846 3485 ac
2864 3431 3059 3487 famam
3077 3437 3291 3503 exierit,
3314 3457 3449 3510 pos-

230 3517 307 3569 sit
339 3517 589 3587 intelligi.
616 3518 849 3573 meelle
898 3535 1125 3588 prorsus
1171 3530 1228 3575 et
1272 3522 1429 3590 plane
1488 3520 1778 3573 ficulneum
1847 3520 2246 3587 argumentum!
2275 3517 2408 3581 Quis
2435 3518 2580 3571 enim
2623 3517 2815 3580 nescit,
2850 3534 2958 3573 non
2999 3520 3052 3574 id
3083 3522 3186 3576 sibi
3214 3526 3452 3584 voluisse

232 3606 512 3661 Socratem
543 3618 598 3662 et
628 3611 1009 3674 Sozomenum,
1045 3610 1111 3664 de
1162 3611 1521 3680 scriptoribus
1569 3608 1952 3663 ecclesiasticis
2000 3622 2068 3660 ex
2112 3607 2355 3675 professo
2408 3607 2602 3676 agere?
2657 3606 2810 3660 Viros
2865 3608 3085 3675 quidem
3144 3615 3455 3672 eruditione

231 3697 409 3749 claros
436 3712 759 3753 enumerare
786 3699 981 3764 solent,
1018 3701 1217 3770 scripta
1247 3715 1370 3753 raro
1416 3706 1509 3753 aut
1546 3714 1823 3767 nunquam
1861 3712 2179 3761 recensere;
2217 3697 2352 3749 adeo
2376 3706 2438 3750 ut
2492 3697 2627 3749 nihil
2692 3700 2891 3764 obstet,
2918 3705 3281 3773 nequicquam
3310 3711 3454 3763 reni-

230 3794 383 3840 tente
439 3786 685 3851 Possino,
731 3791 1023 3857 quominus
1072 3788 1351 3857 praedicta
1390 3786 1660 3857 Opuscula
1691 3787 2044 3840 Macariorum
2068 3794 2379 3839 nostrorum
2426 3786 2711 3849 alterutri,
2743 3798 2798 3844 et
2845 3790 3027 3845 forsan
3085 3793 3455 3853 Alexandrino

233 3890 446 3943 nostro,
474 3896 583 3934 non
606 3883 878 3937 immerito
910 3884 1199 3939 tribuenda
1238 3885 1366 3938 sint.
1399 3884 1785 3953 Exstatgraece
1813 3883 1922 3936 MS.
1961 3882 2063 3936 sub
2099 3882 2315 3935 Macarii
2354 3882 2529 3935 nostri
2554 3882 2905 3936 Alexandrini
2944 3886 3165 3941 nomine
3186 3886 3455 3958 fragmen-

231 3979 349 4023 tum
370 3986 437 4022 ex
469 3969 865 4033 Quaestionibus
891 3976 957 4027 ad
1006 3975 1253 4045 Magnum
1304 3975 1585 4028 Eusebium
1634 3977 1924 4044 episcopum
1960 3973 2378 4027 Alexandrinum
2406 3972 2545 4025 Bibl.
2578 3972 2808 4027 Vindob.
2834 3973 2965 4027 Cod.
3001 3974 3190 4030 Tlteol.
3228 3976 3315 4041 84,
3344 3994 3456 4047 quo

232 4065 485 4132 anonymi
515 4065 795 4133 cujusdam
825 4067 943 4120 Loci
968 4085 1266 4121 communes
1304 4070 1506 4121 ascetici
1530 4068 1593 4119 de
1640 4070 1935 4121 charactere
1985 4068 2093 4121 veri
2141 4065 2523 4120 Christianismi
2544 4082 2609 4120 ex
2630 4069 2798 4123 variis
2830 4067 2921 4123 SS.
2944 4070 3160 4123 Patrum
3191 4074 3454 4141 operibus

228 4155 444 4209 ColleCti
471 4160 842 4214 continentur.
866 4162 997 4226 Quis
1030 4177 1160 4216 vero
1186 4163 1349 4217 fuerit
1382 4164 1470 4217 hic
1490 4162 1711 4231 Magnus
1736 4163 2007 4223 Eusebius,
2044 4163 2147 4216 hoc
2190 4163 2406 4215 circiter
2429 4169 2672 4230 tempore
2701 4161 2991 4230 episcopus
3026 4162 3449 4226 Alexandrinus,

228 4254 295 4308 ad
339 4267 500 4319 quem
534 4253 633 4307 liae
664 4258 1006 4322 quaestiones
1044 4260 1275 4327 scriptae
1301 4267 1447 4321 sunt,
1483 4258 1654 4311 fateor
1683 4275 1767 4312 me
1805 4274 1904 4312 nec
1932 4257 2222 4311 divinando
2260 4258 2474 4325 assequi
2508 4272 2682 4325 posse.

300 4343 543 4396 llabetur
592 4342 759 4396 latine
805 4345 853 4398 ei
890 4345 1150 4414 inscripta
1178 4345 1380 4415 Regula
1432 4348 1718 4399 mouastica
1750 4344 1893 4398 XXX
1916 4345 2164 4413 capitulis
2193 4345 2604 4413 comprehensa,
2636 4361 2795 4412 quam
2826 4342 3033 4413 primus
3062 4344 3233 4398 edidit
3256 4347 3453 4401 Petrus

231 4434 501 4488 Roverius
523 4431 727 4485 Jesuita
753 4433 807 4486 in
842 4434 1079 4488 Historia
1106 4436 1418 4489 monasterii
1464 4435 1814 4489 Reomaensis
1854 4451 1973 4503 pag.
2021 4434 2107 4486 24.
2139 4434 2339 4487 Verum
2379 4451 2447 4488 an
2492 4448 2690 4489 revera
2717 4432 2934 4487 Macarii
2975 4432 3149 4485 nostri
3190 4434 3280 4497 sit,
3314 4434 3450 4489 mihi

228 4524 468 4577 nondum
504 4530 733 4576 constat.
793 4524 961 4576 Immo
1000 4525 1156 4592 plane
1182 4524 1396 4578 videtur
1427 4526 1608 4593 potius
1663 4522 2043 4591 compendium
2092 4525 2395 4592 regularum
2445 4541 2511 4578 ex
2550 4524 2765 4577 Macarii
2816 4522 3156 4591 aliorumque
3194 4523 3451 4593 ἀσκητῶν

230 4613 448 4682 scriptis
484 4613 852 4680 compilatum.
896 4614 1081 4667 Exstat
1109 4630 1277 4682 penes
1300 4630 1383 4667 me
1408 4614 1622 4667 Macarii
1644 4613 2014 4675 Alexandrini,
2052 4614 2123 4667 ita
2153 4614 2296 4665 enim
2318 4614 2482 4667 habet
2514 4614 2723 4673 titulus,
2750 4611 2933 4665 Sermo
2956 4613 3018 4664 de
3044 4615 3183 4665 exitu
3206 4621 3451 4683 statuque

230 4710 533 4760 animarum
576 4714 687 4775 post
732 4708 864 4758 hanc
902 4707 1084 4769 vitam,
1128 4722 1194 4760 ex
1226 4706 1588 4760 bibliothecae
1618 4706 1873 4760 Paulinae
1905 4704 2201 4772 Lipsiensis
2256 4704 2363 4757 MS.
2416 4705 2601 4758 codice
2631 4704 2956 4771 descriptus.
3005 4704 3194 4758 Plures
3227 4706 3448 4772 quidem

230 4799 441 4867 ineptas
470 4806 526 4850 et
554 4798 727 4851 aniles
753 4797 961 4851 fabulas
992 4800 1253 4863 continet,
1284 4809 1339 4853 et
1380 4798 1703 4852 reccntioris
1732 4798 2007 4867 cujusdam
2062 4797 2309 4851 Graeculi
2357 4807 2723 4851 commentum
2759 4798 2890 4850 mibi
2922 4798 3154 4859 videtur,
3186 4802 3277 4866 qui
3311 4817 3446 4868 quae

230 4892 330 4959 hac
364 4891 431 4944 «le
455 4906 512 4942 re
538 4890 847 4953 somniavit,
872 4891 936 4944 ad
958 4891 1152 4960 dialogi
1185 4893 1410 4945 formam
1432 4891 1723 4943 Macarium
1758 4889 1897 4941 inter
1922 4899 1975 4942 ct
2008 4889 2225 4957 angelos
2260 4888 2482 4956 redegit.
2521 4888 2784 4953 Quoniam
2814 4908 2943 4944 vero
2967 4892 3247 4954 ἀνέκδοτος
3272 4895 3360 4955 sit,
3392 4910 3449 4947 (τι

227 4987 418 5041 saltem
460 4986 697 5039 novitate
717 5000 812 5038 sua
840 5002 897 5039 se
930 4986 1120 5040 lectori
1151 4986 1571 5047 commendabit,
1598 4984 2037 5041 versione‘latina
2072 4993 2323 5035 ornatum
2352 4982 2437 5035 hic
2478 4984 2786 5051 subjiciam.
2821 4983 2967 5054 [Pag.
3018 4984 3168 5053 258.]

1794 5125 1856 5133 ..ο-

234 5212 342 5266 Τοῦ
390 5212 562 5279 ἁγίου
623 5211 926 5275 Μακαρίου
982 5210 1086 5261 τοῦ
1150 5210 1568 5276 Ἀλεξανδρέως
1616 5210 1795 5279 λόγος
1892 5202 1919 5254 δ

1763 5230 1795 5273 ς
1892 5202 1946 5254 S.
1982 5201 2201 5253 Macarii
2243 5198 2584 5251 Alexandrini
2613 5214 2779 5250 sermo
2835 5197 2896 5248 de
2924 5197 3063 5279 cicitu
3114 5197 3323 5247 animae
3366 5200 3445 5250 iu-

295 5267 686 5347 περίέξόδου
736 5267 942 5345 ’ὧηξῆς
990 5279 1231 5333 δικαίων
1270 5267 1365 5331 ria!
1416 5267 1791 5346 ἆμαρτωλῶνξ
1959 5288 1980 5323 s

1959 5280 2157 5323 storum
2215 5278 2260 5320 et
2331 5277 2675 5336 peccatorum,
2737 5267 2989 5335 quomodo
3038 5274 3354 5333 separantur
3414 5284 3444 5318 α

296 5343 531 5415 τύλττώς
564 5343 1017 5417 χωρίζὸνίέὰιίέκ
1065 5348 1168 5402 τοῦ
1214 5343 1483 5416 σώμαι-οξ
1529 5349 1624 5400 καὶ
1671 5348 1794 5411 πῶς
1960 5357 1981 5391 C

1240 5343 1483 5416 πώματοξε
1529 5349 1624 5400 καὶ
1671 5348 1794 5411 πῶς
1960 5355 2193 5407 corpore,
2230 5343 2357 5389 etin
2397 5353 2495 5406 quo
2525 5346 2665 5389 statu
2696 5343 2925 5388 manent.

296 5434 475 5472 εισιν.

295 5531 435 5584 Ποτὲ
473 5531 809 5584 διοδευόντων
844 5531 1001 5601 ἡμῶν
1045 5531 1102 5582 ὲν
1139 5532 1204 5599 τῇ
1256 5530 1475 5600 ἐρήμῳ,
1521 5525 1655 5581 εἶδον
1701 5529 1791 5579 δύο
1958 5540 1980 5591 p

1757 5546 1791 5579 πο
1958 5538 2125 5591 Nobis
2178 5537 2448 5603 quondam
2492 5536 2545 5589 in
2591 5551 2775 5589 eremo
2816 5535 2919 5586 iter
2956 5533 3277 5585 facientibus
3331 5533 3442 5587 vidi

226 5623 491 5689 ἀγγέλους
538 5621 1059 5678 συνακολουθοῦντας
1089 5620 1164 5688 τῷ
1194 5621 1332 5689 ἁγίῳ
1358 5619 1621 5690 Μακαρῐῳ
1644 5659 1656 5679 ,
1692 5621 1783 5670 ἕνα
1888 5628 1911 5678 (ἦ

1755 5637 1783 5670 α
1888 5628 2024 5681 duos
2069 5628 2285 5695 angelos
2354 5627 2408 5681 S.
2450 5627 2740 5680 Macarium
2796 5626 3076 5694 stipantes,
3120 5625 3349 5677 alterum
3412 5642 3440 5679 a

230 5716 287 5765 ἐκ
323 5714 529 5777 δεξιῶν,
564 5715 655 5765 καὶ
680 5715 772 5766 ἕνα
802 5713 861 5776 ἐξ
892 5712 1214 5780 εὐωνύμων·
1252 5713 1342 5765 καὶ
1374 5715 1428 5765 ἐν
1462 5713 1539 5782 τῷ
1576 5731 1783 5781 συμπο-
1887 5718 1915 5770 tl

1739 5731 1783 5765 α·
1887 5718 2094 5773 dexlra,
2137 5732 2164 5769 a
2190 5717 2407 5770 sinistra
2446 5716 2707 5778 alterum;
2744 5731 2974 5784 cumque
3010 5731 3113 5766 una
3149 5714 3424 5783 progrede-

461 5808 724 5865 Parnm.
769 5806 879 5863 GR.
917 5805 1151 5863 XXXIV
2976 5806 3042 5864 13
