4266 6356
804 365 904 418 38'!

2059 346 2475 405 CUIUELMUS
2513 347 2776 402 CAV'EUS

3939 353 4062 414 $88

798 492 1005 538 remur,
1047 481 1318 542 repertum
1358 481 1437 521 est
1475 467 1703 521 cadaver
1756 468 1939 535 jacens
1966 475 2018 519 et
2066 468 2345 521 foetidum.
2380 471 2424 526 Λ
2457 485 2483 536 ρ

2380 471 2424 526 Λ
2457 468 2704 536 ρεὺεσθαι
2763 471 2937 538 ἡμᾶς,
2990 469 3184 540 εὑρέθη
3238 471 3572 542 θνησημαῖον
3629 472 3890 541 κείμενον
3953 471 4062 524 καὶ

799 571 1079 624 Foctorcm
1105 563 1443 633 persentiens
1481 561 1536 614 S.
1579 561 1841 614 Macarius
1871 575 2027 613 nares
2063 559 2163 612 sibi
2190 576 2350 613 manu

796 658 1088 716 obstruxit,
1122 656 1291 708 donec
1320 653 1675 706 transivisset.
1705 651 1966 704 Similiter
2002 651 2247 704 fecerunt
2299 662 2353 705 et

796 751 991 822 angeli.
1027 749 1083 804 Id
1106 747 1296 800 videns
1327 761 1493 799 senex
1522 745 1660 799 dixit
1686 744 1791 799 illis
1833 761 1846 796 :
1875 744 1955 797 An
1992 751 2160 797 etvos
2191 743 2352 797 etiam

796 842 984 897 mundi
1007 840 1264 894 foetorem
1303 835 1600 890 suboletis?
1634 834 2051 904 Responderunt
2074 834 2150 887 illi
2192 851 2204 886 :
2246 833 2353 888 Ne-

797 947 1097 1004 quaquam;
1155 937 1208 982 te
1260 943 1391 982 vero
1448 942 1607 980 nares
1671 925 2045 980 occludcntem
2082 925 2352 988 videntes,

797 1024 1026 1078 fecimus
1050 1031 1106 1074 et
1133 1035 1235 1074 nos
1271 1018 1552 1080 similiter;
1587 1032 1686 1070 nos
1718 1016 1862 1070 enim
1905 1015 2166 1070 foetorem
2201 1031 2359 1069 mun-

798 1116 998 1170 danum
1038 1113 1259 1166 minimc
1291 1111 1574 1173 sentimus,
1610 1110 1779 1163 solum
1827 1119 2008 1163 autem
2055 1110 2354 1163 animarum

797 1207 1160 1277 peccatricum
1181 1203 1444 1256 faetorem
1477 1201 1902 1264 subolfacimus;
1941 1201 2055 1269 pari
2089 1200 2249 1253 modo
2295 1215 2357 1253 ac

801 1306 858 1350 tu
902 1296 1182 1350 cadaveris
1227 1295 1387 1347 istius
1447 1293 1709 1346 foetorcm
1762 1293 2046 1347 aversaris.
2091 1292 2231 1345 Dicit
2253 1292 2358 1345 illis

800 1403 1007 1443 senex:
1041 1386 1238 1441 Notum
1268 1385 1400 1438 mihi
1443 1384 1624 1446 facite,
1680 1400 1900 1452 quaeso,
1948 1394 2129 1437 utrum
2172 1385 2225 1438 in
2259 1386 2359 1438 hac

799 1480 909 1532 vita
942 1479 1024 1530 vel
1057 1486 1178 1546 post
1208 1484 1436 1530 mortem
1466 1475 1719 1528 foetidam
1745 1485 2088 1543 peccatorum
2125 1476 2358 1528 animam

799 1568 1093 1623 sentiatis?
1141 1569 1210 1622 Et
1253 1566 1523 1634 quomodo
1570 1566 1713 1619 inter
1759 1574 2104 1634 peccatorum
2154 1569 2360 1620 animas

799 1657 938 1719 illas,
962 1673 1096 1724 quae
1125 1656 1176 1708 in
1203 1655 1487 1709 Dominum
1519 1655 1888 1716 crediderunt,
1921 1655 1988 1708 ab
2025 1654 2204 1724 impiis
2253 1672 2358 1709 non

800 1749 1148 1803 credentibus
1177 1747 1538 1816 dignoscatis?
1567 1746 1624 1799 Id
1668 1747 1801 1798 mibi
1843 1747 2029 1809 dicite,
2058 1748 2102 1800 si
2134 1747 2358 1816 gratiam

799 1840 941 1908 apud
993 1855 1089 1891 vos
1161 1847 1484 1891 consecutus
1537 1837 1754 1891 luerim.
1809 1839 2069 1891 Dixerunt
2138 1840 2353 1907 angeli:

799 1931 1078 1992 Ausculta,
1118 1930 1287 1984 electe
1328 1929 1675 1982 Dei'lllacari.
1731 1929 2008 1983 Peccatrix
2031 1930 2208 1982 anima
2229 1929 2358 1982 dum

801 2023 979 2076 adhuc
1007 2023 1314 2089 incorpore
1361 2028 1563 2081 manet,
1597 2019 1860 2072 malarum
1921 2019 2192 2074 actionum
2249 2019 2362 2072 foc-

803 2124 976 2167 torem
1011 2113 1213 2165 emittit
1253 2111 1545 2180 quendam.
1588 2119 1710 2178 post
1743 2119 1977 2164 mortem
2021 2125 2153 2164 vero
2191 2111 2362 2180 majo-

805 2220 918 2259 rem
954 2206 1142 2258 multo.
1171 2205 1422 2258 Actiones
1462 2203 1604 2256 enim
1638 2217 1766 2255 suae
1817 2203 2050 2255 animam
2081 2203 2363 2258 manifeste

806 2301 1134 2362 prementes,
1171 2292 1419 2346 tenebras
1443 2291 1519 2344 illi
1547 2291 1861 2361 nigramque
1883 2292 2148 2346 inducunt
2167 2294 2360 2347 dicam.

805 2385 995 2440 Anima
1024 2384 1166 2436 enim
1198 2399 1263 2436 ex
1293 2392 1488 2436 natura
1530 2397 1625 2435 sua
1656 2382 1833 2435 lucida
1860 2390 1915 2436 et
1940 2398 2073 2452 pura
2111 2393 2213 2445 est,
2267 2384 2368 2436 im-

810 2474 1053 2528 mortalis
1084 2473 1284 2542 quippe
1325 2472 1462 2526 lucis
1497 2472 1808 2541 spiramen;
1855 2472 1907 2525 in
1941 2488 2167 2542 corpore
2184 2482 2363 2527 autem

809 2565 1006 2634 posita,
1037 2565 1080 2617 si
1119 2563 1254 2617 illud
1288 2564 1426 2617 bene
1451 2579 1560 2617 non
1598 2565 1897 2633 gubernet,
1924 2580 1953 2617 a
1981 2574 2203 2633 peccato
2234 2579 2368 2632 quo-

808 2653 1096 2707 dammodo
1142 2653 1427 2722 polluitur,
1462 2653 1563 2705 ista
1607 2651 1828 2720 quidem
1878 2652 2065 2721 magis,
2119 2652 2207 2705 illa
2237 2666 2368 2704 vero

811 2746 1006 2799 minus.
1045 2744 1326 2810 Quomodo
1367 2754 1545 2797 autem
1585 2745 1796 2798 animae
1855 2760 1885 2796 e
1914 2744 2232 2811 corporibus
2259 2752 2367 2796 tam

813 2837 1050 2891 fidelium
1079 2851 1240 2904 quam
1270 2834 1572 2888 inﬁdelium
1603 2834 1928 2896 liberantur,
1965 2834 2111 2896 audi,
2161 2842 2216 2886 et
2260 2841 2369 2888 ter-

812 2927 1007 2980 restria
1063 2940 1158 2979 seu
1208 2924 1449 2992 vulgaria
1504 2922 1831 2976 coelestibus
1895 2921 2117 2974 omnino
2160 2921 2370 2974 minora

811 3031 929 3071 esse
969 3025 1145 3086 putes,
1178 3013 1394 3068 Macari.
1422 3012 1885 3078 Quemadmodum
1915 3011 2058 3064 enim
2087 3027 2116 3064 a
2155 3017 2373 3064 terreno

813 3123 940 3179 rege
957 3105 1106 3160 missi
1122 3104 1384 3158 satellites
1398 3102 1464 3154 ad
1483 3100 1998 3171 apprehendendum
2022 3101 2255 3168 aliquem
2279 3116 2372 3153 su-

813 3197 1195 3260 pervenientes
1245 3193 1329 3246 vel
1386 3193 1617 3246 invitum
1657 3192 2079 3261 constringunt;
2113 3192 2213 3244 istc
2243 3207 2375 3245 vero

816 3269 1011 3344 timore
1054 3286 1255 3348 tremit,
1299 3285 1578 3353 ipsamque
1622 3285 1855 3336 militum
1899 3283 1965 3336 ad
2025 3284 2127 3335 iter
2171 3284 2223 3334 vi
2264 3291 2376 3337 tra-

817 3382 1064 3434 hentium
1094 3378 1458 3447 praesentiam
1491 3375 1833 3428 exhorrescit
1855 3388 1872 3426 :
1892 3374 2006 3442 pari
2041 3374 2222 3437 modo,
2255 3390 2377 3428 cum

817 3472 1109 3524 mittuntur
1139 3467 1316 3536 angeli
1365 3467 1598 3520 animam
1635 3479 1732 3517 seu
1760 3466 1890 3534 justi
1927 3481 2019 3516 seu
2076 3466 2261 3534 injusti
2286 3480 2376 3518 ac-

816 3559 1051 3630 cepturi,
1083 3559 1276 3611 timore
1301 3558 1484 3611 tremit
1521 3557 1642 3619 ista,
1673 3556 1950 3623 ipsamque
1975 3555 2295 3609 terribilium
2325 3562 2382 3607 et

817 3653 1226 3708 inclementium
1252 3651 1566 3719 angelorum
1605 3649 1966 3718 praesentiam
2022 3646 2377 3701 exhorrescit.

818 3742 972 3797 Tunc
993 3741 1148 3796 facile
1178 3741 1324 3793 enim
1364 3740 1531 3794 sentit
1566 3740 1744 3792 anima
1805 3739 2019 3791 inanem
2054 3753 2195 3800 esse,
2226 3736 2382 3790 debi-

817 3835 924 3887 lem
955 3849 1017 3887 ac
1051 3833 1300 3886 inutilem
1352 3833 1576 3885 omnino
1625 3831 1957 3893 divitiarum,
2009 3838 2380 3899 cognatorum,

819 3933 980 3977 amne
1024 3924 1320 3976 amicorum
1353 3923 1592 3991 c0piam;
1639 3921 1964 3976 adstantium
1997 3921 2296 3990 lachrymas
2321 3934 2384 3973 ac

822 4011 1046 4064 naenias
1118 4009 1304 4063 videt:
1374 4009 1488 4078 ipsa
1558 4024 1689 4063 vero
1747 4025 1818 4062 ne
1885 4009 2110 4062 verbum
2185 4008 2383 4062 mutire

821 4109 1021 4170 potest,
1043 4116 1165 4155 cum
1187 4116 1463 4170 nunquam
1509 4109 1664 4153 antea
1703 4099 1972 4154 eiusmodi
2015 4099 2383 4152 evocationem

821 4201 1048 4262 experta
1071 4193 1238 4247 fuerit
1260 4210 1275 4259 ;
1300 4193 1430 4262 quin
1451 4191 1783 4246 etinlinitam
1804 4193 1946 4245 vitae
1965 4191 2380 4260 longitudinem,

821 4285 1202 4353 diversamque
1262 4285 1406 4339 vitae
1457 4285 1823 4339 instituendae
1856 4286 2118 4338 rationem
2169 4285 2379 4338 metuit.

822 4375 1188 4430 Contristatur
1245 4375 1408 4429 etiam
1466 4376 1868 4444 praesentium,
1919 4390 2149 4444 quorum
2222 4374 2377 4446 [Pag.

822 4465 949 4537 9.59]
978 4476 1062 4520 est
1092 4467 1147 4519 in
1176 4473 1462 4536 potestate,
1496 4467 1810 4536 angelorum
1861 4466 2224 4519 inclementia.
2259 4465 2384 4519 0m-

827 4557 991 4609 nibus
1022 4557 1154 4624 quin
1189 4557 1352 4609 etiam
1406 4556 1754 4624 compatitur,
1791 4555 2001 4624 ipsique
2027 4555 2269 4624 corporis
2299 4555 2382 4607 in-

825 4645 1085 4698 fortunio.
1116 4645 1351 4713 Hujusce
1372 4645 1770 4713 separationem
1792 4644 1956 4706 dolet,
1984 4643 2049 4697 ab
2072 4659 2139 4697 eo
2161 4644 2381 4712 quippe,

826 4737 914 4789 cui
964 4736 1168 4804 jamdiu
1199 4737 1503 4798 consuevit,
1551 4736 1841 4804 disjuncta,
1881 4751 2004 4789 cum
2066 4736 2280 4788 unicam
2324 4751 2386 4789 ac

826 4830 996 4882 solam
1057 4827 1503 4890 consolationem,
1558 4841 1696 4895 quae
1746 4841 1813 4879 ex
1867 4827 2086 4896 propria
2145 4827 2388 4879 exoritur

828 4920 1181 4980 conscientia,
1212 4919 1410 4972 habere
1448 4935 1553 4970 non
1586 4917 1775 4987 possit,
1808 4917 1910 4970 nisi
1963 4917 2131 4969 bonas
2153 4917 2392 4971 actiones

830 5011 1063 5063 coluisse
1095 5010 1197 5063 sibi
1220 5009 1436 5063 conscia
1458 5009 1645 5062 fuerit.
1673 5009 1820 5061 Talis
1843 5008 2019 5061 anima
2036 5009 2196 5061 etiam
2236 5018 2390 5062 ante-

829 5117 988 5170 quam
1017 5099 1242 5152 sistatur
1273 5098 1463 5167 judici,
1505 5114 1535 5151 a
1579 5098 1915 5151 conscientia
1944 5112 2040 5149 sua
2076 5095 2394 5149 indesinen-

831 5201 915 5245 ter
939 5190 1234 5258 judicatur.
1265 5189 1406 5242 Dicit
1454 5189 1652 5242 iterum
1699 5189 1864 5242 abbas
1917 5189 2183 5242 Macarius
2210 5190 2389 5243 :ltane

829 5282 998 5334 vero?
1037 5282 1248 5333 Domini
1279 5281 1404 5343 mei,
1439 5281 1489 5332 id
1517 5282 1648 5334 mibi
1698 5282 1859 5335 etiam
1892 5283 2216 5350 explicatum
2239 5282 2384 5335 detis

830 5389 950 5429 oro.
983 5373 1428 5442 Quandoquidem
1466 5387 1530 5424 ex
1567 5374 1811 5441 patribus
1859 5375 2112 5426 traditum
2146 5383 2248 5435 est,
2285 5384 2391 5428 ter-

2455 559 2595 622 ὖζον.
2638 561 2730 612 καὶ
2769 561 3152 631 αἰσθανόμενος
3185 565 3213 614 ό
3246 563 3397 632 ἆγιος
3431 565 3711 630 Μακάριος
3763 566 3866 634 τῆς
3915 565 4062 615 δυσ-

2455 651 2635 713 ωδίας,
2670 653 2976 705 συνέκλεισε
3004 655 3138 722 μετά
3159 654 3258 723 τῆς
3292 656 3427 718 ἰδίας
3457 655 3636 725 χειρὸς
3677 656 3802 716 τοὺς
3833 654 4060 706 ἑαυτοῦ

2459 740 2759 809 μυκτῆρας,
2789 741 2892 803 ἓως
2917 736 2975 794 οὗ
3013 742 3312 812 παρῆλθεν*
3353 746 3613 814 ἐποίησαν
3635 745 3690 797 δὲ
3723 747 3817 797 καὶ
3842 746 3898 796 οἱ
3941 745 4060 810 ἆγ-

2456 832 2600 899 γελοι
2621 832 2812 896 οὕτως.
2839 833 2929 886 καὶ
2957 833 3078 886 ἰδὼν
3096 837 3124 887 ό
3145 835 3321 905 γέρων
3344 831 3493 888 εἶπεν
3519 838 3718 897 αὐτοῖς’
3746 837 3838 888 καὶ
3875 836 4060 903 ὑμεῖς

2455 925 2626 988 οὕτως
2657 926 3012 996 ὀσφραίνεσθε
3072 929 3167 998 τὴν
3196 927 3459 980 δυσωδίαν
3492 927 3586 979 τοῦ
3618 929 3861 994 κόσμους
3897 929 3956 978 of.
3991 927 4059 978 δὲ

2456 1013 2640 1068 εἷπον·
2669 1016 2788 1084 οὐχὶ
2811 1056 2827 1080 ,
2857 1017 2992 1070 ἀλλά
3035 1018 3093 1069 σὲ
3138 1019 3334 1080 ἰδόντες
3373 1020 3703 1087 ἐποιήσαμεν
3737 1018 3833 1069 καὶ
3867 1019 4059 1085 ἡμεῖς

2455 1105 2658 1169 οὕτως’
2706 1108 2864 1177 ἡμεῖς
2911 1108 3018 1177 γὰρ
3066 1109 3165 1177 τῆς
3207 1108 3468 1170 δυσωδίας
3527 1109 3620 1160 τοῦ
3673 1109 3884 1177 κόσμου
3938 1109 4054 1159 οὐκ

2456 1196 2851 1267 αἰσθανόμεθα,
2888 1199 3024 1250 ἀλλά
3067 1199 3166 1267 τῆς
3209 1198 3491 1268 ὀζομενίας
3541 1199 3646 1249 τῶν
3686 1199 3876 1267 ψυχῶν
3927 1199 4056 1250 τῶν

2459 1287 2794 1358 ἁμαρτωλῶν
2825 1290 3226 1359 ὀσφραινόμεθα
3258 1291 3446 1357 μόνον,
3487 1289 3546 1340 ὃν
3588 1291 3785 1359 τρόπον
3829 1291 3896 1341 σὺ
3938 1290 4049 1357 τὴν

2456 1379 2717 1432 δυσωδίαν
2754 1381 2846 1433 τοῦ
2884 1381 3214 1450 θνησημαίου
3259 1381 3448 1432 τούτου
3497 1381 3831 1450 ἀποστρέφῃ.
3869 1384 3974 1434 καὶ
4015 1386 4048 1434 ὁ

2462 1471 2632 1540 γέρων
2655 1471 2798 1536 λέγει
2821 1472 3020 1532 αὐτοῖς’
3049 1471 3347 1540 γνωρίσατέ
3371 1489 3481 1539 μοι,
3507 1473 3826 1540 παρακαλῶ.
3844 1473 4046 1525 τοῦτο·

2457 1565 2553 1631 τῆς
2574 1563 2840 1623 δυσώδους
2862 1563 3033 1632 ψυχῆς
3051 1564 3158 1614 τῶν
3184 1564 3520 1633 ἁμαρτωλῶν
3546 1566 3602 1614 ἐν
3625 1567 3692 1632 τῇ
3718 1564 3826 1632 ζωῇ
3853 1564 4044 1633 ταύτῃ

2460 1654 2799 1714 αἰσθάνεσθε,
2823 1655 2854 1724 ἦ
2887 1658 3021 1723 μετὰ
3050 1654 3275 1707 θάνατον
3296 1671 3308 1716 ;
3331 1655 3424 1706 κιὶ
3455 1655 3568 1716 πῶς
3593 1655 3690 1715 τὶς
3719 1655 3897 1722 ψυχὰς
3922 1655 4042 1706 τῶν

2461 1744 2796 1814 ἁμαρτωλῶν
2816 1786 2830 1807 ,
2863 1744 2976 1806 πῶς
3005 1746 3061 1796 δὲ
3094 1745 3169 1813 τῷ
3198 1745 3369 1815 κυρίῳ
3417 1747 3851 1797 πεπιστευκότων
3871 1787 3886 1808 ,
3919 1745 4041 1797 τῶν

2461 1837 2690 1899 ἀσεϐῶν,
2717 1836 2822 1887 τῶν
2850 1837 2923 1905 μὴ
2948 1838 3386 1888 πεπιστευκότων
3410 1836 3650 1907 [δηέρετε
3678 1837 3774 1907 (1)]
3796 1855 3809 1898 ;
3834 1839 4043 1890 εἴπατε

2465 1945 2574 1995 μοι,
2617 1928 2663 1978 εἰ
2710 1921 2867 1996 εὖρον
2909 1929 3066 1996 χάριν
3098 1927 3324 1979 ἐνώπιον
3358 1929 3528 1996 ὑμῶν.
3580 1929 3674 1980 καὶ
3707 1930 3757 1980 οἱ
3810 1928 4043 1995 ἄγγελοι

2461 2013 2640 2069 εἷπον·
2678 2018 2927 2077 ἄκουσον,
2953 2018 3172 2070 ἐκλεκτὲ
3200 2019 3292 2070 τοῦ
3321 2017 3456 2070 Θεοῦ
3487 2019 3759 2087 Μακάριε.
3790 2022 3824 2086 ἠ
3853 2022 4042 2088 ἁμαρο

2460 2108 2627 2172 τωλὸς
2654 2109 2797 2179 ψυχὴ
2827 2110 2920 2161 καὶ
2955 2109 3032 2162 ἔτι
3061 2105 3194 2161 οὖσα
3223 2111 3281 2161 ὲν
3308 2109 3385 2178 τῷ
3416 2109 3626 2178 σώματι
3659 2111 3758 2179 τὴν
3785 2109 3895 2161 τῶν
3932 2128 4039 2161 κα-

2463 2201 2572 2252 κῶν
2586 2200 2833 2270 πράξεων
2855 2201 3077 2265 ὀζωδίαν
3093 2202 3403 2265 ἀποδίδωσι,
3415 2201 3549 2268 μετά
3569 2201 3623 2252 δὲ
3645 2200 3873 2253 θάνατον
3897 2200 4040 2252 πολὺ

2464 2292 2644 2344 πλέον.
2674 2293 2781 2345 τῶν
2808 2292 2916 2362 γὰρ
2953 2293 3196 2363 πράξεων
3231 2294 3476 2362 φανερῶς
3503 2289 3863 2361 ἐπικειμένων
3893 2293 4037 2361 αὐτῇ

2466 2384 2712 2437 σκοτοῦσι
2761 2386 2854 2438 καὶ
2889 2386 3142 2455 μελανίαν
3187 2386 3342 2455 δίκην
3381 2387 3515 2454 αὐτῇ
3556 2386 3920 2454 περισήπουσι
3948 2400 3964 2413 ·
4000 2385 4034 2450 ὴ

2465 2477 2570 2545 γὰρ
2597 2477 2743 2546 ψυχὴ
2768 2477 2887 2530 καθ’
2919 2478 3112 2546 ἑαυτὴν
3137 2478 3371 2546 φωτεινὴ
3404 2478 3496 2528 καὶ
3519 2476 3732 2547 καθαρά
3765 2477 3935 2538 ἐστιν,
3963 2475 4040 2536 ὡς

2465 2568 2558 2618 τοῦ
2594 2567 2858 2619 ἀθανάτου
2894 2567 3067 2635 φωτὸς
3098 2566 3418 2636 ἐμφύσημα·
3459 2565 3592 2618 ἀλλά
3624 2567 3683 2616 ἐν
3714 2564 3794 2634 τῷ
3825 2564 4039 2632 σώματι

2470 2660 2743 2727 γινομένη,
2779 2661 2872 2712 καὶ
2901 2660 2974 2729 μὴ
3003 2659 3181 2720 καλῶς
3212 2660 3341 2710 αὐτὸ
3369 2658 3685 2728 κυϐερνῶσα
3703 2696 3717 2719 ,
3751 2656 4040 2724 μολύνεται

2469 2750 2608 2802 κατά
2641 2751 2801 2819 μέρος
2834 2752 2899 2803 ὲκ
2927 2750 3022 2820 τῆς
3047 2750 3337 2818 ἁμαρτίας,
3359 2752 3391 2816 ἡ
3422 2750 3515 2817 μὲν
3542 2747 3720 2808 πλέον,
3745 2751 3776 2816 ἡ
3798 2747 3853 2798 δὲ
3883 2747 4040 2798 ἔλατ-

2471 2861 2578 2896 τον.
2609 2844 2671 2895 τὸ
2702 2844 2759 2895 δὲ
2791 2841 2905 2905 πῶς
2928 2843 2983 2895 αἱ
3019 2841 3185 2909 ψυχαὶ
3213 2843 3276 2892 ὲκ
3304 2841 3410 2892 τῶν
3438 2839 3703 2907 σωμάτων
3737 2837 4042 2906 λαμϐάνον-

2471 2949 2559 2984 ται
2589 2932 2792 2984 πιστῶν
2812 2949 2868 2984 τε
2893 2933 2984 2984 καὶ
3012 2931 3269 2992 ἀπίστων,
3300 2932 3548 2989 ἄκουσον,
3567 2931 3660 2982 καὶ
3683 2929 3896 2981 πάντων
3925 2927 4043 2979 ἐπί-

2473 3039 2596 3091 γεια
2630 3024 2662 3091 ἢ
2693 3021 2844 3074 κοινά
2875 3022 3165 3091 ἐλαχίστων
3225 3021 3299 3088 (9.)
3336 3020 3440 3070 τῶν
3482 3020 3815 3090 ἐπουρανίων
3851 3017 4040 3086 νόμιζε

2400 3138 2443 3194 C
2481 3110 2639 3174 εἶναι,
2664 3112 2936 3181 Μακάριε,
2967 3112 3153 3179 ὥσπερ
3176 3110 3282 3180 γὰρ
3305 3112 3367 3161 ὲκ
3393 3109 3484 3162 τοῦ
3507 3108 3748 3175 ἐπιγείου
3779 3107 4040 3176 βασιλέως

2477 3203 2922 3272 ἀποστελλόμενοι
2951 3202 3274 3271 στρατιῶται
3302 3202 3392 3252 ἐπὶ
3418 3198 3495 3269 τῷ
3523 3198 3867 3269 παραστῆσαι
3895 3213 4037 3256 τινα,

2478 3295 2720 3356 ἐλθόντες
2775 3294 3086 3362 συνέχουσιν
3138 3292 3295 3344 αὑτὸν
3348 3293 3440 3343 καὶ
3490 3291 3562 3359 μὴ
3610 3289 3849 3340 θέλοντα’
3897 3289 3926 3337 ὁ
3985 3287 4041 3340 δὲ

2478 3385 2848 3453 καταπτήσσει
2874 3384 2972 3452 μὲν
2992 3382 3068 3452 τῷ
3099 3382 3267 3451 φόϐῳ,
3294 3381 3482 3450 τρέμει
3507 3381 3562 3432 δὲ
3591 3380 3682 3431 καὶ
3711 3379 3807 3446 τὴν
3839 3395 4040 3447 παρου-

2482 3473 2602 3526 σίαν
2634 3474 2740 3524 τῶν
2764 3471 3100 3541 ἀσυμπαθῶς
3128 3470 3262 3539 πρὸς
3288 3469 3382 3536 τὴν
3419 3468 3720 3536 ὁδοιπορίαν
3752 3467 4038 3518 ἑλκόντωνο

2479 3563 2619 3616 οὕτω
2645 3563 2738 3616 καὶ
2765 3563 2892 3614 ὅταν
2922 3560 3296 3612 ἀποσταλῶσιν
3337 3557 3550 3624 ἄγγελοι
3581 3557 3917 3627 παραλαϐεῖν
3946 3557 4045 3625 τὴν

2479 3654 2676 3724 ψυχὴν,
2704 3654 2814 3705 εἴτε
2832 3652 3059 3712 δικαίου,
3080 3653 3185 3702 εἴτε
3208 3648 3549 3718 ἁμαρτωλοῦ,
3575 3651 3944 3716 καταπτήσσει
3966 3647 4042 3715 τῷ

2481 3746 2661 3815 φόϐῳ,
2697 3745 2791 3797 καὶ
2826 3743 3013 3814 τρέμει
3044 3739 3144 3810 τὴν
3191 3741 3486 3809 παρουσίαν
3533 3740 3638 3791 τῶν
3671 3739 3917 3807 φοΰερῶν
3949 3740 4038 3790 καὶ

2481 3835 2770 3904 ἀποτόμων
2797 3833 3061 3901 ἀγγέλων.
3091 3832 3296 3901 καθορᾷ
3324 3832 3432 3898 γὰρ
3458 3830 3576 3881 τότε
3606 3831 3637 3898 ἡ
3667 3829 3811 3898 ψυχὴ
3840 3830 4040 3899 ἄπορον

2483 3928 2576 3980 καὶ
2622 3926 2822 3994 ἀσθενῆ
2856 3925 2949 3978 καὶ
2977 3923 3226 3992 ἀνωφελῆ
3257 3921 3517 3974 πάντοθεν
3555 3921 3650 3990 τὴν
3685 3920 3776 3972 τοῦ
3814 3920 4036 3972 πλούτου

2482 4018 2574 4069 καὶ
2620 4015 2896 4083 συγγενῶν
2927 4015 3018 4067 καὶ
3052 4015 3218 4080 φίλων
3250 4012 3569 4082 παρουσίαν,
3618 4011 3684 4062 τὰ
3715 4012 3921 4080 δάκρυα
3949 4013 4037 4063 καὶ

2482 4109 2608 4170 τοὺς
2631 4108 2860 4176 θρήνους
2887 4106 2994 4158 τῶν
3018 4103 3388 4172 περιεστώτων
3414 4102 3741 4164 αἰσθάνεται,
3768 4103 3859 4153 καὶ
3881 4101 4031 4168 λαλῆ-

2486 4217 2576 4253 σαι
2617 4199 2650 4268 ἧ
2699 4199 2913 4266 ἀφιέναι
2955 4197 3136 4264 φωνὴν
3160 4195 3218 4246 οὐ
3249 4193 3489 4253 δύναται,
3543 4193 3805 4259 μηδέποτε
3851 4209 4034 4257 πειρα-

2486 4291 2669 4343 σθεῖσα
2695 4290 2916 4360 τοιαύτῃ
2946 4289 3154 4355 κλήσει,
3183 4287 3385 4337 δέδοικε
3417 4285 3471 4334 δὲ
3504 4283 3594 4334 καὶ
3623 4283 3682 4334 τὸ
3705 4283 3924 4350 ἄπειρον
3944 4283 4035 4350 τῆς

2482 4382 2601 4436 ὁδοῦ
2649 4382 2743 4434 καὶ
2779 4382 2876 4449 τὴν
2901 4379 3193 4446 ἐναλλαγὴν
3221 4376 3316 4446 τῆς
3343 4373 3638 4440 διαγωγῆς.
3680 4373 3955 4441 συνέχεται
3981 4372 4034 4424 δὲ

2417 4471 2459 4524 D
2488 4477 2581 4528 καὶ
2610 4478 2675 4543 τῇ
2708 4474 2815 4525 τῶν
2844 4471 3130 4541 ὁρωμένων
3161 4469 3432 4538 ἀρχόντων
3468 4464 3834 4534 ἀσυμπαθείςι·
3881 4481 4035 4533 προσ-

2491 4568 2686 4635 πάσχει
2717 4566 2770 4618 δὲ
2800 4565 2890 4617 καὶ
2929 4563 3067 4632 πρὸς
3097 4562 3300 4622 πάντας
3326 4559 3424 4627 (5),
3456 4558 3546 4608 καὶ
3571 4561 3638 4626 τῇ
3664 4555 3755 4608 τοῦ
3797 4555 4033 4625 σώματος

2493 4655 2807 4727 συμϐιώσεν
2841 4655 2933 4706 καὶ
2961 4653 3145 4722 θρηνεῖ
3175 4651 3270 4721 τὴν
3293 4650 3479 4702 τούτου
3501 4649 3806 4711 ἀπόζευΞιν,
3832 4649 3905 4710 ῶς
3924 4650 4034 4701 τού-

2492 4766 2581 4801 του
2607 4749 2662 4799 ἐν
2693 4745 2948 4814 συνηθείᾳ
2975 4743 3310 4815 χωριζομένη
3333 4759 3347 4773 ο
3386 4743 3509 4809 μίαν
3536 4741 3627 4791 καὶ
3669 4740 3835 4808 μόνην
3869 4758 4032 4810 παρα-

2497 4839 2691 4907 μυθίαν
2720 4836 2792 4905 μὴ
2824 4835 3085 4904 δυναμένη
3118 4835 3258 4902 ἔχειν
3286 4837 3348 4886 ἐκ
3374 4833 3462 4883 τοῦ
3497 4832 3691 4884 οἰκείου
3728 4832 4030 4892 συνειδότος.

2488 4930 2536 4980 εἰ
2584 4928 2656 4996 μὴ
2703 4927 2795 4977 έάν
2834 4925 3014 4976 καλῶν
3061 4922 3234 4991 ἔργων
3280 4922 3473 4992 πρᾷξιν
3509 4922 3672 4990 ἑαυτῇ
3719 4921 4029 4987 σύνοιδεν.ἡ

2488 5018 2706 5084 τοιαύτη
2745 5016 2887 5084 ψυχὴ
2935 5017 3024 5066 καὶ
3058 5014 3161 5081 πρὸ
3210 5013 3303 5081 τῆς
3359 5013 3680 5080 ἀποφάσεως
3722 5011 3811 5062 τοῦ
3861 5012 4029 5080 κριτοῦ

2489 5107 2595 5160 ἀπὸ
2613 5104 2706 5156 τοῦ
2731 5103 3025 5164 συνειδότος
3046 5103 3402 5162 ἀδιαλείπτως
3426 5101 3685 5170 κρίνεται.
3717 5102 3809 5152 καὶ
3831 5103 3855 5153 o'
3883 5101 4032 5160 e665:

2491 5197 2771 5263 Μακάριος
2813 5194 2957 5259 λέγει
3005 5193 3192 5243 πάλιν·
3235 5192 3286 5242 τί
3317 5187 3442 5253 οὗνς
3479 5191 3654 5258 κύριοί
3700 5209 3824 5260 μου,
3862 5191 4032 5258 δέομαι

2494 5286 2662 5354 ὑμῶν,
2695 5283 2964 5336 καὶτοῦτο
2996 5282 3383 5351 ἑρμηνεὺσατε·
3421 5283 3603 5350 ἐπειδὴ
3634 5285 3696 5334 ἐκ
3742 5283 3848 5333 τῶν
3888 5286 4032 5333 πατέ-

2498 5395 2602 5448 ρων
2631 5373 2982 5444 παραδέδοται
3013 5376 3068 5425 ὲν
3098 5376 3162 5443 τῇ
3201 5379 3247 5439 γ’
3294 5375 3475 5442 ἡμέρᾳ
3524 5375 3617 5425 καὶ
3649 5376 3714 5441 τῇ
3766 5373 3812 5425 θ’
3845 5376 3934 5426 καὶ
3973 5376 4029 5442 τῇ

2302 5488 2550 5545 NOTAE.

903 5598 980 5720 (ir?
1009 5599 1121 5652 Vox
1154 5599 1288 5651 bace
1315 5597 1366 5649 in
1394 5597 1500 5651 MS.
1530 5613 1687 5667 aegre
1722 5599 1846 5671 legi.
1872 5610 2063 5667 potest.
2115 5600 2286 5653 Fortc'
2312 5600 2391 5654 le-

903 5686 933 5720 n
978 5684 1067 5720 um
1090 5666 1444 5720 διακοίνεσθε.
1480 5668 1628 5720 lima.
1667 5669 1939 5720 διαιοεῐτε.
1969 5669 2211 5720 Emronl.

833 5666 1067 5738 gendum
1090 5666 1444 5738 διακρίνεσθε.
1480 5666 1628 5737 [Ιλθττζ.
1654 5666 1939 5738 διαιρέῐτε.
1969 5669 2211 5737 Enimn].

906 5739 980 5804 (‘2)
1030 5737 1189 5791 Forte
1245 5737 1527 5806 legendum
1583 5737 1815 5801 πάντως
1867 5739 2078 5804 ἐπίγεια
2112 5740 2206 5790 καὶ
2239 5741 2386 5792 κοινά

2497 5600 2785 5653 ἐλάττονα
2812 5599 2896 5652 vel
2930 5599 3370 5666 ἑλαχιστότερα.

2569 5671 2642 5738 (7i)
2671 5670 2807 5736 Lege
2833 5669 2979 5735 πρὸς
3003 5669 3211 5720 πάντα.
