4266 6356
205 395 318 453 589

1022 398 1110 455 DE
1142 395 1241 456 SS.
1281 396 1603 455 MACARIIS
1638 397 1979 455 AEGYPTIO
2018 399 2106 457 ET
2127 398 2650 457 -ALEXANDRINO.

3332 402 3434 463 τοο

215 514 269 581 μ’
297 512 699 583 προσφέρεσθαι
727 511 804 584 τῷ
843 511 963 585 Θεῷ
991 514 1047 568 ἐν
1075 516 1142 584 τῇ
1170 514 1433 586 ἐκκλησίᾳ
1459 513 1774 586 προσφορὰν
1802 521 1848 576 Α
1876 514 1947 568 tia
1997 524 2049 568 et
2083 530 2223 569 nona

1812 521 1848 576 Α
1876 514 1947 568 tia
1997 524 2049 568 ct
2083 530 2223 569 nona
2270 522 2325 568 et
2358 511 2767 583 quadragesima
2819 509 2905 566 die
2951 510 3277 566 oblationem
3336 529 3441 582 pro

210 605 353 673 ὑπὲρ
385 605 478 656 τοῦ
511 604 958 671 τελευτήσαντος,
994 606 1046 658 τί
1077 606 1139 658 τὸ
1164 606 1365 675 ςῦφελος
1393 608 1456 659 ἐκ
1488 604 1676 658 τούτου
1709 608 1775 675 τῇ

211 697 544 764 μεταστάσει
585 696 660 765 (4)
712 697 855 765 ψυχῇ
898 696 1105 764 γίνεται
1131 713 1146 760 ;
1177 696 1269 749 καὶ
1300 698 1329 746 ὁ
1373 697 1600 765 ἄγγελος
1636 696 1738 765 εφη
1761 713 1773 725 ’

207 788 365 839 οὐδὲν
398 788 611 857 ἀκέρως
636 789 711 856 (5)
737 789 854 841 οὐδὲ
888 788 1176 856 ἀνωφελῶς
1204 792 1262 842 ἐν
1292 790 1356 859 τῇ
1388 788 1648 858 ἐκκλησίᾳ
1679 789 1777 841 αὐ-

209 878 306 930 τοῦ
331 878 703 949 συνεχώρησεν
730 883 758 933 ὁ
782 879 912 944 Θεὸς
935 880 1199 949 γίνεσθαι,
1229 880 1363 933 ἀλλά
1389 881 1454 933 τὰ
1482 880 1777 950 ἐπουράνια

210 972 308 1024 καὶ
339 972 407 1023 τὰ
441 972 655 1038 ἐπίγεια
692 973 851 1025 αὐτοῦ
892 972 1163 1042 μυστήρια
1195 973 1253 1023 ἐν
1284 973 1348 1041 τῇ
1383 970 1646 1040 ἐκκλησίᾳ
1677 971 1775 1023 αὐ-

207 1060 308 1115 τοῦ
367 1061 745 1132 συνεχώρησεν
791 1065 820 1115 ό
869 1062 1001 1127 Θεὸς
1047 1063 1327 1131 γίγνεσθαι
1380 1061 1472 1114 καὶ
1524 1059 1774 1113 ἐκέλευσε

207 1155 503 1207 τελεῖσθαι·
527 1156 584 1205 ἐν
606 1154 711 1224 γὰρ
727 1158 791 1225 τῇ
814 1155 971 1227 τρίτῃ
995 1155 1175 1226 ἡμέρᾳ
1200 1153 1523 1223 γιγνομένης
1544 1169 1776 1221 προσφο-

210 1247 316 1315 ρᾶς
359 1246 416 1297 ἐν
464 1248 527 1315 τῇ
578 1247 875 1316 ἐκκλησίᾳ,
920 1245 1271 1317 παραμυθίαν
1308 1248 1405 1316 τῆς
1453 1245 1699 1314 θλίψεως,

208 1338 567 1407 ἀπεχωρίσθη
598 1338 690 1390 τοῦ
722 1337 991 1407 σώματος,
1028 1338 1237 1406 δέχεται
1282 1340 1315 1408 ἡ
1345 1336 1491 1407 ψυχὴ
1532 1338 1629 1404 μὲν
1657 1338 1796 1414 ’θα-ν

207 1429 378 1481 νοῦσα
406 1429 554 1495 παρὰ
582 1428 676 1482 τοῦ
706 1431 1013 1499 συνέχοντος
1044 1428 1210 1499 αὐτὴν
1239 1428 1489 1496 ἀγγέλου,
1517 1430 1598 1481 ὃτι
1626 1428 1777 1481 εὐλό-

207 1538 377 1591 γησις
404 1522 497 1573 καὶ
525 1520 810 1590 προσφορὰ
840 1521 979 1588 ὑπὲρ
1008 1520 1175 1589 αὐτῆς
1209 1522 1265 1572 ἐν
1288 1521 1354 1590 τῇ
1383 1519 1647 1589 ἐκκλησίᾳ
1681 1518 1773 1572 τοῦ

206 1609 349 1661 Θεοῦ
380 1610 866 1679 προσκεκόμισται,
894 1608 987 1660 καὶ
1017 1606 1232 1671 εὔελπις
1259 1607 1464 1675 γίνεται
1494 1610 1549 1661 ἐν
1577 1606 1767 1678 τούτῳ.

206 1700 309 1761 τὰς
334 1700 444 1769 γὰρ
477 1699 568 1751 δύο
604 1700 815 1769 ἡμέρας
848 1701 1207 1768 συγχωρείται
1244 1699 1277 1768 ἡ
1310 1698 1454 1769 ψυχὴ
1506 1698 1623 1768 ἅμα
1662 1704 1771 1763 τοῖς

209 1792 463 1843 συνοῦσιν
493 1792 629 1861 αὐτῇ
667 1790 915 1860 ἀγγέλοις
955 1790 1313 1861 πορεύεσθαι,
1348 1790 1475 1845 ἔνθα
1504 1790 1769 1860 βούλεται,

207 1883 304 1935 ἐπὶ
341 1884 441 1953 τῆς
479 1884 600 1952 γῆς.
653 1884 687 1951 ἡ
732 1878 823 1935 οὖν
874 1880 1247 1951 φιλοσώματος
1297 1881 1443 1951 ψυχὴ
1479 1882 1774 1951 ἀπέρχεται

206 1973 343 2025 ποτὲ
376 1972 476 2041 μὲν
518 1974 645 2043 περὶ
684 1972 773 2025 τὸν
800 1968 964 2035 οἷκον,
1001 1971 1125 2025 ἐνθα
1164 1971 1496 2042 ἀπεζεύχθη,
1541 1974 1671 2025 ποτέ
1716 1972 1772 2025 δὲ

205 2065 339 2133 περὶ
358 2066 420 2117 τὸ
455 2064 659 2134 μνῆμα,
688 2064 820 2116 ὅπου
857 2063 1121 2133 κατετέθη
1156 2064 1217 2117 τὸ
1246 2065 1434 2133 σῶμα,
1465 2064 1557 2116 καὶ
1602 2062 1773 2127 οὕτως

204 2146 421 2209 ἐκτελεῖ
456 2154 551 2217 τὰς
579 2155 671 2207 δύο
707 2155 917 2225 ἡμέρας
951 2154 1419 2225 ζητοῦσαξιῶσπερ
1457 2154 1643 2224 ὄρνεον
1694 2155 1771 2228 (6)

202 2250 307 2318 τὴν
335 2247 517 2301 νοσιὰν
552 2247 627 2318 (7)
655 2248 841 2317 αὐτῆς.
874 2248 907 2317 ἡ
935 2247 991 2299 δὲ
1028 2246 1276 2317 ἐνάρετος
1307 2246 1451 2317 ψυχὴ
1477 2238 1772 2316 ἀπέρχεταιξ

202 2339 289 2401 είς
315 2338 533 2399 τόπους,
565 2338 698 2389 ὅπου
736 2330 847 2405 εἶχε
881 2334 1163 2405 συνήθειαν
1201 2332 1526 2403 ἐργάζεσθαι
1565 2332 1661 2402 τὴν
1697 2332 1774 2385 δι-

203 2430 526 2500 καιοσύνην.
584 2431 649 2498 τῇ
701 2429 756 2481 δέ
801 2428 960 2499 τρίτῃ
1004 2427 1185 2498 ἡμέρᾳ
1234 2423 1595 2498 [ἀνυτοῦσθαι
1649 2424 1772 2496 (8)]

203 2519 420 2574 κελεύει
456 2520 607 2591 πάσῃ
633 2520 779 2590 ψυχῇ
817 2516 1155 2589 Χριστιανῶν
1194 2518 1273 2578 είς
1300 2515 1559 2587 οὐρανοὺς
1586 2516 1650 2569 ἐκ
1689 2532 1775 2567 νε-

204 2612 359 2682 κρῶν
400 2612 639 2673 ἀναστὰς
683 2612 747 2678 τῇ
797 2610 955 2679 τρίτῃ
1001 2607 1184 2679 ἡμέρᾳ
1224 2605 1457 2677 Χριστὸς
1496 2607 1524 2659 ὁ
1558 2597 1773 2659 πάντων

204 2703 376 2765 Θεὸς,
425 2702 565 2755 κατά
614 2701 843 2771 μίμησιν
893 2700 991 2769 τῆς
1051 2697 1213 2752 αὐτοῦ
1262 2698 1663 2763 ἀναστάσεως,’
1694 2700 1774 2762 είς

200 2793 580 2862 προσκύνησιν
630 2791 724 2844 τοῦ
779 2790 913 2844 Θεοῦ
963 2789 1071 2845 τῶν
1121 2790 1393 2844 ἁπάντων.
1451 2790 1629 2853 καλῶς
1681 2786 1775 2843 οὖν

206 2888 428 2955 κατέχει
454 2887 486 2955 ἡ
517 2883 777 2955 ἐκκλησία
809 2886 873 2953 τῇ
915 2883 1071 2952 τρίτῃ
1114 2882 1298 2953 ἡμέρᾳ
1330 2882 1644 2953 προσφορὰν
1680 2883 1775 2935 καὶ

204 2978 375 3047 εὐχὴν
405 2975 671 3028 ποιεῖσθαι
699 2974 839 3044 ὑπὲρ
869 2976 964 3043 τῆς
995 2973 1189 3042 ψυχῆς.
1226 2973 1360 3043 μετὰ
1386 2970 1479 3026 οὖν
1505 2974 1567 3025 τὸ
1604 2991 1774 3044 προσ-

203 3070 435 3137 κύνησει
468 3069 542 3137 (9)
587 3067 677 3119 τὸν
714 3066 844 3118 Θεὸν
898 3066 1103 3131 γίνεται
1138 3064 1382 3127 κέλευσις
1424 3065 1556 3134 παρ’
1584 3062 1768 3128 αὑτοῦ,

202 3159 349 3211 ὥστε
382 3156 751 3226 ἐπιδειχθῆναι
789 3156 924 3225 αὐτῇ
958 3154 1055 3218 τὰς
1080 3154 1367 3224 διαφόρους
1409 3155 1503 3207 καὶ
1535 3156 1772 3226 τερπνὰς

206 3249 416 3317 σκηνὰς
436 3249 542 3300 τῶν
563 3249 732 3315 ἁγίων
754 3246 845 3299 καὶ
862 3245 959 3316 τὴν
976 3245 1068 3297 τοῦ
1093 3244 1416 3315 παραδείσου
1440 3245 1766 3317 ὡραιότητα.

204 3340 304 3393 καὶ
330 3340 503 3393 ταῦτα
536 3339 710 3391 πάντα
757 3337 1158 3413 καταμανθάνει
1197 3337 1230 3406 ἡ
1264 3335 1409 3406 ψυχὴ
1435 3335 1494 3400 ἐξ
1538 3335 1771 3405 ἡμέραις

204 3430 563 3500 θαυμάζουσα
595 3431 688 3482 καὶ
727 3426 1019 3494 δοξάζουσα
1058 3427 1149 3480 τὸν
1183 3427 1540 3497 εύτρεπιστὴν
1568 3425 1772 3479 τούτων

202 3524 341 3575 Θεὸν
360 3538 375 3553 ο
403 3524 495 3574 καὶ
520 3521 687 3573 ταῦτα
719 3521 895 3573 πάντα
935 3519 1212 3588 θεωροῦσα
1252 3520 1285 3587 ἡ
1317 3517 1464 3587 ψυχὴ
1497 3516 1766 3587 μεταϐάλ-

202 3615 360 3666 λεται
398 3613 492 3665 καὶ
529 3610 940 3664 ἐπιλανθάνεται
968 3609 1066 3678 τῆς
1109 3607 1359 3676 θλίψεως,
1396 3604 1576 3678 ἧσπερ
1625 3601 1769 3675 εἶχεν

202 3708 267 3758 ἐν
290 3704 369 3773 τῷ
390 3704 601 3773 σώματι
630 3699 783 3755 οὖσα.
812 3702 903 3753 ἐάν
924 3701 980 3753 δέ
1002 3703 1117 3752 ἐστι
1141 3700 1198 3751 ἐν
1222 3699 1513 3767 ἁμαρτίαις
1541 3695 1768 3749 ὑπεύθυ-

202 3813 316 3861 νος,
349 3794 628 3865 θεωροῦσα
671 3794 768 3855 τὰς
812 3791 1139 3853 ἀπολαύσεις
1183 3791 1288 3842 τῶν
1327 3788 1495 3855 ἁγίων
1546 3787 1768 3858 ἄρχεται

202 3888 495 3941 λυπεῖσθαι
528 3887 621 3940 καὶ
667 3882 1093 3952 καταγινώσκειν
1138 3881 1357 3951 ἑαυτὴν,
1391 3878 1653 3946 λέγουσαο
1704 3876 1769 3931 Οἱ

207 3997 338 4050 μοι,
374 3978 489 4041 πῶς
523 3976 866 4047 ἐματαιώθην
896 3976 953 4027 ἐν
980 3973 1055 4043 τῷ
1095 3973 1286 4042 κόσμῳ
1322 3971 1531 4040 ἐκείνῳ,
1565 3972 1622 4022 ἐν
1650 3973 1767 4032 ταῖς

205 4070 529 4138 ἐπιθυμίαις
568 4068 662 4123 τοῦ
704 4067 819 4136 βίου
867 4065 1245 4135 ἁσχοληθεῖσα.
1288 4064 1348 4115 τὸ
1391 4062 1636 4114 πλεῖστον
1671 4062 1766 4113 τοῦ

206 4161 323 4230 βίου
344 4160 656 4229 ἐδαπάνησα
673 4158 730 4209 ἐν
745 4158 991 4228 ἀμελείᾳ,
1012 4157 1103 4208 καὶ
1125 4156 1224 4209 οὐκ
1247 4153 1530 4207 ἐδούλευσα
1550 4152 1625 4221 τῷ
1648 4151 1767 4220 Θεῴ

204 4253 349 4305 κατὰ
377 4253 437 4305 τὸ
483 4252 693 4321 πρέπον
714 4289 727 4308 ,
763 4251 910 4312 ὅπως
960 4247 1113 4315 κάγὼ
1147 4246 1382 4315 ἡξιὼθην
1413 4247 1509 4315 τῆς
1550 4249 1767 4316 χάριτος

205 4346 426 4413 καὶτῆς
453 4343 608 4411 δόξης
638 4342 860 4410 ταύτης.
892 4336 942 4392 οἷ
972 4356 1060 4408 μοι
1089 4341 1153 4409 τῇ
1186 4337 1364 4406 ἀολίᾳ,
1390 4337 1469 4389 ἔτι
1505 4354 1594 4406 μοι
1626 4356 1764 4408 συμ-

204 4435 488 4487 δάλλονται
507 4436 559 4484 αἱ
585 4432 857 4501 φροντίδες
879 4431 970 4482 καὶ
986 4430 1014 4481 ὁ
1034 4429 1228 4491 άκερος
1254 4428 1363 4497 (l0)
1390 4428 1766 4496 περισπασμὸς

203 4526 265 4577 ὃν
316 4519 463 4592 εἶχον
524 4524 581 4575 ἐν
634 4522 709 4590 τῷ
776 4522 984 4589 κόσμῳ.
1047 4518 1150 4571 ποῦ
1210 4518 1268 4569 δέ
1329 4536 1418 4587 μοι
1464 4520 1765 4588 χρησιμεύ-
1801 4550 1842 4602 D

203 4632 323 4667 ουσι
355 4615 405 4666 οί
434 4612 770 4683 ἀμπελῶνες,
804 4610 897 4673 οὓς
925 4611 1216 4677 ἐφύτευσα,
1238 4606 1348 4662 καὶ
1386 4609 1435 4661 οί
1479 4610 1764 4675 ἐλαιῶνεςς

204 4706 365 4760 ποίαν
411 4704 467 4758 δέ
516 4722 604 4774 μοι
652 4702 917 4773 ὡφελείαν
973 4700 1294 4771 παρέξεται,
1339 4700 1397 4752 ὃν
1450 4700 1765 4771 ἐκτησάμην

204 4800 408 4869 ἁγρόν;
476 4796 529 4849 τί
583 4796 641 4849 δέ
704 4812 796 4863 μοι
858 4794 1057 4864 ὠφελεῖ
1078 4794 1137 4847 τὸ
1166 4792 1365 4864 [ἐθνοῦ]
1390 4794 1503 4845 ἐκεῖ
1524 4794 1763 4862 χρυσίον;

204 4894 358 4943 ποῖον
388 4891 444 4942 δέ
472 4906 560 4958 μοι
594 4887 783 4955 ὄφελος
808 4887 1034 4957 παρέχει
1059 4887 1088 4939 ὁ
1120 4884 1347 4946 πλοῦτος
1384 4886 1592 4947 Excisa;
1631 4884 1682 4935 τί
1709 4885 1764 4935 δέ

208 5000 298 5051 μοι
345 4982 500 5051 δνησι
544 4981 652 5032 πᾶν
702 4978 930 5048 τερπνὸν
978 4976 1073 5029 τοῦ
1124 4976 1237 5045 βίου
1282 4977 1373 5028 καὶ
1421 4974 1514 5028 τοῦ
1561 4976 1762 5045 κόσμου

1883 615 2101 661 mortuo
2129 607 2183 659 in
2204 608 2433 661 ecclesia
2466 608 2576 660 Deo
2606 604 2780 665 reddi.
2811 605 2939 672 quid
2971 604 3221 658 utilitatis
3241 605 3443 659 exinde

1883 700 2091 753 animae
2144 700 2197 752 in
2252 700 2401 753 exitu
2457 696 2774 751 redundat?
2825 696 2970 748 Dixit
3014 697 3236 765 angelus
3292 715 3304 749 :
3349 698 3432 752 Nil

1882 790 2243 859 inopportune
2292 806 2468 860 nequc
2499 790 2764 843 inutiliter
2812 788 2865 841 in
2924 789 3155 842 ecclesia
3184 804 3281 842 sua
3316 788 3434 843 ﬁeri

1882 880 2152 935 concessit
2203 882 2365 942 Deus,
2427 881 2681 935 coelestia
2733 895 2867 933 vero
2898 889 2952 934 et
2998 890 3217 935 terrena
3264 879 3439 949 ipsius

1881 972 2136 1041 mysteria
2178 973 2233 1026 in
2261 973 2491 1027 ecclesia
2528 988 2622 1027 sua
2652 972 2769 1026 ﬁeri
2798 972 3066 1026 concessit
3086 971 3229 1025 Deus
3257 981 3313 1025 et
3350 986 3439 1025 ce-

1881 1064 2080 1118 lebrari
2127 1066 2309 1135 jussit.
2347 1064 2532 1119 Tertio
2584 1065 2730 1120 enim
2789 1063 2877 1117 die
2928 1062 3069 1117 facta
3117 1064 3171 1117 in
3206 1062 3441 1116 ecclesia

1881 1156 2153 1211 oblatione
2176 1158 2423 1212 levamen
2446 1156 2670 1220 doloris,
2706 1171 2867 1226 quem
2895 1170 2925 1209 a
2947 1170 3172 1225 corpore
3191 1164 3439 1224 separata

1880 1249 2067 1313 subiit,
2088 1249 2156 1302 ab
2175 1250 2364 1320 angelo
2386 1250 2552 1319 ipsam
2577 1248 3019 1319 apprehendente
3045 1247 3242 1316 accipit
3260 1248 3440 1301 anima

1881 1340 2153 1403 defuncta,
2191 1342 2446 1409 quoniam
2480 1341 2773 1411 gratiarum
2801 1340 2941 1394 actio
2994 1350 3050 1392 ct
3098 1337 3301 1391 oblatio
3338 1353 3438 1406 pro

1880 1432 1995 1500 ipsa
2023 1432 2076 1484 in
2098 1433 2329 1487 ecclesia
2350 1433 2445 1487 Dei
2468 1441 2723 1502 apparata
2755 1441 2874 1494 est;
2901 1439 2958 1485 et
2981 1430 3177 1484 exinde
3238 1430 3435 1485 bonam

1879 1537 2028 1591 spem
2060 1522 2297 1591 concipit
2335 1522 2533 1576 anima.
2565 1523 2670 1576 Per
2708 1520 2845 1575 duos
2875 1520 3023 1573 cnim
3060 1519 3180 1571 dies
3203 1518 3435 1586 permit-

1881 1613 2014 1666 titur
2050 1616 2280 1673 animae,
2302 1614 2369 1667 ab
2389 1612 2592 1682 angelis
2624 1611 2707 1665 sui
2736 1610 3061 1664 satellitibus
3092 1610 3342 1678 stipatae,
3380 1608 3437 1660 in

1880 1713 2043 1767 terra,
2073 1705 2385 1773 ubicunque
2403 1703 2554 1766 velit,
2582 1701 2950 1756 obambulare.
3006 1701 3152 1767 Quae
3191 1702 3439 1769 corporis

1880 1792 2041 1862 igitur
2078 1794 2246 1847 amori
2292 1791 2593 1861 mancipata
2639 1800 2723 1845 est
2765 1790 2965 1851 anima,
3006 1788 3296 1857 aliquando
3334 1788 3435 1840 do—

1812 1871 1848 1923 Β
1878 1899 2045 1948 mum,
2095 1900 2126 1939 a
2162 1900 2268 1955 qua
2322 1892 2568 1953 separata
2616 1892 2720 1945 est,
2781 1881 3243 1949 circumvagatur,
3295 1894 3435 1931 non-

1874 1990 2149 2044 nunquam
2183 1976 2553 2045 sepulchrum,
2595 1974 2649 2027 in
2679 1986 2787 2042 quo
2823 1971 3162 2025 reconditum
3189 1980 3273 2024 est
3310 1987 3435 2023 cor-

1871 2081 2007 2134 pus;
2033 2074 2089 2119 ct
2125 2066 2191 2120 ad
2225 2068 2370 2120 hunc
2401 2066 2622 2119 modum
2673 2064 2898 2117 biduum
2930 2063 3115 2131 exigit,
3143 2073 3333 2130 portus
3368 2064 3434 2116 ad

1874 2158 2045 2212 instar
2073 2157 2304 2212 cadaver
2327 2173 2484 2212 suum
2519 2172 2808 2226 quaerens.
2848 2157 2943 2211 Pia
2982 2172 3112 2209 vero
3149 2155 3326 2209 anima
3366 2155 3431 2208 ad

1871 2250 2040 2311 locos,
2066 2249 2123 2303 in
2156 2250 2356 2318 quibus
2391 2249 2653 2320 justitiam
2688 2248 2904 2319 Operari
2960 2247 3261 2309 consuevit,
3297 2247 3429 2301 abit.

1874 2340 2059 2396 Tertio
2095 2349 2278 2395 autem
2306 2341 2395 2394 die
2421 2355 2612 2395 omnes
2651 2338 3085 2395 Christianorum
3125 2339 3331 2393 animas
3364 2338 3435 2393 ad

1873 2430 2053 2485 coelos
2087 2431 2283 2486 adduci
2327 2432 2502 2502 jubet,
2552 2432 2646 2500 qui
2687 2429 2777 2485 die
2833 2432 2997 2485 tertio
3027 2446 3057 2484 e
3086 2431 3317 2485 mortuis
3344 2446 3435 2485 re-

1873 2522 2126 2587 surrexit,
2148 2521 2655 2577 Christusomnium
2679 2523 2843 2587 Deus,
2878 2531 2939 2577 ut
2973 2522 3433 2577 resurrectionem

1872 2614 2044 2683 ipsius
2067 2614 2308 2669 imitatae
2326 2614 2497 2669 Deum
2524 2614 2767 2669 omnium
2783 2622 3155 2670 creaturarum
3184 2612 3432 2669 adorent.

1874 2705 2018 2761 Bene
2042 2706 2207 2776 igitur
2221 2721 2427 2760 morem
2458 2706 2623 2760 istum
2671 2706 2875 2759 retinet
2919 2706 3169 2768 ecclesia,
3196 2714 3255 2759 ut
3280 2705 3432 2760 obla-

1874 2797 2077 2853 tionem
2128 2804 2184 2851 et
2219 2797 2519 2852 orationem
2547 2797 2637 2851 die
2675 2797 2838 2852 tertio
2890 2812 2990 2867 pro
3029 2798 3209 2851 anima
3251 2796 3431 2851 faciat.

1874 2888 2001 2941 Post
2040 2887 2322 2941 adoratum
2371 2888 2537 2958 igitur
2581 2888 2751 2941 Deum
2779 2887 2846 2941 ab
2885 2887 2978 2939 illo
3022 2887 3330 2950 mandatur,
3362 2895 3437 2939 ut

1873 2978 2090 3032 diversa
2126 2994 2461 3048 amoenaque
2508 2987 2820 3033 sanctorum
2854 2978 3161 3032 habitacula
3206 2986 3262 3032 et
3280 2993 3438 3047 para-

1874 3069 1977 3122 disi
2028 3069 2377 3138 pulchritudo
2420 3070 2629 3123 animae
2685 3069 3060 3124 ostendantur.
3108 3068 3211 3122 lsta
3253 3070 3435 3122 omnia

1873 3159 2131 3229 perdiscit
2165 3161 2345 3214 anima
2378 3176 2471 3214 sex
2498 3161 2720 3230 integris
2758 3160 2951 3214 diebus
2973 3161 3143 3213 Deum
3190 3161 3435 3215 omnium

1876 3252 2214 3306 conditorem
2247 3252 2524 3305 admirans
2542 3260 2599 3305 et
2627 3251 2961 3306 collaudans.
3000 3252 3093 3305 Illa
3130 3254 3312 3307 omnia
3355 3253 3437 3307 vi-

1875 3341 2010 3396 dens
2065 3342 2245 3396 anima
2292 3342 2587 3411 derepente
2636 3350 2881 3396 mutatur
2934 3350 2991 3397 et
3050 3344 3253 3399 doloris
3307 3344 3431 3409 sui,

1876 3448 2037 3501 quem
2058 3434 2113 3486 in
2139 3447 2368 3503 corpore
2396 3433 2573 3501 posita
2592 3433 2923 3502 patiebatur,
2951 3434 3315 3490 obliviscitur.
3337 3434 3435 3493 Sin

1874 3538 2006 3577 vero
2034 3524 2270 3593 peccatis
2298 3524 2532 3578 obnoxia
2568 3525 2658 3586 sit,
2686 3540 2807 3577 cum
2850 3534 3157 3579 sanctorum
3186 3528 3434 3597 voluptav

1875 3621 1956 3667 tes
1986 3614 2151 3677 videt,
2175 3612 2482 3667 contristari
2532 3613 2871 3682 seipsamque
2902 3612 3263 3667 condemnare
3291 3614 3431 3666 inci-

1874 3703 1955 3771 pit
1976 3701 2286 3771 huiusmodi
2314 3700 2428 3755 fere
2474 3700 2660 3755 verbis
2708 3715 2804 3754 usa
2835 3718 2848 3752 :
2886 3700 2984 3754 Hei
3014 3700 3187 3754 mihi!
3228 3711 3430 3769 quanta

1874 3795 1929 3847 in
1963 3794 2054 3847 illo
2083 3793 2288 3847 mundo
2331 3791 2573 3846 laboravi
2618 3793 2887 3857 stultitia,
2933 3794 2990 3847 in
3041 3793 3433 3862 cupiditatibus

1872 3885 2015 3939 vitae
2059 3892 2339 3954 occupata.
2368 3882 2652 3937 Maximam
2700 3884 2843 3939 vitae
2893 3893 3104 3954 partem
3139 3887 3433 3939 oscitanter

1874 3975 2085 4038 decoxi,
2114 3990 2291 4044 neque
2324 3976 2460 4038 Deo,
2490 3975 2570 4028 uti
2600 3990 2698 4044 par
2723 3984 2861 4039 erat,
2881 3976 3101 4041 servivi,
3137 3985 3197 4031 ut
3241 3985 3297 4031 et
3317 3978 3431 4046 ipsa

1873 4063 2097 4132 gratiam
2124 4061 2457 4131 gloriamque
2508 4063 2665 4116 istam
2700 4076 3083 4132 consequerer.
3148 4066 3258 4120 Vae
3296 4066 3430 4120 mihi

1874 4157 2101 4209 miserae
2127 4171 2142 4219 ;
2165 4154 2342 4208 adhuc
2376 4154 2557 4207 animo
2587 4169 2705 4207 meo
2728 4154 2963 4208 insident
2999 4171 3160 4210 curae
3186 4165 3240 4210 et
3280 4156 3427 4227 [Pag.

1871 4245 1995 4316 260]
2023 4245 2398 4313 intempestiva
2430 4245 2757 4310 sollicitudo,
2802 4246 3002 4315 quibus
3023 4248 3115 4302 illo
3139 4248 3193 4302 in
3225 4250 3431 4303 mundo

1872 4339 2189 4393 distinebar.
2240 4336 2380 4401 Quid
2440 4337 2574 4389 mihi
2610 4338 2719 4405 jam
2771 4346 3001 4405 prosunt
3046 4339 3262 4401 vineta,
3292 4355 3432 4408 quae

1872 4430 2130 4500 plantavi,
2161 4435 2217 4483 et
2268 4429 2510 4482 oliveta?
2548 4430 2763 4496 qualem
2813 4445 2944 4483 vero
2983 4430 3115 4483 mihi
3138 4432 3429 4486 utilitatem

1871 4519 2132 4581 conferet,
2192 4531 2354 4586 quem
2390 4516 2631 4585 possedi,
2673 4518 2843 4586 ager?
2900 4517 3041 4583 Quid
3081 4519 3300 4574 demum
3340 4522 3431 4575 hic

1873 4611 2006 4664 mihi
2032 4610 2279 4679 proderit
2310 4610 2427 4665 auri
2454 4609 2705 4678 pondus?
2723 4618 2819 4663 aut
2837 4611 2997 4678 quale
3035 4611 3166 4664 mihi
3192 4628 3431 4667 commo-

1871 4703 1997 4757 dum
2037 4703 2141 4755 hoc
2168 4702 2221 4755 in
2282 4702 2403 4755 loco
2444 4700 2652 4754 dabunt
2694 4700 2956 4754 divitiae?
2986 4702 3093 4755 Aut
3139 4717 3427 4771 quamnam

1872 4793 2003 4847 mihi
2030 4792 2318 4846 utilitatem
2355 4791 2590 4845 aﬁerunt
2606 4806 2794 4845 omnes
2818 4792 2965 4846 vitae
2997 4801 3053 4846 et
3081 4794 3268 4847 mundi
3288 4794 3433 4848 illius

1865 4883 2273 4953 jucunditates?
2298 4883 2393 4937 Hei
2411 4882 2544 4936 mihi
2570 4885 2582 4936 l
2608 4882 3067 4937 frustralaboravi
3092 4902 3105 4947 ;
3139 4886 3224 4939 hei
3254 4887 3388 4939 mihi
3414 4891 3430 4940 ί

1873 4974 2014 5044 quod
2054 4976 2218 5029 stulte
2263 4975 2508 5028 vixerim.
2560 4974 2658 5028 Hei
2713 4975 2881 5029 mihi!
2934 4975 3111 5045 exigui
3172 4980 3433 5046 temporis

205 5072 451 5137 ἐκείνους
494 5067 547 5124 οἶ
597 5089 720 5140 μοι,
765 5071 844 5133 εἰς
882 5069 1057 5140 μάτην
1101 5067 1391 5121 ἐκοπίασα·
1436 5063 1487 5119 οἵ
1521 5084 1639 5135 μοι,
1688 5068 1768 5119 ὅτι
1865 5066 2089 5133 gloriam
2131 5082 2246 5120 ama

1865 5066 2089 5133 gloriam
2131 5068 2325 5130 amavi,
2356 5075 2632 5120 aeternam
2671 5076 3043 5137 paupertatem
3072 5070 3306 5123 obtinui.
3330 5072 3429 5124 Hei

204 5165 454 5235 ἀφρόνως
495 5164 714 5217 ἐϐίωσα*
746 5158 796 5213 οἷ
835 5177 942 5230 μοι,
983 5159 1080 5229 τὴν
1123 5159 1181 5210 ἐν
1218 5157 1381 5227 ὀλίγῳ
1410 5157 1586 5228 καιρῷ
1616 5157 1770 5221 δόξαν

204 5259 487 5327 ἠγάπησα,
530 5257 628 5325 τὴν
662 5253 883 5307 αίωνίαν
920 5249 1161 5319 πτωχίαν
1203 5250 1537 5319 ἐκτησάμην
1564 5245 1614 5301 οἷ
1656 5267 1747 5316 μοι

1867 5157 2035 5211 mihi!
2072 5158 2203 5226 quid
2237 5174 2392 5227 passa
2424 5160 2582 5212 sum?
2612 5159 2720 5213 Vae
2744 5158 2875 5219 milii
2903 5160 2915 5211 ί
2974 5160 3246 5227 quomodo
3270 5161 3426 5215 obte-

1868 5248 2092 5301 nebrata
2124 5265 2241 5302 sum
2261 5250 2282 5300 Ῥ
2299 5250 2415 5303 Non
2449 5251 2572 5303 novi
2591 5265 2740 5303 sane.
2770 5250 2879 5303 Vae
2904 5249 3036 5303 mihi
3055 5251 3067 5301 ί
3084 5250 3275 5304 Nullus
3291 5251 3426 5306 mihi

1680 5402 1924 5458 NOTAE.

298 5530 352 5593 4)
389 5528 530 5598 Lege
558 5528 627 5581 ἐν
667 5528 732 5596 τῇ
771 5527 1117 5595 μεταστάσει.
1140 5523 1201 5597 ll.
1232 5524 1559 5598 μεταστάσει,
1593 5520 1764 5591 [iam]

298 5600 351 5667 5)
387 5598 527 5667 Lege
565 5598 841 5667 ἀκαίρως.

298 5665 352 5734 6)
379 5665 581 5721 Forsan
606 5665 809 5734 ὅρμον.

307 5731 352 5805 ἴ)
382 5736 581 5791 Forsan
624 5731 903 5789 ⁴ὶοὸσσνιάνκ
942 5733 997 5789 Si
1042 5734 1187 5804 legas
1212 5734 1392 5805 ὄρνεον
1409 5734 1505 5804 τὴν
1530 5731 1765 5793 νοσσιὰν,

205 5806 389 5865 venas
428 5808 558 5859 situt
584 5808 692 5859 avis
726 5806 905 5857 nidum
945 5821 1218 5872 quaerens.

1950 5519 2193 5600 (8)-Vnox
2230 5522 2384 5600 _hacc
2406 5590 2418 5600 ‘
2442 5520 2493 5573 in
2527 5520 2648 5600 MS..-
2685 5521 2769 5574 vix
2791 5591 2803 5600 ι
2836 5522 2939 5600 legi
2987 5520 3424 5600 potesthorsan

1878 5590 2198 5661 ἀνοροῦσθαι
2230 5590 2453 5659 legenda
2481 5600 2581 5661 est.
2606 5590 2736 5661 [ch
2770 5590 3154 5658 ἀνυψοῦσθαι
3182 5590 3425 5647 Ευιτοιιί.

1948 5610 1972 5641 o
2012 5608 2198 5641 ουσυαι
2231 5608 2453 5659 legenda
2481 5608 2581 5642 est.
2607 5608 2656 5659 μ.

1948 5608 2022 5729 (ὅ)
2040 5660 2189 5729 Lege
2221 5659 2656 5727 προσκυνῆσαι.

1946 5728 2056 5789 (1οὶ
2088 5728 2228 5798 Lege
2290 5729 2551 5797 dumpar.
