4266 6356
839 372 932 424 591

2050 370 2114 422 10
2168 369 2436 424 ALBERT
2495 372 2847 427 FABRICIUS

3967 367 4075 423 592

835 488 1094 544 auxilium
1125 487 1265 539 ferre
1295 495 1489 554 potest,
1524 495 1579 538 ut
1616 494 1671 538 ct
1702 500 1800 555 ego
1844 485 2007 537 etiam
2046 486 2242 539 misera
2278 488 2380 540 Do-
2414 496 2456 547 Α
2487 502 2517 537 τ

2414 496 2456 547 Α
2487 489 2540 539 τί
2587 489 2861 552 πέπονθας
2908 487 3026 539 οὐαί
3062 504 3187 556 μοι,
3236 486 3351 548 πῶς
3385 485 3739 554 ἐσκοτίσοηνς
3779 485 3881 536 οὐκ
3928 477 4068 533 οῖδα.

836 580 965 632 mini
992 580 1214 648 gloriam
1254 591 1572 645 consequar.
1604 576 1891 645 Postquam
1925 586 2093 629 totum
2119 580 2390 647 justorum

834 672 1090 741 gaudium
1113 684 1207 723 sex
1226 668 1421 721 diebus
1454 667 1632 720 anima
1666 668 2069 736 insucctaverit,
2112 685 2303 723 rursus
2321 671 2389 723 ab

832 762 1038 831 angelis
1062 760 1130 814 ad
1156 758 1492 813 adorandum
1519 759 1685 811 Deum
1714 758 2020 811 adducitur.
2049 759 2191 813 Bene
2224 760 2389 829 igitur

832 854 1061 908 ecclesia
1107 853 1195 906 die
1245 866 1389 905 nona
1411 850 1657 919 liturgias
1692 866 1793 918 pro
1824 850 2079 904 defuncto
2136 853 2296 907 offert
2334 862 2391 908 et

831 946 1159 1000 oblationem
1188 943 1446 997 celebrat.
1480 942 1607 995 Post
1632 940 1923 994 secundam
1954 952 2137 995 autem
2191 944 2387 998 adora-

831 1036 1033 1087 tionem
1065 1045 1256 1085 rursus
1281 1030 1349 1083 ab
1385 1029 1629 1083 omnium
1680 1043 1861 1081 rerum
1900 1028 2127 1082 Domino
2162 1030 2385 1084 manda-

830 1133 938 1187 tur,
979 1132 1037 1177 ut
1076 1123 1132 1177 in
1162 1121 1431 1175 infernum
1458 1119 1759 1172 deducatur
1781 1119 1982 1183 anima,
2007 1127 2062 1173 et
2090 1135 2387 1189 poenarum

830 1216 947 1269 loca
976 1214 1053 1267 ibi
1099 1212 1295 1282 posita,
1351 1209 1672 1277 diversaque
1708 1208 2007 1263 inferorum
2036 1210 2291 1275 claustra,
2334 1221 2389 1266 et

827 1308 1076 1360 diversae
1110 1306 1187 1358 illi
1214 1303 1572 1358 ostendantur
1603 1302 1893 1370 impiorum
1938 1317 2163 1371 poenae,
2189 1304 2389 1371 quibus

825 1399 1128 1454 assidentes
1171 1405 1517 1465 peccatorum
1559 1393 1769 1446 animae
1818 1393 2039 1446 assiduo
2089 1394 2274 1464 lugent
2324 1411 2388 1449 ac

826 1494 1019 1545 dentes
1047 1489 1303 1543 stridunt.
1355 1487 1457 1541 Per
1477 1486 1639 1539 hasce
1695 1500 1993 1552 poenarum
2045 1485 2387 1540 diversitates

825 1582 1207 1637 circumfertur
1252 1578 1432 1631 anima
1481 1576 1599 1630 dies
1657 1576 1896 1645 triginta,
1935 1576 2382 1639 eontremiscens,

825 1684 893 1721 ne
916 1678 971 1721 et
1001 1667 1115 1735 ipsa
1136 1666 1362 1720 forsitan
1384 1665 1436 1717 in
1463 1665 1554 1717 illo
1570 1664 1689 1717 loco
1715 1664 2036 1717 incarcerari
2057 1664 2384 1718 condemne-

824 1769 934 1813 tur.
969 1761 1066 1814 Die
1098 1757 1511 1828 quadragesimo
1557 1770 1775 1809 sursum
1812 1755 2011 1808 iterum
2053 1755 2120 1807 ad
2152 1755 2384 1809 adoran-

2492 582 2613 633 ούαί
2641 598 2761 650 μοι,
2797 580 2969 642 οὐδεὶς
3010 580 3295 648 δυνήσεται
3335 579 3428 630 νῦν
3465 575 3726 647 βοηθῆσαί
3762 591 3853 644 μοι
3875 613 3891 636 ,
3922 573 4074 631 ὅπως

2492 671 2646 735 κάγὼ
2689 673 2722 740 ἡ
2765 670 2921 722 ἀθλία
2963 670 3108 737 τύχω
3136 670 3236 738 τῆς
3260 670 3416 739 δόξης
3450 668 3545 721 τοῦ
3576 668 3792 735 κυρὶου.
3836 662 3983 733 μετά
4017 664 4070 715 δὲ

2489 762 2550 815 τὸ
2593 761 2864 831 οεωρῆσαι
2906 762 3084 813 πᾶσαν
3114 760 3211 829 τὴν
3238 761 3408 831 χαρὰν
3445 759 3553 810 τῶν
3587 756 3810 810 δικαίων
3853 758 3916 807 ἐν
3950 757 4071 815 'za't;

2490 853 2549 917 ἒξ
2573 854 2823 924 ἡμέραις,
2863 852 3022 904 πάλιν
3055 852 3382 921 ἀναφέρεται
3425 852 3529 904 ὑπὸ
3562 850 3667 903 τῶν
3709 848 3965 917 ἀγγέλων
3993 849 4069 909 εἰς

2490 943 2855 1014 προσκύνησιν
2878 942 2970 995 τοῦ
2994 942 3147 996 Θεοῦ.
3173 940 3353 1005 καλῶς
3375 939 3468 994 οὖν
3490 939 3786 1011 προσφέρει
3815 940 3876 989 ἐν
3928 941 4000 1006 τῇ
4028 938 4069 990 Θ’

2490 1036 2672 1106 ἡμέρᾳ.
2716 1033 3049 1105 λειτουργίας
3093 1034 3187 1087 καὶ
3237 1033 3554 1103 προσφορὰν
3592 1028 3884 1085 ἐκτελοῦσα
3920 1029 4069 1099 ὑπὲρ

2487 1125 2583 1178 τοῦ
2619 1125 3053 1193 τελευτήσαντος.
3102 1123 3238 1194 μετά
3281 1124 3337 1176 δὲ
3376 1124 3473 1192 τὴν
3518 1122 3780 1191 δευτέραν
3814 1120 4066 1190 προσκύ-

2487 1228 2640 1282 νησιν
2668 1213 2827 1265 πάλιν
2850 1212 3055 1279 γίνεται
3077 1212 3321 1274 κέλευσις
3342 1210 3489 1279 παρά
3510 1208 3604 1263 τοῦ
3626 1212 3843 1263 πάντων
3866 1208 4070 1281 δεσπότ

2486 1321 2603 1368 του,
2637 1304 2968 1371 καταγαγεῖν
2992 1302 3160 1373 αὐτὴν
3184 1303 3241 1354 ἐν
3268 1300 3345 1372 τῷ
3372 1302 3473 1373 ᾄδῃ
3502 1303 3597 1354 καὶ
3623 1300 3794 1364 δεῖξαι
3824 1300 3971 1370 αὐτῇ
3998 1299 4067 1353 τὰ

2488 1397 2666 1449 ἐκεῖσε
2696 1396 3026 1465 κολαστήρια
3056 1394 3150 1447 καὶ
3174 1394 3404 1463 διάφορα
3432 1394 3603 1463 ταμία
3642 1382 3735 1445 τοῦ
3767 1392 3895 1463 ᾷδου
3913 1434 3932 1457 ,
3968 1391 4067 1443 καὶ

2487 1488 2584 1549 τάς
2614 1485 2721 1537 τῶν
2761 1485 2972 1538 ἀσεϐῶν
2996 1485 3281 1554 διαφόρους
3312 1485 3575 1545 κολάσεις,
3605 1486 3683 1547 εἰς
3709 1484 3775 1547 ἃς
3801 1501 4067 1553 παρακα-

2488 1576 2771 1647 θεζόμεναι
2810 1578 2865 1628 αἱ
2898 1576 3064 1646 ψυχαὶ
3096 1576 3204 1628 τῶν
3242 1576 3578 1645 ἁμαρτωλῶν
3609 1575 3872 1645 διηνεκῶς
3917 1574 4065 1643 θρη-

2488 1668 2636 1721 νοῦσι
2664 1670 2755 1721 καὶ
2789 1668 3045 1738 βρύχουσι
3084 1669 3206 1728 τους
3231 1670 3464 1731 ὀδόντας.
3499 1670 3595 1720 καὶ
3634 1672 3691 1721 ἐν
3722 1671 3842 1729 ταῖς
3870 1668 4066 1720 τοιαύ-

2485 1776 2606 1822 ταις
2646 1761 2924 1829 διαφοραῖς
2968 1759 3075 1811 τῶν
3122 1760 3393 1813 κολάσεων
3438 1760 3788 1829 περιφέρεται
3824 1760 3858 1826 ἡ
3905 1758 4062 1826 ψυχὴ

823 1852 952 1905 dum
1012 1852 1181 1904 Deum
1215 1848 1531 1912 reducitur;
1582 1853 1640 1901 et
1695 1856 1824 1899 tunc
1875 1845 2175 1899 secundum
2218 1861 2385 1915 opera
2416 1854 2508 1926 Bi

2376 1865 2385 1900 ι
2416 1871 2458 1926 Β
2487 1848 3445 1925 ἡμέρᾳ(11-1Ξ)λ’τρέμουσα,μήπως
3472 1852 3578 1919 ἀρα
3604 1851 3698 1902 καὶ
3725 1849 3861 1919 αὑτὴ
3890 1850 3951 1900 ἐν
3979 1850 4061 1918 τῷ

824 1945 970 1996 illius
993 1942 1174 1996 locum
1214 1941 1312 2002 illi,
1346 1940 1439 1993 ubi
1468 1940 1523 1992 in
1552 1947 1836 1991 aeternum
1867 1946 2198 2001 asservetur,
2236 1937 2381 1991 indi—

821 2036 897 2088 cit
928 2034 1113 2104 judex.
1179 2034 1320 2085 Bene
1380 2032 1546 2101 igitur
1589 2031 1643 2083 in
1692 2029 1922 2083 ecclesia
1972 2030 2280 2083 celebratur
2325 2029 2382 2082 in

820 2125 1202 2178 defunctorum
1235 2130 1290 2175 et
1320 2121 1715 2191 baptizatorum
1755 2120 2095 2173 memoriam.
2131 2120 2208 2173 De
2261 2120 2380 2173 ani-

822 2215 1013 2268 mabus
1034 2228 1185 2275 vero,
1217 2227 1355 2280 quae
1394 2225 1608 2264 sacrum
1639 2209 1903 2277 baptisma
1920 2225 2197 2278 nunquam
2227 2225 2378 2263 rece-

819 2314 1040 2376 perunt,
1074 2318 1161 2358 res
1183 2318 1301 2357 sese
1330 2303 1445 2371 pari
1495 2301 1658 2354 modo
1697 2316 1805 2353 non
1835 2300 2021 2363 habet,
2058 2300 2151 2354 sed
2198 2301 2252 2354 in
2315 2316 2381 2355 eo

820 2415 949 2453 casu
984 2397 1160 2468 angeli
1194 2396 1547 2449 inclementes
1585 2394 1795 2447 animas
1833 2408 1941 2446 non
1989 2393 2289 2463 baptizatas
2349 2410 2380 2447 e

819 2504 1048 2557 corpore
1084 2486 1375 2554 accipiunt,
1434 2484 1783 2538 verberantes
1830 2484 1949 2538 illas
2000 2493 2057 2537 et
2088 2485 2331 2538 dicentes
2364 2502 2377 2537 :

819 2582 1116 2644 Adesdum,
1151 2580 1315 2649 impia
1384 2579 1600 2640 anima;
1630 2578 1754 2646 quis
1788 2577 2051 2631 Dominus
2090 2586 2215 2631 tuus
2265 2593 2380 2631 om-

819 2674 1077 2742 niumque
1119 2672 1281 2731 Deus,
1313 2682 1474 2738 quem
1510 2666 1648 2721 scire
1691 2665 1934 2729 noluisti,
1978 2654 2034 2719 in
2067 2666 2269 2721 mundo
2291 2683 2378 2721 se-

818 2782 951 2819 cura
1008 2763 1249 2832 degens?
1297 2760 1453 2814 Nunc
1475 2772 1608 2812 vero
1654 2771 1781 2810 eum
1852 2771 2083 2826 agnosce
2142 2759 2381 2812 aeternis

819 2857 1031 2911 addicta
1057 2854 1265 2923 poenis.
1287 2850 1421 2905 Dein
1447 2849 1511 2903 ad
1542 2849 1777 2918 primum
1796 2863 1967 2917 usque
2004 2849 2215 2902 coelum
2234 2850 2379 2903 illam

823 2946 1171 3007 adducentes,
1222 2957 1340 2995 eam
1376 2940 1594 3003 sistunt,
1646 2938 1831 3007 illique
1882 2953 1913 2992 e
1946 2939 2241 3009 longinquo
2287 2955 2379 2994 os-

819 3039 1047 3092 tendunt
1067 3035 1380 3105 angelorum
1421 3032 1771 3100 omniumque
1798 3031 2113 3086 coelestium
2145 3042 2381 3101 potesta-

820 3142 933 3184 tum
970 3130 1196 3201 gloriam
1224 3126 1505 3180 dicentes:
1550 3124 1782 3177 Istorum
1832 3124 2077 3177 omnium
2116 3125 2379 3180 Dominus

2481 1942 2704 2009 τοιούτῳ
2752 1940 2900 2011 τόπῳ
2947 1942 3248 2011 κατακριθῇ
3302 1940 3682 2007 φυλάττεσθαι.
3735 1940 3829 1992 καὶ
3878 1942 3947 2009 τῇ
4005 1938 4057 2008 μ’

2482 2036 2661 2113 ἡμέρᾳ
2686 2036 3015 2105 ἀναφέρεται
3040 2035 3198 2087 πάλιν
3226 2034 3601 2106 προσκυνῆσαι
3626 2033 3704 2102 τῷ
3730 2032 3929 2113 κυρίῳ,
3959 2032 4059 2084 καὶ

2479 2111 2607 2176 τότε
2635 2125 2814 2176 λοιπὸν
2848 2123 2983 2195 πρὸς
3028 2122 3096 2176 τὰ
3141 2121 3277 2193 ἔργα
3317 2123 3485 2191 αὐτῆς
3522 2120 3731 2173 κελεύει
3781 2111 3810 2171 ό
3859 2116 4057 2189 κριτὴς

2478 2214 2569 2267 τὸν
2600 2214 2764 2267 τόπον
2787 2218 2885 2284 τῆς
2915 2214 3330 2282 παραφυλακῆς.
3363 2213 3540 2275 καλῶς
3570 2212 3870 2263 ἐκτελεῖται
3896 2211 3955 2261 ἐν
3984 2212 4051 2278 τῇ

2479 2306 2744 2377 ἐκκλησίᾳ
2770 2308 2887 2368 ταῖς
2923 2304 3130 2375 μνείαις
3158 2305 3265 2355 τῶν
3297 2304 3705 2373 μεθισταμένων
3736 2304 3831 2354 καὶ
3865 2318 4057 2367 πεφωο

2479 2397 2769 2465 τισμένων.
2804 2396 2897 2448 ἐπὶ
2921 2395 2975 2447 δὲ
2996 2394 3104 2447 τῶν
3132 2395 3316 2465 ψυχῶν
3348 2395 3453 2446 τῶν
3480 2397 3552 2464 μὴ
3593 2392 3831 2463 ἐχουσῶν
3856 2392 4055 2462 βάπτι-

2482 2505 2591 2557 σμα
2622 2489 2683 2539 τὸ
2714 2487 2889 2556 ἀγιον,
2912 2488 3008 2557 οὐχ
3045 2486 3237 2548 οὕτως.
3267 2487 3401 2539 ἀλλά
3436 2485 3683 2557 [ἀπονοῖς
3712 2484 3820 2555 (13)
3841 2484 3859 2553 1
3884 2484 4056 2551 ἀγγε-

2478 2581 2559 2633 λοι
2591 2580 2852 2650 ἀπότομοι
2885 2580 2993 2649 (ιι)
3018 2579 3349 2649 λαμϐάνουσι
3380 2580 3474 2641 τὰς
3510 2578 3845 2641 ἀφωτίστους
3872 2576 4051 2645 ψυχὰς

2479 2673 2585 2726 ἀπὸ
2616 2672 2709 2725 τοῦ
2758 2672 3026 2743 σώματος,
3066 2673 3357 2736 τύπτοντες
3398 2674 3492 2725 καὶ
3539 2672 3816 2737 λέγοντες·
3852 2669 4049 2739 δεῦρο,

2480 2762 2682 2831 ἀσεϐὴς
2705 2762 2869 2833 ψυχὴ,
2894 2762 2976 2825 τίς
3003 2764 3031 2815 ὁ
3055 2763 3320 2833 δεσπότης
3350 2780 3443 2815 σου
3472 2763 3564 2814 καὶ
3588 2761 3805 2813 πάντων
3835 2760 4048 2830 κύριος,

2479 2854 2537 2906 ὃν
2578 2856 2678 2907 οὐκ
2718 2855 2975 2925 ὲΟέλησας
3008 2854 3237 2921 γνῶναι,
3273 2857 3328 2907 ἐν
3365 2854 3545 2907 ἀνέσει
3586 2853 3846 2920 διάγουσα
3882 2856 3939 2903 ἐν
3972 2852 4051 2921 τῷ

2480 2947 2699 3015 κόσμῳ;
2731 2945 2824 2997 νῦν
2853 2946 3020 3013 γνῶθι
3056 2950 3437 3017 τιμωρουμένη
3475 2945 3725 3007 αἰωνίως.
3754 2945 3846 2997 καὶ
3886 2945 4050 3013 μέχρι

2478 3036 2569 3088 τοῦ
2616 3038 2827 3109 πρώτου
2875 3038 3101 3109 οὐρανοῦ
3144 3040 3434 3106 ἀνάγοντες
3477 3041 3653 3091 ἱστᾶσι
3701 3037 3794 3088 καὶ
3836 3034 4051 3087 δεικνῦε

2480 3145 2564 3180 σιν
2607 3130 2740 3199 αὐτῇ
2794 3132 2858 3181 ἐκ
2893 3130 3124 3200 μήκοθεν
3168 3130 3265 3197 τὴν
3308 3130 3465 3194 δόξαν
3500 3130 3608 3181 τῶν
3654 3128 3901 3196 ἀγγέλων
3951 3128 4052 3178 καὶ

818 3232 901 3275 est
928 3222 1085 3275 Jesus
1117 3219 1367 3275 Christus
1396 3216 1489 3271 Dei
1547 3217 1655 3269 vivi
1696 3215 1859 3278 filius,
1892 3231 2053 3284 quem
2081 3231 2377 3286 agnoscere
2407 3207 2449 3265 C
2482 3238 2503 3271 τ

2365 3207 2449 3271 3C
2482 3220 2699 3273 πάντων
2746 3222 2853 3273 τῶν
2906 3220 3168 3290 οὐρανίων
3227 3221 3535 3288 δυνάμεων,
3591 3221 3856 3287 λέγοντες·
3924 3219 4050 3270 τού-

816 3322 871 3369 et
894 3314 1123 3368 adorare
1162 3309 1401 3364 noluisti.
1436 3308 1615 3377 Apage
1637 3307 1835 3360 abhinc
1871 3324 2001 3360 vero
2022 3307 2088 3360 ad
2114 3309 2191 3360 tui
2228 3308 2377 3361 simi-

815 3407 898 3463 les
926 3405 1121 3475 impios
1180 3415 1478 3469 eorumque
1508 3399 1807 3469 principem
1841 3398 2113 3453 diabolum
2144 3400 2376 3454 abducta

817 3499 873 3551 in
898 3504 1178 3550 aeternum
1202 3495 1379 3562 ignem
1404 3499 1717 3561 apparatum
1742 3491 1959 3544 diabolo
1986 3501 2147 3559 atque
2169 3492 2374 3561 angelis

813 3588 953 3656 ejus,
994 3600 1134 3654 quos
1159 3584 1215 3637 in
1237 3583 1376 3636 vivis
1401 3582 1578 3636 adhuc
1601 3584 1773 3651 posita
1804 3592 2058 3651 tanquam
2083 3583 2223 3635 Deos
2271 3584 2370 3635 ad-

814 3677 1003 3730 orasti.
1032 3677 1323 3742 Postquam
1360 3672 1462 3725 ista
1489 3671 1752 3726 dixissent
1782 3673 1985 3741 angeli,
2028 3687 2245 3725 servum
2274 3672 2370 3726 Dei

814 3765 1105 3821 Macarium
1133 3762 1362 3831 amplexi
1392 3776 1423 3814 e
1462 3770 1754 3829 conspectu
1795 3770 1981 3813 nostro
2007 3771 2365 3815 evanuerunt.

814 3860 922 3913 Nos
958 3872 1089 3911 vero
1119 3855 1343 3926 gloriam
1373 3851 1660 3905 reddamus
1688 3852 1833 3906 Patri
1862 3861 1916 3906 et
1960 3851 2097 3906 Filio
2121 3860 2179 3905 et
2200 3851 2371 3921 Spiri-

814 3951 892 4004 tui
934 3955 1121 4002 sancto
1171 3958 1317 3999 nunc
1342 3954 1398 3997 et
1426 3942 1480 3995 in
1525 3942 1737 3996 saecula
1768 3942 2126 3996 saeculorum.
2173 3942 2366 3997 Amen.

2481 3328 2589 3363 των
2629 3312 2881 3364 ἁπάντων
2924 3310 3109 3381 κύριός
3150 3314 3294 3364 ἐστιν
3348 3311 3553 3379 Ἰησοῦς
3593 3310 3824 3380 Χριστὸς
3862 3312 3890 3361 ὁ
3928 3310 4049 3372 υῖὺς

2482 3401 2575 3454 τοῦ
2612 3401 2747 3454 Θεοῦ
2785 3401 2878 3454 τοῦ
2917 3401 3137 3465 ζῶντος,
3171 3402 3230 3454 ὃν
3270 3402 3368 3454 οὐκ
3400 3400 3668 3470 ἠθέλησας
3704 3401 3907 3467 γνῶναι
3950 3400 4050 3451 καὶ

2481 3492 2872 3561 προσκυνῆσαν
2928 3492 3042 3545 ἀλλ’
3096 3492 3402 3560 ἀπαχθεῖσα
3458 3492 3594 3560 πρὸς
3641 3492 3766 3552 τοὺς
3822 3490 4046 3558 ὁμοίους

2479 3581 2694 3643 ἀσεϐεῖς
2723 3584 2815 3635 καὶ
2842 3582 2933 3634 τὸν
2961 3582 3165 3634 τούτων
3206 3582 3437 3652 ἀρχοντα
3467 3582 3557 3633 τὸν
3593 3581 3835 3634 διάϐολον
3866 3583 3945 3643 εἰς
3984 3580 4048 3632 τὸ

2476 3670 2587 3739 πῦρ
2628 3670 2689 3723 τὸ
2726 3670 2939 3723 αἰώνιον
2992 3673 3053 3724 τὸ
3099 3672 3495 3741 ἡτοιμασμένον
3542 3672 3620 3741 τῷ
3670 3672 3899 3741 διαϐόλῳ
3948 3673 4047 3724 καὶ

2472 3765 2583 3826 τοῖς
2627 3762 2877 3830 ἀγγέλοις
2915 3763 3100 3825 αὑτοῦ,
3126 3764 3218 3827 οὓς
3264 3766 3320 3815 ἐν
3364 3764 3440 3833 τῷ
3493 3764 3590 3834 βίῳ
3632 3782 3723 3817 σου
3771 3765 3845 3826 ὡς
3884 3764 4047 3827 Θεοὺς

2474 3855 2902 3925 προσεκύνησας.
2936 3856 3107 3909 ταῦτα
3137 3856 3382 3917 εἰπόντες
3406 3858 3455 3908 οἱ
3488 3856 3707 3923 ἄγγελοι
3740 3857 3832 3908 καὶ
3861 3857 4042 3907 ἀσπα-

2474 3945 2698 4015 σάμενοι
2729 3946 2818 3998 τὸν
2843 3945 3025 3999 δοῦλον
3048 3946 3140 3999 τοῦ
3167 3946 3299 3999 Θεοῦ
3332 3947 3635 4017 Μακάριον,
3666 3948 3889 4015 ἀφανεῖς
3919 3948 4041 4012 ἐγέ-

814 4060 963 4096 νοντο
993 4041 1084 4109 ἀφ’
1119 4039 1295 4108 ἡμῶν.
1347 4038 1536 4105 Ἡμεῖς
1581 4037 1636 4088 δὲ
1703 4036 1858 4099 δόξαν
1923 4037 2331 4107 ἀναπέμψωμεν
2364 4036 2443 4106 τῷ
2480 4040 2647 4109 πατρὶ
2697 4041 2790 4092 καὶ
2824 4039 2901 4109 τῷ
2940 4040 3038 4109 υἱῷ
3085 4040 3177 4093 καὶ
3209 4040 3286 4109 τῷ
3334 4041 3472 4108 ἁγίῳ
3512 4040 3779 4110 πνεύματι
3812 4039 3907 4092 νῦν
3942 4041 4042 4092 καὶ

812 4136 898 4188 ἀεὶ
935 4134 1031 4185 καὶ
1064 4132 1143 4193 εις
1172 4130 1297 4192 τοὺς
1334 4128 1537 4191 αἰῶνας
1567 4127 1676 4181 τῶν
1713 4128 1943 4182 αἰώνων.
1977 4130 2142 4199 ἀμήν.

2278 4222 2525 4278 NOTAE.

883 4316 1084 4388 (ιι-ιε)
1116 4316 1257 4387 Lege
1284 4314 1523 4385 ἡμέρας.

886 4382 902 4459 ζ
910 4391 994 4459 15)
1028 4392 1144 4445 Vox
1167 4382 1619 4455 forte'corrupta.
1645 4384 1796 4455 [Leg.
1824 4382 2084 4451 ἀπηνῶς.
2113 4386 2307 4457 Eum].

2550 4319 2659 4387 (l4)
2708 4318 2918 4389 Forsan
2962 4320 3250 4389 legendum
3287 4318 3419 4372 ἀλλὰ
3479 4319 3717 4389 ἄγγελοι
3784 4319 4037 4386 ἀπηνεῖς

2476 4389 2572 4440 καὶ
2612 4388 2896 4457 ἀπότομοι.

3609 4538 4006 4553 -ιυ--σξ

820 4531 4013 4569 ,ές-,Μὴν

852 4542 905 4551 <-

1453 4718 1975 4810 IOANNES
2074 4721 2687 4811 ALBEBTUS
2794 4725 3412 4814 FABRICIUS

2391 4891 2458 4929 DE

1290 4990 1386 5044 SS.
1429 4986 1879 5043 MACARIORUM
1909 4986 2226 5041 AEGYPTII
2264 4988 2353 5041 ET
2392 4988 2855 5042 ALEXANDRINI
2897 4989 3073 5043 VITIS
3110 4990 3197 5043 ΕΤ
3234 4988 3537 5043 SCRIPTIS

1809 5100 1941 5155 Cum
1974 5104 2107 5155 notis
2135 5102 2377 5157 Cottlieb.
2402 5101 2756 5171 Christopltori
2788 5105 2995 5158 Ilarles.

803 5223 894 5288 [ιο.
939 5222 1044 5271 Alb.
1073 5220 1280 5270 Fabricii
1305 5219 1602 5272 Bibliotheca
1632 5223 1813 5288 Graeca
1836 5223 1941 5288 sive
1968 5222 2141 5288 notitia
2172 5218 2712 5288 sctjptornmyeterum
2733 5235 3039 5288 graecorum:
3065 5222 3252 5288 ὲῙΞὸἰιὶο
3278 5236 3399 5272 nova
3422 5234 3535 5271 cura
3560 5222 3707 5271 Gottl.
3734 5221 4010 5286 Christoph.

1774 5284 1967 5331 Harles.
2008 5282 2179 5330 Hamb.
2208 5280 2347 5338 1802,
2374 5280 2424 5326 4⁰
2451 5280 2556 5328 Vol.
2595 5283 2696 5332 νιιι
2801 5283 3086 5348 361—566.]

866 5476 889 5527 l
926 5472 1187 5526 Macarius
1217 5470 1457 5540 Magnus,
1488 5470 1781 5539 Aegyptius
1808 5469 2105 5538 monachus
2126 5478 2181 5523 et
2208 5472 2510 5542 presbyter,
2536 5472 2590 5526 S.
2617 5472 2835 5525 Antonii
2854 5464 3163 5541 discipulus
3191 5470 3288 5543 (1),
3316 5471 3572 5542 magister
3600 5469 3817 5539 Evagrii
3868 5470 4012 5525 Pon-

800 5569 909 5631 tici,
940 5566 1074 5621 obiit
1103 5567 1156 5619 in
1188 5564 1403 5618 deserto
1423 5563 1617 5629 Scithi,
1648 5564 1702 5617 in
1728 5578 1836 5631 quo
1866 5562 1933 5614 ab
1957 5578 2006 5614 a.
2028 5560 2087 5615 C.
2116 5563 2210 5616 521
2249 5574 2499 5619 versatus
2538 5576 2639 5629 est,
2675 5566 3068 5635 nonagenarius
3087 5565 3229 5619 circa
3256 5579 3302 5617 a.
3339 5564 3398 5620 C.
3426 5564 3545 5618 59L
3581 5564 3653 5617 De
3682 5577 3791 5631 quo
3815 5558 4009 5617 Socra-

2255 5678 2503 5734 NOTAE.

870 5775 940 5843 (ι)
974 5773 1051 5829 (1f.
1095 5772 1330 5826 Lambcc.
1369 5772 1573 5826 Comm.
1609 5771 1667 5825 T.
1701 5770 1809 5823 Vlll
1832 5785 1946 5838 pag.
1990 5768 2090 5822 7‘22
2123 5785 2239 5838 sqq.
2272 5768 2442 5822 llam.
