  <div class='ocr_page' id='page_1' title='image "/cluster/home/n/w/nwhite01/storage/ocr_20150623/34/nnc1.0046978860/208.png"; bbox 0 0 4266 6356; ppageno 0'>
   <div class='ocr_carea' id='block_1_1' title="bbox 191 346 3421 434">
    <p class='ocr_par' dir='ltr' id='par_1_1' title="bbox 191 346 3421 434">
     <span class='ocr_line' id='line_1_1' title="bbox 191 346 3421 434; baseline 0.005 -20"><span class='ocrx_word' id='word_1_1' title='bbox 191 346 301 405; x_wconf 72' lang='lat'><strong>397</strong></span> <span class='ocrx_word' id='word_1_2' title='bbox 1001 365 1089 420; x_wconf 90' lang='lat' dir='ltr'><strong>DE</strong></span> <span class='ocrx_word' id='word_1_3' title='bbox 1127 364 1223 422; x_wconf 91' lang='lat' dir='ltr'><strong>ss.</strong></span> <span class='ocrx_word' id='word_1_4' title='bbox 1267 366 1590 425; x_wconf 77' lang='lat' dir='ltr'><strong>MACARIIS</strong></span> <span class='ocrx_word' id='word_1_5' title='bbox 1623 370 1964 430; x_wconf 80' lang='lat' dir='ltr'><strong>AEGYPTIO</strong></span> <span class='ocrx_word' id='word_1_6' title='bbox 2002 375 2090 430; x_wconf 77' lang='lat' dir='ltr'><strong>ur</strong></span> <span class='ocrx_word' id='word_1_7' title='bbox 2123 377 2627 434; x_wconf 53' lang='lat' dir='ltr'><strong>unumunum.</strong></span> <span class='ocrx_word' id='word_1_8' title='bbox 3318 374 3421 429; x_wconf 74' lang='lat'><strong>593</strong></span> 
     </span>
    </p>
   </div>
   <div class='ocr_carea' id='block_1_2' title="bbox 191 469 3420 567">
    <p class='ocr_par' dir='ltr' id='par_1_2' title="bbox 191 469 3420 567">
     <span class='ocr_line' id='line_1_2' title="bbox 191 469 3420 567; baseline 0.004 -37"><span class='ocrx_word' id='word_1_9' title='bbox 191 469 469 567; x_wconf 37' lang='lat' dir='ltr'><strong>Phegniata</strong></span> <span class='ocrx_word' id='word_1_10' title='bbox 502 486 558 530; x_wconf 94' lang='lat' dir='ltr'><strong>et</strong></span> <span class='ocrx_word' id='word_1_11' title='bbox 588 477 841 535; x_wconf 88' lang='lat' dir='ltr'><strong>llomiliis</strong></span> <span class='ocrx_word' id='word_1_12' title='bbox 864 483 1081 539; x_wconf 78' lang='lat' dir='ltr'><strong>Macarii</strong></span> <span class='ocrx_word' id='word_1_13' title='bbox 1102 487 1680 560; x_wconf 80' lang='lat' dir='ltr'><strong>sublunxitGadfridus</strong></span> <span class='ocrx_word' id='word_1_14' title='bbox 1704 493 1991 560; x_wconf 81' lang='lat' dir='ltr'><strong>Arnoldus,</strong></span> <span class='ocrx_word' id='word_1_15' title='bbox 2023 495 2342 566; x_wconf 70' lang='lat' dir='ltr'><strong>addiditque</strong></span> <span class='ocrx_word' id='word_1_16' title='bbox 2364 496 2609 567; x_wconf 78' lang='lat' dir='ltr'><strong>Gregorii</strong></span> <span class='ocrx_word' id='word_1_17' title='bbox 2639 497 2768 551; x_wconf 84' lang='lat' dir='ltr'><strong>Naz.</strong></span> <span class='ocrx_word' id='word_1_18' title='bbox 2794 497 3095 552; x_wconf 87' lang='lat' dir='ltr'><strong>orationem</strong></span> <span class='ocrx_word' id='word_1_19' title='bbox 3116 494 3137 549; x_wconf 88' lang='grc' dir='ltr'>ι</span> <span class='ocrx_word' id='word_1_20' title='bbox 3162 494 3274 547; x_wconf 84' lang='lat' dir='ltr'><strong>sive</strong></span> <span class='ocrx_word' id='word_1_21' title='bbox 3288 506 3420 559; x_wconf 84' lang='lat' dir='ltr'><strong>apo-</strong></span> 
     </span>
    </p>
   </div>
   <div class='ocr_carea' id='block_1_3' title="bbox 191 562 3421 661">
    <p class='ocr_par' dir='ltr' id='par_1_3' title="bbox 191 562 3421 661">
     <span class='ocr_line' id='line_1_3' title="bbox 191 562 3421 661; baseline 0.007 -45"><span class='ocrx_word' id='word_1_22' title='bbox 191 562 487 661; x_wconf 56' lang='lat' dir='ltr'><strong>logeticum</strong></span> <span class='ocrx_word' id='word_1_23' title='bbox 515 570 583 625; x_wconf 89' lang='lat' dir='ltr'><strong>de</strong></span> <span class='ocrx_word' id='word_1_24' title='bbox 607 571 733 644; x_wconf 80' lang='lat' dir='ltr'><strong>fuga</strong></span> <span class='ocrx_word' id='word_1_25' title='bbox 752 590 870 641; x_wconf 91' lang='lat' dir='ltr'><strong>sua,</strong></span> <span class='ocrx_word' id='word_1_26' title='bbox 896 578 1132 636; x_wconf 83' lang='lat' dir='ltr'><strong>Zenonis</strong></span> <span class='ocrx_word' id='word_1_27' title='bbox 1156 582 1486 639; x_wconf 79' lang='lat' dir='ltr'><strong>Veronensis</strong></span> <span class='ocrx_word' id='word_1_28' title='bbox 1505 600 1811 643; x_wconf 89' lang='lat' dir='ltr'><strong>sermonem</strong></span> <span class='ocrx_word' id='word_1_29' title='bbox 1841 589 1909 644; x_wconf 92' lang='lat' dir='ltr'><strong>de</strong></span> <span class='ocrx_word' id='word_1_30' title='bbox 1937 589 2063 653; x_wconf 86' lang='lat' dir='ltr'><strong>ﬁde,</strong></span> <span class='ocrx_word' id='word_1_31' title='bbox 2088 591 2143 645; x_wconf 90' lang='lat' dir='ltr'><strong>S.</strong></span> <span class='ocrx_word' id='word_1_32' title='bbox 2170 562 2758 661; x_wconf 74' lang='lat' dir='ltr'><strong>Ephracmisermones</strong></span> <span class='ocrx_word' id='word_1_33' title='bbox 2806 600 3057 661; x_wconf 90' lang='lat' dir='ltr'><strong>quatuor,</strong></span> <span class='ocrx_word' id='word_1_34' title='bbox 3101 589 3159 643; x_wconf 92' lang='lat' dir='ltr'><strong>S.</strong></span> <span class='ocrx_word' id='word_1_35' title='bbox 3203 586 3309 642; x_wconf 83' lang='lat' dir='ltr'><strong>Nili</strong></span> <span class='ocrx_word' id='word_1_36' title='bbox 3352 584 3421 637; x_wconf 86' lang='lat' dir='ltr'><strong>li-</strong></span> 
     </span>
    </p>
   </div>
   <div class='ocr_carea' id='block_1_4' title="bbox 192 654 3425 755">
    <p class='ocr_par' dir='ltr' id='par_1_4' title="bbox 192 654 3425 755">
     <span class='ocr_line' id='line_1_4' title="bbox 192 654 3425 755; baseline 0.007 -47"><span class='ocrx_word' id='word_1_37' title='bbox 192 654 357 710; x_wconf 88' lang='lat' dir='ltr'><strong>brum</strong></span> <span class='ocrx_word' id='word_1_38' title='bbox 388 664 703 728; x_wconf 82' lang='lat' dir='ltr'><strong>asceticum,</strong></span> <span class='ocrx_word' id='word_1_39' title='bbox 727 677 783 722; x_wconf 91' lang='lat' dir='ltr'><strong>et</strong></span> <span class='ocrx_word' id='word_1_40' title='bbox 810 672 988 740; x_wconf 90' lang='lat' dir='ltr'><strong>capita</strong></span> <span class='ocrx_word' id='word_1_41' title='bbox 1026 677 1371 743; x_wconf 81' lang='lat' dir='ltr'><strong>paraenetica</strong></span> <span class='ocrx_word' id='word_1_42' title='bbox 1401 677 1528 743; x_wconf 82' lang='grc'>229,</span> <span class='ocrx_word' id='word_1_43' title='bbox 1557 678 1820 749; x_wconf 80' lang='lat' dir='ltr'><strong>Scxtique</strong></span> <span class='ocrx_word' id='word_1_44' title='bbox 1846 683 2147 737; x_wconf 71' lang='lat' dir='ltr'><strong>sententias</strong></span> <span class='ocrx_word' id='word_1_45' title='bbox 2172 654 2295 749; x_wconf 73' lang='grc'><strong>450,</strong></span> <span class='ocrx_word' id='word_1_46' title='bbox 2321 685 2635 739; x_wconf 88' lang='lat' dir='ltr'><strong>Emanuelis</strong></span> <span class='ocrx_word' id='word_1_47' title='bbox 2662 654 3119 755; x_wconf 51' lang='lat' dir='ltr'><strong>Phile-Hymnum</strong></span> <span class='ocrx_word' id='word_1_48' title='bbox 3155 680 3224 734; x_wconf 90' lang='lat' dir='ltr'><strong>ad</strong></span> <span class='ocrx_word' id='word_1_49' title='bbox 3252 675 3425 748; x_wconf 86' lang='lat' dir='ltr'><strong>Spiri-</strong></span> 
     </span>
    </p>
   </div>
   <div class='ocr_carea' id='block_1_5' title="bbox 196 760 2268 845">
    <p class='ocr_par' dir='ltr' id='par_1_5' title="bbox 196 760 2268 845">
     <span class='ocr_line' id='line_1_5' title="bbox 196 760 2268 845; baseline 0.014 -43"><span class='ocrx_word' id='word_1_50' title='bbox 196 761 315 845; x_wconf 69' lang='lat' dir='ltr'><strong>tum</strong></span> <span class='ocrx_word' id='word_1_51' title='bbox 340 766 610 819; x_wconf 89' lang='lat' dir='ltr'><strong>sanctum,</strong></span> <span class='ocrx_word' id='word_1_52' title='bbox 632 769 689 812; x_wconf 90' lang='lat' dir='ltr'><strong>et</strong></span> <span class='ocrx_word' id='word_1_53' title='bbox 706 760 908 817; x_wconf 85' lang='lat' dir='ltr'><strong>Christi</strong></span> <span class='ocrx_word' id='word_1_54' title='bbox 934 765 1101 830; x_wconf 91' lang='lat' dir='ltr'><strong>dicta,</strong></span> <span class='ocrx_word' id='word_1_55' title='bbox 1124 782 1265 834; x_wconf 85' lang='lat' dir='ltr'><strong>quae</strong></span> <span class='ocrx_word' id='word_1_56' title='bbox 1300 769 1358 822; x_wconf 91' lang='lat' dir='ltr'><strong>in</strong></span> <span class='ocrx_word' id='word_1_57' title='bbox 1390 772 1741 840; x_wconf 81' lang='lat' dir='ltr'><strong>evangelistis</strong></span> <span class='ocrx_word' id='word_1_58' title='bbox 1764 789 1873 828; x_wconf 92' lang='lat' dir='ltr'><strong>non</strong></span> <span class='ocrx_word' id='word_1_59' title='bbox 1900 775 2268 845; x_wconf 89' lang='lat' dir='ltr'><strong>reperiuntur.</strong></span> 
     </span>
    </p>
   </div>
   <div class='ocr_carea' id='block_1_6' title="bbox 264 840 3422 937">
    <p class='ocr_par' dir='ltr' id='par_1_6' title="bbox 264 840 3422 937">
     <span class='ocr_line' id='line_1_6' title="bbox 264 840 3422 937; baseline 0.005 -39"><span class='ocrx_word' id='word_1_60' title='bbox 264 840 416 914; x_wconf 85' lang='lat' dir='ltr'><strong>[Pag.</strong></span> <span class='ocrx_word' id='word_1_61' title='bbox 441 848 566 921; x_wconf 84' lang='grc'>565]</span> <span class='ocrx_word' id='word_1_62' title='bbox 599 852 866 910; x_wconf 85' lang='lat' dir='ltr'><strong>Nonnulla</strong></span> <span class='ocrx_word' id='word_1_63' title='bbox 895 858 1109 913; x_wconf 80' lang='lat' dir='ltr'><strong>Macarii</strong></span> <span class='ocrx_word' id='word_1_64' title='bbox 1128 862 1425 933; x_wconf 85' lang='lat' dir='ltr'><strong>fragmenta</strong></span> <span class='ocrx_word' id='word_1_65' title='bbox 1447 879 1513 917; x_wconf 82' lang='lat' dir='ltr'><strong>ex</strong></span> <span class='ocrx_word' id='word_1_66' title='bbox 1536 864 1747 920; x_wconf 88' lang='lat' dir='ltr'><strong>Catenis</strong></span> <span class='ocrx_word' id='word_1_67' title='bbox 1770 840 2012 935; x_wconf 78' lang='lat' dir='ltr'><strong>Patrum,</strong></span> <span class='ocrx_word' id='word_1_68' title='bbox 2040 880 2100 925; x_wconf 92' lang='lat' dir='ltr'><strong>ut</strong></span> <span class='ocrx_word' id='word_1_69' title='bbox 2119 871 2452 926; x_wconf 85' lang='lat' dir='ltr'><strong>Corderiana</strong></span> <span class='ocrx_word' id='word_1_70' title='bbox 2479 872 2532 925; x_wconf 92' lang='lat' dir='ltr'><strong>in</strong></span> <span class='ocrx_word' id='word_1_71' title='bbox 2559 870 2907 937; x_wconf 86' lang='lat' dir='ltr'><strong>Matthaeum,</strong></span> <span class='ocrx_word' id='word_1_72' title='bbox 2927 876 3057 933; x_wconf 90' lang='lat' dir='ltr'><strong>etc.,</strong></span> <span class='ocrx_word' id='word_1_73' title='bbox 3077 877 3132 923; x_wconf 93' lang='lat' dir='ltr'><strong>et</strong></span> <span class='ocrx_word' id='word_1_74' title='bbox 3149 865 3422 919; x_wconf 87' lang='lat' dir='ltr'><strong>orationes</strong></span> 
     </span>
    </p>
   </div>
   <div class='ocr_carea' id='block_1_7' title="bbox 189 938 3423 1036">
    <p class='ocr_par' dir='ltr' id='par_1_7' title="bbox 189 938 3423 1036">
     <span class='ocr_line' id='line_1_7' title="bbox 189 938 3423 1036; baseline 0.006 -49"><span class='ocrx_word' id='word_1_75' title='bbox 189 938 486 1036; x_wconf 78' lang='lat' dir='ltr'><strong>nonnullas</strong></span> <span class='ocrx_word' id='word_1_76' title='bbox 516 941 679 999; x_wconf 87' lang='lat' dir='ltr'><strong>latine</strong></span> <span class='ocrx_word' id='word_1_77' title='bbox 704 946 1009 1004; x_wconf 85' lang='lat' dir='ltr'><strong>Franciscus</strong></span> <span class='ocrx_word' id='word_1_78' title='bbox 1036 951 1370 1021; x_wconf 79' lang='lat' dir='ltr'><strong>Combeﬁsius</strong></span> <span class='ocrx_word' id='word_1_79' title='bbox 1402 957 1767 1015; x_wconf 89' lang='lat' dir='ltr'><strong>Bibliothecae</strong></span> <span class='ocrx_word' id='word_1_80' title='bbox 1798 976 1925 1015; x_wconf 88' lang='lat' dir='ltr'><strong>suae</strong></span> <span class='ocrx_word' id='word_1_81' title='bbox 1954 964 2388 1017; x_wconf 89' lang='lat' dir='ltr'><strong>concionatoriae</strong></span> <span class='ocrx_word' id='word_1_82' title='bbox 2422 963 2670 1027; x_wconf 90' lang='lat' dir='ltr'><strong>inseruit,</strong></span> <span class='ocrx_word' id='word_1_83' title='bbox 2701 962 2815 1031; x_wconf 89' lang='lat' dir='ltr'><strong>qui,</strong></span> <span class='ocrx_word' id='word_1_84' title='bbox 2842 962 2904 1012; x_wconf 91' lang='lat' dir='ltr'><strong>de</strong></span> <span class='ocrx_word' id='word_1_85' title='bbox 2926 961 3002 1013; x_wconf 84' lang='lat' dir='ltr'><strong>his</strong></span> <span class='ocrx_word' id='word_1_86' title='bbox 3026 960 3314 1028; x_wconf 73' lang='lat' dir='ltr'><strong>disputare,</strong></span> <span class='ocrx_word' id='word_1_87' title='bbox 3341 954 3423 1006; x_wconf 89' lang='lat' dir='ltr'><strong>in-</strong></span> 
     </span>
    </p>
   </div>
   <div class='ocr_carea' id='block_1_8' title="bbox 189 1038 3421 1130">
    <p class='ocr_par' dir='ltr' id='par_1_8' title="bbox 189 1038 3421 1130">
     <span class='ocr_line' id='line_1_8' title="bbox 189 1038 3421 1130; baseline 0.006 -49"><span class='ocrx_word' id='word_1_88' title='bbox 189 1038 335 1130; x_wconf 68' lang='lat' dir='ltr'><strong>quit,</strong></span> <span class='ocrx_word' id='word_1_89' title='bbox 368 1040 416 1081; x_wconf 87' lang='lat' dir='ltr'><strong>ct</strong></span> <span class='ocrx_word' id='word_1_90' title='bbox 443 1050 513 1085; x_wconf 90' lang='lat' dir='ltr'><strong>an</strong></span> <span class='ocrx_word' id='word_1_91' title='bbox 548 1052 663 1089; x_wconf 88' lang='lat' dir='ltr'><strong>vere</strong></span> <span class='ocrx_word' id='word_1_92' title='bbox 690 1038 911 1095; x_wconf 78' lang='lat' dir='ltr'><strong>Macarii</strong></span> <span class='ocrx_word' id='word_1_93' title='bbox 941 1046 1159 1099; x_wconf 82' lang='lat' dir='ltr'><strong>senioris</strong></span> <span class='ocrx_word' id='word_1_94' title='bbox 1203 1047 1331 1100; x_wconf 89' lang='lat' dir='ltr'><strong>illae</strong></span> <span class='ocrx_word' id='word_1_95' title='bbox 1358 1049 1618 1105; x_wconf 85' lang='lat' dir='ltr'><strong>Homiliae</strong></span> <span class='ocrx_word' id='word_1_96' title='bbox 1648 1054 1753 1105; x_wconf 89' lang='lat' dir='ltr'><strong>sint</strong></span> <span class='ocrx_word' id='word_1_97' title='bbox 1784 1055 2013 1125; x_wconf 77' lang='lat' dir='ltr'><strong>nihilque</strong></span> <span class='ocrx_word' id='word_1_98' title='bbox 2044 1056 2317 1126; x_wconf 77' lang='lat' dir='ltr'><strong>Pelagiani</strong></span> <span class='ocrx_word' id='word_1_99' title='bbox 2341 1056 2559 1126; x_wconf 87' lang='lat' dir='ltr'><strong>furfuris</strong></span> <span class='ocrx_word' id='word_1_100' title='bbox 2591 1060 2885 1125; x_wconf 86' lang='lat' dir='ltr'><strong>inspersum</strong></span> <span class='ocrx_word' id='word_1_101' title='bbox 2916 1053 3161 1114; x_wconf 84' lang='lat' dir='ltr'><strong>habeant,</strong></span> <span class='ocrx_word' id='word_1_102' title='bbox 3193 1066 3284 1105; x_wconf 82' lang='lat' dir='ltr'><strong>nec</strong></span> <span class='ocrx_word' id='word_1_103' title='bbox 3310 1050 3421 1102; x_wconf 88' lang='lat' dir='ltr'><strong>eius</strong></span> 
     </span>
    </p>
   </div>
   <div class='ocr_carea' id='block_1_9' title="bbox 193 1128 3424 1214">
    <p class='ocr_par' dir='ltr' id='par_1_9' title="bbox 193 1128 3424 1214">
     <span class='ocr_line' id='line_1_9' title="bbox 193 1128 3424 1214; baseline 0.006 -44"><span class='ocrx_word' id='word_1_104' title='bbox 193 1128 479 1192; x_wconf 79' lang='lat' dir='ltr'><strong>quicquam</strong></span> <span class='ocrx_word' id='word_1_105' title='bbox 525 1128 727 1183; x_wconf 86' lang='lat' dir='ltr'><strong>laboret</strong></span> <span class='ocrx_word' id='word_1_106' title='bbox 760 1134 994 1187; x_wconf 81' lang='grc' dir='ltr'><strong>ἀπάθεια</strong></span> <span class='ocrx_word' id='word_1_107' title='bbox 1028 1134 1105 1206; x_wconf 91' lang='lat' dir='ltr'><strong>[et</strong></span> <span class='ocrx_word' id='word_1_108' title='bbox 1136 1139 1281 1206; x_wconf 91' lang='lat' dir='ltr'><strong>quod</strong></span> <span class='ocrx_word' id='word_1_109' title='bbox 1302 1142 1519 1210; x_wconf 80' lang='lat' dir='ltr'><strong>angelos</strong></span> <span class='ocrx_word' id='word_1_110' title='bbox 1541 1144 1859 1212; x_wconf 88' lang='lat' dir='ltr'><strong>animosque</strong></span> <span class='ocrx_word' id='word_1_111' title='bbox 1897 1161 2190 1214; x_wconf 86' lang='lat' dir='ltr'><strong>corporeae</strong></span> <span class='ocrx_word' id='word_1_112' title='bbox 2218 1157 2439 1201; x_wconf 87' lang='lat' dir='ltr'><strong>naturae</strong></span> <span class='ocrx_word' id='word_1_113' title='bbox 2466 1163 2588 1201; x_wconf 88' lang='lat' dir='ltr'><strong>esse</strong></span> <span class='ocrx_word' id='word_1_114' title='bbox 2619 1146 2815 1202; x_wconf 88' lang='lat' dir='ltr'><strong>Ilomil.</strong></span> <span class='ocrx_word' id='word_1_115' title='bbox 2847 1145 2899 1197; x_wconf 90' lang='grc'><strong>5.</strong></span> <span class='ocrx_word' id='word_1_116' title='bbox 2930 1152 2987 1197; x_wconf 92' lang='lat' dir='ltr'><strong>ct</strong></span> <span class='ocrx_word' id='word_1_117' title='bbox 3011 1142 3150 1195; x_wconf 91' lang='lat' dir='ltr'><strong>libro</strong></span> <span class='ocrx_word' id='word_1_118' title='bbox 3181 1140 3248 1193; x_wconf 93' lang='lat' dir='ltr'><strong>de</strong></span> <span class='ocrx_word' id='word_1_119' title='bbox 3280 1139 3424 1191; x_wconf 87' lang='lat' dir='ltr'><strong>eari-</strong></span> 
     </span>
    </p>
   </div>
   <div class='ocr_carea' id='block_1_10' title="bbox 197 1215 3420 1305">
    <p class='ocr_par' dir='ltr' id='par_1_10' title="bbox 197 1215 3420 1305">
     <span class='ocr_line' id='line_1_10' title="bbox 197 1215 3420 1305; baseline 0.009 -44"><span class='ocrx_word' id='word_1_120' title='bbox 197 1218 310 1263; x_wconf 83' lang='lat' dir='ltr'><strong>tate</strong></span> <span class='ocrx_word' id='word_1_121' title='bbox 361 1215 593 1286; x_wconf 83' lang='lat' dir='ltr'><strong>statuit],</strong></span> <span class='ocrx_word' id='word_1_122' title='bbox 632 1219 847 1275; x_wconf 76' lang='lat' dir='ltr'><strong>alterius</strong></span> <span class='ocrx_word' id='word_1_123' title='bbox 898 1226 990 1277; x_wconf 91' lang='lat' dir='ltr'><strong>otii</strong></span> <span class='ocrx_word' id='word_1_124' title='bbox 1033 1226 1120 1289; x_wconf 90' lang='lat' dir='ltr'><strong>sit,</strong></span> <span class='ocrx_word' id='word_1_125' title='bbox 1180 1228 1387 1296; x_wconf 79' lang='lat' dir='ltr'><strong>fereque</strong></span> <span class='ocrx_word' id='word_1_126' title='bbox 1425 1234 1695 1301; x_wconf 78' lang='lat' dir='ltr'><strong>occupavit</strong></span> <span class='ocrx_word' id='word_1_127' title='bbox 1738 1232 2125 1289; x_wconf 79' lang='lat' dir='ltr'><strong>Brasicliellani</strong></span> <span class='ocrx_word' id='word_1_128' title='bbox 2170 1235 2441 1304; x_wconf 82' lang='lat' dir='ltr'><strong>diligentia</strong></span> <span class='ocrx_word' id='word_1_129' title='bbox 2476 1238 2529 1289; x_wconf 88' lang='lat' dir='ltr'><strong>in</strong></span> <span class='ocrx_word' id='word_1_130' title='bbox 2559 1236 2795 1289; x_wconf 87' lang='lat' dir='ltr'><strong>Romano</strong></span> <span class='ocrx_word' id='word_1_131' title='bbox 2834 1236 3000 1287; x_wconf 84' lang='lat' dir='ltr'><strong>indice</strong></span> <span class='ocrx_word' id='word_1_132' title='bbox 3031 1231 3420 1305; x_wconf 71' lang='lat' dir='ltr'><strong>expurgatorio.</strong></span> 
     </span>
    </p>
   </div>
   <div class='ocr_carea' id='block_1_11' title="bbox 194 1306 3425 1400">
    <p class='ocr_par' dir='ltr' id='par_1_11' title="bbox 194 1306 3425 1400">
     <span class='ocr_line' id='line_1_11' title="bbox 194 1306 3425 1400; baseline 0.006 -48"><span class='ocrx_word' id='word_1_133' title='bbox 194 1306 463 1400; x_wconf 61' lang='lat' dir='ltr'><strong>:mettdati</strong></span> <span class='ocrx_word' id='word_1_134' title='bbox 494 1312 805 1382; x_wconf 88' lang='lat' dir='ltr'><strong>quandoque</strong></span> <span class='ocrx_word' id='word_1_135' title='bbox 829 1333 860 1367; x_wconf 92' lang='lat' dir='ltr'><strong>a</strong></span> <span class='ocrx_word' id='word_1_136' title='bbox 893 1316 1094 1371; x_wconf 87' lang='lat' dir='ltr'><strong>Labbco</strong></span> <span class='ocrx_word' id='word_1_137' title='bbox 1126 1337 1230 1373; x_wconf 90' lang='lat' dir='ltr'><strong>non</strong></span> <span class='ocrx_word' id='word_1_138' title='bbox 1259 1321 1418 1385; x_wconf 91' lang='lat' dir='ltr'><strong>male,</strong></span> <span class='ocrx_word' id='word_1_139' title='bbox 1466 1323 1726 1394; x_wconf 71' lang='lat' dir='ltr'><strong>plerisque</strong></span> <span class='ocrx_word' id='word_1_140' title='bbox 1774 1326 1897 1381; x_wconf 88' lang='lat' dir='ltr'><strong>locis</strong></span> <span class='ocrx_word' id='word_1_141' title='bbox 1941 1329 2167 1382; x_wconf 86' lang='lat' dir='ltr'><strong>modeste</strong></span> <span class='ocrx_word' id='word_1_142' title='bbox 2216 1328 2441 1393; x_wconf 85' lang='lat' dir='ltr'><strong>laudati,</strong></span> <span class='ocrx_word' id='word_1_143' title='bbox 2476 1330 2718 1400; x_wconf 89' lang='lat' dir='ltr'><strong>quicquid</strong></span> <span class='ocrx_word' id='word_1_144' title='bbox 2757 1330 2813 1381; x_wconf 91' lang='lat' dir='ltr'><strong>in</strong></span> <span class='ocrx_word' id='word_1_145' title='bbox 2855 1327 3114 1381; x_wconf 88' lang='lat' dir='ltr'><strong>Labbcum</strong></span> <span class='ocrx_word' id='word_1_146' title='bbox 3150 1325 3425 1376; x_wconf 84' lang='lat' dir='ltr'><strong>invehatur</strong></span> 
     </span>
    </p>
   </div>
   <div class='ocr_carea' id='block_1_12' title="bbox 190 1392 541 1464">
    <p class='ocr_par' dir='ltr' id='par_1_12' title="bbox 190 1392 541 1464">
     <span class='ocr_line' id='line_1_12' title="bbox 190 1392 541 1464; baseline 0.011 -15"><span class='ocrx_word' id='word_1_147' title='bbox 190 1392 541 1464; x_wconf 79' lang='lat' dir='ltr'><strong>Ragnaudus.</strong></span> 
     </span>
    </p>
   </div>
   <div class='ocr_carea' id='block_1_13' title="bbox 262 1483 3415 1576">
    <p class='ocr_par' dir='ltr' id='par_1_13' title="bbox 262 1483 3415 1576">
     <span class='ocr_line' id='line_1_13' title="bbox 262 1483 3415 1576; baseline 0.006 -39"><span class='ocrx_word' id='word_1_148' title='bbox 262 1483 456 1554; x_wconf 89' lang='lat' dir='ltr'><strong>Capita</strong></span> <span class='ocrx_word' id='word_1_149' title='bbox 482 1494 704 1546; x_wconf 87' lang='lat' dir='ltr'><strong>ascetica</strong></span> <span class='ocrx_word' id='word_1_150' title='bbox 729 1495 905 1550; x_wconf 81' lang='lat' dir='ltr'><strong>CLXX</strong></span> <span class='ocrx_word' id='word_1_151' title='bbox 950 1501 1279 1568; x_wconf 85' lang='lat' dir='ltr'><strong>metaphrasi</strong></span> <span class='ocrx_word' id='word_1_152' title='bbox 1305 1501 1573 1556; x_wconf 90' lang='lat' dir='ltr'><strong>illustrata</strong></span> <span class='ocrx_word' id='word_1_153' title='bbox 1599 1520 1629 1557; x_wconf 92' lang='lat' dir='ltr'><strong>a</strong></span> <span class='ocrx_word' id='word_1_154' title='bbox 1658 1503 1898 1559; x_wconf 86' lang='lat' dir='ltr'><strong>Simeone</strong></span> <span class='ocrx_word' id='word_1_155' title='bbox 1936 1502 2217 1576; x_wconf 86' lang='lat' dir='ltr'><strong>Logotheta</strong></span> <span class='ocrx_word' id='word_1_156' title='bbox 2263 1518 2479 1562; x_wconf 84' lang='lat' dir='ltr'><strong>exstant</strong></span> <span class='ocrx_word' id='word_1_157' title='bbox 2506 1509 2654 1563; x_wconf 86' lang='lat' dir='ltr'><strong>MSS.</strong></span> <span class='ocrx_word' id='word_1_158' title='bbox 2700 1510 2755 1561; x_wconf 91' lang='lat' dir='ltr'><strong>in</strong></span> <span class='ocrx_word' id='word_1_159' title='bbox 2792 1508 2928 1560; x_wconf 83' lang='lat' dir='ltr'><strong>Bibl.</strong></span> <span class='ocrx_word' id='word_1_160' title='bbox 2975 1507 3237 1559; x_wconf 85' lang='lat' dir='ltr'><strong>Caesarea</strong></span> <span class='ocrx_word' id='word_1_161' title='bbox 3276 1512 3415 1558; x_wconf 88' lang='lat' dir='ltr'><strong>teste</strong></span> 
     </span>
    </p>
   </div>
   <div class='ocr_carea' id='block_1_14' title="bbox 192 1575 3424 1669">
    <p class='ocr_par' dir='ltr' id='par_1_14' title="bbox 192 1575 3424 1669">
     <span class='ocr_line' id='line_1_14' title="bbox 192 1575 3424 1669; baseline 0.007 -43"><span class='ocrx_word' id='word_1_162' title='bbox 192 1575 469 1632; x_wconf 83' lang='lat' dir='ltr'><strong>Lambecia</strong></span> <span class='ocrx_word' id='word_1_163' title='bbox 497 1584 591 1637; x_wconf 90' lang='lat' dir='ltr'><strong>lib.</strong></span> <span class='ocrx_word' id='word_1_164' title='bbox 630 1586 668 1639; x_wconf 91' lang='lat' dir='ltr'><strong>V</strong></span> <span class='ocrx_word' id='word_1_165' title='bbox 716 1605 765 1655; x_wconf 89' lang='lat' dir='ltr'><strong>p.</strong></span> <span class='ocrx_word' id='word_1_166' title='bbox 799 1590 891 1642; x_wconf 90' lang='lat'><strong>101</strong></span> <span class='ocrx_word' id='word_1_167' title='bbox 929 1592 1025 1659; x_wconf 87' lang='lat'>(9).</span> <span class='ocrx_word' id='word_1_168' title='bbox 1059 1593 1337 1647; x_wconf 84' lang='lat' dir='ltr'><strong>Evolvisse</strong></span> <span class='ocrx_word' id='word_1_169' title='bbox 1370 1596 1532 1649; x_wconf 86' lang='lat' dir='ltr'><strong>etiam</strong></span> <span class='ocrx_word' id='word_1_170' title='bbox 1558 1596 1646 1649; x_wconf 89' lang='lat' dir='ltr'><strong>illa</strong></span> <span class='ocrx_word' id='word_1_171' title='bbox 1688 1612 1744 1652; x_wconf 89' lang='lat' dir='ltr'><strong>se</strong></span> <span class='ocrx_word' id='word_1_172' title='bbox 1776 1575 2255 1654; x_wconf 12' lang='lat' dir='ltr'><strong>testaturiAllatius</strong></span> <span class='ocrx_word' id='word_1_173' title='bbox 2294 1602 2360 1655; x_wconf 92' lang='lat' dir='ltr'><strong>de</strong></span> <span class='ocrx_word' id='word_1_174' title='bbox 2405 1602 2720 1656; x_wconf 87' lang='lat' dir='ltr'><strong>Simeonum</strong></span> <span class='ocrx_word' id='word_1_175' title='bbox 2760 1602 2976 1669; x_wconf 84' lang='lat' dir='ltr'><strong>scriptis</strong></span> <span class='ocrx_word' id='word_1_176' title='bbox 3006 1617 3059 1668; x_wconf 90' lang='lat' dir='ltr'><strong>p.</strong></span> <span class='ocrx_word' id='word_1_177' title='bbox 3091 1600 3204 1651; x_wconf 86' lang='grc'>152.</span> <span class='ocrx_word' id='word_1_178' title='bbox 3243 1599 3424 1651; x_wconf 85' lang='lat' dir='ltr'><strong>Incer—</strong></span> 
     </span>
    </p>
   </div>
   <div class='ocr_carea' id='block_1_15' title="bbox 193 1676 3422 1758">
    <p class='ocr_par' dir='ltr' id='par_1_15' title="bbox 193 1676 3422 1758">
     <span class='ocr_line' id='line_1_15' title="bbox 193 1676 3422 1758; baseline 0.006 -35"><span class='ocrx_word' id='word_1_179' title='bbox 193 1681 336 1733; x_wconf 89' lang='lat' dir='ltr'><strong>tum,</strong></span> <span class='ocrx_word' id='word_1_180' title='bbox 370 1676 548 1740; x_wconf 88' lang='lat' dir='ltr'><strong>qualis</strong></span> <span class='ocrx_word' id='word_1_181' title='bbox 583 1678 723 1732; x_wconf 86' lang='lat' dir='ltr'><strong>liber</strong></span> <span class='ocrx_word' id='word_1_182' title='bbox 748 1681 967 1735; x_wconf 87' lang='lat' dir='ltr'><strong>Macarii</strong></span> <span class='ocrx_word' id='word_1_183' title='bbox 993 1684 1136 1739; x_wconf 88' lang='lat' dir='ltr'><strong>inter</strong></span> <span class='ocrx_word' id='word_1_184' title='bbox 1172 1686 1275 1738; x_wconf 90' lang='lat' dir='ltr'><strong>alia</strong></span> <span class='ocrx_word' id='word_1_185' title='bbox 1300 1685 1619 1740; x_wconf 88' lang='lat' dir='ltr'><strong>Ascetarum</strong></span> <span class='ocrx_word' id='word_1_186' title='bbox 1661 1690 1863 1758; x_wconf 88' lang='lat' dir='ltr'><strong>scripta</strong></span> <span class='ocrx_word' id='word_1_187' title='bbox 1890 1691 2303 1745; x_wconf 86' lang='lat' dir='ltr'><strong>commendetur</strong></span> <span class='ocrx_word' id='word_1_188' title='bbox 2340 1708 2369 1745; x_wconf 95' lang='lat' dir='ltr'><strong>a</strong></span> <span class='ocrx_word' id='word_1_189' title='bbox 2414 1692 2619 1745; x_wconf 83' lang='lat' dir='ltr'><strong>Joanne</strong></span> <span class='ocrx_word' id='word_1_190' title='bbox 2657 1693 2979 1746; x_wconf 82' lang='lat' dir='ltr'><strong>Antiocheno</strong></span> <span class='ocrx_word' id='word_1_191' title='bbox 3019 1690 3163 1758; x_wconf 88' lang='lat' dir='ltr'><strong>apud</strong></span> <span class='ocrx_word' id='word_1_192' title='bbox 3208 1688 3422 1743; x_wconf 85' lang='lat' dir='ltr'><strong>Cotclc-</strong></span> 
     </span>
    </p>
   </div>
   <div class='ocr_carea' id='block_1_16' title="bbox 194 1767 1302 1846">
    <p class='ocr_par' dir='ltr' id='par_1_16' title="bbox 194 1767 1302 1846">
     <span class='ocr_line' id='line_1_16' title="bbox 194 1767 1302 1846; baseline 0.011 -29"><span class='ocrx_word' id='word_1_193' title='bbox 194 1767 341 1819; x_wconf 90' lang='lat' dir='ltr'><strong>rium</strong></span> <span class='ocrx_word' id='word_1_194' title='bbox 368 1767 431 1819; x_wconf 92' lang='lat' dir='ltr'><strong>T.</strong></span> <span class='ocrx_word' id='word_1_195' title='bbox 464 1768 483 1821; x_wconf 94' lang='lat' dir='ltr'><strong>l</strong></span> <span class='ocrx_word' id='word_1_196' title='bbox 536 1769 660 1823; x_wconf 88' lang='lat' dir='ltr'><strong>Mon</strong></span> <span class='ocrx_word' id='word_1_197' title='bbox 706 1773 850 1826; x_wconf 87' lang='lat' dir='ltr'><strong>Eccl.</strong></span> <span class='ocrx_word' id='word_1_198' title='bbox 875 1774 1063 1829; x_wconf 86' lang='lat' dir='ltr'><strong>Graec.</strong></span> <span class='ocrx_word' id='word_1_199' title='bbox 1096 1793 1148 1846; x_wconf 91' lang='lat' dir='ltr'><strong>p.</strong></span> <span class='ocrx_word' id='word_1_200' title='bbox 1185 1777 1302 1831; x_wconf 88' lang='lat'><strong>167.</strong></span> 
     </span>
    </p>
   </div>
   <div class='ocr_carea' id='block_1_17' title="bbox 264 1854 3428 1942">
    <p class='ocr_par' dir='ltr' id='par_1_17' title="bbox 264 1854 3428 1942">
     <span class='ocr_line' id='line_1_17' title="bbox 264 1854 3428 1942; baseline 0.005 -36"><span class='ocrx_word' id='word_1_201' title='bbox 264 1855 330 1907; x_wconf 93' lang='lat' dir='ltr'><strong>Il.</strong></span> <span class='ocrx_word' id='word_1_202' title='bbox 365 1854 634 1911; x_wconf 80' lang='lat' dir='ltr'><strong>Macarius</strong></span> <span class='ocrx_word' id='word_1_203' title='bbox 668 1862 867 1928; x_wconf 80' lang='lat' dir='ltr'><strong>iunior,</strong></span> <span class='ocrx_word' id='word_1_204' title='bbox 896 1863 1309 1930; x_wconf 78' lang='lat' dir='ltr'><strong>Alexandrinus,</strong></span> <span class='ocrx_word' id='word_1_205' title='bbox 1356 1867 1657 1936; x_wconf 89' lang='lat' dir='ltr'><strong>discipulus</strong></span> <span class='ocrx_word' id='word_1_206' title='bbox 1702 1878 1757 1922; x_wconf 89' lang='lat' dir='ltr'><strong>et</strong></span> <span class='ocrx_word' id='word_1_207' title='bbox 1793 1871 1906 1938; x_wconf 90' lang='lat' dir='ltr'><strong>ipse</strong></span> <span class='ocrx_word' id='word_1_208' title='bbox 1958 1872 2133 1942; x_wconf 79' lang='lat' dir='ltr'><strong>Magni</strong></span> <span class='ocrx_word' id='word_1_209' title='bbox 2176 1872 2420 1936; x_wconf 87' lang='lat' dir='ltr'><strong>Antonii,</strong></span> <span class='ocrx_word' id='word_1_210' title='bbox 2455 1873 2774 1937; x_wconf 84' lang='lat' dir='ltr'><strong>monachus,</strong></span> <span class='ocrx_word' id='word_1_211' title='bbox 2829 1873 3112 1942; x_wconf 78' lang='lat' dir='ltr'><strong>presbyter</strong></span> <span class='ocrx_word' id='word_1_212' title='bbox 3157 1880 3212 1924; x_wconf 91' lang='lat' dir='ltr'><strong>et</strong></span> <span class='ocrx_word' id='word_1_213' title='bbox 3261 1870 3428 1923; x_wconf 84' lang='lat' dir='ltr'><strong>abbas</strong></span> 
     </span>
    </p>
   </div>
   <div class='ocr_carea' id='block_1_18' title="bbox 190 1947 3425 2037">
    <p class='ocr_par' dir='ltr' id='par_1_18' title="bbox 190 1947 3425 2037">
     <span class='ocr_line' id='line_1_18' title="bbox 190 1947 3425 2037; baseline 0.003 -35"><span class='ocrx_word' id='word_1_214' title='bbox 190 1947 510 2013; x_wconf 85' lang='lat' dir='ltr'><strong>Nitriensis,</strong></span> <span class='ocrx_word' id='word_1_215' title='bbox 536 1954 629 2021; x_wconf 89' lang='lat' dir='ltr'><strong>qui</strong></span> <span class='ocrx_word' id='word_1_216' title='bbox 658 1955 803 2009; x_wconf 87' lang='lat' dir='ltr'><strong>circa</strong></span> <span class='ocrx_word' id='word_1_217' title='bbox 833 1973 881 2010; x_wconf 90' lang='lat' dir='ltr'><strong>a.</strong></span> <span class='ocrx_word' id='word_1_218' title='bbox 919 1959 979 2013; x_wconf 75' lang='grc' dir='ltr'><strong>(Ι.</strong></span> <span class='ocrx_word' id='word_1_219' title='bbox 1010 1960 1114 2014; x_wconf 72' lang='grc'>404</span> <span class='ocrx_word' id='word_1_220' title='bbox 1148 1962 1497 2017; x_wconf 89' lang='lat' dir='ltr'><strong>centenarius</strong></span> <span class='ocrx_word' id='word_1_221' title='bbox 1525 1963 1678 2017; x_wconf 90' lang='lat' dir='ltr'><strong>obiit.</strong></span> <span class='ocrx_word' id='word_1_222' title='bbox 1708 1965 1783 2016; x_wconf 89' lang='lat' dir='ltr'><strong>De</strong></span> <span class='ocrx_word' id='word_1_223' title='bbox 1814 1980 1881 2017; x_wconf 90' lang='lat' dir='ltr'><strong>eo</strong></span> <span class='ocrx_word' id='word_1_224' title='bbox 1904 1964 1956 2017; x_wconf 75' lang='grc' dir='ltr'>Ι.</span> <span class='ocrx_word' id='word_1_225' title='bbox 1984 1965 2275 2019; x_wconf 87' lang='lat' dir='ltr'><strong>Bollandus</strong></span> <span class='ocrx_word' id='word_1_226' title='bbox 2304 1966 2338 2019; x_wconf 83' lang='grc'><strong>2</strong></span> <span class='ocrx_word' id='word_1_227' title='bbox 2360 1966 2583 2019; x_wconf 78' lang='lat' dir='ltr'><strong>Ianuar.</strong></span> <span class='ocrx_word' id='word_1_228' title='bbox 2618 1966 2681 2019; x_wconf 90' lang='lat' dir='ltr'><strong>T.</strong></span> <span class='ocrx_word' id='word_1_229' title='bbox 2750 1968 2770 2021; x_wconf 87' lang='grc' dir='ltr'>Ι</span> <span class='ocrx_word' id='word_1_230' title='bbox 2816 1982 2869 2037; x_wconf 91' lang='lat' dir='ltr'><strong>p.</strong></span> <span class='ocrx_word' id='word_1_231' title='bbox 2923 1967 2989 2018; x_wconf 72' lang='grc'><strong>84</strong></span> <span class='ocrx_word' id='word_1_232' title='bbox 3028 1981 3132 2032; x_wconf 90' lang='lat' dir='ltr'><strong>sq.,</strong></span> <span class='ocrx_word' id='word_1_233' title='bbox 3168 1972 3223 2015; x_wconf 89' lang='lat' dir='ltr'><strong>et</strong></span> <span class='ocrx_word' id='word_1_234' title='bbox 3267 1960 3425 2013; x_wconf 83' lang='lat' dir='ltr'><strong>Tillc-</strong></span> 
     </span>
    </p>
   </div>
   <div class='ocr_carea' id='block_1_19' title="bbox 193 2048 3427 2133">
    <p class='ocr_par' dir='ltr' id='par_1_19' title="bbox 193 2048 3427 2133">
     <span class='ocr_line' id='line_1_19' title="bbox 193 2048 3427 2133; baseline 0.003 -39"><span class='ocrx_word' id='word_1_235' title='bbox 193 2048 426 2101; x_wconf 88' lang='lat' dir='ltr'><strong>montius</strong></span> <span class='ocrx_word' id='word_1_236' title='bbox 456 2050 517 2102; x_wconf 90' lang='grc' dir='ltr'><strong>Τ.</strong></span> <span class='ocrx_word' id='word_1_237' title='bbox 551 2051 639 2105; x_wconf 92' lang='lat' dir='ltr'><strong>VII</strong></span> <span class='ocrx_word' id='word_1_238' title='bbox 693 2052 916 2107; x_wconf 81' lang='lat' dir='ltr'><strong>Memor.</strong></span> <span class='ocrx_word' id='word_1_239' title='bbox 958 2056 1095 2111; x_wconf 82' lang='lat' dir='ltr'><strong>Hist.</strong></span> <span class='ocrx_word' id='word_1_240' title='bbox 1130 2060 1264 2113; x_wconf 91' lang='lat' dir='ltr'><strong>eccl.</strong></span> <span class='ocrx_word' id='word_1_241' title='bbox 1298 2060 1569 2114; x_wconf 90' lang='lat' dir='ltr'><strong>Palladius</strong></span> <span class='ocrx_word' id='word_1_242' title='bbox 1596 2076 1712 2128; x_wconf 88' lang='lat' dir='ltr'><strong>cap.</strong></span> <span class='ocrx_word' id='word_1_243' title='bbox 1746 2060 1813 2112; x_wconf 90' lang='grc'><strong>20</strong></span> <span class='ocrx_word' id='word_1_244' title='bbox 1838 2061 2082 2116; x_wconf 88' lang='lat' dir='ltr'><strong>Lausiac.</strong></span> <span class='ocrx_word' id='word_1_245' title='bbox 2125 2063 2397 2117; x_wconf 79' lang='grc' dir='ltr'><strong>πολιτικόν</strong></span> <span class='ocrx_word' id='word_1_246' title='bbox 2447 2062 2556 2133; x_wconf 87' lang='lat'><strong>(10)</strong></span> <span class='ocrx_word' id='word_1_247' title='bbox 2582 2062 2793 2116; x_wconf 91' lang='lat' dir='ltr'><strong>dictum</strong></span> <span class='ocrx_word' id='word_1_248' title='bbox 2847 2060 3013 2112; x_wconf 83' lang='lat' dir='ltr'><strong>fuisse</strong></span> <span class='ocrx_word' id='word_1_249' title='bbox 3058 2065 3310 2115; x_wconf 87' lang='lat' dir='ltr'><strong>testatur,</strong></span> <span class='ocrx_word' id='word_1_250' title='bbox 3358 2052 3427 2105; x_wconf 86' lang='lat' dir='ltr'><strong>ab</strong></span> 
     </span>
    </p>
   </div>
   <div class='ocr_carea' id='block_1_20' title="bbox 192 2138 3421 2223">
    <p class='ocr_par' dir='ltr' id='par_1_20' title="bbox 192 2138 3421 2223">
     <span class='ocr_line' id='line_1_20' title="bbox 192 2138 3421 2223; baseline 0.003 -35"><span class='ocrx_word' id='word_1_251' title='bbox 192 2138 334 2191; x_wconf 86' lang='lat' dir='ltr'><strong>urbe</strong></span> <span class='ocrx_word' id='word_1_252' title='bbox 365 2156 560 2210; x_wconf 85' lang='lat' dir='ltr'><strong>nempe</strong></span> <span class='ocrx_word' id='word_1_253' title='bbox 585 2145 931 2210; x_wconf 73' lang='lat' dir='ltr'><strong>Alexandria,</strong></span> <span class='ocrx_word' id='word_1_254' title='bbox 962 2155 1022 2199; x_wconf 91' lang='lat' dir='ltr'><strong>ut</strong></span> <span class='ocrx_word' id='word_1_255' title='bbox 1060 2157 1210 2201; x_wconf 91' lang='lat' dir='ltr'><strong>notat</strong></span> <span class='ocrx_word' id='word_1_256' title='bbox 1234 2149 1299 2201; x_wconf 83' lang='grc' dir='ltr'>Η.</span> <span class='ocrx_word' id='word_1_257' title='bbox 1330 2149 1622 2203; x_wconf 89' lang='lat' dir='ltr'><strong>Dodwellus</strong></span> <span class='ocrx_word' id='word_1_258' title='bbox 1652 2151 1717 2203; x_wconf 92' lang='lat' dir='ltr'><strong>ad</strong></span> <span class='ocrx_word' id='word_1_259' title='bbox 1744 2150 2103 2219; x_wconf 78' lang='lat' dir='ltr'><strong>fragmentum</strong></span> <span class='ocrx_word' id='word_1_260' title='bbox 2128 2154 2365 2223; x_wconf 88' lang='lat' dir='ltr'><strong>Philippi</strong></span> <span class='ocrx_word' id='word_1_261' title='bbox 2396 2153 2612 2207; x_wconf 85' lang='lat' dir='ltr'><strong>Sidetae</strong></span> <span class='ocrx_word' id='word_1_262' title='bbox 2653 2170 2707 2222; x_wconf 90' lang='lat' dir='ltr'><strong>p.</strong></span> <span class='ocrx_word' id='word_1_263' title='bbox 2763 2152 2866 2206; x_wconf 84' lang='grc'><strong>512</strong></span> <span class='ocrx_word' id='word_1_264' title='bbox 2896 2149 3030 2221; x_wconf 88' lang='lat'><strong>(11),</strong></span> <span class='ocrx_word' id='word_1_265' title='bbox 3067 2164 3097 2201; x_wconf 89' lang='lat' dir='ltr'><strong>a</strong></span> <span class='ocrx_word' id='word_1_266' title='bbox 3130 2162 3240 2216; x_wconf 88' lang='lat' dir='ltr'><strong>quo</strong></span> <span class='ocrx_word' id='word_1_267' title='bbox 3275 2146 3421 2197; x_wconf 82' lang='lat' dir='ltr'><strong>inter</strong></span> 
     </span>
    </p>
   </div>
   <div class='ocr_carea' id='block_1_21' title="bbox 190 2230 1875 2316">
    <p class='ocr_par' dir='ltr' id='par_1_21' title="bbox 190 2230 1872 2297">
     <span class='ocr_line' id='line_1_21' title="bbox 190 2230 1872 2297; baseline 0.01 -16"><span class='ocrx_word' id='word_1_268' title='bbox 190 2230 544 2296; x_wconf 74' lang='grc' dir='ltr'><strong>διδασκάλους</strong></span> <span class='ocrx_word' id='word_1_269' title='bbox 568 2236 682 2289; x_wconf 89' lang='lat' dir='ltr'><strong>sive</strong></span> <span class='ocrx_word' id='word_1_270' title='bbox 710 2240 1019 2293; x_wconf 87' lang='lat' dir='ltr'><strong>cateehetas</strong></span> <span class='ocrx_word' id='word_1_271' title='bbox 1038 2240 1433 2297; x_wconf 79' lang='lat' dir='ltr'><strong>Alexandrinos</strong></span> <span class='ocrx_word' id='word_1_272' title='bbox 1466 2243 1586 2297; x_wconf 93' lang='lat' dir='ltr'><strong>loco</strong></span> <span class='ocrx_word' id='word_1_273' title='bbox 1622 2243 1872 2297; x_wconf 89' lang='lat' dir='ltr'><strong>undecim</strong></span> 
     </span>
    </p>
   </div>
   <div class='ocr_carea' id='block_1_22' title="bbox 1742 2230 3427 2316">
    <p class='ocr_par' dir='ltr' id='par_1_22' title="bbox 1742 2237 3427 2316">
     <span class='ocr_line' id='line_1_22' title="bbox 1742 2237 3427 2316; baseline -0.005 -20"><span class='ocrx_word' id='word_1_274' title='bbox 1742 2244 1909 2297; x_wconf 76' lang='lat' dir='ltr'><strong>ecimo</strong></span> <span class='ocrx_word' id='word_1_275' title='bbox 1935 2247 2248 2299; x_wconf 88' lang='lat' dir='ltr'><strong>nominatur</strong></span> <span class='ocrx_word' id='word_1_276' title='bbox 2279 2249 2559 2316; x_wconf 76' lang='grc' dir='ltr'><strong>Μακάριος</strong></span> <span class='ocrx_word' id='word_1_277' title='bbox 2580 2248 2607 2299; x_wconf 84' lang='grc' dir='ltr'>ὁ</span> <span class='ocrx_word' id='word_1_278' title='bbox 2632 2245 2923 2305; x_wconf 78' lang='grc' dir='ltr'><strong>πολιτικός.</strong></span> <span class='ocrx_word' id='word_1_279' title='bbox 2952 2244 3140 2297; x_wconf 82' lang='lat' dir='ltr'><strong>Exstat</strong></span> <span class='ocrx_word' id='word_1_280' title='bbox 3174 2239 3277 2293; x_wconf 84' lang='lat' dir='ltr'><strong>sub</strong></span> <span class='ocrx_word' id='word_1_281' title='bbox 3304 2237 3427 2290; x_wconf 78' lang='lat' dir='ltr'><strong>eius</strong></span> 
     </span>
    </p>
   </div>
   <div class='ocr_carea' id='block_1_23' title="bbox 192 2322 3428 2405">
    <p class='ocr_par' dir='ltr' id='par_1_23' title="bbox 192 2322 3428 2405">
     <span class='ocr_line' id='line_1_23' title="bbox 192 2322 3428 2405; baseline 0.001 -30"><span class='ocrx_word' id='word_1_282' title='bbox 192 2322 417 2376; x_wconf 83' lang='lat' dir='ltr'><strong>nomine</strong></span> <span class='ocrx_word' id='word_1_283' title='bbox 442 2323 643 2393; x_wconf 87' lang='lat' dir='ltr'><strong>Regula</strong></span> <span class='ocrx_word' id='word_1_284' title='bbox 672 2332 962 2384; x_wconf 88' lang='lat' dir='ltr'><strong>monastica</strong></span> <span class='ocrx_word' id='word_1_285' title='bbox 984 2330 1093 2402; x_wconf 88' lang='grc'>(12)</span> <span class='ocrx_word' id='word_1_286' title='bbox 1125 2332 1344 2401; x_wconf 84' lang='lat' dir='ltr'><strong>triginta</strong></span> <span class='ocrx_word' id='word_1_287' title='bbox 1378 2334 1633 2403; x_wconf 86' lang='lat' dir='ltr'><strong>capitulis</strong></span> <span class='ocrx_word' id='word_1_288' title='bbox 1673 2336 2087 2404; x_wconf 87' lang='lat' dir='ltr'><strong>comprehensa,</strong></span> <span class='ocrx_word' id='word_1_289' title='bbox 2116 2352 2278 2405; x_wconf 89' lang='lat' dir='ltr'><strong>quam</strong></span> <span class='ocrx_word' id='word_1_290' title='bbox 2304 2353 2369 2390; x_wconf 75' lang='lat' dir='ltr'><strong>ex</strong></span> <span class='ocrx_word' id='word_1_291' title='bbox 2395 2338 2583 2392; x_wconf 89' lang='lat' dir='ltr'><strong>codice</strong></span> <span class='ocrx_word' id='word_1_292' title='bbox 2617 2337 2726 2391; x_wconf 86' lang='lat' dir='ltr'><strong>MS.</strong></span> <span class='ocrx_word' id='word_1_293' title='bbox 2754 2333 3009 2389; x_wconf 86' lang='lat' dir='ltr'><strong>Bcccensi</strong></span> <span class='ocrx_word' id='word_1_294' title='bbox 3034 2331 3245 2400; x_wconf 78' lang='lat' dir='ltr'><strong>primus</strong></span> <span class='ocrx_word' id='word_1_295' title='bbox 3266 2327 3428 2381; x_wconf 85' lang='lat' dir='ltr'><strong>latine</strong></span> 
     </span>
    </p>
   </div>
   <div class='ocr_carea' id='block_1_24' title="bbox 190 2414 3426 2496">
    <p class='ocr_par' dir='ltr' id='par_1_24' title="bbox 190 2414 3426 2496">
     <span class='ocr_line' id='line_1_24' title="bbox 190 2414 3426 2496; baseline 0.002 -30"><span class='ocrx_word' id='word_1_296' title='bbox 190 2414 367 2468; x_wconf 90' lang='lat' dir='ltr'><strong>edidit</strong></span> <span class='ocrx_word' id='word_1_297' title='bbox 402 2416 799 2488; x_wconf 88' lang='lat' dir='ltr'><strong>illustravitque</strong></span> <span class='ocrx_word' id='word_1_298' title='bbox 828 2421 1016 2477; x_wconf 88' lang='lat' dir='ltr'><strong>Petrus</strong></span> <span class='ocrx_word' id='word_1_299' title='bbox 1043 2424 1291 2479; x_wconf 84' lang='lat' dir='ltr'><strong>Rovcrius</strong></span> <span class='ocrx_word' id='word_1_300' title='bbox 1314 2425 1370 2479; x_wconf 92' lang='lat' dir='ltr'><strong>S.</strong></span> <span class='ocrx_word' id='word_1_301' title='bbox 1398 2427 1446 2480; x_wconf 85' lang='lat' dir='ltr'><strong>J.</strong></span> <span class='ocrx_word' id='word_1_302' title='bbox 1481 2426 1536 2479; x_wconf 91' lang='lat' dir='ltr'><strong>in</strong></span> <span class='ocrx_word' id='word_1_303' title='bbox 1572 2427 1709 2481; x_wconf 84' lang='lat' dir='ltr'><strong>Hist.</strong></span> <span class='ocrx_word' id='word_1_304' title='bbox 1743 2429 2059 2482; x_wconf 88' lang='lat' dir='ltr'><strong>monasterii</strong></span> <span class='ocrx_word' id='word_1_305' title='bbox 2101 2430 2453 2483; x_wconf 82' lang='lat' dir='ltr'><strong>Reomaensis</strong></span> <span class='ocrx_word' id='word_1_306' title='bbox 2507 2430 2563 2483; x_wconf 91' lang='lat' dir='ltr'><strong>in</strong></span> <span class='ocrx_word' id='word_1_307' title='bbox 2627 2436 2803 2482; x_wconf 91' lang='lat' dir='ltr'><strong>tractu</strong></span> <span class='ocrx_word' id='word_1_308' title='bbox 2864 2424 3012 2496; x_wconf 83' lang='lat' dir='ltr'><strong>[Pag.</strong></span> <span class='ocrx_word' id='word_1_309' title='bbox 3045 2419 3169 2491; x_wconf 79' lang='grc'>566]</span> <span class='ocrx_word' id='word_1_310' title='bbox 3226 2418 3426 2487; x_wconf 82' lang='lat' dir='ltr'><strong>Lingo-</strong></span> 
     </span>
    </p>
   </div>
   <div class='ocr_carea' id='block_1_25' title="bbox 191 2506 1876 2587">
    <p class='ocr_par' dir='ltr' id='par_1_25' title="bbox 191 2506 1876 2583">
     <span class='ocr_line' id='line_1_25' title="bbox 191 2506 1876 2583; baseline 0.007 -27"><span class='ocrx_word' id='word_1_311' title='bbox 191 2506 352 2557; x_wconf 88' lang='lat' dir='ltr'><strong>nensi</strong></span> <span class='ocrx_word' id='word_1_312' title='bbox 379 2506 548 2561; x_wconf 86' lang='lat' dir='ltr'><strong>Paris.</strong></span> <span class='ocrx_word' id='word_1_313' title='bbox 582 2510 734 2574; x_wconf 79' lang='lat'><strong>1657,</strong></span> <span class='ocrx_word' id='word_1_314' title='bbox 764 2512 841 2575; x_wconf 72' lang='lat'><strong>4°,</strong></span> <span class='ocrx_word' id='word_1_315' title='bbox 870 2529 922 2581; x_wconf 91' lang='lat' dir='ltr'><strong>p.</strong></span> <span class='ocrx_word' id='word_1_316' title='bbox 950 2514 1039 2577; x_wconf 78' lang='grc'><strong>24,</strong></span> <span class='ocrx_word' id='word_1_317' title='bbox 1071 2525 1125 2568; x_wconf 91' lang='lat' dir='ltr'><strong>et</strong></span> <span class='ocrx_word' id='word_1_318' title='bbox 1158 2524 1277 2583; x_wconf 90' lang='lat' dir='ltr'><strong>post</strong></span> <span class='ocrx_word' id='word_1_319' title='bbox 1312 2516 1603 2569; x_wconf 80' lang='lat' dir='ltr'><strong>Roverium</strong></span> <span class='ocrx_word' id='word_1_320' title='bbox 1629 2516 1795 2571; x_wconf 89' lang='lat' dir='ltr'><strong>Lucas</strong></span> <span class='ocrx_word' id='word_1_321' title='bbox 1820 2517 1876 2571; x_wconf 77' lang='grc' dir='ltr'><strong>Η‹</strong></span> 
     </span>
    </p>
   </div>
   <div class='ocr_carea' id='block_1_26' title="bbox 1733 2506 3418 2587">
    <p class='ocr_par' dir='ltr' id='par_1_26' title="bbox 1733 2508 3418 2587">
     <span class='ocr_line' id='line_1_26' title="bbox 1733 2508 3418 2587; baseline -0.007 -16"><span class='ocrx_word' id='word_1_322' title='bbox 1733 2535 1795 2571; x_wconf 81' lang='lat' dir='ltr'><strong>&#39;as</strong></span> <span class='ocrx_word' id='word_1_323' title='bbox 1820 2517 2119 2571; x_wconf 83' lang='lat' dir='ltr'><strong>Holstenius</strong></span> <span class='ocrx_word' id='word_1_324' title='bbox 2145 2518 2199 2571; x_wconf 92' lang='lat' dir='ltr'><strong>in</strong></span> <span class='ocrx_word' id='word_1_325' title='bbox 2217 2515 2405 2572; x_wconf 86' lang='lat' dir='ltr'><strong>codice</strong></span> <span class='ocrx_word' id='word_1_326' title='bbox 2434 2518 2766 2587; x_wconf 78' lang='lat' dir='ltr'><strong>Regularum</strong></span> <span class='ocrx_word' id='word_1_327' title='bbox 2804 2514 2913 2585; x_wconf 91' lang='grc'>(15)</span> <span class='ocrx_word' id='word_1_328' title='bbox 2960 2513 3117 2565; x_wconf 78' lang='lat' dir='ltr'><strong>Rom.</strong></span> <span class='ocrx_word' id='word_1_329' title='bbox 3162 2510 3319 2571; x_wconf 89' lang='grc'>1657,</span> <span class='ocrx_word' id='word_1_330' title='bbox 3341 2508 3418 2560; x_wconf 70' lang='grc' dir='ltr'><strong>4ο.</strong></span> 
     </span>
    </p>
   </div>
   <div class='ocr_carea' id='block_1_27' title="bbox 194 2593 3424 2675">
    <p class='ocr_par' dir='ltr' id='par_1_27' title="bbox 194 2593 3424 2675">
     <span class='ocr_line' id='line_1_27' title="bbox 194 2593 3424 2675; baseline 0 -29"><span class='ocrx_word' id='word_1_331' title='bbox 194 2593 355 2649; x_wconf 60' lang='lat' dir='ltr'><strong>Faue.</strong></span> <span class='ocrx_word' id='word_1_332' title='bbox 396 2598 603 2667; x_wconf 79' lang='lat' dir='ltr'><strong>Regula</strong></span> <span class='ocrx_word' id='word_1_333' title='bbox 639 2602 860 2654; x_wconf 78' lang='lat' dir='ltr'><strong>Macarii</strong></span> <span class='ocrx_word' id='word_1_334' title='bbox 887 2604 1088 2657; x_wconf 82' lang='lat' dir='ltr'><strong>abbatis</strong></span> <span class='ocrx_word' id='word_1_335' title='bbox 1116 2604 1285 2657; x_wconf 89' lang='lat' dir='ltr'><strong>latine</strong></span> <span class='ocrx_word' id='word_1_336' title='bbox 1333 2605 1388 2658; x_wconf 90' lang='lat' dir='ltr'><strong>in</strong></span> <span class='ocrx_word' id='word_1_337' title='bbox 1420 2605 1542 2658; x_wconf 91' lang='lat' dir='ltr'><strong>cod.</strong></span> <span class='ocrx_word' id='word_1_338' title='bbox 1595 2604 1856 2659; x_wconf 86' lang='lat' dir='ltr'><strong>MDLXIV</strong></span> <span class='ocrx_word' id='word_1_339' title='bbox 1889 2606 1982 2659; x_wconf 88' lang='lat' dir='ltr'><strong>Nr.</strong></span> <span class='ocrx_word' id='word_1_340' title='bbox 2012 2606 2046 2658; x_wconf 98' lang='grc'><strong>2</strong></span> <span class='ocrx_word' id='word_1_341' title='bbox 2074 2606 2212 2659; x_wconf 91' lang='lat' dir='ltr'><strong>Bibl.</strong></span> <span class='ocrx_word' id='word_1_342' title='bbox 2248 2606 2399 2675; x_wconf 91' lang='lat' dir='ltr'><strong>publ.</strong></span> <span class='ocrx_word' id='word_1_343' title='bbox 2444 2607 2744 2661; x_wconf 88' lang='lat' dir='ltr'><strong>Parisinae.</strong></span> <span class='ocrx_word' id='word_1_344' title='bbox 2776 2604 2835 2656; x_wconf 92' lang='lat' dir='ltr'><strong>In</strong></span> <span class='ocrx_word' id='word_1_345' title='bbox 2864 2600 2984 2655; x_wconf 89' lang='lat' dir='ltr'><strong>cod.</strong></span> <span class='ocrx_word' id='word_1_346' title='bbox 3022 2600 3169 2668; x_wconf 83' lang='lat' dir='ltr'><strong>regio</strong></span> <span class='ocrx_word' id='word_1_347' title='bbox 3200 2596 3424 2650; x_wconf 86' lang='lat' dir='ltr'><strong>Taurin.</strong></span> 
     </span>
    </p>
   </div>
   <div class='ocr_carea' id='block_1_28' title="bbox 193 2684 3427 2768">
    <p class='ocr_par' dir='ltr' id='par_1_28' title="bbox 193 2684 3427 2768">
     <span class='ocr_line' id='line_1_28' title="bbox 193 2684 3427 2768; baseline 0 -30"><span class='ocrx_word' id='word_1_348' title='bbox 193 2702 278 2754; x_wconf 78' lang='lat' dir='ltr'><strong>gr.</strong></span> <span class='ocrx_word' id='word_1_349' title='bbox 314 2687 593 2744; x_wconf 78' lang='lat' dir='ltr'><strong>CLXXVII</strong></span> <span class='ocrx_word' id='word_1_350' title='bbox 634 2692 725 2747; x_wconf 80' lang='lat' dir='ltr'><strong>fol.</strong></span> <span class='ocrx_word' id='word_1_351' title='bbox 754 2693 823 2747; x_wconf 82' lang='grc'>29</span> <span class='ocrx_word' id='word_1_352' title='bbox 854 2693 1035 2748; x_wconf 89' lang='lat' dir='ltr'><strong>Canon</strong></span> <span class='ocrx_word' id='word_1_353' title='bbox 1077 2694 1132 2749; x_wconf 92' lang='lat' dir='ltr'><strong>S.</strong></span> <span class='ocrx_word' id='word_1_354' title='bbox 1194 2696 1559 2766; x_wconf 85' lang='lat' dir='ltr'><strong>metropolitae</strong></span> <span class='ocrx_word' id='word_1_355' title='bbox 1592 2697 1733 2748; x_wconf 90' lang='lat' dir='ltr'><strong>dom.</strong></span> <span class='ocrx_word' id='word_1_356' title='bbox 1766 2696 1990 2750; x_wconf 82' lang='lat' dir='ltr'><strong>Macarii</strong></span> <span class='ocrx_word' id='word_1_357' title='bbox 2028 2699 2270 2761; x_wconf 81' lang='lat' dir='ltr'><strong>iunioris,</strong></span> <span class='ocrx_word' id='word_1_358' title='bbox 2300 2701 2388 2767; x_wconf 89' lang='lat' dir='ltr'><strong>qui</strong></span> <span class='ocrx_word' id='word_1_359' title='bbox 2411 2700 2680 2768; x_wconf 81' lang='lat' dir='ltr'><strong>propriam</strong></span> <span class='ocrx_word' id='word_1_360' title='bbox 2707 2696 2881 2749; x_wconf 83' lang='lat' dir='ltr'><strong>sedem</strong></span> <span class='ocrx_word' id='word_1_361' title='bbox 2909 2692 3119 2762; x_wconf 87' lang='lat' dir='ltr'><strong>reliquit</strong></span> <span class='ocrx_word' id='word_1_362' title='bbox 3157 2684 3427 2742; x_wconf 83' lang='lat' dir='ltr'><strong>humilita-</strong></span> 
     </span>
    </p>
   </div>
   <div class='ocr_carea' id='block_1_29' title="bbox 196 2783 3427 2860">
    <p class='ocr_par' dir='ltr' id='par_1_29' title="bbox 196 2783 3427 2860">
     <span class='ocr_line' id='line_1_29' title="bbox 196 2783 3427 2860; baseline 0.001 -29"><span class='ocrx_word' id='word_1_363' title='bbox 196 2783 261 2832; x_wconf 89' lang='lat' dir='ltr'><strong>tis</strong></span> <span class='ocrx_word' id='word_1_364' title='bbox 303 2798 485 2846; x_wconf 88' lang='lat' dir='ltr'><strong>causa,</strong></span> <span class='ocrx_word' id='word_1_365' title='bbox 519 2786 874 2853; x_wconf 86' lang='lat' dir='ltr'><strong>ignorantiam</strong></span> <span class='ocrx_word' id='word_1_366' title='bbox 895 2789 1173 2851; x_wconf 86' lang='lat' dir='ltr'><strong>simulans,</strong></span> <span class='ocrx_word' id='word_1_367' title='bbox 1213 2797 1368 2857; x_wconf 88' lang='lat' dir='ltr'><strong>atque</strong></span> <span class='ocrx_word' id='word_1_368' title='bbox 1397 2791 1647 2841; x_wconf 82' lang='lat' dir='ltr'><strong>asceticae</strong></span> <span class='ocrx_word' id='word_1_369' title='bbox 1674 2790 1810 2841; x_wconf 87' lang='lat' dir='ltr'><strong>vitae</strong></span> <span class='ocrx_word' id='word_1_370' title='bbox 1832 2806 1885 2841; x_wconf 89' lang='lat' dir='ltr'><strong>se</strong></span> <span class='ocrx_word' id='word_1_371' title='bbox 1914 2790 2051 2841; x_wconf 86' lang='lat' dir='ltr'><strong>dedit</strong></span> <span class='ocrx_word' id='word_1_372' title='bbox 2075 2792 2128 2843; x_wconf 90' lang='lat' dir='ltr'><strong>in</strong></span> <span class='ocrx_word' id='word_1_373' title='bbox 2157 2793 2390 2860; x_wconf 84' lang='lat' dir='ltr'><strong>partibus</strong></span> <span class='ocrx_word' id='word_1_374' title='bbox 2418 2790 2627 2852; x_wconf 88' lang='lat' dir='ltr'><strong>Cretae,</strong></span> <span class='ocrx_word' id='word_1_375' title='bbox 2657 2789 2928 2857; x_wconf 88' lang='lat' dir='ltr'><strong>multaque</strong></span> <span class='ocrx_word' id='word_1_376' title='bbox 2948 2784 3227 2855; x_wconf 88' lang='lat' dir='ltr'><strong>praeclara</strong></span> <span class='ocrx_word' id='word_1_377' title='bbox 3261 2784 3427 2835; x_wconf 84' lang='lat' dir='ltr'><strong>mira-</strong></span> 
     </span>
    </p>
   </div>
   <div class='ocr_carea' id='block_1_30' title="bbox 196 2869 3429 2947">
    <p class='ocr_par' dir='ltr' id='par_1_30' title="bbox 196 2869 3429 2947">
     <span class='ocr_line' id='line_1_30' title="bbox 196 2869 3429 2947; baseline 0.001 -27"><span class='ocrx_word' id='word_1_378' title='bbox 196 2869 319 2923; x_wconf 76' lang='lat' dir='ltr'><strong>mla</strong></span> <span class='ocrx_word' id='word_1_379' title='bbox 344 2872 531 2940; x_wconf 85' lang='lat' dir='ltr'><strong>ubique</strong></span> <span class='ocrx_word' id='word_1_380' title='bbox 562 2874 817 2942; x_wconf 80' lang='lat' dir='ltr'><strong>fecit,etc.</strong></span> <span class='ocrx_word' id='word_1_381' title='bbox 859 2894 912 2929; x_wconf 89' lang='lat' dir='ltr'><strong>v.</strong></span> <span class='ocrx_word' id='word_1_382' title='bbox 964 2877 1081 2931; x_wconf 89' lang='lat' dir='ltr'><strong>Cat.</strong></span> <span class='ocrx_word' id='word_1_383' title='bbox 1114 2877 1273 2931; x_wconf 90' lang='lat' dir='ltr'><strong>codd.</strong></span> <span class='ocrx_word' id='word_1_384' title='bbox 1306 2893 1387 2945; x_wconf 83' lang='lat' dir='ltr'><strong>gr.</strong></span> <span class='ocrx_word' id='word_1_385' title='bbox 1417 2877 1581 2930; x_wconf 90' lang='lat' dir='ltr'><strong>Taur.</strong></span> <span class='ocrx_word' id='word_1_386' title='bbox 1609 2894 1664 2947; x_wconf 91' lang='lat' dir='ltr'><strong>p.</strong></span> <span class='ocrx_word' id='word_1_387' title='bbox 1700 2878 1823 2931; x_wconf 85' lang='grc'>262.</span> <span class='ocrx_word' id='word_1_388' title='bbox 1854 2879 1994 2932; x_wconf 89' lang='lat' dir='ltr'><strong>Num</strong></span> <span class='ocrx_word' id='word_1_389' title='bbox 2030 2895 2161 2933; x_wconf 84' lang='lat' dir='ltr'><strong>vero</strong></span> <span class='ocrx_word' id='word_1_390' title='bbox 2182 2890 2365 2933; x_wconf 89' lang='lat' dir='ltr'><strong>noster</strong></span> <span class='ocrx_word' id='word_1_391' title='bbox 2398 2881 2684 2943; x_wconf 81' lang='lat' dir='ltr'><strong>Macarius,</strong></span> <span class='ocrx_word' id='word_1_392' title='bbox 2712 2894 2779 2931; x_wconf 89' lang='lat' dir='ltr'><strong>an</strong></span> <span class='ocrx_word' id='word_1_393' title='bbox 2818 2879 3137 2946; x_wconf 80' lang='lat' dir='ltr'><strong>Ancyranus</strong></span> <span class='ocrx_word' id='word_1_394' title='bbox 3168 2884 3429 2941; x_wconf 86' lang='lat' dir='ltr'><strong>metropo-</strong></span> 
     </span>
    </p>
   </div>
   <div class='ocr_carea' id='block_1_31' title="bbox 197 2962 3429 3039">
    <p class='ocr_par' dir='ltr' id='par_1_31' title="bbox 197 2962 3429 3039">
     <span class='ocr_line' id='line_1_31' title="bbox 197 2962 3429 3039; baseline 0.002 -26"><span class='ocrx_word' id='word_1_395' title='bbox 197 2962 318 3025; x_wconf 85' lang='lat' dir='ltr'><strong>lita,</strong></span> <span class='ocrx_word' id='word_1_396' title='bbox 345 2978 415 3015; x_wconf 90' lang='lat' dir='ltr'><strong>an</strong></span> <span class='ocrx_word' id='word_1_397' title='bbox 448 2965 587 3018; x_wconf 89' lang='lat' dir='ltr'><strong>alius</strong></span> <span class='ocrx_word' id='word_1_398' title='bbox 610 2966 681 3019; x_wconf 91' lang='lat' dir='ltr'><strong>sit</strong></span> <span class='ocrx_word' id='word_1_399' title='bbox 700 2968 1101 3037; x_wconf 78' lang='lat' dir='ltr'><strong>intelligendus,</strong></span> <span class='ocrx_word' id='word_1_400' title='bbox 1127 2970 1163 3022; x_wconf 91' lang='lat' dir='ltr'><strong>ii</strong></span> <span class='ocrx_word' id='word_1_401' title='bbox 1183 2969 1276 3037; x_wconf 88' lang='lat' dir='ltr'><strong>qui</strong></span> <span class='ocrx_word' id='word_1_402' title='bbox 1298 2969 1541 3023; x_wconf 88' lang='lat' dir='ltr'><strong>codicem</strong></span> <span class='ocrx_word' id='word_1_403' title='bbox 1572 2980 1801 3039; x_wconf 88' lang='lat' dir='ltr'><strong>possunt</strong></span> <span class='ocrx_word' id='word_1_404' title='bbox 1821 2986 2155 3038; x_wconf 87' lang='lat' dir='ltr'><strong>comparare,</strong></span> <span class='ocrx_word' id='word_1_405' title='bbox 2181 2971 2496 3034; x_wconf 90' lang='lat' dir='ltr'><strong>decernant,</strong></span> <span class='ocrx_word' id='word_1_406' title='bbox 2521 2971 2614 3024; x_wconf 90' lang='lat' dir='ltr'><strong>sed</strong></span> <span class='ocrx_word' id='word_1_407' title='bbox 2629 2970 2886 3039; x_wconf 85' lang='lat' dir='ltr'><strong>Regulam</strong></span> <span class='ocrx_word' id='word_1_408' title='bbox 2914 2969 3057 3021; x_wconf 90' lang='lat' dir='ltr'><strong>illam</strong></span> <span class='ocrx_word' id='word_1_409' title='bbox 3086 2970 3429 3020; x_wconf 84' lang='lat' dir='ltr'><strong>monasticam</strong></span> 
     </span>
    </p>
   </div>
   <div class='ocr_carea' id='block_1_32' title="bbox 196 3059 3429 3132">
    <p class='ocr_par' dir='ltr' id='par_1_32' title="bbox 196 3059 3429 3132">
     <span class='ocr_line' id='line_1_32' title="bbox 196 3059 3429 3132; baseline 0.001 -25"><span class='ocrx_word' id='word_1_410' title='bbox 196 3069 374 3123; x_wconf 90' lang='lat' dir='ltr'><strong>aeque</strong></span> <span class='ocrx_word' id='word_1_411' title='bbox 406 3071 470 3108; x_wconf 91' lang='lat' dir='ltr'><strong>ac</strong></span> <span class='ocrx_word' id='word_1_412' title='bbox 493 3072 797 3111; x_wconf 90' lang='lat' dir='ltr'><strong>sermonem</strong></span> <span class='ocrx_word' id='word_1_413' title='bbox 834 3059 898 3111; x_wconf 89' lang='lat' dir='ltr'><strong>de</strong></span> <span class='ocrx_word' id='word_1_414' title='bbox 924 3062 1066 3114; x_wconf 74' lang='lat' dir='ltr'><strong>exitu</strong></span> <span class='ocrx_word' id='word_1_415' title='bbox 1108 3062 1318 3114; x_wconf 86' lang='lat' dir='ltr'><strong>animae</strong></span> <span class='ocrx_word' id='word_1_416' title='bbox 1346 3062 1627 3132; x_wconf 87' lang='lat' dir='ltr'><strong>iustorum,</strong></span> <span class='ocrx_word' id='word_1_417' title='bbox 1659 3071 1766 3117; x_wconf 88' lang='lat' dir='ltr'><strong>etc.</strong></span> <span class='ocrx_word' id='word_1_418' title='bbox 1795 3062 1847 3115; x_wconf 82' lang='lat' dir='ltr'><strong>J.</strong></span> <span class='ocrx_word' id='word_1_419' title='bbox 1877 3062 1939 3118; x_wconf 81' lang='lat' dir='ltr'><strong>G.</strong></span> <span class='ocrx_word' id='word_1_420' title='bbox 1984 3062 2185 3116; x_wconf 85' lang='lat' dir='ltr'><strong>Walch.</strong></span> <span class='ocrx_word' id='word_1_421' title='bbox 2220 3063 2285 3116; x_wconf 95' lang='lat' dir='ltr'><strong>II.</strong></span> <span class='ocrx_word' id='word_1_422' title='bbox 2314 3062 2377 3119; x_wconf 86' lang='lat' dir='ltr'><strong>E.</strong></span> <span class='ocrx_word' id='word_1_423' title='bbox 2408 3078 2461 3131; x_wconf 93' lang='lat' dir='ltr'><strong>p.</strong></span> <span class='ocrx_word' id='word_1_424' title='bbox 2493 3062 2630 3115; x_wconf 91' lang='grc'>1575</span> <span class='ocrx_word' id='word_1_425' title='bbox 2656 3077 2781 3116; x_wconf 91' lang='lat' dir='ltr'><strong>cum</strong></span> <span class='ocrx_word' id='word_1_426' title='bbox 2804 3062 2924 3115; x_wconf 89' lang='lat' dir='ltr'><strong>aliis</strong></span> <span class='ocrx_word' id='word_1_427' title='bbox 2954 3060 3274 3114; x_wconf 87' lang='lat' dir='ltr'><strong>adnumerat</strong></span> <span class='ocrx_word' id='word_1_428' title='bbox 3311 3073 3429 3110; x_wconf 81' lang='lat' dir='ltr'><strong>ino-</strong></span> 
     </span>
    </p>
   </div>
   <div class='ocr_carea' id='block_1_33' title="bbox 196 3148 1027 3217">
    <p class='ocr_par' dir='ltr' id='par_1_33' title="bbox 196 3148 1027 3217">
     <span class='ocr_line' id='line_1_33' title="bbox 196 3148 1027 3217; baseline 0.007 -19"><span class='ocrx_word' id='word_1_429' title='bbox 196 3148 480 3201; x_wconf 89' lang='lat' dir='ltr'><strong>numentis</strong></span> <span class='ocrx_word' id='word_1_430' title='bbox 518 3150 831 3217; x_wconf 89' lang='lat' dir='ltr'><strong>suppositis.</strong></span> <span class='ocrx_word' id='word_1_431' title='bbox 864 3150 1027 3204; x_wconf 72' lang='lat' dir='ltr'><strong>&quot;ABL.</strong></span> 
     </span>
    </p>
   </div>
   <div class='ocr_carea' id='block_1_34' title="bbox 261 3237 3427 3313">
    <p class='ocr_par' dir='ltr' id='par_1_34' title="bbox 261 3237 3427 3313">
     <span class='ocr_line' id='line_1_34' title="bbox 261 3237 3427 3313; baseline 0.001 -24"><span class='ocrx_word' id='word_1_432' title='bbox 261 3238 385 3291; x_wconf 81' lang='lat' dir='ltr'><strong>Alia</strong></span> <span class='ocrx_word' id='word_1_433' title='bbox 410 3237 614 3309; x_wconf 86' lang='lat' dir='ltr'><strong>Regula</strong></span> <span class='ocrx_word' id='word_1_434' title='bbox 640 3241 975 3310; x_wconf 88' lang='lat' dir='ltr'><strong>Serapionis,</strong></span> <span class='ocrx_word' id='word_1_435' title='bbox 1004 3242 1240 3307; x_wconf 83' lang='lat' dir='ltr'><strong>Macarii,</strong></span> <span class='ocrx_word' id='word_1_436' title='bbox 1274 3242 1590 3312; x_wconf 89' lang='lat' dir='ltr'><strong>Paphnutii,</strong></span> <span class='ocrx_word' id='word_1_437' title='bbox 1626 3244 1859 3299; x_wconf 86' lang='lat' dir='ltr'><strong>iunioris</strong></span> <span class='ocrx_word' id='word_1_438' title='bbox 1884 3245 2100 3301; x_wconf 85' lang='lat' dir='ltr'><strong>Macarii</strong></span> <span class='ocrx_word' id='word_1_439' title='bbox 2119 3256 2176 3301; x_wconf 87' lang='lat' dir='ltr'><strong>et</strong></span> <span class='ocrx_word' id='word_1_440' title='bbox 2201 3247 2434 3299; x_wconf 89' lang='lat' dir='ltr'><strong>aliorum</strong></span> <span class='ocrx_word' id='word_1_441' title='bbox 2465 3245 2533 3299; x_wconf 70' lang='grc'><strong>51</strong></span> <span class='ocrx_word' id='word_1_442' title='bbox 2553 3262 2620 3299; x_wconf 79' lang='lat' dir='ltr'><strong>ex</strong></span> <span class='ocrx_word' id='word_1_443' title='bbox 2642 3244 2830 3299; x_wconf 87' lang='lat' dir='ltr'><strong>codice</strong></span> <span class='ocrx_word' id='word_1_444' title='bbox 2852 3241 3287 3313; x_wconf 73' lang='lat' dir='ltr'><strong>Aﬁligemenensi</strong></span> <span class='ocrx_word' id='word_1_445' title='bbox 3317 3240 3427 3309; x_wconf 83' lang='lat' dir='ltr'><strong>pri-</strong></span> 
     </span>
    </p>
   </div>
   <div class='ocr_carea' id='block_1_35' title="bbox 198 3320 3429 3408">
    <p class='ocr_par' dir='ltr' id='par_1_35' title="bbox 198 3320 3429 3408">
     <span class='ocr_line' id='line_1_35' title="bbox 198 3320 3429 3408; baseline 0.001 -26"><span class='ocrx_word' id='word_1_446' title='bbox 198 3348 350 3384; x_wconf 87' lang='lat' dir='ltr'><strong>mum</strong></span> <span class='ocrx_word' id='word_1_447' title='bbox 382 3334 530 3387; x_wconf 93' lang='lat' dir='ltr'><strong>edita</strong></span> <span class='ocrx_word' id='word_1_448' title='bbox 546 3334 615 3387; x_wconf 91' lang='lat' dir='ltr'><strong>ab</strong></span> <span class='ocrx_word' id='word_1_449' title='bbox 642 3334 863 3388; x_wconf 82' lang='lat' dir='ltr'><strong>Henrico</strong></span> <span class='ocrx_word' id='word_1_450' title='bbox 886 3335 1154 3405; x_wconf 88' lang='lat' dir='ltr'><strong>Cuicquio,</strong></span> <span class='ocrx_word' id='word_1_451' title='bbox 1179 3338 1434 3407; x_wconf 88' lang='lat' dir='ltr'><strong>episcopo</strong></span> <span class='ocrx_word' id='word_1_452' title='bbox 1467 3348 1652 3408; x_wconf 91' lang='lat' dir='ltr'><strong>postea</strong></span> <span class='ocrx_word' id='word_1_453' title='bbox 1682 3340 2138 3404; x_wconf 84' lang='lat' dir='ltr'><strong>Ruremondensi,</strong></span> <span class='ocrx_word' id='word_1_454' title='bbox 2175 3340 2242 3393; x_wconf 91' lang='lat' dir='ltr'><strong>ad</strong></span> <span class='ocrx_word' id='word_1_455' title='bbox 2272 3339 2476 3393; x_wconf 84' lang='lat' dir='ltr'><strong>calcem</strong></span> <span class='ocrx_word' id='word_1_456' title='bbox 2516 3336 2761 3392; x_wconf 87' lang='lat' dir='ltr'><strong>Cassiani</strong></span> <span class='ocrx_word' id='word_1_457' title='bbox 2788 3320 3052 3404; x_wconf 85' lang='lat' dir='ltr'><strong>Antverp.</strong></span> <span class='ocrx_word' id='word_1_458' title='bbox 3092 3334 3246 3395; x_wconf 81' lang='lat'><strong>1578,</strong></span> <span class='ocrx_word' id='word_1_459' title='bbox 3273 3332 3351 3394; x_wconf 86' lang='lat'><strong>8°,</strong></span> <span class='ocrx_word' id='word_1_460' title='bbox 3377 3338 3429 3385; x_wconf 85' lang='lat' dir='ltr'><strong>et</strong></span> 
     </span>
    </p>
   </div>
   <div class='ocr_carea' id='block_1_36' title="bbox 197 3420 1664 3496">
    <p class='ocr_par' dir='ltr' id='par_1_36' title="bbox 197 3420 1664 3496">
     <span class='ocr_line' id='line_1_36' title="bbox 197 3420 1664 3496; baseline 0.005 -20"><span class='ocrx_word' id='word_1_461' title='bbox 197 3420 400 3477; x_wconf 88' lang='lat' dir='ltr'><strong>deinde</strong></span> <span class='ocrx_word' id='word_1_462' title='bbox 423 3425 478 3477; x_wconf 92' lang='lat' dir='ltr'><strong>in</strong></span> <span class='ocrx_word' id='word_1_463' title='bbox 507 3424 693 3479; x_wconf 86' lang='lat' dir='ltr'><strong>codice</strong></span> <span class='ocrx_word' id='word_1_464' title='bbox 721 3427 1048 3496; x_wconf 75' lang='lat' dir='ltr'><strong>Hegularum</strong></span> <span class='ocrx_word' id='word_1_465' title='bbox 1072 3428 1426 3483; x_wconf 87' lang='lat' dir='ltr'><strong>Ilolsteniano</strong></span> <span class='ocrx_word' id='word_1_466' title='bbox 1453 3446 1664 3485; x_wconf 88' lang='lat' dir='ltr'><strong>recusa.</strong></span> 
     </span>
    </p>
   </div>
   <div class='ocr_carea' id='block_1_37' title="bbox 272 3511 3433 3591">
    <p class='ocr_par' dir='ltr' id='par_1_37' title="bbox 272 3511 3433 3591">
     <span class='ocr_line' id='line_1_37' title="bbox 272 3511 3433 3591; baseline -0.001 -25"><span class='ocrx_word' id='word_1_467' title='bbox 272 3516 446 3581; x_wconf 85' lang='grc' dir='ltr'><strong>Λόγος</strong></span> <span class='ocrx_word' id='word_1_468' title='bbox 469 3518 594 3585; x_wconf 77' lang='grc' dir='ltr'><strong>περὶ</strong></span> <span class='ocrx_word' id='word_1_469' title='bbox 620 3516 798 3582; x_wconf 78' lang='grc' dir='ltr'>ἐξόδου</span> <span class='ocrx_word' id='word_1_470' title='bbox 828 3517 1004 3587; x_wconf 69' lang='grc' dir='ltr'>ψυχῆς</span> <span class='ocrx_word' id='word_1_471' title='bbox 1021 3518 1243 3571; x_wconf 77' lang='grc' dir='ltr'><strong>δικαίων</strong></span> <span class='ocrx_word' id='word_1_472' title='bbox 1274 3521 1367 3573; x_wconf 80' lang='grc' dir='ltr'>καὶ</span> <span class='ocrx_word' id='word_1_473' title='bbox 1398 3522 1731 3591; x_wconf 81' lang='grc' dir='ltr'><strong>ἁμαρτωλῶν</strong></span> <span class='ocrx_word' id='word_1_474' title='bbox 1754 3524 1812 3574; x_wconf 87' lang='grc' dir='ltr'>τὸ</span> <span class='ocrx_word' id='word_1_475' title='bbox 1840 3522 1954 3585; x_wconf 83' lang='grc' dir='ltr'><strong>πῶς</strong></span> <span class='ocrx_word' id='word_1_476' title='bbox 1985 3522 2305 3591; x_wconf 75' lang='grc' dir='ltr'><strong>χωρίζονται</strong></span> <span class='ocrx_word' id='word_1_477' title='bbox 2331 3523 2395 3573; x_wconf 85' lang='grc' dir='ltr'><strong>ὲκ</strong></span> <span class='ocrx_word' id='word_1_478' title='bbox 2416 3518 2510 3572; x_wconf 76' lang='grc' dir='ltr'>τοῦ</span> <span class='ocrx_word' id='word_1_479' title='bbox 2535 3518 2782 3586; x_wconf 83' lang='grc' dir='ltr'><strong>σώματος</strong></span> <span class='ocrx_word' id='word_1_480' title='bbox 2804 3518 2897 3569; x_wconf 77' lang='grc' dir='ltr'>καὶ</span> <span class='ocrx_word' id='word_1_481' title='bbox 2924 3515 3038 3577; x_wconf 86' lang='grc' dir='ltr'><strong>πῶς</strong></span> <span class='ocrx_word' id='word_1_482' title='bbox 3068 3516 3201 3566; x_wconf 76' lang='grc' dir='ltr'>εἰσιν</span> <span class='ocrx_word' id='word_1_483' title='bbox 3218 3555 3230 3575; x_wconf 87' lang='grc'><em>,</em></span> <span class='ocrx_word' id='word_1_484' title='bbox 3250 3511 3433 3566; x_wconf 84' lang='lat' dir='ltr'><strong>Sermo</strong></span> 
     </span>
    </p>
   </div>
   <div class='ocr_carea' id='block_1_38' title="bbox 196 3604 3433 3683">
    <p class='ocr_par' dir='ltr' id='par_1_38' title="bbox 196 3604 3433 3683">
     <span class='ocr_line' id='line_1_38' title="bbox 196 3604 3433 3683; baseline -0.001 -22"><span class='ocrx_word' id='word_1_485' title='bbox 196 3607 262 3661; x_wconf 81' lang='lat' dir='ltr'><strong>de</strong></span> <span class='ocrx_word' id='word_1_486' title='bbox 310 3609 453 3660; x_wconf 79' lang='lat' dir='ltr'><strong>exitu</strong></span> <span class='ocrx_word' id='word_1_487' title='bbox 494 3610 704 3663; x_wconf 85' lang='lat' dir='ltr'><strong>animae</strong></span> <span class='ocrx_word' id='word_1_488' title='bbox 747 3612 1001 3665; x_wconf 86' lang='lat' dir='ltr'><strong>iustorum</strong></span> <span class='ocrx_word' id='word_1_489' title='bbox 1038 3620 1088 3663; x_wconf 84' lang='lat' dir='ltr'><strong>et</strong></span> <span class='ocrx_word' id='word_1_490' title='bbox 1140 3620 1503 3683; x_wconf 86' lang='lat' dir='ltr'><strong>peccatorum,</strong></span> <span class='ocrx_word' id='word_1_491' title='bbox 1545 3615 1799 3683; x_wconf 87' lang='lat' dir='ltr'><strong>quomodo</strong></span> <span class='ocrx_word' id='word_1_492' title='bbox 1850 3622 2169 3683; x_wconf 86' lang='lat' dir='ltr'><strong>separantur</strong></span> <span class='ocrx_word' id='word_1_493' title='bbox 2199 3631 2232 3667; x_wconf 92' lang='lat' dir='ltr'><strong>a</strong></span> <span class='ocrx_word' id='word_1_494' title='bbox 2277 3627 2493 3682; x_wconf 89' lang='lat' dir='ltr'><strong>corpore</strong></span> <span class='ocrx_word' id='word_1_495' title='bbox 2533 3619 2581 3663; x_wconf 89' lang='lat' dir='ltr'><strong>et</strong></span> <span class='ocrx_word' id='word_1_496' title='bbox 2623 3610 2813 3678; x_wconf 69' lang='lat' dir='ltr'><strong>inquo</strong></span> <span class='ocrx_word' id='word_1_497' title='bbox 2861 3613 3002 3659; x_wconf 84' lang='lat' dir='ltr'><strong>statu</strong></span> <span class='ocrx_word' id='word_1_498' title='bbox 3048 3613 3289 3667; x_wconf 86' lang='lat' dir='ltr'><strong>manent,</strong></span> <span class='ocrx_word' id='word_1_499' title='bbox 3332 3604 3433 3657; x_wconf 81' lang='lat' dir='ltr'><strong>sub</strong></span> 
     </span>
    </p>
   </div>
   <div class='ocr_carea' id='block_1_39' title="bbox 196 3827 3431 3901">
    <p class='ocr_par' dir='ltr' id='par_1_39' title="bbox 196 3827 3431 3901">
     <span class='ocr_line' id='line_1_39' title="bbox 196 3827 3431 3901; baseline 0 -20"><span class='ocrx_word' id='word_1_500' title='bbox 196 3827 679 3901; x_wconf 68' lang='lat' dir='ltr'><strong>circumferuntur,</strong></span> <span class='ocrx_word' id='word_1_501' title='bbox 728 3830 964 3883; x_wconf 88' lang='lat' dir='ltr'><strong>Macarii.</strong></span> <span class='ocrx_word' id='word_1_502' title='bbox 1001 3830 1138 3885; x_wconf 89' lang='lat' dir='ltr'><strong>Phil.</strong></span> <span class='ocrx_word' id='word_1_503' title='bbox 1176 3832 1343 3885; x_wconf 88' lang='lat' dir='ltr'><strong>Labbe</strong></span> <span class='ocrx_word' id='word_1_504' title='bbox 1375 3834 1602 3887; x_wconf 89' lang='lat' dir='ltr'><strong>editioni</strong></span> <span class='ocrx_word' id='word_1_505' title='bbox 1631 3851 1762 3890; x_wconf 88' lang='lat' dir='ltr'><strong>suae</strong></span> <span class='ocrx_word' id='word_1_506' title='bbox 1793 3846 1838 3896; x_wconf 82' lang='grc' dir='ltr'><strong>Α</strong></span> <span class='ocrx_word' id='word_1_507' title='bbox 1868 3834 2002 3887; x_wconf 85' lang='lat' dir='ltr'><strong>Bibl.</strong></span> <span class='ocrx_word' id='word_1_508' title='bbox 2039 3833 2262 3887; x_wconf 85' lang='lat' dir='ltr'><strong>Coislin.</strong></span> <span class='ocrx_word' id='word_1_509' title='bbox 2286 3849 2336 3901; x_wconf 93' lang='lat' dir='ltr'><strong>p.</strong></span> <span class='ocrx_word' id='word_1_510' title='bbox 2369 3833 2471 3886; x_wconf 82' lang='grc'>599</span> <span class='ocrx_word' id='word_1_511' title='bbox 2510 3842 2565 3886; x_wconf 91' lang='lat' dir='ltr'><strong>et</strong></span> <span class='ocrx_word' id='word_1_512' title='bbox 2596 3831 2717 3886; x_wconf 89' lang='grc'>295.</span> <span class='ocrx_word' id='word_1_513' title='bbox 2752 3827 3431 3901; x_wconf 74' lang='lat' dir='ltr'><strong>Utriusquevita_i_r_i__l_lis_t.</strong></span> 
     </span>
    </p>
   </div>
   <div class='ocr_carea' id='block_1_40' title="bbox 197 3896 3433 3972">
    <p class='ocr_par' dir='ltr' id='par_1_40' title="bbox 197 3896 3433 3972">
     <span class='ocr_line' id='line_1_40' title="bbox 197 3896 3433 3972; baseline 0.001 -24"><span class='ocrx_word' id='word_1_514' title='bbox 197 3898 699 3972; x_wconf 78' lang='lat' dir='ltr'><strong>Clycaeannalium</strong></span> <span class='ocrx_word' id='word_1_515' title='bbox 733 3900 895 3968; x_wconf 89' lang='lat' dir='ltr'><strong>(inter</strong></span> <span class='ocrx_word' id='word_1_516' title='bbox 919 3902 1227 3969; x_wconf 89' lang='lat' dir='ltr'><strong>Scriptores</strong></span> <span class='ocrx_word' id='word_1_517' title='bbox 1252 3903 1387 3955; x_wconf 85' lang='lat' dir='ltr'><strong>Hist.</strong></span> <span class='ocrx_word' id='word_1_518' title='bbox 1413 3904 1759 3972; x_wconf 80' lang='lat' dir='ltr'><strong>Byzantinae)</strong></span> <span class='ocrx_word' id='word_1_519' title='bbox 1870 3904 2263 3957; x_wconf 83' lang='lat' dir='ltr'><strong>monachorum</strong></span> <span class='ocrx_word' id='word_1_520' title='bbox 2286 3896 2606 3972; x_wconf 50' lang='lat' dir='ltr'><strong>&#39;Aegyptior.</strong></span> <span class='ocrx_word' id='word_1_521' title='bbox 2656 3902 2709 3954; x_wconf 93' lang='lat' dir='ltr'><strong>in</strong></span> <span class='ocrx_word' id='word_1_522' title='bbox 2746 3900 2868 3972; x_wconf 79' lang='lat' dir='ltr'><strong>cod.</strong></span> <span class='ocrx_word' id='word_1_523' title='bbox 2902 3896 3433 3972; x_wconf 79' lang='lat' dir='ltr'><strong>Coislin_._LXXXlil.</strong></span> 
     </span>
    </p>
   </div>
   <div class='ocr_carea' id='block_1_41' title="bbox 199 3962 3436 4092">
    <p class='ocr_par' dir='ltr' id='par_1_41' title="bbox 199 3962 3436 4092">
     <span class='ocr_line' id='line_1_41' title="bbox 199 3962 3436 4092; baseline 0.001 -73"><span class='ocrx_word' id='word_1_524' title='bbox 199 3962 761 4036; x_wconf 66' lang='lat' dir='ltr'><strong>praemisitsyllabum</strong></span> <span class='ocrx_word' id='word_1_525' title='bbox 794 3962 1077 4023; x_wconf 82' lang='lat' dir='ltr'><strong>auctorum</strong></span> <span class='ocrx_word' id='word_1_526' title='bbox 1102 3973 1213 4025; x_wconf 91' lang='lat' dir='ltr'><strong>sive</strong></span> <span class='ocrx_word' id='word_1_527' title='bbox 1238 3962 1509 4027; x_wconf 79' lang='lat' dir='ltr'><strong>editorum</strong></span> <span class='ocrx_word' id='word_1_528' title='bbox 1540 3989 1569 4025; x_wconf 91' lang='lat' dir='ltr'><strong>a</strong></span> <span class='ocrx_word' id='word_1_529' title='bbox 1600 3962 1764 4043; x_wconf 84' lang='lat' dir='ltr'><strong>Glyca</strong></span> <span class='ocrx_word' id='word_1_530' title='bbox 1870 3991 1923 4027; x_wconf 95' lang='lat' dir='ltr'><strong>v.</strong></span> <span class='ocrx_word' id='word_1_531' title='bbox 1968 3972 2259 4036; x_wconf 85' lang='lat' dir='ltr'><strong>Montfauc.</strong></span> <span class='ocrx_word' id='word_1_532' title='bbox 2303 3973 2338 4025; x_wconf 88' lang='grc' dir='ltr'>Ι.</span> <span class='ocrx_word' id='word_1_533' title='bbox 2367 3962 2491 4041; x_wconf 48' lang='grc' dir='ltr'><strong>ΙΫῤ.</strong></span> <span class='ocrx_word' id='word_1_534' title='bbox 2515 3973 2615 4024; x_wconf 87' lang='grc'>158</span> <span class='ocrx_word' id='word_1_535' title='bbox 2647 3987 2729 4092; x_wconf 73' lang='lat' dir='ltr'><strong>sq.</strong></span> <span class='ocrx_word' id='word_1_536' title='bbox 2775 3970 2921 4049; x_wconf 78' lang='lat' dir='ltr'><strong>Idem</strong></span> <span class='ocrx_word' id='word_1_537' title='bbox 2964 3986 3017 4038; x_wconf 92' lang='lat' dir='ltr'><strong>p.</strong></span> <span class='ocrx_word' id='word_1_538' title='bbox 3057 3968 3151 4019; x_wconf 91' lang='lat'><strong>111</strong></span> <span class='ocrx_word' id='word_1_539' title='bbox 3186 3981 3436 4023; x_wconf 76' lang='lat' dir='ltr'><strong>recenset</strong></span> 
     </span>
     <span class='ocr_line' id='line_1_42' title="bbox 199 4036 3433 4092; baseline 0.001 -4"><span class='ocrx_word' id='word_1_540' title='bbox 199 4048 647 4091; x_wconf 81' lang='lat' dir='ltr'><strong>niemoratoruui.</strong></span> <span class='ocrx_word' id='word_1_541' title='bbox 680 4039 821 4091; x_wconf 87' lang='lat' dir='ltr'><strong>Inter</strong></span> <span class='ocrx_word' id='word_1_542' title='bbox 857 4041 1090 4092; x_wconf 89' lang='lat' dir='ltr'><strong>ineditos</strong></span> <span class='ocrx_word' id='word_1_543' title='bbox 1133 4042 1332 4092; x_wconf 88' lang='lat' dir='ltr'><strong>citatur</strong></span> <span class='ocrx_word' id='word_1_544' title='bbox 1384 4043 1647 4092; x_wconf 82' lang='lat' dir='ltr'><strong>Macarius</strong></span> <span class='ocrx_word' id='word_1_545' title='bbox 1670 4045 1762 4092; x_wconf 87' lang='lat' dir='ltr'><strong>ab-</strong></span> <span class='ocrx_word' id='word_1_546' title='bbox 1870 4043 1991 4092; x_wconf 87' lang='lat' dir='ltr'><strong>cod.</strong></span> <span class='ocrx_word' id='word_1_547' title='bbox 2017 4042 2255 4092; x_wconf 87' lang='lat' dir='ltr'><strong>XXXVII</strong></span> <span class='ocrx_word' id='word_1_548' title='bbox 2281 4058 2325 4092; x_wconf 91' lang='lat' dir='ltr'><strong>s.</strong></span> <span class='ocrx_word' id='word_1_549' title='bbox 2352 4043 2573 4092; x_wconf 86' lang='lat' dir='ltr'><strong>Niconis</strong></span> <span class='ocrx_word' id='word_1_550' title='bbox 2606 4042 2688 4092; x_wconf 89' lang='lat' dir='ltr'><strong>col</strong></span> <span class='ocrx_word' id='word_1_551' title='bbox 2712 4049 2981 4092; x_wconf 84' lang='lat' dir='ltr'><strong>ecttonem</strong></span> <span class='ocrx_word' id='word_1_552' title='bbox 3040 4038 3281 4090; x_wconf 90' lang='lat' dir='ltr'><strong>locorum</strong></span> <span class='ocrx_word' id='word_1_553' title='bbox 3337 4036 3433 4091; x_wconf 87' lang='lat' dir='ltr'><strong>SS.</strong></span> 
     </span>
    </p>
   </div>
   <div class='ocr_carea' id='block_1_42' title="bbox 198 4036 3433 4097">
    <p class='ocr_par' dir='ltr' id='par_1_42' title="bbox 198 4036 3433 4097">
     <span class='ocr_line' id='line_1_43' title="bbox 198 4036 3433 4097; baseline 0.001 -9"><span class='ocrx_word' id='word_1_554' title='bbox 198 4048 647 4091; x_wconf 86' lang='lat' dir='ltr'><strong>memoratorum.</strong></span> <span class='ocrx_word' id='word_1_555' title='bbox 680 4039 821 4091; x_wconf 89' lang='lat' dir='ltr'><strong>Intcr</strong></span> <span class='ocrx_word' id='word_1_556' title='bbox 857 4041 1090 4094; x_wconf 91' lang='lat' dir='ltr'><strong>ineditos</strong></span> <span class='ocrx_word' id='word_1_557' title='bbox 1133 4042 1332 4095; x_wconf 89' lang='lat' dir='ltr'><strong>citatur</strong></span> <span class='ocrx_word' id='word_1_558' title='bbox 1384 4043 1647 4096; x_wconf 85' lang='lat' dir='ltr'><strong>Macarius</strong></span> <span class='ocrx_word' id='word_1_559' title='bbox 1668 4036 1762 4096; x_wconf 77' lang='lat' dir='ltr'><strong>ab-</strong></span> <span class='ocrx_word' id='word_1_560' title='bbox 1870 4043 1991 4097; x_wconf 90' lang='lat' dir='ltr'><strong>cod.</strong></span> <span class='ocrx_word' id='word_1_561' title='bbox 2017 4042 2255 4095; x_wconf 77' lang='lat' dir='ltr'><strong>XXXVII</strong></span> <span class='ocrx_word' id='word_1_562' title='bbox 2281 4058 2325 4094; x_wconf 91' lang='lat' dir='ltr'><strong>s.</strong></span> <span class='ocrx_word' id='word_1_563' title='bbox 2352 4036 2573 4095; x_wconf 84' lang='lat' dir='ltr'><strong>Niconis</strong></span> <span class='ocrx_word' id='word_1_564' title='bbox 2606 4036 2981 4093; x_wconf 80' lang='lat' dir='ltr'><strong>collectionem</strong></span> <span class='ocrx_word' id='word_1_565' title='bbox 3040 4038 3281 4090; x_wconf 90' lang='lat' dir='ltr'><strong>locorum</strong></span> <span class='ocrx_word' id='word_1_566' title='bbox 3337 4036 3433 4091; x_wconf 88' lang='lat' dir='ltr'><strong>SS.</strong></span> 
     </span>
    </p>
   </div>
   <div class='ocr_carea' id='block_1_43' title="bbox 196 4106 1881 4192">
    <p class='ocr_par' dir='ltr' id='par_1_43' title="bbox 196 4106 1881 4192">
     <span class='ocr_line' id='line_1_44' title="bbox 196 4106 1881 4192; baseline 0.005 -35"><span class='ocrx_word' id='word_1_567' title='bbox 196 4109 378 4192; x_wconf 36' lang='lat' dir='ltr'><strong>hasné‘</strong></span> <span class='ocrx_word' id='word_1_568' title='bbox 398 4106 568 4192; x_wconf 59' lang='grc' dir='ltr'><strong>μέγΞς</strong></span> <span class='ocrx_word' id='word_1_569' title='bbox 601 4111 959 4192; x_wconf 41' lang='grc' dir='ltr'><strong>Μακέιριςὲν</strong></span> <span class='ocrx_word' id='word_1_570' title='bbox 986 4112 1312 4192; x_wconf 45' lang='grc' dir='ltr'><strong>ἐξίει-πολεῖς,</strong></span> <span class='ocrx_word' id='word_1_571' title='bbox 1341 4128 1371 4166; x_wconf 89' lang='lat' dir='ltr'><strong>a</strong></span> <span class='ocrx_word' id='word_1_572' title='bbox 1401 4110 1656 4192; x_wconf 52' lang='lat' dir='ltr'><strong>Glycahp.</strong></span> <span class='ocrx_word' id='word_1_573' title='bbox 1697 4114 1756 4167; x_wconf 88' lang='lat'><strong>81</strong></span> <span class='ocrx_word' id='word_1_574' title='bbox 1870 4131 1881 4165; x_wconf 70' lang='grc' dir='ltr'>ι</span> 
     </span>
    </p>
   </div>
   <div class='ocr_carea' id='block_1_44' title="bbox 1750 4106 3435 4192">
    <p class='ocr_par' dir='ltr' id='par_1_44' title="bbox 1750 4106 3435 4192">
     <span class='ocr_line' id='line_1_45' title="bbox 1750 4106 3435 4192; baseline -0.005 -25"><span class='ocrx_word' id='word_1_575' title='bbox 1750 4118 1756 4167; x_wconf 70' lang='lat' dir='ltr'><strong>l</strong></span> <span class='ocrx_word' id='word_1_576' title='bbox 1870 4123 1927 4166; x_wconf 91' lang='lat' dir='ltr'><strong>et</strong></span> <span class='ocrx_word' id='word_1_577' title='bbox 1954 4112 2215 4192; x_wconf 78' lang='lat' dir='ltr'><strong>Scriptor.</strong></span> <span class='ocrx_word' id='word_1_578' title='bbox 2244 4112 2699 4192; x_wconf 72' lang='lat' dir='ltr'><strong>Ecclesiasticor.,</strong></span> <span class='ocrx_word' id='word_1_579' title='bbox 2724 4110 2866 4162; x_wconf 90' lang='lat' dir='ltr'><strong>inter</strong></span> <span class='ocrx_word' id='word_1_580' title='bbox 2887 4106 3289 4192; x_wconf 47' lang='lat' dir='ltr'><strong>TIOS‘QCCIII‘TI‘I.</strong></span> <span class='ocrx_word' id='word_1_581' title='bbox 3321 4106 3435 4159; x_wconf 83' lang='lat' dir='ltr'><strong>Ma-</strong></span> 
     </span>
    </p>
   </div>
   <div class='ocr_carea' id='block_1_45' title="bbox 199 4175 3433 4251">
    <p class='ocr_par' dir='ltr' id='par_1_45' title="bbox 199 4175 3433 4251">
     <span class='ocr_line' id='line_1_46' title="bbox 199 4175 3433 4251; baseline 0 -22"><span class='ocrx_word' id='word_1_582' title='bbox 199 4175 471 4251; x_wconf 76' lang='lat' dir='ltr'><strong>Iaudatus.</strong></span> <span class='ocrx_word' id='word_1_583' title='bbox 502 4177 712 4251; x_wconf 75' lang='lat' dir='ltr'><strong>Censor</strong></span> <span class='ocrx_word' id='word_1_584' title='bbox 727 4178 994 4251; x_wconf 83' lang='lat' dir='ltr'><strong>Scriptor.</strong></span> <span class='ocrx_word' id='word_1_585' title='bbox 1027 4180 1162 4235; x_wconf 82' lang='lat' dir='ltr'><strong>Hist.</strong></span> <span class='ocrx_word' id='word_1_586' title='bbox 1199 4180 1418 4251; x_wconf 72' lang='lat' dir='ltr'><strong>Byzant.</strong></span> <span class='ocrx_word' id='word_1_587' title='bbox 1470 4175 1523 4234; x_wconf 88' lang='lat' dir='ltr'><strong>in</strong></span> <span class='ocrx_word' id='word_1_588' title='bbox 1573 4175 1765 4234; x_wconf 80' lang='lat' dir='ltr'><strong>Baum-</strong></span> <span class='ocrx_word' id='word_1_589' title='bbox 1872 4184 2047 4234; x_wconf 86' lang='lat' dir='ltr'><strong>carius</strong></span> <span class='ocrx_word' id='word_1_590' title='bbox 2078 4175 2469 4251; x_wconf 47' lang='lat' dir='ltr'><strong>Alexandrinus</strong></span> <span class='ocrx_word' id='word_1_591' title='bbox 2501 4180 2569 4233; x_wconf 84' lang='lat' dir='ltr'><strong>ad</strong></span> <span class='ocrx_word' id='word_1_592' title='bbox 2607 4196 2853 4251; x_wconf 76' lang='lat' dir='ltr'><strong>magnum</strong></span> <span class='ocrx_word' id='word_1_593' title='bbox 2890 4175 3433 4251; x_wconf 49' lang='lat' dir='ltr'><strong>Eusebiunifilexgn-</strong></span> 
     </span>
    </p>
   </div>
   <div class='ocr_carea' id='block_1_46' title="bbox 200 4245 3434 4319">
    <p class='ocr_par' dir='ltr' id='par_1_46' title="bbox 200 4245 3434 4319">
     <span class='ocr_line' id='line_1_47' title="bbox 200 4245 3434 4319; baseline 0.001 -22"><span class='ocrx_word' id='word_1_594' title='bbox 200 4248 433 4319; x_wconf 48' lang='lat' dir='ltr'><strong>gat-terni</strong></span> <span class='ocrx_word' id='word_1_595' title='bbox 461 4262 623 4319; x_wconf 81' lang='lat' dir='ltr'><strong>Opere</strong></span> <span class='ocrx_word' id='word_1_596' title='bbox 651 4267 661 4299; x_wconf 89' lang='lat'><strong>:</strong></span> <span class='ocrx_word' id='word_1_597' title='bbox 697 4245 1061 4302; x_wconf 81' lang='lat' dir='ltr'><strong>Nachrichten</strong></span> <span class='ocrx_word' id='word_1_598' title='bbox 1112 4266 1218 4305; x_wconf 89' lang='lat' dir='ltr'><strong>von</strong></span> <span class='ocrx_word' id='word_1_599' title='bbox 1244 4245 1421 4305; x_wconf 56' lang='lat' dir='ltr'><strong>&#39;einer</strong></span> <span class='ocrx_word' id='word_1_600' title='bbox 1464 4251 1763 4306; x_wconf 88' lang='lat' dir='ltr'><strong>hallischen</strong></span> <span class='ocrx_word' id='word_1_601' title='bbox 1871 4252 2104 4313; x_wconf 88' lang='lat' dir='ltr'><strong>drinum,</strong></span> <span class='ocrx_word' id='word_1_602' title='bbox 2138 4250 2204 4303; x_wconf 91' lang='lat' dir='ltr'><strong>de</strong></span> <span class='ocrx_word' id='word_1_603' title='bbox 2232 4266 2342 4319; x_wconf 90' lang='lat' dir='ltr'><strong>quo</strong></span> <span class='ocrx_word' id='word_1_604' title='bbox 2364 4250 2433 4303; x_wconf 83' lang='lat' dir='ltr'><strong>cf.</strong></span> <span class='ocrx_word' id='word_1_605' title='bbox 2476 4265 2640 4317; x_wconf 90' lang='lat' dir='ltr'><strong>supra</strong></span> <span class='ocrx_word' id='word_1_606' title='bbox 2666 4245 2719 4302; x_wconf 83' lang='lat' dir='ltr'><strong>in</strong></span> <span class='ocrx_word' id='word_1_607' title='bbox 2748 4249 2866 4319; x_wconf 76' lang='lat' dir='ltr'><strong>Vol.</strong></span> <span class='ocrx_word' id='word_1_608' title='bbox 2893 4247 3120 4319; x_wconf 76' lang='lat' dir='ltr'><strong>_VIII__p.</strong></span> <span class='ocrx_word' id='word_1_609' title='bbox 3152 4245 3257 4319; x_wconf 78' lang='lat'><strong>_9._95</strong></span> <span class='ocrx_word' id='word_1_610' title='bbox 3282 4245 3434 4319; x_wconf 79' lang='lat' dir='ltr'><strong>aFa-</strong></span> 
     </span>
    </p>
   </div>
   <div class='ocr_carea' id='block_1_47' title="bbox 200 4313 3430 4389">
    <p class='ocr_par' dir='ltr' id='par_1_47' title="bbox 200 4313 3430 4389">
     <span class='ocr_line' id='line_1_48' title="bbox 200 4313 3430 4389; baseline 0.001 -22"><span class='ocrx_word' id='word_1_611' title='bbox 200 4313 340 4389; x_wconf 77' lang='lat' dir='ltr'><strong>Bibl.</strong></span> <span class='ocrx_word' id='word_1_612' title='bbox 366 4313 518 4389; x_wconf 75' lang='lat' dir='ltr'><strong>Tom.</strong></span> <span class='ocrx_word' id='word_1_613' title='bbox 545 4318 586 4371; x_wconf 88' lang='lat' dir='ltr'><strong>V</strong></span> <span class='ocrx_word' id='word_1_614' title='bbox 614 4334 664 4386; x_wconf 88' lang='lat' dir='ltr'><strong>p.</strong></span> <span class='ocrx_word' id='word_1_615' title='bbox 696 4319 817 4381; x_wconf 72' lang='grc'><strong>420,</strong></span> <span class='ocrx_word' id='word_1_616' title='bbox 856 4319 978 4389; x_wconf 88' lang='lat' dir='ltr'><strong>Not.</strong></span> <span class='ocrx_word' id='word_1_617' title='bbox 1016 4320 1195 4381; x_wconf 91' lang='lat' dir='ltr'><strong>docet,</strong></span> <span class='ocrx_word' id='word_1_618' title='bbox 1237 4322 1586 4389; x_wconf 81' lang='lat' dir='ltr'><strong>intelligenda</strong></span> <span class='ocrx_word' id='word_1_619' title='bbox 1646 4338 1763 4375; x_wconf 86' lang='lat' dir='ltr'><strong>esse</strong></span> <span class='ocrx_word' id='word_1_620' title='bbox 1872 4321 2045 4374; x_wconf 91' lang='lat' dir='ltr'><strong>bricio</strong></span> <span class='ocrx_word' id='word_1_621' title='bbox 2075 4331 2129 4374; x_wconf 90' lang='lat' dir='ltr'><strong>et</strong></span> <span class='ocrx_word' id='word_1_622' title='bbox 2157 4313 2265 4373; x_wconf 61' lang='lat' dir='ltr'><strong>cel:</strong></span> <span class='ocrx_word' id='word_1_623' title='bbox 2294 4320 2464 4373; x_wconf 82' lang='lat' dir='ltr'><strong>Keilio</strong></span> <span class='ocrx_word' id='word_1_624' title='bbox 2482 4313 2757 4373; x_wconf 79' lang='lat' dir='ltr'><strong>adnotata.</strong></span> <span class='ocrx_word' id='word_1_625' title='bbox 2790 4317 2928 4370; x_wconf 82' lang='lat' dir='ltr'><strong>Add.</strong></span> <span class='ocrx_word' id='word_1_626' title='bbox 2949 4315 3430 4389; x_wconf 78' lang='lat' dir='ltr'><strong>indic.Montfauc.</strong></span> 
     </span>
    </p>
   </div>
   <div class='ocr_carea' id='block_1_48' title="bbox 198 4384 3111 4461">
    <p class='ocr_par' dir='ltr' id='par_1_48' title="bbox 198 4384 3111 4461">
     <span class='ocr_line' id='line_1_49' title="bbox 198 4384 3111 4461; baseline -0 -23"><span class='ocrx_word' id='word_1_627' title='bbox 198 4384 474 4461; x_wconf 84' lang='lat' dir='ltr'><strong>Opuscula</strong></span> <span class='ocrx_word' id='word_1_628' title='bbox 503 4384 1045 4461; x_wconf 35' lang='lat' dir='ltr'><strong>asceticaLetAlocum</strong></span> <span class='ocrx_word' id='word_1_629' title='bbox 1068 4406 1098 4443; x_wconf 91' lang='lat' dir='ltr'><strong>a</strong></span> <span class='ocrx_word' id='word_1_630' title='bbox 1126 4390 1288 4461; x_wconf 77' lang='lat' dir='ltr'><strong>Glyca</strong></span> <span class='ocrx_word' id='word_1_631' title='bbox 1316 4384 1541 4444; x_wconf 64' lang='lat' dir='ltr'><strong>citatum</strong></span> <span class='ocrx_word' id='word_1_632' title='bbox 1565 4407 1764 4446; x_wconf 87' lang='lat' dir='ltr'><strong>conve-</strong></span> <span class='ocrx_word' id='word_1_633' title='bbox 1872 4391 1938 4443; x_wconf 92' lang='lat' dir='ltr'><strong>ad</strong></span> <span class='ocrx_word' id='word_1_634' title='bbox 1974 4391 2110 4443; x_wconf 91' lang='lat' dir='ltr'><strong>Bibl.</strong></span> <span class='ocrx_word' id='word_1_635' title='bbox 2139 4389 2304 4443; x_wconf 90' lang='lat' dir='ltr'><strong>Coisl.</strong></span> <span class='ocrx_word' id='word_1_636' title='bbox 2334 4406 2483 4443; x_wconf 90' lang='lat' dir='ltr'><strong>voce.</strong></span> <span class='ocrx_word' id='word_1_637' title='bbox 2517 4389 2914 4461; x_wconf 72' lang='lat' dir='ltr'><strong>Macariusetc.</strong></span> <span class='ocrx_word' id='word_1_638' title='bbox 2946 4386 3111 4461; x_wconf 41' lang='lat' dir='ltr'><strong>Huni.</strong></span> 
     </span>
    </p>
   </div>
   <div class='ocr_carea' id='block_1_49' title="bbox 199 4456 1761 4529">
    <p class='ocr_par' dir='ltr' id='par_1_49' title="bbox 199 4456 1761 4529">
     <span class='ocr_line' id='line_1_50' title="bbox 199 4456 1761 4529; baseline 0.004 -22"><span class='ocrx_word' id='word_1_639' title='bbox 199 4456 322 4508; x_wconf 91' lang='lat' dir='ltr'><strong>nire</strong></span> <span class='ocrx_word' id='word_1_640' title='bbox 359 4473 491 4529; x_wconf 67' lang='lat' dir='ltr'><strong>cum</strong></span> <span class='ocrx_word' id='word_1_641' title='bbox 532 4458 705 4529; x_wconf 82' lang='lat' dir='ltr'><strong>capite</strong></span> <span class='ocrx_word' id='word_1_642' title='bbox 739 4459 783 4511; x_wconf 95' lang='lat' dir='ltr'><strong>II</strong></span> <span class='ocrx_word' id='word_1_643' title='bbox 834 4457 1092 4527; x_wconf 91' lang='lat' dir='ltr'><strong>Opusculi</strong></span> <span class='ocrx_word' id='word_1_644' title='bbox 1149 4456 1348 4529; x_wconf 80' lang='lat' dir='ltr'><strong>quarti,</strong></span> <span class='ocrx_word' id='word_1_645' title='bbox 1390 4470 1447 4515; x_wconf 90' lang='lat' dir='ltr'><strong>et</strong></span> <span class='ocrx_word' id='word_1_646' title='bbox 1487 4462 1761 4528; x_wconf 86' lang='lat' dir='ltr'><strong>opinatur,</strong></span> 
     </span>
    </p>
   </div>
   <div class='ocr_carea' id='block_1_50' title="bbox 200 4526 1764 4600">
    <p class='ocr_par' dir='ltr' id='par_1_50' title="bbox 200 4526 1764 4600">
     <span class='ocr_line' id='line_1_51' title="bbox 200 4526 1764 4600; baseline 0.004 -24"><span class='ocrx_word' id='word_1_647' title='bbox 200 4541 402 4600; x_wconf 72' lang='lat' dir='ltr'><strong>nomen</strong></span> <span class='ocrx_word' id='word_1_648' title='bbox 423 4526 805 4600; x_wconf 80' lang='lat' dir='ltr'><strong>_Epistolarum</strong></span> <span class='ocrx_word' id='word_1_649' title='bbox 841 4526 1038 4600; x_wconf 62' lang='lat' dir='ltr'><strong>aptius</strong></span> <span class='ocrx_word' id='word_1_650' title='bbox 1076 4526 1271 4590; x_wconf 78' lang='lat' dir='ltr'><strong>videri.</strong></span> <span class='ocrx_word' id='word_1_651' title='bbox 1299 4546 1459 4597; x_wconf 88' lang='lat' dir='ltr'><strong>quam</strong></span> <span class='ocrx_word' id='word_1_652' title='bbox 1488 4526 1764 4600; x_wconf 82' lang='lat' dir='ltr'><strong>vulgatum</strong></span> 
     </span>
    </p>
   </div>
   <div class='ocr_carea' id='block_1_51' title="bbox 200 4592 1765 4669">
    <p class='ocr_par' dir='ltr' id='par_1_51' title="bbox 200 4592 1765 4669">
     <span class='ocr_line' id='line_1_52' title="bbox 200 4592 1765 4669; baseline 0.002 -21"><span class='ocrx_word' id='word_1_653' title='bbox 200 4592 584 4669; x_wconf 79' lang='lat' dir='ltr'><strong>Opusculorunt</strong></span> <span class='ocrx_word' id='word_1_654' title='bbox 624 4606 786 4665; x_wconf 88' lang='lat' dir='ltr'><strong>atque</strong></span> <span class='ocrx_word' id='word_1_655' title='bbox 834 4592 1203 4669; x_wconf 71' lang='lat' dir='ltr'><strong>Homiliarum.</strong></span> <span class='ocrx_word' id='word_1_656' title='bbox 1254 4592 1651 4669; x_wconf 46' lang='lat' dir='ltr'><strong>Uliusculumvl</strong></span> <span class='ocrx_word' id='word_1_657' title='bbox 1703 4602 1765 4651; x_wconf 86' lang='lat' dir='ltr'><strong>de</strong></span> 
     </span>
    </p>
   </div>
   <div class='ocr_carea' id='block_1_52' title="bbox 200 4667 1764 4724">
    <p class='ocr_par' dir='ltr' id='par_1_52' title="bbox 200 4667 1764 4724">
     <span class='ocr_line' id='line_1_53' title="bbox 200 4667 1764 4724; baseline 0.004 -8"><span class='ocrx_word' id='word_1_658' title='bbox 200 4668 439 4718; x_wconf 84' lang='lat' dir='ltr'><strong>custodia</strong></span> <span class='ocrx_word' id='word_1_659' title='bbox 458 4668 624 4719; x_wconf 87' lang='lat' dir='ltr'><strong>cordis</strong></span> <span class='ocrx_word' id='word_1_660' title='bbox 648 4678 731 4720; x_wconf 90' lang='lat' dir='ltr'><strong>est</strong></span> <span class='ocrx_word' id='word_1_661' title='bbox 760 4670 812 4721; x_wconf 90' lang='lat' dir='ltr'><strong>in</strong></span> <span class='ocrx_word' id='word_1_662' title='bbox 836 4667 967 4721; x_wconf 91' lang='lat' dir='ltr'><strong>Cod.</strong></span> <span class='ocrx_word' id='word_1_663' title='bbox 1009 4668 1163 4723; x_wconf 81' lang='lat' dir='ltr'><strong>Caes.</strong></span> <span class='ocrx_word' id='word_1_664' title='bbox 1210 4667 1419 4722; x_wconf 77' lang='lat' dir='ltr'><strong>Vindob.</strong></span> <span class='ocrx_word' id='word_1_665' title='bbox 1464 4669 1764 4724; x_wconf 76' lang='lat' dir='ltr'><strong>CCXXXIV</strong></span> 
     </span>
    </p>
   </div>
   <div class='ocr_carea' id='block_1_53' title="bbox 200 4735 1763 4809">
    <p class='ocr_par' dir='ltr' id='par_1_53' title="bbox 200 4735 1763 4809">
     <span class='ocr_line' id='line_1_54' title="bbox 200 4735 1763 4809; baseline 0.004 -23"><span class='ocrx_word' id='word_1_666' title='bbox 200 4735 295 4787; x_wconf 80' lang='lat' dir='ltr'><strong>Nr.</strong></span> <span class='ocrx_word' id='word_1_667' title='bbox 340 4737 497 4809; x_wconf 76' lang='lat' dir='ltr'><strong>1_5,v.</strong></span> <span class='ocrx_word' id='word_1_668' title='bbox 538 4737 774 4809; x_wconf 79' lang='lat' dir='ltr'><strong>Lambec.</strong></span> <span class='ocrx_word' id='word_1_669' title='bbox 801 4736 1007 4791; x_wconf 88' lang='lat' dir='ltr'><strong>Comm.</strong></span> <span class='ocrx_word' id='word_1_670' title='bbox 1052 4739 1205 4793; x_wconf 90' lang='lat' dir='ltr'><strong>Tom.</strong></span> <span class='ocrx_word' id='word_1_671' title='bbox 1232 4740 1274 4792; x_wconf 91' lang='lat' dir='ltr'><strong>V</strong></span> <span class='ocrx_word' id='word_1_672' title='bbox 1300 4756 1351 4809; x_wconf 93' lang='lat' dir='ltr'><strong>p.</strong></span> <span class='ocrx_word' id='word_1_673' title='bbox 1389 4740 1511 4806; x_wconf 84' lang='lat'><strong>151,</strong></span> <span class='ocrx_word' id='word_1_674' title='bbox 1551 4749 1763 4793; x_wconf 87' lang='lat' dir='ltr'><strong>notam-</strong></span> 
     </span>
    </p>
   </div>
   <div class='ocr_carea' id='block_1_54' title="bbox 200 4806 1397 4873">
    <p class='ocr_par' dir='ltr' id='par_1_54' title="bbox 200 4806 1397 4873">
     <span class='ocr_line' id='line_1_55' title="bbox 200 4806 1397 4873; baseline 0.003 -16"><span class='ocrx_word' id='word_1_675' title='bbox 200 4822 309 4873; x_wconf 86' lang='lat' dir='ltr'><strong>que</strong></span> <span class='ocrx_word' id='word_1_676' title='bbox 342 4806 583 4859; x_wconf 80' lang='lat' dir='ltr'><strong>Kollarii.</strong></span> <span class='ocrx_word' id='word_1_677' title='bbox 621 4808 781 4859; x_wconf 74' lang='lat' dir='ltr'><strong>llmL.</strong></span> <span class='ocrx_word' id='word_1_678' title='bbox 1300 4806 1316 4809; x_wconf 51' lang='grc'>⁷</span> <span class='ocrx_word' id='word_1_679' title='bbox 1394 4814 1397 4815; x_wconf 64' lang='grc'><strong><em>⁷</em></strong></span> 
     </span>
    </p>
   </div>
   <div class='ocr_carea' id='block_1_55' title="bbox 275 4876 1763 4945">
    <p class='ocr_par' dir='ltr' id='par_1_55' title="bbox 275 4876 1763 4945">
     <span class='ocr_line' id='line_1_56' title="bbox 275 4876 1763 4945; baseline 0.003 -18"><span class='ocrx_word' id='word_1_680' title='bbox 275 4877 328 4941; x_wconf 81' lang='grc'>9)</span> <span class='ocrx_word' id='word_1_681' title='bbox 385 4876 541 4945; x_wconf 76' lang='lat' dir='ltr'><strong>[Pag.</strong></span> <span class='ocrx_word' id='word_1_682' title='bbox 585 4876 717 4945; x_wconf 83' lang='grc'>565]</span> <span class='ocrx_word' id='word_1_683' title='bbox 768 4876 891 4930; x_wconf 90' lang='lat' dir='ltr'><strong>Sive</strong></span> <span class='ocrx_word' id='word_1_684' title='bbox 936 4893 991 4945; x_wconf 88' lang='lat' dir='ltr'><strong>p.</strong></span> <span class='ocrx_word' id='word_1_685' title='bbox 1033 4877 1137 4932; x_wconf 71' lang='grc'>214</span> <span class='ocrx_word' id='word_1_686' title='bbox 1180 4893 1297 4945; x_wconf 88' lang='lat' dir='ltr'><strong>sqq.</strong></span> <span class='ocrx_word' id='word_1_687' title='bbox 1326 4881 1415 4935; x_wconf 91' lang='lat' dir='ltr'><strong>ed.</strong></span> <span class='ocrx_word' id='word_1_688' title='bbox 1458 4878 1654 4934; x_wconf 85' lang='lat' dir='ltr'><strong>Kollar.</strong></span> <span class='ocrx_word' id='word_1_689' title='bbox 1697 4878 1763 4931; x_wconf 88' lang='lat' dir='ltr'><strong>de</strong></span> 
     </span>
    </p>
   </div>
   <div class='ocr_carea' id='block_1_56' title="bbox 1944 4454 3432 4528">
    <p class='ocr_par' dir='ltr' id='par_1_56' title="bbox 1944 4454 3432 4528">
     <span class='ocr_line' id='line_1_57' title="bbox 1944 4454 3432 4528; baseline -0.004 -15"><span class='ocrx_word' id='word_1_690' title='bbox 1944 4461 2031 4528; x_wconf 92' lang='lat'><strong>11)</strong></span> <span class='ocrx_word' id='word_1_691' title='bbox 2061 4461 2155 4513; x_wconf 87' lang='lat' dir='ltr'><strong>Est</strong></span> <span class='ocrx_word' id='word_1_692' title='bbox 2192 4475 2409 4527; x_wconf 89' lang='lat' dir='ltr'><strong>quoque</strong></span> <span class='ocrx_word' id='word_1_693' title='bbox 2437 4458 2757 4512; x_wconf 87' lang='lat' dir='ltr'><strong>translatum</strong></span> <span class='ocrx_word' id='word_1_694' title='bbox 2783 4458 2837 4509; x_wconf 90' lang='lat' dir='ltr'><strong>in</strong></span> <span class='ocrx_word' id='word_1_695' title='bbox 2859 4456 2927 4528; x_wconf 50' lang='grc' dir='ltr'><strong>[ε</strong></span> <span class='ocrx_word' id='word_1_696' title='bbox 2955 4457 3017 4510; x_wconf 85' lang='grc' dir='ltr'>Α.</span> <span class='ocrx_word' id='word_1_697' title='bbox 3050 4454 3207 4528; x_wconf 58' lang='lat' dir='ltr'><strong>Fab].</strong></span> <span class='ocrx_word' id='word_1_698' title='bbox 3230 4454 3432 4528; x_wconf 74' lang='lat' dir='ltr'><strong>librum</strong></span> 
     </span>
    </p>
   </div>
   <div class='ocr_carea' id='block_1_57' title="bbox 1872 4523 3432 4595">
    <p class='ocr_par' dir='ltr' id='par_1_57' title="bbox 1872 4523 3432 4595">
     <span class='ocr_line' id='line_1_58' title="bbox 1872 4523 3432 4595; baseline -0.004 -12"><span class='ocrx_word' id='word_1_699' title='bbox 1872 4529 1939 4583; x_wconf 90' lang='lat' dir='ltr'><strong>de</strong></span> <span class='ocrx_word' id='word_1_700' title='bbox 1986 4523 2358 4583; x_wconf 40' lang='lat' dir='ltr'><strong>salutari—luce</strong></span> <span class='ocrx_word' id='word_1_701' title='bbox 2392 4528 2668 4593; x_wconf 71' lang='lat' dir='ltr'><strong>Evangelii</strong></span> <span class='ocrx_word' id='word_1_702' title='bbox 2698 4542 2816 4595; x_wconf 89' lang='lat' dir='ltr'><strong>cap.</strong></span> <span class='ocrx_word' id='word_1_703' title='bbox 2858 4525 2929 4579; x_wconf 83' lang='lat' dir='ltr'><strong>IX</strong></span> <span class='ocrx_word' id='word_1_704' title='bbox 2984 4543 3038 4593; x_wconf 86' lang='lat' dir='ltr'><strong>p.</strong></span> <span class='ocrx_word' id='word_1_705' title='bbox 3073 4524 3191 4577; x_wconf 89' lang='grc'>188.</span> <span class='ocrx_word' id='word_1_706' title='bbox 3234 4523 3303 4577; x_wconf 85' lang='lat' dir='ltr'><strong>cf.</strong></span> <span class='ocrx_word' id='word_1_707' title='bbox 3331 4523 3432 4577; x_wconf 87' lang='lat' dir='ltr'><strong>Ca-</strong></span> 
     </span>
    </p>
   </div>
   <div class='ocr_carea' id='block_1_58' title="bbox 1872 4598 3372 4672">
    <p class='ocr_par' dir='ltr' id='par_1_58' title="bbox 1872 4598 3372 4672">
     <span class='ocr_line' id='line_1_59' title="bbox 1872 4598 3372 4672; baseline 0.004 -20"><span class='ocrx_word' id='word_1_708' title='bbox 1872 4617 2021 4672; x_wconf 82' lang='lat' dir='ltr'><strong>veum</strong></span> <span class='ocrx_word' id='word_1_709' title='bbox 2043 4600 2195 4672; x_wconf 82' lang='lat' dir='ltr'><strong>&#39;I_‘om.</strong></span> <span class='ocrx_word' id='word_1_710' title='bbox 2232 4599 2251 4652; x_wconf 88' lang='grc' dir='ltr'>Ι</span> <span class='ocrx_word' id='word_1_711' title='bbox 2292 4615 2344 4666; x_wconf 93' lang='lat' dir='ltr'><strong>p.</strong></span> <span class='ocrx_word' id='word_1_712' title='bbox 2374 4599 2495 4672; x_wconf 82' lang='grc'>256.</span> <span class='ocrx_word' id='word_1_713' title='bbox 2533 4598 2695 4672; x_wconf 62' lang='lat' dir='ltr'><strong>Hist.</strong></span> <span class='ocrx_word' id='word_1_714' title='bbox 2798 4665 2808 4672; x_wconf 83' lang='lat'><strong><em>_</em></strong></span> <span class='ocrx_word' id='word_1_715' title='bbox 3146 4662 3178 4672; x_wconf 53' lang='grc' dir='ltr'><em>η</em></span> <span class='ocrx_word' id='word_1_716' title='bbox 3344 4662 3372 4672; x_wconf 54' lang='grc' dir='ltr'>η</span> 
     </span>
    </p>
   </div>
   <div class='ocr_carea' id='block_1_59' title="bbox 1945 4662 3432 4737">
    <p class='ocr_par' dir='ltr' id='par_1_59' title="bbox 1945 4662 3432 4737">
     <span class='ocr_line' id='line_1_60' title="bbox 1945 4662 3432 4737; baseline -0.004 -16"><span class='ocrx_word' id='word_1_717' title='bbox 1945 4670 2030 4737; x_wconf 84' lang='grc'><strong>12)</strong></span> <span class='ocrx_word' id='word_1_718' title='bbox 2066 4662 2496 4737; x_wconf 79' lang='lat' dir='ltr'><strong>llanerégulam</strong></span> <span class='ocrx_word' id='word_1_719' title='bbox 2531 4667 2750 4737; x_wconf 88' lang='lat' dir='ltr'><strong>videtur</strong></span> <span class='ocrx_word' id='word_1_720' title='bbox 2796 4665 3099 4737; x_wconf 74' lang='lat' dir='ltr'><strong>intelligere</strong></span> <span class='ocrx_word' id='word_1_721' title='bbox 3138 4662 3432 4737; x_wconf 74' lang='lat' dir='ltr'><strong>Gennadius</strong></span> 
     </span>
    </p>
   </div>
   <div class='ocr_carea' id='block_1_60' title="bbox 1873 4731 3436 4810">
    <p class='ocr_par' dir='ltr' id='par_1_60' title="bbox 1873 4731 3436 4810">
     <span class='ocr_line' id='line_1_61' title="bbox 1873 4731 3436 4810; baseline -0.004 -19"><span class='ocrx_word' id='word_1_722' title='bbox 1873 4754 1991 4810; x_wconf 84' lang='lat' dir='ltr'><strong>cap.</strong></span> <span class='ocrx_word' id='word_1_723' title='bbox 2015 4731 2092 4810; x_wconf 55' lang='grc' dir='ltr'><strong>’1ολ</strong></span> <span class='ocrx_word' id='word_1_724' title='bbox 2124 4739 2191 4791; x_wconf 91' lang='lat' dir='ltr'><strong>de</strong></span> <span class='ocrx_word' id='word_1_725' title='bbox 2217 4731 2421 4810; x_wconf 82' lang='lat' dir='ltr'><strong>Script.</strong></span> <span class='ocrx_word' id='word_1_726' title='bbox 2451 4736 2621 4810; x_wconf 87' lang='lat' dir='ltr'><strong>Eccl.,</strong></span> <span class='ocrx_word' id='word_1_727' title='bbox 2642 4750 2893 4810; x_wconf 85' lang='lat' dir='ltr'><strong>__eamq_ue</strong></span> <span class='ocrx_word' id='word_1_728' title='bbox 2934 4733 3171 4787; x_wconf 87' lang='lat' dir='ltr'><strong>tribuere</strong></span> <span class='ocrx_word' id='word_1_729' title='bbox 3201 4731 3436 4810; x_wconf 74' lang='lat' dir='ltr'><strong>Macario</strong></span> 
     </span>
    </p>
   </div>
   <div class='ocr_carea' id='block_1_61' title="bbox 1872 4805 3434 4881">
    <p class='ocr_par' dir='ltr' id='par_1_61' title="bbox 1872 4805 3434 4881">
     <span class='ocr_line' id='line_1_62' title="bbox 1872 4805 3434 4881; baseline -0.006 -20"><span class='ocrx_word' id='word_1_730' title='bbox 1872 4805 2154 4881; x_wconf 70' lang='lat' dir='ltr'><strong>Aegyptio,</strong></span> <span class='ocrx_word' id='word_1_731' title='bbox 2185 4805 2762 4881; x_wconf 25' lang='lat' dir='ltr'><strong>signis’etvirtutibus</strong></span> <span class='ocrx_word' id='word_1_732' title='bbox 2792 4805 2956 4881; x_wconf 77' lang='lat' dir='ltr'><strong>claro,</strong></span> <span class='ocrx_word' id='word_1_733' title='bbox 2981 4817 3140 4881; x_wconf 80' lang='lat' dir='ltr'><strong>quem</strong></span> <span class='ocrx_word' id='word_1_734' title='bbox 3177 4805 3255 4881; x_wconf 72' lang='lat' dir='ltr'><strong>ait</strong></span> <span class='ocrx_word' id='word_1_735' title='bbox 3273 4818 3434 4881; x_wconf 70' lang='lat' dir='ltr'><strong>unum</strong></span> 
     </span>
    </p>
   </div>
   <div class='ocr_carea' id='block_1_62' title="bbox 1874 4870 3433 4945">
    <p class='ocr_par' dir='ltr' id='par_1_62' title="bbox 1874 4870 3433 4945">
     <span class='ocr_line' id='line_1_63' title="bbox 1874 4870 3433 4945; baseline -0.006 -15"><span class='ocrx_word' id='word_1_736' title='bbox 1874 4870 2197 4930; x_wconf 43' lang='lat' dir='ltr'><strong>ad‘i&#39;u&#39;niores</strong></span> <span class='ocrx_word' id='word_1_737' title='bbox 2230 4878 2559 4945; x_wconf 78' lang='lat' dir='ltr'><strong>professionis</strong></span> <span class='ocrx_word' id='word_1_738' title='bbox 2599 4891 2726 4927; x_wconf 87' lang='lat' dir='ltr'><strong>suae</strong></span> <span class='ocrx_word' id='word_1_739' title='bbox 2757 4874 3019 4941; x_wconf 87' lang='lat' dir='ltr'><strong>scripsisse</strong></span> <span class='ocrx_word' id='word_1_740' title='bbox 3040 4870 3351 4945; x_wconf 85' lang='lat' dir='ltr'><strong>_epistola_m,</strong></span> <span class='ocrx_word' id='word_1_741' title='bbox 3379 4871 3433 4921; x_wconf 88' lang='lat' dir='ltr'><strong>in</strong></span> 
     </span>
    </p>
   </div>
   <div class='ocr_carea' id='block_1_63' title="bbox 200 4941 3434 5026">
    <p class='ocr_par' dir='ltr' id='par_1_63' title="bbox 200 4941 3434 5026">
     <span class='ocr_line' id='line_1_64' title="bbox 200 4941 3434 5026; baseline -0.002 -28"><span class='ocrx_word' id='word_1_742' title='bbox 200 4946 326 5023; x_wconf 76' lang='lat' dir='ltr'><strong>eod.</strong></span> <span class='ocrx_word' id='word_1_743' title='bbox 595 4941 796 5026; x_wconf 63' lang='lat' dir='ltr'><strong>Eadem</strong></span> <span class='ocrx_word' id='word_1_744' title='bbox 847 4941 1065 5026; x_wconf 75' lang='lat' dir='ltr'><strong>Macarii</strong></span> <span class='ocrx_word' id='word_1_745' title='bbox 1104 4941 1299 5015; x_wconf 76' lang='lat' dir='ltr'><strong>capita,</strong></span> <span class='ocrx_word' id='word_1_746' title='bbox 1346 4951 1446 5026; x_wconf 82' lang='lat' dir='ltr'><strong>sed</strong></span> <span class='ocrx_word' id='word_1_747' title='bbox 1464 4950 1579 5026; x_wconf 76' lang='lat' dir='ltr'><strong>sine</strong></span> <span class='ocrx_word' id='word_1_748' title='bbox 1609 4963 1763 5026; x_wconf 81' lang='lat' dir='ltr'><strong>men_-</strong></span> <span class='ocrx_word' id='word_1_749' title='bbox 1800 4944 1848 5003; x_wconf 91' lang='lat' dir='ltr'><strong>B</strong></span> <span class='ocrx_word' id='word_1_750' title='bbox 1877 4965 1977 5026; x_wconf 75' lang='lat' dir='ltr'><strong>qua</strong></span> <span class='ocrx_word' id='word_1_751' title='bbox 2012 4948 2155 4999; x_wconf 89' lang='lat' dir='ltr'><strong>docet</strong></span> <span class='ocrx_word' id='word_1_752' title='bbox 2202 4941 2353 5026; x_wconf 76' lang='lat' dir='ltr'><strong>illum</strong></span> <span class='ocrx_word' id='word_1_753' title='bbox 2380 4947 2614 5026; x_wconf 68' lang='lat' dir='ltr'><strong>perfecte</strong></span> <span class='ocrx_word' id='word_1_754' title='bbox 2642 4960 2787 5013; x_wconf 88' lang='lat' dir='ltr'><strong>posse</strong></span> <span class='ocrx_word' id='word_1_755' title='bbox 2811 4941 3156 5026; x_wconf 46' lang='lat' dir='ltr'><strong>servire..Deo,</strong></span> <span class='ocrx_word' id='word_1_756' title='bbox 3191 4942 3434 5026; x_wconf 71' lang='lat' dir='ltr'><strong>quicon-</strong></span> 
     </span>
    </p>
   </div>
   <div class='ocr_carea' id='block_1_64' title="bbox 202 5016 1761 5084">
    <p class='ocr_par' dir='ltr' id='par_1_64' title="bbox 202 5016 1761 5084">
     <span class='ocr_line' id='line_1_65' title="bbox 202 5016 1761 5084; baseline 0.002 -19"><span class='ocrx_word' id='word_1_757' title='bbox 202 5016 355 5069; x_wconf 85' lang='lat' dir='ltr'><strong>tione</strong></span> <span class='ocrx_word' id='word_1_758' title='bbox 386 5016 655 5069; x_wconf 72' lang='lat' dir='ltr'><strong>Simeonis</strong></span> <span class='ocrx_word' id='word_1_759' title='bbox 694 5017 1107 5084; x_wconf 77' lang='lat' dir='ltr'><strong>Motaphrastae,</strong></span> <span class='ocrx_word' id='word_1_760' title='bbox 1138 5028 1351 5073; x_wconf 81' lang='lat' dir='ltr'><strong>exstant</strong></span> <span class='ocrx_word' id='word_1_761' title='bbox 1377 5021 1540 5073; x_wconf 87' lang='lat' dir='ltr'><strong>etiam</strong></span> <span class='ocrx_word' id='word_1_762' title='bbox 1567 5018 1619 5068; x_wconf 92' lang='lat' dir='ltr'><strong>in</strong></span> <span class='ocrx_word' id='word_1_763' title='bbox 1640 5017 1761 5069; x_wconf 91' lang='lat' dir='ltr'><strong>cod.</strong></span> 
     </span>
    </p>
   </div>
   <div class='ocr_carea' id='block_1_65' title="bbox 200 5084 1759 5161">
    <p class='ocr_par' dir='ltr' id='par_1_65' title="bbox 200 5084 1759 5161">
     <span class='ocr_line' id='line_1_66' title="bbox 200 5084 1759 5161; baseline 0.001 -23"><span class='ocrx_word' id='word_1_764' title='bbox 200 5084 421 5161; x_wconf 68' lang='lat' dir='ltr'><strong>Caesar.</strong></span> <span class='ocrx_word' id='word_1_765' title='bbox 462 5085 763 5161; x_wconf 69' lang='lat' dir='ltr'><strong>CCXXXIV</strong></span> <span class='ocrx_word' id='word_1_766' title='bbox 800 5087 893 5161; x_wconf 79' lang='lat' dir='ltr'><strong>Nr.</strong></span> <span class='ocrx_word' id='word_1_767' title='bbox 928 5087 1012 5149; x_wconf 87' lang='grc'>16,</span> <span class='ocrx_word' id='word_1_768' title='bbox 1050 5104 1113 5161; x_wconf 57' lang='grc' dir='ltr'><strong>νγ.</strong></span> <span class='ocrx_word' id='word_1_769' title='bbox 1158 5086 1397 5142; x_wconf 89' lang='lat' dir='ltr'><strong>Lambec.</strong></span> <span class='ocrx_word' id='word_1_770' title='bbox 1429 5090 1582 5161; x_wconf 81' lang='lat' dir='ltr'><strong>Tom.</strong></span> <span class='ocrx_word' id='word_1_771' title='bbox 1618 5088 1659 5140; x_wconf 92' lang='lat' dir='ltr'><strong>V</strong></span> <span class='ocrx_word' id='word_1_772' title='bbox 1688 5102 1759 5161; x_wconf 88' lang='lat' dir='ltr'><strong>_p.</strong></span> 
     </span>
    </p>
   </div>
   <div class='ocr_carea' id='block_1_66' title="bbox 202 5155 1767 5224">
    <p class='ocr_par' dir='ltr' id='par_1_66' title="bbox 202 5155 1767 5224">
     <span class='ocr_line' id='line_1_67' title="bbox 202 5155 1767 5224; baseline 0.001 -19"><span class='ocrx_word' id='word_1_773' title='bbox 202 5155 331 5216; x_wconf 77' lang='lat'><strong>151,</strong></span> <span class='ocrx_word' id='word_1_774' title='bbox 360 5165 520 5223; x_wconf 88' lang='lat' dir='ltr'><strong>atque</strong></span> <span class='ocrx_word' id='word_1_775' title='bbox 554 5156 748 5209; x_wconf 81' lang='lat' dir='ltr'><strong>Kollar.</strong></span> <span class='ocrx_word' id='word_1_776' title='bbox 779 5158 1019 5217; x_wconf 87' lang='lat' dir='ltr'><strong>adnotat,</strong></span> <span class='ocrx_word' id='word_1_777' title='bbox 1052 5158 1249 5224; x_wconf 85' lang='lat' dir='ltr'><strong>Opuse.</strong></span> <span class='ocrx_word' id='word_1_778' title='bbox 1290 5175 1409 5212; x_wconf 86' lang='lat' dir='ltr'><strong>esse</strong></span> <span class='ocrx_word' id='word_1_779' title='bbox 1459 5158 1638 5211; x_wconf 89' lang='lat' dir='ltr'><strong>adhuc</strong></span> <span class='ocrx_word' id='word_1_780' title='bbox 1686 5155 1767 5207; x_wconf 83' lang='lat' dir='ltr'><strong>in-</strong></span> 
     </span>
    </p>
   </div>
   <div class='ocr_carea' id='block_1_67' title="bbox 199 5224 1760 5293">
    <p class='ocr_par' dir='ltr' id='par_1_67' title="bbox 199 5224 1760 5293">
     <span class='ocr_line' id='line_1_68' title="bbox 199 5224 1760 5293; baseline 0.001 -18"><span class='ocrx_word' id='word_1_781' title='bbox 199 5224 434 5283; x_wconf 59' lang='lat' dir='ltr'><strong>clitum,</strong></span> <span class='ocrx_word' id='word_1_782' title='bbox 463 5235 516 5278; x_wconf 85' lang='lat' dir='ltr'><strong>ct</strong></span> <span class='ocrx_word' id='word_1_783' title='bbox 542 5226 691 5288; x_wconf 90' lang='lat' dir='ltr'><strong>illud,</strong></span> <span class='ocrx_word' id='word_1_784' title='bbox 717 5226 863 5293; x_wconf 90' lang='lat' dir='ltr'><strong>quod</strong></span> <span class='ocrx_word' id='word_1_785' title='bbox 915 5226 1162 5279; x_wconf 83' lang='lat' dir='ltr'><strong>Possinus</strong></span> <span class='ocrx_word' id='word_1_786' title='bbox 1211 5227 1264 5278; x_wconf 89' lang='lat' dir='ltr'><strong>in</strong></span> <span class='ocrx_word' id='word_1_787' title='bbox 1296 5229 1459 5282; x_wconf 87' lang='lat' dir='ltr'><strong>Thes.</strong></span> <span class='ocrx_word' id='word_1_788' title='bbox 1502 5236 1668 5280; x_wconf 86' lang='lat' dir='ltr'><strong>ascet.</strong></span> <span class='ocrx_word' id='word_1_789' title='bbox 1709 5242 1760 5293; x_wconf 92' lang='lat' dir='ltr'><strong>p.</strong></span> 
     </span>
    </p>
   </div>
   <div class='ocr_carea' id='block_1_68' title="bbox 200 5294 1762 5376">
    <p class='ocr_par' dir='ltr' id='par_1_68' title="bbox 200 5294 1762 5376">
     <span class='ocr_line' id='line_1_69' title="bbox 200 5294 1762 5376; baseline -0.004 -33"><span class='ocrx_word' id='word_1_790' title='bbox 200 5294 269 5346; x_wconf 74' lang='grc'>47</span> <span class='ocrx_word' id='word_1_791' title='bbox 311 5297 607 5376; x_wconf 66' lang='lat' dir='ltr'><strong>praetulissa</strong></span> <span class='ocrx_word' id='word_1_792' title='bbox 653 5296 1121 5376; x_wconf 45' lang='lat' dir='ltr'><strong>epigraphe‘ilspl</strong></span> <span class='ocrx_word' id='word_1_793' title='bbox 1142 5297 1472 5376; x_wconf 63' lang='grc' dir='ltr'><strong>τελειότητος</strong></span> <span class='ocrx_word' id='word_1_794' title='bbox 1505 5301 1559 5349; x_wconf 83' lang='grc' dir='ltr'><strong>ὲν</strong></span> <span class='ocrx_word' id='word_1_795' title='bbox 1601 5297 1762 5376; x_wconf 48' lang='lat' dir='ltr'><strong>frvet)-</strong></span> 
     </span>
    </p>
   </div>
   <div class='ocr_carea' id='block_1_69' title="bbox 206 5366 1767 5434">
    <p class='ocr_par' dir='ltr' id='par_1_69' title="bbox 206 5366 1767 5434">
     <span class='ocr_line' id='line_1_70' title="bbox 206 5366 1767 5434; baseline 0.001 -19"><span class='ocrx_word' id='word_1_796' title='bbox 206 5382 335 5434; x_wconf 75' lang='grc' dir='ltr'><strong>ματι</strong></span> <span class='ocrx_word' id='word_1_797' title='bbox 374 5366 711 5434; x_wconf 72' lang='lat' dir='ltr'><strong>protulisset,</strong></span> <span class='ocrx_word' id='word_1_798' title='bbox 745 5366 878 5418; x_wconf 89' lang='lat' dir='ltr'><strong>nihil</strong></span> <span class='ocrx_word' id='word_1_799' title='bbox 904 5366 1050 5419; x_wconf 87' lang='lat' dir='ltr'><strong>aliud</strong></span> <span class='ocrx_word' id='word_1_800' title='bbox 1092 5382 1209 5421; x_wconf 84' lang='lat' dir='ltr'><strong>esse</strong></span> <span class='ocrx_word' id='word_1_801' title='bbox 1244 5384 1307 5422; x_wconf 92' lang='lat' dir='ltr'><strong>ac</strong></span> <span class='ocrx_word' id='word_1_802' title='bbox 1353 5369 1572 5421; x_wconf 87' lang='lat' dir='ltr'><strong>brevem</strong></span> <span class='ocrx_word' id='word_1_803' title='bbox 1604 5366 1767 5419; x_wconf 85' lang='lat' dir='ltr'><strong>huius</strong></span> 
     </span>
    </p>
   </div>
   <div class='ocr_carea' id='block_1_70' title="bbox 200 5432 979 5504">
    <p class='ocr_par' dir='ltr' id='par_1_70' title="bbox 200 5432 979 5504">
     <span class='ocr_line' id='line_1_71' title="bbox 200 5432 979 5504; baseline -0.004 -15"><span class='ocrx_word' id='word_1_804' title='bbox 200 5432 463 5504; x_wconf 83' lang='lat' dir='ltr'><strong>Opusculi</strong></span> <span class='ocrx_word' id='word_1_805' title='bbox 496 5437 788 5504; x_wconf 86' lang='lat' dir='ltr'><strong>epitomcn.</strong></span> <span class='ocrx_word' id='word_1_806' title='bbox 817 5436 979 5489; x_wconf 75' lang='lat' dir='ltr'><strong>HABL.</strong></span> 
     </span>
    </p>
   </div>
   <div class='ocr_carea' id='block_1_71' title="bbox 282 5504 1757 5576">
    <p class='ocr_par' dir='ltr' id='par_1_71' title="bbox 282 5504 1757 5576">
     <span class='ocr_line' id='line_1_72' title="bbox 282 5504 1757 5576; baseline 0 -19"><span class='ocrx_word' id='word_1_807' title='bbox 282 5506 365 5569; x_wconf 83' lang='lat'><strong>10)</strong></span> <span class='ocrx_word' id='word_1_808' title='bbox 394 5506 607 5560; x_wconf 81' lang='lat' dir='ltr'><strong>Macarii</strong></span> <span class='ocrx_word' id='word_1_809' title='bbox 637 5505 911 5576; x_wconf 76' lang='grc' dir='ltr'><strong>πολιτικοῦ</strong></span> <span class='ocrx_word' id='word_1_810' title='bbox 942 5504 1051 5576; x_wconf 78' lang='lat' dir='ltr'><strong>vita</strong></span> <span class='ocrx_word' id='word_1_811' title='bbox 1086 5522 1164 5576; x_wconf 79' lang='lat' dir='ltr'><strong>gr.</strong></span> <span class='ocrx_word' id='word_1_812' title='bbox 1196 5506 1249 5559; x_wconf 89' lang='lat' dir='ltr'><strong>in</strong></span> <span class='ocrx_word' id='word_1_813' title='bbox 1276 5506 1396 5560; x_wconf 90' lang='lat' dir='ltr'><strong>cod.</strong></span> <span class='ocrx_word' id='word_1_814' title='bbox 1427 5505 1639 5561; x_wconf 74' lang='lat' dir='ltr'><strong>CMXIV</strong></span> 
     </span>
    </p>
   </div>
   <div class='ocr_carea' id='block_1_72' title="bbox 204 5575 1759 5646">
    <p class='ocr_par' dir='ltr' id='par_1_72' title="bbox 204 5575 1759 5646">
     <span class='ocr_line' id='line_1_73' title="bbox 204 5575 1759 5646; baseline -0.002 -18"><span class='ocrx_word' id='word_1_815' title='bbox 204 5576 272 5628; x_wconf 74' lang='lat'><strong>15</strong></span> <span class='ocrx_word' id='word_1_816' title='bbox 313 5576 451 5629; x_wconf 88' lang='lat' dir='ltr'><strong>Bibl.</strong></span> <span class='ocrx_word' id='word_1_817' title='bbox 482 5577 633 5644; x_wconf 85' lang='lat' dir='ltr'><strong>publ.</strong></span> <span class='ocrx_word' id='word_1_818' title='bbox 677 5575 867 5646; x_wconf 66' lang='lat' dir='ltr'><strong>Paris.</strong></span> <span class='ocrx_word' id='word_1_819' title='bbox 905 5575 1125 5628; x_wconf 85' lang='lat' dir='ltr'><strong>Macarii</strong></span> <span class='ocrx_word' id='word_1_820' title='bbox 1149 5585 1203 5628; x_wconf 86' lang='lat' dir='ltr'><strong>et</strong></span> <span class='ocrx_word' id='word_1_821' title='bbox 1244 5578 1488 5646; x_wconf 74' lang='lat' dir='ltr'><strong>Aegvptii</strong></span> <span class='ocrx_word' id='word_1_822' title='bbox 1533 5585 1591 5629; x_wconf 76' lang='lat' dir='ltr'><strong>et</strong></span> <span class='ocrx_word' id='word_1_823' title='bbox 1622 5575 1759 5646; x_wconf 81' lang='lat' dir='ltr'><strong>poli-</strong></span> 
     </span>
    </p>
   </div>
   <div class='ocr_carea' id='block_1_73' title="bbox 203 5645 1756 5700">
    <p class='ocr_par' dir='ltr' id='par_1_73' title="bbox 203 5645 1756 5700">
     <span class='ocr_line' id='line_1_74' title="bbox 203 5645 1756 5700; baseline -0.001 -2"><span class='ocrx_word' id='word_1_824' title='bbox 203 5647 292 5700; x_wconf 77' lang='grc' dir='ltr'>1ἰεί</span> <span class='ocrx_word' id='word_1_825' title='bbox 330 5646 440 5699; x_wconf 90' lang='lat' dir='ltr'><strong>vita</strong></span> <span class='ocrx_word' id='word_1_826' title='bbox 459 5662 525 5698; x_wconf 68' lang='lat' dir='ltr'><strong>es</strong></span> <span class='ocrx_word' id='word_1_827' title='bbox 552 5647 686 5699; x_wconf 87' lang='lat' dir='ltr'><strong>Hist.</strong></span> <span class='ocrx_word' id='word_1_828' title='bbox 714 5645 973 5698; x_wconf 88' lang='lat' dir='ltr'><strong>Lausiaca</strong></span> <span class='ocrx_word' id='word_1_829' title='bbox 997 5646 1050 5698; x_wconf 90' lang='lat' dir='ltr'><strong>in</strong></span> <span class='ocrx_word' id='word_1_830' title='bbox 1077 5646 1197 5699; x_wconf 92' lang='lat' dir='ltr'><strong>cod.</strong></span> <span class='ocrx_word' id='word_1_831' title='bbox 1227 5646 1441 5700; x_wconf 85' lang='lat' dir='ltr'><strong>Coislin.</strong></span> <span class='ocrx_word' id='word_1_832' title='bbox 1461 5645 1756 5699; x_wconf 86' lang='lat' dir='ltr'><strong>CCLXXII.</strong></span> 
     </span>
    </p>
   </div>
   <div class='ocr_carea' id='block_1_74' title="bbox 202 5716 1762 5785">
    <p class='ocr_par' dir='ltr' id='par_1_74' title="bbox 202 5716 1762 5785">
     <span class='ocr_line' id='line_1_75' title="bbox 202 5716 1762 5785; baseline -0.003 -13"><span class='ocrx_word' id='word_1_833' title='bbox 202 5716 498 5783; x_wconf 78' lang='lat' dir='ltr'><strong>Utriusque</strong></span> <span class='ocrx_word' id='word_1_834' title='bbox 526 5716 741 5769; x_wconf 75' lang='lat' dir='ltr'><strong>Macarii</strong></span> <span class='ocrx_word' id='word_1_835' title='bbox 772 5716 914 5767; x_wconf 88' lang='lat' dir='ltr'><strong>dicta</strong></span> <span class='ocrx_word' id='word_1_836' title='bbox 942 5716 997 5769; x_wconf 90' lang='lat' dir='ltr'><strong>in</strong></span> <span class='ocrx_word' id='word_1_837' title='bbox 1016 5716 1334 5771; x_wconf 73' lang='lat' dir='ltr'><strong>collectione</strong></span> <span class='ocrx_word' id='word_1_838' title='bbox 1355 5717 1588 5785; x_wconf 88' lang='lat' dir='ltr'><strong>quadam</strong></span> <span class='ocrx_word' id='word_1_839' title='bbox 1615 5730 1762 5768; x_wconf 89' lang='lat' dir='ltr'><strong>asce-</strong></span> 
     </span>
    </p>
   </div>
   <div class='ocr_carea' id='block_1_75' title="bbox 202 5784 1759 5855">
    <p class='ocr_par' dir='ltr' id='par_1_75' title="bbox 202 5784 1759 5855">
     <span class='ocr_line' id='line_1_76' title="bbox 202 5784 1759 5855; baseline -0.003 -14"><span class='ocrx_word' id='word_1_840' title='bbox 202 5789 435 5841; x_wconf 75' lang='lat' dir='ltr'><strong>ticorum</strong></span> <span class='ocrx_word' id='word_1_841' title='bbox 488 5786 542 5841; x_wconf 89' lang='lat' dir='ltr'><strong>in</strong></span> <span class='ocrx_word' id='word_1_842' title='bbox 601 5785 721 5840; x_wconf 91' lang='lat' dir='ltr'><strong>cod.</strong></span> <span class='ocrx_word' id='word_1_843' title='bbox 768 5784 981 5841; x_wconf 83' lang='lat' dir='ltr'><strong>Coislin.</strong></span> <span class='ocrx_word' id='word_1_844' title='bbox 1034 5785 1341 5852; x_wconf 63' lang='lat' dir='ltr'><strong>CCXXXII,</strong></span> <span class='ocrx_word' id='word_1_845' title='bbox 1376 5784 1429 5840; x_wconf 85' lang='lat' dir='ltr'><strong>v.</strong></span> <span class='ocrx_word' id='word_1_846' title='bbox 1473 5784 1759 5855; x_wconf 84' lang='lat' dir='ltr'><strong>Montfauc.</strong></span> 
     </span>
    </p>
   </div>
   <div class='ocr_carea' id='block_1_76' title="bbox 1874 5011 3434 5083">
    <p class='ocr_par' dir='ltr' id='par_1_76' title="bbox 1874 5011 3434 5083">
     <span class='ocr_line' id='line_1_77' title="bbox 1874 5011 3434 5083; baseline -0.006 -15"><span class='ocrx_word' id='word_1_847' title='bbox 1874 5011 2119 5069; x_wconf 80' lang='lat' dir='ltr'><strong>ditionem</strong></span> <span class='ocrx_word' id='word_1_848' title='bbox 2142 5011 2414 5069; x_wconf 83' lang='lat' dir='ltr'><strong>creationis</strong></span> <span class='ocrx_word' id='word_1_849' title='bbox 2438 5011 2565 5067; x_wconf 84' lang='lat' dir='ltr'><strong>suae</strong></span> <span class='ocrx_word' id='word_1_850' title='bbox 2603 5011 2928 5083; x_wconf 82' lang='lat' dir='ltr'><strong>cognoscens.</strong></span> <span class='ocrx_word' id='word_1_851' title='bbox 2956 5011 3023 5064; x_wconf 90' lang='lat' dir='ltr'><strong>ad</strong></span> <span class='ocrx_word' id='word_1_852' title='bbox 3046 5026 3220 5083; x_wconf 83' lang='lat' dir='ltr'><strong>omnes</strong></span> <span class='ocrx_word' id='word_1_853' title='bbox 3248 5016 3434 5083; x_wconf 28' lang='lat' dir='ltr'><strong>semet-ﬁ</strong></span> 
     </span>
    </p>
   </div>
   <div class='ocr_carea' id='block_1_77' title="bbox 1874 5076 3436 5158">
    <p class='ocr_par' dir='ltr' id='par_1_77' title="bbox 1874 5076 3436 5158">
     <span class='ocr_line' id='line_1_78' title="bbox 1874 5076 3436 5158; baseline -0.007 -19"><span class='ocrx_word' id='word_1_854' title='bbox 1874 5089 2045 5158; x_wconf 82' lang='lat' dir='ltr'><strong>ipsum</strong></span> <span class='ocrx_word' id='word_1_855' title='bbox 2099 5087 2425 5158; x_wconf 83' lang='lat' dir='ltr'><strong>inclinaverit</strong></span> <span class='ocrx_word' id='word_1_856' title='bbox 2480 5076 2701 5142; x_wconf 70' lang='lat' dir='ltr'><strong>labores,</strong></span> <span class='ocrx_word' id='word_1_857' title='bbox 2751 5090 2798 5158; x_wconf 81' lang='lat' dir='ltr'><strong>et</strong></span> <span class='ocrx_word' id='word_1_858' title='bbox 2826 5080 3087 5158; x_wconf 77' lang='lat' dir='ltr'><strong>luctando</strong></span> <span class='ocrx_word' id='word_1_859' title='bbox 3133 5087 3289 5145; x_wconf 85' lang='lat' dir='ltr'><strong>atque</strong></span> <span class='ocrx_word' id='word_1_860' title='bbox 3341 5076 3436 5158; x_wconf 80' lang='lat' dir='ltr'><strong>Dei</strong></span> 
     </span>
    </p>
   </div>
   <div class='ocr_carea' id='block_1_78' title="bbox 1876 5153 3436 5226">
    <p class='ocr_par' dir='ltr' id='par_1_78' title="bbox 1876 5153 3436 5226">
     <span class='ocr_line' id='line_1_79' title="bbox 1876 5153 3436 5226; baseline -0.005 -20"><span class='ocrx_word' id='word_1_861' title='bbox 1876 5153 2135 5226; x_wconf 69' lang='lat' dir='ltr'><strong>auxilium</strong></span> <span class='ocrx_word' id='word_1_862' title='bbox 2175 5156 2417 5226; x_wconf 86' lang='lat' dir='ltr'><strong>adversus</strong></span> <span class='ocrx_word' id='word_1_863' title='bbox 2457 5170 2626 5226; x_wconf 74' lang='lat' dir='ltr'><strong>omne,</strong></span> <span class='ocrx_word' id='word_1_864' title='bbox 2657 5154 2794 5221; x_wconf 88' lang='lat' dir='ltr'><strong>quod</strong></span> <span class='ocrx_word' id='word_1_865' title='bbox 2819 5154 2872 5205; x_wconf 85' lang='lat' dir='ltr'><strong>in</strong></span> <span class='ocrx_word' id='word_1_866' title='bbox 2902 5153 2998 5204; x_wconf 82' lang='lat' dir='ltr'><strong>hac</strong></span> <span class='ocrx_word' id='word_1_867' title='bbox 3030 5153 3133 5201; x_wconf 85' lang='lat' dir='ltr'><strong>vita</strong></span> <span class='ocrx_word' id='word_1_868' title='bbox 3158 5164 3317 5226; x_wconf 75' lang='lat' dir='ltr'><strong>suave</strong></span> <span class='ocrx_word' id='word_1_869' title='bbox 3342 5156 3436 5226; x_wconf 75' lang='lat' dir='ltr'><strong>est,</strong></span> 
     </span>
    </p>
   </div>
   <div class='ocr_carea' id='block_1_79' title="bbox 1871 5218 3441 5291">
    <p class='ocr_par' dir='ltr' id='par_1_79' title="bbox 1871 5218 3441 5291">
     <span class='ocr_line' id='line_1_80' title="bbox 1871 5218 3441 5291; baseline -0.006 -14"><span class='ocrx_word' id='word_1_870' title='bbox 1871 5225 2224 5291; x_wconf 81' lang='lat' dir='ltr'><strong>implarando,</strong></span> <span class='ocrx_word' id='word_1_871' title='bbox 2260 5225 2328 5276; x_wconf 88' lang='lat' dir='ltr'><strong>ad</strong></span> <span class='ocrx_word' id='word_1_872' title='bbox 2379 5218 2677 5276; x_wconf 80' lang='lat' dir='ltr'><strong>naturalem</strong></span> <span class='ocrx_word' id='word_1_873' title='bbox 2718 5237 2921 5291; x_wconf 85' lang='lat' dir='ltr'><strong>quoque</strong></span> <span class='ocrx_word' id='word_1_874' title='bbox 2961 5218 3259 5291; x_wconf 81' lang='lat' dir='ltr'><strong>perveniens</strong></span> <span class='ocrx_word' id='word_1_875' title='bbox 3294 5219 3441 5285; x_wconf 83' lang='lat' dir='ltr'><strong>puri-</strong></span> 
     </span>
    </p>
   </div>
   <div class='ocr_carea' id='block_1_80' title="bbox 1873 5289 3437 5365">
    <p class='ocr_par' dir='ltr' id='par_1_80' title="bbox 1873 5289 3437 5365">
     <span class='ocr_line' id='line_1_81' title="bbox 1873 5289 3437 5365; baseline -0.004 -20"><span class='ocrx_word' id='word_1_876' title='bbox 1873 5289 2055 5357; x_wconf 83' lang='lat' dir='ltr'><strong>tatem,</strong></span> <span class='ocrx_word' id='word_1_877' title='bbox 2083 5296 2455 5365; x_wconf 83' lang='lat' dir='ltr'><strong>continentiam</strong></span> <span class='ocrx_word' id='word_1_878' title='bbox 2486 5292 2643 5346; x_wconf 84' lang='lat' dir='ltr'><strong>veluli</strong></span> <span class='ocrx_word' id='word_1_879' title='bbox 2695 5289 2939 5365; x_wconf 84' lang='lat' dir='ltr'><strong>naturale</strong></span> <span class='ocrx_word' id='word_1_880' title='bbox 2973 5289 3215 5365; x_wconf 39' lang='lat' dir='ltr'><strong>debitum.</strong></span> <span class='ocrx_word' id='word_1_881' title='bbox 3251 5302 3437 5338; x_wconf 83' lang='lat' dir='ltr'><strong>manus</strong></span> 
     </span>
    </p>
   </div>
   <div class='ocr_carea' id='block_1_81' title="bbox 1873 5360 3435 5435">
    <p class='ocr_par' dir='ltr' id='par_1_81' title="bbox 1873 5360 3435 5435">
     <span class='ocr_line' id='line_1_82' title="bbox 1873 5360 3435 5435; baseline -0.005 -20"><span class='ocrx_word' id='word_1_882' title='bbox 1873 5365 2168 5435; x_wconf 79' lang='lat' dir='ltr'><strong>obtinuerit.</strong></span> <span class='ocrx_word' id='word_1_883' title='bbox 2204 5364 2359 5435; x_wconf 60' lang='grc' dir='ltr'><strong>μω.</strong></span> <span class='ocrx_word' id='word_1_884' title='bbox 2397 5364 2561 5435; x_wconf 84' lang='lat' dir='ltr'><strong>Illam</strong></span> <span class='ocrx_word' id='word_1_885' title='bbox 2582 5371 2762 5435; x_wconf 71' lang='lat' dir='ltr'><strong>autem</strong></span> <span class='ocrx_word' id='word_1_886' title='bbox 2794 5360 3099 5435; x_wconf 78' lang='lat' dir='ltr'><strong>epistolam,</strong></span> <span class='ocrx_word' id='word_1_887' title='bbox 3131 5360 3290 5435; x_wconf 77' lang='lat' dir='ltr'><strong>cuius</strong></span> <span class='ocrx_word' id='word_1_888' title='bbox 3318 5371 3435 5408; x_wconf 90' lang='lat' dir='ltr'><strong>me-</strong></span> 
     </span>
    </p>
   </div>
   <div class='ocr_carea' id='block_1_82' title="bbox 1872 5432 3434 5502">
    <p class='ocr_par' dir='ltr' id='par_1_82' title="bbox 1872 5432 3434 5502">
     <span class='ocr_line' id='line_1_83' title="bbox 1872 5432 3434 5502; baseline -0.006 -16"><span class='ocrx_word' id='word_1_889' title='bbox 1872 5435 2031 5487; x_wconf 86' lang='lat' dir='ltr'><strong>minit</strong></span> <span class='ocrx_word' id='word_1_890' title='bbox 2054 5434 2384 5491; x_wconf 85' lang='lat' dir='ltr'><strong>Gennadius,</strong></span> <span class='ocrx_word' id='word_1_891' title='bbox 2418 5433 2657 5502; x_wconf 85' lang='lat' dir='ltr'><strong>potuisse</strong></span> <span class='ocrx_word' id='word_1_892' title='bbox 2705 5432 2984 5502; x_wconf 18' lang='lat' dir='ltr'><strong>Homiliasi</strong></span> <span class='ocrx_word' id='word_1_893' title='bbox 3018 5432 3299 5502; x_wconf 62' lang='lat' dir='ltr'><strong>continere</strong></span> <span class='ocrx_word' id='word_1_894' title='bbox 3341 5440 3434 5502; x_wconf 66' lang='lat' dir='ltr'><strong>su-</strong></span> 
     </span>
    </p>
   </div>
   <div class='ocr_carea' id='block_1_83' title="bbox 1869 5494 3432 5583">
    <p class='ocr_par' dir='ltr' id='par_1_83' title="bbox 1869 5494 3432 5583">
     <span class='ocr_line' id='line_1_84' title="bbox 1869 5494 3432 5583; baseline -0.005 -27"><span class='ocrx_word' id='word_1_895' title='bbox 1869 5504 2107 5583; x_wconf 65' lang='lat' dir='ltr'><strong>spicatur</strong></span> <span class='ocrx_word' id='word_1_896' title='bbox 2145 5502 2189 5556; x_wconf 85' lang='grc' dir='ltr'>Ι.</span> <span class='ocrx_word' id='word_1_897' title='bbox 2225 5502 2286 5583; x_wconf 65' lang='lat' dir='ltr'><strong>G.</strong></span> <span class='ocrx_word' id='word_1_898' title='bbox 2328 5494 2526 5583; x_wconf 50' lang='lat' dir='ltr'><strong>Wa&#39;lch.</strong></span> <span class='ocrx_word' id='word_1_899' title='bbox 2564 5503 2728 5583; x_wconf 67' lang='lat' dir='ltr'><strong>Il.__E.</strong></span> <span class='ocrx_word' id='word_1_900' title='bbox 2766 5517 2819 5569; x_wconf 92' lang='lat' dir='ltr'><strong>p.</strong></span> <span class='ocrx_word' id='word_1_901' title='bbox 2858 5501 3034 5583; x_wconf 44' lang='grc'>1569..</span> 
     </span>
    </p>
   </div>
   <div class='ocr_carea' id='block_1_84' title="bbox 1872 5564 3432 5641">
    <p class='ocr_par' dir='ltr' id='par_1_84' title="bbox 1872 5564 3432 5641">
     <span class='ocr_line' id='line_1_85' title="bbox 1872 5564 3432 5641; baseline -0.005 -16"><span class='ocrx_word' id='word_1_902' title='bbox 1872 5564 2133 5627; x_wconf 83' lang='lat' dir='ltr'><strong>iudicium</strong></span> <span class='ocrx_word' id='word_1_903' title='bbox 2163 5576 2324 5641; x_wconf 88' lang='lat' dir='ltr'><strong>paulo</strong></span> <span class='ocrx_word' id='word_1_904' title='bbox 2373 5582 2496 5627; x_wconf 90' lang='lat' dir='ltr'><strong>ante</strong></span> <span class='ocrx_word' id='word_1_905' title='bbox 2527 5588 2594 5626; x_wconf 73' lang='lat' dir='ltr'><strong>ex</strong></span> <span class='ocrx_word' id='word_1_906' title='bbox 2632 5564 3038 5641; x_wconf 79' lang='lat' dir='ltr'><strong>Baumgartenii</strong></span> <span class='ocrx_word' id='word_1_907' title='bbox 3066 5564 3432 5621; x_wconf 84' lang='lat' dir='ltr'><strong>Nachrichten</strong></span> 
     </span>
    </p>
   </div>
   <div class='ocr_carea' id='block_1_85' title="bbox 1866 5643 2451 5698">
    <p class='ocr_par' dir='ltr' id='par_1_85' title="bbox 1866 5643 2451 5698">
     <span class='ocr_line' id='line_1_86' title="bbox 1866 5643 2451 5698; baseline -0.003 -1"><span class='ocrx_word' id='word_1_908' title='bbox 1866 5652 1975 5698; x_wconf 91' lang='lat' dir='ltr'><strong>etc.</strong></span> <span class='ocrx_word' id='word_1_909' title='bbox 2012 5643 2251 5695; x_wconf 89' lang='lat' dir='ltr'><strong>allatum.</strong></span> <span class='ocrx_word' id='word_1_910' title='bbox 2287 5643 2451 5695; x_wconf 61' lang='lat' dir='ltr'><strong>llam.</strong></span> 
     </span>
    </p>
   </div>
   <div class='ocr_carea' id='block_1_86' title="bbox 1944 5702 3431 5782">
    <p class='ocr_par' dir='ltr' id='par_1_86' title="bbox 1944 5702 3431 5782">
     <span class='ocr_line' id='line_1_87' title="bbox 1944 5702 3431 5782; baseline -0.008 -16"><span class='ocrx_word' id='word_1_911' title='bbox 1944 5711 2091 5782; x_wconf 80' lang='lat' dir='ltr'><strong>[Pag.</strong></span> <span class='ocrx_word' id='word_1_912' title='bbox 2118 5711 2241 5781; x_wconf 87' lang='grc'>5661</span> <span class='ocrx_word' id='word_1_913' title='bbox 2278 5713 2363 5776; x_wconf 91' lang='grc'><strong>15)</strong></span> <span class='ocrx_word' id='word_1_914' title='bbox 2406 5712 2520 5765; x_wconf 84' lang='lat' dir='ltr'><strong>Alia</strong></span> <span class='ocrx_word' id='word_1_915' title='bbox 2546 5711 2599 5763; x_wconf 93' lang='lat' dir='ltr'><strong>in</strong></span> <span class='ocrx_word' id='word_1_916' title='bbox 2640 5710 2830 5782; x_wconf 80' lang='lat' dir='ltr'><strong>codice</strong></span> <span class='ocrx_word' id='word_1_917' title='bbox 2875 5708 3182 5782; x_wconf 69' lang='lat' dir='ltr'><strong>regularum</strong></span> <span class='ocrx_word' id='word_1_918' title='bbox 3224 5702 3431 5757; x_wconf 65' lang='lat' dir='ltr'><strong>HolsW-</strong></span> 
     </span>
    </p>
   </div>
   <div class='ocr_carea' id='block_1_87' title="bbox 1870 5776 3241 5851">
    <p class='ocr_par' dir='ltr' id='par_1_87' title="bbox 1870 5776 3241 5851">
     <span class='ocr_line' id='line_1_88' title="bbox 1870 5776 3241 5851; baseline -0.008 -15"><span class='ocrx_word' id='word_1_919' title='bbox 1870 5776 2316 5837; x_wconf 29' lang='lat' dir='ltr'><strong>nisinoycontcnta</strong></span> <span class='ocrx_word' id='word_1_920' title='bbox 2341 5784 2463 5838; x_wconf 90' lang='lat' dir='ltr'><strong>vide</strong></span> <span class='ocrx_word' id='word_1_921' title='bbox 2490 5782 2546 5837; x_wconf 85' lang='lat' dir='ltr'><strong>B.</strong></span> <span class='ocrx_word' id='word_1_922' title='bbox 2582 5781 2745 5851; x_wconf 65' lang='lat' dir='ltr'><strong>Ittigii</strong></span> <span class='ocrx_word' id='word_1_923' title='bbox 2770 5780 2911 5834; x_wconf 91' lang='lat' dir='ltr'><strong>libro</strong></span> <span class='ocrx_word' id='word_1_924' title='bbox 2940 5794 2993 5847; x_wconf 90' lang='lat' dir='ltr'><strong>p.</strong></span> <span class='ocrx_word' id='word_1_925' title='bbox 3032 5776 3133 5830; x_wconf 81' lang='grc'><strong>652</strong></span> <span class='ocrx_word' id='word_1_926' title='bbox 3162 5789 3241 5843; x_wconf 86' lang='lat' dir='ltr'><strong>sq.</strong></span> 
     </span>
    </p>
   </div>
  </div>
