4266 6356
237 394 340 454 ‘01
1667 396 1922 457 EPISTO]

1783 396 2067 457 STOLAE.
3363 404 3468 463 ωε

238 553 3469 592 z-m

821 749 980 905 δ.
1099 749 1907 908 ΜΑΟΑΒΠ-
1997 753 2915 917 AEGYPTII

1098 1063 1922 1213 EPISTOLAE,
2009 1071 2592 1187 PRECES.

1377 1417 2313 1511 PRAEMONENDA.

299 1725 415 1799 Qui
456 1723 763 1787 Gennadii
819 1722 921 1803 (de
972 1722 1119 1783 viris
1143 1720 1483 1783 illustribus
1514 1739 1652 1803 cap.
1713 1720 1809 1801 10)
1841 1722 2028 1785 verba
2079 1723 2236 1787 haec
2273 1724 2424 1803 legit
2466 1744 2483 1787 :
2523 1750 2553 1785 α
2592 1728 2894 1792 Macarius
2948 1729 3295 1795 monachus
3352 1730 3460 1794 ille

214 1826 564 1905 Aegyptius
592 1824 785 1901 signis
809 1830 872 1884 et
899 1820 1227 1883 virtutibus
1255 1820 1459 1882 clarus
1510 1836 1701 1882 unam
1734 1827 1974 1883 tantum
2002 1823 2077 1884 ad
2116 1823 2396 1887 iuniores
2421 1825 2830 1905 professionis
2856 1847 3007 1893 suae
3042 1832 3291 1912 scripsit
3318 1838 3457 1916 epi-

214 1930 473 2003 stolam,
522 1929 590 1989 in
639 1945 763 2009 qua
811 1925 996 1987 docet
1063 1924 1243 1985 illum
1291 1922 1570 2004 perfecte
1622 1941 1809 2005 posse
1856 1927 2087 1988 servire
2128 1928 2301 2000 Deo,
2333 1930 2443 2008 qui
2476 1930 2904 1994 conditionem
2940 1933 3274 1997 creationis
3307 1953 3458 1999 suae

214 2046 613 2108 cognoscens
638 2028 715 2090 ad
744 2044 966 2089 omnes
993 2025 1399 2105 semetipsum
1427 2024 1813 2089 inclinaverit
1838 2027 2106 2103 labores,
2128 2036 2191 2090 et
2218 2029 2509 2093 luctando
2536 2038 2723 2111 atque
2750 2033 2862 2095 Dei
2887 2033 3213 2097 adversum
3242 2053 3455 2113 omne,

214 2128 387 2208 quod
415 2130 481 2189 in
512 2128 629 2190 hac
655 2128 776 2188 vita
803 2142 989 2187 suave
1014 2132 1127 2198 est,
1158 2123 1458 2187 auxilium
1486 2125 1907 2206 implorando,
1936 2127 2015 2189 ad
2038 2131 2382 2191 naturalem
2411 2149 2667 2212 quoque
2696 2134 3067 2213 perveniens
3094 2135 3453 2215 puritatem,

212 2232 669 2295 continentiam
702 2230 873 2293 velut
908 2235 1164 2291 naturae
1192 2227 1473 2290 debitum
1514 2246 1743 2291 munus
1773 2231 2113 2294 obtinuerit
2146 2256 2198 2308 ι,
2242 2234 2300 2295 ei
2345 2234 2481 2295 ﬁeri
2510 2252 2640 2297 non
2675 2241 2881 2317 potest
2908 2237 3061 2317 quin
3096 2237 3454 2299 suboriatur

210 2334 515 2413 suspicio,
541 2332 874 2395 Macarium
901 2333 1273 2412 Aegyptium
1301 2331 1623 2395 doctrinae
1657 2332 2049 2411 Pelagianae,
2081 2353 2118 2398 e
2160 2353 2283 2415 qua
2313 2337 2697 2401 continentia
2738 2345 3016 2411 naturae,
3049 2355 3179 2401 non
3218 2339 3451 2417 gratiae

211 2436 454 2497 donum
484 2438 600 2508 est,
635 2431 817 2512 quasi
854 2431 1053 2494 facem
1084 2430 1475 2512 praetulisse.
1506 2429 1687 2493 Unde
1714 2432 1994 2495 Oudinus
2024 2432 2092 2496 in
2118 2435 2591 2497 Commentariis
2617 2434 2697 2498 de
2740 2437 3147 2515 scriptoribus
3190 2446 3253 2499 et
3292 2438 3451 2500 scri-

213 2539 337 2615 ptis
374 2534 814 2599 ecclesiasticis
859 2551 921 2594 v.
960 2532 1235 2594 Macarii
1278 2539 1404 2593 tres
1452 2531 1765 2609 monachi,
1811 2533 2066 2614 aliique,
2103 2534 2270 2597 inter
2309 2553 2471 2615 quos
2516 2536 2968 2600 Petitdidierius
3016 2537 3085 2600 in
3134 2537 3295 2600 libro
3341 2537 3454 2619 qui

206 2637 572 2703 inscribitur
603 2657 617 2700 :
650 2640 1037 2716 Remarques
1063 2653 1172 2697 sur
1198 2634 1258 2696 la
1297 2635 1729 2717 bibliotheque
1764 2639 1874 2701 des
1916 2644 2170 2702 auteurs
2199 2638 2705 2720 ecclésiastiques
2734 2641 2814 2705 de
2840 2645 2921 2704 M.
2958 2642 3051 2705 Du
3082 2644 3196 2704 Pin
3259 2642 3451 2704 Paris.

212 2745 366 2806 1692
430 2748 500 2808 Τ.
530 2748 587 2808 Il
624 2763 688 2825 p.
729 2740 837 2804 198
866 2760 1032 2821 sqq.,
1067 2739 1357 2802 homilias
1384 2757 1663 2821 quoque,
1697 2760 1857 2823 quae
1879 2743 2129 2806 Macarii
2155 2744 2449 2824 Aegyptii
2481 2745 2738 2806 nomine
2771 2745 3079 2821 feruntur,
3108 2765 3269 2829 puro
3299 2755 3455 2829 puto

207 2844 666 2923 Pelagianismo
700 2842 963 2905 infectas
999 2858 1136 2904 esse
1167 2843 1435 2921 probare
1464 2850 1609 2905 sunt
1637 2845 1868 2906 conati.
1899 2846 2127 2908 Verum
2176 2845 2440 2927 epistola
2470 2864 2504 2907 a
2546 2847 2968 2910 Petitdidierio
2996 2848 3038 2910 1.
3071 2849 3114 2910 l.
3183 2870 3248 2931 p.
3279 2851 3394 2912 220
3416 2867 3453 2913 e

208 2943 435 3008 codice
485 2962 602 3006 ms.
650 2944 933 3007 abbatiae
978 2944 1039 3003 8.
1079 2944 1287 3005 Vitoni
1320 2944 1403 3021 (S.
1460 2942 1697 3024 Vanne)
1733 2945 1971 3025 prolata
2009 2947 2087 3009 ab
2131 2965 2228 3021 ea,
2273 2963 2459 3027 quam
2486 2947 2846 3010 Gennadius
2888 2959 3358 3025 commemorat,
3391 2956 3454 3015 et

206 3058 582 3129 argumento
611 3056 674 3111 et
702 3048 995 3110 universo
1028 3054 1251 3110 tenore
1292 3048 1376 3109 ita
1403 3047 1606 3117 distat.
1636 3056 1706 3110 ut
1734 3052 1949 3113 eadem
1980 3069 2121 3113 cum
2156 3051 2262 3113 illa
2309 3053 2484 3115 nullo
2531 3052 2720 3115 modo
2752 3052 2966 3115 haberi
3000 3053 3220 3132 possit.
3254 3054 3449 3126 Quam

205 3150 583 3228 ipsissimam
613 3165 714 3209 me
740 3147 808 3208 in
836 3146 1057 3209 codice
1083 3163 1200 3206 ms.
1232 3144 1382 3206 olim
1408 3146 1799 3223 Treverensi,
1836 3166 2024 3227 quem
2053 3150 2154 3211 Dr.
2187 3149 2487 3211 Binterim
2534 3168 2593 3211 ν.
2639 3149 2720 3212 cl.
2752 3151 2955 3216 pretio
2988 3157 3263 3230 emptum
3302 3156 3449 3212 ante

206 3250 329 3312 hos
356 3249 827 3330 quatuordecim
860 3264 1060 3309 annos
1102 3246 1497 3309 Bollandistis
1524 3246 1590 3308 in
1621 3248 1832 3326 Belgia
1860 3249 2029 3311 dono
2058 3250 2251 3324 dedit,
2282 3250 2592 3312 detexisse
2637 3267 2714 3313 eo
2749 3252 2944 3330 magis
2981 3252 3244 3330 gaudeo,
3276 3250 3449 3331 quod

207 3366 349 3411 eam
378 3365 458 3410 ne
487 3348 796 3409 levissima
821 3346 1077 3425 quidem
1134 3345 1442 3408 eiusmodi
1486 3345 1823 3409 haereseos
1861 3348 2102 3410 macula
2130 3366 2534 3429 conspersam
2565 3367 2701 3412 esse
2726 3352 2932 3413 statim
2958 3350 3111 3412 mihi
3141 3349 3445 3430 persuasi.

206 3455 363 3514 Eam
390 3451 579 3530 igitur
599 3448 952 3530 epistolam,
989 3465 1150 3529 quae
1178 3449 1332 3528 quin
1362 3448 1605 3510 Macarii
1627 3449 1914 3529 Aegyptii
1945 3451 2023 3512 sit
2055 3449 2321 3513 dubitari
2351 3451 2595 3529 nequit,
2621 3452 2699 3513 ad
2726 3452 2912 3513 ﬁdem
2941 3452 3129 3512 trium
3158 3449 3449 3512 codicum

208 3554 419 3633 primo
465 3553 607 3613 loco
654 3551 985 3612 edidimus.
1026 3550 1184 3611 Huic
1214 3549 1471 3611 alteram
1510 3566 1795 3627 graecam
1842 3551 2275 3613 subiunximus
2322 3569 2358 3613 e
2404 3552 2621 3613 codice
2656 3551 3044 3613 Berolinensi
3079 3558 3341 3624 erutam,
3379 3550 3449 3612 in

208 3671 339 3735 quo
381 3654 588 3715 eidem
625 3650 889 3712 Macario
916 3651 1223 3731 Aegyptio
1252 3651 1482 3713 diserte
1513 3651 1823 3711 tribuitur.
1854 3653 2019 3724 Quae
2046 3670 2186 3714 cum
2218 3653 2463 3715 Macarii
2490 3653 2775 3733 Aegyptii
2800 3652 3073 3716 homiliis
3100 3654 3183 3715 ita
3211 3668 3448 3716 conve-

207 3761 323 3831 nit,
352 3765 421 3820 ut
450 3758 530 3818 ab
562 3757 785 3818 eodem
828 3762 1081 3817 auctore
1131 3753 1411 3834 profecta
1457 3770 1595 3816 esse
1638 3761 1950 3832 arguatur.
1996 3756 2201 3817 Tertia
2244 3772 2435 3835 porro
2485 3756 2746 3836 epistola
2790 3756 3159 3819 adscribitur
3202 3755 3450 3821 cuidam

207 3860 502 3932 Macario,
551 3874 740 3937 quem
786 3855 865 3918 ab
908 3854 1215 3934 Aegyptio
1261 3854 1571 3917 diversum
1616 3872 1754 3916 esse
1802 3862 1866 3916 et
1910 3855 2109 3934 stylus
2143 3863 2204 3918 et
2238 3858 2683 3919 sententiarum
2720 3858 3136 3936 discrepantia
3181 3859 3449 3937 prodere

206 3965 520 4027 videntur.
554 3963 843 4035 Quartam
870 3958 1146 4037 denique
1174 3955 1503 4037 epistolam
1534 3956 1888 4019 addidimus
1915 3958 2108 4032 illam,
2140 3975 2327 4037 quam
2355 3959 2814 4021 Petitdidierius
2839 3958 3072 4038 publici
3092 3959 3243 4021 iuris
3273 3960 3445 4035 fecit,

205 4085 243 4131 a
271 4066 460 4129 nobis
495 4063 575 4125 ad
622 4062 811 4125 ﬁdem
859 4060 1129 4122 duorum
1172 4059 1460 4121 codicum
1502 4060 1908 4137 recognitam.
1938 4061 2132 4133 Quam
2167 4061 2424 4139 quidem
2472 4061 2798 4140 epistolam
2844 4078 2881 4122 e
2928 4062 3127 4142 prima
3173 4069 3233 4123 et
3266 4063 3447 4125 tertia

207 4167 612 4247 compilatam
656 4180 816 4237 esse,
854 4163 908 4224 si
950 4163 1115 4223 inter
1158 4178 1227 4224 se
1260 4162 1718 4242 comparaveris
1765 4160 1926 4237 illas,
1973 4162 2156 4225 facile
2207 4162 2540 4242 intelliges.
2588 4164 2922 4244 Reliquum
2954 4170 3069 4237 est,
3101 4171 3168 4226 ut
3195 4165 3448 4228 codices

208 4267 659 4329 describamus.

284 4363 535 4429 Priniae
563 4364 863 4446 epistolae
891 4363 1141 4427 codices
1168 4370 1297 4426 tres
1324 4381 1485 4444 quos
1511 4364 1891 4427 contulimus
1939 4372 2084 4427 sunt
2118 4367 2454 4428 Vaticanus
2496 4367 2916 4431 bibliothecae
2948 4368 3293 4432 Christinae
3331 4366 3444 4429 588

209 4472 749 4543 membranaceus,
793 4486 958 4532 saec.
1009 4470 1175 4543 XIII,
1225 4470 1293 4531 in
1337 4469 1565 4543 fol.,in
1615 4486 1744 4549 quo
1790 4469 2052 4549 epistola
2105 4469 2335 4548 legitur
2379 4471 2490 4534 fol.
2530 4469 2820 4548 112-114,
2866 4474 3258 4534 Trwcrensia
3290 4472 3442 4533 olim

207 4572 631 4636 bibliothecae
664 4573 725 4632 S.
776 4572 1092 4633 Maximini
1132 4570 1242 4650 qui
1286 4588 1454 4633 nunc
1488 4572 1657 4651 apud
1702 4570 2111 4633 Bollandistas
2142 4572 2208 4632 in
2238 4571 2447 4651 Belgia
2487 4581 2855 4647 asservatur,
2900 4572 3441 4645 membranaceus,

209 4693 377 4739 saec.
410 4677 543 4748 XV,
574 4676 641 4736 in
683 4673 822 4747 fol.,
857 4679 919 4735 et
966 4672 1439 4751 Conﬂuentinus
1483 4672 1899 4736 bibliothecae
1935 4674 2239 4753 gymnasii
2275 4673 2375 4750 23,
2424 4674 2810 4750 chartaceus,
2854 4692 3017 4738 saec.
3047 4676 3172 4749 XV,
3202 4676 3269 4737 in
3302 4675 3441 4748 fol.,

210 4783 320 4845 ubi
350 4781 461 4845 fol.
500 4780 632 4855 125,
664 4779 849 4840 2-127
888 4783 1105 4840 exstat.
1137 4780 1206 4839 In
1251 4778 1469 4840 codice
1497 4785 1705 4841 autem
1734 4780 2028 4841 Vaticano
2054 4779 2381 4859 epistolam
2422 4781 2740 4860 excipiunt
2783 4798 3008 4844 novem
3040 4781 3335 4843 historiae
3363 4780 3445 4843 de

209 4890 463 4946 mortuo
493 4901 529 4945 a
554 4882 817 4945 Macario
852 4882 1156 4962 Aegyptio
1185 4881 1570 4955 resuscitato,
1600 4882 1678 4944 de
1712 4883 1934 4944 eodem
1962 4883 2250 4957 Macario,
2282 4891 2614 4963 postquam
2640 4885 2925 4963 fatigatus
2959 4886 3176 4962 oravit,
3208 4886 3444 4948 elevato

210 4993 274 5049 et
305 4991 480 5045 trans
512 4984 746 5046 ﬂumen
771 4982 1068 5057 demisso,
1105 4981 1182 5043 de
1211 4982 1425 5044 cranio
1462 4982 1803 5044 sacerdotis
1847 4982 2093 5059 gentilis
2128 4983 2332 5045 eidem
2376 5002 2617 5064 poenas
2661 4986 3051 5048 infernarum
3088 4992 3442 5058 enarrante.

212 5091 293 5151 de
322 5088 571 5151 duobus
606 5086 933 5149 monachis
963 5103 1124 5166 quos
1153 5086 1217 5147 in
1251 5085 1454 5147 insula
1482 5087 1677 5148 eremi
1716 5086 1921 5148 nudos
1955 5088 2296 5157 invenerat,
2331 5086 2409 5149 de
2448 5088 2727 5150 eiusdem
2762 5087 3067 5159 doctrina,
3105 5105 3218 5150 cur
3256 5102 3440 5149 acce-

210 5197 461 5270 ptarum
491 5187 570 5249 ab
595 5184 1333 5248 hominibusiniuriarum
1360 5185 1819 5247 reminiscendo
1847 5187 1967 5247 vim
1998 5186 2335 5248 memoriae
2362 5185 2703 5261 laedamus,
2730 5186 3036 5249 malorum
3059 5202 3207 5247 vero
3234 5203 3269 5247 a
3289 5184 3440 5247 dae-

212 5288 510 5351 monibus
540 5286 920 5348 inﬂictorum
961 5285 1396 5347 recordatione
1425 5302 1553 5346 non
1590 5285 1930 5359 laedamus,
1959 5286 2038 5348 de
2066 5287 2329 5348 Macario
2367 5287 2669 5366 Aegyptio
2700 5303 2735 5348 e
2764 5285 3097 5366 sepulchro
3126 5292 3441 5347 mortuum

212 5387 553 5467 quendam,
585 5385 694 5465 qui
720 5384 1077 5465 depositum
1105 5382 1420 5463 quoddam
1447 5384 1558 5445 ubi
1588 5384 1863 5463 posuerit
1889 5384 2144 5458 indicet,
2177 5392 2495 5459 evocante,
2527 5385 2809 5447 eiusdem
2837 5402 3209 5465 responsum
3236 5385 3441 5447 Theo-

212 5489 374 5551 doro
403 5489 611 5551 abbati
648 5488 859 5549 datum
888 5487 967 5548 de
992 5491 1358 5568 paupertate
1386 5484 1665 5567 pulchris
1700 5485 2048 5549 actionibus
2081 5484 2509 5565 praeferenda,
2549 5486 2825 5549 eiusdem
2865 5486 2941 5548 ad
2977 5483 3342 5557 monachos,
3372 5490 3445 5547 ut

214 5591 682 5671 multiloquium
712 5590 975 5669 fugiant,
1006 5588 1375 5662 exhortatio,
1409 5588 1681 5667 denique
1711 5588 2014 5650 sententia
2042 5588 2323 5650 eiusdem
2344 5588 2613 5663 Macarii,
2645 5605 2857 5650 verum
2878 5587 3257 5650 monachum
3285 5605 3445 5649 nun-

215 5711 407 5771 quam
450 5693 528 5755 ad
550 5688 946 5755 iracundiam
994 5691 1252 5765 moveri,
1303 5690 1413 5752 sed
1449 5708 1699 5769 semper
1744 5708 1811 5753 se
1852 5690 2123 5752 vincere.
2170 5690 2279 5750 His
2322 5690 2583 5768 aliisque
2620 5689 2922 5751 similibus
2951 5690 3199 5750 Patrum
3246 5688 3440 5749 eremi

217 5793 493 5860 historiis
528 5794 757 5870 plenus
787 5800 879 5855 est
910 5793 1110 5857 codex
1139 5792 1264 5855 ille.
1304 5791 1509 5853 Codex
1536 5790 1691 5853 alter
1718 5790 1868 5853 olim
1894 5789 2289 5853 Treverensis
2318 5790 2484 5852 hunc
2516 5807 2663 5869 prae
2701 5806 2769 5851 sc
2808 5788 2927 5850 fert
2952 5788 3224 5851 indicem
3259 5806 3271 5847 :
3307 5790 3439 5849 Ista
