4266 6356
807 370 913 426 403
2201 368 2256 422 8.
2298 366 2492 423 MACAl

2343 363 2580 423 TACARII
2616 364 2793 420 AEGY
2803 363 2933 419 PT"
3927 359 4028 410 ιοι

808 489 1204 543 continentur
1233 484 1300 542 in
1334 484 1451 542 isto
1484 482 1791 545 volumine
1829 498 1940 559 per
1969 479 2247 539 ordinem
2277 477 2672 555 requirenda.
2718 475 2901 535 Liber
2944 473 3183 552 primus
3225 485 3494 530 vttarum
3537 479 3812 549 patrum.
3846 470 4031 528 Liber

807 581 1132 640 secundus.
1179 583 1316 642 Vita
1347 583 1562 643 Sancti
1593 583 1883 641 Frontini
1913 580 2156 639 abbatis
2185 579 2444 638 habetur
2467 586 2608 654 post
2643 575 2870 635 librum
2907 573 3257 634 secundum.
3283 572 3468 632 Liber
3505 573 3723 631 tertius
3754 571 4032 629 vitarum

809 688 1089 747 Patrum.
1135 686 1511 745 Vitmsancte
1533 686 1780 745 Marine
1811 685 2076 761 virginis
2111 702 2222 761 que
2252 683 2319 741 in
2344 681 2717 741 monasterio
2745 681 3020 738 virorum
3056 675 3332 754 degebat.
3374 677 3514 736 Vita
3547 674 3763 734 Sancti
3791 671 4033 732 Pacho-

808 785 921 842 mii
950 801 1126 861 quem
1158 783 1428 860 Angelus
1455 783 1704 842 Domini
1745 782 2039 842 erudivit.
2079 780 2261 842 Liber
2290 774 2545 859 quartus
2576 781 2846 838 vitor-um
2883 788 3156 855 patrum.
3209 777 3346 835 Vita
3381 777 3597 836 Sancti
3627 774 3876 834 Abrahe
3908 775 4034 833 viri

809 883 919 942 dei
946 891 1088 960 post
1119 893 1408 961 quartum
1454 884 1681 943 librum
1722 885 2003 944 habetur.
2046 881 2333 960 Epistula
2381 880 2542 940 beati
2584 880 2899 939 Macharii
2933 878 3176 939 abbatis
3219 879 3302 938 ad
3349 878 3510 955 ﬁlios
3559 898 3700 936 suos
3746 876 4033 936 dilectos.

810 983 1023 1040 Sermo
1063 981 1226 1041 beati
1267 984 1581 1045 athanasii
1617 985 2040 1047 Alexandrine
2079 985 2350 1045 civitatis
2394 983 2662 1061 episcopi
2689 982 2771 1042 ad
2800 982 3149 1043 monachos.
3208 981 3534 1057 Profectus
3577 979 4039 1056 Religiosorum

808 1080 1062 1140 moralis
1101 1102 1138 1140 a
1189 1083 1362 1143 beato
1401 1086 1764 1147 Bernhardo
1803 1091 2051 1148 metrice
2104 1088 2494 1163 com-positus.
2549 1083 2775 1146 0milia
2824 1084 2985 1144 beati
3032 1083 3381 1143 Bernhardi
3414 1100 3599 1160 super
3648 1079 4039 1158 evangelium

809 1181 967 1240 Ecce
989 1200 1115 1240 non
1157 1193 1269 1242 etc.
1313 1185 1375 1242 in
1405 1186 1502 1243 die
1541 1187 1880 1246 Benedicti.
1931 1187 2411 1248 Constitutiones
2443 1184 2760 1244 Benedicti
2796 1203 2994 1262 papae
3041 1183 3386 1242 duodecimi
3431 1182 3502 1242 de
3545 1181 3762 1240 ordine
3809 1181 4036 1256 nigro-

808 1298 949 1339 rum
994 1283 1453 1343 monachorum.
1496 1285 1813 1345 Sermones
1859 1286 2019 1345 beati
2050 1284 2402 1344 Bernhardi
2451 1302 2635 1360 super
2667 1281 2976 1342 Psalmum
3007 1284 3128 1358 Qui
3171 1281 3430 1341 habitat.
3491 1283 3818 1339 Tractatus
3867 1278 4039 1338 beati

809 1378 1085 1438 Anselmi
1124 1380 1566 1441 Cantuarcnsis
1613 1384 1883 1460 episcopi
1940 1384 2104 1444 Unde
2151 1401 2360 1459 supra.
2407 1381 2635 1442 0milia
2667 1381 2882 1441 Sancti
2914 1380 3264 1439 Bernhardi
3314 1399 3498 1456 super
3543 1378 3926 1456 evangelium
3967 1380 4044 1438 de

810 1479 1016 1537 decem
1062 1483 1432 1558 virginibus.
1483 1489 1751 1563 Tempus
1797 1503 1966 1558 vero,
2008 1504 2132 1563 quo
2184 1487 2446 1562 scriptus
2493 1486 2571 1544 sit
2615 1484 2832 1554 codex,
2883 1483 3093 1543 notula
3136 1483 3289 1544 haec
3335 1481 3570 1544 indicat
3624 1500 3636 1541 :
3684 1485 3866 1542 Anno
3921 1484 4038 1542 do-

809 1581 968 1639 mini
995 1580 1133 1640 1461
1175 1585 1285 1643 sub
1322 1587 1661 1647 venerabili
1686 1599 1864 1664 patre
1905 1598 1959 1647 et
1987 1589 2230 1647 domino
2261 1589 2572 1648 Anthonio
2605 1587 2822 1646 abbate
2866 1588 3131 1664 scriptus
3162 1596 3248 1646 est
3279 1586 3437 1645 liber
3466 1588 3578 1646 iste
3611 1605 3725 1664 per
3765 1590 4041 1663 fratrem

810 1678 1187 1739 Ludovicum
1219 1685 1570 1763 Rathingcn
1601 1688 1973 1762 pro/essum.
2011 1688 2196 1748 Orate
2231 1707 2345 1765 pro
2393 1707 2482 1746 eo.
2523 1686 2764 1747 Tertius
2804 1687 3074 1763 denique
3105 1686 3325 1759 codex,
3357 1686 3846 1757 Conﬂuentinus,
3890 1686 4042 1745 satis

809 1776 972 1836 bene
1005 1788 1309 1857 exaratos,
1350 1791 1590 1846 constat
1625 1783 1787 1844 foliis
1814 1784 1948 1857 242,
1981 1793 2040 1844 et
2074 1785 2235 1845 foliis
2273 1785 2339 1843 21
2377 1803 2535 1864 quae
2565 1791 2778 1848 vacant
2800 1785 3121 1862 scriptura.
3150 1784 3315 1844 Folia
3362 1784 3683 1845 chartacea
3717 1785 4043 1845 antecedit

811 1891 1005 1933 unum
1043 1893 1490 1962 pergamenum
1549 1901 1690 1943 cum
1719 1884 1926 1944 indice
1955 1886 2255 1944 rerum.1n
2279 1887 2618 1962 tegumenti
2647 1893 2820 1964 parte
2849 1885 3312 1960 interiorelegis
3339 1902 3350 1942 :
3376 1885 3498 1944 Iste
3519 1884 3678 1944 liber
3700 1895 3810 1944 est.
3844 1887 4035 1945 mihi.

811 1973 884 2032 de
913 1976 1134 2035 Merle.
1166 1979 1236 2037 1n
1265 1978 1385 2040 hoc
1414 1989 1618 2041 autem
1647 1984 1862 2049 codice
1890 1983 2043 2045 haec
2080 1983 2479 2044 continentur
2512 2002 2523 2043 :
2559 1984 2667 2045 fol.
2705 1982 2913 2056 1-332
2943 1983 3099 2044 liber
3126 1983 3436 2043 secundus
3462 1984 3725 2044 vitarum
3753 1985 4037 2057 Patrum,

810 2089 845 2132 a
896 2074 1216 2136 Rosweido
1269 2078 1469 2140 editus
1516 2085 1688 2140 Antv.
1738 2081 1880 2140 1628
1931 2102 1994 2159 p.
2045 2081 2155 2141 448
2190 2101 2354 2161 sqq.,
2406 2083 2527 2143 fol.
2564 2081 2913 2156 34,1-125,l
2965 2083 3122 2144 liber
3149 2083 3402 2160 quintus
3432 2090 3492 2142 et
3535 2090 3744 2142 sextus
3773 2085 4043 2145 vitarum

812 2171 1062 2234 Patrum
1128 2178 1349 2247 [Rosw.
1403 2198 1462 2256 p.
1498 2179 1606 2238 562
1638 2199 1804 2260 sqq.,
1843 2181 1955 2241 644
2001 2187 2191 2261 sqq.],
2237 2183 2345 2242 fol.
2403 2183 2786 2256 125,2-127,1
2828 2183 3032 2244 Sancti
3076 2183 3320 2243 Macarii
3370 2183 3629 2262 epistola
3676 2183 3753 2243 ad
3798 2184 3962 2245 ﬁlios
4005 2202 4045 2247 a

815 2271 995 2332 nobis
1029 2279 1294 2351 primum
1340 2281 1404 2340 in
1453 2281 1658 2342 lucem
1693 2284 1952 2362 prolata,
1990 2285 2100 2344 fol.
2139 2284 2523 2362 127,1-138,1
2561 2310 2587 2341 ι(
2624 2289 2929 2365 Excerpta
2959 2286 3129 2347 utilia
3163 2310 3189 2340 »
3222 2304 3255 2347 e
3285 2286 3443 2346 libro
3476 2287 4047 2364 scptimo-vitarum

815 2371 1061 2432 Patrum
1100 2379 1320 2450 [Rosw.
1394 2380 1651 2458 p.665],
1683 2381 1791 2442 fol.
1837 2382 2228 2457 138,1-1412
2273 2386 2390 2444 vita
2427 2387 2488 2444 S.
2539 2384 2709 2445 Pauli
2759 2387 2980 2460 [Rosw.
3033 2404 3094 2463 p.
3143 2385 3207 2445 17
3256 2389 3446 2463 sqq.],
3482 2386 3592 2446 fol.
3644 2385 4044 2460 142,1-168,2

810 2480 932 2538 vita
964 2482 1021 2538 S.
1055 2484 1302 2543 Antonii
1331 2484 1568 2546 abbatis
1602 2490 1822 2562 [Rosw.
1882 2506 1946 2567 p.
1977 2488 2049 2547 35
2073 2492 2259 2567 sqq.],
2294 2488 2402 2549 fol.
2442 2488 2832 2562 1682-1782
2860 2490 2980 2550 vita
3007 2490 3068 2548 S.
3099 2489 3432 2549 Hilarionis
3458 2489 3747 2550 monachi
3806 2492 4037 2564 [Rosw.

813 2600 879 2659 p.
915 2583 988 2642 75
1021 2589 1209 2663 sqq.],
1258 2586 1367 2646 fol.
1409 2588 1793 2663 178,2-183,1
1830 2592 1950 2651 vita
1984 2593 2043 2650 S.
2081 2592 2348 2652 Simonis
2379 2593 2627 2670 Stylitae
2677 2596 2898 2667 [Rosw.
2950 2611 3013 2670 p.
3082 2591 3187 2652 170
3240 2597 3428 2672 sqq.],
3481 2593 3590 2654 fol.
3638 2593 4044 2666 183,1-1852

815 2689 940 2775 vita
990 2690 1049 2748 S.
1103 2690 1324 2751 Malchi
1373 2694 1594 2771 captivi
1641 2694 1928 2755 monachi
1985 2697 2205 2770 [Rosw.
2280 2716 2342 2775 p.
2399 2696 2520 2772 93],
2558 2697 2665 2756 fol.
2724 2695 3116 2770 1852-1882
3154 2697 3270 2756 vita
3322 2698 3382 2756 S.
3435 2696 3752 2756 Frontonii
3801 2695 4044 2756 abbatis

818 2773 1039 2848 lRosw.
1127 2810 1188 2869 p.
1245 2793 1354 2852 238
1415 2799 1603 2873 sqq.],
1655 2795 1763 2856 fol.
1804 2795 2185 2869 1882490,]
2240 2773 2357 2857 vita
2405 2801 2464 2857 8.

2405 2801 2464 2857 8.
2507 2799 2771 2858 Mai-inae
2819 2798 3068 2873 virginis
3139 2800 3358 2872 [Rosw.
3439 2815 3502 2876 p.
3554 2796 3665 2856 393
3715 2799 3861 2874 sq.],
3928 2794 4042 2855 fol.

823 2890 1205 2964 190,1-194,l
1243 2895 1302 2952 S.
1337 2895 1645 2956 Athanasii
1679 2914 1882 2956 sermo
1924 2897 2001 2956 ad
2030 2897 2370 2959 monachos
2403 2915 2415 2956 :
2454 2922 2480 2951 «
2516 2899 2587 2955 Et
2615 2896 2665 2955 si
2695 2895 2839 2972 quid
2877 2895 3266 2971 gloriari—et
3295 2897 3456 2958 Deus
3487 2896 3658 2975 pacis
3686 2897 3800 2955 erit
3827 2895 4044 2954 vobis-

815 3009 962 3053 cum
1003 3018 1056 3068 υ,
1093 2994 1198 3071 qui
1229 3002 1423 3055 exstat
1453 2996 1515 3055 in
1547 2999 1607 3056 S.
1640 2998 1952 3058 Athanasii
1979 3000 2137 3078 Opp.
2168 3000 2266 3060 ed.
2300 2999 2530 3060 Bened.
2563 2999 2790 3059 Patavii
2825 2998 2964 3060 1777
2999 3000 3068 3058 Τ.
3110 2999 3167 3057 II
3241 3017 3303 3076 p.
3341 2997 3475 3071 642,
3508 2999 3617 3059 fol.
3658 2996 4040 3070 194,1-198,1

816 3093 938 3151 vita
967 3095 1026 3152 S.
1061 3095 1338 3170 Pelagiae
1380 3097 1718 3158 meretricis
1763 3101 1984 3172 [Rosw.
2054 3118 2117 3177 p.
2159 3099 2269 3159 376
2307 3103 2498 3178 sqq.],
2533 3100 2642 3161 fol.
2684 3097 3068 3172 198,1-210,1
3115 3099 3233 3158 vita
3262 3100 3365 3158 SS.
3398 3098 3658 3177 Epicteti
3693 3096 4049 3175 presbyteri

817 3198 881 3253 et
907 3193 1174 3254 Aetionis
1208 3197 1498 3257 monachi
1529 3199 1752 3272 [Rosw.
1814 3220 1876 3279 p.
1912 3199 2017 3260 211
2053 3205 2241 3279 sqq.],
2286 3200 2395 3261 fol.
2443 3200 2841 3274 210,1-2182
2881 3202 3003 3261 vita
3041 3201 3102 3259 S.
3142 3200 3419 3261 Abrahae
3458 3202 3750 3261 eremitae
3815 3201 4047 3273 tBosw.

817 3311 883 3372 p.
924 3291 1032 3351 144
1079 3298 1243 3371 sqq]
1275 3303 1336 3356 et
1365 3297 1482 3357 vita
1527 3299 1588 3356 S.
1620 3299 1846 3360 Mariae
1894 3301 2235 3362 meretricis
2264 3301 2470 3380 neptis
2512 3301 2790 3362 Abrahae
2838 3301 3130 3362 eremitae
3180 3301 3400 3374 [Rosw.
3463 3319 3527 3378 p.
3562 3300 3671 3360 368
3709 3302 3900 3377 sqq.],
3931 3296 4045 3358 fol.

819 3390 1218 3468 2182-2222
1251 3398 1369 3458 vita
1399 3399 1460 3457 S.
1492 3398 1938 3478 Euphrosynae
1969 3402 2216 3479 virginis
2253 3403 2476 3477 [Rosw.
2538 3422 2602 3481 p.
2629 3402 2742 3462 363
2788 3403 2979 3480 sqq.],
3011 3400 3118 3462 fol.
3152 3400 3542 3473 222,2-231,1
3576 3402 3695 3461 vita
3723 3402 3785 3459 S.
3819 3398 4048 3458 Mariae

821 3492 1233 3570 Aegyptiacae
1283 3497 1507 3570 [Rosw.
1592 3518 1656 3577 p.
1708 3500 1818 3576 3w
1868 3506 2058 3579 sqq.],
2113 3503 2222 3563 fol.
2279 3501 2672 3576 231,1-242,1
2733 3502 2989 3564 Palladii
3052 3503 3319 3563 Historia
3363 3503 3656 3562 Lausiaca
3709 3518 3914 3578 usque
3968 3501 4044 3560 ad

820 3589 1052 3650 verba:
1087 3615 1113 3646 (ι
1150 3590 1227 3652 de
1266 3595 1556 3670 periculis
1603 3597 1865 3659 liberare
1910 3606 1971 3659 et
2017 3617 2468 3676 cognoscamus
2517 3619 2725 3662 earum
2775 3603 2942 3680 apud
2987 3604 3309 3665 dominum
3355 3601 3695 3681 potentiam
3739 3625 3766 3654 »
3805 3603 4043 3675 [Rosea

820 3708 883 3769 p.
925 3690 1303 3767 964-9992].
1340 3695 1602 3774 Explicit
1627 3697 1828 3759 codex
1858 3719 1877 3756 :
1909 3700 1980 3758 Et
2009 3699 2097 3760 sic
2131 3706 2223 3760 est
2264 3700 2400 3760 ﬁnis
2431 3700 2616 3760 huius
2650 3701 2958 3779 opusculi.

1800 3863 1980 3936 l’enna
2010 3864 2112 3917 fuit
2139 3865 2265 3918 vilis
2296 3874 2352 3918 et
2383 3865 2559 3934 palma
2587 3863 2733 3935 [fuit]
2764 3865 3016 3936 puerilis;

1795 3932 2002 3986 Dentur
2032 3949 2132 4003 pro
2168 3950 2344 4002 penna
2373 3932 2626 4004 scriptori
2652 3932 2853 3989 caelica
2886 3950 3067 4003 regna.

897 4101 1233 4179 Epistolam
1281 4102 1617 4164 secundam
1670 4120 1953 4179 graecam
2000 4124 2033 4167 e
2084 4108 2223 4169 cod.
2273 4127 2387 4169 ms.
2434 4126 2525 4186 gr.
2572 4110 2644 4168 N°
2681 4107 2748 4168 16
2803 4108 2960 4168 Bibl.
3010 4110 3165 4185 Reg.
3210 4108 3627 4168 Berolinensis
3663 4107 4047 4186 bombycino

821 4205 1091 4281 Optimae
1141 4214 1327 4266 notae
1374 4205 1434 4264 in
1472 4206 1608 4275 fol.,
1639 4207 1743 4277 ubi
1773 4206 2107 4268 duodecim
2134 4209 2364 4271 ultimis
2394 4210 2502 4270 foli

2361 4250 2364 4264 ι
2394 4210 2558 4270 foliis
2587 4215 2782 4270 exstat
2812 4209 2927 4268 sub
2958 4209 3136 4269 titulo
3172 4225 3185 4266 Σ
3235 4223 3329 4268 τοῦ
3366 4217 3530 4268 αὐτοῦ
3565 4216 3720 4284 ἁγίου
3769 4217 4046 4287 Μεκαρίου

822 4310 1067 4366 ἐπιστολὴ
1102 4312 1302 4383 μεγάλη
1327 4315 1413 4363 καὶ
1444 4312 1579 4366 πάνυ
1602 4315 1886 4384 ὠφέλιμος,
1927 4309 2251 4388 descripsi.
2291 4317 2507 4372 Antece

2348 4311 2682 4372 ntecedunt
2712 4309 2859 4369 inde
2899 4309 2976 4369 ab
3018 4309 3194 4368 initio
3225 4309 3459 4370 codicis
3512 4321 3615 4367 Τοῦ
3646 4313 3797 4366 ὁσίου
3815 4315 4023 4385 πατρὸς

819 4409 965 4478 ἡμῶν
992 4414 1264 4482 Μακαρίαν
1292 4419 1387 4465 τοῦ
1412 4415 1697 4483 αἰγυπτὶου
1721 4414 1917 4486 ὁμιλίαι
1943 4419 2463 4488 πνευματικαὶ,πὰνυ
2486 4416 2677 4475 πολλῆς
2705 4416 2956 4487 ὠφελείας
2984 4415 3405 4488 πεπληρωμέναι.
3445 4417 3564 4488 περὶ
3587 4421 3681 4473 τῆς
3711 4413 4047 4482 ὀφειλομένης

821 4514 907 4563 καὶ
935 4508 1369 4584 σπουδαζομένας
1389 4520 1722 4584 χριστιανοῖς
1754 4514 2111 4576 τελειότητοςς
2145 4507 2312 4568 unde
2342 4507 2506 4585 epist

2361 4507 2662 4585 apistolam
2691 4506 2850 4567 hanc
2895 4506 3171 4565 eiusdem
3210 4524 3346 4566 esse
3373 4509 3616 4569 Macarii
3650 4509 4046 4569 manifestum

821 4611 934 4664 est.
986 4606 1070 4664 De
1115 4598 1235 4666 hoc
1279 4606 1493 4665 codice
1549 4605 1722 4683 plura
1773 4607 2053 4668 invenies
2100 4607 2260 4666 infra
2311 4615 2555 4668 nostrae
2591 4605 2850 4665 editioni
2900 4606 2960 4663 S.
3010 4606 3255 4666 Macarii
3299 4608 3589 4686 Aegyptii
3636 4607 4045 4669 Homiliarum

819 4705 1176 4780 praemissa.
1210 4705 1576 4764 Versionem
1613 4706 1909 4785 epistolae
1942 4707 2194 4766 latinam
2226 4713 2498 4766 nostram
2532 4704 2903 4765 addidimus.

896 4803 984 4862 Ad
1028 4805 1266 4864 tertiam
1299 4805 1623 4882 epistolam
1656 4806 1824 4883 quod
1853 4807 2089 4876 attinet,
2123 4804 2534 4864 bibliothecae
2569 4804 2997 4879 Burgundicae
3037 4803 3452 4865 Bruxellensis
3486 4805 3766 4866 codicem
3794 4805 4044 4866 charta-

817 4920 1021 4975 ceum,
1055 4922 1214 4964 saec.
1246 4906 1373 4977 XV,
1407 4905 1470 4964 in
1507 4905 1642 4978 fol.,
1679 4908 1753 4965 N"
1794 4905 2001 4977 15010,
2033 4905 2140 4965 ubi
2171 4911 2367 4964 exstat
2395 4903 2502 4963 fol.
2537 4903 2631 4975 67,
2666 4903 2723 4976 2,
2759 4904 2910 4980 quin
2944 4922 3085 4964 cum
3118 4912 3288 4965 textu
3334 4906 3637 4966 Holstenii
3671 4905 3816 4965 Cod.
3878 4907 4034 4980 Reg.

816 5009 885 5065 T.
919 5009 942 5065 Ι
1002 5027 1060 5085 p.
1095 5005 1162 5067 21
1203 5007 1507 5067 Bruxellis
1544 5024 1795 5066 versans
1828 5006 2200 5077 conferrem,
2233 5004 2568 5083 impeditus
2611 5021 2770 5063 sum.
2801 5004 3068 5064 Titulum
3100 5004 3301 5064 solum
3332 5012 3391 5066 et
3435 5005 3772 5066 clausulam
3802 5023 3878 5065 ex
3922 5002 4045 5064 hoc

820 5104 1035 5163 codice
1071 5103 1368 5182 des«..-ipsi
1407 5112 1466 5164 et
1495 5121 1607 5164 suo
1644 5103 1782 5165 loco
1815 5103 2046 5182 recepi.
2081 5105 2361 5163 Ceterum
2391 5101 2637 5164 Macarii
2663 5101 3058 5162 Alexandrini
3090 5120 3224 5164 esse
3257 5102 3582 5180 epistolam
3612 5103 3774 5164 haud
3807 5111 4046 5163 temere

820 5207 1122 5283 suspicari
1157 5206 1307 5266 mihi
1341 5207 1571 5267 videor.

900 5307 1160 5375 Quartae
1208 5304 1478 5382 denique
1523 5305 1822 5384 epistolae
1870 5323 1905 5367 a
1950 5304 2162 5366 nescio
2193 5320 2317 5381 quo
2364 5303 2824 5364 consarcinatae
2879 5304 3127 5364 codices
3172 5304 3320 5376 duo,
3360 5321 3518 5382 quos
3585 5303 3844 5374 contuli,
3898 5314 4042 5365 sunt

831 5401 1319 5463 Vindobonensis
1351 5403 1761 5466 bibliothecae
1801 5406 2136 5464 Caesareae
2168 5404 2342 5477 4800,
2383 5405 2527 5465 olim
2566 5404 2704 5465 cod.
2739 5402 2930 5463 theol.
2985 5401 3118 5474 361,
3168 5403 3610 5474 membranae,
3666 5420 3830 5463 saec.
3881 5397 4037 5475 XIV,

821 5504 928 5564 ubi
959 5512 1154 5566 exstat
1198 5505 1308 5566 fol.
1381 5504 1509 5578 146,
1549 5504 1608 5577 2,
1651 5511 1711 5564 et
1739 5503 2157 5563 Bruxeliensis
2191 5501 2600 5563 bibliothecae
2647 5501 3076 5578 Burgundicae
3105 5500 3465 5562 chartaceus
3495 5518 3658 5562 saec.
3693 5501 3794 5561 XV
3827 5501 3892 5560 in
3924 5501 4035 5562 fol.

825 5604 897 5664 Ν·
957 5603 1176 5680 15011,
1233 5605 1342 5667 ubi
1396 5605 1618 5682 legitur
1670 5603 1778 5664 fol.
1834 5602 1992 5675 68,1.
2048 5601 2333 5663 Codiccm
2382 5601 2656 5680 priorem
2703 5600 3028 5679 descripsit
3073 5600 3260 5663 Denis
3309 5599 3496 5661 Catal.
3540 5600 3676 5662 Vol.
3727 5601 3783 5660 II
3833 5600 3904 5661 Τ.
3977 5602 4039 5683 Ι,
