4266 6356
242 337 354 395 sos
1647 328 2045 399 EPISTOLAE.
3359 345 3464 402 l06

324 456 661 537 Reliquum
691 463 787 520 est
819 464 888 519 ut
925 472 1216 519 moneam
1270 459 1332 520 S.
1372 458 1624 521 Macarii
1650 458 1939 539 Aegyptii
1972 458 2370 539 epistolarum
2408 460 2592 522 etiam
2639 461 2794 523 alios
2830 460 3077 524 codices
3120 477 3272 525 mss.
3310 479 3471 525 non-

242 560 397 621 dum
430 561 693 623 collatos
738 562 807 623 in
838 562 1235 626 bibliothecis
1264 562 1651 625 delitescere.
1680 563 1784 625 Sic
1820 568 1979 626 teste
2021 562 2318 641 Catalogo
2363 564 2543 624 codd.
2587 563 2850 642 Angliae
2874 564 3013 626 Vol.
3043 566 3072 625 Ι
3098 572 3160 628 et
3186 566 3241 624 H
3271 570 3469 627 exstat

238 660 309 719 in
344 659 532 721 codd.
563 660 819 738 Digbaei
863 662 938 723 N'
992 660 1143 722 1631s
1190 668 1253 724 et
1280 661 1343 723 in
1382 661 1566 724 codd.
1616 661 1853 728 Bodlei.
1902 664 1976 724 N°
2014 660 2271 737 2211,22
2303 678 2375 724 ac
2419 664 2494 724 N°
2539 660 2754 737 2572,8
2781 663 3054 724 Macarii
3082 660 3340 740 epistola
3384 662 3469 723 ad

238 756 431 832 ﬁlios,
464 758 532 818 in
574 759 759 820 codd.
806 758 1045 821 Bodlei.
1095 761 1169 821 N°
1219 758 1475 836 2229,13
1510 767 1572 823 et
1596 763 2017 841 Cantabrigiae
2061 764 2127 823 in
2175 763 2314 824 cod.
2357 762 2581 823 domus
2614 764 2676 821 S.
2723 762 2887 823 Petri
2917 762 2991 823 N"
3035 760 3286 835 1776,15
3318 761 3467 821 Ma-

238 857 406 917 carii
445 858 705 936 epistola
731 860 816 921 ad
840 860 1190 932 monachos,
1232 861 1298 923 in
1337 861 1523 924 codd.
1554 861 1708 925 eccl.
1737 864 2011 926 cathedr.
2042 862 2516 925 Sarisburiensis
2562 863 2635 923 N°
2672 860 2819 921 1042
2845 860 3118 923 Macarii
3146 858 3464 937 epistolae.

236 954 425 1017 Teste
470 956 936 1021 Montfauconio
982 965 1179 1020 exstat
1204 958 1536 1021 Mediolani
1580 959 1647 1021 in
1686 961 1871 1023 codd.
1908 960 2144 1039 graecis
2171 959 2328 1021 Bibl.
2369 960 2809 1021 Ambrosianae
2844 959 3117 1019 Macarii
3146 957 3466 1017 cuiusdam

237 1058 532 1117 monachi
558 1060 817 1137 epistola
844 1061 927 1121 ad
952 1062 1303 1123 Macarium
1337 1061 1514 1140 (Bibl.
1545 1062 1904 1127 bibliothec.
1934 1082 2080 1126 mss.
2111 1065 2181 1124 T.
2238 1065 2265 1124 Ι
2294 1082 2358 1143 p.
2392 1060 2551 1140 501),
2596 1062 2944 1123 Florentiae
2982 1062 3050 1122 in
3086 1058 3466 1122 bibliotheca

238 1154 802 1223 Camaldulensium
833 1164 901 1223 B.
931 1163 1157 1225 Mariae
1204 1164 1281 1227 de
1324 1165 1571 1244 Angelis
1600 1168 1667 1227 S.
1702 1168 1973 1229 Macarii
2001 1166 2245 1228 abbatis
2288 1168 2579 1245 Aegyptii
2628 1165 2919 1244 epistolae
2964 1163 3137 1245 (ibid.
3210 1181 3276 1242 p.
3319 1160 3457 1222 413.

239 1257 409 1336 430),
440 1260 506 1321 in
528 1263 711 1326 codd.
743 1268 1103 1329 monasterii
1130 1269 1192 1330 S.
1226 1268 1510 1332 Audoeni
1538 1270 2082 1349 Rothomagensis,
2112 1289 2279 1334 nunc
2308 1270 2465 1332 Bibl.
2501 1270 2675 1349 pub].
2708 1268 3226 1346 Rotbomagensis
3250 1267 3326 1327 N'
3350 1262 3463 1324 508

238 1361 688 1439 membranac.,
721 1367 979 1446 epistola
1007 1370 1280 1431 Macarii
1314 1371 1461 1432 data
1496 1372 1580 1433 ad
1606 1374 1936 1433 monachos
1972 1371 2145 1451 (ibid.
2179 1374 2248 1433 T.
2282 1373 2337 1432 II
2384 1390 2447 1451 p.
2488 1368 2659 1444 1238;
2692 1368 2927 1431 Haenel
2964 1366 3231 1444 Catalogi
3266 1352 3496 1427 libro-‘

240 1478 381 1522 rum
428 1480 575 1525 mss.
608 1540 611 1542 η
648 1485 714 1546 p.
766 1467 929 1547 423).
968 1470 1220 1531 Taurini
1263 1470 1327 1530 in
1369 1472 1511 1533 cod.
1547 1471 1622 1531 80
1668 1480 1761 1535 est
1801 1472 2063 1552 epistola
2101 1474 2170 1534 S.
2217 1470 2531 1533 Macharii
2565 1472 2648 1532 ad
2688 1468 3016 1530 monachos
3068 1466 3134 1527 in
3174 1464 3464 1543 gallicum

233 1576 598 1623 sermonem
637 1581 959 1641 conversa,
992 1566 1168 1629 cuius
1195 1567 1440 1630 initium
1476 1586 1491 1629 :
1525 1592 1553 1626 α
1586 1570 1648 1631 Si
1675 1586 1805 1647 ung
1832 1569 2085 1632 homme
2123 1570 2406 1647 cognoist
2440 1570 2587 1631 bien
2625 1587 2747 1649 que
2779 1569 2821 1629 il
2853 1573 2945 1629 est
2986 1574 3046 1628 et
3073 1582 3196 1644 que
3226 1572 3319 1625 est
3346 1580 3464 1624 son

236 1665 533 1727 Createur
566 1673 628 1727 et
662 1665 704 1726 il
734 1683 801 1728 se
828 1668 995 1729 veult
1019 1671 1297 1747 repentir
1328 1670 1406 1731 de
1434 1686 1533 1731 ses
1560 1671 1791 1751 peches
1825 1679 1943 1734 cet.
1985 1674 2150 1752 (Mss.
2188 1674 2371 1735 codd.
2410 1671 2566 1734 Bibl.
2613 1675 2763 1748 Reg.
2804 1670 3199 1731 Taurinensis
3243 1665 3461 1729 Tauri—

236 1784 361 1829 nae
398 1766 547 1828 1749
574 1769 643 1828 Τ.
674 1770 729 1829 II
760 1786 824 1849 p.
865 1767 1027 1849 1‘82).
1056 1769 1308 1832 Parisiis
1333 1771 1397 1831 in
1427 1771 1585 1831 Bibl.
1629 1771 1804 1836 nubl.
1850 1774 1993 1835 cod.
2050 1771 2162 1833 916
2194 1779 2388 1834 exstat
2424 1770 2683 1852 epistola
2715 1772 2783 1831 S.
2810 1769 3083 1832 Macarii
3110 1767 3352 1828 abbatis
3380 1766 3464 1827 ad

236 1869 501 1929 Esaiam
547 1868 861 1937 abbatem;
897 1870 1042 1932 item
1096 1872 1161 1933 in
1197 1871 1338 1934 cod.
1384 1870 1496 1933 975
1543 1875 1609 1935 S.
1648 1874 1919 1934 Macarii
1959 1872 2239 1953 epistola.

317 1971 514 2031 Porro
552 1970 959 2032 Assemannio
990 1979 1243 2034 auctore
1272 1971 1516 2034 arabice
1546 1979 1793 2033 exstant
1822 1974 1889 2033 in
1922 1974 2139 2035 codice
2168 1990 2225 2034 a.
2255 1972 2394 2033 Chr.
2432 1970 2578 2033 1055
2608 1971 2838 2052 scripto
2867 1972 2934 2031 S.
2975 1970 3248 2032 Macarii
3277 1967 3465 2028 abbap

237 2076 321 2134 tis
376 2075 671 2152 epistolae
702 2084 758 2136 et
786 2095 1095 2137 sermones
1124 2076 1207 2138 ad
1233 2076 1563 2137 monachos
1592 2078 1827 2150 XXVI,
1861 2085 1922 2138 et
1963 2078 2027 2138 in
2059 2077 2182 2139 alio
2230 2077 2447 2140 codice
2489 2077 2739 2141 arabico
2784 2077 3016 2156 scripto
3065 2094 3123 2137 a.
3168 2074 3308 2135 Chr.
3349 2072 3464 2133 885

233 2180 302 2240 S.
336 2178 613 2240 Macarii
642 2199 840 2247 sermo
869 2182 943 2243 de
962 2182 1485 2261 Orationeatque
1522 2180 1782 2260 cpistola
1802 2182 1883 2242 ad
1904 2181 2235 2243 monachos
2259 2183 2437 2262 (Bibl.
2469 2183 2704 2245 Orient.
2730 2183 2806 2242 T.
2838 2183 2895 2242 II
2928 2200 2991 2260 p.
3026 2178 3183 2253 511).
3212 2179 3463 2258 Syriace

234 2286 450 2341 autem
500 2280 563 2342 in
620 2283 763 2345 cod.
810 2284 1106 2347 Nitriensi
1140 2284 1210 2347 18
1262 2272 1512 2349 exarat'o
1554 2305 1612 2348 a.
1664 2286 1772 2348 Ch.
1816 2286 1930 2349 769
1967 2287 2258 2366 leguntur
2292 2287 2565 2348 Macarii
2606 2284 2827 2364 Magni
2854 2282 3145 2363 Aegyptii
3174 2280 3466 2360 discipuli

234 2385 306 2445 S.
358 2386 622 2446 Antonii
659 2406 968 2449 sermones
1015 2390 1124 2450 III
1172 2398 1230 2450 et
1283 2391 1575 2469 epistolae
1617 2393 1796 2466 VIII,
1846 2398 1907 2453 et
1954 2392 2225 2453 Macarii
2273 2390 3032 2451 Alexandrini‘sermones
3079 2385 3191 2446 III
3229 2394 3287 2444 et
3329 2383 3462 2461 epi-

234 2483 434 2543 stolae
480 2486 600 2546 VII
630 2486 804 2566 (ibid.
840 2491 911 2549 Τ.
943 2491 971 2549 Ι
1014 2508 1076 2569 p.
1127 2489 1285 2569 567).
1335 2494 1489 2552 Item
1531 2493 1598 2553 in
1637 2492 1778 2554 cod.
1823 2493 2122 2554 Berocnsi
2168 2491 2401 2571 scripto
2452 2509 2509 2551 a.
2563 2488 2713 2551 1578
2761 2487 3162 2550 inVeniuntur
3191 2484 3466 2545 Macarii

234 2590 535 2665 Aegyptii
579 2610 885 2653 sermones
914 2596 1026 2655 III
1068 2605 1125 2655 et
1167 2595 1458 2674 epistolae
1496 2598 1655 2658 VIII
1679 2603 1739 2658 et
1759 2597 2031 2658 Macarii
2062 2595 2479 2655 Alexandrini
2506 2610 2815 2653 sermones
2843 2591 2917 2651 11
2946 2601 3003 2650 et
3044 2585 3334 2667 epistolae
3361 2586 3461 2674 IX

240 2688 420 2750 (ibid.
456 2709 518 2769 p.
559 2690 728 2773 586);
760 2694 909 2755 item
940 2695 1003 2755 in
1036 2695 1253 2757 codice
1284 2697 1525 2774 syriaco
1556 2696 1613 2770 6,
1644 2703 1895 2757 exarato
1925 2714 1981 2757 a.
2016 2694 2188 2767 1223,
2221 2696 2287 2755 S.
2318 2693 2591 2753 Macarii
2617 2691 2909 2770 Aegyptii
2934 2705 3241 2749 sermones
3259 2685 3371 2747 III
3403 2692 3465 2746 et

241 2794 541 2869 epistolae
566 2798 646 2869 X,
682 2803 742 2858 et
769 2799 1042 2861 Macarii
1095 2799 1514 2861 Alexandrini
1565 2819 1870 2861 sermones
1920 2801 1971 2862 γ
2009 2806 2071 2861 et
2140 2797 2399 2877 epistola
2452 2796 2535 2857 ad
2573 2792 3104 2856 sanctimonialem
3153 2790 3465 2871 quandam

242 2893 422 2967 (ibid.
482 2914 543 2973 p.
588 2895 748 2971 610).

321 2993 383 3050 S.
418 2993 662 3054 Macarii
690 2995 911 3056 Preces
937 3013 970 3057 e
1001 2994 1419 3058 Bibliothecae
1443 2996 1945 3058 Vindobonensis
1969 2996 2185 3058 codice
2211 3014 2326 3057 ms.
2358 2995 2550 3056 theol.
2583 3011 2784 3072 graec.
2816 2992 2953 3065 231,
2983 2991 3129 3053 olim
3157 2990 3255 3063 76,
3278 2989 3464 3052 char-

241 3102 445 3166 taceo,
487 3096 769 3174 antiquo,
822 3096 887 3157 in
934 3096 1013 3170 4°,
1063 3098 1462 3176 proferimus,
1500 3099 1610 3161 ubi
1656 3098 1768 3161 fol.
1811 3099 1910 3173 61,
1966 3101 1990 3161 1
2061 3117 2200 3179 sqq.
2257 3100 2568 3177 leguntur,
2631 3096 3038 3175 sequentibus
3090 3095 3344 3157 canticis
3385 3097 3468 3158 ad

239 3197 304 3254 S.
359 3196 688 3256 Antonium
730 3203 792 3257 et
839 3198 901 3256 S.
934 3197 1281 3259 Onufrium.
1327 3200 1525 3270 Quare
1568 3199 1814 3261 Macarii
1857 3200 2137 3279 Aegyptii
2185 3199 2321 3259 illas
2369 3216 2506 3260 esse
2536 3196 2866 3259 verisimile
2901 3196 3082 3257 nobis
3112 3195 3309 3257 visum
3346 3201 3463 3255 est.

238 3296 532 3359 Codicem
557 3300 922 3361 Lambecius
949 3302 1360 3363 Commentar.
1392 3305 1464 3364 Τ.
1501 3303 1587 3363 ΙΠ
1617 3302 1717 3365 ed.
1748 3302 1942 3365 altera
1981 3321 2047 3382 p.
2081 3301 2193 3363 372
2223 3320 2390 3381 sqq.,
2439 3302 2518 3364 de
2556 3302 2769 3363 Nessel
2827 3299 3011 3362 Catal.
3067 3301 3138 3359 T.
3172 3299 3200 3359 Ι
3252 3316 3316 3377 p.
3350 3295 3459 3358 327

237 3410 383 3473 sqq.
418 3395 903 3475 descripserunt.

1822 3698 1903 3784 l.

658 3859 1241 3952 EPISTOLA
1337 3862 1745 3951 SANGTI
1830 3861 2325 3953 MACABII
2430 3864 3045 3957 AEGYPTII.

298 4126 415 4174 rm.
457 4136 548 4170 ms.
574 4121 684 4183 vat.
711 4121 833 4170 Bibl.
862 4122 1134 4183 Chrislinae
1158 4122 1248 4170 588
1270 4122 1604 4174 membranae.
1624 4123 1763 4173 Saec.
1791 4138 1873 4173 xm
1895 4124 1961 4172 fol

1791 4124 3458 4183 ιιιιῐοι....ν.............Α

303 4186 423 4233 (iud.
452 4198 541 4230 ms.
572 4181 695 4245 olim,
718 4184 845 4245 Bibl.
870 4182 921 4230 S.
951 4183 1195 4245 Maximini
1220 4183 1559 4243 Treverensis,
1584 4198 1711 4234 nunc
1736 4186 2135 4234 Bollandistarum
2157 4182 2423 4241 Bruxellis,
2449 4182 2775 4245 membranae.
2805 4184 2944 4233 Saec.
2974 4199 3035 4233 xv
3058 4187 3140 4236 fol.
3209 4224 3221 4236 .
3291 4226 3302 4236 .
3372 4228 3383 4240 .
3415 4181 3462 4241 ’Β

300 4248 415 4299 Cod.
445 4259 536 4293 ms.
572 4243 1091 4301 Conﬂuentinusﬁibl.
1120 4245 1689 4304 Gymnasii25chartac.
1715 4246 1855 4296 Saec.
1882 4260 1942 4295 xv
1970 4245 2051 4294 fol.
2128 4281 2141 4293 .
2208 4282 2219 4293 .
2291 4278 2304 4291 .
2372 4281 2384 4291 .
2453 4280 2466 4293 .
2534 4281 2546 4292 .
2614 4243 2655 4293 .“
2697 4283 2709 4293 .
2776 4280 2790 4294 .
2860 4282 2872 4293 .
2941 4282 2954 4294 .
3024 4284 3035 4295 .
3108 4287 3118 4296 .
3188 4286 3201 4299 .
3267 4287 3279 4298 .
3346 4288 3360 4301 .
3424 4252 3462 4304 C

306 4370 485 4416 Exstat
514 4369 639 4434 haec
664 4365 889 4434 epistola_
910 4366 1018 4434 cod.
1048 4366 1103 4434 ᾼΑ
1122 4366 1208 4434 fol.
1234 4366 1458 4427 112-114,
1483 4367 1589 4416 cod.
1616 4368 1657 4418 B
1676 4334 1989 4428 fere-medio,

1775 4334 1989 4428 Subdiu,
2008 4374 2062 4416 et
2081 4366 2188 4415 cod.
2210 4365 2247 4417 C
2266 4364 2351 4415 fol.
2378 4365 2485 4426 125,
2509 4366 2671 4417 2-127.
2718 4368 2791 4419 De
2814 4368 3061 4419 codicibus
3084 4375 3135 4419 et
3158 4364 3229 4420 de
3252 4370 3460 4434 epistola

238 4432 641 4492 praemonuimus
661 4441 806 4489 supra
818 4426 909 4475 col.
933 4426 1156 4477 401404.

1794 4515 1914 4527 ..-

332 4596 523 4664 Incipit
552 4593 769 4663 epistola
798 4596 965 4648 sancti
986 4593 1242 4648 Macharii
1266 4596 1335 4647 ad
1361 4594 1499 4663 ﬁlios
1527 4596 1623 4650 Dei
1652 4594 1713 4667 ¹).
1825 4602 1880 4662 Α
1902 4604 1986 4651 tas
2018 4596 2120 4649 sibi
2165 4594 2393 4649 iniurias
2441 4594 2686 4657 suﬂ‘crat,
2722 4603 2778 4648 et
2800 4600 2803 4603 λ
2823 4604 2885 4649 ιιι
2919 4595 3047 4650 odio
3078 4597 3275 4653 habeat
3298 4614 3461 4655 omne

311 4687 369 4741 In
392 4688 583 4755 primis
602 4686 821 4754 quidem
840 4686 883 4740 si
898 4687 937 4755 ')
957 4687 1250 4755 coeperit’)
1273 4688 1433 4740 homo
1456 4688 1806 4757 semetipsum
1902 4688 2245 4758 refrigerium
2276 4685 2575 4756 corporale,
2599 4696 2655 4741 et
2680 4696 2741 4740 ut
2772 4687 2959 4757 diligat
2988 4690 3260 4757 planctum
3289 4692 3461 4760 magis

239 4794 559 4849 agnoscere,
590 4793 687 4831 cur
706 4788 922 4832 creatus
954 4778 1046 4841 sit,
1071 4786 1126 4831 et
1150 4777 1408 4831 iactarem
1434 4794 1592 4832 suum
1620 4780 1804 4844 deum,
1900 4796 2064 4849 quam
2104 4779 2293 4833 risum.
2332 4779 2460 4833 Post
2501 4778 2602 4832 bec
2642 4778 2846 4832 tribuet
2885 4780 2959 4831 illi
2994 4780 3327 4834 desiderium
3365 4781 3459 4836 lle-

240 4880 374 4923 tunc
412 4868 636 4939 incipiet
662 4868 942 4939 poenitere
966 4868 1007 4936 ⁸)
1033 4883 1196 4936 super
1237 4868 1363 4929 biis,
1402 4885 1507 4937 que
1535 4870 1806 4923 commisit
1901 4880 2053 4923 tuum
2074 4869 2453 4937 planctumque
2471 4875 2528 4921 et
2550 4868 2997 4923 bumilitatemet
3017 4870 3458 4925 bumiliacionem

242 4960 307 5013 in
326 4957 370 5027 ε)
402 4967 644 5028 tempore
674 4959 1007 5029 negligencic
1034 4974 1149 5012 sue.
1174 4958 1261 5012 Sic
1293 4959 1511 5012 demum
1541 4959 1807 5029 benignus
1901 4958 2101 5020 cordis,
2135 4965 2271 5011 etut
2300 4957 2508 5009 trabem
2533 4958 2678 5012 oculi
2713 4959 2795 5010 sui
2830 4958 3159 5023 consideret,
3185 4976 3294 5013 non
3323 4960 3461 5014 alte-

239 5050 377 5104 deus
417 5050 512 5105 dat
550 5051 631 5105 illi
676 5050 961 5105 tristiciam
993 5065 1093 5120 pro
1126 5050 1381 5119 peccatis,
1427 5058 1484 5103 et
1529 5060 1652 5118 post
1703 5050 1807 5105 hec
1901 5050 2014 5102 rius
2042 5047 2303 5101 festucam
2331 5046 2536 5100 nitatur
2563 5063 2779 5111 eruere,
2810 5058 2863 5102 et
2898 5049 3042 5103 dicat
3068 5065 3303 5119 semper,
3326 5066 3463 5119 quo-

238 5145 446 5197 iterum
484 5159 583 5213 per
620 5159 773 5197 suam
812 5142 1203 5211 benignitatem
1245 5142 1411 5195 donat
1444 5141 1521 5195 illi
1558 5141 1806 5196 alllictio-
1898 5141 2041 5193 niam
2089 5125 2430 5207 iniquitatem
2475 5153 2649 5191 meam
2688 5154 2787 5208 ego
2823 5155 3055 5209 agnosco
3083 5149 3137 5193 ct
3176 5149 3461 5208 peccatum

237 5248 367 5287 nem
390 5235 433 5304 ⁸)
463 5234 709 5304 corporis
740 5234 794 5288 in
822 5233 1042 5289 ieiuniis
1067 5242 1124 5287 et
1142 5231 1186 5301 ⁷)
1210 5232 1428 5302 vigiliis,
1458 5239 1513 5285 et
1534 5231 1804 5285 oracionis
1898 5244 2078 5284 meum
2100 5234 2288 5281 contra
2310 5242 2394 5279 me
2421 5236 2762 5295 estsemper,
2787 5238 2842 5283 et
2867 5238 2926 5281 ut
2949 5229 3092 5283 diem
3113 5231 3291 5284 exitus
3309 5229 3397 5283 sui
3414 5228 3457 5296 ⁸)

242 5325 586 5393 instanciam,
610 5338 666 5382 et
689 5334 1061 5397 contemptum
1090 5325 1299 5389 mundi,
1326 5333 1382 5378 ct
1401 5332 1461 5378 ut
1481 5323 1660 5378 libens
1688 5323 1802 5376 illa-
1898 5320 1955 5374 in
1988 5324 2168 5372 mente
2200 5316 2417 5381 habeat,
2439 5325 2495 5372 et
2526 5317 2799 5385 quomodo
2838 5317 2893 5370 in
2923 5328 3216 5389 conspectu
3250 5319 3338 5373 dei
3369 5332 3462 5374 oo-

1526 5506 1774 5561 VARIAE
1812 5502 2211 5560 LECTIONES.

243 5624 286 5695 ⁸)
310 5623 407 5678 Dei
434 5638 543 5696 om.
566 5624 668 5680 BC.
685 5654 756 5696 -τ-
784 5623 826 5693 ¹)
844 5624 890 5696 ,Β
906 5626 1159 5695 siquidem
1179 5627 1241 5680 si.
1266 5656 1338 5667 —
1357 5627 1400 5691 ⁸)
1422 5626 1503 5680 BC
1522 5628 1804 5696 ceperit.-—-
1874 5625 1917 5694 ⁸)
1940 5624 2022 5681 BC
2053 5626 2329 5696 ApcnitcreL
2335 5628 2390 5676 et
2429 5620 2509 5696 sic
2551 5619 2755 5690 ubique
2798 5618 3076 5675 scribitur.
3115 5609 3185 5657 -4-
3206 5613 3253 5687 ⁸)
3300 5615 3355 5672 ἔτι

313 5709 428 5750 om.
460 5693 520 5749 B.
549 5725 617 5735 —
640 5695 684 5765 ⁸)
708 5695 750 5750 C
773 5691 1126 5765 aﬂliccionem,
1156 5704 1214 5753 et
1246 5698 1325 5753 sic
1350 5691 1666 5767 ubiquei—
1688 5696 1730 5765 ’)
1756 5704 1805 5751 ct
1876 5691 1987 5750 om.
2035 5694 2095 5751 C.
2123 5726 2189 5735 —-
2213 5691 2257 5763 ⁸)
2288 5692 2330 5750 C
2373 5691 2512 5747 male
2546 5706 2655 5744 sue.
