4266 6356
872 372 978 426 607

2103 393 2157 446 S.
2194 392 2478 448 MACARII
2517 395 2834 452 AEGYPTll

3994 399 4100 456 408

871 504 1134 548 cursurus
1158 505 1247 560 snt,
1280 500 1375 554 sed
1421 512 1477 557 et
1507 504 1705 560 iudicia
1750 517 1806 561 et
1842 523 2010 578 penas
2057 509 2332 565 describat
2371 514 2426 566 in
2460 523 2499 574 Α
2531 523 2672 569 ture.
2707 518 2761 570 Si
2799 528 2979 571 autem
3005 520 3070 571 ad
3103 519 3200 571 has
3239 518 3681 589 impugnacioncs
3715 534 3826 572 non
3857 518 4095 571 lassave-

872 591 1166 649 conspectu
1209 589 1406 643 mentis
1438 607 1568 656 sue,
1615 611 1717 649 nec
1766 613 1874 651 non
1918 599 2088 652 eciam
2141 602 2366 655 meritos
2386 604 2428 673 ⁹)

868 667 1104 726 honores
1144 677 1235 742 qui
1279 679 1442 732 dandi
1488 694 1613 736 sunt
1656 688 1874 740 sanctis.
1924 687 1978 740 Si
2027 689 2189 758 igitur
2225 667 2428 762 [192]

862 762 1080 826 viderit,
1110 770 1362 835 quoniam
1387 772 1486 826 hcc
1522 775 1596 828 illi
1626 779 1810 831 suavia
1835 789 1995 842 sunt,
2027 789 2255 850 temptat
2281 800 2425 846 eum,

863 851 908 902 si
931 853 1277 912 abrenuntiat
1319 863 1725 932 voluptatibus,
1749 876 1804 921 et
1846 869 2130 932 resistit”)
2168 872 2427 926 adversus

863 942 1241 1013 impugnantes
1265 953 1328 1020 “)
1353 953 1516 1009 huius
1529 960 1714 1011 mundi
1737 960 2011 1028 principes
2030 961 2214 1030 η),αυί
2235 963 2425 1016 vinxe-

864 1046 993 1088 runt
1021 1052 1144 1092 eum
1178 1043 1348 1109 prius,
1373 1047 1468 1099 sed
1487 1057 1542 1100 et
1562 1065 1813 1103 escarum
1837 1053 1984 1105 varie
2005 1052 2422 1117 delectaciones,

862 1141 969 1191 que
1018 1131 1250 1185 emolliri
1284 1134 1488 1189 faciunt
1511 1154 1624 1201 cor,
1659 1149 1717 1193 ut
1740 1141 1803 1210 ¹³)
1840 1158 2030 1195 rursus
2053 1142 2114 1211 "‘)
2141 1158 2426 1211 propemo-

861 1216 990 1270 dum
1018 1219 1079 1290 ³⁵)
1113 1223 1251 1276 vinci
1284 1236 1446 1294 queat
1473 1245 1503 1282 e
1524 1231 1587 1299 ’⁸)
1620 1232 1938 1287 lassitudine
1959 1236 2204 1302 corporis
2230 1247 2283 1291 et
2302 1238 2421 1291 lon-

859 1307 1196 1377 ginquitate,
1259 1315 1566 1374 dicentibus
1624 1321 1705 1375 illi
1763 1326 2191 1392 cogitaeionibus
2260 1331 2418 1384 suis:

861 1408 1063 1464 quanto
1095 1407 1352 1473 temporis
1397 1411 1579 1476 spacio
1615 1412 1758 1466 hunc
1786 1415 2028 1468 laborem
2070 1420 2297 1473 sufferre
2323 1437 2420 1489 po-

863 1489 1012 1550 teris,
1045 1501 1099 1544 et
1131 1496 1255 1561 quia
1297 1498 1452 1551 ardui
1503 1501 1705 1556 laboris
1743 1505 1833 1566 sit,
1873 1516 1932 1559 ut
1979 1520 2255 1563 mereatur
2299 1514 2422 1580 quis

859 1578 1278 1638 inhabitatorem
1303 1589 1500 1644 habere
1527 1592 1708 1657 deum,
1733 1598 2017 1663 presertim
2046 1602 2228 1668 tu,qui
2253 1603 2420 1656 multa

856 1675 1114 1736 peccasti,
1143 1685 1198 1728 et
1235 1689 1434 1745 quanta
1478 1683 1573 1734 tibi
1620 1695 1847 1751 possunt
1886 1690 2084 1742 remitti
2134 1701 2349 1758 peccata
2389 1710 2418 1748 a

855 1758 996 1813 deo!
1043 1762 1096 1815 Si
1140 1776 1319 1818 autem
1369 1773 1701 1837 cognoverit,
1732 1774 1858 1840 quia
1889 1791 1983 1828 cor
2030 1777 2174 1831 illius
2200 1778 2415 1833 firmum

853 1861 939 1904 est
969 1853 1024 1905 in
1051 1855 1237 1910 timore
1265 1859 1351 1912 dei
1395 1871 1449 1914 et
1472 1878 1580 1916 non
1615 1864 1844 1920 dimittit
1877 1868 2054 1922 locum
2101 1887 2281 1936 suum,
2323 1875 2415 1927 sed
2451 1862 2487 1914 Β

855 1941 1070 1998 fortiter
1109 1950 1314 2002 resistit
1342 1963 1396 2006 et
1427 1965 1630 2022 pugnat
1652 1957 1737 2026 ‘7),
1784 1967 1912 2013 tunc
1948 1963 2165 2017 venient
2211 1966 2287 2018 illi
2316 1968 2416 2021 sub

855 2037 1139 2091 occasione
1171 2041 1388 2109 justicie
1423 2045 1701 2101 dicentes:
1753 2050 1993 2104 Peccasti
2038 2055 2256 2120 quidem
2279 2097 2292 2118 ,
2321 2058 2415 2111 sed

859 2127 1222 2193 peuitenciam
1259 2135 1436 2201 egisti,
1471 2137 1579 2204 jam
1625 2151 1844 2194 sanctus
1886 2158 1979 2206 es;
2022 2154 2076 2196 et
2112 2146 2317 2199 faciunt
2348 2149 2414 2200 il-

857 2213 970 2268 lum
995 2217 1055 2286 ’⁸)
1092 2213 1367 2275 recordari
1401 2228 1742 2292 quorundam
1764 2229 2044 2285 hominum
2075 2239 2412 2306 peccata,qui

850 2321 959 2359 non
990 2320 1220 2377 egerunt
1261 2315 1645 2382 penitenciam,
1691 2323 2191 2388 superseminantes
2240 2329 2317 2381 illi
2357 2331 2412 2384 in

851 2397 1016 2452 corde
1044 2416 1234 2454 vanam
1288 2405 1697 2476 gloriam..Non
1738 2413 1913 2465 solum
1965 2431 2096 2468 vero
2140 2418 2275 2482 hec,
2316 2422 2411 2474 sed

847 2489 1020 2542 eciam
1054 2491 1258 2549 faciunt
1291 2499 1552 2564 quosdam
1592 2501 1841 2557 homines
1873 2505 2094 2561 laudare
2120 2525 2242 2562 eum
2280 2513 2411 2565 sub-

849 2576 993 2642 dole,
1029 2591 1084 2634 et
1122 2599 1419 2651 provocare
1453 2604 1577 2641 eum
1625 2591 1693 2644 ad
1741 2608 1925 2661 Opera,
1967 2612 2073 2664 que
2115 2599 2257 2654 ferre
2302 2619 2411 2656 non

849 2679 1046 2737 potest,
1076 2674 1431 2732 immittentes
1450 2680 1524 2733 illi
1558 2683 1922 2751 cogitaciones
1952 2704 2060 2741 non
2085 2694 2336 2746 vescendi
2358 2703 2411 2748 et

849 2775 958 2813 non
999 2761 1241 2828 bibendi,
1273 2784 1371 2821 nec
1401 2785 1507 2822 non
1536 2781 1592 2824 et
1616 2774 1921 2842 vigiliarum
1942 2818 1956 2840 ,
1986 2789 2041 2832 et
2081 2783 2249 2834 multa
2284 2785 2407 2847 alia,

847 2867 953 2920 que
987 2853 1206 2922 longum
1257 2867 1340 2911 est
1374 2860 1575 2925 dicere,
1623 2873 1680 2917 et
1718 2866 2034 2922 facilitatem
2071 2872 2148 2924 illi
2199 2875 2264 2925 ad
2309 2876 2409 2929 hec

847 2944 1175 3010 perﬁcienda
1217 2951 1484 3014 tribuunt,
1519 2955 1561 3006 si
1586 2956 1648 3025 Η³)
1684 2973 1792 3025 quo
1831 2961 1994 3014 modo
2035 2978 2160 3017 eum
2203 2966 2269 3018 ad
2308 2968 2409 3021 hec

846 3034 1072 3091 illiciant
1119 3039 1554 3110 ’°),precavente
1617 3049 1893 3116 scriptura
1947 3060 2003 3105 et
2047 3054 2299 3110 dicente:
2338 3074 2406 3113 ne

843 3126 1198 3186 declinaveris
1240 3134 1306 3187 ad
1338 3134 1582 3190 dextram
1629 3155 1806 3208 neque
1841 3141 1907 3195 ad
1950 3144 2225 3199 sinistram
2251 3187 2265 3211 ,
2307 3150 2400 3204 sed

843 3226 1054 3269 rectum
1104 3219 1207 3273 iter
1256 3223 1560 3292 ingredere.
1610 3228 1666 3282 Si
1710 3240 1892 3286 autem
1945 3235 2212 3306 benignus
2266 3240 2402 3296 deus

841 3313 1198 3378 perspexerit,
1226 3316 1351 3382 quia
1386 3319 1518 3371 nulli
1566 3336 1756 3375 eorum
1791 3327 2062 3394 acquievit
2088 3346 2183 3383 cor
2213 3332 2402 3400 ipsius,

841 3397 1056 3452 dicente
1083 3402 1241 3455 david
1281 3415 1335 3459 et
1360 3406 1426 3459 de
1452 3408 1827 3465 huiuscemodi
1858 3420 2313 3485 temptacionibus
2336 3424 2402 3493 ²¹)

843 3490 1185 3559 signiﬁcante
1202 3514 1212 3546 :
1245 3498 1485 3564 probasti
1509 3517 1602 3554 cor
1618 3518 1798 3556 meum
1817 3517 1873 3560 et
1892 3509 2121 3565 visitasti
2141 3525 2300 3569 nocte
2313 3518 2401 3586 "),

841 3580 964 3649 igne
996 3600 1081 3636 me
1127 3588 1472 3651 examinasti,
1500 3600 1555 3645 et
1577 3608 1685 3646 non
1715 3605 1802 3649 cst
1831 3598 2050 3654 inventa
2094 3603 2147 3655 in
2181 3621 2264 3659 me
2296 3607 2401 3659 ini-

839 3671 1041 3738 quitas.
1075 3674 1140 3726 Et
1166 3675 1268 3728 hoc
1295 3680 1755 3748 perspiciendum,
1785 3701 1883 3738 cur
1929 3699 2089 3744 nocte
2111 3692 2176 3762 ’³)
2204 3695 2405 3750 dixerit

837 3773 896 3816 et
915 3779 1022 3816 non
1043 3765 1130 3819 die
1152 3767 1239 3834 ")z
1263 3769 1514 3824 videlicet
1532 3775 1657 3840 quia
1676 3776 2179 3836 circumvencioues
2201 3786 2404 3840 inimici

837 3869 946 3906 nox
965 3858 1341 3929 sunt,sicnt“)
1365 3861 1556 3916 beatus
1582 3867 1774 3932 paulus
1811 3869 1946 3922 dixit
1965 3870 2267 3947 "),[193]
2294 3895 2402 3933 non

837 3959 958 3998 esse
999 3962 1097 4000 nos
1124 3949 1262 4003 ﬁlios
1288 3953 1634 4010 tenebrarum
1658 3957 1746 4027 "’),
1777 3961 1872 4014 sed
1912 3963 2071 4028 lucis,
2098 3969 2224 4035 quia
2260 3970 2402 4025 ﬁlius

839 4036 926 4089 dei
953 4038 1069 4091 dies
1088 4050 1169 4093 est
1188 4043 1276 4107 η),
1296 4044 1543 4100 diabolus
1564 4048 1628 4116 ”)
1651 4065 1780 4103 vero
1804 4053 1950 4105 nocti
1971 4057 2319 4112 assimilatur.
2344 4061 2401 4114 Si

837 4141 968 4180 vero
1000 4129 1100 4183 hec
1117 4134 1298 4186 omnia
1325 4133 1464 4187 bella
1486 4152 1835 4207 supergressa
1863 4141 2027 4197 fuerit
2048 4148 2246 4210 anima,
2271 4158 2402 4205 tunc

837 4216 1104 4286 incipiunt
1136 4222 1211 4274 illi
1244 4224 1532 4279 immittere
1553 4229 1892 4286 adversarios
1912 4234 1979 4302 ³ο)
2012 4239 2397 4306 cogitaciones,

837 4307 1221 4366 fornicacionis
1249 4315 1582 4370 desiderium
1615 4329 1668 4373 et
1702 4322 1995 4377 nefandum
2018 4328 2083 4395 ³¹)
2125 4338 2396 4398 stuprum.

836 4396 895 4449 In
923 4398 1029 4452 hiis
1053 4401 1115 4470 ”)
1146 4402 1310 4471 igitur
1328 4407 1582 4461 omnibus
1604 4409 1909 4466 inﬁrmatur
1926 4415 2106 4470 anima
2126 4427 2182 4471 et
2205 4435 2300 4472 cor
2323 4430 2403 4474 ta-

2532 607 2624 666 rit,
2651 615 2778 661 tunc
2805 609 3071 677 benignus
3091 619 3146 664 et
3177 612 3488 666 misericors
3510 613 3645 665 deus
3669 611 3841 664 mittit
3873 609 3952 661 illi
3984 608 4093 659 vir-

2530 705 2699 749 tutem
2743 714 2913 761 suam,
2968 709 3023 753 et
3072 700 3358 754 confirmat
3406 718 3502 755 cor
3556 702 3744 770 ipsius,
3784 710 3842 754 et
3886 699 3982 752 dat
4021 697 4092 750 illi

2528 787 2764 842 leticiam
2798 799 2854 843 et
2889 789 3232 860 refrigerium
3264 802 3319 846 ct
3345 793 3780 862 possibilitatem,
3805 801 3867 843 ut
3894 789 4094 842 forcior

2528 881 2762 934 inimicis
2801 884 3126 948 inveniatur,
3179 894 3240 937 ut
3281 887 3499 940 illorum
3543 886 3806 939 adversus
3848 885 4005 937 illum
4028 881 4092 948 ³⁸)

2526 988 2702 1042 pugna
2733 973 2798 1043 ³⁷)
2832 992 2938 1028 non
2968 977 3264 1044 prevaleat,
3297 977 3720 1045 timcntibusque
3753 983 3967 1044 prestat
3993 975 4096 1024 vir-

2527 1071 2696 1117 tutem
2715 1064 2808 1134 4"),
2838 1067 2980 1119 sicut
3007 1077 3062 1121 et
3087 1078 3308 1121 sanctus
3346 1070 3536 1136 paulus
3559 1070 3692 1122 dicit
3716 1066 4090 1127 :contendile,

2523 1163 2581 1207 et
2629 1157 2908 1224 accipietis
2951 1158 3230 1211 virtutem.
3281 1158 3390 1211 llec
3429 1160 3630 1228 quippe
3670 1159 3736 1225 ³³)
3770 1166 3856 1209 est
3891 1155 4092 1212 virtus.

2522 1259 2685 1310 quam
2720 1245 2910 1299 beatus
2957 1256 3146 1314 petrus
3184 1247 3424 1315 loquitur
3461 1248 3682 1299 dicens:
3727 1245 4094 1298 hereditatem

2523 1336 2889 1404 incorruptam
2944 1347 2998 1390 et
3044 1338 3547 1392 immarcessibilem
3605 1348 3985 1391 conservatam
4040 1336 4092 1387 in

2521 1429 2653 1480 cclis
2687 1431 2739 1480 in
2766 1429 2938 1490 vobis,
2961 1429 3053 1497 qui
3085 1429 3139 1482 in
3170 1429 3451 1497 virtute“)
3485 1429 3569 1481 dei
3607 1426 3960 1481 custodimini
3999 1441 4095 1492 per

2522 1515 2702 1568 fidem.
2736 1516 2887 1569 Tunc
2922 1518 3189 1587 benignus
3229 1528 3284 1570 et
3317 1520 3556 1571 clemens
3595 1517 3750 1576 deus,
3778 1516 3823 1568 si
3866 1515 4092 1574 viderit,

2520 1604 2645 1673 quia
2667 1607 2732 1676 Μ)
2766 1622 2859 1659 cor
2881 1609 3047 1676 ipsius
3086 1609 3498 1662 corroboratum
3525 1619 3609 1662 est
3637 1623 3800 1675 super
3837 1607 4095 1660 inimicos

2519 1711 2665 1759 suos,
2706 1707 2835 1752 tunc
2873 1699 3131 1766 paulatim
3173 1701 3448 1753 subtrahit
3480 1701 3761 1760 virtutem,
3796 1714 3906 1766 que
3932 1698 4093 1764 illi“)

2519 1789 2904 1855 opitulabatur,
2935 1799 2989 1843 et
3010 1791 3260 1844 concedit
3282 1791 3517 1844 inimicis
3545 1791 3862 1858 impugnare
3879 1788 3946 1856 ³³)
3965 1802 4094 1840 eum

2519 1880 2685 1932 variis
2712 1881 3178 1948 concupiscenciis
3196 1883 3395 1942 carnis,
3429 1898 3528 1935 nec
3571 1898 3678 1932 non
3708 1889 3760 1932 et
3794 1895 3936 1932 vane
3972 1879 4091 1947 glo-

2520 1969 2597 2022 rie
2619 1969 2682 2038 "‘)
2714 1971 3029 2039 cupiditate,
3062 1981 3117 2025 et
3148 1972 3424 2039 superbia,
3451 1970 3756 2037 ceterisque
3775 1967 3868 2032 ⁸⁵),
3895 1984 4005 2035 que
4024 1968 4092 2034 “)

2518 2061 2583 2111 ad
2609 2062 2974 2128 perdicionem
3009 2063 3249 2126 trahunt,
3278 2073 3336 2116 ut
3363 2061 3755 2130 propemodum
3776 2060 3842 2126 ‘7)
3872 2059 4093 2111 assimi-

2517 2150 2658 2202 letur
2698 2153 2841 2214 navi,
2878 2169 2983 2220 que
3017 2154 3134 2206 sine
3174 2155 3544 2222 gubernaculo
3592 2153 3646 2204 in
3693 2151 3938 2218 scopulis
3984 2151 4095 2203 huc

2516 2242 2833 2312 illucque“)
2859 2244 3105 2298 offendit.
3149 2244 3283 2298 Cum
3325 2253 3504 2298 autem
3541 2260 3636 2297 cor
3667 2244 3875 2313 eius")
3907 2259 4092 2295 emar-

2514 2334 2688 2387 cuerit
2721 2335 2773 2386 in
2801 2335 2928 2398 hiis,
2957 2345 3012 2389 et
3040 2335 3111 2388 ita
3133 2336 3200 2405 "°)
3224 2336 3487 2389 defecerit
3514 2336 3578 2388 ad
3609 2337 3820 2405 singula
3851 2346 4092 2404 tempta-

2515 2424 2780 2494 menta")
2817 2426 3055 2489 inimici,
3095 2438 3222 2481 tunc
3257 2429 3326 2481 ho
3370 2427 3573 2497 [1941
3622 2428 3831 2480 minum
3877 2435 4094 2480 amator

2513 2514 2682 2578 deus,
2718 2531 2903 2570 curam
2959 2518 3167 2573 habens
3212 2528 3462 2572 ereature
3517 2535 3649 2582 sue,
3698 2519 3948 2572 immittit
4012 2516 4094 2570 illi

2512 2617 2754 2660 sanctam
2791 2610 3052 2662 virtutem
3104 2619 3160 2664 et
3213 2612 3518 2672 confirmat,
3570 2610 3853 2663 subiciens
3894 2625 3995 2662 cor
4034 2620 4092 2663 et

2511 2698 2745 2750 animam
2777 2710 2832 2752 et
2862 2716 3063 2769 corpus
3101 2701 3269 2770 ipsius
3295 2710 3351 2755 et
3379 2702 3560 2755 omnia
3599 2701 3805 2756 viscera
3835 2701 3958 2754 eius
3987 2702 4092 2754 sub

2513 2788 2635 2857 iugo
2663 2792 2908 2857 paracliti
2935 2792 3024 2859 ⁵⁸),
3063 2793 3179 2860 ipso
3202 2792 3452 2846 dicente:
3489 2793 3661 2846 tollite
3683 2793 3868 2862 iugum
3902 2808 4089 2845 meum

2509 2893 2674 2947 super
2702 2897 2796 2933 vos
2828 2890 2883 2933 et
2905 2881 3096 2934 discite
3124 2898 3152 2935 a
3177 2898 3284 2946 me,
3324 2883 3458 2951 quia
3499 2883 3644 2936 mitis
3670 2899 3788 2936 sum
3814 2890 3870 2935 et
3901 2883 4088 2935 Immi-

2508 2969 2576 3022 lis
2616 2971 2798 3024 corde.
2854 2973 2922 3025 Et
2973 2973 3051 3025 sic
3104 2973 3323 3026 demum
3371 2974 3642 3042 benignus
3685 2973 3821 3026 deus
3859 2973 4090 3042 incipiet

2508 3059 2867 3130 adaperire”)
2914 3062 3102 3115 oculos
3151 3063 3332 3116 cordis
3363 3063 3534 3131 ipsius
3553 3062 3643 3131 ι⁵⁸),
3679 3073 3739 3116 ut
3786 3063 4084 3131 intelligat,

2509 3152 2764 3217 quoniam
2799 3153 2913 3220 ipse
2936 3163 3038 3217 est,
3072 3154 3166 3222 qui
3200 3154 3486 3207 conﬁrmat
3511 3170 3637 3208 eum
3658 3195 3672 3218 ,
3705 3162 3762 3207 et
3792 3163 3925 3208 tunc
3957 3171 4086 3208 vere

2513 3239 2736 3309 incipiet
2775 3259 2932 3296 nosse
2973 3244 3136 3297 homo
3166 3243 3428 3297 honorem
3480 3239 3609 3298 dare
3628 3244 3731 3298 deo
3769 3260 3894 3298 eum
3932 3249 4082 3298 omni

2512 3330 2817 3385 humilitate
2857 3341 2912 3385 et
2941 3332 3154 3386 actione
3181 3332 3510 3401 graciarum,
3543 3333 3686 3385 sicut
3719 3331 3879 3385 david
3912 3331 4082 3385 dicit:

2512 3421 2837 3474 sacriﬁcium
2869 3422 2972 3475 deo
2997 3423 3219 3490 Spiritus
3250 3423 3669 3476 contribulatus.
3701 3422 3780 3475 Ex
3805 3423 3912 3475 hoc
3933 3425 4083 3476 enim

2512 3513 2697 3566 labore
2725 3515 2884 3581 prelii
2923 3515 3203 3567 humilitas
3240 3523 3295 3568 et
3321 3515 3721 3568 contribulacio
3742 3523 3796 3568 ct
3821 3530 4080 3567 mansne-

2511 3605 2643 3656 tudo
2683 3604 2913 3658 efficitur
2968 3605 3056 3676 ⁸⁵).
3104 3606 3245 3659 Cum
3279 3605 3386 3658 hiis
3425 3605 3590 3673 igitur
3621 3606 3877 3659 omnibus
3916 3605 4083 3658 fuerit

2510 3695 2794 3763 probatus,
2830 3704 2959 3748 tunc
2982 3695 3206 3764 incipiet
3231 3697 3305 3749 illi
3338 3697 3564 3765 Spiritus
3585 3708 3804 3750 sanctus
3837 3697 4081 3749 revelare

2509 3786 2722 3837 occulta
2741 3785 2831 3853 ⁸⁶),
2861 3786 2965 3838 hoc
2999 3795 3102 3849 est,
3134 3803 3238 3855 que
3269 3789 3471 3841 sanctis
3491 3789 3608 3841 iure
3650 3788 3955 3855 meritoque
3988 3789 4081 3840 dc-

2509 3873 2708 3928 bentur
2738 3885 2794 3929 et
2824 3877 2950 3940 hiis,
2976 3878 3068 3944 qui
3099 3885 3321 3946 sperant
3344 3894 3509 3946 super
3531 3879 3905 3931 misericordia
3936 3880 4075 3939 eius,

2507 3973 2563 4017 et
2593 3973 2721 4019 tune
2753 3975 2968 4034 reputat
2996 3984 3179 4021 secum
3223 3968 3386 4021 homo
3414 3968 3605 4022 dicens
3638 3968 3768 4022 illud
3812 3971 4076 4036 apostoli-

2508 4070 2631 4107 cum
2657 4073 2670 4107 :
2708 4058 2835 4124 quia
2865 4074 2974 4110 non
3008 4068 3136 4111 sunt
3158 4058 3422 4127 condigne
3451 4059 3732 4126 passiones
3753 4058 3919 4110 huius
3943 4067 4079 4110 tem-

2506 4144 2658 4212 poris
2695 4146 2762 4198 ad
2786 4145 3021 4199 futuram
3050 4147 3294 4215 gloriam,
3320 4162 3427 4214 que
3457 4147 3790 4200 revelabitur
3819 4147 3872 4199 in
3892 4148 4072 4208 nobis,

2506 4243 2562 4288 et
2581 4236 2712 4288 illud
2740 4236 2932 4288 david:
2975 4237 3106 4304 quid
3136 4238 3282 4290 enim
3313 4237 3477 4291 michi
3509 4247 3590 4290 est
3624 4238 3678 4290 in
3705 4238 3824 4291 celo
3843 4277 3858 4299 ,
3881 4249 3939 4291 et
3967 4254 3998 4290 a
4025 4249 4073 4290 te

2506 4326 2637 4394 quid
2660 4327 2806 4379 volui
2832 4342 2996 4395 super
3021 4328 3256 4380 terram?
3277 4328 3380 4380 hoc
3405 4339 3488 4381 est
3511 4345 3523 4379 :
3549 4343 3582 4380 o
3605 4328 3844 4387 domine,
3868 4339 4072 4395 quanta

2505 4417 2670 4470 michi
2706 4432 2996 4485 paraveras
3041 4417 3096 4470 in
3141 4418 3278 4480 celo,
3313 4428 3370 4472 et
3411 4434 3511 4488 ego
3551 4419 3680 4488 quid
3718 4435 3748 4472 a
3785 4426 3838 4472 te
3874 4434 4072 4487 quere-

835 4489 1028 4552 bescit,
1062 4504 1122 4546 ut
1146 4494 1481 4563 impossibile
1504 4499 1567 4567 ⁸³)
1594 4501 1696 4554 sibi
1734 4504 1921 4557 credat
1950 4521 2068 4560 esse
2097 4511 2398 4565 custodiam
2433 4541 2475 4594 Β
2506 4505 2628 4558 bam
2644 4505 2711 4575 ⁸⁷)
2749 4507 2804 4559 in
2844 4507 2956 4560 vita
2979 4507 3235 4560 mortali?
3266 4508 3332 4560 Et
3366 4510 3446 4562 sic
3481 4511 3654 4562 eciam
3692 4509 3959 4578 incipient
3992 4510 4069 4562 illi

833 4581 1128 4647 castitatis,
1155 4587 1546 4656 subiungentcs
1574 4590 1675 4655 illi,
1702 4601 1762 4645 ut
1802 4593 1934 4658 dixi,
1970 4600 2228 4667 temporis
2269 4617 2396 4669 pro-

833 4672 1136 4739 lixitatem,
1183 4677 1448 4732 virtutum
1502 4683 1733 4735 arduum
1757 4684 1823 4753 “)
1855 4686 2116 4750 laborem,
2172 4699 2227 4743 et
2271 4694 2397 4759 quia

833 4766 1037 4833 grande
1068 4767 1137 4821 sit
1164 4783 1303 4822 onus
1329 4784 1569 4837 ipsarum
1599 4780 1654 4824 et
1687 4771 2134 4847 importabile"),
2170 4777 2399 4833 subiun—

832 4865 1021 4924 gentcs
1051 4857 1127 4910 illi
1156 4858 1524 4914 inﬁrmitatem
1557 4864 1805 4932 corporis
1830 4873 1885 4919 et
1922 4866 2268 4937 fragilitatem
2300 4888 2396 4925 na-

2503 4597 2733 4653 revelari
2767 4604 3064 4662 tormenta,
3099 4614 3203 4666 que
3232 4600 3445 4666 passuri
3476 4608 3606 4652 sunt
3642 4609 3985 4668 peccatores,
4015 4611 4072 4654 et

2504 4690 2671 4742 multa
2718 4689 2844 4752 alia,
2883 4705 2989 4758 que
3036 4705 3121 4743 me
3153 4698 3366 4743 tacente
3414 4700 3634 4743 sanctus
3669 4690 3753 4742 vir
3793 4691 4067 4760 intelligit.

2503 4780 2630 4834 Post
2650 4780 2751 4833 hec
2771 4795 2900 4832 vero
2919 4781 3098 4832 omnia
3119 4781 3343 4849 incipiet
3372 4783 3665 4850 paraclitus
3691 4783 3828 4837 inire
3849 4796 4067 4851 paetum

2502 4886 2627 4924 cum
2661 4871 2898 4940 puritate
2936 4872 3117 4925 cordis
3167 4871 3339 4940 ipsius
3393 4881 3449 4926 et
3500 4874 3679 4927 anime
3717 4872 3974 4927 ﬁrmitate
4014 4885 4070 4929 et

2127 4987 2377 5042 VARIAE
2416 4988 2816 5043 LECTIONES.

919 5088 1025 5172 ηρ
1075 5089 1318 5143 radendo
1339 5094 1708 5172 eorrl'jperito.
1734 5125 1792 5134 —
1824 5094 1899 5172 ‘0)
1933 5097 1973 5150 Β
2010 5101 2310 5172 νεδὶδῑίατρ-
2330 5100 2493 5170 “)AB
2512 5101 3101 5171 impugnacioncs.—”)
3129 5103 3169 5155 B
3195 5104 3591 5172 prmcipum.-—
3615 5103 3678 5172 ¹³)
3702 5101 3742 5156 C
3761 5105 3900 5156 male
3923 5115 4066 5159 et.—

837 5159 898 5218 ”l
928 5159 1011 5209 Ait
1041 5177 1273 5227 prorsus.
1293 5190 1361 5259 7,-
1387 5163 1448 5230 ”)
1475 5163 1554 5216 BC
1585 5181 1743 5232 prope
1761 5159 1990 5220 modum.
2015 5199 2084 5208 —
2118 5170 2189 5259 1”)
2217 5172 2260 5223 Α
2289 5159 2521 5239 vincique
2544 5159 2691 5259 (ιί-ΪΙ
2713 5173 2750 5200 ³⁷
2775 5173 2791 5240 )
2819 5181 2866 5224 et
2891 5159 3096 5242 pugnat,
3115 5159 3220 5225 oni.
3247 5172 3452 5253 ᾼς-υξ)
3475 5173 3514 5226 C
3547 5173 3833 5259 σωκ-Λή)
3927 5180 4065 5259 male

837 5228 918 5259 ιιοΛ
1070 5231 1135 5259 20\
1174 5231 1250 5259 An
1280 5232 1296 5259 :
1344 5233 1513 5259 Lm...”
1650 5236 1713 5259 an
1754 5237 1772 5259 Α
1824 5239 2199 5259 e___-._._-___-,.,_
2375 5244 2435 5259 ου
2466 5241 2502 5259 n
2775 5244 2808 5259 .-
3179 5251 3191 5259 .
3316 5252 3328 5259 .
3400 5251 3412 5259 .

829 5228 938 5280 sed.
982 5259 1050 5268 -—
1070 5231 1135 5298 ’°)
1165 5231 1252 5282 AB
1280 5228 1532 5284 illiceont.
1557 5228 1626 5270 '—
1650 5228 1714 5302 ")
1742 5237 1784 5288 Α
1808 5228 2221 5304 cogitationibus.
2282 5272 2349 5279 —
2375 5228 2447 5308 θ’)
2465 5241 2504 5293 C
2579 5228 2808 5308 probasti
2837 5228 2924 5294 co'r
2954 5228 3126 5294 nicum
3145 5251 3191 5294 et
3213 5228 3738 5322 visitasti'corﬂt-eunm
3765 5253 3810 5294 et
3844 5247 4065 5322 risimin

902 5306 1048 5322 -.Αριμ
1179 5300 1240 5322 ΩἎΧ
1280 5301 1358 5322 nn
1394 5303 1441 5322 Ξ--
1474 5313 1612 5322 ηΑΑιμ
1751 5307 1811 5322 ..λ
1845 5308 1922 5322 ..Α
1963 5309 1972 5318 -
2057 5310 2084 5322 ι·
2260 5310 2318 5322 -.κ
2355 5310 2388 5322 η
2497 5312 2507 5321 ο
2598 5310 2607 5322 ι
2699 5318 2707 5322 -
2778 5313 2787 5321 -
2891 5313 2900 5322 ι
2929 5313 2938 5322 ι
3185 5314 3225 5322 -.-
3252 5312 3324 5322 .ιη
3375 5313 3402 5322 ,ο
3441 5313 3470 5322 ηΑ
3524 5315 3539 5322 -

901 5306 1065 5351 nocte.
1092 5296 1242 5367 '—”)
1279 5301 1360 5354 BC
1390 5303 1444 5353 in
1470 5313 1631 5355 nocte.
1661 5296 1729 5342 ——'-
1751 5307 1814 5366 ’⁵)
1845 5296 1923 5362 BC
1956 5309 2007 5359 in
2033 5310 2134 5360 die.
2165 5341 2234 5348 —
2260 5310 2324 5374 ’⁵)
2351 5310 2389 5363 C
2424 5296 2434 5308 ’
2465 5296 2629 5371 siculi,
2659 5318 2713 5362 et
2747 5313 2824 5364 sic
2851 5313 3144 5379 ubique.—
3185 5312 3325 5364 "BC
3351 5313 3492 5363 dicit.
3524 5313 3588 5380 ³⁷)
3619 5313 3697 5366 BC
3733 5315 4066 5395 teiu'brarirpt

901 5370 966 5395 ἷηη
1149 5370 1212 5395 li\
1254 5383 1318 5395 -...
1347 5388 1428 5395 Α..-
1493 5372 1512 5395 Δ
1680 5375 1743 5395 un
1778 5375 1814 5395 Π
1856 5377 1889 5395 n
1968 5378 1979 5395 ι
2034 5379 2045 5395 ι
2286 5381 2345 5395 ῃηι
2387 5380 2463 5395 vxn
2597 5380 2606 5395 ι
2797 5383 2806 5391 -
2967 5382 3024 5395 ..χ
3057 5381 3135 5395 nn
3274 5384 3282 5395 Α
3398 5382 3406 5395 ι
3648 5384 3705 5395 ..ι
3749 5386 3759 5395 ι
3801 5386 3811 5395 .

828 5367 986 5466 νὶιίίέξί
1047 5399 1116 5466 Τ
1149 5370 1318 5466 ’ἦρέ
1344 5388 1453 5424 om.
1480 5372 1745 5466 A.r—\—‘")
1778 5375 1816 5428 C
1843 5377 2125 5466 Dyablolus.
2191 5411 2260 5418 —
2284 5367 2349 5448 δί’)
2385 5367 3028 5466 BCmqfiuersar‘ie...‘—5‘)
3057 5367 3625 5466 ῖξέῖρίιαηίιιιηιιέ-Δ
3647 5384 3837 5466 filius
3859 5401 3968 5436 oin.

826 5467 895 5478 ——-
925 5439 987 5505 ³³)
1037 5439 1079 5492 A
1105 5439 1394 5508 pos'sibilcm
1457 5474 1523 5481 ——
1553 5441 1617 5512 3")
1645 5444 1687 5496 A
1723 5439 1924 5506 iterum:
1979 5447 2018 5499 C
2068 5465 2281 5500 vammt.
2333 5439 2423 5488 l—
2459 5449 2525 5519 ³³)
2554 5450 2594 5500 Β
2618 5451 2948 5518 iuportabile.
2992 5439 3060 5490 -'——
3088 5452 3151 5520 ³⁸)
3174 5439 3374 5526 ϐ’σπωῃ.
3424 5453 3573 5514 -³⁷)
3599 5452 3682 5506 AC
3707 5455 4059 5523 impugnario.

839 5537 908 5546 -—
941 5508 1004 5553 ³⁸)
1044 5510 1076 5553 Α
1114 5512 1503 5553 finwntiummm
1555 5531 1686 5553 ηηιιρ
1711 5517 1967 5553 inlmln‘rnr
2000 5520 2050 5553 4""
2079 5535 2133 5553 nn
2172 5521 2407 5553 II;I'Infnrn
2439 5520 2464 5528 "
2488 5550 2559 5553 _
2588 5519 2650 5553 3M
2676 5522 2860 5553 ηηὸηηη
2883 5537 2968 5553 nm
3023 5521 3100 5553 DF
3285 5522 3346 5553 θοι
3383 5521 3419 5553 ll
3454 5539 3540 5553 ...ιη-
3567 5525 3804 5553 manu”...
3957 5526 3994 5553 si
4025 5527 4059 5553 n

839 5537 908 5546 -—
941 5508 1004 5574 ³⁸)
1041 5510 1080 5562 Α
1114 5512 1503 5578 timentiumth
1555 5508 1967 5607 qztac‘iit/zubitat
2000 5520 2050 5607 ip
2077 5535 2133 5570 co
2172 5520 2465 5583 virtutem:
2488 5508 2559 5557 -'—
2588 5519 2650 5587 ³θ)
2674 5508 2860 5607 quippe
2883 5537 2990 5573 om.
3023 5508 3145 5575 BC:
3192 5552 3261 5559 —
3285 5522 3347 5589 ⁸ο)
3381 5521 3421 5572 Β
3454 5539 3540 5588 per
3567 5525 3826 5575 virtutem.
3865 5556 3930 5562 ——
3957 5526 3994 5554 "
4024 5527 4066 5579 Β

839 5588 1080 5607 θυι-κου...
1226 5581 1256 5607 Ἵὶ
1288 5584 1351 5607 ειΩΧ
1390 5582 1467 5607 :Il.‘
1507 5599 1587 5607 Α.-.
1650 5584 1686 5607 1)
1975 5589 1992 5607 I
2082 5590 2211 5607 s_-_l_
2335 5606 2338 5607 ,
2405 5606 2410 5607 ,
2453 5606 2456 5607 ,
2517 5606 2524 5607 κ
2740 5592 2753 5607 ι.
2831 5592 2845 5607 ι
3122 5591 3133 5607 ι
3204 5593 3213 5602 -
3425 5591 3483 5607 LI\
3533 5593 3609 5607 “IV
3711 5604 3717 5607 .

826 5588 1102 5646 quantum.
1155 5581 1256 5644 -ζῗ
1288 5584 1352 5650 Μι)
1390 5582 1467 5634 illi
1503 5599 1611 5634 om.
1650 5583 1745 5635 BC.
1811 5616 1878 5623 —
1949 5586 2051 5639 “C
2081 5590 2220 5641 male
2294 5581 2546 5664 pugnare.
2604 5581 2860 5674 ἦ’“)Ἀ
2900 5609 3036 5643 vanu
3080 5591 3269 5658 gloria.
3332 5591 3487 5674 7—“)
3532 5593 3610 5644 BC
3645 5604 4060 5674 ceterarumque.

916 5647 980 5674 un
1023 5665 1219 5674 -..,.,...-
1268 5650 1307 5674 ρ
1483 5653 1544 5674 ειη
1574 5653 1612 5674 ι)
1649 5670 1802 5674 ..-μη
1841 5655 1954 5674 ,,,_J
2250 5659 2309 5674 ιρι
2352 5660 2365 5674 Α
2456 5668 2467 5674 -
2600 5658 2631 5674 -ι
2854 5663 2912 5674 μη
2965 5662 2977 5674 .
3026 5662 3098 5674 ....
3372 5662 3407 5674 ιιι
3458 5661 3471 5674 Δ
3564 5671 3571 5674 .
3643 5671 3651 5674 Α
3714 5671 3722 5674 .

1394 5633 1397 5634 ,
1457 5633 1461 5634 ν
1511 5633 1519 5634 κ
1543 5633 1550 5634 κ
1652 5633 1663 5634 κ
1702 5633 1706 5635 .
1738 5633 1745 5635 .
2018 5633 2051 5639 ..μ
2081 5633 2220 5641 -.-,..υ
2312 5633 2372 5640 ι.-.
2401 5633 2546 5641 ..ν-σν.
2817 5633 2860 5644 .-
2903 5633 3036 5643 ιιυιοι.
3080 5633 3269 5658 ξιον-ειν.
3474 5633 3486 5656 1
3532 5633 3610 5644 liv
3645 5633 3833 5645 νιιυνιιιυ
3853 5633 4060 5662 Ιῑ-Ιιιιιιιιο

824 5633 896 5685 -'-
916 5647 981 5704 “l
1017 5666 1114 5709 quc
1136 5633 1242 5702 om:
1268 5633 1349 5703 (λ’
1387 5681 1454 5689 ——
1483 5653 1545 5718 ³⁷)
1574 5653 1614 5703 Β
1647 5670 1802 5721 prope
1836 5655 2066 5708 modum.
2145 5689 2212 5697 ——-
2249 5633 2312 5722 “5
2414 5668 2568 5726 atque
2594 5657 2735 5711 illuc.
2755 5633 2823 5698 ί-
2853 5663 2917 5729 ‘9)
2951 5662 2994 5714 A
3019 5662 3180 5715 illius.
3241 5691 3310 5699 —
3347 5661 3412 5729 ⁵ο)
3444 5661 3487 5713 Α
3521 5671 3654 5743 μεμε
3685 5665 4064 5743 ξίαμίεηηιβ-

925 5716 963 5743 I’)
992 5718 1245 5743 ιΙ,.-....ο----
1262 5730 1372 5743 -..ιμ
1534 5722 1598 5743 .‘l!\
1636 5722 1652 5743 Δ
1703 5741 1726 5743 _.
1776 5741 1794 5743 η
1851 5724 1882 5743 ,l
1927 5726 1961 5743 ι’
2181 5728 2239 5743 ιιιὶ
2295 5730 2308 5743 Δ
2491 5730 2499 5738 ·
2707 5730 2764 5743 Ιιὶ
2812 5730 2890 5743 ιιη
2941 5733 2951 5743 ο
3024 5733 3033 5742 ο
3246 5731 3274 5743 ιι
3472 5733 3515 5743 ι.
3680 5736 3690 5743 .

987 5718 1392 5800 (lentptomcnta.
1624 5716 1678 5800 Α.
1698 5716 1988 5800 piu‘urlyti._
2014 5757 2106 5800 _——
2179 5728 2242 5800 ⁵³)
2282 5716 2322 5780 Α
2354 5716 2574 5798 aperire.
2613 5759 2677 5766 —
2705 5730 2770 5794 ⁵⁸)
2811 5716 2912 5785 BC,
2935 5733 3096 5800 ipsius
3133 5731 3320 5784 cordis.
3379 5716 3446 5768 έ-
3470 5730 3536 5798 ⁵⁵)
3566 5731 3604 5783 Β
3641 5731 3963 5799 elﬁcinntur.
3994 5765 4062 5774 -ο

829 5787 898 5852 ⁸⁸)
937 5788 981 5840 Α
1006 5787 1288 5840 crt‘lcsimn.
1335 5822 1397 5829 —-
1421 5791 1484 5855 ⁵⁷)
1524 5791 1561 5841 li
1593 5787 1715 5856 quid
1755 5813 1784 5845 (ι
1820 5803 1866 5846 lc
1885 5787 2022 5866 'quitl
2058 5787 2353 5864 qucrcbam.
