4266 6356
164 357 275 413 400

1608 348 1986 406 EPISTOLAE

3298 357 3403 413 ιιο

162 469 461 525 sanctitate
484 466 734 537 corporis
758 473 815 521 et
840 481 965 521 cum
1000 466 1226 537 spiritus
1250 466 1370 522 eius
1405 465 1734 529 humilitate,
1765 476 1807 528 Α
1838 473 1942 529 cst,
1972 476 2026 520 et
2050 468 2306 535 quoniam
2329 466 2443 536 ipse
2464 464 2530 537 ")
2553 475 2636 521 est
2656 466 2767 522 vita
2792 468 2932 532 eius,
2956 467 3172 523 dicente
3200 469 3358 525 david
3389 484 3400 515 ε

160 570 221 617 et
239 560 409 615 faciet
423 560 494 631 ⁸⁸)
521 574 649 613 eum
669 558 923 630 progredi
937 557 1006 630 ”)
1021 565 1442 613 omnem‘creatu
1451 572 1584 622 ram,
1602 565 1659 611 et
1676 564 1739 610 ut

161 667 278 706 non
310 652 567 720 loquatur
604 666 668 705 os
689 651 812 705 eius
847 665 1012 721 opera
1040 650 1352 714 hominum,
1396 660 1454 704 et
1490 656 1552 703 ut
1586 656 1739 703 recta

162 744 342 798 oculis
372 744 488 797 suis
519 742 723 805 videat,
762 750 821 797 et
847 749 908 796 ut
950 742 1033 797 ori
1078 758 1179 797 suo
1211 741 1514 796 custodiam
1551 747 1737 810 ponat,

161 844 221 888 et
241 834 352 889 iter
377 834 542 889 faciat
562 841 774 886 rectum
790 832 1144 903 “)gressibus
1164 830 1359 893 suis,et
1383 837 1445 884 ut
1470 830 1740 885 iusticiam

163 926 369 981 habeat
416 940 677 981 manuum
713 938 966 989 suarum,
994 924 1098 978 hoc
1131 930 1216 976 est
1251 935 1499 992 operum,
1533 930 1589 976 et
1615 935 1741 974 ora-

154 1018 341 1073 cionis
364 1018 711 1083 instaneiam,
740 1031 845 1071 nec
865 1030 976 1070 non
992 1013 1129 1085 et“)
1158 1012 1516 1068 aﬂliecionem
1543 1025 1741 1080 corpo—

168 1112 247 1166 ris
267 1120 327 1166 et
356 1110 668 1181 vigiliarum
708 1108 1098 1179 frequeneiam.
1127 1106 1196 1161 Et
1217 1107 1320 1161 hee
1355 1104 1593 1175 disponit
1616 1117 1743 1157 cum

159 1204 318 1258 eoin
343 1217 605 1257 mensura
633 1210 691 1255 et
712 1199 1070 1262 diserecione,
1088 1208 1144 1255 et
1164 1212 1275 1252 non
1296 1197 1353 1251 in
1376 1193 1739 1258 turbuleneia,

162 1296 261 1350 sed
293 1296 351 1349 in
381 1295 569 1364 quiete
589 1293 681 1365 ").
706 1291 763 1347 Si
786 1306 917 1346 vero
941 1306 1096 1346 mens
1131 1289 1302 1360 ipsius
1323 1286 1743 1358 disposieionem

161 1384 341 1439 sancti
382 1383 593 1456 [195]
651 1384 877 1453 spiritus
914 1379 1336 1451 contempserit,
1379 1390 1510 1434 tunc
1546 1378 1741 1441 virtus,

164 1493 271 1546 que
297 1478 354 1530 in
376 1494 504 1532 eum
524 1477 592 1546 ⁸³)
615 1475 811 1530 collata
828 1473 1108 1544 fuerat“),
1127 1472 1379 1535 discedit,
1396 1479 1454 1526 et
1469 1470 1549 1524 sic
1565 1485 1743 1541 pugne

160 1566 482 1621 eﬂieiuntur
521 1566 579 1620 in
617 1566 782 1620 corde
823 1565 946 1619 eius
994 1571 1051 1618 et
1094 1562 1551 1618 conturbaciones
1568 1560 1657 1632 “),
1688 1570 1745 1617 et

160 1659 507 1711 conturbant
526 1672 655 1712 eum
669 1657 736 1727 “)
766 1656 1052 1726 passiones
1074 1654 1323 1724 corporis
1343 1668 1441 1723 per
1468 1662 1744 1707 momenta

165 1751 380 1819 singula
407 1750 817 1821 expugnacione
848 1747 1077 1802 inimici.
1115 1746 1172 1800 Si
1204 1752 1385 1799 autem
1417 1759 1743 1799 conversum

1839 560 2067 613 clamavi
2093 559 2162 613 ad
2192 568 2244 614 te
2269 570 2324 615 et
2352 560 2555 615 sanasti
2591 574 2709 626 me;
2734 567 2791 615 et
2819 560 3056 615 iterum:
3096 561 3224 633 quia
3261 565 3406 633 apud

1836 659 1892 705 te
1918 660 2002 706 est
2021 651 2144 705 fons
2165 650 2327 706 vitae.
2356 652 2526 721 lgitur
2558 652 2860 706 secundum
2891 667 3072 706 meum
3112 654 3408 708 consilium

1838 743 2060 811 quidem
2081 741 2280 811 "°),nisi
2303 743 2466 796 homo
2486 743 2744 812 grandem
2763 742 3151 816 possederit")
3179 746 3405 800 humili-

1840 838 2027 895 tatem,
2056 845 2162 897 que
2200 831 2464 886 virtutum
2487 831 2731 885 omnium
2757 832 2974 886 culmen
3006 841 3111 897 est,
3142 842 3199 888 et
3227 845 3409 890 custo—

1841 920 1984 976 diam
2008 922 2254 992 posuerit
2273 923 2354 976 ori
2377 937 2497 987 suo,
2524 931 2581 977 et
2598 922 2748 977 cordi
2774 924 3021 980 timorem
3047 925 3156 990 dei,
3180 935 3235 981 et
3260 928 3316 980 in
3339 936 3407 983 eo

1839 1014 2063 1084 quidem
2100 1029 2159 1067 se
2187 1014 2382 1083 probat
2405 1014 2677 1070 excellere
2721 1016 2938 1080 ceteris,
2966 1033 3075 1071 non
3125 1033 3182 1073 se
3222 1019 3403 1089 prefe-

1841 1106 2010 1176 rat")
2042 1115 2300 1176 tanquam
2336 1108 2543 1177 aliquid
2584 1107 2715 1162 boni
2742 1107 2955 1173 fecerit,
2994 1119 3051 1163 et
3092 1118 3152 1163 ut
3181 1112 3410 1181 injurias

1841 1196 1945 1251 sibi
1974 1196 2151 1253 illatas
2187 1196 2423 1253 libenter
2446 1198 2690 1265 suﬁ‘erat,
2733 1210 2789 1255 et
2818 1200 3043 1269 prebeat
3080 1204 3407 1271 percutienti

1842 1303 1901 1343 se
1930 1289 2092 1343 aliam
2128 1289 2423 1357 maxillam,
2448 1300 2505 1345 et
2531 1301 2589 1345 ut
2610 1291 2679 1345 ad
2699 1307 2859 1345 omne
2893 1308 3031 1363 opus
3057 1293 3262 1347 bonum
3289 1295 3409 1349 vio-

1842 1381 2018 1435 lenter
2038 1388 2289 1452 erumpat
2326 1391 2383 1437 et
2429 1383 2673 1452 diripiat,
2698 1394 2755 1438 et
2796 1393 2857 1437 ut
2891 1386 3126 1439 animam
3164 1402 3318 1441 suam
3352 1386 3410 1440 in

1843 1489 2007 1527 manu
2033 1482 2216 1544 portet
2241 1476 2399 1544 quasi
2441 1476 2667 1531 cottidie
2694 1478 2997 1532 moriturus
3017 1518 3032 1542 ,
3065 1488 3120 1533 et
3156 1486 3217 1531 ut
3271 1494 3409 1535 vana.

1844 1566 2007 1621 ducat
2055 1570 2257 1633 omnia,
2309 1584 2415 1637 que
2457 1568 2558 1623 sub
2607 1569 2711 1623 hoc
2734 1568 2801 1639 ")
2846 1570 3042 1640 sole")
3085 1581 3405 1630 cernuntur,

1843 1667 1901 1711 et
1923 1658 1991 1727 ")
2019 1657 2166 1713 dicat
2190 1676 2203 1711 :
2240 1658 2402 1727 cupio
2427 1658 2650 1713 dissolvi
2679 1668 2736 1714 et
2757 1674 2877 1713 esse
2909 1674 3035 1713 cum
3058 1659 3296 1725 Christo,
3320 1668 3406 1714 et:

1845 1748 2011 1803 michi
2036 1749 2222 1803 vivere
2257 1748 2511 1804 Christus
2530 1758 2614 1804 est
2651 1756 2707 1804 et
2744 1751 2881 1803 mori
2910 1750 3143 1813 lucrum,
3175 1766 3283 1804 non
3309 1765 3405 1820 po-

164 1818 335 1894 fuerit
363 1818 630 1895 coriei'us
676 1848 732 1895 et
784 1836 1176 1909 optinuerit")
1220 1844 1475 1906 precepta
1516 1835 1741 1905 spiritus
1775 1818 1815 1872 Β
1846 1839 1973 1893 terit
2010 1850 2267 1910 precepts
2298 1855 2513 1895 servare
2555 1840 2781 1910 spiritus
2806 1842 2998 1895 sancti.
3039 1841 3268 1911 Explica
3298 1818 3408 1913 ἐμῆ.

163 1934 361 1996 sancti,
383 1933 658 2002 proteccio
678 1932 884 1987 domini
908 1931 967 1985 ﬁt
989 1944 1153 1999 super
1171 1942 1318 1981 eum.
1335 1927 1404 1981 Et
1420 1937 1550 1982 tunc
1572 1927 1737 1983 homo

164 2027 534 2096 agnoscet“),
560 2026 690 2097 quia
716 2024 1093 2080 indesinenter
1120 2020 1389 2075 adherene
1418 2018 1736 2075 deobonum

1842 1929 1982 1984 stola
2008 1930 2143 1985 beati
2172 1931 2429 1986 καρήαήί
2454 1932 2522 1986 ad
2549 1932 2793 2003 ﬁlios").

1438 2178 1693 2234 VARIAE
1732 2177 2133 2237 LECTlONES.

254 2298 325 2368 ")
357 2299 422 2372 AA
449 2298 594 2372 facit.
620 2328 693 2372 -ττ
714 2295 805 2372 'le
920 2297 1245 2372 supergredi.
1277 2328 1347 2372 —_—
1372 2297 1440 2372 ξ’)
1484 2298 1530 2353 Α
1582 2300 1685 2372 iter
1725 2306 1940 2372 fectum
1991 2301 2172 2370 faciat.
2207 2332 2276 2341 -—
2302 2303 2370 2372 ⁶¹)
2425 2313 2475 2356 et
2514 2320 2623 2359 om.
2682 2305 2743 2359 C.
2773 2336 2843 2346 —-—
2866 2308 2909 2337 ⁶¹

2915 2305 2933 2374 )
2992 2307 3081 2361 sed
3142 2308 3197 2360 in
3242 2308 3412 2378 quiete

236 2367 367 2448 gms
400 2369 503 2423 BC.
537 2398 608 2406 —
629 2368 695 2435 ⁸³)
954 2367 1031 2448 ea.
1064 2400 1133 2411 —-
1165 2368 1232 2434 “)
1261 2368 1331 2448 -ξξ
1363 2368 1477 2448 fuit.
1503 2399 1574 2408 —
1602 2368 1669 2438 “)
1712 2367 2159 2448 εἰει-ίιηιιαιέξοηςεἐ
2193 2404 2267 2413 -
2299 2367 2371 2448 ⁸⁸)-
2400 2390 2518 2427 eum
2550 2375 2745 2448 θωνα.
2775 2406 2846 2416 -
2874 2367 2940 2448 ν’)
2971 2378 3011 2432 C
3041 2367 3408 2431 obtinuerit.—

238 2439 307 2527 ἷῖὶ
339 2440 389 2527 .A
417 2437 1150 2527 eamea-ttfieimnfz
1173 2435 1558 2527 -Ἥτξέάςτῑξ
1579 2435 1687 2527 0'5".-
1714 2435 1816 2492 BC-
1852 2443 2045 2527 ..τ-λ’)
2075 2435 2772 2527 ροεςεᾶςτίεθηξηςςνης
2803 2435 3029 2527 -..">.C.

1058 2465 1148 2491 ιηι.
1173 2468 1245 2477 --
1268 2465 1330 2508 η)
1351 2465 1558 2509 quwcm
1579 2465 1687 2494 um.
1717 2465 1816 2492 ου.
1889 2471 1959 2480 --
1982 2465 2045 2511 η)
2188 2465 2471 2526 ροδςεαεηι
2498 2465 2772 2528 granaem.
2803 2476 2871 2529 -.
2896 2465 2959 2516 ")
2989 2465 3029 2503 ιι
3084 2465 3320 2528 'ro’erat.
3342 2479 3409 2488 -—

1058 2510 1172 2586 tiae.
1197 2539 1267 2548 —-
1296 2508 1365 2578 ")
1394 2517 1444 2561 et
1476 2524 1592 2564 om.
1628 2508 1780 2564 C.—-
1852 2509 1918 2582 ")
1943 2512 2175 2584 Explmt
2216 2514 2437 2586 epistola
2465 2516 2601 2569 beati
2634 2516 2893 2571 Hacharti
2917 2518 2985 2572 ad
3013 2465 3152 2586 ﬁlios
3182 2534 3291 2572 om.
3320 2518 3410 2584 Δ.;

239 2508 309 2576 ⁷³)
332 2513 429 2563 hoc
451 2524 561 2562 om.
597 2510 655 2562 B.
678 2538 747 2547 —-
763 2508 889 2576 "‘)'C
913 2525 970 2560 so

236 2577 376 2634 beati
405 2579 627 2633 Macarii
658 2580 727 2632 ad
748 2577 886 2647 ﬁlios
920 2592 1030 2631 om.
1050 2577 1111 2633 Ο.

3104 2448 3320 2517 roferat.
3342 2479 3409 2488 -—

1718 2940 1851 3028 II.

633 3156 1217 3252 EPISTULA
1311 3159 1725 3249 SANCTI
1816 3155 2306 3248 MACARII
2397 3156 2960 3249 AEGYPTII

1312 3348 1473 3408 CUM
1514 3345 1897 3409 VERSlONE
1935 3346 2314 3408 EDITOBIS.

664 3636 775 3689 Sed.
800 3650 891 3686 ms.
916 3648 1085 3699 graec.
1112 3634 1221 3686 Fol.
1253 3634 1309 3684 16
1331 3633 1458 3684 Bibl.
1481 3635 1607 3698 Reg.
1637 3636 1975 3687 Berolinensis
1998 3635 2323 3698 bombycinus
2354 3636 2496 3686 Saec.
2526 3649 2594 3686 xu
2618 3630 2701 3687 v‘el
2722 3648 2809 3686 xm
2838 3634 2926 3684 fol.

232 3749 549 3819 Anteceduut
569 3747 826 3819 epistolam
854 3744 981 3819 inde
1004 3744 1064 3819 ah
1110 3743 1252 3819 initio
1273 3744 1453 3819 codicis
1470 3758 1498 3819 μ
1522 3742 1625 3817 Τοῦ
1648 3745 1785 3819 ὁσίου
1829 3745 2017 3819 Παῖρρς
2035 3747 2171 3819 ἡμῶν
2189 3744 2458 3819 ἑῐακαρίου.
2472 3744 2568 3819 τοῖ’»⁵
2604 3740 3223 3819 ᾼῐγιυιιιντίοιοδομςιξιίοιι3

3227 3744 3418 3803 μιτικαδ

163 3814 293 3861 πάνυ
315 3814 494 3867 πολλῆς
517 3801 742 3870 ὠφελείας
757 3807 1120 3870 πεπληρωμέναι
1142 3807 1246 3866 περὶ
1266 3811 1349 3870 εῇς
1367 3807 1666 3870 ὀφειλομένης
1684 3808 1762 3854 καὶ
1785 3801 2165 3870 πουδὰζομένης
2188 3801 2483 3870 Χριστιᾲνοῖς
2499 3801 2815 3870 τελειοτὴτος»
2843 3804 2999 3870 :unde
3020 3801 3276 3870 epistolam
3297 3805 3421 3853 hanc

172 3874 403 3921 eiusdem
428 3864 624 3919 liacarii
645 3869 878 3931 Aegyptii
901 3864 1015 3915 esse
1036 3864 1256 3931 apparet.
1281 3864 1554 3931 Notandum
1591 3874 1689 3922 est,
1720 3870 1771 3915 in
1797 3868 1977 3916 codicis
2006 3864 2087 3915 te:
2100 3872 2153 3915 tu
2200 3864 2507 3931 humiliarum
2550 3868 2697 3931 verba
2718 3866 2963 3931 interdum
2990 3864 3223 3931 nonnulla
3246 3878 3419 3931 errore

174 3935 362 3983 librarii
396 3931 660 3990 excidisse,
694 3924 825 3991 quod
876 3942 936 3991 an
974 3924 1258 3991 nonetiam
1288 3929 1611 3991 in_epistoiae
1658 3934 1799 3991 textu
1824 3941 2191 3991 nonnunquam
2235 3928 2489 3989 amiderit,
2530 3929 2698 3976 dicere
2746 3928 2956 3975 haesito.
2991 3926 3066 3974 De
3096 3924 3265 3974 codice
3308 3925 3420 3975 vide

177 3996 544 4045 Pulmonum
572 3992 630 4041 ad
648 3986 932 4040 'Sfllacarii
955 3990 1189 4053 Aegyptii
1216 3986 1453 4039 Hominis
1477 3986 1601 4038 infra
1627 3989 1722 4040 eol.
1743 3990 1967 4038 447448.

183 4144 295 4197 Τοῦ
316 4140 506 4195 αὐτοῦ
544 4140 719 4209 ἁγίου
748 4140 1055 4209 Μακαρίου
1079 4135 1370 4204 ἐπιστολὴ
1395 4137 1626 4206 μεγάλη
1654 4136 1753 4190 καὶ
1781 4140 1824 4199 C
1855 4134 2104 4191 Eiusdem
2136 4136 2307 4189 sancti
2327 4134 2550 4188 Macarii
2594 4132 2813 4204 epistola
2845 4150 3042 4202 magna
3078 4141 3127 4186 et
3154 4132 3415 4203 perutilis.

676 4208 837 4261 πάνυ
881 4208 1175 4276 ὠφέλιμος
1201 4209 1265 4274 ³).

251 4301 548 4355 Γινώσκειν
594 4297 852 4369 βούλομαι
880 4300 981 4369 τὴν
1013 4297 1227 4350 σύνεσίν
1256 4312 1351 4349 σου
1374 4334 1390 4360 ,
1424 4296 1506 4350 ὅτι
1536 4294 1643 4367 χρὴ
1668 4296 1758 4349 τὸν

178 4394 387 4445 τέλειον
416 4390 586 4459 ἄνδρα
610 4388 983 4459 ἀφιερωμένον
1008 4387 1345 4456 τυγχάνοντα
1370 4386 1444 4457 μὴ
1472 4387 1631 4456 μόνον
1659 4387 1757 4440 αὑ-

180 4483 272 4535 τὸν
300 4482 358 4533 ὲν
375 4477 499 4547 Θεῷ
532 4474 693 4541 εἶναι,
724 4476 862 4531 ἀλλὰ
890 4476 1097 4530 καὶτὸν
1115 4477 1247 4532 Θεὸν
1274 4478 1331 4530 ἐν
1367 4476 1536 4548 αὐτῷ·
1570 4475 1757 4539 καθώς

183 4587 349 4641 φησιν
389 4570 420 4620 ὁ
448 4568 662 4637 κύριος·
697 4570 730 4620 ό
769 4567 968 4635 μένων
994 4567 1063 4618 ὲν
1092 4566 1223 4635 ἐμοί
1244 4607 1259 4632 ,
1294 4567 1455 4636 κάγὼ
1482 4567 1551 4619 ἐν
1574 4565 1755 4630 αὐτῷ.

179 4662 262 4715 δεῖ
288 4661 401 4731 γὰρ
442 4660 534 4711 τὸν
572 4656 669 4710 τοῦ
698 4656 837 4712 Θεοῦ
881 4656 1165 4725 ἄνθρωπον
1196 4656 1293 4710 καὶ
1330 4658 1662 4727 παροικῆσαι
1697 4660 1754 4709 ὲν

182 4752 261 4821 τῷ
294 4750 614 4821 σκηνώματι
646 4747 725 4818 τῷ
757 4747 955 4817 θεῖκῷ,
990 4749 1083 4801 καὶ
1116 4748 1533 4819 κατασκηνῶσαι
1580 4751 1638 4800 ἐν
1676 4746 1754 4818 τῷ

182 4844 327 4911 ἁγίῳ
353 4842 469 4913 ὄρει
499 4841 598 4911 τῆς
630 4840 897 4909 ἀχράντου
929 4838 1201 4909 Θεότητος,
1236 4840 1323 4891 ἵνα
1355 4840 1429 4909 μὴ
1462 4840 1621 4909 μόνον
1655 4857 1753 4891 πε-

187 4936 385 5006 ριέχων
399 4928 455 5003 ᾗ,
481 4932 615 4984 ἀλλὰ
639 4930 730 4983 καὶ
744 4929 1127 5000 περιεχόμενος
1150 4929 1255 4981 ὑπὸ
1274 4930 1373 4999 τῆς
1394 4929 1552 4999 δόξης
1566 4928 1659 4982 τοῦ
1680 4927 1755 4998 μὴ

187 5023 596 5095 συγχωροῦντος
620 5023 663 5093 ¹)
713 5021 1276 5075 καταδυναστεύεσθαι
1338 5022 1443 5075 ὑπὸ
1508 5023 1606 5091 τῆς
1658 5020 1756 5073 τοῦ

189 5120 415 5179 σκότους
433 5114 709 5187 ἐνεργείας
746 5113 853 5166 τῶν
904 5112 1113 5167 παθῶν,
1155 5111 1425 5183 ἁγιασμοῦ
1446 5111 1553 5181 γὰρ
1602 5110 1757 5181 χάριν

189 5210 286 5262 καὶ
309 5209 412 5279 τῆς
432 5208 639 5269 οἰκείας
664 5204 928 5268 ἀπαθείας
951 5206 1150 5259 ἐνοικεῖ
1170 5207 1282 5268 τοῖς
1309 5204 1479 5267 ἀξίοις
1502 5206 1531 5257 ὁ
1554 5204 1752 5271 σωτήρ,

194 5302 281 5355 ἵνα
315 5301 443 5364 καὶ,
477 5300 551 5362 ὡς
579 5297 737 5361 αὐτὸς
766 5295 984 5367 ἀπαθὴς
1014 5296 1277 5367 τυγχάνῃ,
1320 5293 1412 5347 καὶ
1440 5294 1568 5356 τοὺς
1608 5291 1758 5355 δεξα-

1925 4287 2088 4357 199
2111 4286 2455 4356 Cognoscere
2497 4285 2659 4355 cupio
2699 4294 2943 4340 mentem
2980 4294 3151 4348 tuam,
3183 4299 3253 4337 an
3292 4300 3420 4339 cen-

1851 4393 1972 4433 seas
2005 4393 2228 4432 necesse
2265 4392 2384 4432 esse
2423 4377 2701 4446 perfectus
2729 4376 2832 4441 vir,
2861 4375 2956 4445 qui
2996 4375 3068 4429 sit
3110 4376 3417 4431 sanctiﬁca-

1853 4478 1961 4535 tus,
1989 4484 2100 4523 non
2143 4469 2320 4523 solum
2360 4468 2477 4538 ipse
2503 4468 2559 4522 in
2584 4468 2697 4522 Deo
2721 4468 2811 4530 sit,
2846 4466 2941 4521 sed
2971 4476 3028 4521 ct
3064 4467 3209 4521 Deus
3234 4467 3289 4521 in
3330 4483 3417 4532 eo,

1852 4558 1994 4611 sicut
2024 4557 2099 4610 ait
2126 4556 2424 4610 Dominus:
2450 4558 2538 4626 qui
2570 4564 2746 4610 manet
2764 4558 2819 4608 in
2840 4572 2942 4618 me,
2978 4564 3026 4609 et
3047 4572 3138 4626 ego
3155 4558 3212 4610 in
3237 4573 3297 4610 eo
3319 4557 3419 4628 (Ι).

1858 4648 2084 4718 Oportet
2112 4648 2257 4703 enim
2280 4648 2376 4702 Dei
2401 4648 2678 4702 hominem
2707 4656 2763 4702 et
2799 4649 3049 4702 habitare
3080 4648 3135 4701 in
3167 4648 3421 4703 taberna-

1860 4741 1984 4795 culo
2033 4740 2256 4803 divino,
2291 4750 2347 4794 et
2410 4755 2617 4809 ponere
2666 4739 3079 4795 tabernaculum
3125 4738 3181 4793 in
3234 4748 3424 4794 sancto

1861 4841 2044 4887 monte
2068 4831 2445 4885 immaculatae
2478 4830 2728 4895 Deitatis,
2762 4839 2821 4884 ut
2854 4846 2963 4884 non
2984 4831 3159 4884 solum
3185 4830 3423 4884 circum-

1862 4922 1974 4987 det,
2009 4922 2103 4977 sed
2130 4922 2295 4976 etiam
2322 4921 2689 4977 circumdatus
2714 4922 2785 4977 sit
2809 4921 2980 4990 gloria
3010 4920 3151 4984 eius,
3188 4921 3281 4989 qui
3312 4936 3421 4975 non

1861 5016 2065 5085 patitur
2096 5014 2268 5085 redigi
2310 5029 2436 5069 eum
2480 5014 2583 5069 sub
2619 5021 2942 5083 potestatem
2987 5012 3336 5066 tenebrarum
3362 5028 3425 5067 ac

1860 5106 2194 5174 passionum.
2240 5103 2697 5159 Sanctiﬁcationis
2729 5104 2877 5158 enim
2920 5112 2977 5157 et
3003 5102 3256 5172 propriae
3290 5117 3421 5171 apa-

1860 5196 2007 5252 thiae
2047 5196 2218 5266 gratia
2245 5196 2514 5250 inhabitat
2550 5196 2727 5266 dignis
2754 5195 3019 5258 Salvator,
3045 5204 3124 5256 ut,
3157 5194 3419 5262 quemad-

1863 5289 2083 5343 modum
2102 5288 2217 5358 ipse
2236 5287 2547 5358 passionum
2565 5304 2760 5360 expers
2776 5294 2879 5351 est,
2897 5285 2971 5341 ita
2986 5286 3150 5341 etiam
3170 5286 3310 5351 illos,
3328 5286 3419 5355 qui

1470 5444 1723 5500 VARLAE
1760 5442 2156 5499 LECTlONES.

265 5550 307 5619 ι)
334 5546 472 5603 Cod.
502 5542 777 5615 ὁςέλιμος.
806 5573 875 5585 -—
904 5544 949 5612 ’)
986 5539 1123 5601 Cod.
1172 5537 1589 5611 συγχοροῦντος.

1699 5693 1946 5751 NOTAE.

272 5802 496 5873 (1)1011.
526 5800 639 5864 xv.
675 5800 725 5855 δ.
