4266 6356
855 408 955 465 ιιι

2146 400 2201 456 S.
2243 399 2521 457 MACARII
2558 397 2874 456 AEGY‘PTII

3969 385 4073 442 812

854 542 982 581 eum
998 532 1340 595 receperunt,
1370 538 1398 578 a
1431 522 1772 594 passionibus
1800 521 2014 585 liberet,
2046 521 2148 574 iam
2177 536 2285 575 non
2306 523 2416 592 agi-
2443 532 2488 585 Α
2519 539 2539 589 ι

2393 552 2416 562 -
2443 532 2488 585 Α
2519 523 2710 589 μένους
2739 519 2901 574 αὐτὸν
2931 517 3158 579 ἀπαθεῖς
3184 513 3600 583 κατασκευάσῃ.
3633 511 3831 581 μηκέτι
3869 507 4075 559 κλυδω-

856 628 998 673 tatos
1023 629 1079 672 ct
1119 617 1466 670 circumlatos
1502 615 1694 683 quovis
1730 622 1912 668 vento.
1963 612 2101 667 Sunt
2141 613 2289 666 enim
2317 613 2408 682 qui

855 727 964 764 non
1003 711 1163 764 modo
1187 710 1288 779 ipsi
1315 709 1506 778 procul
1533 722 1562 760 a
1590 706 1793 761 Christi
1822 705 2096 776 mysteriis
2128 705 2406 774 degentes,

852 816 1043 855 verum
1073 800 1234 853 etiam
1273 797 1536 866 proximis
1572 803 1758 864 potum
1791 792 2040 846 sordidae
2071 792 2410 860 corruptelae

854 893 1198 962 praebentes,
1231 891 1516 944 veritatem
1560 888 1654 941 Dei
1693 887 1757 954 in
1805 885 2071 939 iniustitia
2109 884 2406 946 detineant,

852 986 910 1038 in
935 985 1155 1052 quibus,
1181 983 1375 1051 inquit,
1411 980 1573 1049 200
1605 979 1740 1048 quod
1775 987 1952 1029 notum
1980 983 2052 1028 est
2076 974 2194 1037 Dei,
2230 976 2406 1026 mani-

853 1075 1041 1144 festum
1067 1075 1198 1144 est(l
1222 1074 1258 1144 ).
1278 1073 1410 1126 Nam
1437 1072 1561 1124 vani
1593 1071 1646 1124 in
1662 1066 2080 1138 cogitationibus
2104 1065 2214 1119 suis
2232 1075 2286 1118 et
2315 1063 2411 1116 ob-

852 1165 999 1218 scuri
1029 1164 1083 1217 in
1119 1162 1396 1231 insipienti
1418 1160 1581 1214 corde
1614 1174 1710 1212 suo
1735 1158 1883 1219 facti,
1911 1156 2100 1210 dicunt
2138 1153 2412 1208 naturales

849 1270 969 1310 esse
986 1265 1041 1308 et
1058 1271 1088 1307 a
1111 1255 1222 1307 Deo
1243 1259 1553 1322 procreatas
1577 1248 1856 1319 passiones
1885 1246 2232 1318 ignominiae,
2251 1243 2408 1297 volu-

852 1352 1057 1412 ptatem
1105 1343 1321 1410 inquam
1349 1338 1733 1408 corruptionis,
1771 1346 1825 1391 et
1857 1337 2096 1390 animum
2126 1335 2407 1398 iniustum,

854 1437 988 1489 iram
1021 1435 1355 1496 indecoram,
1396 1448 1506 1486 non
1544 1430 1840 1486 secundum
1880 1430 2049 1484 Deum
2082 1438 2304 1490 motam,
2356 1435 2412 1481 et

852 1525 955 1576 alia
979 1520 1268 1574 eiusmodi.

917 1612 1025 1665 Nos
1057 1611 1221 1678 igitur
1248 1617 1300 1662 et
1325 1609 1445 1662 illos
1470 1617 1525 1659 et
1547 1622 1708 1661 voces
1731 1622 1917 1660 eorum
1945 1616 2196 1674 tanquam
2219 1621 2247 1658 a
2281 1621 2409 1674 pro-

849 1703 1026 1773 posito
1047 1703 1363 1755 aberrantes
1381 1700 1573 1752 missos
1592 1698 1870 1759 facientes,
1892 1696 2300 1750 consideremus
2341 1697 2410 1748 li-

850 1794 1076 1848 bertatis
1110 1791 1396 1845 arbitrium
1448 1789 1515 1841 ab
1549 1804 1614 1842 eo
1645 1788 1802 1841 nobis
1829 1788 2012 1840 datum
2045 1785 2138 1854 qui
2165 1785 2410 1840 condidit

851 1897 968 1946 nos,
1005 1890 1065 1934 ut
1094 1881 1148 1933 iu
1187 1887 1372 1933 nostra
1415 1885 1677 1946 potestate
1710 1878 1780 1929 sit
1819 1886 1874 1929 et
1894 1877 2116 1929 meliora
2156 1884 2409 1944 appetere

847 1981 906 2027 et
943 1988 972 2025 a
1012 1971 1293 2041 peioribus
1328 1970 1622 2023 abstinere.
1662 1968 1846 2036 Neque
1876 1967 2020 2022 enim
2049 1967 2223 2020 iustus
2247 1967 2409 2020 iudex

846 2064 1068 2135 puniret
1087 2079 1185 2117 nos
1200 2061 1543 2131 passionibus
1564 2059 1830 2120 subditos,
1857 2059 1899 2111 si
1923 2060 2034 2127 ipse
2054 2067 2199 2112 esset
2219 2072 2407 2111 earum

864 2162 1073 2208 auctor.
1114 2155 1313 2223 Apage,
1372 2153 1570 2213 iubeo,
1624 2165 1812 2219 apage,
1855 2165 2032 2218 neque
2069 2150 2125 2202 in
2170 2159 2407 2202 mentem

844 2246 1050 2300 venias.
1089 2243 1464 2298 Abominanda
1506 2242 1650 2295 enim
1697 2241 1842 2295 omni
1876 2241 1996 2310 piae
2037 2240 2203 2294 menti
2243 2253 2408 2308 prava

847 2337 938 2391 illa
976 2345 1031 2391 et
1052 2336 1212 2391 stulta
1235 2335 1501 2390 doctrina.
1533 2333 1666 2388 Nam
1704 2334 2031 2387 mundarum
2060 2340 2115 2386 et
2134 2331 2292 2384 valde
2313 2330 2408 2384 bo-

846 2442 1038 2482 narum
1077 2435 1392 2480 naturarum
1420 2424 1598 2494 opifex
1633 2425 1794 2486 Deus,
1817 2425 1958 2478 sicut
1983 2423 2260 2493 praedicat
2281 2422 2404 2492 Spi-

845 2519 987 2573 ritus
1021 2526 1242 2572 sanctus
1267 2515 1321 2569 in
1375 2515 1564 2569 mundi
1611 2514 2078 2569 creatione:Ecce
2122 2517 2280 2576 enim,
2319 2515 2405 2567 in-

845 2609 984 2680 quit,
1034 2615 1220 2661 cuncta
1242 2605 1394 2660 valde
1416 2605 1549 2658 bona
1580 2605 1676 2675 (2).
1707 2606 1969 2660 Jeremias
1994 2614 2174 2658 autem
2216 2606 2406 2674 lugens

843 2713 903 2756 et
941 2700 1225 2768 ambigens
1263 2698 1329 2751 de
1378 2692 1690 2765 passionum
1737 2696 2031 2766 ignominia
2079 2713 2091 2748 :
2128 2695 2401 2758 Dominus,

845 2794 1041 2862 inquit,
1066 2809 1168 2845 non
1202 2792 1329 2844 dixit
1353 2809 1369 2844 :
1395 2791 1518 2855 Quis
1544 2798 1615 2843 est
1638 2789 1735 2842 iste
1755 2791 1841 2857 qui
1859 2790 1987 2841 dixit
2019 2798 2076 2840 ut
2101 2789 2270 2856 ﬁeret,
2295 2789 2402 2841 Do—

845 2888 986 2939 mino
1010 2903 1110 2938 non
1133 2885 1338 2937 iubente
1365 2883 1490 2936 ?Ea:
1534 2898 1621 2935 ore
1640 2881 1894 2935 Altissimi
1929 2897 2030 2932 non
2075 2882 2403 2949 egredientur

847 2976 1013 3040 mala,
1036 2977 1123 3029 sed
1157 2975 1287 3027 bona
1317 2973 1414 3043 (5).
1443 2973 1509 3026 Et
1537 2973 1736 3026 iterum
1769 2970 2119 3039 interrogatio
2142 2970 2194 3022 in
2228 2971 2403 3023 Evan-

845 3067 986 3135 gelio
1019 3065 1086 3117 ad
1115 3065 1402 3118 Dominum
1435 3064 1502 3116 ab
1552 3061 2012 3118 intellectualibus
2041 3060 2401 3128 potestatibus

845 3155 1004 3208 facta.
1023 3154 1260 3217 Domine,
1279 3154 1450 3214 aiunt,
1476 3169 1644 3205 nonne
1664 3153 1850 3204 bonum
1865 3163 2038 3203 semen
2059 3151 2324 3202 seminasti
2345 3152 2397 3202 in

846 3264 975 3317 agro
1001 3257 1086 3299 tuo
1117 3247 1141 3298 ?
1163 3245 1306 3300 Unde
1329 3246 1455 3298 haec
1479 3243 1682 3296 zizania
1709 3241 1782 3310 (4)
1804 3241 1988 3294 ?Alibi
2007 3255 2137 3294 vero
2161 3239 2405 3292 Salvator

843 3337 959 3406 ipse
998 3337 1064 3390 de
1114 3335 1307 3389 iisdem
1365 3334 1498 3386 dicit
1534 3350 1546 3385 :
1581 3331 1757 3386 Omnis
1790 3331 2072 3400 plantatio,
2109 3347 2266 3400 quam
2308 3347 2410 3383 non

843 3427 1263 3498 plantavitPater
1277 3424 1885 3487 coelestis,eradicabitur
1900 3423 1972 3492 (5)
1983 3421 2226 3476 .Omnem
2242 3424 2408 3485 enim,

861 3540 1000 3594 quae
1027 3539 1094 3580 ex
1138 3525 1249 3578 Deo
1289 3524 1379 3585 sit,
1423 3521 1809 3591 plantationem
1853 3534 1971 3573 esse
2007 3519 2204 3572 bonam
2243 3528 2412 3572 testa-

841 3623 934 3669 tur
979 3615 1200 3677 Paulus,
1220 3615 1276 3668 in
1299 3629 1407 3682 quo
1450 3611 1698 3666 Christus
1726 3611 2011 3678 loquitur:
2061 3609 2195 3673 Quia
2235 3611 2402 3662 omnis

841 3715 1084 3759 creatura
1107 3704 1204 3758 Dei
1236 3705 1370 3758 bona
1398 3713 1471 3756 est
1499 3702 1593 3773 (6).
1620 3703 1663 3757 E
1685 3701 1885 3771 quibus
1909 3701 2168 3770 intellige,
2191 3712 2408 3755 nostras

2507 611 2819 682 νιζομένους
2851 611 2945 662 καὶ
2976 607 3434 677 περιφερομένους
3461 604 3566 657 ὑπὸ
3604 601 3808 663 παντὸς
3838 598 4070 666 ἀνέμου.

2507 705 2612 756 εἰσὶ
2636 704 2743 772 γάρ
2772 718 2934 763 τινες,
2964 701 3013 752 οἶ
3041 699 3101 752 οῦ
3135 701 3293 768 μόνον
3330 698 3484 752 αὑτοὶ
3517 693 3798 765 πόρρωθεν
3829 690 3946 743 τῶν
3977 689 4072 741 τοῦ

2507 793 2739 863 Χριστοῦ
2770 790 3079 861 μυστηρίων
3114 788 3485 856 τυγχάνοντες,
3513 782 3648 837 ἀλλὰ
3673 783 3764 836 καὶ
3787 782 3917 844 τοὺς
3945 777 4076 848 τελη-

2511 888 2624 940 σίον
2675 886 2980 949 ποτίζοντες
3019 881 3330 950 ἀνατροπὴν
3367 879 3590 949 θολεράν
3617 878 3655 941 ⁸,
3683 876 3779 945 τὴν
3812 874 4074 942 ἀλήθειαν

2507 977 2598 1029 τοῦ
2619 975 2750 1029 Θεοῦ
2779 977 2834 1026 ὲν
2860 971 3040 1042 ἀδικίᾳ
3063 971 3403 1038 κατέχουσιν·
3436 971 3492 1020 ὲν
3517 961 3618 1030 οἷς,
3653 964 3806 1034 φησί,
3829 965 3897 1016 τὸ
3927 981 4075 1032 τνω-

2508 1068 2658 1123 στὸν
2695 1067 2802 1119 τοῦ
2836 1064 2980 1118 Θεοῦ
3006 1063 3265 1131 φανερόν
3302 1060 3491 1113 ἐστιν.
3527 1054 3930 1127 ματαιωθέντες
3965 1052 4075 1122 γάρ

2509 1162 2567 1213 ἐν
2605 1160 2716 1219 τοῖς
2755 1155 3116 1222 διαλογισμοῖς
3148 1151 3348 1212 αὐτῶν,
3388 1150 3482 1201 καὶ
3515 1146 3889 1208 σκοτισθέντες
3929 1147 4074 1197 κατὰ

2507 1249 2604 1320 τὴν
2637 1246 2890 1300 ἀσύνετον
2918 1243 3095 1296 αὐτῶν
3137 1242 3378 1313 καρδίαν,
3411 1241 3673 1307 φάσκουσι
3701 1237 3908 1307 φυσικά
3931 1229 4076 1296 εἶναι

2508 1340 2603 1391 καὶ
2635 1339 2698 1389 ὲκ
2721 1336 2854 1388 Θεοῦ
2881 1331 3204 1401 γεγενῆσθαι
3225 1333 3293 1384 τά
3317 1330 3464 1398 πάοη
3493 1330 3590 1396 τῆς
3613 1329 3855 1398 ἀτιμίας,
3877 1327 4076 1395 ἡδονὴν

2509 1430 2650 1497 λέγω
2684 1428 2909 1498 φθορᾶς,
2944 1426 3037 1479 καὶ
3070 1424 3238 1494 θυμὸν
3268 1424 3472 1486 ἄδικον,
3511 1421 3680 1492 ὀργὴν
3709 1420 3962 1491 ἀπρεπῆ,
3997 1420 4074 1489 μὴ

2509 1520 2649 1572 κατὰ
2673 1522 2806 1575 Θεὸν
2833 1519 3180 1586 κινουμένην,
3216 1516 3308 1568 καὶ
3337 1516 3438 1567 ὅσα
3473 1513 3714 1566 τοιαῦτα.

2589 1611 2778 1679 Ἡμεῖς
2806 1609 2986 1661 τοίνυν
3014 1607 3207 1670 αὐτούς
3237 1624 3296 1658 τε
3327 1606 3421 1659 καὶ
3447 1605 3548 1668 τὰς
3575 1603 3754 1672 φωνὰς
3784 1601 3972 1655 αὐτῶν
3999 1602 4075 1662 ὡς

2509 1703 2779 1773 ὲκτροπάς
2829 1701 3109 1764 ἐάσαντες,
3156 1697 3466 1767 ὲπιγνῶμεν
3509 1696 3608 1766 τὴν
3654 1695 3898 1748 δοθεῖσαν
3939 1696 4075 1762 ἡμῖν

2509 1795 2604 1864 τῆς
2637 1794 2945 1864 ἐλευθερίας
2981 1792 3422 1859 αὐτεξουσιότητα
3461 1788 3611 1858 παρά
3651 1787 3744 1839 τοῦ
3784 1786 4075 1848 κτίσαντος

2442 1863 2481 1917 Β
2511 1863 2690 1953 ἡμᾶς,
2743 1863 2837 1936 ἵνα
2875 1883 2958 1952 ἐφ’
3000 1886 3136 1953 ,ἡμῖν
3263 1884 3324 1935 τὸ
3366 1882 3409 1950 ²)
3453 1885 3546 1934 καὶ
3589 1880 3694 1934 τῶν
3745 1879 4076 1950 κρειττόνων

2509 1978 2823 2048 ὀρέγεσθαι,
2857 1979 2950 2031 καὶ
2985 1979 3093 2031 τῶν
3123 1978 3377 2047 χειρόνων
3411 1974 3728 2046 ἀπέχεσθαι.
3761 1974 3820 2026 ού
3862 1972 3976 2042 γὰρ
4009 1972 4075 2023 ἂν

2507 2071 2536 2122 ὁ
2560 2070 2764 2130 δίκαιος
2804 2069 2994 2139 κριτὴς
3037 2069 3291 2131 ἐκόλαζεν
3317 2069 3462 2137 ἡμᾶς
3501 2067 3924 2136 ἑνεργουμένους
3970 2063 4077 2115 ὑπὸ

2508 2162 2615 2213 τῶν
2641 2161 2845 2226 παθῶν,
2869 2162 3025 2231 εἴπερ
3046 2155 3114 2231 ἦν
3147 2159 3306 2222 αὐτὸς
3336 2159 3514 2210 αὐτῶν
3546 2159 3795 2226 ποιητής.
3856 2155 4068 2223 ἄπαγε.

2507 2251 2828 2324 παρακαλῶ,
2852 2253 3050 2319 ἄπαγε,
3087 2251 3220 2322 μηδὲ
3251 2252 3330 2315 εἰς
3353 2250 3556 2303 ἔννοιαν
3576 2248 3755 2318 ἔλθῃς·
3783 2247 4077 2316 βδελυκτὺν

2505 2347 2614 2418 γὰρ
2645 2347 2823 2417 πάσης
2861 2346 3115 2410 εὐσεϐοῦς
3157 2346 3396 2407 διανοίας
3440 2344 3502 2397 τὸ
3544 2345 3740 2398 ἄτοπον
3779 2342 3942 2397 τοῦτο
3981 2345 4078 2398 καὶ

2503 2435 2696 2510 εὔηθες
2726 2439 2920 2508 δόγμα.
2955 2437 3207 2508 καθαρῶν
3236 2437 3345 2506 γάρ
3374 2436 3467 2489 κα)⁵
3496 2435 3617 2489 λίαν
3645 2435 3825 2489 καλῶν
3854 2434 4076 2502 φύσεων

2503 2530 2832 2600 δημιουργὸς
2852 2531 2880 2582 ὁ
2901 2529 3049 2592 Θεόςο
3072 2527 3252 2591 καθὼς
3277 2526 3580 2597 διαγορεύει
3599 2527 3660 2580 τὸ
3679 2527 3832 2595 ἅγιον
3854 2527 4079 2596 πνεῦμα

2505 2623 2563 2674 ὲν
2603 2625 2669 2691 τῇ
2715 2622 3058 2691 κοσμοποιτᾳ·
3099 2620 3226 2674 ιὸοὺ
3279 2621 3408 2688 γάρ,
3459 2619 3619 2688 φησί,
3672 2618 3866 2671 πάντα
3913 2620 4079 2670 καλὰ

2502 2714 2660 2766 λίαν.
2675 2711 2938 2782 Ἱερεμίας
2968 2711 3024 2764 δὲ
3059 2710 3378 2780 ὀδυρόμενος
3420 2711 3515 2763 καὶ
3546 2707 3906 2779 ἀμφισϐητῶν
3946 2710 4078 2776 περὶ

2501 2804 2598 2872 τῆς
2618 2801 2726 2854 τῶν
2751 2802 2937 2855 παθῶν
2961 2801 3202 2871 ἀτιμίας·
3227 2802 3449 2868 κύριος,
3480 2801 3633 2870 φησί,
3658 2802 3768 2854 οὐκ
3795 2795 3949 2852 εἶπε·
3984 2801 4083 2863 τίς

2502 2890 2686 2953 οὕτως
2710 2890 2729 2919 ³
2751 2885 2879 2942 εἶπε
2902 2889 2998 2942 καὶ
3033 2888 3284 2956 ἐγενήθη
3306 2889 3542 2955 nuptae
3567 2889 3676 2940 οὐκ
3708 2887 4074 2944 ἐνετείλατο,

2499 2979 2567 3030 ἐκ
2601 2980 2892 3047 στόματος
2919 2979 3182 3046 ὑψίστου
3214 2980 3324 3030 οὐκ
3355 2977 3730 3040 ἐξελεύσεται
3764 2976 3835 3026 τὰ
3878 2973 4038 3026 κακά
4058 3014 4074 3032 ,

2504 3069 2664 3123 ἀλλὰ
2691 3071 2760 3121 τὰ
2789 3068 2996 3136 ἀγαθά.
3034 3069 3127 3121 καὶ
3158 3064 3310 3129 αὖθις
3339 3070 3371 3136 ἡ
3405 3069 3461 3120 ὲν
3493 3067 3570 3135 τῷ
3600 3066 3903 3133 εὐαγγελίῳ
3935 3065 4078 3134 πρὸς

2505 3158 2593 3210 τὸν
2619 3156 2803 3228 κύριον
2830 3157 3163 3226 ἐπερώτησις
3179 3157 3285 3209 τῶν
3306 3156 3534 3223 λογικῶν
3558 3155 3854 3223 δυνάμεωνο
3877 3155 4070 3220 κύριε,

2505 3248 2688 3315 φησίν,
2716 3249 2786 3300 οὺ
2807 3249 2996 3300 καλὸν
3023 3247 3257 3316 σπέρμα
3279 3247 3561 3313 ἔσπειρας
3577 3246 3646 3298 ἐν
3667 3246 3744 3309 τῷ
3766 3244 3856 3309 σῷ
3876 3245 4072 3312 time-3;

2505 3341 2686 3391 πόθεν
2710 3337 2882 3390 τοῦτο
2911 3339 2975 3389 τὸ
3010 3335 3290 3399 (Ideor;
3333 3335 3558 3406 ἑτέρωθι
3581 3337 3636 3389 δὲ
3657 3337 3818 3398 αὐτὸς
3834 3339 3863 3390 ὁ
3886 3337 4073 3405 σωτὴρ

2505 3428 2635 3497 περὶ
2662 3428 2770 3479 τῶν
2799 3427 2977 3478 αὐτῶν
3004 3444 3137 3496 φησι
3160 3443 3175 3457 °
3207 3426 3373 3482 πᾶσα
3405 3428 3636 3495 φυτεία,
3665 3426 3744 3493 ἢν
3776 3429 3887 3481 οὐκ
3921 3429 4073 3496 ἐ·φύ-

2507 3535 2722 3572 τευσεν
2748 3519 2780 3571 ὁ
2811 3517 3005 3584 πατὴρ
3035 3519 3067 3571 ό
3095 3517 3165 3570 ὲν
3189 3518 3312 3582 τοῖς
3343 3517 3646 3585 οὐρανοῖς,
3678 3517 4071 3584 ἑκριζωθήσε-

2505 3621 2618 3657 ται.
2652 3604 2773 3656 ’Ότι
2804 3603 2910 3674 γάρ
2931 3605 3077 3656 πᾶσα
3116 3605 3150 3674 ή
3184 3606 3248 3657 ὲκ
3274 3607 3410 3660 Θεοῦ
3434 3606 3627 3673 φυτεία
3655 3607 3828 3675 καλή,
3863 3625 4074 3676 μαρτυ-

2511 3698 2592 3765 ρεῖ
2620 3695 2848 3759 Παῦλος,
2879 3697 2938 3748 ὲν
2974 3691 3017 3764 ᾧ
3047 3698 3075 3750 ὁ
3102 3697 3333 3768 Χριστὸς
3368 3697 3542 3750 λαλεῖ·
3578 3699 3665 3752 ὅτι
3698 3699 3822 3754 πᾶν
3846 3703 4073 3769 κτίσμα

840 3811 950 3849 non
987 3809 1107 3848 esse
1131 3794 1414 3863 passiones
1453 3793 1510 3846 in
1547 3791 1706 3846 nobis
1745 3791 2073 3853 reconditas,
2121 3790 2217 3845 sed
2270 3791 2404 3844 alie-
2496 3789 2525 3840 ε

2383 3821 2404 3830 -
2496 3786 2644 3840 Θεοῦ
2676 3788 2883 3841 καλὸν.
2927 3788 3158 3853 γίνωσκε
3188 3789 3384 3853 τοίνυν,
3418 3789 3494 3859 μὴ
3534 3790 3774 3860 ἡμέτερα
3812 3786 3950 3843 εἶναι
3998 3792 4068 3844 τά

841 3902 958 3940 nas.
981 3886 1113 3940 Nam
1141 3903 1154 3938 :
1179 3885 1241 3937 ab
1264 3883 1477 3937 occultis
1500 3884 1650 3945 meis,
1674 3882 1870 3950 inquit,
1897 3882 2094 3935 munda
2126 3898 2229 3944 me,
2259 3891 2306 3934 et
2335 3882 2398 3934 ab

843 3974 1027 4028 alienis
1072 3990 1229 4045 parce
1266 3989 1411 4027 servo
1437 3982 1523 4025 tuo
1551 3972 1646 4042 (7).
1671 3972 1736 4025 Et
1763 3989 1774 4024 :
1801 3972 1969 4025 Alieni
2003 3973 2403 4024 insurrexerunt

842 4066 1116 4118 adversum
1141 4081 1242 4126 me,
1261 4073 1307 4116 et
1324 4064 1479 4132 fortes
1506 4063 1840 4132 quaesierunt
1869 4064 2102 4114 animam
2128 4062 2400 4131 meam(8).

841 4154 942 4208 Et:
970 4154 1177 4215 Judica,
1196 4153 1678 4214 Domine,nocentes
1702 4167 1802 4214 me,
1829 4167 2066 4220 expugna
2091 4152 2404 4221 impugnan-

841 4250 915 4295 tes
940 4258 1019 4295 me
1066 4241 1162 4310 (9).
1189 4240 1530 4308 Quae£igitur
1554 4239 1787 4300 occulta,
1829 4239 1915 4291 vel
1936 4237 2029 4306 qui
2062 4247 2320 4292 nocentes
2345 4249 2402 4294 et

841 4331 1241 4401 impugnautes,
1301 4330 1387 4383 vel
1426 4331 1518 4397 qui
1567 4329 1720 4396 201
1785 4328 1978 4391 alieni,
2016 4327 2122 4382 nisi
2166 4329 2400 4383 malitiae

841 4423 1067 4490 spiritus
1099 4420 1301 4476 Christi
1331 4420 1631 4473 virtutibus
1672 4419 1950 4488 oppositi?

2509 3879 3026 3949 ἑναποκεκρυμμένα
3065 3882 3200 3950 ἡμῖν
3245 3881 3412 3949 πάθη,
3447 3881 3581 3954 ἀλλὰ
3608 3882 3649 3948 ⁸)
3688 3881 3961 3952 ἀλλότρια.
3999 3885 4071 3936 ἐκ

2506 3966 2626 4020 τῶν
2658 3970 2925 4036 κρυφίων
2944 3986 3062 4037 μου
3095 3970 3225 4039 γάρ,
3261 3970 3413 4040 φησί,
3455 3971 3780 4039 καθάρισον
3813 3990 3890 4041 με
3911 4012 3925 4033 ,
3966 3976 4065 4026 καί

2506 4060 2620 4112 ἀπὸ
2654 4061 2982 4128 ἀλλοτρίων
3017 4061 3217 4129 φεῖσαι
3246 4063 3349 4116 τοῦ
3383 4063 3605 4117 δούλου
3634 4079 3768 4118 σου.
3801 4065 3925 4116 καί·
3955 4066 4067 4118 ἁλ-

2503 4151 2726 4217 λότριοι
2745 4151 3167 4219 ἐπανέστησαν
3183 4153 3273 4206 ἐπ’
3296 4157 3418 4223 ἐμὲ,
3448 4154 3542 4207 καὶ
3570 4155 3828 4222 κραταιοί
3859 4155 4066 4221 ἐζήτη-

2506 4258 2626 4295 σαν
2667 4242 2781 4309 τὴν
2825 4246 3036 4321 ψυχήν
3078 4263 3217 4314 μου.
3264 4247 3379 4299 καί·
3426 4246 3695 4311 δίκασον,
3718 4248 3901 4315 κύριε,
3920 4247 4067 4309 τοὺς

2504 4333 2858 4399 ἀδικοῦντάς
2880 4352 2976 4402 με,
3003 4336 3350 4403 πολέμησον
3368 4338 3510 4403 τοὺς
3535 4335 3947 4405 πολεμοῦντιὴ
3963 4353 4063 4404 με.

2501 4423 2555 4475 τί
2593 4420 2687 4477 οῦν
2722 4425 2789 4477 τὰ
2820 4426 3046 4496 κρύφια,
3079 4427 3111 4498 ἢ
3153 4427 3296 4491 τίνες
3327 4432 3376 4482 οἱ
3407 4427 3719 4490 ἀδικοῦντες
3765 4429 3858 4481 καὶ
3907 4429 4065 4481 πολε-

842 4518 1088 4588 μοῦντες,
1143 4517 1177 4585 ἢ
1205 4517 1348 4578 τίνες
1378 4517 1427 4567 οἱ
1487 4514 1771 4583 ἀλλότριοι,
1801 4517 1847 4567 εἰ
1905 4515 1978 4585 μὴ
2038 4515 2106 4567 τὰ
2134 4517 2231 4584 τῆς
2264 4517 2521 4586 πονηρίας
2552 4519 2831 4589 πνεύματα
2858 4521 2925 4574 τά
2951 4523 3292 4592 ἀντικείμενα
3325 4526 3444 4587 ταῖς
3473 4523 3705 4594 Χριστοῦ
3735 4525 3990 4594 ἀρεταῖς;

910 4634 1158 4697 Attende
1189 4643 1515 4713 diligenter,
1549 4643 2005 4711 quemadmodum
2055 4657 2110 4699 et
2181 4647 2269 4700 lex
2314 4647 2399 4700 di-
2435 4644 2481 4700 D
2573 4652 2595 4703 Ι

2380 4678 2399 4687 -
2435 4644 2481 4700 D
2573 4652 2809 4723 Πρόσεχε
2838 4654 3097 4722 ἀκριϐῶς,
3123 4657 3267 4717 ὅπως
3299 4658 3388 4710 καὶ
3413 4658 3440 4710 ὁ
3464 4659 3624 4728 νόμος
3648 4657 3940 4728 διαρρήδην
3965 4657 4065 4729 βοᾷ

839 4745 983 4790 sorte
1039 4735 1281 4789 clamitet
1337 4735 1404 4789 de
1455 4735 1734 4791 interioris
1803 4737 2040 4791 hominis
2085 4737 2396 4791 munditia:

839 4828 955 4882 Non
997 4829 1312 4898 usurpabis,
1359 4828 1453 4891 ait,
1500 4845 1684 4882 nomen
1724 4828 1934 4881 Domini
1981 4829 2076 4882 Dei
2118 4831 2192 4882 tui
2261 4831 2399 4898 {rus-

2505 4747 2630 4815 περὶ
2668 4747 2764 4816 τῆς
2802 4748 2939 4800 κατά
2967 4749 3055 4801 τὸν
3085 4749 3191 4801 ἔσω
3237 4750 3519 4819 ἄνθρωπον
3560 4751 3955 4821 καθαρότητος·
3989 4753 4064 4804 οὐ

2498 4833 2700 4902 λήψῃ,
2743 4835 2893 4905 φησί,
2938 4836 3003 4889 τὸ
3037 4836 3222 4906 ὄνομα
3254 4841 3462 4905 κυρίου
3499 4838 3608 4895 τοῦ
3630 4841 3774 4895 Θεοῦ
3806 4858 3924 4895 σου
3963 4841 4065 4893 ἐπὶ

2126 4969 2374 5025 VARIAE
2411 4972 2809 5030 LECTIONES.

868 5053 1774 5146 αξ)-ῼϐιξζξξξιξρξξῂν-ρολεράξ.
1809 5055 1860 5146 ος
1887 5058 2185 5146 τιντξςτηνε
2207 5076 2258 5146 κ,
2298 5077 2349 5114 τ.
2385 5061 2433 5114 λ.
2459 5061 2568 5146 ‘l'lbi
2599 5064 2743 5146 haud
2783 5064 2947 5118 dubie
2984 5079 3140 5118 error
3166 5065 3356 5146 calami
3397 5065 3634 5146 irrepsit.
3669 5065 3799 5146 .Sive
3837 5069 3985 5122 enim

838 5128 1311 5207 otnyescorrigif.
1347 5128 1458 5207 SiYe
1480 5128 1543 5207 εἴ
1569 5143 1708 5186 τινες
1741 5128 1776 5207 ἱ..
1827 5139 1876 5176 e.
1911 5145 1938 5207 Α(
1973 5141 2070 5207 fac
2096 5128 2626 5207 quidam_i__retines,_
2655 5135 2754 5186 bae
2806 5150 2967 5188 voces
3021 5137 3291 5202 quomodo
3328 5136 3491 5189 nexui
3514 5128 3805 5191 'orationis
3854 5153 3988 5191 con-

837 5198 1075 5278 veniant,
1115 5209 1225 5278 non
1257 5195 1445 5278 liquet.
1476 5194 1650 5278 Quare
1668 5204 1774 5278 aut
1804 5205 1925 5278 post
1971 5194 2192 5278 ρολεραν
2217 5202 2682 5278 excidisse_v_erba
2719 5207 3007 5267 nonnulla,
3038 5194 3134 5258 aut
3172 5221 3274 5258 vox
3331 5211 3524 5269 οἵτινες
3575 5207 3832 5275 (οἵτινες),
3872 5209 3988 5264 sive

840 5266 1121 5348 relativum
1160 5247 1407 5348 estquod
1437 5247 1749 5348 antecedit,
1794 5247 2021 5345 delenda
2052 5247 2507 5340 :u’)
3036 5247 3164 5344 ΣΞ)
3183 5247 3521 5340 HJ":
3548 5247 3988 5348 οὶῖἑᾶξξᾜκῖὲῖξ

839 5337 894 5391 in
923 5335 1110 5390 codice
1149 5333 1267 5387 sine
1299 5335 1649 5402 apostrOpho,
1687 5344 1747 5388 ut
1785 5336 2002 5404 passim.

2345 5479 2592 5537 NOTAE.

932 5562 983 5625 l)
1023 5562 1239 5625 Rom.I,
1265 5561 1351 5617 I9.

925 5633 991 5702 2)?
1019 5633 1154 5687 Gen.
1175 5635 1238 5702 ει,
1277 5634 1364 5685 51.

935 5705 987 5772 3)
1029 5702 1229 5756 Thren.
1265 5702 1458 5762 III,56.
1488 5703 1574 5759 '57.
1616 5705 1700 5759 58.

901 5770 978 5843 (4)
1020 5772 1206 5843 Matth.
1237 5773 1380 5843 xm,
1421 5774 1507 5826 27.

928 5841 983 5911 5)
1014 5841 1207 5895 Matth.
1234 5842 1345 5906 xv,
1379 5843 1462 5896 15.

2574 5576 2648 5718 (ϐξ
2677 5577 2691 5630 1
2724 5578 2863 5631 Tim.
2889 5579 2975 5640 IV,
3001 5580 3054 5640 ό,

2574 5649 2625 5716 (7
2671 5649 2870 5701 Psalm.
2894 5648 3054 5703 XVIII

2573 5648 2648 5716 (7)
2671 5649 2870 5701 Psalm.
2894 5648 3080 5711 XVIII,
3112 5649 3196 5702 15.
3231 5649 3317 5704 ll.

2571 5719 2648 5786 (8)
2678 5718 2874 5771 Psalm.
2917 5719 3049 5781 LIII,
3081 5719 3132 5772 5.

2574 5725 2626 5786 (δ
2678 5725 2874 5771 Psalm.
2917 5725 3049 5781 LIII,
3081 5725 3132 5772 5.

2574 5725 2648 5858 (θῖ
2681 5787 2876 5841 Psalm.
2905 5788 3139 5854 XXXIV,
3162 5790 3213 5842 l.
