  <div class='ocr_page' id='page_1' title='image "/cluster/home/n/w/nwhite01/storage/ocr_20150623/34/nnc1.0046978860/216.png"; bbox 0 0 4266 6356; ppageno 0'>
   <div class='ocr_carea' id='block_1_1' title="bbox 198 414 308 470">
    <p class='ocr_par' dir='ltr' id='par_1_1' title="bbox 198 414 308 470">
     <span class='ocr_line' id='line_1_1' title="bbox 198 414 308 470; baseline 0.018 -2"><span class='ocrx_word' id='word_1_1' title='bbox 198 414 308 470; x_wconf 72' lang='grc'><strong><em>415</em></strong></span> 
     </span>
    </p>
   </div>
   <div class='ocr_carea' id='block_1_2' title="bbox 1651 412 2049 473">
    <p class='ocr_par' dir='ltr' id='par_1_2' title="bbox 1651 412 2049 473">
     <span class='ocr_line' id='line_1_2' title="bbox 1651 412 2049 473; baseline 0.005 -5"><span class='ocrx_word' id='word_1_2' title='bbox 1651 412 2049 473; x_wconf 82' lang='lat' dir='ltr'><strong><em>EPISTOLAE.</em></strong></span> 
     </span>
    </p>
   </div>
   <div class='ocr_carea' id='block_1_3' title="bbox 3309 411 3421 470">
    <p class='ocr_par' dir='ltr' id='par_1_3' title="bbox 3309 411 3421 470">
     <span class='ocr_line' id='line_1_3' title="bbox 3309 411 3421 470; baseline -0.027 0"><span class='ocrx_word' id='word_1_3' title='bbox 3309 411 3421 470; x_wconf 73' lang='grc' dir='ltr'><strong><em>ιη</em></strong></span> 
     </span>
    </p>
   </div>
   <div class='ocr_carea' id='block_1_4' title="bbox 196 540 1881 623">
    <p class='ocr_par' dir='ltr' id='par_1_4' title="bbox 196 540 1881 619">
     <span class='ocr_line' id='line_1_4' title="bbox 196 540 1881 619; baseline 0.001 -17"><span class='ocrx_word' id='word_1_4' title='bbox 196 546 448 619; x_wconf 80' lang='grc' dir='ltr'>ματαίῳ’</span> <span class='ocrx_word' id='word_1_5' title='bbox 474 549 544 603; x_wconf 81' lang='grc' dir='ltr'>οὐ</span> <span class='ocrx_word' id='word_1_6' title='bbox 566 549 675 617; x_wconf 74' lang='grc' dir='ltr'>γὰρ</span> <span class='ocrx_word' id='word_1_7' title='bbox 698 547 782 617; x_wconf 71' lang='grc' dir='ltr'>μὴ</span> <span class='ocrx_word' id='word_1_8' title='bbox 811 540 1116 616; x_wconf 77' lang='grc' dir='ltr'>καθαρίσει</span> <span class='ocrx_word' id='word_1_9' title='bbox 1153 548 1354 615; x_wconf 81' lang='grc' dir='ltr'>κύριος</span> <span class='ocrx_word' id='word_1_10' title='bbox 1378 547 1490 615; x_wconf 74' lang='grc' dir='ltr'><strong><em>τὴν</em></strong></span> <span class='ocrx_word' id='word_1_11' title='bbox 1517 548 1762 616; x_wconf 75' lang='grc' dir='ltr'><strong><em>καρδίαν</em></strong></span> <span class='ocrx_word' id='word_1_12' title='bbox 1786 552 1837 611; x_wconf 82' lang='grc' dir='ltr'>Λ</span> <span class='ocrx_word' id='word_1_13' title='bbox 1865 561 1881 603; x_wconf 85' lang='lat' dir='ltr'><strong><em>t</em></strong></span> 
     </span>
    </p>
   </div>
   <div class='ocr_carea' id='block_1_5' title="bbox 1731 540 3416 623">
    <p class='ocr_par' dir='ltr' id='par_1_5' title="bbox 1731 552 3416 623">
     <span class='ocr_line' id='line_1_5' title="bbox 1731 552 3416 623; baseline 0.006 -22"><span class='ocrx_word' id='word_1_14' title='bbox 1731 565 1762 600; x_wconf 83' lang='grc' dir='ltr'><em>ν</em></span> <span class='ocrx_word' id='word_1_15' title='bbox 1786 552 1989 616; x_wconf 76' lang='lat' dir='ltr'><strong><em>Atra;</em></strong></span> <span class='ocrx_word' id='word_1_16' title='bbox 2036 569 2225 621; x_wconf 84' lang='lat' dir='ltr'><strong><em>neque</em></strong></span> <span class='ocrx_word' id='word_1_17' title='bbox 2286 556 2421 609; x_wconf 85' lang='lat' dir='ltr'><strong><em>enim</em></strong></span> <span class='ocrx_word' id='word_1_18' title='bbox 2486 554 2755 609; x_wconf 86' lang='lat' dir='ltr'><strong><em>mundabit</em></strong></span> <span class='ocrx_word' id='word_1_19' title='bbox 2823 554 3073 611; x_wconf 86' lang='lat' dir='ltr'><strong><em>Dominus</em></strong></span> <span class='ocrx_word' id='word_1_20' title='bbox 3133 574 3220 610; x_wconf 87' lang='lat' dir='ltr'><strong><em>cor</em></strong></span> <span class='ocrx_word' id='word_1_21' title='bbox 3269 560 3416 623; x_wconf 86' lang='lat' dir='ltr'><strong><em>eius,</em></strong></span> 
     </span>
    </p>
   </div>
   <div class='ocr_carea' id='block_1_6' title="bbox 197 635 1760 707">
    <p class='ocr_par' dir='ltr' id='par_1_6' title="bbox 197 635 1760 707">
     <span class='ocr_line' id='line_1_6' title="bbox 197 635 1760 707; baseline -0.003 -14"><span class='ocrx_word' id='word_1_22' title='bbox 197 640 307 694; x_wconf 78' lang='grc' dir='ltr'>τοῦ</span> <span class='ocrx_word' id='word_1_23' title='bbox 327 638 735 707; x_wconf 72' lang='grc' dir='ltr'>λαμϐάνοντος</span> <span class='ocrx_word' id='word_1_24' title='bbox 760 637 823 690; x_wconf 80' lang='grc' dir='ltr'>τὸ</span> <span class='ocrx_word' id='word_1_25' title='bbox 846 638 1029 706; x_wconf 80' lang='grc' dir='ltr'>ὄνομα</span> <span class='ocrx_word' id='word_1_26' title='bbox 1056 637 1241 691; x_wconf 82' lang='grc' dir='ltr'>αὐτοῦ</span> <span class='ocrx_word' id='word_1_27' title='bbox 1272 637 1373 690; x_wconf 67' lang='grc' dir='ltr'><strong><em>ἐπὶ</em></strong></span> <span class='ocrx_word' id='word_1_28' title='bbox 1394 637 1638 707; x_wconf 81' lang='grc' dir='ltr'>ματαίῳ.</span> <span class='ocrx_word' id='word_1_29' title='bbox 1677 635 1760 689; x_wconf 80' lang='grc' dir='ltr'>διὸ</span> 
     </span>
    </p>
   </div>
   <div class='ocr_carea' id='block_1_7' title="bbox 199 729 1761 800">
    <p class='ocr_par' dir='ltr' id='par_1_7' title="bbox 199 729 1761 800">
     <span class='ocr_line' id='line_1_7' title="bbox 199 729 1761 800; baseline -0.003 -15"><span class='ocrx_word' id='word_1_30' title='bbox 199 734 293 786; x_wconf 74' lang='grc' dir='ltr'>καὶ</span> <span class='ocrx_word' id='word_1_31' title='bbox 316 733 347 784; x_wconf 83' lang='grc' dir='ltr'><strong><em>δ</em></strong></span> <span class='ocrx_word' id='word_1_32' title='bbox 395 730 688 789; x_wconf 72' lang='grc' dir='ltr'><strong><em>ἀπόστολος</em></strong></span> <span class='ocrx_word' id='word_1_33' title='bbox 709 730 893 797; x_wconf 83' lang='grc' dir='ltr'><strong><em>σαφῶς</em></strong></span> <span class='ocrx_word' id='word_1_34' title='bbox 909 732 1161 800; x_wconf 89' lang='grc' dir='ltr'>παραινεῖ</span> <span class='ocrx_word' id='word_1_35' title='bbox 1180 729 1419 797; x_wconf 81' lang='grc' dir='ltr'><strong><em>φάσκων·</em></strong></span> <span class='ocrx_word' id='word_1_36' title='bbox 1433 730 1761 797; x_wconf 82' lang='grc' dir='ltr'>καθαρίσω-</span> 
     </span>
    </p>
   </div>
   <div class='ocr_carea' id='block_1_8' title="bbox 195 819 1761 892">
    <p class='ocr_par' dir='ltr' id='par_1_8' title="bbox 195 819 1761 892">
     <span class='ocr_line' id='line_1_8' title="bbox 195 819 1761 892; baseline -0.003 -16"><span class='ocrx_word' id='word_1_37' title='bbox 195 841 312 892; x_wconf 84' lang='grc' dir='ltr'><strong><em>μεν</em></strong></span> <span class='ocrx_word' id='word_1_38' title='bbox 363 823 615 887; x_wconf 76' lang='grc' dir='ltr'>ἑαυτοὺς</span> <span class='ocrx_word' id='word_1_39' title='bbox 662 821 779 875; x_wconf 76' lang='grc' dir='ltr'><strong><em>ἀπὸ</em></strong></span> <span class='ocrx_word' id='word_1_40' title='bbox 826 821 1049 886; x_wconf 80' lang='grc' dir='ltr'>παντὸς</span> <span class='ocrx_word' id='word_1_41' title='bbox 1089 819 1407 890; x_wconf 62' lang='grc' dir='ltr'>μολυσμοῦ</span> <span class='ocrx_word' id='word_1_42' title='bbox 1456 821 1528 873; x_wconf 85' lang='grc' dir='ltr'>οὑ</span> <span class='ocrx_word' id='word_1_43' title='bbox 1572 820 1761 888; x_wconf 86' lang='grc' dir='ltr'>μόνον</span> 
     </span>
    </p>
   </div>
   <div class='ocr_carea' id='block_1_9' title="bbox 196 910 1758 984">
    <p class='ocr_par' dir='ltr' id='par_1_9' title="bbox 196 910 1758 984">
     <span class='ocr_line' id='line_1_9' title="bbox 196 910 1758 984; baseline -0.004 -14"><span class='ocrx_word' id='word_1_44' title='bbox 196 919 447 984; x_wconf 82' lang='grc' dir='ltr'>σαρκός,</span> <span class='ocrx_word' id='word_1_45' title='bbox 468 914 628 969; x_wconf 69' lang='grc' dir='ltr'><strong><em>ἀλλὰ</em></strong></span> <span class='ocrx_word' id='word_1_46' title='bbox 662 912 757 967; x_wconf 78' lang='grc' dir='ltr'><strong><em>καί</em></strong></span> <span class='ocrx_word' id='word_1_47' title='bbox 784 913 1135 982; x_wconf 78' lang='grc' dir='ltr'>πνεύματος.</span> <span class='ocrx_word' id='word_1_48' title='bbox 1169 913 1261 965; x_wconf 78' lang='grc' dir='ltr'>καὶ</span> <span class='ocrx_word' id='word_1_49' title='bbox 1284 910 1526 984; x_wconf 72' lang='grc' dir='ltr'>ἑτέρωθιο</span> <span class='ocrx_word' id='word_1_50' title='bbox 1555 911 1758 979; x_wconf 78' lang='grc' dir='ltr'><strong><em>ἑρῤαν-</em></strong></span> 
     </span>
    </p>
   </div>
   <div class='ocr_carea' id='block_1_10' title="bbox 195 1000 1759 1073">
    <p class='ocr_par' dir='ltr' id='par_1_10' title="bbox 195 1000 1759 1073">
     <span class='ocr_line' id='line_1_10' title="bbox 195 1000 1759 1073; baseline -0.002 -16"><span class='ocrx_word' id='word_1_51' title='bbox 195 1006 468 1073; x_wconf 83' lang='grc' dir='ltr'>τισμένοι</span> <span class='ocrx_word' id='word_1_52' title='bbox 490 1043 504 1066; x_wconf 93' lang='grc'><strong><em>,</em></strong></span> <span class='ocrx_word' id='word_1_53' title='bbox 540 1004 702 1073; x_wconf 80' lang='grc' dir='ltr'>φησί,</span> <span class='ocrx_word' id='word_1_54' title='bbox 752 1003 864 1070; x_wconf 80' lang='grc' dir='ltr'><strong><em>τὴν</em></strong></span> <span class='ocrx_word' id='word_1_55' title='bbox 906 1002 1154 1069; x_wconf 78' lang='grc' dir='ltr'><strong><em>καρδίαν</em></strong></span> <span class='ocrx_word' id='word_1_56' title='bbox 1190 1004 1307 1057; x_wconf 81' lang='grc' dir='ltr'><strong><em>ἀπὸ</em></strong></span> <span class='ocrx_word' id='word_1_57' title='bbox 1358 1000 1759 1067; x_wconf 79' lang='grc' dir='ltr'>συνειδήσεως</span> 
     </span>
    </p>
   </div>
   <div class='ocr_carea' id='block_1_11' title="bbox 193 1091 1757 1163">
    <p class='ocr_par' dir='ltr' id='par_1_11' title="bbox 193 1091 1757 1163">
     <span class='ocr_line' id='line_1_11' title="bbox 193 1091 1757 1163; baseline -0.003 -14"><span class='ocrx_word' id='word_1_58' title='bbox 193 1094 486 1163; x_wconf 73' lang='grc' dir='ltr'>πονηρᾶς.</span> <span class='ocrx_word' id='word_1_59' title='bbox 522 1095 617 1147; x_wconf 77' lang='grc' dir='ltr'>καὶ</span> <span class='ocrx_word' id='word_1_60' title='bbox 646 1093 835 1146; x_wconf 82' lang='grc' dir='ltr'>πάλιν·</span> <span class='ocrx_word' id='word_1_61' title='bbox 894 1096 1230 1160; x_wconf 73' lang='grc' dir='ltr'>ὁλόκληρον</span> <span class='ocrx_word' id='word_1_62' title='bbox 1258 1092 1423 1161; x_wconf 83' lang='grc' dir='ltr'><strong><em>ὑμῶν</em></strong></span> <span class='ocrx_word' id='word_1_63' title='bbox 1466 1091 1533 1145; x_wconf 83' lang='grc' dir='ltr'>τὸ</span> <span class='ocrx_word' id='word_1_64' title='bbox 1568 1091 1757 1161; x_wconf 87' lang='grc' dir='ltr'>σῶμα,</span> 
     </span>
    </p>
   </div>
   <div class='ocr_carea' id='block_1_12' title="bbox 194 1184 1754 1256">
    <p class='ocr_par' dir='ltr' id='par_1_12' title="bbox 194 1184 1754 1256">
     <span class='ocr_line' id='line_1_12' title="bbox 194 1184 1754 1256; baseline -0.002 -15"><span class='ocrx_word' id='word_1_65' title='bbox 194 1190 263 1242; x_wconf 78' lang='grc' dir='ltr'>τὸ</span> <span class='ocrx_word' id='word_1_66' title='bbox 297 1188 536 1256; x_wconf 75' lang='grc' dir='ltr'>πνεῦμα</span> <span class='ocrx_word' id='word_1_67' title='bbox 564 1186 657 1239; x_wconf 76' lang='grc' dir='ltr'><strong><em>καί</em></strong></span> <span class='ocrx_word' id='word_1_68' title='bbox 695 1188 729 1253; x_wconf 82' lang='grc' dir='ltr'><strong><em>ἠ</em></strong></span> <span class='ocrx_word' id='word_1_69' title='bbox 751 1186 939 1253; x_wconf 66' lang='grc' dir='ltr'>ψυχή,</span> <span class='ocrx_word' id='word_1_70' title='bbox 970 1186 1281 1253; x_wconf 71' lang='grc' dir='ltr'>ἀμέμπτως</span> <span class='ocrx_word' id='word_1_71' title='bbox 1306 1184 1754 1252; x_wconf 66' lang='grc' dir='ltr'><strong><em>διαφυλαχθείη.</em></strong></span> 
     </span>
    </p>
   </div>
   <div class='ocr_carea' id='block_1_13' title="bbox 195 1274 1759 1348">
    <p class='ocr_par' dir='ltr' id='par_1_13' title="bbox 195 1274 1759 1348">
     <span class='ocr_line' id='line_1_13' title="bbox 195 1274 1759 1348; baseline -0.004 -15"><span class='ocrx_word' id='word_1_72' title='bbox 195 1282 310 1333; x_wconf 73' lang='grc' dir='ltr'>καί·</span> <span class='ocrx_word' id='word_1_73' title='bbox 343 1282 445 1332; x_wconf 75' lang='grc' dir='ltr'><strong><em>ἵνα</em></strong></span> <span class='ocrx_word' id='word_1_74' title='bbox 474 1279 726 1348; x_wconf 74' lang='grc' dir='ltr'>γένησθε</span> <span class='ocrx_word' id='word_1_75' title='bbox 747 1276 922 1330; x_wconf 85' lang='grc' dir='ltr'>τέκνα</span> <span class='ocrx_word' id='word_1_76' title='bbox 936 1274 1083 1331; x_wconf 86' lang='grc' dir='ltr'><strong><em>Θεοῦ</em></strong></span> <span class='ocrx_word' id='word_1_77' title='bbox 1111 1274 1408 1343; x_wconf 82' lang='grc' dir='ltr'>ἀμώμητιι.</span> <span class='ocrx_word' id='word_1_78' title='bbox 1440 1274 1553 1327; x_wconf 82' lang='grc' dir='ltr'><strong><em>ὅσοι</em></strong></span> <span class='ocrx_word' id='word_1_79' title='bbox 1581 1275 1759 1327; x_wconf 77' lang='grc' dir='ltr'>τοίνυν</span> 
     </span>
    </p>
   </div>
   <div class='ocr_carea' id='block_1_14' title="bbox 196 1366 1758 1443">
    <p class='ocr_par' dir='ltr' id='par_1_14' title="bbox 196 1366 1758 1443">
     <span class='ocr_line' id='line_1_14' title="bbox 196 1366 1758 1443; baseline -0.005 -17"><span class='ocrx_word' id='word_1_80' title='bbox 196 1374 481 1443; x_wconf 81' lang='grc' dir='ltr'>βούλονται</span> <span class='ocrx_word' id='word_1_81' title='bbox 505 1371 603 1439; x_wconf 78' lang='grc' dir='ltr'>τῆς</span> <span class='ocrx_word' id='word_1_82' title='bbox 629 1369 896 1431; x_wconf 77' lang='grc' dir='ltr'>υἱοθεσίας</span> <span class='ocrx_word' id='word_1_83' title='bbox 920 1369 1231 1438; x_wconf 79' lang='grc' dir='ltr'>ἀξιωθῆναι,</span> <span class='ocrx_word' id='word_1_84' title='bbox 1251 1366 1311 1420; x_wconf 83' lang='grc' dir='ltr'><strong><em>ού</em></strong></span> <span class='ocrx_word' id='word_1_85' title='bbox 1335 1366 1395 1419; x_wconf 79' lang='grc' dir='ltr'>τὸ</span> <span class='ocrx_word' id='word_1_86' title='bbox 1416 1366 1572 1437; x_wconf 86' lang='grc' dir='ltr'>σῶμα</span> <span class='ocrx_word' id='word_1_87' title='bbox 1602 1366 1758 1436; x_wconf 86' lang='grc' dir='ltr'>μόνον</span> 
     </span>
    </p>
   </div>
   <div class='ocr_carea' id='block_1_15' title="bbox 193 1458 1758 1535">
    <p class='ocr_par' dir='ltr' id='par_1_15' title="bbox 193 1458 1758 1535">
     <span class='ocr_line' id='line_1_15' title="bbox 193 1458 1758 1535; baseline -0.005 -17"><span class='ocrx_word' id='word_1_88' title='bbox 193 1465 361 1533; x_wconf 77' lang='grc' dir='ltr'>ἁγνὸν</span> <span class='ocrx_word' id='word_1_89' title='bbox 407 1461 713 1535; x_wconf 74' lang='grc' dir='ltr'>[ἑχόντων]</span> <span class='ocrx_word' id='word_1_90' title='bbox 746 1462 809 1529; x_wconf 87' lang='grc'><strong><em>¹),</em></strong></span> <span class='ocrx_word' id='word_1_91' title='bbox 856 1459 989 1512; x_wconf 79' lang='grc' dir='ltr'>ἀλλὰ</span> <span class='ocrx_word' id='word_1_92' title='bbox 1028 1460 1121 1512; x_wconf 77' lang='grc' dir='ltr'>καὶ</span> <span class='ocrx_word' id='word_1_93' title='bbox 1158 1459 1254 1529; x_wconf 76' lang='grc' dir='ltr'><strong><em>τὴν</em></strong></span> <span class='ocrx_word' id='word_1_94' title='bbox 1279 1458 1455 1528; x_wconf 78' lang='grc' dir='ltr'>ψυχὴν</span> <span class='ocrx_word' id='word_1_95' title='bbox 1493 1459 1631 1511; x_wconf 86' lang='grc' dir='ltr'><strong><em>κατὰ</em></strong></span> <span class='ocrx_word' id='word_1_96' title='bbox 1666 1458 1758 1510; x_wconf 85' lang='grc' dir='ltr'>τὸν</span> 
     </span>
    </p>
   </div>
   <div class='ocr_carea' id='block_1_16' title="bbox 191 1548 1758 1622">
    <p class='ocr_par' dir='ltr' id='par_1_16' title="bbox 191 1548 1758 1622">
     <span class='ocr_line' id='line_1_16' title="bbox 191 1548 1758 1622; baseline -0.004 -15"><span class='ocrx_word' id='word_1_97' title='bbox 191 1556 421 1622; x_wconf 83' lang='grc' dir='ltr'>λέγοντα</span> <span class='ocrx_word' id='word_1_98' title='bbox 441 1570 456 1585; x_wconf 84' lang='grc'>·</span> <span class='ocrx_word' id='word_1_99' title='bbox 489 1552 788 1621; x_wconf 75' lang='grc' dir='ltr'><strong><em>γενηθήτω</em></strong></span> <span class='ocrx_word' id='word_1_100' title='bbox 821 1553 857 1617; x_wconf 75' lang='grc' dir='ltr'><strong><em>ἡ</em></strong></span> <span class='ocrx_word' id='word_1_101' title='bbox 900 1550 1108 1617; x_wconf 81' lang='grc' dir='ltr'><strong><em>καρδία</em></strong></span> <span class='ocrx_word' id='word_1_102' title='bbox 1140 1568 1257 1619; x_wconf 89' lang='grc' dir='ltr'><strong><em>μου</em></strong></span> <span class='ocrx_word' id='word_1_103' title='bbox 1280 1550 1513 1617; x_wconf 81' lang='grc' dir='ltr'><strong><em>ἄμωμος</em></strong></span> <span class='ocrx_word' id='word_1_104' title='bbox 1545 1549 1613 1601; x_wconf 81' lang='grc' dir='ltr'><strong><em>ἐν</em></strong></span> <span class='ocrx_word' id='word_1_105' title='bbox 1636 1548 1758 1613; x_wconf 84' lang='grc' dir='ltr'>τοῖς</span> 
     </span>
    </p>
   </div>
   <div class='ocr_carea' id='block_1_17' title="bbox 191 1638 1758 1712">
    <p class='ocr_par' dir='ltr' id='par_1_17' title="bbox 191 1638 1758 1712">
     <span class='ocr_line' id='line_1_17' title="bbox 191 1638 1758 1712; baseline -0.004 -15"><span class='ocrx_word' id='word_1_106' title='bbox 191 1644 549 1712; x_wconf 82' lang='grc' dir='ltr'>δικαιώμασί</span> <span class='ocrx_word' id='word_1_107' title='bbox 592 1656 743 1702; x_wconf 86' lang='grc' dir='ltr'>σου,</span> <span class='ocrx_word' id='word_1_108' title='bbox 786 1641 942 1704; x_wconf 77' lang='grc' dir='ltr'>ὅπως</span> <span class='ocrx_word' id='word_1_109' title='bbox 971 1640 1048 1693; x_wconf 87' lang='grc' dir='ltr'><strong><em>ἂν</em></strong></span> <span class='ocrx_word' id='word_1_110' title='bbox 1072 1640 1156 1709; x_wconf 83' lang='grc' dir='ltr'>μὴ</span> <span class='ocrx_word' id='word_1_111' title='bbox 1203 1638 1539 1707; x_wconf 79' lang='grc' dir='ltr'>αἰσχυνθῶ.</span> <span class='ocrx_word' id='word_1_112' title='bbox 1580 1640 1628 1691; x_wconf 79' lang='grc' dir='ltr'>οἱ</span> <span class='ocrx_word' id='word_1_113' title='bbox 1659 1638 1758 1709; x_wconf 87' lang='grc' dir='ltr'>μὲν</span> 
     </span>
    </p>
   </div>
   <div class='ocr_carea' id='block_1_18' title="bbox 193 1727 1756 1807">
    <p class='ocr_par' dir='ltr' id='par_1_18' title="bbox 193 1727 1756 1807">
     <span class='ocr_line' id='line_1_18' title="bbox 193 1727 1756 1807; baseline -0.006 -18"><span class='ocrx_word' id='word_1_114' title='bbox 193 1738 305 1807; x_wconf 74' lang='grc' dir='ltr'>γὰρ</span> <span class='ocrx_word' id='word_1_115' title='bbox 333 1736 438 1788; x_wconf 76' lang='grc' dir='ltr'><strong><em>ὑπὸ</em></strong></span> <span class='ocrx_word' id='word_1_116' title='bbox 460 1735 621 1803; x_wconf 82' lang='grc' dir='ltr'>νόμον</span> <span class='ocrx_word' id='word_1_117' title='bbox 647 1734 714 1785; x_wconf 80' lang='grc' dir='ltr'>τὰ</span> <span class='ocrx_word' id='word_1_118' title='bbox 740 1732 837 1801; x_wconf 83' lang='grc' dir='ltr'>τῆς</span> <span class='ocrx_word' id='word_1_119' title='bbox 866 1731 1063 1801; x_wconf 81' lang='grc' dir='ltr'>σαρκὸς</span> <span class='ocrx_word' id='word_1_120' title='bbox 1087 1728 1427 1797; x_wconf 86' lang='grc' dir='ltr'>δικαιώματα</span> <span class='ocrx_word' id='word_1_121' title='bbox 1455 1727 1756 1781; x_wconf 75' lang='grc' dir='ltr'>ἐπιτελοῦν-</span> 
     </span>
    </p>
   </div>
   <div class='ocr_carea' id='block_1_19' title="bbox 190 1816 1754 1896">
    <p class='ocr_par' dir='ltr' id='par_1_19' title="bbox 190 1816 1754 1896">
     <span class='ocr_line' id='line_1_19' title="bbox 190 1816 1754 1896; baseline -0.006 -17"><span class='ocrx_word' id='word_1_122' title='bbox 190 1844 286 1890; x_wconf 85' lang='grc' dir='ltr'><strong><em>τες</em></strong></span> <span class='ocrx_word' id='word_1_123' title='bbox 324 1826 485 1896; x_wconf 85' lang='grc' dir='ltr'>μόνον</span> <span class='ocrx_word' id='word_1_124' title='bbox 514 1826 611 1891; x_wconf 86' lang='grc' dir='ltr'><strong><em>τὴν</em></strong></span> <span class='ocrx_word' id='word_1_125' title='bbox 650 1824 803 1884; x_wconf 72' lang='grc' dir='ltr'>ἐκτὸς</span> <span class='ocrx_word' id='word_1_126' title='bbox 839 1816 1161 1889; x_wconf 77' lang='grc' dir='ltr'>φυλάττούσι</span> <span class='ocrx_word' id='word_1_127' title='bbox 1205 1819 1583 1890; x_wconf 78' lang='grc' dir='ltr'>καθαρότητα.</span> <span class='ocrx_word' id='word_1_128' title='bbox 1625 1820 1675 1871; x_wconf 77' lang='grc' dir='ltr'><strong><em>οἱ</em></strong></span> <span class='ocrx_word' id='word_1_129' title='bbox 1699 1819 1754 1870; x_wconf 79' lang='grc' dir='ltr'>δὲ</span> 
     </span>
    </p>
   </div>
   <div class='ocr_carea' id='block_1_20' title="bbox 1859 646 3418 719">
    <p class='ocr_par' dir='ltr' id='par_1_20' title="bbox 1859 646 3418 719">
     <span class='ocr_line' id='line_1_20' title="bbox 1859 646 3418 719; baseline 0.006 -24"><span class='ocrx_word' id='word_1_130' title='bbox 1859 646 1950 712; x_wconf 87' lang='lat' dir='ltr'><strong><em>qui</em></strong></span> <span class='ocrx_word' id='word_1_131' title='bbox 1975 661 2131 715; x_wconf 80' lang='lat' dir='ltr'><strong><em>super</em></strong></span> <span class='ocrx_word' id='word_1_132' title='bbox 2154 662 2208 698; x_wconf 90' lang='lat' dir='ltr'><strong><em>re</em></strong></span> <span class='ocrx_word' id='word_1_133' title='bbox 2234 662 2371 701; x_wconf 80' lang='lat' dir='ltr'><strong><em>vana</em></strong></span> <span class='ocrx_word' id='word_1_134' title='bbox 2401 662 2586 699; x_wconf 80' lang='lat' dir='ltr'><strong><em>nomen</em></strong></span> <span class='ocrx_word' id='word_1_135' title='bbox 2612 649 2719 701; x_wconf 84' lang='lat' dir='ltr'><strong><em>eius</em></strong></span> <span class='ocrx_word' id='word_1_136' title='bbox 2758 652 3089 719; x_wconf 85' lang='lat' dir='ltr'><strong><em>assumpserit</em></strong></span> <span class='ocrx_word' id='word_1_137' title='bbox 3122 650 3217 719; x_wconf 80' lang='lat' dir='ltr'><strong><em>(l).</em></strong></span> <span class='ocrx_word' id='word_1_138' title='bbox 3242 648 3418 715; x_wconf 82' lang='lat' dir='ltr'><strong><em>Quare</em></strong></span> 
     </span>
    </p>
   </div>
   <div class='ocr_carea' id='block_1_21' title="bbox 1858 734 3419 805">
    <p class='ocr_par' dir='ltr' id='par_1_21' title="bbox 1858 734 3419 805">
     <span class='ocr_line' id='line_1_21' title="bbox 1858 734 3419 805; baseline 0.006 -20"><span class='ocrx_word' id='word_1_139' title='bbox 1858 741 1914 785; x_wconf 90' lang='lat' dir='ltr'><strong><em>et</em></strong></span> <span class='ocrx_word' id='word_1_140' title='bbox 1967 734 2256 804; x_wconf 70' lang='lat' dir='ltr'><strong><em>Apostolus</em></strong></span> <span class='ocrx_word' id='word_1_141' title='bbox 2293 746 2477 805; x_wconf 88' lang='lat' dir='ltr'><strong><em>aperte</em></strong></span> <span class='ocrx_word' id='word_1_142' title='bbox 2526 748 2708 792; x_wconf 87' lang='lat' dir='ltr'><strong><em>monet</em></strong></span> <span class='ocrx_word' id='word_1_143' title='bbox 2728 740 2947 793; x_wconf 85' lang='lat' dir='ltr'><strong><em>dicens:</em></strong></span> <span class='ocrx_word' id='word_1_144' title='bbox 2980 740 3285 794; x_wconf 78' lang='lat' dir='ltr'><strong><em>Mundemus</em></strong></span> <span class='ocrx_word' id='word_1_145' title='bbox 3325 758 3419 795; x_wconf 83' lang='lat' dir='ltr'><strong><em>nos</em></strong></span> 
     </span>
    </p>
   </div>
   <div class='ocr_carea' id='block_1_22' title="bbox 1858 822 3419 896">
    <p class='ocr_par' dir='ltr' id='par_1_22' title="bbox 1858 822 3419 896">
     <span class='ocr_line' id='line_1_22' title="bbox 1858 822 3419 896; baseline 0.006 -22"><span class='ocrx_word' id='word_1_146' title='bbox 1858 822 1922 875; x_wconf 80' lang='lat' dir='ltr'><strong><em>ab</em></strong></span> <span class='ocrx_word' id='word_1_147' title='bbox 1967 825 2109 877; x_wconf 90' lang='lat' dir='ltr'><strong><em>omni</em></strong></span> <span class='ocrx_word' id='word_1_148' title='bbox 2154 826 2550 895; x_wconf 84' lang='lat' dir='ltr'><strong><em>inquinamento</em></strong></span> <span class='ocrx_word' id='word_1_149' title='bbox 2606 846 2707 881; x_wconf 90' lang='lat' dir='ltr'><strong><em>non</em></strong></span> <span class='ocrx_word' id='word_1_150' title='bbox 2763 831 2936 883; x_wconf 88' lang='lat' dir='ltr'><strong><em>carnis</em></strong></span> <span class='ocrx_word' id='word_1_151' title='bbox 2977 830 3181 896; x_wconf 88' lang='lat' dir='ltr'><strong><em>solum,</em></strong></span> <span class='ocrx_word' id='word_1_152' title='bbox 3237 833 3328 885; x_wconf 81' lang='lat' dir='ltr'><strong><em>sed</em></strong></span> <span class='ocrx_word' id='word_1_153' title='bbox 3366 840 3419 884; x_wconf 85' lang='lat' dir='ltr'><strong><em>et</em></strong></span> 
     </span>
    </p>
   </div>
   <div class='ocr_carea' id='block_1_23' title="bbox 1856 913 3415 991">
    <p class='ocr_par' dir='ltr' id='par_1_23' title="bbox 1856 913 3415 991">
     <span class='ocr_line' id='line_1_23' title="bbox 1856 913 3415 991; baseline 0.008 -27"><span class='ocrx_word' id='word_1_154' title='bbox 1856 913 2071 981; x_wconf 88' lang='lat' dir='ltr'><strong><em>spiritus</em></strong></span> <span class='ocrx_word' id='word_1_155' title='bbox 2111 914 2205 984; x_wconf 72' lang='lat'><strong><em>(2).</em></strong></span> <span class='ocrx_word' id='word_1_156' title='bbox 2252 915 2319 969; x_wconf 86' lang='lat' dir='ltr'><strong><em>Et</em></strong></span> <span class='ocrx_word' id='word_1_157' title='bbox 2356 916 2525 970; x_wconf 82' lang='lat' dir='ltr'><strong>alibi:</strong></span> <span class='ocrx_word' id='word_1_158' title='bbox 2561 917 2771 989; x_wconf 82' lang='lat' dir='ltr'><strong><em>Aspersi</em></strong></span> <span class='ocrx_word' id='word_1_159' title='bbox 2795 962 2809 985; x_wconf 95' lang='lat'><strong><em>,</em></strong></span> <span class='ocrx_word' id='word_1_160' title='bbox 2844 920 3046 991; x_wconf 81' lang='lat' dir='ltr'><strong><em>inquit,</em></strong></span> <span class='ocrx_word' id='word_1_161' title='bbox 3089 939 3175 975; x_wconf 89' lang='lat' dir='ltr'><strong><em>cor</em></strong></span> <span class='ocrx_word' id='word_1_162' title='bbox 3217 940 3248 975; x_wconf 82' lang='grc' dir='ltr'>η</span> <span class='ocrx_word' id='word_1_163' title='bbox 3288 940 3415 976; x_wconf 86' lang='lat' dir='ltr'><strong><em>cou-</em></strong></span> 
     </span>
    </p>
   </div>
   <div class='ocr_carea' id='block_1_24' title="bbox 1856 1006 3416 1086">
    <p class='ocr_par' dir='ltr' id='par_1_24' title="bbox 1856 1006 3416 1086">
     <span class='ocr_line' id='line_1_24' title="bbox 1856 1006 3416 1086; baseline 0.008 -31"><span class='ocrx_word' id='word_1_164' title='bbox 1856 1006 2071 1059; x_wconf 81' lang='lat' dir='ltr'><strong><em>scientia</em></strong></span> <span class='ocrx_word' id='word_1_165' title='bbox 2132 1007 2277 1059; x_wconf 90' lang='lat' dir='ltr'><strong><em>mala</em></strong></span> <span class='ocrx_word' id='word_1_166' title='bbox 2482 1010 2550 1063; x_wconf 86' lang='lat' dir='ltr'><strong><em>Et</em></strong></span> <span class='ocrx_word' id='word_1_167' title='bbox 2606 1010 2803 1065; x_wconf 85' lang='lat' dir='ltr'><strong><em>iterum</em></strong></span> <span class='ocrx_word' id='word_1_168' title='bbox 2851 1030 2862 1064; x_wconf 90' lang='lat'><strong>:</strong></span> <span class='ocrx_word' id='word_1_169' title='bbox 2904 1013 3171 1083; x_wconf 73' lang='lat' dir='ltr'><strong><em>[ntegrum</em></strong></span> <span class='ocrx_word' id='word_1_170' title='bbox 3228 1032 3416 1086; x_wconf 89' lang='lat' dir='ltr'><strong><em>corpus</em></strong></span> 
     </span>
    </p>
   </div>
   <div class='ocr_carea' id='block_1_25' title="bbox 1859 1100 3418 1173">
    <p class='ocr_par' dir='ltr' id='par_1_25' title="bbox 1859 1100 3418 1173">
     <span class='ocr_line' id='line_1_25' title="bbox 1859 1100 3418 1173; baseline 0.007 -22"><span class='ocrx_word' id='word_1_171' title='bbox 1859 1106 1967 1151; x_wconf 82' lang='lat' dir='ltr'><strong><em>vest</em></strong></span> <span class='ocrx_word' id='word_1_172' title='bbox 1980 1114 2119 1163; x_wconf 87' lang='lat' dir='ltr'><strong><em>rum,</em></strong></span> <span class='ocrx_word' id='word_1_173' title='bbox 2164 1107 2213 1150; x_wconf 80' lang='lat' dir='ltr'><strong><em>et</em></strong></span> <span class='ocrx_word' id='word_1_174' title='bbox 2251 1100 2462 1168; x_wconf 82' lang='lat' dir='ltr'><strong><em>spiritus</em></strong></span> <span class='ocrx_word' id='word_1_175' title='bbox 2502 1110 2551 1153; x_wconf 91' lang='lat' dir='ltr'><strong><em>et</em></strong></span> <span class='ocrx_word' id='word_1_176' title='bbox 2580 1104 2759 1156; x_wconf 83' lang='lat' dir='ltr'><strong><em>anima</em></strong></span> <span class='ocrx_word' id='word_1_177' title='bbox 2780 1105 2889 1155; x_wconf 87' lang='lat' dir='ltr'><strong><em>sine</em></strong></span> <span class='ocrx_word' id='word_1_178' title='bbox 2912 1106 3121 1173; x_wconf 85' lang='lat' dir='ltr'><strong><em>querela</em></strong></span> <span class='ocrx_word' id='word_1_179' title='bbox 3155 1110 3418 1162; x_wconf 82' lang='lat' dir='ltr'><strong><em>custodia-</em></strong></span> 
     </span>
    </p>
   </div>
   <div class='ocr_carea' id='block_1_26' title="bbox 1859 1188 3409 1269">
    <p class='ocr_par' dir='ltr' id='par_1_26' title="bbox 1859 1188 3409 1269">
     <span class='ocr_line' id='line_1_26' title="bbox 1859 1188 3409 1269; baseline 0.008 -27"><span class='ocrx_word' id='word_1_180' title='bbox 1859 1198 1944 1242; x_wconf 89' lang='lat' dir='ltr'><strong><em>tur</em></strong></span> <span class='ocrx_word' id='word_1_181' title='bbox 1969 1188 2063 1260; x_wconf 70' lang='grc'><strong><em>(4).</em></strong></span> <span class='ocrx_word' id='word_1_182' title='bbox 2120 1191 2186 1243; x_wconf 88' lang='lat' dir='ltr'><strong><em>Et</em></strong></span> <span class='ocrx_word' id='word_1_183' title='bbox 2238 1208 2249 1242; x_wconf 90' lang='lat'><strong>:</strong></span> <span class='ocrx_word' id='word_1_184' title='bbox 2307 1190 2369 1245; x_wconf 93' lang='lat' dir='ltr'><strong><em>Ut</em></strong></span> <span class='ocrx_word' id='word_1_185' title='bbox 2417 1193 2526 1245; x_wconf 84' lang='lat' dir='ltr'><strong><em>sitis</em></strong></span> <span class='ocrx_word' id='word_1_186' title='bbox 2562 1192 2662 1259; x_wconf 79' lang='lat' dir='ltr'><strong><em>filii</em></strong></span> <span class='ocrx_word' id='word_1_187' title='bbox 2707 1193 2803 1247; x_wconf 85' lang='lat' dir='ltr'><strong><em>Dei</em></strong></span> <span class='ocrx_word' id='word_1_188' title='bbox 2851 1198 2964 1249; x_wconf 88' lang='lat' dir='ltr'><strong><em>sine</em></strong></span> <span class='ocrx_word' id='word_1_189' title='bbox 3024 1199 3233 1266; x_wconf 83' lang='lat' dir='ltr'><strong><em>querela</em></strong></span> <span class='ocrx_word' id='word_1_190' title='bbox 3311 1202 3409 1269; x_wconf 75' lang='grc'><strong><em>(5).</em></strong></span> 
     </span>
    </p>
   </div>
   <div class='ocr_carea' id='block_1_27' title="bbox 1856 1279 3411 1355">
    <p class='ocr_par' dir='ltr' id='par_1_27' title="bbox 1856 1279 3411 1355">
     <span class='ocr_line' id='line_1_27' title="bbox 1856 1279 3411 1355; baseline 0.008 -23"><span class='ocrx_word' id='word_1_191' title='bbox 1856 1279 2132 1348; x_wconf 85' lang='lat' dir='ltr'><strong><em>Quotquot</em></strong></span> <span class='ocrx_word' id='word_1_192' title='bbox 2193 1282 2359 1350; x_wconf 90' lang='lat' dir='ltr'><strong><em>igitur</em></strong></span> <span class='ocrx_word' id='word_1_193' title='bbox 2416 1282 2605 1336; x_wconf 89' lang='lat' dir='ltr'><strong><em>volunt</em></strong></span> <span class='ocrx_word' id='word_1_194' title='bbox 2671 1284 2963 1355; x_wconf 82' lang='lat' dir='ltr'><strong><em>adoptione</em></strong></span> <span class='ocrx_word' id='word_1_195' title='bbox 3021 1288 3257 1342; x_wconf 84' lang='lat' dir='ltr'><strong><em>ﬁliorum</em></strong></span> <span class='ocrx_word' id='word_1_196' title='bbox 3325 1293 3411 1345; x_wconf 89' lang='lat' dir='ltr'><strong><em>di-</em></strong></span> 
     </span>
    </p>
   </div>
   <div class='ocr_carea' id='block_1_28' title="bbox 1856 1368 3409 1451">
    <p class='ocr_par' dir='ltr' id='par_1_28' title="bbox 1856 1368 3409 1451">
     <span class='ocr_line' id='line_1_28' title="bbox 1856 1368 3409 1451; baseline 0.008 -30"><span class='ocrx_word' id='word_1_197' title='bbox 1856 1368 1945 1436; x_wconf 85' lang='lat' dir='ltr'><strong><em>gni</em></strong></span> <span class='ocrx_word' id='word_1_198' title='bbox 1996 1368 2206 1433; x_wconf 83' lang='lat' dir='ltr'><strong><em>haberi,</em></strong></span> <span class='ocrx_word' id='word_1_199' title='bbox 2238 1385 2343 1423; x_wconf 93' lang='lat' dir='ltr'><strong><em>non</em></strong></span> <span class='ocrx_word' id='word_1_200' title='bbox 2383 1387 2582 1441; x_wconf 85' lang='lat' dir='ltr'><strong><em>corpus</em></strong></span> <span class='ocrx_word' id='word_1_201' title='bbox 2624 1374 2794 1427; x_wconf 91' lang='lat' dir='ltr'><strong><em>solum</em></strong></span> <span class='ocrx_word' id='word_1_202' title='bbox 2836 1368 3051 1429; x_wconf 39' lang='lat' dir='ltr'><strong><em>castum.</em></strong></span> <span class='ocrx_word' id='word_1_203' title='bbox 3081 1376 3409 1451; x_wconf 88' lang='lat' dir='ltr'><strong><em>[habento],</em></strong></span> 
     </span>
    </p>
   </div>
   <div class='ocr_carea' id='block_1_29' title="bbox 1857 1461 3407 1539">
    <p class='ocr_par' dir='ltr' id='par_1_29' title="bbox 1857 1461 3407 1539">
     <span class='ocr_line' id='line_1_29' title="bbox 1857 1461 3407 1539; baseline 0.006 -24"><span class='ocrx_word' id='word_1_204' title='bbox 1857 1461 1949 1515; x_wconf 89' lang='lat' dir='ltr'><strong><em>sed</em></strong></span> <span class='ocrx_word' id='word_1_205' title='bbox 2010 1462 2247 1515; x_wconf 90' lang='lat' dir='ltr'><strong><em>animum</em></strong></span> <span class='ocrx_word' id='word_1_206' title='bbox 2305 1480 2519 1534; x_wconf 86' lang='lat' dir='ltr'><strong><em>quoque</em></strong></span> <span class='ocrx_word' id='word_1_207' title='bbox 2577 1468 2871 1520; x_wconf 87' lang='lat' dir='ltr'><strong><em>secundum</em></strong></span> <span class='ocrx_word' id='word_1_208' title='bbox 2925 1485 3049 1523; x_wconf 91' lang='lat' dir='ltr'><strong><em>eum</em></strong></span> <span class='ocrx_word' id='word_1_209' title='bbox 3089 1473 3180 1539; x_wconf 85' lang='lat' dir='ltr'><strong><em>qui</em></strong></span> <span class='ocrx_word' id='word_1_210' title='bbox 3230 1473 3407 1526; x_wconf 84' lang='lat' dir='ltr'><strong><em>dicit:</em></strong></span> 
     </span>
    </p>
   </div>
   <div class='ocr_carea' id='block_1_30' title="bbox 1855 1552 3407 1627">
    <p class='ocr_par' dir='ltr' id='par_1_30' title="bbox 1855 1552 3407 1627">
     <span class='ocr_line' id='line_1_30' title="bbox 1855 1552 3407 1627; baseline 0.007 -22"><span class='ocrx_word' id='word_1_211' title='bbox 1855 1552 1971 1605; x_wconf 76' lang='lat' dir='ltr'><strong><em>Fiat</em></strong></span> <span class='ocrx_word' id='word_1_212' title='bbox 1993 1570 2081 1605; x_wconf 87' lang='lat' dir='ltr'><strong><em>cor</em></strong></span> <span class='ocrx_word' id='word_1_213' title='bbox 2109 1572 2275 1606; x_wconf 89' lang='lat' dir='ltr'><strong><em>meum</em></strong></span> <span class='ocrx_word' id='word_1_214' title='bbox 2300 1555 2697 1609; x_wconf 82' lang='lat' dir='ltr'><strong><em>immaculatum</em></strong></span> <span class='ocrx_word' id='word_1_215' title='bbox 2731 1559 2785 1610; x_wconf 87' lang='lat' dir='ltr'><strong><em>in</em></strong></span> <span class='ocrx_word' id='word_1_216' title='bbox 2800 1559 3261 1627; x_wconf 82' lang='lat' dir='ltr'><strong><em>justiﬁcationibus</em></strong></span> <span class='ocrx_word' id='word_1_217' title='bbox 3286 1567 3407 1624; x_wconf 83' lang='lat' dir='ltr'><strong><em>tuis,</em></strong></span> 
     </span>
    </p>
   </div>
   <div class='ocr_carea' id='block_1_31' title="bbox 1856 1642 3418 1719">
    <p class='ocr_par' dir='ltr' id='par_1_31' title="bbox 1856 1642 3418 1719">
     <span class='ocr_line' id='line_1_31' title="bbox 1856 1642 3418 1719; baseline 0.008 -26"><span class='ocrx_word' id='word_1_218' title='bbox 1856 1658 1920 1693; x_wconf 84' lang='lat' dir='ltr'><strong><em>ne</em></strong></span> <span class='ocrx_word' id='word_1_219' title='bbox 1945 1642 2346 1712; x_wconf 79' lang='lat' dir='ltr'><strong><em>confundar(6).</em></strong></span> <span class='ocrx_word' id='word_1_220' title='bbox 2370 1645 2502 1697; x_wconf 87' lang='lat' dir='ltr'><strong><em>Nam</em></strong></span> <span class='ocrx_word' id='word_1_221' title='bbox 2521 1647 2555 1697; x_wconf 88' lang='lat' dir='ltr'><strong><em>ii</em></strong></span> <span class='ocrx_word' id='word_1_222' title='bbox 2580 1647 2820 1714; x_wconf 86' lang='lat' dir='ltr'><strong><em>quidem,</em></strong></span> <span class='ocrx_word' id='word_1_223' title='bbox 2854 1648 2945 1716; x_wconf 89' lang='lat' dir='ltr'><strong><em>qui</em></strong></span> <span class='ocrx_word' id='word_1_224' title='bbox 2964 1650 3064 1701; x_wconf 87' lang='lat' dir='ltr'><strong><em>sub</em></strong></span> <span class='ocrx_word' id='word_1_225' title='bbox 3090 1652 3204 1719; x_wconf 84' lang='lat' dir='ltr'><strong><em>lege</em></strong></span> <span class='ocrx_word' id='word_1_226' title='bbox 3231 1654 3418 1707; x_wconf 82' lang='lat' dir='ltr'><strong><em>carnis</em></strong></span> 
     </span>
    </p>
   </div>
   <div class='ocr_carea' id='block_1_32' title="bbox 1851 1731 3409 1803">
    <p class='ocr_par' dir='ltr' id='par_1_32' title="bbox 1851 1731 3409 1803">
     <span class='ocr_line' id='line_1_32' title="bbox 1851 1731 3409 1803; baseline 0.008 -20"><span class='ocrx_word' id='word_1_227' title='bbox 1851 1731 2264 1801; x_wconf 84' lang='lat' dir='ltr'><strong><em>justiﬁeationes</em></strong></span> <span class='ocrx_word' id='word_1_228' title='bbox 2306 1744 2640 1803; x_wconf 89' lang='lat' dir='ltr'><strong><em>operantur,</em></strong></span> <span class='ocrx_word' id='word_1_229' title='bbox 2674 1740 3001 1792; x_wconf 81' lang='lat' dir='ltr'><strong><em>exteriorem</em></strong></span> <span class='ocrx_word' id='word_1_230' title='bbox 3040 1750 3247 1794; x_wconf 90' lang='lat' dir='ltr'><strong><em>tantum</em></strong></span> <span class='ocrx_word' id='word_1_231' title='bbox 3293 1760 3409 1795; x_wconf 89' lang='lat' dir='ltr'><strong><em>ser-</em></strong></span> 
     </span>
    </p>
   </div>
   <div class='ocr_carea' id='block_1_33' title="bbox 1853 1823 3409 1898">
    <p class='ocr_par' dir='ltr' id='par_1_33' title="bbox 1853 1823 3409 1898">
     <span class='ocr_line' id='line_1_33' title="bbox 1853 1823 3409 1898; baseline 0.009 -26"><span class='ocrx_word' id='word_1_232' title='bbox 1853 1827 1981 1873; x_wconf 87' lang='lat' dir='ltr'><strong><em>vant</em></strong></span> <span class='ocrx_word' id='word_1_233' title='bbox 2018 1823 2368 1887; x_wconf 82' lang='lat' dir='ltr'><strong><em>munditiam;</em></strong></span> <span class='ocrx_word' id='word_1_234' title='bbox 2402 1824 2438 1877; x_wconf 91' lang='lat' dir='ltr'><strong><em>ii</em></strong></span> <span class='ocrx_word' id='word_1_235' title='bbox 2467 1840 2617 1889; x_wconf 88' lang='lat' dir='ltr'><strong><em>vero,</em></strong></span> <span class='ocrx_word' id='word_1_236' title='bbox 2646 1826 2738 1895; x_wconf 88' lang='lat' dir='ltr'><strong><em>qui</em></strong></span> <span class='ocrx_word' id='word_1_237' title='bbox 2772 1828 2871 1881; x_wconf 90' lang='lat' dir='ltr'><strong><em>sub</em></strong></span> <span class='ocrx_word' id='word_1_238' title='bbox 2908 1830 3099 1898; x_wconf 88' lang='lat' dir='ltr'><strong><em>gratia,</em></strong></span> <span class='ocrx_word' id='word_1_239' title='bbox 3122 1832 3285 1884; x_wconf 88' lang='lat' dir='ltr'><strong><em>etiam</em></strong></span> <span class='ocrx_word' id='word_1_240' title='bbox 3325 1834 3409 1886; x_wconf 89' lang='lat' dir='ltr'><strong><em>in-</em></strong></span> 
     </span>
    </p>
   </div>
   <div class='ocr_carea' id='block_1_34' title="bbox 193 1900 1878 1994">
    <p class='ocr_par' dir='ltr' id='par_1_34' title="bbox 193 1900 1878 1983">
     <span class='ocr_line' id='line_1_34' title="bbox 193 1900 1878 1983; baseline -0.005 -18"><span class='ocrx_word' id='word_1_241' title='bbox 193 1914 301 1965; x_wconf 74' lang='grc' dir='ltr'><strong><em>ὑπὸ</em></strong></span> <span class='ocrx_word' id='word_1_242' title='bbox 329 1913 490 1983; x_wconf 83' lang='grc' dir='ltr'><strong><em>χάριν</em></strong></span> <span class='ocrx_word' id='word_1_243' title='bbox 514 1911 605 1964; x_wconf 71' lang='grc' dir='ltr'><strong><em>καὶ⁵</em></strong></span> <span class='ocrx_word' id='word_1_244' title='bbox 633 1910 731 1978; x_wconf 81' lang='grc' dir='ltr'>τῆς</span> <span class='ocrx_word' id='word_1_245' title='bbox 758 1909 903 1961; x_wconf 81' lang='grc' dir='ltr'>ἔνδον</span> <span class='ocrx_word' id='word_1_246' title='bbox 933 1910 990 1961; x_wconf 81' lang='grc' dir='ltr'>ὲν</span> <span class='ocrx_word' id='word_1_247' title='bbox 1017 1906 1271 1977; x_wconf 85' lang='grc' dir='ltr'>ἁγιασμῷ</span> <span class='ocrx_word' id='word_1_248' title='bbox 1297 1909 1515 1979; x_wconf 83' lang='grc' dir='ltr'>εἰρήνης</span> <span class='ocrx_word' id='word_1_249' title='bbox 1540 1907 1751 1978; x_wconf 84' lang='grc' dir='ltr'>ὀρέγον-</span> <span class='ocrx_word' id='word_1_250' title='bbox 1783 1900 1824 1953; x_wconf 84' lang='grc' dir='ltr'><strong>Β</strong></span> <span class='ocrx_word' id='word_1_251' title='bbox 1853 1918 1878 1963; x_wconf 77' lang='grc' dir='ltr'>ι.</span> 
     </span>
    </p>
   </div>
   <div class='ocr_carea' id='block_1_35' title="bbox 1721 1900 3406 1994">
    <p class='ocr_par' dir='ltr' id='par_1_35' title="bbox 1721 1900 3406 1994">
     <span class='ocr_line' id='line_1_35' title="bbox 1721 1900 3406 1994; baseline 0.011 -33"><span class='ocrx_word' id='word_1_252' title='bbox 1721 1924 1751 1950; x_wconf 73' lang='grc' dir='ltr'><strong><em>ν-</em></strong></span> <span class='ocrx_word' id='word_1_253' title='bbox 1783 1900 1824 1953; x_wconf 82' lang='grc' dir='ltr'><strong>Β</strong></span> <span class='ocrx_word' id='word_1_254' title='bbox 1853 1912 2104 1965; x_wconf 87' lang='lat' dir='ltr'><strong><em>teriorem</em></strong></span> <span class='ocrx_word' id='word_1_255' title='bbox 2139 1929 2276 1983; x_wconf 88' lang='lat' dir='ltr'><strong><em>quae</em></strong></span> <span class='ocrx_word' id='word_1_256' title='bbox 2312 1916 2365 1968; x_wconf 93' lang='lat' dir='ltr'><strong><em>in</em></strong></span> <span class='ocrx_word' id='word_1_257' title='bbox 2391 1917 2819 1973; x_wconf 78' lang='lat' dir='ltr'><strong><em>sanctificatione</em></strong></span> <span class='ocrx_word' id='word_1_258' title='bbox 2853 1922 3070 1978; x_wconf 86' lang='lat' dir='ltr'><strong><em>condita</em></strong></span> <span class='ocrx_word' id='word_1_259' title='bbox 3106 1934 3190 1977; x_wconf 90' lang='lat' dir='ltr'><strong><em>est</em></strong></span> <span class='ocrx_word' id='word_1_260' title='bbox 3222 1942 3406 1994; x_wconf 89' lang='lat' dir='ltr'><strong><em>pacem</em></strong></span> 
     </span>
    </p>
   </div>
   <div class='ocr_carea' id='block_1_36' title="bbox 193 1998 1878 2099">
    <p class='ocr_par' dir='ltr' id='par_1_36' title="bbox 193 1998 1878 2070">
     <span class='ocr_line' id='line_1_36' title="bbox 193 1998 1878 2070; baseline -0.002 -15"><span class='ocrx_word' id='word_1_261' title='bbox 193 2021 307 2064; x_wconf 90' lang='grc' dir='ltr'>ται,</span> <span class='ocrx_word' id='word_1_262' title='bbox 342 2002 652 2064; x_wconf 75' lang='grc' dir='ltr'>πεισθέντες</span> <span class='ocrx_word' id='word_1_263' title='bbox 698 2000 775 2070; x_wconf 81' lang='grc' dir='ltr'>τῷ</span> <span class='ocrx_word' id='word_1_264' title='bbox 813 2000 1081 2069; x_wconf 57' lang='grc' dir='ltr'>εηίρηκότισ</span> <span class='ocrx_word' id='word_1_265' title='bbox 1126 1999 1233 2052; x_wconf 83' lang='grc' dir='ltr'><strong><em>ἐὰν</em></strong></span> <span class='ocrx_word' id='word_1_266' title='bbox 1253 1998 1339 2068; x_wconf 86' lang='grc' dir='ltr'>μὴ</span> <span class='ocrx_word' id='word_1_267' title='bbox 1382 2000 1751 2066; x_wconf 82' lang='grc' dir='ltr'>περισσεύσῃ</span> <span class='ocrx_word' id='word_1_268' title='bbox 1852 2013 1878 2052; x_wconf 81' lang='lat' dir='ltr'><strong><em>a</em></strong></span> 
     </span>
    </p>
   </div>
   <div class='ocr_carea' id='block_1_37' title="bbox 1724 1998 3409 2099">
    <p class='ocr_par' dir='ltr' id='par_1_37' title="bbox 1724 2003 3409 2099">
     <span class='ocr_line' id='line_1_37' title="bbox 1724 2003 3409 2099; baseline 0.008 -48"><span class='ocrx_word' id='word_1_269' title='bbox 1724 2016 1751 2066; x_wconf 75' lang='grc' dir='ltr'><em>ῃ</em></span> <span class='ocrx_word' id='word_1_270' title='bbox 1852 2008 2140 2068; x_wconf 81' lang='lat' dir='ltr'><strong><em>appetunt,</em></strong></span> <span class='ocrx_word' id='word_1_271' title='bbox 2173 2003 2414 2057; x_wconf 80' lang='lat' dir='ltr'><strong><em>obsecuti</em></strong></span> <span class='ocrx_word' id='word_1_272' title='bbox 2468 2004 2545 2057; x_wconf 88' lang='lat' dir='ltr'><strong><em>illi</em></strong></span> <span class='ocrx_word' id='word_1_273' title='bbox 2579 2006 2671 2073; x_wconf 90' lang='lat' dir='ltr'><strong><em>qui</em></strong></span> <span class='ocrx_word' id='word_1_274' title='bbox 2717 2006 2854 2061; x_wconf 82' lang='lat' dir='ltr'><strong><em>dixit</em></strong></span> <span class='ocrx_word' id='word_1_275' title='bbox 2884 2010 3035 2099; x_wconf 75' lang='lat' dir='ltr'><strong><em>:Nisi</em></strong></span> <span class='ocrx_word' id='word_1_276' title='bbox 3071 2013 3409 2067; x_wconf 71' lang='lat' dir='ltr'><strong><em>abundaverit</em></strong></span> 
     </span>
    </p>
   </div>
   <div class='ocr_carea' id='block_1_38' title="bbox 192 2089 1877 2166">
    <p class='ocr_par' dir='ltr' id='par_1_38' title="bbox 192 2089 1872 2166">
     <span class='ocr_line' id='line_1_38' title="bbox 192 2089 1872 2166; baseline -0.005 -18"><span class='ocrx_word' id='word_1_277' title='bbox 192 2092 365 2161; x_wconf 82' lang='grc' dir='ltr'><strong><em>ὑμῶν</em></strong></span> <span class='ocrx_word' id='word_1_278' title='bbox 393 2094 432 2159; x_wconf 75' lang='grc' dir='ltr'>ἡ</span> <span class='ocrx_word' id='word_1_279' title='bbox 473 2092 821 2157; x_wconf 77' lang='grc' dir='ltr'>δικαιοσύνη</span> <span class='ocrx_word' id='word_1_280' title='bbox 864 2091 1087 2143; x_wconf 75' lang='grc' dir='ltr'>πλείων</span> <span class='ocrx_word' id='word_1_281' title='bbox 1128 2089 1245 2142; x_wconf 82' lang='grc' dir='ltr'><strong><em>τῶν</em></strong></span> <span class='ocrx_word' id='word_1_282' title='bbox 1279 2090 1615 2166; x_wconf 24' lang='grc' dir='ltr'>φαρισαίων-</span> <span class='ocrx_word' id='word_1_283' title='bbox 1655 2089 1752 2141; x_wconf 78' lang='grc' dir='ltr'><strong><em>καί</em></strong></span> <span class='ocrx_word' id='word_1_284' title='bbox 1843 2091 1872 2159; x_wconf 85' lang='lat' dir='ltr'><strong><em>j</em></strong></span> 
     </span>
    </p>
   </div>
   <div class='ocr_carea' id='block_1_39' title="bbox 1719 2089 3404 2166">
    <p class='ocr_par' dir='ltr' id='par_1_39' title="bbox 1719 2089 3404 2166">
     <span class='ocr_line' id='line_1_39' title="bbox 1719 2089 3404 2166; baseline 0.01 -25"><span class='ocrx_word' id='word_1_285' title='bbox 1719 2089 1752 2141; x_wconf 80' lang='grc' dir='ltr'><strong><em>ιί</em></strong></span> <span class='ocrx_word' id='word_1_286' title='bbox 1843 2091 2051 2159; x_wconf 86' lang='lat' dir='ltr'><strong><em>justitia</em></strong></span> <span class='ocrx_word' id='word_1_287' title='bbox 2078 2104 2250 2148; x_wconf 80' lang='lat' dir='ltr'><strong><em>vestra</em></strong></span> <span class='ocrx_word' id='word_1_288' title='bbox 2301 2094 2418 2163; x_wconf 86' lang='lat' dir='ltr'><strong><em>plus</em></strong></span> <span class='ocrx_word' id='word_1_289' title='bbox 2450 2113 2610 2166; x_wconf 83' lang='lat' dir='ltr'><strong><em>quam</em></strong></span> <span class='ocrx_word' id='word_1_290' title='bbox 2658 2089 3066 2154; x_wconf 75' lang='lat' dir='ltr'><strong><em>Pharisaeorum</em></strong></span> <span class='ocrx_word' id='word_1_291' title='bbox 3111 2115 3156 2154; x_wconf 86' lang='lat' dir='ltr'><strong><em>et</em></strong></span> <span class='ocrx_word' id='word_1_292' title='bbox 3195 2102 3404 2158; x_wconf 81' lang='lat' dir='ltr'><strong><em>Scriba-</em></strong></span> 
     </span>
    </p>
   </div>
   <div class='ocr_carea' id='block_1_40' title="bbox 194 2178 1755 2252">
    <p class='ocr_par' dir='ltr' id='par_1_40' title="bbox 194 2178 1755 2252">
     <span class='ocr_line' id='line_1_40' title="bbox 194 2178 1755 2252; baseline -0.003 -16"><span class='ocrx_word' id='word_1_293' title='bbox 194 2186 596 2252; x_wconf 67' lang='grc' dir='ltr'>πραμματέων,</span> <span class='ocrx_word' id='word_1_294' title='bbox 627 2183 697 2234; x_wconf 87' lang='grc' dir='ltr'>οὐ</span> <span class='ocrx_word' id='word_1_295' title='bbox 722 2179 807 2249; x_wconf 79' lang='grc' dir='ltr'>μὴ</span> <span class='ocrx_word' id='word_1_296' title='bbox 838 2178 1145 2246; x_wconf 75' lang='grc' dir='ltr'><strong><em>εἰσέλθητε</em></strong></span> <span class='ocrx_word' id='word_1_297' title='bbox 1178 2182 1261 2244; x_wconf 84' lang='grc' dir='ltr'><strong><em>εἰς</em></strong></span> <span class='ocrx_word' id='word_1_298' title='bbox 1291 2178 1404 2246; x_wconf 81' lang='grc' dir='ltr'><strong><em>τὴν</em></strong></span> <span class='ocrx_word' id='word_1_299' title='bbox 1432 2179 1755 2242; x_wconf 68' lang='grc' dir='ltr'>βασιλείαν</span> 
     </span>
    </p>
   </div>
   <div class='ocr_carea' id='block_1_41' title="bbox 190 2270 1753 2342">
    <p class='ocr_par' dir='ltr' id='par_1_41' title="bbox 190 2270 1753 2342">
     <span class='ocr_line' id='line_1_41' title="bbox 190 2270 1753 2342; baseline -0.003 -15"><span class='ocrx_word' id='word_1_300' title='bbox 190 2274 314 2327; x_wconf 80' lang='grc' dir='ltr'><strong><em>τῶν</em></strong></span> <span class='ocrx_word' id='word_1_301' title='bbox 345 2273 633 2342; x_wconf 83' lang='grc' dir='ltr'>οὐρανῶν.</span> <span class='ocrx_word' id='word_1_302' title='bbox 666 2274 711 2324; x_wconf 85' lang='grc' dir='ltr'><strong><em>οἰ</em></strong></span> <span class='ocrx_word' id='word_1_303' title='bbox 740 2271 848 2341; x_wconf 81' lang='grc' dir='ltr'><strong><em>γὰρ</em></strong></span> <span class='ocrx_word' id='word_1_304' title='bbox 888 2274 1160 2342; x_wconf 78' lang='grc' dir='ltr'>φαρισαῖοι</span> <span class='ocrx_word' id='word_1_305' title='bbox 1180 2309 1195 2332; x_wconf 92' lang='grc'><strong><em>,</em></strong></span> <span class='ocrx_word' id='word_1_306' title='bbox 1225 2270 1624 2341; x_wconf 85' lang='grc' dir='ltr'>τυφλώττοντες</span> <span class='ocrx_word' id='word_1_307' title='bbox 1655 2271 1753 2342; x_wconf 82' lang='grc' dir='ltr'><strong><em>τὴν</em></strong></span> 
     </span>
    </p>
   </div>
   <div class='ocr_carea' id='block_1_42' title="bbox 192 2361 1753 2433">
    <p class='ocr_par' dir='ltr' id='par_1_42' title="bbox 192 2361 1753 2433">
     <span class='ocr_line' id='line_1_42' title="bbox 192 2361 1753 2433; baseline -0.003 -15"><span class='ocrx_word' id='word_1_308' title='bbox 192 2366 465 2430; x_wconf 85' lang='grc' dir='ltr'>διάνοιαν,</span> <span class='ocrx_word' id='word_1_309' title='bbox 492 2365 553 2418; x_wconf 83' lang='grc' dir='ltr'>τὸ</span> <span class='ocrx_word' id='word_1_310' title='bbox 578 2364 681 2430; x_wconf 74' lang='grc' dir='ltr'><strong><em>ἔξω</em></strong></span> <span class='ocrx_word' id='word_1_311' title='bbox 711 2363 803 2416; x_wconf 80' lang='grc' dir='ltr'>τοῦ</span> <span class='ocrx_word' id='word_1_312' title='bbox 837 2363 1093 2433; x_wconf 80' lang='grc' dir='ltr'><strong><em>ποτηρίου</em></strong></span> <span class='ocrx_word' id='word_1_313' title='bbox 1124 2362 1398 2416; x_wconf 80' lang='grc' dir='ltr'>πλύνουσι.</span> <span class='ocrx_word' id='word_1_314' title='bbox 1430 2363 1506 2426; x_wconf 82' lang='grc' dir='ltr'><strong><em>ὡς</em></strong></span> <span class='ocrx_word' id='word_1_315' title='bbox 1538 2363 1631 2415; x_wconf 81' lang='grc' dir='ltr'>καὶ</span> <span class='ocrx_word' id='word_1_316' title='bbox 1658 2361 1753 2415; x_wconf 84' lang='grc' dir='ltr'>νῦν</span> 
     </span>
    </p>
   </div>
   <div class='ocr_carea' id='block_1_43' title="bbox 190 2452 1753 2526">
    <p class='ocr_par' dir='ltr' id='par_1_43' title="bbox 190 2452 1753 2526">
     <span class='ocr_line' id='line_1_43' title="bbox 190 2452 1753 2526; baseline -0.004 -13"><span class='ocrx_word' id='word_1_317' title='bbox 190 2461 244 2513; x_wconf 81' lang='grc' dir='ltr'><strong><em>οἰ</em></strong></span> <span class='ocrx_word' id='word_1_318' title='bbox 300 2459 424 2513; x_wconf 87' lang='grc' dir='ltr'>κατ’</span> <span class='ocrx_word' id='word_1_319' title='bbox 470 2456 664 2519; x_wconf 79' lang='grc' dir='ltr'>αὐτοὺς</span> <span class='ocrx_word' id='word_1_320' title='bbox 714 2455 819 2508; x_wconf 82' lang='grc' dir='ltr'>νέοι</span> <span class='ocrx_word' id='word_1_321' title='bbox 871 2457 1143 2526; x_wconf 83' lang='grc' dir='ltr'>φαρισαῖοι</span> <span class='ocrx_word' id='word_1_322' title='bbox 1191 2455 1281 2507; x_wconf 80' lang='grc' dir='ltr'>τὸν</span> <span class='ocrx_word' id='word_1_323' title='bbox 1325 2452 1427 2519; x_wconf 75' lang='grc' dir='ltr'><strong><em>ἔξω</em></strong></span> <span class='ocrx_word' id='word_1_324' title='bbox 1472 2454 1753 2525; x_wconf 77' lang='grc' dir='ltr'>ἄνθρωπον</span> 
     </span>
    </p>
   </div>
   <div class='ocr_carea' id='block_1_44' title="bbox 192 2545 1749 2619">
    <p class='ocr_par' dir='ltr' id='par_1_44' title="bbox 192 2545 1749 2619">
     <span class='ocr_line' id='line_1_44' title="bbox 192 2545 1749 2619; baseline -0.004 -15"><span class='ocrx_word' id='word_1_325' title='bbox 192 2548 597 2619; x_wconf 80' lang='grc' dir='ltr'>ἁνεπιτηδεύτῳ</span> <span class='ocrx_word' id='word_1_326' title='bbox 624 2546 702 2600; x_wconf 80' lang='grc' dir='ltr'>νοτ</span> <span class='ocrx_word' id='word_1_327' title='bbox 732 2546 1172 2617; x_wconf 75' lang='grc' dir='ltr'>σχηματίζοντες,</span> <span class='ocrx_word' id='word_1_328' title='bbox 1206 2547 1431 2610; x_wconf 77' lang='grc' dir='ltr'>ἑαυτοὺς</span> <span class='ocrx_word' id='word_1_329' title='bbox 1464 2545 1749 2611; x_wconf 79' lang='grc' dir='ltr'>δικαιοῦσι,</span> 
     </span>
    </p>
   </div>
   <div class='ocr_carea' id='block_1_45' title="bbox 195 2633 1754 2708">
    <p class='ocr_par' dir='ltr' id='par_1_45' title="bbox 195 2633 1754 2708">
     <span class='ocr_line' id='line_1_45' title="bbox 195 2633 1754 2708; baseline -0.003 -18"><span class='ocrx_word' id='word_1_330' title='bbox 195 2640 274 2708; x_wconf 85' lang='grc' dir='ltr'>μὴ</span> <span class='ocrx_word' id='word_1_331' title='bbox 302 2634 815 2706; x_wconf 83' lang='grc' dir='ltr'>συμμαρτυροῦντος</span> <span class='ocrx_word' id='word_1_332' title='bbox 842 2633 936 2686; x_wconf 77' lang='grc' dir='ltr'>τοῦ</span> <span class='ocrx_word' id='word_1_333' title='bbox 971 2634 1124 2701; x_wconf 83' lang='grc' dir='ltr'>ἁγίου</span> <span class='ocrx_word' id='word_1_334' title='bbox 1163 2634 1468 2703; x_wconf 81' lang='grc' dir='ltr'>πνεύματος</span> <span class='ocrx_word' id='word_1_335' title='bbox 1492 2634 1567 2703; x_wconf 83' lang='grc' dir='ltr'><strong><em>τῷ</em></strong></span> <span class='ocrx_word' id='word_1_336' title='bbox 1594 2634 1754 2686; x_wconf 85' lang='grc' dir='ltr'>πνεύ-</span> 
     </span>
    </p>
   </div>
   <div class='ocr_carea' id='block_1_46' title="bbox 196 2720 1753 2796">
    <p class='ocr_par' dir='ltr' id='par_1_46' title="bbox 196 2720 1753 2796">
     <span class='ocr_line' id='line_1_46' title="bbox 196 2720 1753 2796; baseline 0 -16"><span class='ocrx_word' id='word_1_337' title='bbox 196 2744 331 2796; x_wconf 85' lang='grc' dir='ltr'>ματι</span> <span class='ocrx_word' id='word_1_338' title='bbox 373 2726 576 2787; x_wconf 84' lang='grc' dir='ltr'>αὐτῶν,</span> <span class='ocrx_word' id='word_1_339' title='bbox 617 2726 705 2778; x_wconf 79' lang='grc' dir='ltr'>ἵνα</span> <span class='ocrx_word' id='word_1_340' title='bbox 748 2720 848 2778; x_wconf 78' lang='grc' dir='ltr'>ὦσι</span> <span class='ocrx_word' id='word_1_341' title='bbox 893 2724 1055 2777; x_wconf 88' lang='grc' dir='ltr'>τέκνα</span> <span class='ocrx_word' id='word_1_342' title='bbox 1075 2724 1209 2780; x_wconf 87' lang='grc' dir='ltr'>Θεοῦ</span> <span class='ocrx_word' id='word_1_343' title='bbox 1250 2725 1389 2779; x_wconf 88' lang='grc' dir='ltr'><strong><em>κατὰ</em></strong></span> <span class='ocrx_word' id='word_1_344' title='bbox 1417 2725 1505 2777; x_wconf 81' lang='grc' dir='ltr'><strong><em>τὸν</em></strong></span> <span class='ocrx_word' id='word_1_345' title='bbox 1531 2725 1753 2794; x_wconf 87' lang='grc' dir='ltr'>λέγοντα</span> 
     </span>
    </p>
   </div>
   <div class='ocr_carea' id='block_1_47' title="bbox 193 2814 1754 2884">
    <p class='ocr_par' dir='ltr' id='par_1_47' title="bbox 193 2814 1754 2884">
     <span class='ocr_line' id='line_1_47' title="bbox 193 2814 1754 2884; baseline 0.002 -16"><span class='ocrx_word' id='word_1_346' title='bbox 193 2816 510 2868; x_wconf 75' lang='grc' dir='ltr'>ἀπόστολον·</span> <span class='ocrx_word' id='word_1_347' title='bbox 540 2816 683 2868; x_wconf 84' lang='grc' dir='ltr'>αὐτὸ</span> <span class='ocrx_word' id='word_1_348' title='bbox 708 2815 774 2867; x_wconf 83' lang='grc' dir='ltr'>τὸ</span> <span class='ocrx_word' id='word_1_349' title='bbox 794 2814 1027 2882; x_wconf 81' lang='grc' dir='ltr'>πνεῦμα</span> <span class='ocrx_word' id='word_1_350' title='bbox 1055 2815 1462 2884; x_wconf 81' lang='grc' dir='ltr'>συμμαρτυρεῖ</span> <span class='ocrx_word' id='word_1_351' title='bbox 1478 2814 1557 2880; x_wconf 85' lang='grc' dir='ltr'>τῷ</span> <span class='ocrx_word' id='word_1_352' title='bbox 1582 2819 1754 2871; x_wconf 81' lang='grc' dir='ltr'>πνεύ·</span> 
     </span>
    </p>
   </div>
   <div class='ocr_carea' id='block_1_48' title="bbox 186 2903 1752 2978">
    <p class='ocr_par' dir='ltr' id='par_1_48' title="bbox 186 2903 1752 2978">
     <span class='ocr_line' id='line_1_48' title="bbox 186 2903 1752 2978; baseline 0.003 -21"><span class='ocrx_word' id='word_1_353' title='bbox 186 2922 330 2972; x_wconf 79' lang='grc' dir='ltr'>ματι</span> <span class='ocrx_word' id='word_1_354' title='bbox 357 2904 544 2973; x_wconf 73' lang='grc' dir='ltr'>ἡμῶν,</span> <span class='ocrx_word' id='word_1_355' title='bbox 567 2904 654 2957; x_wconf 84' lang='grc' dir='ltr'>ὅτι</span> <span class='ocrx_word' id='word_1_356' title='bbox 677 2905 862 2972; x_wconf 83' lang='grc' dir='ltr'>ἐσμὲν</span> <span class='ocrx_word' id='word_1_357' title='bbox 893 2903 1069 2957; x_wconf 83' lang='grc' dir='ltr'>τέκνα</span> <span class='ocrx_word' id='word_1_358' title='bbox 1084 2905 1247 2961; x_wconf 74' lang='grc' dir='ltr'><strong><em>Θεοῦο</em></strong></span> <span class='ocrx_word' id='word_1_359' title='bbox 1277 2906 1368 2958; x_wconf 76' lang='grc' dir='ltr'>καὶ</span> <span class='ocrx_word' id='word_1_360' title='bbox 1400 2906 1476 2977; x_wconf 80' lang='grc' dir='ltr'>μὴ</span> <span class='ocrx_word' id='word_1_361' title='bbox 1498 2907 1752 2978; x_wconf 86' lang='grc' dir='ltr'>βουλόμε-</span> 
     </span>
    </p>
   </div>
   <div class='ocr_carea' id='block_1_49' title="bbox 192 2995 1752 3066">
    <p class='ocr_par' dir='ltr' id='par_1_49' title="bbox 192 2995 1752 3066">
     <span class='ocr_line' id='line_1_49' title="bbox 192 2995 1752 3066; baseline 0 -17"><span class='ocrx_word' id='word_1_362' title='bbox 192 3015 274 3049; x_wconf 88' lang='grc' dir='ltr'><strong><em>νοι</em></strong></span> <span class='ocrx_word' id='word_1_363' title='bbox 305 2998 569 3066; x_wconf 75' lang='grc' dir='ltr'>γνωρίσαι</span> <span class='ocrx_word' id='word_1_364' title='bbox 610 2996 707 3065; x_wconf 81' lang='grc' dir='ltr'>τὴν</span> <span class='ocrx_word' id='word_1_365' title='bbox 748 2997 805 3047; x_wconf 79' lang='grc' dir='ltr'>ὲν</span> <span class='ocrx_word' id='word_1_366' title='bbox 844 2996 1097 3065; x_wconf 83' lang='grc' dir='ltr'>ἁγιασμῷ</span> <span class='ocrx_word' id='word_1_367' title='bbox 1131 2995 1356 3066; x_wconf 74' lang='grc' dir='ltr'>αὔξησιν</span> <span class='ocrx_word' id='word_1_368' title='bbox 1386 2997 1477 3049; x_wconf 83' lang='grc' dir='ltr'>τοῦ</span> <span class='ocrx_word' id='word_1_369' title='bbox 1510 2997 1615 3049; x_wconf 79' lang='grc' dir='ltr'>ἔσω</span> <span class='ocrx_word' id='word_1_370' title='bbox 1656 3000 1752 3051; x_wconf 85' lang='grc' dir='ltr'><strong><em>ἀν-</em></strong></span> 
     </span>
    </p>
   </div>
   <div class='ocr_carea' id='block_1_50' title="bbox 192 3087 1751 3159">
    <p class='ocr_par' dir='ltr' id='par_1_50' title="bbox 192 3087 1751 3159">
     <span class='ocr_line' id='line_1_50' title="bbox 192 3087 1751 3159; baseline 0 -19"><span class='ocrx_word' id='word_1_371' title='bbox 192 3088 415 3159; x_wconf 73' lang='grc' dir='ltr'>θρώπου</span> <span class='ocrx_word' id='word_1_372' title='bbox 442 3128 456 3148; x_wconf 90' lang='grc'><strong><em>,</em></strong></span> <span class='ocrx_word' id='word_1_373' title='bbox 492 3087 627 3140; x_wconf 77' lang='grc' dir='ltr'><strong><em>ἁλλὰ</em></strong></span> <span class='ocrx_word' id='word_1_374' title='bbox 672 3087 1167 3157; x_wconf 76' lang='grc' dir='ltr'>πληροφορούμενοι</span> <span class='ocrx_word' id='word_1_375' title='bbox 1209 3088 1365 3156; x_wconf 82' lang='grc' dir='ltr'>μόνον</span> <span class='ocrx_word' id='word_1_376' title='bbox 1406 3089 1463 3140; x_wconf 80' lang='grc' dir='ltr'>ὲν</span> <span class='ocrx_word' id='word_1_377' title='bbox 1504 3091 1615 3150; x_wconf 86' lang='grc' dir='ltr'>τοῖς</span> <span class='ocrx_word' id='word_1_378' title='bbox 1653 3088 1751 3157; x_wconf 84' lang='grc' dir='ltr'>τῆς</span> 
     </span>
    </p>
   </div>
   <div class='ocr_carea' id='block_1_51' title="bbox 194 3177 1751 3251">
    <p class='ocr_par' dir='ltr' id='par_1_51' title="bbox 194 3177 1751 3251">
     <span class='ocr_line' id='line_1_51' title="bbox 194 3177 1751 3251; baseline -0.001 -18"><span class='ocrx_word' id='word_1_379' title='bbox 194 3180 398 3251; x_wconf 82' lang='grc' dir='ltr'>σαρκὸς</span> <span class='ocrx_word' id='word_1_380' title='bbox 427 3177 826 3248; x_wconf 71' lang='grc' dir='ltr'>κατορθώμασιο</span> <span class='ocrx_word' id='word_1_381' title='bbox 863 3178 937 3248; x_wconf 81' lang='grc' dir='ltr'>μὴ</span> <span class='ocrx_word' id='word_1_382' title='bbox 966 3178 1203 3245; x_wconf 85' lang='grc' dir='ltr'>γνόντες,</span> <span class='ocrx_word' id='word_1_383' title='bbox 1239 3178 1320 3230; x_wconf 84' lang='grc' dir='ltr'>ὅτι</span> <span class='ocrx_word' id='word_1_384' title='bbox 1344 3178 1511 3232; x_wconf 75' lang='grc' dir='ltr'>πᾶσα</span> <span class='ocrx_word' id='word_1_385' title='bbox 1533 3178 1573 3244; x_wconf 73' lang='grc' dir='ltr'>ἡ</span> <span class='ocrx_word' id='word_1_386' title='bbox 1604 3178 1751 3243; x_wconf 80' lang='grc' dir='ltr'>δόξα</span> 
     </span>
    </p>
   </div>
   <div class='ocr_carea' id='block_1_52' title="bbox 189 3267 1749 3339">
    <p class='ocr_par' dir='ltr' id='par_1_52' title="bbox 189 3267 1749 3339">
     <span class='ocr_line' id='line_1_52' title="bbox 189 3267 1749 3339; baseline -0.002 -14"><span class='ocrx_word' id='word_1_387' title='bbox 189 3269 307 3338; x_wconf 82' lang='grc' dir='ltr'>τῆς</span> <span class='ocrx_word' id='word_1_388' title='bbox 326 3268 613 3335; x_wconf 74' lang='grc' dir='ltr'>θυγατρὸς</span> <span class='ocrx_word' id='word_1_389' title='bbox 630 3268 734 3321; x_wconf 83' lang='grc' dir='ltr'>τοῦ</span> <span class='ocrx_word' id='word_1_390' title='bbox 757 3267 1059 3331; x_wconf 71' lang='grc' dir='ltr'>,βασιλέως</span> <span class='ocrx_word' id='word_1_391' title='bbox 1081 3268 1322 3322; x_wconf 74' lang='grc' dir='ltr'>ἔσωθεν.</span> <span class='ocrx_word' id='word_1_392' title='bbox 1370 3267 1485 3321; x_wconf 79' lang='grc' dir='ltr'>ἔστι</span> <span class='ocrx_word' id='word_1_393' title='bbox 1512 3269 1619 3339; x_wconf 84' lang='grc' dir='ltr'>γάρ</span> <span class='ocrx_word' id='word_1_394' title='bbox 1646 3288 1749 3333; x_wconf 85' lang='grc' dir='ltr'>τις,</span> 
     </span>
    </p>
   </div>
   <div class='ocr_carea' id='block_1_53' title="bbox 191 3356 1752 3431">
    <p class='ocr_par' dir='ltr' id='par_1_53' title="bbox 191 3356 1752 3431">
     <span class='ocr_line' id='line_1_53' title="bbox 191 3356 1752 3431; baseline -0.001 -17"><span class='ocrx_word' id='word_1_395' title='bbox 191 3364 270 3425; x_wconf 83' lang='grc' dir='ltr'>ὡς</span> <span class='ocrx_word' id='word_1_396' title='bbox 297 3362 492 3424; x_wconf 79' lang='grc' dir='ltr'>ἔοικεν,</span> <span class='ocrx_word' id='word_1_397' title='bbox 523 3361 751 3423; x_wconf 73' lang='grc' dir='ltr'>ἕκαστος</span> <span class='ocrx_word' id='word_1_398' title='bbox 778 3359 934 3428; x_wconf 83' lang='grc' dir='ltr'>ἡμῶν</span> <span class='ocrx_word' id='word_1_399' title='bbox 960 3360 1120 3429; x_wconf 84' lang='grc' dir='ltr'>νοητὴ</span> <span class='ocrx_word' id='word_1_400' title='bbox 1152 3359 1312 3427; x_wconf 85' lang='grc' dir='ltr'>συκῆ.</span> <span class='ocrx_word' id='word_1_401' title='bbox 1351 3362 1476 3429; x_wconf 79' lang='grc' dir='ltr'>παρ’</span> <span class='ocrx_word' id='word_1_402' title='bbox 1505 3356 1573 3431; x_wconf 79' lang='grc' dir='ltr'>ἦς</span> <span class='ocrx_word' id='word_1_403' title='bbox 1599 3364 1626 3413; x_wconf 86' lang='grc' dir='ltr'>ὁ</span> <span class='ocrx_word' id='word_1_404' title='bbox 1657 3361 1752 3414; x_wconf 83' lang='grc' dir='ltr'>κύ-</span> 
     </span>
    </p>
   </div>
   <div class='ocr_carea' id='block_1_54' title="bbox 196 3448 1752 3523">
    <p class='ocr_par' dir='ltr' id='par_1_54' title="bbox 196 3448 1752 3523">
     <span class='ocr_line' id='line_1_54' title="bbox 196 3448 1752 3523; baseline -0.001 -17"><span class='ocrx_word' id='word_1_405' title='bbox 196 3471 310 3523; x_wconf 86' lang='grc' dir='ltr'>ριος</span> <span class='ocrx_word' id='word_1_406' title='bbox 332 3453 423 3505; x_wconf 86' lang='grc' dir='ltr'>τὸν</span> <span class='ocrx_word' id='word_1_407' title='bbox 448 3452 591 3503; x_wconf 78' lang='grc' dir='ltr'>ἔνδον</span> <span class='ocrx_word' id='word_1_408' title='bbox 618 3451 826 3521; x_wconf 75' lang='grc' dir='ltr'>καρπὸν</span> <span class='ocrx_word' id='word_1_409' title='bbox 852 3448 1114 3518; x_wconf 76' lang='grc' dir='ltr'>ἐπιζητεῖ,</span> <span class='ocrx_word' id='word_1_410' title='bbox 1143 3452 1236 3503; x_wconf 74' lang='grc' dir='ltr'>καὶ</span> <span class='ocrx_word' id='word_1_411' title='bbox 1261 3452 1321 3502; x_wconf 86' lang='grc' dir='ltr'>οὐ</span> <span class='ocrx_word' id='word_1_412' title='bbox 1348 3451 1437 3502; x_wconf 82' lang='grc' dir='ltr'>τὸν</span> <span class='ocrx_word' id='word_1_413' title='bbox 1461 3453 1523 3503; x_wconf 82' lang='grc' dir='ltr'>ὲκ</span> <span class='ocrx_word' id='word_1_414' title='bbox 1544 3452 1752 3519; x_wconf 80' lang='grc' dir='ltr'>φύλλων</span> 
     </span>
    </p>
   </div>
   <div class='ocr_carea' id='block_1_55' title="bbox 192 3543 1753 3615">
    <p class='ocr_par' dir='ltr' id='par_1_55' title="bbox 192 3543 1753 3615">
     <span class='ocr_line' id='line_1_55' title="bbox 192 3543 1753 3615; baseline -0.001 -17"><span class='ocrx_word' id='word_1_415' title='bbox 192 3546 542 3613; x_wconf 73' lang='grc' dir='ltr'>ἐπικείμενον</span> <span class='ocrx_word' id='word_1_416' title='bbox 582 3544 975 3613; x_wconf 76' lang='grc' dir='ltr'>σχηματισμόν.</span> <span class='ocrx_word' id='word_1_417' title='bbox 1024 3544 1053 3595; x_wconf 85' lang='grc' dir='ltr'>ὁ</span> <span class='ocrx_word' id='word_1_418' title='bbox 1088 3543 1265 3595; x_wconf 84' lang='grc' dir='ltr'>τοίνυν</span> <span class='ocrx_word' id='word_1_419' title='bbox 1304 3544 1611 3615; x_wconf 85' lang='grc' dir='ltr'>συνηγορῶν</span> <span class='ocrx_word' id='word_1_420' title='bbox 1643 3547 1753 3606; x_wconf 84' lang='grc' dir='ltr'>τοῖς</span> 
     </span>
    </p>
   </div>
   <div class='ocr_carea' id='block_1_56' title="bbox 192 3633 1754 3704">
    <p class='ocr_par' dir='ltr' id='par_1_56' title="bbox 192 3633 1754 3704">
     <span class='ocr_line' id='line_1_56' title="bbox 192 3633 1754 3704; baseline -0.002 -15"><span class='ocrx_word' id='word_1_421' title='bbox 192 3637 394 3689; x_wconf 83' lang='grc' dir='ltr'>πάθεσι</span> <span class='ocrx_word' id='word_1_422' title='bbox 436 3636 536 3704; x_wconf 79' lang='grc' dir='ltr'>τῆς</span> <span class='ocrx_word' id='word_1_423' title='bbox 581 3635 800 3701; x_wconf 82' lang='grc' dir='ltr'>ἀτιμίας</span> <span class='ocrx_word' id='word_1_424' title='bbox 831 3634 905 3696; x_wconf 84' lang='grc' dir='ltr'>ὡς</span> <span class='ocrx_word' id='word_1_425' title='bbox 935 3635 1211 3702; x_wconf 78' lang='grc' dir='ltr'>φυσικοῖς,</span> <span class='ocrx_word' id='word_1_426' title='bbox 1243 3633 1336 3686; x_wconf 71' lang='grc' dir='ltr'>καὶ</span> <span class='ocrx_word' id='word_1_427' title='bbox 1367 3633 1463 3703; x_wconf 79' lang='grc' dir='ltr'>οὐχ</span> <span class='ocrx_word' id='word_1_428' title='bbox 1505 3634 1580 3697; x_wconf 83' lang='grc' dir='ltr'><strong><em>ὡς</em></strong></span> <span class='ocrx_word' id='word_1_429' title='bbox 1620 3651 1754 3704; x_wconf 90' lang='grc' dir='ltr'>συμ-</span> 
     </span>
    </p>
   </div>
   <div class='ocr_carea' id='block_1_57' title="bbox 191 3723 1752 3796">
    <p class='ocr_par' dir='ltr' id='par_1_57' title="bbox 191 3723 1752 3796">
     <span class='ocr_line' id='line_1_57' title="bbox 191 3723 1752 3796; baseline -0.002 -18"><span class='ocrx_word' id='word_1_430' title='bbox 191 3726 452 3796; x_wconf 76' lang='grc' dir='ltr'>ϐεϐηκόσι</span> <span class='ocrx_word' id='word_1_431' title='bbox 474 3766 487 3782; x_wconf 82' lang='grc'><strong><em>,</em></strong></span> <span class='ocrx_word' id='word_1_432' title='bbox 524 3724 817 3793; x_wconf 80' lang='grc' dir='ltr'>μετήλλαξε</span> <span class='ocrx_word' id='word_1_433' title='bbox 852 3725 949 3793; x_wconf 79' lang='grc' dir='ltr'><strong><em>τὴν</em></strong></span> <span class='ocrx_word' id='word_1_434' title='bbox 990 3723 1083 3776; x_wconf 75' lang='grc' dir='ltr'>τοῦ</span> <span class='ocrx_word' id='word_1_435' title='bbox 1104 3724 1237 3778; x_wconf 84' lang='grc' dir='ltr'>Θεοῦ</span> <span class='ocrx_word' id='word_1_436' title='bbox 1276 3724 1534 3794; x_wconf 81' lang='grc' dir='ltr'>ἀλήθειαν</span> <span class='ocrx_word' id='word_1_437' title='bbox 1578 3726 1634 3777; x_wconf 78' lang='grc' dir='ltr'>ὲν</span> <span class='ocrx_word' id='word_1_438' title='bbox 1674 3725 1752 3794; x_wconf 82' lang='grc' dir='ltr'>τῷ</span> 
     </span>
    </p>
   </div>
   <div class='ocr_carea' id='block_1_58' title="bbox 189 3811 1752 3883">
    <p class='ocr_par' dir='ltr' id='par_1_58' title="bbox 189 3811 1752 3883">
     <span class='ocr_line' id='line_1_58' title="bbox 189 3811 1752 3883; baseline -0.001 -16"><span class='ocrx_word' id='word_1_439' title='bbox 189 3816 379 3880; x_wconf 82' lang='grc' dir='ltr'>οἰκείῳ</span> <span class='ocrx_word' id='word_1_440' title='bbox 418 3813 619 3881; x_wconf 77' lang='grc' dir='ltr'>ψεύδει.</span> <span class='ocrx_word' id='word_1_441' title='bbox 669 3812 743 3875; x_wconf 84' lang='grc' dir='ltr'><strong><em>ὡς</em></strong></span> <span class='ocrx_word' id='word_1_442' title='bbox 796 3811 905 3882; x_wconf 82' lang='grc' dir='ltr'>γὰρ</span> <span class='ocrx_word' id='word_1_443' title='bbox 960 3812 1221 3883; x_wconf 85' lang='grc' dir='ltr'>προέφην,</span> <span class='ocrx_word' id='word_1_444' title='bbox 1274 3814 1303 3865; x_wconf 85' lang='grc' dir='ltr'><strong><em>δ</em></strong></span> <span class='ocrx_word' id='word_1_445' title='bbox 1349 3814 1612 3882; x_wconf 83' lang='grc' dir='ltr'>ἄχραντος</span> <span class='ocrx_word' id='word_1_446' title='bbox 1660 3815 1752 3866; x_wconf 76' lang='grc' dir='ltr'>καὶ</span> 
     </span>
    </p>
   </div>
   <div class='ocr_carea' id='block_1_59' title="bbox 192 3902 1752 3975">
    <p class='ocr_par' dir='ltr' id='par_1_59' title="bbox 192 3902 1752 3975">
     <span class='ocr_line' id='line_1_59' title="bbox 192 3902 1752 3975; baseline -0.003 -16"><span class='ocrx_word' id='word_1_447' title='bbox 192 3906 434 3975; x_wconf 82' lang='grc' dir='ltr'>καθαρὸς</span> <span class='ocrx_word' id='word_1_448' title='bbox 466 3904 558 3956; x_wconf 76' lang='grc' dir='ltr'>καὶ</span> <span class='ocrx_word' id='word_1_449' title='bbox 584 3903 680 3973; x_wconf 80' lang='grc' dir='ltr'>τὴν</span> <span class='ocrx_word' id='word_1_450' title='bbox 713 3903 894 3955; x_wconf 83' lang='grc' dir='ltr'>εἰκόνα</span> <span class='ocrx_word' id='word_1_451' title='bbox 931 3902 1093 3955; x_wconf 80' lang='grc' dir='ltr'>αὐτοῦ</span> <span class='ocrx_word' id='word_1_452' title='bbox 1137 3902 1326 3971; x_wconf 87' lang='grc' dir='ltr'>ὁμοίαν</span> <span class='ocrx_word' id='word_1_453' title='bbox 1354 3904 1752 3955; x_wconf 82' lang='grc' dir='ltr'>κατεσκεύασεν</span> 
     </span>
    </p>
   </div>
   <div class='ocr_carea' id='block_1_60' title="bbox 190 3991 1751 4062">
    <p class='ocr_par' dir='ltr' id='par_1_60' title="bbox 190 3991 1751 4062">
     <span class='ocr_line' id='line_1_60' title="bbox 190 3991 1751 4062; baseline -0.004 -13"><span class='ocrx_word' id='word_1_454' title='bbox 190 3995 391 4062; x_wconf 76' lang='grc' dir='ltr'>ἑαυτῷ·</span> <span class='ocrx_word' id='word_1_455' title='bbox 438 3992 708 4061; x_wconf 53' lang='lat' dir='ltr'><strong><em>(gemui-6t</em></strong></span> <span class='ocrx_word' id='word_1_456' title='bbox 750 3992 992 4045; x_wconf 78' lang='grc' dir='ltr'>διαϐόλου</span> <span class='ocrx_word' id='word_1_457' title='bbox 1028 3991 1253 4053; x_wconf 81' lang='grc' dir='ltr'>θάνατος</span> <span class='ocrx_word' id='word_1_458' title='bbox 1304 3995 1381 4054; x_wconf 87' lang='grc' dir='ltr'><strong><em>εἰς</em></strong></span> <span class='ocrx_word' id='word_1_459' title='bbox 1423 3993 1513 4044; x_wconf 80' lang='grc' dir='ltr'>τὸν</span> <span class='ocrx_word' id='word_1_460' title='bbox 1553 3994 1751 4062; x_wconf 79' lang='grc' dir='ltr'>κόσμον</span> 
     </span>
    </p>
   </div>
   <div class='ocr_carea' id='block_1_61' title="bbox 190 4081 1751 4155">
    <p class='ocr_par' dir='ltr' id='par_1_61' title="bbox 190 4081 1751 4155">
     <span class='ocr_line' id='line_1_61' title="bbox 190 4081 1751 4155; baseline -0.002 -17"><span class='ocrx_word' id='word_1_461' title='bbox 190 4086 407 4155; x_wconf 83' lang='grc' dir='ltr'>εἰσῆλθε</span> <span class='ocrx_word' id='word_1_462' title='bbox 433 4126 447 4140; x_wconf 93' lang='grc'><strong>.</strong></span> <span class='ocrx_word' id='word_1_463' title='bbox 487 4084 670 4151; x_wconf 81' lang='grc' dir='ltr'>ἐπειδὴ</span> <span class='ocrx_word' id='word_1_464' title='bbox 721 4082 899 4135; x_wconf 84' lang='grc' dir='ltr'>τοίνυν</span> <span class='ocrx_word' id='word_1_465' title='bbox 928 4083 990 4135; x_wconf 81' lang='grc' dir='ltr'>τὸ</span> <span class='ocrx_word' id='word_1_466' title='bbox 1032 4081 1140 4133; x_wconf 83' lang='grc' dir='ltr'><strong><em>τῶν</em></strong></span> <span class='ocrx_word' id='word_1_467' title='bbox 1179 4082 1475 4151; x_wconf 86' lang='grc' dir='ltr'>ἀνθρώπων</span> <span class='ocrx_word' id='word_1_468' title='bbox 1507 4084 1661 4149; x_wconf 79' lang='grc' dir='ltr'>γένος</span> <span class='ocrx_word' id='word_1_469' title='bbox 1695 4086 1751 4135; x_wconf 80' lang='grc' dir='ltr'>ἐν</span> 
     </span>
    </p>
   </div>
   <div class='ocr_carea' id='block_1_62' title="bbox 190 4168 1748 4242">
    <p class='ocr_par' dir='ltr' id='par_1_62' title="bbox 190 4168 1748 4242">
     <span class='ocr_line' id='line_1_62' title="bbox 190 4168 1748 4242; baseline -0.003 -18"><span class='ocrx_word' id='word_1_470' title='bbox 190 4172 446 4242; x_wconf 83' lang='grc' dir='ltr'>ἀνομίαις</span> <span class='ocrx_word' id='word_1_471' title='bbox 498 4171 696 4239; x_wconf 85' lang='grc' dir='ltr'>κυηθέν</span> <span class='ocrx_word' id='word_1_472' title='bbox 729 4171 808 4234; x_wconf 80' lang='grc'><strong><em>⁸),</em></strong></span> <span class='ocrx_word' id='word_1_473' title='bbox 857 4170 951 4222; x_wconf 75' lang='grc' dir='ltr'><strong><em>καὶ</em></strong></span> <span class='ocrx_word' id='word_1_474' title='bbox 1017 4169 1073 4219; x_wconf 82' lang='grc' dir='ltr'>ἐν</span> <span class='ocrx_word' id='word_1_475' title='bbox 1126 4168 1417 4237; x_wconf 78' lang='grc' dir='ltr'>ἁμαρτίαις</span> <span class='ocrx_word' id='word_1_476' title='bbox 1466 4168 1748 4237; x_wconf 84' lang='grc' dir='ltr'>γεννηθέν,</span> 
     </span>
    </p>
   </div>
   <div class='ocr_carea' id='block_1_63' title="bbox 191 4258 1752 4333">
    <p class='ocr_par' dir='ltr' id='par_1_63' title="bbox 191 4258 1752 4333">
     <span class='ocr_line' id='line_1_63' title="bbox 191 4258 1752 4333; baseline -0.004 -17"><span class='ocrx_word' id='word_1_477' title='bbox 191 4261 604 4333; x_wconf 81' lang='grc' dir='ltr'>ἀπηλλοτριώθη</span> <span class='ocrx_word' id='word_1_478' title='bbox 655 4260 763 4313; x_wconf 80' lang='grc' dir='ltr'><strong><em>ἀπὸ</em></strong></span> <span class='ocrx_word' id='word_1_479' title='bbox 806 4261 1014 4328; x_wconf 75' lang='grc' dir='ltr'>μήτρας</span> <span class='ocrx_word' id='word_1_480' title='bbox 1060 4258 1153 4310; x_wconf 75' lang='grc' dir='ltr'>καὶ</span> <span class='ocrx_word' id='word_1_481' title='bbox 1192 4258 1462 4327; x_wconf 79' lang='grc' dir='ltr'>ἐπλανήθη</span> <span class='ocrx_word' id='word_1_482' title='bbox 1506 4258 1609 4310; x_wconf 85' lang='grc' dir='ltr'><strong><em>ἀπὸ</em></strong></span> <span class='ocrx_word' id='word_1_483' title='bbox 1653 4275 1752 4324; x_wconf 88' lang='grc' dir='ltr'>γα-</span> 
     </span>
    </p>
   </div>
   <div class='ocr_carea' id='block_1_64' title="bbox 190 4341 1751 4423">
    <p class='ocr_par' dir='ltr' id='par_1_64' title="bbox 190 4341 1751 4423">
     <span class='ocr_line' id='line_1_64' title="bbox 190 4341 1751 4423; baseline -0.003 -17"><span class='ocrx_word' id='word_1_484' title='bbox 190 4355 370 4423; x_wconf 81' lang='grc' dir='ltr'>στρός,</span> <span class='ocrx_word' id='word_1_485' title='bbox 415 4351 802 4421; x_wconf 75' lang='grc' dir='ltr'>βασιλευσάσης</span> <span class='ocrx_word' id='word_1_486' title='bbox 830 4350 929 4419; x_wconf 80' lang='grc' dir='ltr'>τῆς</span> <span class='ocrx_word' id='word_1_487' title='bbox 960 4348 1228 4417; x_wconf 88' lang='grc' dir='ltr'>ἁμαρτίας</span> <span class='ocrx_word' id='word_1_488' title='bbox 1248 4347 1355 4401; x_wconf 77' lang='grc' dir='ltr'>ἀπὸ</span> <span class='ocrx_word' id='word_1_489' title='bbox 1390 4341 1559 4417; x_wconf 83' lang='grc' dir='ltr'>Ἀδὰμ</span> <span class='ocrx_word' id='word_1_490' title='bbox 1594 4349 1751 4418; x_wconf 85' lang='grc' dir='ltr'>μέχρι</span> 
     </span>
    </p>
   </div>
   <div class='ocr_carea' id='block_1_65' title="bbox 189 4436 1751 4514">
    <p class='ocr_par' dir='ltr' id='par_1_65' title="bbox 189 4436 1751 4514">
     <span class='ocr_line' id='line_1_65' title="bbox 189 4436 1751 4514; baseline -0.003 -18"><span class='ocrx_word' id='word_1_491' title='bbox 189 4448 289 4513; x_wconf 82' lang='grc' dir='ltr'>τῆς</span> <span class='ocrx_word' id='word_1_492' title='bbox 329 4442 631 4514; x_wconf 82' lang='grc' dir='ltr'>παρουσίας</span> <span class='ocrx_word' id='word_1_493' title='bbox 652 4440 747 4493; x_wconf 84' lang='grc' dir='ltr'>τοῦ</span> <span class='ocrx_word' id='word_1_494' title='bbox 776 4438 1033 4509; x_wconf 79' lang='grc' dir='ltr'>Χριστοῦ,</span> <span class='ocrx_word' id='word_1_495' title='bbox 1063 4436 1224 4508; x_wconf 79' lang='grc' dir='ltr'>ἦλθεν</span> <span class='ocrx_word' id='word_1_496' title='bbox 1256 4438 1486 4501; x_wconf 73' lang='grc' dir='ltr'>ίλασθεὶς</span> <span class='ocrx_word' id='word_1_497' title='bbox 1531 4440 1559 4490; x_wconf 83' lang='grc' dir='ltr'>ὁ</span> <span class='ocrx_word' id='word_1_498' title='bbox 1584 4440 1751 4509; x_wconf 83' lang='grc' dir='ltr'>ἀμνὸς</span> 
     </span>
    </p>
   </div>
   <div class='ocr_carea' id='block_1_66' title="bbox 1853 2187 3408 2263">
    <p class='ocr_par' dir='ltr' id='par_1_66' title="bbox 1853 2187 3408 2263">
     <span class='ocr_line' id='line_1_66' title="bbox 1853 2187 3408 2263; baseline 0.01 -30"><span class='ocrx_word' id='word_1_499' title='bbox 1853 2198 1971 2234; x_wconf 90' lang='lat' dir='ltr'><strong><em>rum</em></strong></span> <span class='ocrx_word' id='word_1_500' title='bbox 2000 2223 2014 2245; x_wconf 95' lang='lat'><strong><em>,</em></strong></span> <span class='ocrx_word' id='word_1_501' title='bbox 2056 2201 2159 2236; x_wconf 90' lang='lat' dir='ltr'><strong><em>non</em></strong></span> <span class='ocrx_word' id='word_1_502' title='bbox 2186 2187 2453 2239; x_wconf 88' lang='lat' dir='ltr'><strong><em>intrabitis</em></strong></span> <span class='ocrx_word' id='word_1_503' title='bbox 2478 2188 2530 2239; x_wconf 88' lang='lat' dir='ltr'><strong><em>in</em></strong></span> <span class='ocrx_word' id='word_1_504' title='bbox 2561 2204 2778 2257; x_wconf 84' lang='lat' dir='ltr'><strong><em>regnum</em></strong></span> <span class='ocrx_word' id='word_1_505' title='bbox 2812 2191 3408 2263; x_wconf 83' lang='lat' dir='ltr'><strong><em>coelorum(7).Etenim</em></strong></span> 
     </span>
    </p>
   </div>
   <div class='ocr_carea' id='block_1_67' title="bbox 1852 2269 3407 2352">
    <p class='ocr_par' dir='ltr' id='par_1_67' title="bbox 1852 2269 3407 2352">
     <span class='ocr_line' id='line_1_67' title="bbox 1852 2269 3407 2352; baseline 0.01 -29"><span class='ocrx_word' id='word_1_506' title='bbox 1852 2269 2123 2326; x_wconf 84' lang='lat' dir='ltr'><strong><em>Pharisaei</em></strong></span> <span class='ocrx_word' id='word_1_507' title='bbox 2170 2283 2349 2328; x_wconf 88' lang='lat' dir='ltr'><strong><em>mente</em></strong></span> <span class='ocrx_word' id='word_1_508' title='bbox 2387 2275 2660 2329; x_wconf 76' lang='lat' dir='ltr'><strong><em>obcaecati</em></strong></span> <span class='ocrx_word' id='word_1_509' title='bbox 2693 2286 2931 2333; x_wconf 79' lang='lat' dir='ltr'><strong><em>exteram</em></strong></span> <span class='ocrx_word' id='word_1_510' title='bbox 2976 2284 3151 2350; x_wconf 84' lang='lat' dir='ltr'><strong><em>poculi</em></strong></span> <span class='ocrx_word' id='word_1_511' title='bbox 3193 2278 3407 2352; x_wconf 72' lang='lat' dir='ltr'><strong><em>&#39;partem</em></strong></span> 
     </span>
    </p>
   </div>
   <div class='ocr_carea' id='block_1_68' title="bbox 1850 2362 3407 2431">
    <p class='ocr_par' dir='ltr' id='par_1_68' title="bbox 1850 2362 3407 2431">
     <span class='ocr_line' id='line_1_68' title="bbox 1850 2362 3407 2431; baseline 0.01 -16"><span class='ocrx_word' id='word_1_512' title='bbox 1850 2362 2050 2416; x_wconf 81' lang='lat' dir='ltr'><strong><em>lavant.</em></strong></span> <span class='ocrx_word' id='word_1_513' title='bbox 2088 2364 2238 2419; x_wconf 87' lang='lat' dir='ltr'><strong><em>Sicut</em></strong></span> <span class='ocrx_word' id='word_1_514' title='bbox 2268 2366 2431 2420; x_wconf 88' lang='lat' dir='ltr'><strong><em>etiam</em></strong></span> <span class='ocrx_word' id='word_1_515' title='bbox 2453 2383 2598 2420; x_wconf 90' lang='lat' dir='ltr'><strong><em>nunc</em></strong></span> <span class='ocrx_word' id='word_1_516' title='bbox 2619 2369 2744 2422; x_wconf 88' lang='lat' dir='ltr'><strong><em>novi</em></strong></span> <span class='ocrx_word' id='word_1_517' title='bbox 2764 2372 3062 2425; x_wconf 91' lang='lat' dir='ltr'><strong><em>secundum</em></strong></span> <span class='ocrx_word' id='word_1_518' title='bbox 3095 2388 3191 2427; x_wconf 87' lang='lat' dir='ltr'><strong><em>eos</em></strong></span> <span class='ocrx_word' id='word_1_519' title='bbox 3216 2376 3407 2431; x_wconf 69' lang='lat' dir='ltr'><strong><em>Phari-</em></strong></span> 
     </span>
    </p>
   </div>
   <div class='ocr_carea' id='block_1_69' title="bbox 1852 2455 3409 2534">
    <p class='ocr_par' dir='ltr' id='par_1_69' title="bbox 1852 2455 3409 2534">
     <span class='ocr_line' id='line_1_69' title="bbox 1852 2455 3409 2534; baseline 0.008 -27"><span class='ocrx_word' id='word_1_520' title='bbox 1852 2455 1958 2508; x_wconf 87' lang='lat' dir='ltr'><strong><em>saei</em></strong></span> <span class='ocrx_word' id='word_1_521' title='bbox 1990 2457 2309 2510; x_wconf 82' lang='lat' dir='ltr'><strong><em>exteriorem</em></strong></span> <span class='ocrx_word' id='word_1_522' title='bbox 2337 2457 2610 2514; x_wconf 84' lang='lat' dir='ltr'><strong><em>hominem</em></strong></span> <span class='ocrx_word' id='word_1_523' title='bbox 2643 2462 2824 2515; x_wconf 89' lang='lat' dir='ltr'><strong><em>nativa</em></strong></span> <span class='ocrx_word' id='word_1_524' title='bbox 2852 2462 3083 2531; x_wconf 86' lang='lat' dir='ltr'><strong><em>quadam</em></strong></span> <span class='ocrx_word' id='word_1_525' title='bbox 3115 2466 3409 2534; x_wconf 78' lang='lat' dir='ltr'><strong><em>sagacitate</em></strong></span> 
     </span>
    </p>
   </div>
   <div class='ocr_carea' id='block_1_70' title="bbox 1850 2548 3406 2621">
    <p class='ocr_par' dir='ltr' id='par_1_70' title="bbox 1850 2548 3406 2621">
     <span class='ocr_line' id='line_1_70' title="bbox 1850 2548 3406 2621; baseline 0.008 -25"><span class='ocrx_word' id='word_1_526' title='bbox 1850 2553 2174 2600; x_wconf 78' lang='lat' dir='ltr'><strong><em>exornantes</em></strong></span> <span class='ocrx_word' id='word_1_527' title='bbox 2196 2562 2251 2601; x_wconf 90' lang='lat' dir='ltr'><strong><em>se</em></strong></span> <span class='ocrx_word' id='word_1_528' title='bbox 2279 2548 2423 2617; x_wconf 88' lang='lat' dir='ltr'><strong><em>ipsos</em></strong></span> <span class='ocrx_word' id='word_1_529' title='bbox 2454 2550 2770 2615; x_wconf 81' lang='lat' dir='ltr'><strong><em>iustificam,</em></strong></span> <span class='ocrx_word' id='word_1_530' title='bbox 2797 2551 3004 2621; x_wconf 81' lang='lat' dir='ltr'><strong><em>Spiritu</em></strong></span> <span class='ocrx_word' id='word_1_531' title='bbox 3040 2564 3226 2609; x_wconf 88' lang='lat' dir='ltr'><strong><em>sancto</em></strong></span> <span class='ocrx_word' id='word_1_532' title='bbox 3252 2557 3406 2611; x_wconf 84' lang='lat' dir='ltr'><strong><em>testi—</em></strong></span> 
     </span>
    </p>
   </div>
   <div class='ocr_carea' id='block_1_71' title="bbox 1850 2634 3409 2709">
    <p class='ocr_par' dir='ltr' id='par_1_71' title="bbox 1850 2634 3409 2709">
     <span class='ocr_line' id='line_1_71' title="bbox 1850 2634 3409 2709; baseline 0.008 -24"><span class='ocrx_word' id='word_1_533' title='bbox 1850 2634 2091 2687; x_wconf 90' lang='lat' dir='ltr'><strong><em>monium</em></strong></span> <span class='ocrx_word' id='word_1_534' title='bbox 2139 2650 2245 2688; x_wconf 89' lang='lat' dir='ltr'><strong><em>non</em></strong></span> <span class='ocrx_word' id='word_1_535' title='bbox 2282 2638 2604 2706; x_wconf 83' lang='lat' dir='ltr'><strong><em>perhibente</em></strong></span> <span class='ocrx_word' id='word_1_536' title='bbox 2656 2640 2871 2709; x_wconf 90' lang='lat' dir='ltr'><strong><em>spiritui</em></strong></span> <span class='ocrx_word' id='word_1_537' title='bbox 2916 2657 3143 2705; x_wconf 90' lang='lat' dir='ltr'><strong><em>eorum,</em></strong></span> <span class='ocrx_word' id='word_1_538' title='bbox 3192 2650 3251 2697; x_wconf 87' lang='lat' dir='ltr'><strong><em>ut</em></strong></span> <span class='ocrx_word' id='word_1_539' title='bbox 3300 2646 3409 2697; x_wconf 88' lang='lat' dir='ltr'><strong><em>sint</em></strong></span> 
     </span>
    </p>
   </div>
   <div class='ocr_carea' id='block_1_72' title="bbox 1852 2722 3412 2806">
    <p class='ocr_par' dir='ltr' id='par_1_72' title="bbox 1852 2722 3412 2806">
     <span class='ocr_line' id='line_1_72' title="bbox 1852 2722 3412 2806; baseline 0.01 -30"><span class='ocrx_word' id='word_1_540' title='bbox 1852 2722 1946 2777; x_wconf 85' lang='lat' dir='ltr'><strong><em>ﬁlii</em></strong></span> <span class='ocrx_word' id='word_1_541' title='bbox 2014 2726 2106 2779; x_wconf 91' lang='lat' dir='ltr'><strong><em>Dei</em></strong></span> <span class='ocrx_word' id='word_1_542' title='bbox 2183 2728 2479 2782; x_wconf 90' lang='lat' dir='ltr'><strong><em>secundum</em></strong></span> <span class='ocrx_word' id='word_1_543' title='bbox 2545 2730 2857 2800; x_wconf 88' lang='lat' dir='ltr'><strong><em>Apostolum</em></strong></span> <span class='ocrx_word' id='word_1_544' title='bbox 2918 2734 3187 2789; x_wconf 85' lang='lat' dir='ltr'><strong><em>dicentem</em></strong></span> <span class='ocrx_word' id='word_1_545' title='bbox 3236 2755 3248 2788; x_wconf 93' lang='lat'>:</span> <span class='ocrx_word' id='word_1_546' title='bbox 3290 2736 3412 2806; x_wconf 81' lang='lat' dir='ltr'><strong><em>Ipse</em></strong></span> 
     </span>
    </p>
   </div>
   <div class='ocr_carea' id='block_1_73' title="bbox 1852 2816 3408 2898">
    <p class='ocr_par' dir='ltr' id='par_1_73' title="bbox 1852 2816 3408 2898">
     <span class='ocr_line' id='line_1_73' title="bbox 1852 2816 3408 2898; baseline 0.009 -30"><span class='ocrx_word' id='word_1_547' title='bbox 1852 2818 1988 2869; x_wconf 88' lang='lat' dir='ltr'><strong><em>enim</em></strong></span> <span class='ocrx_word' id='word_1_548' title='bbox 2012 2816 2234 2886; x_wconf 85' lang='lat' dir='ltr'><strong><em>Spiritus</em></strong></span> <span class='ocrx_word' id='word_1_549' title='bbox 2261 2823 2607 2874; x_wconf 87' lang='lat' dir='ltr'><strong><em>testimonium</em></strong></span> <span class='ocrx_word' id='word_1_550' title='bbox 2636 2824 2804 2875; x_wconf 86' lang='lat' dir='ltr'><strong><em>reddit</em></strong></span> <span class='ocrx_word' id='word_1_551' title='bbox 2831 2828 3039 2893; x_wconf 87' lang='lat' dir='ltr'><strong><em>spiritui</em></strong></span> <span class='ocrx_word' id='word_1_552' title='bbox 3070 2836 3245 2881; x_wconf 87' lang='lat' dir='ltr'><strong><em>nostra</em></strong></span> <span class='ocrx_word' id='word_1_553' title='bbox 3271 2831 3408 2898; x_wconf 82' lang='lat' dir='ltr'><strong><em>quod</em></strong></span> 
     </span>
    </p>
   </div>
   <div class='ocr_carea' id='block_1_74' title="bbox 1849 2906 3407 2983">
    <p class='ocr_par' dir='ltr' id='par_1_74' title="bbox 1849 2906 3407 2983">
     <span class='ocr_line' id='line_1_74' title="bbox 1849 2906 3407 2983; baseline 0.008 -25"><span class='ocrx_word' id='word_1_554' title='bbox 1849 2922 2026 2959; x_wconf 88' lang='lat' dir='ltr'><strong><em>sumus</em></strong></span> <span class='ocrx_word' id='word_1_555' title='bbox 2060 2906 2160 2973; x_wconf 79' lang='lat' dir='ltr'><strong><em>ﬁlii</em></strong></span> <span class='ocrx_word' id='word_1_556' title='bbox 2179 2908 2271 2960; x_wconf 86' lang='lat' dir='ltr'><strong><em>Dei</em></strong></span> <span class='ocrx_word' id='word_1_557' title='bbox 2300 2909 2373 2977; x_wconf 92' lang='lat'><strong><em>(8)</em></strong></span> <span class='ocrx_word' id='word_1_558' title='bbox 2399 2950 2413 2971; x_wconf 92' lang='lat'><strong><em>,</em></strong></span> <span class='ocrx_word' id='word_1_559' title='bbox 2456 2927 2635 2979; x_wconf 86' lang='lat' dir='ltr'><strong><em>neque</em></strong></span> <span class='ocrx_word' id='word_1_560' title='bbox 2678 2913 2923 2967; x_wconf 88' lang='lat' dir='ltr'><strong><em>volentes</em></strong></span> <span class='ocrx_word' id='word_1_561' title='bbox 2962 2930 3282 2983; x_wconf 81' lang='lat' dir='ltr'><strong><em>cognoscere</em></strong></span> <span class='ocrx_word' id='word_1_562' title='bbox 3322 2919 3407 2971; x_wconf 88' lang='lat' dir='ltr'><strong><em>in-</em></strong></span> 
     </span>
    </p>
   </div>
   <div class='ocr_carea' id='block_1_75' title="bbox 1850 2998 3407 3072">
    <p class='ocr_par' dir='ltr' id='par_1_75' title="bbox 1850 2998 3407 3072">
     <span class='ocr_line' id='line_1_75' title="bbox 1850 2998 3407 3072; baseline 0.01 -23"><span class='ocrx_word' id='word_1_563' title='bbox 1850 2998 2067 3051; x_wconf 88' lang='lat' dir='ltr'><strong><em>terioris</em></strong></span> <span class='ocrx_word' id='word_1_564' title='bbox 2094 3000 2328 3054; x_wconf 86' lang='lat' dir='ltr'><strong><em>hominis</em></strong></span> <span class='ocrx_word' id='word_1_565' title='bbox 2349 3012 2695 3071; x_wconf 77' lang='lat' dir='ltr'><strong><em>augmentum</em></strong></span> <span class='ocrx_word' id='word_1_566' title='bbox 2722 3004 2867 3072; x_wconf 92' lang='lat' dir='ltr'><strong><em>quod</em></strong></span> <span class='ocrx_word' id='word_1_567' title='bbox 2885 3015 2970 3059; x_wconf 89' lang='lat' dir='ltr'><strong><em>est</em></strong></span> <span class='ocrx_word' id='word_1_568' title='bbox 3009 3007 3063 3059; x_wconf 92' lang='lat' dir='ltr'><strong><em>in</em></strong></span> <span class='ocrx_word' id='word_1_569' title='bbox 3100 3008 3407 3064; x_wconf 85' lang='lat' dir='ltr'><strong><em>sanctiﬁca-</em></strong></span> 
     </span>
    </p>
   </div>
   <div class='ocr_carea' id='block_1_76' title="bbox 1849 3085 3408 3162">
    <p class='ocr_par' dir='ltr' id='par_1_76' title="bbox 1849 3085 3408 3162">
     <span class='ocr_line' id='line_1_76' title="bbox 1849 3085 3408 3162; baseline 0.008 -25"><span class='ocrx_word' id='word_1_570' title='bbox 1849 3085 2018 3149; x_wconf 84' lang='lat' dir='ltr'><strong><em>tione,</em></strong></span> <span class='ocrx_word' id='word_1_571' title='bbox 2055 3086 2148 3139; x_wconf 87' lang='lat' dir='ltr'><strong><em>sed</em></strong></span> <span class='ocrx_word' id='word_1_572' title='bbox 2183 3087 2522 3142; x_wconf 86' lang='lat' dir='ltr'><strong><em>abundantes</em></strong></span> <span class='ocrx_word' id='word_1_573' title='bbox 2558 3098 2765 3143; x_wconf 90' lang='lat' dir='ltr'><strong><em>tantum</em></strong></span> <span class='ocrx_word' id='word_1_574' title='bbox 2800 3092 2854 3144; x_wconf 93' lang='lat' dir='ltr'><strong><em>in</em></strong></span> <span class='ocrx_word' id='word_1_575' title='bbox 2896 3093 3076 3146; x_wconf 88' lang='lat' dir='ltr'><strong><em>carnis</em></strong></span> <span class='ocrx_word' id='word_1_576' title='bbox 3123 3096 3408 3162; x_wconf 85' lang='lat' dir='ltr'><strong><em>operibus,</em></strong></span> 
     </span>
    </p>
   </div>
   <div class='ocr_carea' id='block_1_77' title="bbox 1854 3177 3393 3261">
    <p class='ocr_par' dir='ltr' id='par_1_77' title="bbox 1854 3177 3393 3261">
     <span class='ocr_line' id='line_1_77' title="bbox 1854 3177 3393 3261; baseline 0.009 -32"><span class='ocrx_word' id='word_1_577' title='bbox 1854 3177 2179 3245; x_wconf 76' lang='lat' dir='ltr'><strong><em>ignorantes,</em></strong></span> <span class='ocrx_word' id='word_1_578' title='bbox 2209 3196 2412 3233; x_wconf 81' lang='lat' dir='ltr'><strong><em>omnem</em></strong></span> <span class='ocrx_word' id='word_1_579' title='bbox 2443 3182 2665 3252; x_wconf 87' lang='lat' dir='ltr'><strong><em>gloriam</em></strong></span> <span class='ocrx_word' id='word_1_580' title='bbox 2694 3184 2842 3252; x_wconf 82' lang='lat' dir='ltr'><strong><em>ﬁliae</em></strong></span> <span class='ocrx_word' id='word_1_581' title='bbox 2862 3187 2994 3255; x_wconf 87' lang='lat' dir='ltr'><strong><em>regis</em></strong></span> <span class='ocrx_word' id='word_1_582' title='bbox 3021 3187 3083 3239; x_wconf 89' lang='lat' dir='ltr'><strong><em>ab</em></strong></span> <span class='ocrx_word' id='word_1_583' title='bbox 3113 3189 3251 3242; x_wconf 87' lang='lat' dir='ltr'><strong><em>intus</em></strong></span> <span class='ocrx_word' id='word_1_584' title='bbox 3291 3190 3393 3261; x_wconf 89' lang='lat'><strong><em>(9).</em></strong></span> 
     </span>
    </p>
   </div>
   <div class='ocr_carea' id='block_1_78' title="bbox 1852 3265 3412 3338">
    <p class='ocr_par' dir='ltr' id='par_1_78' title="bbox 1852 3265 3412 3338">
     <span class='ocr_line' id='line_1_78' title="bbox 1852 3265 3412 3338; baseline 0.01 -20"><span class='ocrx_word' id='word_1_585' title='bbox 1852 3265 2089 3336; x_wconf 85' lang='lat' dir='ltr'><strong><em>Quisque</em></strong></span> <span class='ocrx_word' id='word_1_586' title='bbox 2122 3270 2266 3323; x_wconf 85' lang='lat' dir='ltr'><strong><em>enim</em></strong></span> <span class='ocrx_word' id='word_1_587' title='bbox 2308 3279 2574 3336; x_wconf 91' lang='lat' dir='ltr'><strong><em>nostrum,</em></strong></span> <span class='ocrx_word' id='word_1_588' title='bbox 2605 3283 2663 3327; x_wconf 92' lang='lat' dir='ltr'><strong><em>ut</em></strong></span> <span class='ocrx_word' id='word_1_589' title='bbox 2689 3275 2762 3328; x_wconf 87' lang='lat' dir='ltr'><strong><em>ita</em></strong></span> <span class='ocrx_word' id='word_1_590' title='bbox 2798 3276 2995 3338; x_wconf 90' lang='lat' dir='ltr'><strong><em>dicam,</em></strong></span> <span class='ocrx_word' id='word_1_591' title='bbox 3030 3275 3163 3331; x_wconf 83' lang='lat' dir='ltr'><strong><em>ﬁcus</em></strong></span> <span class='ocrx_word' id='word_1_592' title='bbox 3198 3279 3288 3333; x_wconf 90' lang='lat' dir='ltr'><strong><em>illa</em></strong></span> <span class='ocrx_word' id='word_1_593' title='bbox 3328 3281 3412 3333; x_wconf 88' lang='lat' dir='ltr'><strong><em>in-</em></strong></span> 
     </span>
    </p>
   </div>
   <div class='ocr_carea' id='block_1_79' title="bbox 1853 3354 3409 3424">
    <p class='ocr_par' dir='ltr' id='par_1_79' title="bbox 1853 3354 3409 3424">
     <span class='ocr_line' id='line_1_79' title="bbox 1853 3354 3409 3424; baseline 0.01 -15"><span class='ocrx_word' id='word_1_594' title='bbox 1853 3354 2173 3409; x_wconf 84' lang='lat' dir='ltr'><strong><em>tellectualis</em></strong></span> <span class='ocrx_word' id='word_1_595' title='bbox 2192 3372 2311 3411; x_wconf 88' lang='lat' dir='ltr'><strong><em>esse</em></strong></span> <span class='ocrx_word' id='word_1_596' title='bbox 2352 3358 2606 3423; x_wconf 86' lang='lat' dir='ltr'><strong><em>videtur,</em></strong></span> <span class='ocrx_word' id='word_1_597' title='bbox 2650 3363 2807 3417; x_wconf 86' lang='lat' dir='ltr'><strong><em>cuius</em></strong></span> <span class='ocrx_word' id='word_1_598' title='bbox 2848 3364 3122 3419; x_wconf 87' lang='lat' dir='ltr'><strong><em>internum</em></strong></span> <span class='ocrx_word' id='word_1_599' title='bbox 3175 3368 3409 3424; x_wconf 84' lang='lat' dir='ltr'><strong><em>fructum</em></strong></span> 
     </span>
    </p>
   </div>
   <div class='ocr_carea' id='block_1_80' title="bbox 1852 3444 3406 3522">
    <p class='ocr_par' dir='ltr' id='par_1_80' title="bbox 1852 3444 3406 3522">
     <span class='ocr_line' id='line_1_80' title="bbox 1852 3444 3406 3522; baseline 0.012 -27"><span class='ocrx_word' id='word_1_600' title='bbox 1852 3444 2113 3499; x_wconf 88' lang='lat' dir='ltr'><strong><em>Dominus</em></strong></span> <span class='ocrx_word' id='word_1_601' title='bbox 2142 3450 2374 3516; x_wconf 87' lang='lat' dir='ltr'><strong><em>quaerit,</em></strong></span> <span class='ocrx_word' id='word_1_602' title='bbox 2405 3458 2460 3503; x_wconf 90' lang='lat' dir='ltr'><strong><em>et</em></strong></span> <span class='ocrx_word' id='word_1_603' title='bbox 2488 3467 2595 3504; x_wconf 91' lang='lat' dir='ltr'><strong><em>non</em></strong></span> <span class='ocrx_word' id='word_1_604' title='bbox 2623 3455 2953 3522; x_wconf 89' lang='lat' dir='ltr'><strong><em>propositam</em></strong></span> <span class='ocrx_word' id='word_1_605' title='bbox 2981 3456 3125 3511; x_wconf 82' lang='lat' dir='ltr'><strong><em>foliis</em></strong></span> <span class='ocrx_word' id='word_1_606' title='bbox 3154 3457 3406 3513; x_wconf 83' lang='lat' dir='ltr'><strong><em>formam.</em></strong></span> 
     </span>
    </p>
   </div>
   <div class='ocr_carea' id='block_1_81' title="bbox 1852 3534 3408 3616">
    <p class='ocr_par' dir='ltr' id='par_1_81' title="bbox 1852 3534 3408 3616">
     <span class='ocr_line' id='line_1_81' title="bbox 1852 3534 3408 3616; baseline 0.011 -30"><span class='ocrx_word' id='word_1_607' title='bbox 1852 3534 1902 3587; x_wconf 90' lang='lat' dir='ltr'><strong><em>ls</em></strong></span> <span class='ocrx_word' id='word_1_608' title='bbox 1930 3535 2115 3604; x_wconf 84' lang='lat' dir='ltr'><strong><em>igitur,</em></strong></span> <span class='ocrx_word' id='word_1_609' title='bbox 2147 3538 2240 3605; x_wconf 89' lang='lat' dir='ltr'><strong><em>qui</em></strong></span> <span class='ocrx_word' id='word_1_610' title='bbox 2289 3554 2505 3593; x_wconf 90' lang='lat' dir='ltr'><strong><em>causam</em></strong></span> <span class='ocrx_word' id='word_1_611' title='bbox 2549 3542 2681 3595; x_wconf 90' lang='lat' dir='ltr'><strong><em>dicit</em></strong></span> <span class='ocrx_word' id='word_1_612' title='bbox 2726 3544 3034 3611; x_wconf 89' lang='lat' dir='ltr'><strong><em>passionum</em></strong></span> <span class='ocrx_word' id='word_1_613' title='bbox 3077 3546 3408 3616; x_wconf 73' lang='lat' dir='ltr'><strong><em>ignominiae</em></strong></span> 
     </span>
    </p>
   </div>
   <div class='ocr_carea' id='block_1_82' title="bbox 1853 3629 3408 3702">
    <p class='ocr_par' dir='ltr' id='par_1_82' title="bbox 1853 3629 3408 3702">
     <span class='ocr_line' id='line_1_82' title="bbox 1853 3629 3408 3702; baseline 0.011 -24"><span class='ocrx_word' id='word_1_614' title='bbox 1853 3636 1914 3679; x_wconf 91' lang='lat' dir='ltr'><strong><em>ut</em></strong></span> <span class='ocrx_word' id='word_1_615' title='bbox 1947 3629 2294 3691; x_wconf 88' lang='lat' dir='ltr'><strong><em>naturalium,</em></strong></span> <span class='ocrx_word' id='word_1_616' title='bbox 2320 3638 2503 3684; x_wconf 81' lang='lat' dir='ltr'><strong><em>etnon</em></strong></span> <span class='ocrx_word' id='word_1_617' title='bbox 2529 3641 2589 3685; x_wconf 89' lang='lat' dir='ltr'><strong><em>ut</em></strong></span> <span class='ocrx_word' id='word_1_618' title='bbox 2636 3634 2793 3702; x_wconf 64' lang='lat'><strong>203</strong></span> <span class='ocrx_word' id='word_1_619' title='bbox 2821 3635 3205 3701; x_wconf 87' lang='lat' dir='ltr'><strong><em>accidentium,</em></strong></span> <span class='ocrx_word' id='word_1_620' title='bbox 3257 3655 3408 3695; x_wconf 83' lang='lat' dir='ltr'><strong><em>eom-</em></strong></span> 
     </span>
    </p>
   </div>
   <div class='ocr_carea' id='block_1_83' title="bbox 1851 3720 3406 3792">
    <p class='ocr_par' dir='ltr' id='par_1_83' title="bbox 1851 3720 3406 3792">
     <span class='ocr_line' id='line_1_83' title="bbox 1851 3720 3406 3792; baseline 0.01 -23"><span class='ocrx_word' id='word_1_621' title='bbox 1851 3720 2081 3771; x_wconf 87' lang='lat' dir='ltr'><strong><em>mutavit</em></strong></span> <span class='ocrx_word' id='word_1_622' title='bbox 2130 3721 2411 3774; x_wconf 84' lang='lat' dir='ltr'><strong><em>veritatem</em></strong></span> <span class='ocrx_word' id='word_1_623' title='bbox 2456 3722 2551 3775; x_wconf 91' lang='lat' dir='ltr'><strong><em>Dei</em></strong></span> <span class='ocrx_word' id='word_1_624' title='bbox 2607 3723 2661 3776; x_wconf 90' lang='lat' dir='ltr'><strong><em>in</em></strong></span> <span class='ocrx_word' id='word_1_625' title='bbox 2712 3725 2992 3792; x_wconf 77' lang='lat' dir='ltr'><strong><em>preprium</em></strong></span> <span class='ocrx_word' id='word_1_626' title='bbox 3040 3728 3406 3786; x_wconf 89' lang='lat' dir='ltr'><strong><em>mendacium.</em></strong></span> 
     </span>
    </p>
   </div>
   <div class='ocr_carea' id='block_1_84' title="bbox 1852 3808 3409 3883">
    <p class='ocr_par' dir='ltr' id='par_1_84' title="bbox 1852 3808 3409 3883">
     <span class='ocr_line' id='line_1_84' title="bbox 1852 3808 3409 3883; baseline 0.008 -22"><span class='ocrx_word' id='word_1_627' title='bbox 1852 3808 1921 3861; x_wconf 91' lang='lat' dir='ltr'><strong><em>Ut</em></strong></span> <span class='ocrx_word' id='word_1_628' title='bbox 1951 3808 2094 3861; x_wconf 84' lang='lat' dir='ltr'><strong><em>enim</em></strong></span> <span class='ocrx_word' id='word_1_629' title='bbox 2138 3825 2299 3877; x_wconf 89' lang='lat' dir='ltr'><strong><em>supra</em></strong></span> <span class='ocrx_word' id='word_1_630' title='bbox 2349 3810 2477 3871; x_wconf 79' lang='lat' dir='ltr'><strong><em>dixi,</em></strong></span> <span class='ocrx_word' id='word_1_631' title='bbox 2532 3812 2909 3867; x_wconf 87' lang='lat' dir='ltr'><strong><em>immaculatus</em></strong></span> <span class='ocrx_word' id='word_1_632' title='bbox 2950 3822 3003 3867; x_wconf 89' lang='lat' dir='ltr'><strong><em>et</em></strong></span> <span class='ocrx_word' id='word_1_633' title='bbox 3042 3831 3211 3883; x_wconf 88' lang='lat' dir='ltr'><strong><em>purus</em></strong></span> <span class='ocrx_word' id='word_1_634' title='bbox 3243 3820 3409 3873; x_wconf 89' lang='lat' dir='ltr'><strong><em>etiam</em></strong></span> 
     </span>
    </p>
   </div>
   <div class='ocr_carea' id='block_1_85' title="bbox 1853 3897 3406 3969">
    <p class='ocr_par' dir='ltr' id='par_1_85' title="bbox 1853 3897 3406 3969">
     <span class='ocr_line' id='line_1_85' title="bbox 1853 3897 3406 3969; baseline 0.009 -20"><span class='ocrx_word' id='word_1_635' title='bbox 1853 3897 2141 3967; x_wconf 80' lang='lat' dir='ltr'><strong><em>imaginem</em></strong></span> <span class='ocrx_word' id='word_1_636' title='bbox 2178 3916 2329 3953; x_wconf 89' lang='lat' dir='ltr'><strong><em>suam</em></strong></span> <span class='ocrx_word' id='word_1_637' title='bbox 2359 3902 2589 3955; x_wconf 89' lang='lat' dir='ltr'><strong><em>similem</em></strong></span> <span class='ocrx_word' id='word_1_638' title='bbox 2620 3904 2829 3969; x_wconf 88' lang='lat' dir='ltr'><strong><em>paravit</em></strong></span> <span class='ocrx_word' id='word_1_639' title='bbox 2857 3906 2960 3966; x_wconf 87' lang='lat' dir='ltr'><strong><em>sui,</em></strong></span> <span class='ocrx_word' id='word_1_640' title='bbox 2989 3905 3190 3960; x_wconf 80' lang='lat' dir='ltr'><strong><em>invidia</em></strong></span> <span class='ocrx_word' id='word_1_641' title='bbox 3224 3921 3406 3963; x_wconf 89' lang='lat' dir='ltr'><strong><em>autem</em></strong></span> 
     </span>
    </p>
   </div>
   <div class='ocr_carea' id='block_1_86' title="bbox 1850 3991 3409 4071">
    <p class='ocr_par' dir='ltr' id='par_1_86' title="bbox 1850 3991 3409 4071">
     <span class='ocr_line' id='line_1_86' title="bbox 1850 3991 3409 4071; baseline 0.007 -28"><span class='ocrx_word' id='word_1_642' title='bbox 1850 3991 2048 4045; x_wconf 90' lang='lat' dir='ltr'><strong><em>diaboli</em></strong></span> <span class='ocrx_word' id='word_1_643' title='bbox 2090 4008 2237 4046; x_wconf 91' lang='lat' dir='ltr'><strong><em>mors</em></strong></span> <span class='ocrx_word' id='word_1_644' title='bbox 2270 3994 2323 4046; x_wconf 91' lang='lat' dir='ltr'><strong><em>in</em></strong></span> <span class='ocrx_word' id='word_1_645' title='bbox 2355 3995 2615 4048; x_wconf 91' lang='lat' dir='ltr'><strong><em>mundum</em></strong></span> <span class='ocrx_word' id='word_1_646' title='bbox 2648 3997 2889 4049; x_wconf 82' lang='lat' dir='ltr'><strong><em>intravit.</em></strong></span> <span class='ocrx_word' id='word_1_647' title='bbox 2926 3999 3214 4068; x_wconf 86' lang='lat' dir='ltr'><strong><em>Postquam</em></strong></span> <span class='ocrx_word' id='word_1_648' title='bbox 3246 4002 3409 4071; x_wconf 84' lang='lat' dir='ltr'><strong><em>igitur</em></strong></span> 
     </span>
    </p>
   </div>
   <div class='ocr_carea' id='block_1_87' title="bbox 1850 4084 3406 4159">
    <p class='ocr_par' dir='ltr' id='par_1_87' title="bbox 1850 4084 3406 4159">
     <span class='ocr_line' id='line_1_87' title="bbox 1850 4084 3406 4159; baseline 0.007 -23"><span class='ocrx_word' id='word_1_649' title='bbox 1850 4098 2018 4151; x_wconf 84' lang='lat' dir='ltr'><strong><em>genus</em></strong></span> <span class='ocrx_word' id='word_1_650' title='bbox 2047 4084 2341 4137; x_wconf 87' lang='lat' dir='ltr'><strong><em>humanum</em></strong></span> <span class='ocrx_word' id='word_1_651' title='bbox 2371 4086 2422 4138; x_wconf 92' lang='lat' dir='ltr'><strong><em>in</em></strong></span> <span class='ocrx_word' id='word_1_652' title='bbox 2455 4087 2835 4155; x_wconf 88' lang='lat' dir='ltr'><strong><em>iniquitatibus</em></strong></span> <span class='ocrx_word' id='word_1_653' title='bbox 2884 4102 3205 4159; x_wconf 87' lang='lat' dir='ltr'><strong><em>conceptum</em></strong></span> <span class='ocrx_word' id='word_1_654' title='bbox 3252 4103 3309 4146; x_wconf 85' lang='lat' dir='ltr'><strong><em>et</em></strong></span> <span class='ocrx_word' id='word_1_655' title='bbox 3347 4093 3406 4148; x_wconf 90' lang='lat' dir='ltr'><strong><em>in</em></strong></span> 
     </span>
    </p>
   </div>
   <div class='ocr_carea' id='block_1_88' title="bbox 1851 4172 3409 4243">
    <p class='ocr_par' dir='ltr' id='par_1_88' title="bbox 1851 4172 3409 4243">
     <span class='ocr_line' id='line_1_88' title="bbox 1851 4172 3409 4243; baseline 0.01 -21"><span class='ocrx_word' id='word_1_656' title='bbox 1851 4172 2088 4238; x_wconf 86' lang='lat' dir='ltr'><strong><em>peccatis</em></strong></span> <span class='ocrx_word' id='word_1_657' title='bbox 2111 4174 2349 4240; x_wconf 89' lang='lat' dir='ltr'><strong><em>genitum</em></strong></span> <span class='ocrx_word' id='word_1_658' title='bbox 2371 4174 2737 4229; x_wconf 90' lang='lat' dir='ltr'><strong><em>abalienatum</em></strong></span> <span class='ocrx_word' id='word_1_659' title='bbox 2760 4188 2841 4232; x_wconf 90' lang='lat' dir='ltr'><strong><em>est</em></strong></span> <span class='ocrx_word' id='word_1_660' title='bbox 2859 4180 2926 4231; x_wconf 94' lang='lat' dir='ltr'><strong><em>ab</em></strong></span> <span class='ocrx_word' id='word_1_661' title='bbox 2946 4190 3121 4243; x_wconf 90' lang='lat' dir='ltr'><strong><em>utero,</em></strong></span> <span class='ocrx_word' id='word_1_662' title='bbox 3152 4190 3207 4235; x_wconf 90' lang='lat' dir='ltr'><strong><em>et</em></strong></span> <span class='ocrx_word' id='word_1_663' title='bbox 3229 4198 3255 4235; x_wconf 91' lang='lat' dir='ltr'><strong><em>a</em></strong></span> <span class='ocrx_word' id='word_1_664' title='bbox 3275 4199 3409 4237; x_wconf 90' lang='lat' dir='ltr'><strong><em>ven-</em></strong></span> 
     </span>
    </p>
   </div>
   <div class='ocr_carea' id='block_1_89' title="bbox 1850 4261 3405 4338">
    <p class='ocr_par' dir='ltr' id='par_1_89' title="bbox 1850 4261 3405 4338">
     <span class='ocr_line' id='line_1_89' title="bbox 1850 4261 3405 4338; baseline 0.007 -24"><span class='ocrx_word' id='word_1_665' title='bbox 1850 4271 1929 4315; x_wconf 89' lang='lat' dir='ltr'><strong><em>tre</em></strong></span> <span class='ocrx_word' id='word_1_666' title='bbox 1953 4261 2005 4313; x_wconf 92' lang='lat' dir='ltr'><strong><em>in</em></strong></span> <span class='ocrx_word' id='word_1_667' title='bbox 2024 4278 2262 4316; x_wconf 89' lang='lat' dir='ltr'><strong><em>errorem</em></strong></span> <span class='ocrx_word' id='word_1_668' title='bbox 2288 4265 2589 4329; x_wconf 88' lang='lat' dir='ltr'><strong><em>inductum,</em></strong></span> <span class='ocrx_word' id='word_1_669' title='bbox 2617 4277 2875 4336; x_wconf 83' lang='lat' dir='ltr'><strong><em>regnante</em></strong></span> <span class='ocrx_word' id='word_1_670' title='bbox 2900 4280 3123 4338; x_wconf 90' lang='lat' dir='ltr'><strong><em>peccato</em></strong></span> <span class='ocrx_word' id='word_1_671' title='bbox 3150 4272 3217 4324; x_wconf 90' lang='lat' dir='ltr'><strong><em>ab</em></strong></span> <span class='ocrx_word' id='word_1_672' title='bbox 3236 4272 3405 4327; x_wconf 83' lang='lat' dir='ltr'><strong><em>Adam</em></strong></span> 
     </span>
    </p>
   </div>
   <div class='ocr_carea' id='block_1_90' title="bbox 1850 4352 3407 4430">
    <p class='ocr_par' dir='ltr' id='par_1_90' title="bbox 1850 4352 3407 4430">
     <span class='ocr_line' id='line_1_90' title="bbox 1850 4352 3407 4430; baseline 0.009 -30"><span class='ocrx_word' id='word_1_673' title='bbox 1850 4364 2020 4417; x_wconf 86' lang='lat' dir='ltr'><strong><em>usque</em></strong></span> <span class='ocrx_word' id='word_1_674' title='bbox 2041 4352 2107 4403; x_wconf 91' lang='lat' dir='ltr'><strong><em>ad</em></strong></span> <span class='ocrx_word' id='word_1_675' title='bbox 2130 4352 2416 4405; x_wconf 81' lang='lat' dir='ltr'><strong><em>adventum</em></strong></span> <span class='ocrx_word' id='word_1_676' title='bbox 2442 4354 2665 4417; x_wconf 86' lang='lat' dir='ltr'><strong><em>Christi,</em></strong></span> <span class='ocrx_word' id='word_1_677' title='bbox 2710 4359 2858 4409; x_wconf 86' lang='lat' dir='ltr'><strong><em>venit</em></strong></span> <span class='ocrx_word' id='word_1_678' title='bbox 2893 4360 3193 4428; x_wconf 88' lang='lat' dir='ltr'><strong><em>propitians</em></strong></span> <span class='ocrx_word' id='word_1_679' title='bbox 3237 4378 3407 4430; x_wconf 87' lang='lat' dir='ltr'><strong><em>agnus</em></strong></span> 
     </span>
    </p>
   </div>
   <div class='ocr_carea' id='block_1_91' title="bbox 1849 4442 3407 4521">
    <p class='ocr_par' dir='ltr' id='par_1_91' title="bbox 1849 4442 3407 4521">
     <span class='ocr_line' id='line_1_91' title="bbox 1849 4442 3407 4521; baseline 0.008 -27"><span class='ocrx_word' id='word_1_680' title='bbox 1849 4442 1968 4505; x_wconf 91' lang='lat' dir='ltr'><strong><em>Dei,</em></strong></span> <span class='ocrx_word' id='word_1_681' title='bbox 1997 4450 2055 4495; x_wconf 92' lang='lat' dir='ltr'><strong><em>ut</em></strong></span> <span class='ocrx_word' id='word_1_682' title='bbox 2077 4444 2292 4497; x_wconf 90' lang='lat' dir='ltr'><strong><em>tolleret</em></strong></span> <span class='ocrx_word' id='word_1_683' title='bbox 2321 4454 2600 4514; x_wconf 87' lang='lat' dir='ltr'><strong><em>peccatum</em></strong></span> <span class='ocrx_word' id='word_1_684' title='bbox 2641 4448 2825 4501; x_wconf 90' lang='lat' dir='ltr'><strong><em>mundi</em></strong></span> <span class='ocrx_word' id='word_1_685' title='bbox 2852 4451 3070 4518; x_wconf 88' lang='lat' dir='ltr'><strong><em>propria</em></strong></span> <span class='ocrx_word' id='word_1_686' title='bbox 3098 4467 3193 4504; x_wconf 88' lang='lat' dir='ltr'><strong><em>sua</em></strong></span> <span class='ocrx_word' id='word_1_687' title='bbox 3213 4462 3407 4521; x_wconf 82' lang='lat' dir='ltr'><strong><em>poten-</em></strong></span> 
     </span>
    </p>
   </div>
   <div class='ocr_carea' id='block_1_92' title="bbox 188 4527 1873 4610">
    <p class='ocr_par' dir='ltr' id='par_1_92' title="bbox 188 4527 1873 4600">
     <span class='ocr_line' id='line_1_92' title="bbox 188 4527 1873 4600; baseline 0.004 -22"><span class='ocrx_word' id='word_1_688' title='bbox 188 4535 281 4586; x_wconf 76' lang='grc' dir='ltr'>τοῦ</span> <span class='ocrx_word' id='word_1_689' title='bbox 304 4534 460 4592; x_wconf 75' lang='grc' dir='ltr'>θεοῦ,</span> <span class='ocrx_word' id='word_1_690' title='bbox 510 4529 640 4600; x_wconf 84' lang='grc' dir='ltr'>ἆραι</span> <span class='ocrx_word' id='word_1_691' title='bbox 684 4531 782 4600; x_wconf 83' lang='grc' dir='ltr'>τὴν</span> <span class='ocrx_word' id='word_1_692' title='bbox 822 4529 1095 4598; x_wconf 85' lang='grc' dir='ltr'>ἁμαρτίαν</span> <span class='ocrx_word' id='word_1_693' title='bbox 1137 4527 1231 4580; x_wconf 82' lang='grc' dir='ltr'>τοῦ</span> <span class='ocrx_word' id='word_1_694' title='bbox 1269 4527 1472 4597; x_wconf 82' lang='grc' dir='ltr'>κόσμου</span> <span class='ocrx_word' id='word_1_695' title='bbox 1518 4528 1604 4580; x_wconf 80' lang='grc' dir='ltr'><strong><em>διὰ</em></strong></span> <span class='ocrx_word' id='word_1_696' title='bbox 1647 4529 1745 4597; x_wconf 83' lang='grc' dir='ltr'>τῆς</span> <span class='ocrx_word' id='word_1_697' title='bbox 1776 4546 1819 4599; x_wconf 79' lang='grc' dir='ltr'>ο</span> <span class='ocrx_word' id='word_1_698' title='bbox 1848 4540 1873 4585; x_wconf 81' lang='grc' dir='ltr'><strong>ῐ</strong></span> 
     </span>
    </p>
   </div>
   <div class='ocr_carea' id='block_1_93' title="bbox 1725 4527 3410 4610">
    <p class='ocr_par' dir='ltr' id='par_1_93' title="bbox 1725 4533 3410 4610">
     <span class='ocr_line' id='line_1_93' title="bbox 1725 4533 3410 4610; baseline 0.009 -26"><span class='ocrx_word' id='word_1_699' title='bbox 1725 4545 1745 4591; x_wconf 78' lang='grc' dir='ltr'><strong><em>ς</em></strong></span> <span class='ocrx_word' id='word_1_700' title='bbox 1776 4546 1819 4599; x_wconf 79' lang='grc' dir='ltr'>ο</span> <span class='ocrx_word' id='word_1_701' title='bbox 1848 4533 1941 4596; x_wconf 91' lang='lat' dir='ltr'><strong><em>tia,</em></strong></span> <span class='ocrx_word' id='word_1_702' title='bbox 1965 4544 2247 4602; x_wconf 85' lang='lat' dir='ltr'><strong><em>postquam</em></strong></span> <span class='ocrx_word' id='word_1_703' title='bbox 2268 4535 2458 4590; x_wconf 81' lang='lat' dir='ltr'><strong><em>fortem</em></strong></span> <span class='ocrx_word' id='word_1_704' title='bbox 2482 4538 2675 4601; x_wconf 73' lang='lat' dir='ltr'><strong><em>vinxit,</em></strong></span> <span class='ocrx_word' id='word_1_705' title='bbox 2702 4539 2773 4591; x_wconf 91' lang='lat' dir='ltr'><strong><em>ita</em></strong></span> <span class='ocrx_word' id='word_1_706' title='bbox 2798 4542 2999 4608; x_wconf 85' lang='lat' dir='ltr'><strong><em>ereptis</em></strong></span> <span class='ocrx_word' id='word_1_707' title='bbox 3018 4543 3243 4610; x_wconf 83' lang='lat' dir='ltr'><strong><em>captivis</em></strong></span> <span class='ocrx_word' id='word_1_708' title='bbox 3266 4543 3410 4599; x_wconf 84' lang='lat' dir='ltr'><strong><em>vasis</em></strong></span> 
     </span>
    </p>
   </div>
   <div class='ocr_carea' id='block_1_94' title="bbox 190 4616 1750 4688">
    <p class='ocr_par' dir='ltr' id='par_1_94' title="bbox 190 4616 1750 4688">
     <span class='ocr_line' id='line_1_94' title="bbox 190 4616 1750 4688; baseline -0.006 -12"><span class='ocrx_word' id='word_1_709' title='bbox 190 4624 396 4685; x_wconf 78' lang='grc' dir='ltr'>οἰκείας</span> <span class='ocrx_word' id='word_1_710' title='bbox 421 4622 586 4674; x_wconf 80' lang='grc' dir='ltr'>αὐτοῦ</span> <span class='ocrx_word' id='word_1_711' title='bbox 606 4620 905 4687; x_wconf 83' lang='grc' dir='ltr'>δυνάμεως,</span> <span class='ocrx_word' id='word_1_712' title='bbox 924 4620 1090 4688; x_wconf 84' lang='grc' dir='ltr'>δήσας</span> <span class='ocrx_word' id='word_1_713' title='bbox 1116 4616 1375 4687; x_wconf 77' lang='grc' dir='ltr'>πρότερον</span> <span class='ocrx_word' id='word_1_714' title='bbox 1401 4616 1492 4667; x_wconf 86' lang='grc' dir='ltr'>τὸν</span> <span class='ocrx_word' id='word_1_715' title='bbox 1516 4617 1750 4686; x_wconf 85' lang='grc' dir='ltr'>ἰσχυρόν,</span> 
     </span>
    </p>
   </div>
   <div class='ocr_carea' id='block_1_95' title="bbox 190 4706 1750 4781">
    <p class='ocr_par' dir='ltr' id='par_1_95' title="bbox 190 4706 1750 4781">
     <span class='ocr_line' id='line_1_95' title="bbox 190 4706 1750 4781; baseline -0.004 -13"><span class='ocrx_word' id='word_1_716' title='bbox 190 4717 285 4768; x_wconf 71' lang='grc' dir='ltr'><strong><em>καὶ</em></strong></span> <span class='ocrx_word' id='word_1_717' title='bbox 338 4714 513 4775; x_wconf 78' lang='grc' dir='ltr'>οὕτως</span> <span class='ocrx_word' id='word_1_718' title='bbox 573 4711 878 4781; x_wconf 82' lang='grc' dir='ltr'>διαρπάσας</span> <span class='ocrx_word' id='word_1_719' title='bbox 934 4709 1001 4761; x_wconf 77' lang='grc' dir='ltr'><strong><em>τὰ</em></strong></span> <span class='ocrx_word' id='word_1_720' title='bbox 1055 4706 1529 4777; x_wconf 83' lang='grc' dir='ltr'>αἰχμαλωτισμένα</span> <span class='ocrx_word' id='word_1_721' title='bbox 1590 4708 1750 4761; x_wconf 84' lang='grc' dir='ltr'>αὐτοῦ</span> 
     </span>
    </p>
   </div>
   <div class='ocr_carea' id='block_1_96' title="bbox 192 4799 1731 4875">
    <p class='ocr_par' dir='ltr' id='par_1_96' title="bbox 192 4799 1731 4875">
     <span class='ocr_line' id='line_1_96' title="bbox 192 4799 1731 4875; baseline -0.006 -16"><span class='ocrx_word' id='word_1_722' title='bbox 192 4808 359 4875; x_wconf 84' lang='grc' dir='ltr'>σκεύη</span> <span class='ocrx_word' id='word_1_723' title='bbox 404 4804 543 4856; x_wconf 86' lang='grc' dir='ltr'><strong><em>κατὰ</em></strong></span> <span class='ocrx_word' id='word_1_724' title='bbox 588 4803 647 4854; x_wconf 85' lang='grc' dir='ltr'>τὸ</span> <span class='ocrx_word' id='word_1_725' title='bbox 699 4800 1019 4870; x_wconf 76' lang='grc' dir='ltr'>εἰρημένον·</span> <span class='ocrx_word' id='word_1_726' title='bbox 1067 4799 1536 4867; x_wconf 74' lang='grc' dir='ltr'>ᾐχμαλώτευσας</span> <span class='ocrx_word' id='word_1_727' title='bbox 1602 4802 1731 4865; x_wconf 80' lang='grc' dir='ltr'>αἰχ-</span> 
     </span>
    </p>
   </div>
   <div class='ocr_carea' id='block_1_97' title="bbox 188 4888 1750 4968">
    <p class='ocr_par' dir='ltr' id='par_1_97' title="bbox 188 4888 1750 4968">
     <span class='ocr_line' id='line_1_97' title="bbox 188 4888 1750 4968; baseline -0.005 -18"><span class='ocrx_word' id='word_1_728' title='bbox 188 4899 521 4968; x_wconf 69' lang='grc' dir='ltr'>μαλωσίαν·</span> <span class='ocrx_word' id='word_1_729' title='bbox 546 4894 637 4946; x_wconf 75' lang='grc' dir='ltr'>καὶ</span> <span class='ocrx_word' id='word_1_730' title='bbox 655 4892 812 4944; x_wconf 81' lang='grc' dir='ltr'>πάλιν</span> <span class='ocrx_word' id='word_1_731' title='bbox 836 4907 849 4919; x_wconf 90' lang='grc'><strong>·</strong></span> <span class='ocrx_word' id='word_1_732' title='bbox 878 4891 1092 4944; x_wconf 80' lang='grc' dir='ltr'>ἔλαϐεν</span> <span class='ocrx_word' id='word_1_733' title='bbox 1114 4888 1543 4956; x_wconf 74' lang='grc' dir='ltr'>αἰχμαλωσίαν.</span> <span class='ocrx_word' id='word_1_734' title='bbox 1585 4890 1750 4959; x_wconf 74' lang='grc' dir='ltr'>ἤγουν</span> 
     </span>
    </p>
   </div>
   <div class='ocr_carea' id='block_1_98' title="bbox 190 4977 1749 5057">
    <p class='ocr_par' dir='ltr' id='par_1_98' title="bbox 190 4977 1749 5057">
     <span class='ocr_line' id='line_1_98' title="bbox 190 4977 1749 5057; baseline -0.01 -15"><span class='ocrx_word' id='word_1_735' title='bbox 190 4991 335 5042; x_wconf 77' lang='grc' dir='ltr'>ἐστιν</span> <span class='ocrx_word' id='word_1_736' title='bbox 360 4988 492 5057; x_wconf 86' lang='grc' dir='ltr'>ἡμῖν</span> <span class='ocrx_word' id='word_1_737' title='bbox 524 4983 740 5054; x_wconf 74' lang='grc' dir='ltr'>φροντίς</span> <span class='ocrx_word' id='word_1_738' title='bbox 762 5021 777 5044; x_wconf 94' lang='grc'><strong><em>,</em></strong></span> <span class='ocrx_word' id='word_1_739' title='bbox 806 4978 1170 5048; x_wconf 79' lang='grc' dir='ltr'>ἀνακληθῆναι</span> <span class='ocrx_word' id='word_1_740' title='bbox 1199 4978 1304 5031; x_wconf 84' lang='grc' dir='ltr'><strong><em>ἀπὸ</em></strong></span> <span class='ocrx_word' id='word_1_741' title='bbox 1343 4977 1440 5047; x_wconf 84' lang='grc' dir='ltr'>τῆς</span> <span class='ocrx_word' id='word_1_742' title='bbox 1474 4979 1749 5048; x_wconf 82' lang='grc' dir='ltr'>αἰχμαλω-</span> 
     </span>
    </p>
   </div>
   <div class='ocr_carea' id='block_1_99' title="bbox 1849 4624 3408 4701">
    <p class='ocr_par' dir='ltr' id='par_1_99' title="bbox 1849 4624 3408 4701">
     <span class='ocr_line' id='line_1_99' title="bbox 1849 4624 3408 4701; baseline 0.006 -24"><span class='ocrx_word' id='word_1_743' title='bbox 1849 4624 1989 4687; x_wconf 88' lang='lat' dir='ltr'><strong><em>eius,</em></strong></span> <span class='ocrx_word' id='word_1_744' title='bbox 2027 4627 2167 4679; x_wconf 88' lang='lat' dir='ltr'><strong><em>sicut</em></strong></span> <span class='ocrx_word' id='word_1_745' title='bbox 2202 4627 2407 4680; x_wconf 90' lang='lat' dir='ltr'><strong><em>dictum</em></strong></span> <span class='ocrx_word' id='word_1_746' title='bbox 2432 4638 2516 4682; x_wconf 91' lang='lat' dir='ltr'><strong><em>est</em></strong></span> <span class='ocrx_word' id='word_1_747' title='bbox 2546 4647 2559 4681; x_wconf 90' lang='lat'><strong>:</strong></span> <span class='ocrx_word' id='word_1_748' title='bbox 2593 4629 2868 4700; x_wconf 86' lang='lat' dir='ltr'><strong><em>Captivam</em></strong></span> <span class='ocrx_word' id='word_1_749' title='bbox 2886 4633 3002 4697; x_wconf 83' lang='lat' dir='ltr'><strong><em>fecit</em></strong></span> <span class='ocrx_word' id='word_1_750' title='bbox 3024 4634 3408 4701; x_wconf 77' lang='lat' dir='ltr'><strong><em>captivitatem;</em></strong></span> 
     </span>
    </p>
   </div>
   <div class='ocr_carea' id='block_1_100' title="bbox 1848 4716 3410 4790">
    <p class='ocr_par' dir='ltr' id='par_1_100' title="bbox 1848 4716 3410 4790">
     <span class='ocr_line' id='line_1_100' title="bbox 1848 4716 3410 4790; baseline 0.008 -23"><span class='ocrx_word' id='word_1_751' title='bbox 1848 4725 1905 4769; x_wconf 87' lang='lat' dir='ltr'><strong><em>et</em></strong></span> <span class='ocrx_word' id='word_1_752' title='bbox 1929 4716 2125 4769; x_wconf 87' lang='lat' dir='ltr'><strong><em>iterum</em></strong></span> <span class='ocrx_word' id='word_1_753' title='bbox 2165 4735 2177 4769; x_wconf 87' lang='lat'><strong>:</strong></span> <span class='ocrx_word' id='word_1_754' title='bbox 2208 4717 2353 4788; x_wconf 83' lang='lat' dir='ltr'><strong><em>Cepit</em></strong></span> <span class='ocrx_word' id='word_1_755' title='bbox 2374 4723 2729 4788; x_wconf 84' lang='lat' dir='ltr'><strong><em>captivitatem</em></strong></span> <span class='ocrx_word' id='word_1_756' title='bbox 2760 4721 2894 4790; x_wconf 82' lang='lat' dir='ltr'><strong><em>(l0).</em></strong></span> <span class='ocrx_word' id='word_1_757' title='bbox 2922 4723 3185 4776; x_wconf 88' lang='lat' dir='ltr'><strong><em>Nimirum</em></strong></span> <span class='ocrx_word' id='word_1_758' title='bbox 3216 4740 3410 4779; x_wconf 72' lang='lat' dir='ltr'><strong><em>curare</em></strong></span> 
     </span>
    </p>
   </div>
   <div class='ocr_carea' id='block_1_101' title="bbox 1848 4804 3412 4884">
    <p class='ocr_par' dir='ltr' id='par_1_101' title="bbox 1848 4804 3412 4884">
     <span class='ocr_line' id='line_1_101' title="bbox 1848 4804 3412 4884; baseline 0.01 -28"><span class='ocrx_word' id='word_1_759' title='bbox 1848 4804 2133 4868; x_wconf 88' lang='lat' dir='ltr'><strong><em>debemus,</em></strong></span> <span class='ocrx_word' id='word_1_760' title='bbox 2171 4816 2232 4861; x_wconf 89' lang='lat' dir='ltr'><strong><em>ut</em></strong></span> <span class='ocrx_word' id='word_1_761' title='bbox 2265 4823 2586 4862; x_wconf 82' lang='lat' dir='ltr'><strong><em>revocemur</em></strong></span> <span class='ocrx_word' id='word_1_762' title='bbox 2608 4826 2637 4863; x_wconf 93' lang='lat' dir='ltr'><strong><em>a</em></strong></span> <span class='ocrx_word' id='word_1_763' title='bbox 2686 4813 2999 4880; x_wconf 83' lang='lat' dir='ltr'><strong><em>captivitate</em></strong></span> <span class='ocrx_word' id='word_1_764' title='bbox 3048 4824 3103 4869; x_wconf 89' lang='lat' dir='ltr'><strong><em>et</em></strong></span> <span class='ocrx_word' id='word_1_765' title='bbox 3130 4825 3412 4884; x_wconf 83' lang='lat' dir='ltr'><strong><em>portemus</em></strong></span> 
     </span>
    </p>
   </div>
   <div class='ocr_carea' id='block_1_102' title="bbox 1846 4894 3408 4977">
    <p class='ocr_par' dir='ltr' id='par_1_102' title="bbox 1846 4894 3408 4977">
     <span class='ocr_line' id='line_1_102' title="bbox 1846 4894 3408 4977; baseline 0.011 -31"><span class='ocrx_word' id='word_1_766' title='bbox 1846 4894 2136 4965; x_wconf 87' lang='lat' dir='ltr'><strong><em>imaginem</em></strong></span> <span class='ocrx_word' id='word_1_767' title='bbox 2196 4900 2484 4963; x_wconf 88' lang='lat' dir='ltr'><strong><em>coelestis,</em></strong></span> <span class='ocrx_word' id='word_1_768' title='bbox 2540 4900 2683 4955; x_wconf 79' lang='lat' dir='ltr'><strong><em>sient</em></strong></span> <span class='ocrx_word' id='word_1_769' title='bbox 2736 4906 3073 4971; x_wconf 87' lang='lat' dir='ltr'><strong><em>portavimus</em></strong></span> <span class='ocrx_word' id='word_1_770' title='bbox 3122 4909 3408 4977; x_wconf 79' lang='lat' dir='ltr'><strong><em>imaginem</em></strong></span> 
     </span>
    </p>
   </div>
   <div class='ocr_carea' id='block_1_103' title="bbox 1845 4986 3411 5060">
    <p class='ocr_par' dir='ltr' id='par_1_103' title="bbox 1845 4986 3411 5060">
     <span class='ocr_line' id='line_1_103' title="bbox 1845 4986 3411 5060; baseline 0.012 -25"><span class='ocrx_word' id='word_1_771' title='bbox 1845 4987 2044 5040; x_wconf 89' lang='lat' dir='ltr'><strong><em>terreni</em></strong></span> <span class='ocrx_word' id='word_1_772' title='bbox 2069 4986 2199 5056; x_wconf 84' lang='lat' dir='ltr'><strong><em>(ll),</em></strong></span> <span class='ocrx_word' id='word_1_773' title='bbox 2222 4998 2277 5042; x_wconf 90' lang='lat' dir='ltr'><strong><em>et</em></strong></span> <span class='ocrx_word' id='word_1_774' title='bbox 2295 4990 2651 5045; x_wconf 84' lang='lat' dir='ltr'><strong><em>exhibeamus</em></strong></span> <span class='ocrx_word' id='word_1_775' title='bbox 2691 4995 2931 5048; x_wconf 91' lang='lat' dir='ltr'><strong><em>membra</em></strong></span> <span class='ocrx_word' id='word_1_776' title='bbox 2956 5006 3138 5050; x_wconf 89' lang='lat' dir='ltr'><strong><em>nostra</em></strong></span> <span class='ocrx_word' id='word_1_777' title='bbox 3163 5039 3177 5060; x_wconf 92' lang='lat'><strong><em>,</em></strong></span> <span class='ocrx_word' id='word_1_778' title='bbox 3206 5002 3411 5055; x_wconf 81' lang='lat' dir='ltr'><strong><em>servire</em></strong></span> 
     </span>
    </p>
   </div>
   <div class='ocr_carea' id='block_1_104' title="bbox 1482 5110 2176 5171">
    <p class='ocr_par' dir='ltr' id='par_1_104' title="bbox 1482 5110 2176 5171">
     <span class='ocr_line' id='line_1_104' title="bbox 1482 5110 2176 5171; baseline 0.01 -7"><span class='ocrx_word' id='word_1_779' title='bbox 1482 5110 1739 5164; x_wconf 77' lang='lat' dir='ltr'><strong><em>VARIAE</em></strong></span> <span class='ocrx_word' id='word_1_780' title='bbox 1779 5110 2176 5171; x_wconf 82' lang='lat' dir='ltr'><strong><em>LECTIONES.</em></strong></span> 
     </span>
    </p>
   </div>
   <div class='ocr_carea' id='block_1_105' title="bbox 292 5200 3302 5283">
    <p class='ocr_par' dir='ltr' id='par_1_105' title="bbox 292 5200 3302 5283">
     <span class='ocr_line' id='line_1_105' title="bbox 292 5200 3302 5283; baseline 0.003 -23"><span class='ocrx_word' id='word_1_781' title='bbox 292 5213 333 5283; x_wconf 79' lang='grc' dir='ltr'><strong><em>ι)</em></strong></span> <span class='ocrx_word' id='word_1_782' title='bbox 368 5211 629 5279; x_wconf 79' lang='grc' dir='ltr'><strong><em>ἐχόντων</em></strong></span> <span class='ocrx_word' id='word_1_783' title='bbox 673 5205 988 5260; x_wconf 88' lang='lat' dir='ltr'><strong><em>coniectura</em></strong></span> <span class='ocrx_word' id='word_1_784' title='bbox 1020 5201 1349 5256; x_wconf 85' lang='lat' dir='ltr'><strong><em>addidimus.</em></strong></span> <span class='ocrx_word' id='word_1_785' title='bbox 1374 5232 1440 5240; x_wconf 95' lang='lat'><strong>—</strong></span> <span class='ocrx_word' id='word_1_786' title='bbox 1464 5202 1506 5258; x_wconf 82' lang='lat' dir='ltr'><strong><em>’l</em></strong></span> <span class='ocrx_word' id='word_1_787' title='bbox 1537 5203 1613 5255; x_wconf 78' lang='lat' dir='ltr'><strong>Ex</strong></span> <span class='ocrx_word' id='word_1_788' title='bbox 1660 5200 1826 5263; x_wconf 61' lang='lat' dir='ltr'><strong><em>coni,</em></strong></span> <span class='ocrx_word' id='word_1_789' title='bbox 1862 5206 1988 5259; x_wconf 91' lang='lat' dir='ltr'><strong><em>cod.</em></strong></span> <span class='ocrx_word' id='word_1_790' title='bbox 2026 5209 2275 5278; x_wconf 79' lang='grc' dir='ltr'>κι..ηθὲν.</span> <span class='ocrx_word' id='word_1_791' title='bbox 2316 5209 2454 5264; x_wconf 69' lang='lat' dir='ltr'><strong><em>Num</em></strong></span> <span class='ocrx_word' id='word_1_792' title='bbox 2489 5228 2594 5265; x_wconf 89' lang='lat' dir='ltr'><strong><em>una</em></strong></span> <span class='ocrx_word' id='word_1_793' title='bbox 2633 5228 2699 5265; x_wconf 87' lang='lat' dir='ltr'><strong><em>an</em></strong></span> <span class='ocrx_word' id='word_1_794' title='bbox 2750 5212 2887 5267; x_wconf 82' lang='lat' dir='ltr'><strong><em>duae</em></strong></span> <span class='ocrx_word' id='word_1_795' title='bbox 2933 5215 3117 5269; x_wconf 81' lang='lat' dir='ltr'><strong><em>literae</em></strong></span> <span class='ocrx_word' id='word_1_796' title='bbox 3160 5219 3302 5270; x_wconf 73' lang='grc' dir='ltr'>(ιτεί-</span> 
     </span>
    </p>
   </div>
   <div class='ocr_carea' id='block_1_106' title="bbox 189 5276 961 5345">
    <p class='ocr_par' dir='ltr' id='par_1_106' title="bbox 189 5276 961 5345">
     <span class='ocr_line' id='line_1_106' title="bbox 189 5276 961 5345; baseline -0.018 -6"><span class='ocrx_word' id='word_1_797' title='bbox 189 5276 580 5344; x_wconf 43' lang='grc' dir='ltr'>ὁοτὶιιῑζοετῑο</span> <span class='ocrx_word' id='word_1_798' title='bbox 609 5278 716 5331; x_wconf 88' lang='lat' dir='ltr'><strong><em>dici</em></strong></span> <span class='ocrx_word' id='word_1_799' title='bbox 755 5276 961 5345; x_wconf 85' lang='lat' dir='ltr'><strong><em>nequit.</em></strong></span> 
     </span>
    </p>
   </div>
   <div class='ocr_carea' id='block_1_107' title="bbox 1699 5393 1944 5449">
    <p class='ocr_par' dir='ltr' id='par_1_107' title="bbox 1699 5393 1944 5449">
     <span class='ocr_line' id='line_1_107' title="bbox 1699 5393 1944 5449; baseline 0.012 -3"><span class='ocrx_word' id='word_1_800' title='bbox 1699 5393 1944 5449; x_wconf 79' lang='lat' dir='ltr'><strong><em>NOTAE.</em></strong></span> 
     </span>
    </p>
   </div>
   <div class='ocr_carea' id='block_1_108' title="bbox 289 5490 726 5563">
    <p class='ocr_par' dir='ltr' id='par_1_108' title="bbox 289 5490 726 5563">
     <span class='ocr_line' id='line_1_108' title="bbox 289 5490 726 5563; baseline -0.014 -15"><span class='ocrx_word' id='word_1_801' title='bbox 289 5496 524 5563; x_wconf 68' lang='lat' dir='ltr'><strong><em>l)&quot;Deut.</em></strong></span> <span class='ocrx_word' id='word_1_802' title='bbox 551 5493 615 5563; x_wconf 67' lang='grc' dir='ltr'><strong><em>ν,</em></strong></span> <span class='ocrx_word' id='word_1_803' title='bbox 642 5490 726 5563; x_wconf 79' lang='grc'><strong><em>1.</em></strong></span> 
     </span>
    </p>
   </div>
   <div class='ocr_carea' id='block_1_109' title="bbox 258 5496 771 5635">
    <p class='ocr_par' dir='ltr' id='par_1_109' title="bbox 258 5496 771 5635">
     <span class='ocr_line' id='line_1_109' title="bbox 289 5496 726 5563; baseline -0.014 -15"><span class='ocrx_word' id='word_1_804' title='bbox 289 5496 524 5563; x_wconf 70' lang='lat' dir='ltr'><strong><em>l)&quot;Deut.</em></strong></span> <span class='ocrx_word' id='word_1_805' title='bbox 551 5496 615 5547; x_wconf 65' lang='grc' dir='ltr'>ν.</span> <span class='ocrx_word' id='word_1_806' title='bbox 642 5496 726 5543; x_wconf 83' lang='grc' dir='ltr'><strong><em>Η.</em></strong></span> 
     </span>
     <span class='ocr_line' id='line_1_110' title="bbox 258 5496 771 5635; baseline -0.014 -16"><span class='ocrx_word' id='word_1_807' title='bbox 258 5496 334 5635; x_wconf 50' lang='grc' dir='ltr'><strong><em>ΣΞ)</em></strong></span> <span class='ocrx_word' id='word_1_808' title='bbox 361 5564 550 5635; x_wconf 20' lang='lat' dir='ltr'><strong><em>llitlor.</em></strong></span> <span class='ocrx_word' id='word_1_809' title='bbox 575 5560 771 5635; x_wconf 36' lang='grc' dir='ltr'><strong><em>κςμιε.</em></strong></span> 
     </span>
    </p>
   </div>
   <div class='ocr_carea' id='block_1_110' title="bbox 282 5630 772 5701">
    <p class='ocr_par' dir='ltr' id='par_1_110' title="bbox 282 5630 772 5701">
     <span class='ocr_line' id='line_1_111' title="bbox 282 5630 772 5701; baseline -0.014 -13"><span class='ocrx_word' id='word_1_810' title='bbox 282 5635 337 5701; x_wconf 74' lang='grc'><strong><em>5)</em></strong></span> <span class='ocrx_word' id='word_1_811' title='bbox 405 5633 567 5685; x_wconf 85' lang='lat' dir='ltr'><strong><em>Hebr.</em></strong></span> <span class='ocrx_word' id='word_1_812' title='bbox 594 5630 772 5701; x_wconf 51' lang='lat'><strong><em>122.</em></strong></span> 
     </span>
    </p>
   </div>
   <div class='ocr_carea' id='block_1_111' title="bbox 259 5642 820 5773">
    <p class='ocr_par' dir='ltr' id='par_1_111' title="bbox 259 5642 820 5773">
     <span class='ocr_line' id='line_1_112' title="bbox 282 5642 772 5701; baseline -0.014 -13"><span class='ocrx_word' id='word_1_813' title='bbox 282 5642 337 5701; x_wconf 72' lang='lat'><strong><em>5)</em></strong></span> <span class='ocrx_word' id='word_1_814' title='bbox 405 5642 772 5686; x_wconf 60' lang='lat' dir='ltr'><strong><em>Hebr.x.‘22.</em></strong></span> 
     </span>
     <span class='ocr_line' id='line_1_113' title="bbox 259 5642 820 5773; baseline -0.016 -15"><span class='ocrx_word' id='word_1_815' title='bbox 259 5642 336 5773; x_wconf 55' lang='grc' dir='ltr'>ίιι)</span> <span class='ocrx_word' id='word_1_816' title='bbox 369 5704 389 5755; x_wconf 85' lang='grc' dir='ltr'><strong>Ι</strong></span> <span class='ocrx_word' id='word_1_817' title='bbox 422 5703 614 5773; x_wconf 72' lang='lat' dir='ltr'><strong><em>Thess.</em></strong></span> <span class='ocrx_word' id='word_1_818' title='bbox 644 5698 820 5773; x_wconf 12' lang='lat'><strong><em>“‘25.</em></strong></span> 
     </span>
    </p>
   </div>
   <div class='ocr_carea' id='block_1_112' title="bbox 260 5770 869 5850">
    <p class='ocr_par' dir='ltr' id='par_1_112' title="bbox 260 5770 869 5850">
     <span class='ocr_line' id='line_1_114' title="bbox 260 5770 869 5850; baseline 0 0"><span class='ocrx_word' id='word_1_819' title='bbox 260 5770 337 5850; x_wconf 60' lang='grc' dir='ltr'><strong><em>(δ)</em></strong></span> <span class='ocrx_word' id='word_1_820' title='bbox 365 5772 515 5850; x_wconf 64' lang='lat' dir='ltr'><strong><em>Phi.&quot;</em></strong></span> <span class='ocrx_word' id='word_1_821' title='bbox 557 5770 787 5850; x_wconf 41' lang='lat' dir='ltr'><strong><em>&quot;diu&quot;</em></strong></span> <span class='ocrx_word' id='word_1_822' title='bbox 842 5836 869 5850; x_wconf 91' lang='lat'><strong><em>..</em></strong></span> 
     </span>
    </p>
   </div>
   <div class='ocr_carea' id='block_1_113' title="bbox 260 5836 962 5909">
    <p class='ocr_par' dir='ltr' id='par_1_113' title="bbox 260 5836 962 5909">
     <span class='ocr_line' id='line_1_115' title="bbox 260 5836 962 5909; baseline -0.019 -9"><span class='ocrx_word' id='word_1_823' title='bbox 260 5836 336 5909; x_wconf 79' lang='lat'><strong><em>(6)</em></strong></span> <span class='ocrx_word' id='word_1_824' title='bbox 365 5844 557 5896; x_wconf 67' lang='lat' dir='ltr'><strong><em>Psalm.</em></strong></span> <span class='ocrx_word' id='word_1_825' title='bbox 589 5837 811 5894; x_wconf 75' lang='lat' dir='ltr'><strong><em>CXVIII,</em></strong></span> <span class='ocrx_word' id='word_1_826' title='bbox 839 5836 872 5889; x_wconf 77' lang='grc'>5</span> <span class='ocrx_word' id='word_1_827' title='bbox 912 5836 962 5889; x_wconf 83' lang='lat'><strong><em>6.</em></strong></span> 
     </span>
    </p>
   </div>
   <div class='ocr_carea' id='block_1_114' title="bbox 1917 5493 2449 5561">
    <p class='ocr_par' dir='ltr' id='par_1_114' title="bbox 1917 5493 2449 5561">
     <span class='ocr_line' id='line_1_116' title="bbox 1917 5493 2449 5561; baseline 0.006 -16"><span class='ocrx_word' id='word_1_828' title='bbox 1917 5493 1993 5561; x_wconf 78' lang='lat'><strong><em>(7)</em></strong></span> <span class='ocrx_word' id='word_1_829' title='bbox 2030 5494 2217 5547; x_wconf 78' lang='lat' dir='ltr'><strong><em>Matth.</em></strong></span> <span class='ocrx_word' id='word_1_830' title='bbox 2260 5496 2324 5556; x_wconf 69' lang='grc' dir='ltr'><strong><em>ν,</em></strong></span> <span class='ocrx_word' id='word_1_831' title='bbox 2362 5496 2449 5549; x_wconf 75' lang='lat'><strong><em>20.</em></strong></span> 
     </span>
    </p>
   </div>
   <div class='ocr_carea' id='block_1_115' title="bbox 1910 5563 2454 5631">
    <p class='ocr_par' dir='ltr' id='par_1_115' title="bbox 1910 5563 2454 5631">
     <span class='ocr_line' id='line_1_117' title="bbox 1910 5563 2454 5631; baseline 0.006 -17"><span class='ocrx_word' id='word_1_832' title='bbox 1910 5563 1984 5631; x_wconf 87' lang='grc'><strong><em>(8)</em></strong></span> <span class='ocrx_word' id='word_1_833' title='bbox 2016 5565 2170 5617; x_wconf 83' lang='lat' dir='ltr'><strong><em>Rom.</em></strong></span> <span class='ocrx_word' id='word_1_834' title='bbox 2206 5566 2339 5626; x_wconf 79' lang='lat' dir='ltr'><strong><em>vui.</em></strong></span> <span class='ocrx_word' id='word_1_835' title='bbox 2372 5567 2454 5619; x_wconf 73' lang='grc' dir='ltr'><strong><em>ιδ.</em></strong></span> 
     </span>
    </p>
   </div>
   <div class='ocr_carea' id='block_1_116' title="bbox 1936 5633 2515 5698">
    <p class='ocr_par' dir='ltr' id='par_1_116' title="bbox 1936 5633 2515 5698">
     <span class='ocr_line' id='line_1_118' title="bbox 1936 5633 2515 5698; baseline 0.005 -14"><span class='ocrx_word' id='word_1_836' title='bbox 1936 5633 1988 5698; x_wconf 88' lang='lat'><strong><em>9)</em></strong></span> <span class='ocrx_word' id='word_1_837' title='bbox 2018 5634 2211 5686; x_wconf 87' lang='lat' dir='ltr'><strong><em>Psalm.</em></strong></span> <span class='ocrx_word' id='word_1_838' title='bbox 2240 5635 2420 5695; x_wconf 79' lang='lat' dir='ltr'><strong><em>XLIV,</em></strong></span> <span class='ocrx_word' id='word_1_839' title='bbox 2450 5634 2515 5687; x_wconf 73' lang='grc'><strong><em>14</em></strong></span> 
     </span>
    </p>
   </div>
   <div class='ocr_carea' id='block_1_117' title="bbox 1912 5633 2940 5777">
    <p class='ocr_par' dir='ltr' id='par_1_117' title="bbox 1912 5633 2940 5777">
     <span class='ocr_line' id='line_1_119' title="bbox 1912 5633 2515 5766; baseline 0.007 -83"><span class='ocrx_word' id='word_1_840' title='bbox 1912 5633 1988 5766; x_wconf 40' lang='lat' dir='ltr'><strong><em>fl)</em></strong></span> <span class='ocrx_word' id='word_1_841' title='bbox 2018 5634 2211 5686; x_wconf 87' lang='lat' dir='ltr'><strong><em>Psalm.</em></strong></span> <span class='ocrx_word' id='word_1_842' title='bbox 2240 5635 2420 5695; x_wconf 79' lang='lat' dir='ltr'><strong><em>XLIV,</em></strong></span> <span class='ocrx_word' id='word_1_843' title='bbox 2450 5634 2515 5687; x_wconf 73' lang='grc'><strong><em>14</em></strong></span> 
     </span>
     <span class='ocr_line' id='line_1_120' title="bbox 1926 5700 2940 5777; baseline 0.008 -23"><span class='ocrx_word' id='word_1_844' title='bbox 2053 5702 2482 5777; x_wconf 41' lang='lat' dir='ltr'><strong><em>Psalm.__liXVll,</em></strong></span> <span class='ocrx_word' id='word_1_845' title='bbox 2504 5705 2589 5760; x_wconf 76' lang='grc'><strong><em>18.</em></strong></span> <span class='ocrx_word' id='word_1_846' title='bbox 2614 5706 2749 5777; x_wconf 83' lang='lat' dir='ltr'><strong><em>Eph.</em></strong></span> <span class='ocrx_word' id='word_1_847' title='bbox 2774 5722 2861 5773; x_wconf 77' lang='lat' dir='ltr'><strong><em>tv,</em></strong></span> <span class='ocrx_word' id='word_1_848' title='bbox 2888 5706 2940 5762; x_wconf 88' lang='grc'><strong>8.</strong></span> 
     </span>
    </p>
   </div>
   <div class='ocr_carea' id='block_1_118' title="bbox 1914 5771 2485 5842">
    <p class='ocr_par' dir='ltr' id='par_1_118' title="bbox 1914 5771 2485 5842">
     <span class='ocr_line' id='line_1_121' title="bbox 1914 5771 2485 5842; baseline 0.005 -20"><span class='ocrx_word' id='word_1_849' title='bbox 1914 5771 2070 5842; x_wconf 77' lang='lat' dir='ltr'><strong><em>(m1</em></strong></span> <span class='ocrx_word' id='word_1_850' title='bbox 2102 5773 2229 5827; x_wconf 82' lang='lat' dir='ltr'><strong><em>Cor.</em></strong></span> <span class='ocrx_word' id='word_1_851' title='bbox 2257 5774 2368 5839; x_wconf 83' lang='lat' dir='ltr'><strong><em>xv,</em></strong></span> <span class='ocrx_word' id='word_1_852' title='bbox 2398 5775 2485 5827; x_wconf 70' lang='lat'><strong><em>49.</em></strong></span> 
     </span>
    </p>
   </div>
  </div>
