4266 6356
822 372 931 430 H5

2012 372 2051 427 S
2102 369 2380 427 MACARII
2411 370 2726 426 AEGYPTII

3932 356 4040 414 416

824 480 1064 542 iustitiae
1110 494 1166 540 et
1228 485 1661 550 sanetiﬂcationi,
1696 488 1834 542 sIcut
1872 489 2220 543 exhibuimus
2256 504 2381 556 peo-
2411 524 2453 576 Α
2483 507 2509 542 σ

2355 511 2381 537 ι-
2411 524 2453 576 Α
2483 490 2622 552 σίας,
2647 488 2740 540 καὶ
2773 486 2995 556 φορέσαι
3020 484 3114 553 τὴν
3143 483 3323 536 εἰκόνα
3351 481 3443 534 τοῦ
3475 478 3821 576 ἐπουρανίου,
3861 477 4040 576 καθὼς

823 585 947 632 cato
973 577 1070 649 (I).
1099 577 1403 632 Credamus
1423 579 1623 632 debere
1660 595 1759 633 nos
1782 580 1838 632 in
1884 581 2005 633 luce
2043 580 2378 633 ambulantes

822 669 945 721 sine
960 669 1164 722 olfensa
1185 670 1368 722 videre
1397 670 1666 723 mirabilia
1693 671 1784 723 Dei
1811 671 2105 724 secundum
2132 685 2253 722 eum
2285 670 2378 736 qui

824 757 903 810 ait
937 775 948 809 :
1001 757 1191 811 Revela
1216 756 1390 810 oculos
1421 775 1558 812 meos
1588 767 1635 811 et
1660 759 1994 812 considerabo
2015 757 2276 811 mirabilia
2289 763 2380 810 tua

825 847 890 898 de
931 847 1038 917 lege
1059 847 1255 918 tua(‘2).
1283 847 1419 900 Nam
1443 854 1523 910 ut,
1560 848 1702 916 quod
1734 847 1802 921 ad
1825 863 2015 902 sensus
2033 849 2285 916 pertinet,
2313 847 2378 910 is,

825 941 918 1007 qui
941 940 997 992 in
1024 940 1144 992 luce
1173 939 1433 1002 ambulat,
1454 955 1562 992 non
1576 938 1820 1001 offendit,
1845 939 1942 1001 sic,
1964 938 2109 1007 quod
2137 938 2203 992 ad
2220 937 2380 1007 spiri-

827 1039 945 1083 tum
977 1031 1190 1092 attinet,
1214 1029 1278 1091 is,
1299 1029 1391 1098 qui
1421 1029 1724 1098 inperfecta
1749 1029 2174 1082 sanctificatione
2198 1044 2381 1082 versa-

828 1130 1070 1186 tur,non.
1097 1119 1433 1187 concupiscit
1465 1119 1623 1180 mala,
1654 1134 1763 1170 non
1785 1118 1983 1187 cogitat
2014 1133 2195 1187 prava.
2226 1118 2383 1171 Nulla

843 1217 987 1264 enim
1009 1219 1092 1263 est
1113 1211 1344 1263 societas
1369 1210 1474 1262 luci
1497 1209 1561 1261 ad
1587 1210 1836 1262 tenebras
1856 1210 2133 1278 (5),ueque
2152 1223 2381 1261 consen-

830 1315 924 1353 sus
960 1300 1158 1367 templo
1186 1299 1280 1352 Dei
1316 1313 1435 1351 cum
1455 1297 1613 1350 idolis
1641 1297 1924 1367 (4).Itaque
1955 1304 2208 1364 tanquam
2247 1306 2383 1350 tem-

830 1392 981 1458 plum
1037 1391 1132 1442 Dei
1193 1389 1474 1442 considera
1521 1389 1772 1456 teipsum,
1806 1387 2070 1456 effugiens
2136 1387 2388 1456 spiritua-

834 1485 966 1537 lium
1030 1483 1298 1536 idolorum
1361 1482 1419 1536 in
1485 1482 1645 1536 corde
1702 1481 1950 1549 eiligiem.
2001 1481 2188 1534 Omnis
2240 1482 2386 1534 enim

835 1576 1061 1628 affectus
1097 1589 1329 1642 operans
1358 1574 1413 1626 in
1459 1575 1639 1626 anima
1682 1573 1885 1626 idolum
1931 1581 2029 1626 est.
2072 1573 2225 1626 Unde
2251 1571 2386 1624 bene

836 1669 1061 1721 dictum:
1085 1686 1116 1720 a
1139 1684 1238 1736 quo
1262 1669 1374 1736 quis
1394 1675 1666 1735 superatus
1681 1669 1930 1727 cst,huius
1949 1676 1995 1719 et
2015 1683 2188 1720 servus
2211 1666 2383 1734 est(5).

836 1758 930 1809 Sin
972 1758 1150 1810 carnis
1207 1757 1578 1824 voluptatibus
1630 1759 1772 1809 servi
1820 1757 1944 1810 facti
2001 1773 2224 1819 sumus,
2279 1772 2391 1809 ma-

837 1846 1092 1900 nifestum
1119 1854 1201 1898 est
1223 1885 1237 1908 ,
1286 1847 1457 1898 sancti
1512 1855 1567 1898 et
1605 1846 1911 1899 innocentis
1947 1847 2170 1915 spiritus
2205 1860 2392 1899 servos
2422 1869 2461 1920 Β

837 1951 938 1988 nos
977 1936 1144 1987 factos
1183 1952 1290 1988 non
1347 1951 1484 1988 esse.
1544 1935 1712 1988 Nemo
1749 1937 1920 1998 enim.
1950 1946 2127 2004 potest
2180 1936 2391 1989 duobus

837 2024 1074 2077 dominis
1125 2024 1325 2077 servire
1376 2024 1536 2077 :Nou
1576 2027 1780 2093 potestis
1811 2066 1824 2087 ,
1880 2026 2089 2095 inquit,
2149 2027 2253 2079 Deo
2279 2043 2390 2078 ser-

837 2117 947 2168 vire
1023 2122 1071 2166 et
1142 2131 1475 2167 mammonae
1517 2115 1618 2185 (6).
1672 2117 1955 2186 Templum
2029 2118 2175 2171 enim
2236 2118 2391 2186 203

839 2204 933 2257 Dei
955 2211 1199 2256 sanctum
1220 2214 1321 2264 est,
1340 2220 1438 2254 non
1461 2205 1651 2256 habens
1683 2205 1944 2258 maculam
1970 2215 2060 2258 aut
2084 2224 2268 2276 rugam
2299 2216 2392 2259 aut

843 2293 1045 2362 aliquid
1076 2295 1367 2346 huiusmodi
1397 2293 1494 2364 (7).
1533 2293 1707 2358 Quare
1737 2296 1968 2365 Spiritus
1987 2307 2202 2351 sanctus
2227 2298 2398 2368 fugiet

850 2388 1036 2440 dolum
1091 2397 1148 2440 et
1205 2386 1423 2440 recedet
1469 2403 1498 2440 a
1548 2390 1968 2457 cogitationibus
1999 2392 2396 2461 insipientibus,

847 2492 1024 2544 neque
1051 2479 1106 2529 in
1139 2476 1532 2530 fraudulentam
1572 2479 1804 2531 animam
1844 2481 2064 2535 intrabit
2095 2482 2396 2551 disciplina.

841 2567 1138 2621 Credentes
1166 2567 1348 2635 igitur,
1374 2582 1589 2619 onmem
1618 2577 1855 2621 nostram
1887 2570 2057 2638 legem
2097 2571 2264 2641 digito
2306 2575 2401 2628 Dei

846 2658 901 2710 in
930 2658 1092 2711 corde
1129 2658 1314 2722 scribi,
1339 2673 1447 2710 non
1477 2668 1797 2722 atramento,
1839 2661 1930 2713 sed
1956 2660 2156 2730 Spiritu
2194 2664 2401 2729 divino,

845 2750 1207 2817 Suscipiamus
1223 2751 1502 2804 veritatem
1523 2751 1844 2819 Iegislatoris
1867 2753 2129 2807 dicentis:
2160 2755 2268 2824 Ego
2289 2773 2403 2809 sum

843 2843 1036 2894 veritas
1064 2840 1160 2908 (8),
1193 2841 1330 2900 eius,
1354 2840 1444 2907 qui
1475 2851 1529 2891 et
1566 2840 1744 2893 cordis
1767 2843 2230 2897 circumcisionem
2279 2863 2407 2914 ope-

847 2939 1017 2992 ratur,
1039 2940 1094 2982 et
1119 2931 1365 2982 inscribit
1408 2931 1460 2984 in
1505 2934 1780 2986 mentibus
1821 2933 2106 3002 dignorum
2151 2937 2406 2990 bonitatis

848 3037 977 3074 suae
1001 3022 1192 3087 legem,
1218 3021 1358 3074 sicut
1381 3023 1432 3074 in
1459 3024 1718 3091 propheta
1738 3025 1812 3076 ait
1830 3024 1992 3077 :Dabo
2036 3026 2197 3096 legem
2238 3045 2407 3082 meam

848 3113 903 3163 in
927 3113 1161 3163 cordibus
1205 3128 1402 3174 eorum,
1449 3123 1496 3164 et
1541 3117 1595 3166 in
1642 3116 1913 3168 visceribus
1963 3133 2136 3169 eorum
2184 3120 2407 3171 scribam

851 3219 969 3255 eam
999 3203 1097 3271 (9).
1131 3203 1279 3255 Illico
1314 3203 1514 3271 itaque,
1558 3206 1972 3274 quibuscunquc
2012 3223 2172 3260 curae
2219 3217 2301 3262 est
2345 3210 2398 3262 in
2425 3200 2466 3255 C-

852 3312 1010 3363 ycnus
1035 3295 1273 3356 electum,
1296 3296 1347 3347 in
1370 3296 1546 3364 regale
1570 3297 1936 3361 sacerdotium,
1971 3298 2025 3351 in
2053 3310 2253 3367 gentem
2277 3317 2403 3352 sau-

851 3394 1012 3443 ctam.
1045 3386 1097 3438 in
1123 3386 1368 3455 populum
1405 3387 1767 3455 acceptabilcm
1794 3389 1900 3457 (10)
1928 3392 2228 3457 pervenire,
2252 3391 2407 3445 facile

855 3479 1126 3545 recipiunt
1159 3479 1213 3529 in
1253 3494 1310 3530 se
1359 3478 1684 3531 viviﬁcantis
1733 3479 1965 3547 Spiritus
2018 3483 2404 3549 Operationem.

853 3568 1192 3636 Quapropter
1213 3568 1580 3621 admonemini
1615 3569 1680 3622 ad
1723 3571 2012 3631 orandum,
2041 3581 2100 3624 ut
2125 3574 2271 3641 digni
2317 3573 2410 3626 ha-

856 3658 1105 3721 beantur,
1150 3659 1242 3726 qui
1289 3658 1536 3726 quamvis
1585 3661 1824 3714 breviter
1878 3662 2236 3731 intelligamus
2277 3665 2409 3717 sim-

857 3748 1052 3818 plicem
1077 3750 1504 3802 conversationis
1526 3751 1578 3802 in
1596 3749 1813 3803 Christo
1838 3753 2238 3806 rectitudinem.
2268 3755 2411 3807 Talis

854 3840 999 3892 enim
1017 3841 1213 3901 anima,
1243 3856 1379 3908 quae
1406 3841 1657 3909 deposuit
1700 3841 1880 3894 vultus
1897 3843 2288 3904 confusionem,
2312 3860 2413 3898 nec

857 3931 962 3984 iam
990 3944 1243 4000 regnatur
1274 3933 1608 4000 turpitudine
1638 3934 2048 4000 cogitationum,
2069 3951 2169 3989 nec
2203 3937 2412 3990 adulte-

869 4030 1020 4074 ratur
1051 4038 1080 4073 a
1102 4021 1357 4089 maligno,
1405 4037 1526 4073 eum
1557 4022 1672 4074 solo
1690 4022 1971 4075 manifeste
1989 4025 2202 4076 coelesti
2220 4040 2416 4092 sponso

858 4111 1175 4166 societatem
1196 4111 1336 4174 iniit,
1353 4121 1536 4180 utpote
1563 4112 1674 4180 ipsa
1695 4112 1939 4181 simplex.
1958 4114 2250 4167 Vulnerata
2269 4115 2413 4166 enim

859 4216 1040 4254 amore
1071 4217 1196 4269 erga
1237 4218 1383 4264 eum,
1431 4202 1703 4256 desiderio
1753 4205 2001 4266 moritur,
2053 4212 2113 4256 ut
2163 4204 2416 4257 audacter

859 4293 1070 4360 loquar,
1107 4294 1503 4360 pulcherrimae
1529 4294 1675 4346 illius
1712 4294 2097 4347 intellectualis
2142 4303 2197 4348 et
2230 4296 2416 4364 mysti-

861 4399 955 4436 cae
971 4385 1370 4437 communionis
1391 4400 1513 4437 cum
1542 4400 1607 4437 eo
1632 4385 1930 4438 secundum
1951 4385 2414 4454 incorruptibilcm

862 4473 1221 4541 aptitudiuem
1255 4473 1308 4526 in
1352 4475 1778 4528 sanctificatione
1820 4475 2069 4529 conditae
2123 4476 2411 4530 societatis.

861 4563 1022 4616 Beata
1055 4580 1240 4617 revera
1273 4572 1330 4617 et
1351 4564 1480 4618 felix
1505 4567 1625 4618 talis
1639 4567 1846 4629 anima,
1870 4582 2007 4634 quae
2029 4568 2168 4619 victa
2187 4567 2413 4635 spiritali

862 4668 1067 4715 amore,
1104 4654 1264 4723 digne
1290 4655 1613 4722 desponsata
1637 4664 1721 4709 est
1740 4657 1850 4710 Deo
1870 4658 2068 4710 Verbo.
2096 4658 2248 4711 Dicat
2287 4674 2415 4727 ergo

862 4742 999 4812 ipsa,
1026 4743 1171 4798 dicat
1193 4763 1205 4796 :
1239 4745 1512 4798 Exultabit
1536 4748 1714 4799 anima
1737 4763 1853 4799 mea
1878 4747 1932 4799 in
1958 4747 2200 4810 Domino,
2225 4750 2312 4817 gui
2337 4750 2416 4801 in-

2482 580 2820 648 ἐφορέσαμεν
2848 579 2946 645 τὴν
2973 575 3154 627 είκόνα
3194 573 3287 625 τοῦ
3322 570 3526 641 χοϊκοῦ,
3558 571 3651 622 καὶ
3689 566 4048 637 παραστῆσαι

2477 672 2545 724 τὰ
2577 670 2709 740 μέλη
2729 668 2882 738 ἡμῶν
2903 666 3061 719 δοῦλα
3088 668 3153 734 τῇ
3192 661 3506 730 δικαιοσύνῃ
3537 660 3628 712 καὶ
3655 659 3732 727 τῷ
3760 655 4044 725 ἁγιασμῷ,

2479 762 2655 824 καθὼς
2711 761 3127 832 παρεστήσαμεν
3176 758 3240 824 τῇ
3296 755 3562 824 ἁμαρτία.
3616 749 4046 817 πιστεύωμενί),

2480 855 2560 907 ὅτι
2597 855 2700 922 χρὴ
2733 853 2874 920 ἡμᾶς
2922 853 2977 901 ἐν
3004 847 3080 916 τῷ
3127 848 3264 914 φωτὶ
3303 841 3735 914 περιπατοῦντας
3769 838 4048 908 άπροσκό-

2483 964 2597 1008 πως
2621 946 2751 1013 όρᾷν
2775 942 2842 993 τά
2872 940 2964 993 τοῦ
2988 937 3121 994 Θεοῦ
3147 938 3445 1004 θαυμάσια,
3478 933 3617 985 κατά
3649 933 3738 984 τὸν
3771 932 4042 1000 φήσαντα·

2481 1037 2878 1102 ἀποκιίλυιβιοιρ
2900 1033 3040 1097 τοὺς
3068 1029 3409 1098 ὀφθαλμούς
3419 1044 3554 1094 μου,
3573 1024 3668 1076 καὶ
3692 1021 4052 1084 κατανοήσω

2482 1127 2553 1180 τὰ
2591 1123 2889 1193 θαυμάσιοί
2911 1139 3024 1175 σου
3048 1122 3114 1173 ἐκ
3139 1120 3245 1173 τοῦ
3265 1119 3451 1184 νόμου
3486 1131 3621 1167 σου.
3650 1113 3724 1173 ὡς
3759 1111 3868 1178 γὰρ
3907 1108 4053 1160 κατὰ

2482 1218 2542 1271 τὸ
2568 1215 2819 1286 αἰσθητὸν
2850 1216 2877 1266 ὁ
2899 1215 2955 1265 ἐν
2985 1211 3061 1281 τῷ
3091 1210 3228 1279 φωτὶ
3258 1206 3573 1277 περιπατῶν
3601 1205 3658 1255 ού
3690 1203 4052 1272 προσκόπτει,

2483 1309 2653 1370 οῦτως
2703 1306 2842 1359 κατὰ
2891 1305 2952 1356 τὸ
3001 1302 3188 1370 νοητὸν
3244 1304 3271 1352 ό
3325 1303 3382 1351 ἐν
3431 1297 3506 1366 τῷ
3557 1294 3744 1363 τελείῳ
3791 1291 4054 1359 ἁγιασμῷ

2486 1400 2744 1467 ὑπάρχων
2769 1396 2867 1447 οὐκ
2892 1394 3199 1462 ἐνθυμεῖται
3224 1389 3452 1458 πονηρά,
3476 1387 3536 1438 ού
3558 1384 3826 1450 λογίζεται
3847 1381 4051 1448 φαῦλα·

2487 1487 2710 1553 οὐδεμία
2766 1487 2819 1554 ⁸)
2856 1483 2964 1552 γὰρ
3009 1479 3261 1535 κοινωνία
3307 1480 3444 1544 φωτὶ
3489 1475 3623 1545 πρὸς
3658 1475 3878 1534 σκότος,
3932 1471 4056 1522 οὐδὲ

2489 1576 2876 1646 συγκατάθεσις
2907 1573 3034 1626 ναοῦ
3082 1569 3216 1640 μετά
3249 1569 3506 1621 εἰδώλων.
3550 1566 3624 1626 ὡς
3650 1560 3742 1616 οῦν
3772 1562 3899 1622 ναδς
3917 1560 4056 1612 Θεοῦ

2487 1667 2744 1734 ἐπίγνωθι
2782 1665 3024 1725 σεαυτόν,
3059 1659 3466 1728 ἀποδιδράσκων
3493 1656 3589 1723 τὴν
3622 1657 3678 1706 ἐν
3710 1652 3905 1722 καρδίᾳ.
3945 1652 4056 1701 τῶν

2490 1757 2691 1828 νοητῶν
2724 1755 2955 1808 εἰδώλων
2989 1750 3356 1804 ἀποτύπωσιν·
3394 1749 3500 1798 πᾶν
3538 1745 3644 1813 γὰρ
3679 1742 3848 1803 πάθος
3898 1742 4056 1809 ἐνερ-

2489 1824 2614 1915 γοῦν
2639 1850 2782 1917 ψυχῇ
2814 1845 3024 1899 εῖδωλόν
3057 1845 3223 1895 ἐστιν·
3252 1841 3370 1892 ὅθεν
3405 1838 3581 1899 καλῶς
3612 1836 3852 1903 εἴρηται·
3886 1824 3936 1896 ᾦ
3967 1848 4060 1894 τις

2494 1940 2755 2005 ἣττηται,
2800 1938 2985 2000 τούτῳ
3027 1935 3122 1987 καὶ
3171 1932 3547 1985 δεδούλωται.
3599 1929 3647 1978 εί
3692 1926 3750 1977 δέ
3797 1925 3908 1985 τοῖς
3957 1926 4062 1990 τῆς

2495 2029 2694 2100 σαρκὸς
2720 2027 2912 2080 πάθεσι
2930 2021 3316 2091 δεδουλώμεθα,
3344 2018 3582 2088 δηλονότι
3628 2017 3669 2084 ³)
3696 2013 3773 2084 τῷ
3800 2013 3940 2081 ἁγίῳ
3965 2013 4065 2063 καὶ

2492 2122 2690 2175 ἀπαθεῖ
2725 2120 2994 2188 πνεύματι
3037 2118 3097 2168 ού
3146 2111 3542 2181 δεδουλώμεθα·
3585 2109 3643 2160 οῦ
3687 2108 3794 2174 γὰρ
3833 2103 4064 2157 δύναταί

2493 2232 2576 2276 τις
2611 2212 2728 2265 δυσὶ
2767 2211 2971 2281 κυρίοις
2997 2206 3283 2262 δουλεύειν·
3315 2207 3384 2257 οὐ
3422 2203 3708 2259 δύνασθε,
3749 2197 3904 2266 φησί,
3938 2194 4064 2259 Θεῷ

2495 2305 2802 2358 δουλεύειν
2831 2302 2928 2356 καὶ
2952 2297 3259 2369 μαμμωνᾷ.
3291 2298 3318 2350 ὁ
3346 2296 3453 2365 γὰρ
3481 2294 3606 2356 ναὸς
3633 2291 3724 2345 τοῦ
3740 2289 3875 2348 Θεοῦ
3905 2288 4064 2354 ἆγιός

2497 2399 2632 2458 ἐστι,
2659 2397 2743 2463 μὴ
2777 2394 2926 2461 ἔχων
2954 2392 3179 2446 σπῖλον
3209 2389 3247 2455 ἢ
3279 2387 3524 2455 ῥυτίδα,
3551 2385 3588 2450 ’ἦ
3627 2401 3680 2436 τι
3717 2379 3835 2434 τῶν
3867 2379 4066 2431 τοιού-

2497 2505 2633 2543 των.
2676 2487 2809 2539 διότι
2837 2485 2988 2549 ἅγιον
3018 2481 3234 2550 πνεῦμα
3263 2476 3514 2546 φεύξεται
3543 2475 3710 2534 δόλον,
3739 2471 3831 2523 καὶ
3857 2471 4067 2522 ἀπανα-

2499 2578 2749 2645 στήσεται
2774 2575 2880 2626 ἀπὸ
2904 2570 3176 2639 λογισμῶν
3203 2568 3496 2630 ἀσυνέτων,
3520 2565 3614 2617 καὶ
3633 2565 3712 2625 εἰς
3735 2562 4068 2629 κακότεχνον

2503 2668 2680 2735 ψυχὴν
2714 2667 2814 2717 οὐκ
2847 2662 3212 2716 εἰσελεύσεται
3248 2659 3482 2712 παιδεία.
3524 2656 3910 2715 πιστεύσαντες
3949 2649 4068 2713 οὖν,

2499 2759 2579 2811 ὅτι
2608 2759 2714 2819 πᾶς
2738 2759 2765 2809 ὁ
2791 2756 2944 2825 ἡμῶν
2976 2755 3137 2823 νόμος
3160 2750 3404 2819 δακτύλῳ
3422 2749 3560 2805 Θεοῦ
3607 2750 3663 2800 ἐν
3697 2746 3895 2814 καρδία
3924 2745 4072 2813 γρά-

2504 2869 2680 2920 φεται,
2708 2853 2765 2902 ού
2795 2850 3002 2918 μέλανι,
3036 2846 3169 2899 ἀλλά
3191 2843 3456 2913 πνεύματι
3482 2842 3627 2910 θείῳ,
3662 2838 3941 2906 δεξώμεθα
3968 2836 4071 2905 τὴν

2503 2942 2758 3010 ἀλήθειαν
2783 2939 2874 2991 τοῦ
2887 2938 3172 3007 νομοθέτου
3191 2936 3449 2996 εἰπόντος·
3475 2933 3588 3001 ἐγώ
3607 2933 3720 2998 εἰμι
3735 2930 3772 2993 ἠ
3793 2929 4048 2992 ἀλήθεια

2502 3034 2594 3086 τοῦ
2628 3049 2722 3085 και
2749 3033 2844 3101 τὴν
2878 3032 2976 3098 τῆς
3007 3030 3232 3098 καρδίας
3259 3026 3555 3096 περιτομὴν
3597 3023 3946 3087 ποιουμένου,
3979 3018 4074 3069 καὶ

2508 3125 2895 3194 ἐπιγράφοντος
2929 3120 3021 3172 ἐπ)⁵
3064 3120 3163 3181 τὰς
3204 3117 3435 3178 διανοίας
3481 3115 3590 3166 τῶν
3637 3113 3800 3175 ἀξίων
3833 3110 3925 3161 τὸν
3970 3111 4073 3176 τῆς

2502 3215 2863 3286 χρηστότητος
2899 3211 3060 3265 αὐτοῦ
3089 3211 3270 3279 νόμον·
3297 3209 3371 3270 ὥς
3395 3223 3558 3277 φησιν
3597 3207 3653 3258 ἐν
3682 3204 3761 3273 τῷ
3791 3205 4070 3272 προψήτῃ·

2504 3304 2703 3368 διδοὺς
2727 3302 2926 3373 [δώσω
2973 3300 3016 3371 ⁸]
3039 3303 3258 3368 νόμους
3276 3317 3392 3367 μου
3429 3296 3686 3364 ⁵)εὶςτὰς
3703 3295 3948 3362 καρδίας
3970 3295 4076 3344 αὺ-

2498 3395 2640 3454 ϊῶν,
2659 3395 2753 3447 καὶ
2774 3394 2870 3445 ἐπὶ
2893 3393 2997 3454 τὰς
3013 3392 3276 3456 διανοίας
3292 3389 3486 3443 αὐτῶν
3505 3386 3810 3454 ἐπιγράψω
3822 3387 4071 3448 αὐτούς·

2505 3485 2699 3537 αὐτίκα
2727 3483 2853 3549 γοῦν
2877 3483 3021 3542 ὅσοις
3055 3481 3268 3549 φροντίς
3311 3483 3454 3530 ἐστιν
3481 3478 3558 3539 εἰς
3584 3478 3754 3545 γένος
3783 3475 4071 3526 ἐκλεκτὸν

2507 3575 2730 3643 φθάσαι,
2757 3576 2834 3634 εἰς
2860 3573 3178 3636 βασίλειον
3211 3570 3538 3636 ἱεράτευμα,
3568 3571 3646 3629 εἰς
3675 3567 3849 3629 ἔθνος
3881 3565 4074 3631 ἅγιον,

2507 3670 2585 3729 εἰς
2607 3665 2760 3720 λαὸν
2785 3665 3147 3730 περιούσιον,
3173 3663 3367 3732 ῥᾳδίως
3391 3661 3630 3728 δέχονται
3655 3661 3712 3710 ἐν
3737 3659 3951 3718 ἑαυτοῖς
3978 3658 4076 3725 τὴν

2507 3757 2600 3809 τοῦ
2627 3756 2884 3819 ζωοποιοῦ
2907 3753 3216 3823 πνεύματος
3241 3754 3536 3821 ἐνέργειαν.
3569 3751 3750 3817 διόπερ
3783 3749 4074 3817 παρακλή-

2511 3847 2638 3916 θητε
2686 3845 2937 3914 εὔχεσθαι
2962 3848 3024 3907 ο),
3056 3846 3201 3905 ὅπως
3231 3841 3648 3910 καταξιωθῶμεν
3671 3840 3774 3892 κᾶν
3795 3839 3926 3906 γοῦν
3949 3839 4080 3906 βρα-

2509 3939 2646 4005 χέως
2677 3939 2906 3988 συνεῖναι
2944 3935 3041 4004 τὴν
3086 3934 3411 4002 μονότροπον
3439 3934 3494 3982 ἐν
3535 3929 3753 3997 Χριστῷ
3795 3928 4077 3987 πολιτείας

2511 4027 2800 4093 εὐθύτητα.
2843 4027 2875 4093 ή
2923 4025 3029 4092 γάρ
3068 4023 3286 4091 τοιαύτη
3321 4021 3464 4090 ψυχὴ
3507 4019 3816 4088 ἀποθεμένη
3848 4018 3948 4085 τὴν
3983 4017 4074 4068 τοῦ

2514 4117 2800 4187 προσώπου
2847 4115 3132 4184 αἰσχύνην,
3187 4113 3282 4166 καί
3335 4113 3529 4182 μηκέτι
3569 4109 4073 4179 κατακυριευομένη

2516 4207 2618 4259 ὑπὸ
2654 4208 2752 4276 τῆς
2776 4206 3124 4276 αἰσχρότητος
3149 4205 3254 4256 τῶν
3278 4203 3573 4272 λογισμῶν,
3597 4202 3689 4253 καὶ
3713 4200 4074 4270 μοιχευομένη

2516 4299 2619 4350 ὑπὸ
2647 4299 2738 4350 τοῦ
2771 4298 3026 4367 πονηροῦ,
3061 4300 3219 4367 μόνου
3237 4297 3431 4366 δηλαδὴ
3464 4296 3556 4347 τοῦ
3589 4293 3905 4362 ἐπουρανίου
3942 4310 4080 4361 νυμο

2518 4390 2638 4456 φίου
2662 4391 2921 4449 κοινωνεῖ,
2944 4389 3016 4447 ὡς
3035 4387 3224 4455 αὐτὴτ)
3268 4388 3610 4455 μονότροπος·
3633 4385 3945 4455 τετρωμένη
3969 4385 4077 4456 γάρ

2517 4483 2580 4549 τῇ
2605 4482 2682 4541 είς
2712 4480 2872 4531 αὑτὸν
2901 4479 3086 4546 ἀγάπῃ
3119 4478 3366 4529 ἐπιποθεί
3399 4476 3490 4527 καὶ
3524 4475 3762 4527 ἐκλείπει
3782 4514 3796 4536 ,
3837 4475 3923 4525 ἵνα
3955 4475 4075 4524 τολ-

2523 4572 2698 4638 μήσας
2729 4568 2882 4628 εἴπω,
2913 4569 3009 4636 τὴν
3040 4567 3173 4636 πρὸς
3205 4566 3364 4617 αὐτὸν
3406 4565 3479 4627 ὡς
3505 4565 3709 4634 ὡραίαν
3751 4562 3948 4632 νοητὴν
3983 4561 4079 4613 καὶ

2525 4660 2788 4729 μυστικὴν
2837 4659 3118 4710 συνουσίαν
3165 4657 3304 4709 κατὰ
3343 4656 3442 4722 τὴν
3478 4655 3748 4724 ἄφθαρτον
3789 4653 4080 4718 συνάφεια-θ

2519 4753 2615 4820 τῆς
2650 4755 2705 4802 ἐν
2734 4752 2986 4820 ἁγιασμῷ
3018 4750 3317 4810 κοινωνίας.
3364 4746 3604 4816 μακαρία
3634 4745 3704 4808 ὡς
3737 4743 3951 4813 ἀληθῶς
3986 4743 4081 4794 καὶ

2148 4886 2400 4939 ΥΑΠΙᾹΕ
2439 4888 2836 4942 LECTIONES.

953 4996 991 5065 ¹)
1023 4997 1157 5069 Cod.
1208 5016 1555 5069 πιστεσομεν.
1589 5001 1830 5054 Primum
1857 4998 2116 5053 librarius
2136 4999 2416 5067 scripsisse
2446 5000 2664 5053 videtur
2701 5000 3043 5066 πιστεύομεν,
3095 4997 3290 5052 deinde
3353 5006 3532 5069 autem
3580 4997 3798 5069 lilcrauu
3847 5010 4011 5069 supra

864 5067 1131 5139 adscripta
1179 5066 1478 5124 correxisse
1529 5079 1621 5122 aut
1671 5069 2046 5137 πιστεύσομεν,
2089 5088 2118 5119 υ
2146 5069 2198 5119 in
2232 5066 2281 5130 σ,
2315 5078 2408 5121 aut
2446 5071 2803 5135 πιστεύωμεν,
2837 5088 2896 5120 υο
2921 5073 2974 5124 in
3002 5088 3045 5120 ιι)
3080 5069 3187 5139 (ῦὸ)
3211 5068 3630 5139 cinendans.—:-_
3666 5069 3706 5132 ’)
3733 5066 3816 5139 [ἐνΔ
3843 5066 4011 5122 coni.,

865 5137 986 5190 cod.
1026 5138 1216 5199 οὐδεὶς.
1253 5169 1320 5176 -
1343 5142 1383 5208 ³)
1433 5141 1575 5203 Em.,
1607 5141 1728 5194 cod.
1762 5140 1916 5208 δῆλον
1932 5136 2042 5194 δτι.
2078 5169 2145 5176 —
2174 5139 2215 5206 ⁴⁵)
2277 5139 2429 5190 δώσω
2466 5156 2573 5192 orn.
2607 5141 2750 5202 cod.,
2779 5141 2961 5193 addidi
3003 5156 3069 5193 ex
3100 5136 3299 5196 Jerem.
3342 5138 3529 5200 XXXI,
3568 5137 3653 5188 55.
3689 5165 3757 5173 -
3799 5136 3842 5201 ⁸)
3909 5150 4010 5201 μου

865 5270 1029 5325 supra
1085 5257 1260 5312 adscr.
1321 5259 1426 5312 alia
1472 5275 1544 5312 m.
1573 5289 1641 5298 --
1674 5260 1715 5328 ⁶)
1784 5259 1904 5314 cod.
1962 5228 2233 5329 εῠχεσθαῗ,
2267 5276 2292 5311 ε
2323 5275 2486 5327 supra
2525 5259 2702 5313 adscr.
2738 5260 2856 5313 ead.
2890 5277 2961 5313 in.
2989 5291 3056 5298 --
3094 5261 3137 5327 ⁷)
3203 5259 3382 5323 Coni.,
3431 5258 3552 5312 cod.
3590 5255 3716 5310 αὖτε
3750 5255 3832 5309 vel
3860 5255 4008 5307 οῦτε.

2362 5370 2611 5425 NOTAE.

964 5482 1014 5541 I)
1038 5478 1119 5534 Cf.
1148 5479 1301 5533 Rom.
1328 5481 1416 5541 Vl,
1452 5483 1534 5536 19.

960 5550 1013 5614 2)
1046 5551 1242 5602 Psalm.
1273 5550 1500 5615 CXVIII,
1531 5552 1615 5608 18.

962 5619 1014 5685 3)
1046 5619 1088 5685 ιι
1111 5619 1234 5671 Cor.
1264 5620 1347 5677 Vl.
1385 5622 1468 5672 ιι.

966 5677 1018 5753 .t')
1065 5677 1106 5740 II
1138 5688 1262 5740 Cor.
1298 5689 1386 5751 VI,
1420 5690 1506 5744 16.

937 5761 1015 5828 (5)
1051 5757 1092 5810 II
1123 5758 1268 5812 Petr.
1301 5759 1363 5823 Il,
1393 5759 1476 5812 i9.

2589 5483 2664 5551 (6)
2701 5484 2887 5536 Matth.
2915 5485 3004 5544 τι,
3048 5483 3137 5536 et.

2589 5553 2662 5618 (7)
2695 5554 2831 5620 Eph.
2856 5555 2919 5614 ν,
2947 5554 3035 5606 ‘27.

2615 5624 2665 5684 8)
2697 5622 2817 5674 Joh.
2853 5623 2991 5682 XIV,
3031 5623 3082 5674 6.

2615 5691 2667 5749 9)
2693 5692 2889 5744 Jcrem.
2921 5692 3108 5751 XXXI,
3137 5692 3204 5743 35

2621 5760 2748 5829 10)!
2783 5763 2892 5816 Pet.
2925 5763 2986 5828 II,
3014 5763 3065 5816 9.
3103 5763 3207 5816 Tit.
3242 5763 3306 5826 ll,
3351 5762 3430 5815 14.
