4266 6356
285 355 396 408 437

1752 345 2149 407 EI’ISTOLAE.

3416 348 3522 403 418

280 472 557 542 εὐδαίμων
589 472 622 542 η
650 470 870 542 τοιαύτη
899 471 1042 542 ψυχή
1062 513 1079 535 ,
1108 472 1226 542 ἦτις
1254 471 1544 543 ἡττηθείσα
1581 470 1660 542 τῷ
1692 489 1853 526 πνευ-
1877 480 1924 535 Α
1953 490 1965 526 ι

1848 480 1924 535 ιΑ
1953 472 2067 527 duit
2113 486 2197 525 me
2247 468 2563 524 vestimentis
2620 464 2807 520 salutis
2866 472 2916 519 et
2958 465 3263 522 indumento
3301 468 3533 523 iustitiae

284 562 504 635 ματικῷ
554 562 738 633 ἐρωτι,
789 563 953 626 ἀξίως
994 562 1307 636 ἐνυμφεύθη
1352 562 1429 634 τῷ
1480 562 1588 633 θεῷ
1615 563 1654 633 ί)
1688 563 1848 633 λόγῳ.

280 657 490 725 λεγέτω
516 658 698 710 τοίνυν
726 657 864 725 αὐτή
887 696 902 717 ,
938 656 1161 723 λεγέτωο
1188 655 1578 725 enumerem
1608 656 1647 723 ἡ
1683 652 1854 723 ψυχή

275 762 399 813 μου
430 744 529 798 ἐπὶ
554 743 637 797 τῶ
666 743 869 809 κυρίῳ·
903 742 1155 797 ἐνέδυσε
1182 742 1294 812 γάρ
1316 760 1392 811 με
1413 741 1644 811 ἱμάτιον
1668 758 1858 809 σωτη-

272 835 439 903 ρίου,
479 836 577 888 καὶ
611 853 833 905 χιτωνα
869 836 1253 904 εὐφροσύνης
1283 832 1591 901 περιέθηκέ
1616 850 1741 901 μοι,
1778 832 1858 897 ὡς

279 928 522 997 νυμφίῳ
534 928 754 996 μίτραν
774 929 844 997 '),
870 928 967 980 καὶ
988 927 1068 993 ὡς
1088 928 1330 996 νύμφην
1347 922 1760 994 κατεκόσμησέ
1783 940 1859 993 με

279 1017 510 1085 κόσμῳ.
545 1015 748 1086 ταύτης
771 1017 881 1084 γὰρ
903 1016 965 1069 τὸ
983 1016 1175 1079 κάλλος
1197 1015 1538 1086 ἐπιθυμήσας
1561 1016 1589 1069 ὀ
1610 1014 1860 1085 βασιλεὺς

278 1108 385 1179 τῆς
422 1107 581 1178 δόξης
608 1107 946 1178 κατηξίωσεν
972 1108 1141 1179 αὐτὴν
1164 1106 1594 1178 χρηματίζεσθαι
1613 1108 1674 1160 οὐ
1702 1106 1859 1177 μόνον

281 1201 415 1253 ναὸν
438 1199 585 1259 θεοῦ,
612 1199 751 1252 ἀλλά
779 1200 873 1252 καὶ
897 1198 1169 1269 θυγατέρα
1192 1198 1451 1269 βασιλέως
1481 1198 1574 1252 καὶ
1595 1196 1856 1268 βασιλίδα·

281 1291 414 1346 ναὸν
462 1292 563 1361 μὲν
598 1290 721 1343 θεοῦ
754 1291 830 1353 ὡς
872 1290 1245 1344 οἱκειωθεῖσαν
1279 1289 1357 1360 τῷ
1396 1290 1535 1361 ἀγίῳ
1567 1288 1857 1359 πνεύματι·

282 1383 566 1453 θυγατέρα
595 1383 653 1435 δὲ
683 1381 948 1451 βασιλέως
973 1382 1049 1445 ὡς
1080 1381 1561 1451 τεκνοποιηθεῖσαν
1587 1379 1740 1449 παρὰ
1766 1378 1862 1434 τοῦ

282 1473 495 1544 πατρὸς
521 1473 632 1525 τῶν
662 1472 855 1541 φώτων
878 1489 894 1503 ·
927 1473 1022 1525 καὶ
1046 1472 1290 1543 βασιλίδα
1314 1471 1389 1535 ὡς
1416 1470 1775 1541 συναφθεϊσαν
1795 1473 1861 1543 τῇ

284 1563 500 1633 θεότητι
538 1565 639 1633 τῆς
665 1562 821 1632 δόξης
846 1561 940 1616 τοῦ
974 1562 1315 1633 μονογενοῦς.
1351 1563 1472 1616 καθ’
1514 1562 1573 1615 δν
1604 1562 1711 1635 γὰρ
1737 1563 1862 1633 τρό-

1955 560 2292 616 circumdedit
2316 577 2417 625 me,
2442 560 2595 631 quasi
2617 574 2863 630 sponsum
2900 558 3205 612 decoratum
3250 571 3441 615 corona
3485 574 3540 615 et

1956 656 2109 725 quasi
2128 670 2375 725 sponsam
2394 662 2643 707 ornatam
2668 650 2947 706 monilibus
2965 653 3070 705 suis
3093 651 3372 722 (I).IIuius
3386 653 3532 707 enim

1954 746 2418 816 pulchritudinem
2459 742 2853 812 concupiscens
2890 758 2986 797 rex
3034 742 3236 813 gloriae
3281 744 3538 813 dignatus

1956 845 2041 891 est
2068 850 2190 890 eam
2230 828 2547 904 nuncupare
2584 848 2696 888 non
2733 833 2907 887 solum
2932 832 3193 902 templum
3218 833 3334 897 Dei,
3360 832 3456 888 sed
3480 842 3535 888 et

1959 929 2124 983 ﬁliam
2152 930 2293 999 regis
2320 936 2378 983 et
2419 928 2688 997 reginam:
2749 925 3010 996 templum
3061 923 3285 994 quidem
3332 926 3427 979 Dei
3477 936 3539 979 ut

1959 1019 2122 1091 204
2136 1019 2435 1073 habitatam
2463 1033 2491 1070 a
2524 1016 2734 1086 Spiritu
2762 1024 2972 1078 sancto,
2996 1014 3161 1068 ﬁliam
3185 1024 3367 1069 autem
3395 1016 3539 1085 regis

1960 1117 2023 1163 ut
2048 1108 2358 1178 adoptatam
2390 1122 2419 1160 a
2457 1116 2611 1176 patre
2641 1105 2932 1169 luminum,
2964 1112 3021 1157 et
3063 1105 3319 1175 reginam
3345 1113 3407 1159 ut
3438 1122 3536 1174 ap-

1961 1211 2129 1257 tatam
2162 1200 2437 1255 divinitati
2471 1200 2673 1271 gloriae
2710 1198 3008 1269 Unigeniti.
3050 1197 3132 1262 Ad
3177 1213 3338 1267 quem
3391 1198 3540 1252 enim

1962 1294 2183 1349 modum
2218 1293 2498 1356 Dominus,
2525 1292 2716 1362 quiest
2753 1306 2898 1346 unus
2930 1291 3233 1345 secundum
3280 1290 3540 1344 substan-

1964 1386 2114 1450 tiam,
2142 1385 2311 1439 multa
2345 1384 2567 1437 nomina
2621 1382 2832 1451 accepit
2890 1384 3100 1451 tr0pice
3154 1391 3379 1451 propter
3425 1381 3540 1435 dis-

1965 1478 2339 1548 pensationem
2405 1475 2596 1531 salutis
2650 1474 2972 1528 hominum?
3036 1474 3322 1540 Quomodo
3376 1482 3529 1545 petra

1965 1571 2269 1639 appellatur
2310 1579 2366 1624 et
2416 1568 2652 1623 ostium?
2698 1568 2974 1638 quomodo
3040 1568 3249 1621 securis
3305 1575 3361 1621 et
3412 1567 3540 1620 via?

283 1672 388 1708 πον
416 1657 445 1707 ό
465 1654 674 1724 κύριος,
710 1650 791 1717 εἷς
814 1652 889 1706 ὢν
916 1653 1037 1707 κατ’
1064 1653 1269 1718 οὐσίαν,
1301 1653 1648 1724 πολυώνυμος
1674 1653 1865 1723 γέγονε
1964 1687 1968 1706 ‹

1857 1670 1865 1705 ε
1964 1671 2020 1716 et
2042 1662 2239 1718 iterum
2264 1661 2396 1715 vitis
2418 1670 2474 1715 et
2512 1660 2710 1731 panis?
2764 1659 2924 1714 Petra
2976 1658 3197 1728 quidem
3249 1658 3320 1712 ob
3374 1658 3542 1711 robur

284 1746 433 1801 κατά
463 1746 824 1817 τροπολογίαν
858 1745 1046 1799 ἕνεκεν
1093 1748 1192 1816 τῆς
1232 1746 1544 1815 οἰκονομίας
1591 1745 1866 1815 σωτηρίας
1898 1812 1932 1817 _
1966 1778 1969 1799 ι

1853 1763 1932 1817 ἵ,
1966 1752 2087 1808 eius
2143 1753 2528 1806 inconcussum
2568 1759 2625 1805 et
2674 1749 3072 1804 inaccessibile.
3121 1747 3330 1803 Ostium
3387 1764 3538 1812 vero,

280 1837 397 1891 τῶν
429 1812 732 1907 ἀνθρώπων
760 1834 867 1907 (πῆ
895 1839 994 1909 μὲν
1022 1812 1197 1907 πέτρα
1225 1812 1548 1906 ὀνομασθείς
1575 1836 1668 1889 καὶ
1691 1812 1829 1907 θῦρα
1847 1879 1862 1904 ,
1896 1812 1938 1869 Β

1855 1879 1862 1903 ,
1896 1812 1938 1869 Β
1966 1842 2096 1913 quia
2112 1842 2228 1911 ipse
2250 1850 2334 1897 est
2350 1840 2612 1895 introitus
2633 1848 2887 1893 aeternae
2907 1838 3071 1891 vitae.
3092 1837 3313 1891 Securis
3333 1845 3540 1899 autem,

283 1930 365 1999 πῆ
401 1929 460 1982 δὲ
488 1930 643 1998 ἀξίνη
674 1930 767 1982 καὶ
802 1931 947 1995 ὁδός,
972 1931 1065 1984 καὶ
1097 1926 1251 1992 αὖθις
1282 1929 1523 2000 ἄμπελος
1552 1931 1648 1983 καὶ
1667 1930 1865 1999 ἄρτος,

282 2015 466 2085 πέτρα
498 2016 595 2084 μέν
627 2015 718 2068 διά
741 2016 799 2069 τὸ
831 2018 890 2069 ἐν
920 2021 986 2088 τῇ
1020 2016 1179 2088 ῥώμῃ
1209 2017 1372 2070 αὑτοῦ
1403 2017 1652 2071 ἄσειστόν
1683 2035 1743 2071 τε
1774 2019 1868 2072 καὶ

284 2106 616 2175 ἀπρόσιτον·
650 2107 789 2178 θύρα
822 2109 880 2161 δέ
924 2108 1011 2161 διὰ
1054 2110 1117 2161 τὸ
1163 2109 1322 2161 αὐτὸν
1356 2107 1497 2162 εἶναι
1526 2110 1731 2163 εῐσοδον
1769 2111 1868 2180 τῆς

282 2198 508 2251 αἰωνίου
539 2198 685 2268 ζωῆς
709 2215 723 2228 ·
756 2198 911 2271 ἀξίνη
942 2199 998 2252 δέ
1030 2199 1117 2252 διὰ
1145 2200 1207 2252 τὺ
1248 2200 1535 2255 ἐκκόπτειν
1573 2201 1732 2255 αὑτὸν
1767 2202 1866 2267 τὰς

282 2290 383 2358 τῆς
409 2290 606 2351 κακίας
651 2289 836 2359 ῥίζας·
869 2291 963 2344 καὶ⁵
996 2291 1114 2354 ὁδὸς
1149 2290 1238 2344 διά
1279 2290 1340 2344 τὺ
1371 2290 1524 2359 ἄγειν
1550 2292 1711 2346 αὐτὸν
1740 2293 1867 2355 τοὺς

285 2379 474 2445 ἀξίους
503 2380 595 2433 ἐπὶ
619 2380 717 2451 τὴν
739 2381 840 2448 τῆς
868 2380 1125 2452 ἀληθείας
1148 2381 1459 2451 ἐπίγνωσιν·
1486 2383 1579 2438 καὶ
1601 2383 1862 2454 ἄμπελος,

291 2473 375 2526 ἰτι
415 2470 475 2536 ἐξ
522 2469 686 2524 αὑτοῦ
733 2472 763 2524 ὀ
793 2471 1098 2541 εὐφραίνων
1139 2473 1365 2543 καρδίαν
1405 2474 1692 2546 ἀνθρώπου
1722 2468 1865 2539 οῖνος

284 2565 717 2633 καρποφορεῖται
739 2579 753 2594 ο
782 2564 983 2633 ὁμοίως
1018 2563 1075 2617 δὲ
1117 2565 1214 2617 καὶ
1246 2565 1442 2637 ἄρτος,
1473 2567 1557 2619 ὅτι
1595 2565 1864 2636 στηρίζων

285 2652 514 2722 καρδίαν
550 2652 771 2720 λογικοῦ
822 2652 1119 2724 ζὼου)οτδν
1155 2656 1319 2711 αὐτὸν
1347 2656 1547 2729 τρόπον
1581 2657 1675 2711 καὶ
1706 2659 1740 2728 ή
1780 2656 1862 2710 οί-

285 2743 578 2796 κειωθεῖσα
607 2742 685 2813 τῷ
716 2742 823 2813 θεῷ
854 2744 898 2814 ³)
929 2744 1071 2816 λόγῳ
1108 2745 1337 2816 ἄμωμος
1364 2746 1508 2817 ψυχὴ
1534 2747 1862 2816 μονότροπος

284 2834 632 2903 τυγχάνουσα
650 2837 788 2887 κατά
810 2834 1012 2898 πολλάς
1040 2836 1320 2906 προκοπὰς
1340 2836 1448 2890 τῶν
1477 2836 1861 2907 πνευματικῶν

284 2926 498 2996 ἀρετῶν
529 2925 622 2977 καὶ
651 2926 757 2978 τῶν
777 2925 995 2996 δωρεῶν
1027 2927 1410 2998 ἀξιωθήσεται.
1441 2928 1654 2998 εἴρηται
1682 2927 1738 2981 δέ
1771 2945 1860 2999 μοι

1967 1930 2099 2002 quia
2124 1930 2396 1986 exscindit
2422 1929 2635 1984 radices
2662 1927 2965 1997 pravitatis.
3001 1928 3069 1981 Et
3106 1927 3215 1991 via,
3248 1926 3375 1995 quia
3392 1926 3546 1981 ducit

1967 2023 2160 2094 dignos
2186 2022 2254 2077 ad
2290 2022 2539 2076 veritatis
2570 2019 2959 2090 cognitionem.
3009 2019 3077 2073 Et
3103 2018 3250 2082 vitis,
3290 2018 3436 2087 quod
3475 2035 3541 2074 ex

1966 2114 2085 2184 ipso
2106 2113 2422 2168 exhilarans
2448 2128 2543 2166 cor
2564 2110 2803 2165 hominis
2837 2111 3025 2164 vinum
3070 2111 3331 2180 carpitur.
3382 2109 3545 2165 Simi-

1963 2204 2090 2258 liter
2103 2218 2234 2258 vero
2253 2203 2416 2257 etiam
2438 2202 2614 2273 panis,
2640 2209 2829 2270 utpote
2844 2199 3175 2255 conﬁrmans
3194 2216 3289 2254 cor
3308 2201 3544 2256 rationa-

1964 2292 2090 2348 bilis
2111 2293 2374 2348 animalis.
2411 2293 2469 2346 In
2496 2291 2727 2346 eandem
2759 2290 3026 2344 rationem
3047 2290 3211 2344 etiam
3242 2290 3542 2345 inhabitata

1964 2398 1995 2438 a
2027 2383 2141 2438 Deo
2166 2383 2335 2437 verbo
2379 2381 2725 2436 immaculata
2766 2378 2967 2443 anima,
2999 2378 3230 2447 simplex
3258 2377 3419 2441 facta,
3458 2393 3543 2432 se-

1963 2472 2203 2526 cundum
2247 2471 2450 2525 multos
2500 2468 2779 2539 profectus
2817 2466 3200 2536 spiritualibus
3245 2464 3543 2519 virtutibus

1961 2562 2232 2634 donisque
2266 2561 2599 2633 dignabitur.
2629 2560 2783 2615 Dicta
2819 2569 3003 2614 autem
3034 2566 3162 2612 sunt
3194 2558 3329 2611 haec
3368 2571 3399 2610 a
3430 2572 3539 2621 me,

1962 2664 2025 2711 ut
2065 2671 2175 2711 non
2226 2655 2401 2710 solum
2446 2654 2737 2724 tripliciter
2777 2652 3114 2723 intelligatur
3155 2650 3436 2705 oraculum
3473 2649 3541 2703 de

1962 2763 2180 2819 sponsa,
2205 2747 2299 2801 sed
2325 2748 2489 2801 etiam
2515 2745 2891 2800 multifariam.
2915 2743 3196 2813 Cognosce
3216 2757 3367 2804 vero,
3394 2741 3543 2795 hunc

1960 2852 2080 2893 esse
2104 2837 2380 2906 planctum
2396 2835 2452 2889 in
2474 2844 2771 2905 conspectu
2795 2833 3182 2899 nostri,donec
3204 2832 3544 2886 introeamus

1960 2927 2031 2981 ad
2058 2926 2232 2981 altare
2260 2928 2379 2991 Dei,
2409 2927 2477 2980 ad
2497 2927 2665 2981 Deum
2692 2929 2779 2997 qui
2806 2926 3059 2994 laetiﬁcat
3090 2927 3414 2979 iuventutem
3444 2940 3540 2975 no-

281 3016 463 3094 ταῦτα
512 3016 697 3069 ἕνεκεν
742 3017 837 3070 τοῦ
860 3018 904 3087 ⁸)
962 3019 1022 3072 οὐ
1076 3019 1234 3089 μόνον
1272 3020 1432 3090 τριχῆ
1484 3020 1718 3073 νοεῖσθαι
1767 3020 1859 3073 τὸν
1957 3036 1966 3071 ι

1857 3038 1859 3057 ι
1957 3028 2124 3072 stram
2138 3018 2236 3089 (‘2).
2267 3019 2396 3074 Vult
2413 3019 2559 3073 enim
2580 3018 2849 3082 Salvator,
2864 3019 3029 3073 etiam
3048 3032 3169 3080 nos,
3191 3016 3283 3085 qui
3308 3016 3361 3068 in
3380 3030 3542 3068 carne

283 3108 673 3179 χρηματισμὸν
703 3109 802 3178 τῆς
842 3109 1079 3179 νύμφης,
1117 3109 1253 3162 ἀλλὰ
1289 3110 1382 3162 καὶ
1421 3108 1717 3179 πολλαχῶς.
1770 3109 1858 3176 γί-

1960 3125 2169 3174 sumus,
2190 3124 2285 3164 sua
2306 3109 2522 3179 apathia
2543 3109 2737 3179 dignos
2756 3108 2909 3163 reddi
2936 3108 3258 3177 implerique
3287 3106 3544 3161 sanctita-

284 3214 465 3250 νωσκε
496 3196 572 3259 δέ,
606 3197 688 3249 ὅτι
712 3197 869 3250 τοῦτο
897 3198 1064 3262 κόπος
1092 3199 1147 3267 ⁸)
1181 3199 1327 3251 ἐστὶν
1360 3198 1592 3252 ἐνώπιον
1615 3198 1771 3270 ἡμῶν
1791 3194 1927 3269 ⁸),ν
1963 3214 1969 3254 1

1857 3194 1871 3252 ,⁷
1887 3194 1927 3213 ν
1963 3211 2036 3267 te,
2074 3210 2135 3255 ut
2162 3199 2501 3255 conﬁdenter
2526 3199 2806 3254 dicamus:
2828 3199 2892 3254 In
2910 3215 3067 3252 carne
3087 3198 3416 3251 ambulantes
3439 3214 3542 3250 non

285 3288 308 3306 ρ
381 3304 393 3306 -
446 3281 492 3306 41'
533 3288 650 3306 ac,”

287 3379 441 3447 πρὸς
461 3378 715 3433 τὸνθεόν
734 3382 838 3433 τὸν
854 3382 1255 3449 εὐφραίνοντα
1270 3381 1383 3449 τὴν
1400 3384 1649 3447 νεότητα
1672 3380 1861 3451 ἡμῶν.

291 3469 543 3539 βούλεται
584 3471 693 3541 γάρ
730 3473 873 3542 ἡμᾶς
904 3473 930 3524 ό
959 3472 1141 3542 σωτὴρ
1174 3474 1232 3524 ἐν
1264 3474 1428 3542 σαρκὶ
1454 3473 1611 3535 δντας
1648 3473 1739 3525 καὶ
1766 3472 1865 3541 τῆς

286 3562 560 3626 ἀπαθείας
606 3563 769 3616 αὐτοῦ
827 3564 1262 3633 καταξιωθῆναι,
1315 3566 1407 3617 καὶ
1447 3565 1541 3617 τοῦ
1593 3563 1864 3634 ἀγιασμοῦ

288 3653 674 3724 πληρωθῆναι,
735 3656 821 3708 ἵνα
868 3655 1193 3727 θαρροῦντες
1245 3655 1525 3726 λέγωμενο
1566 3656 1636 3708 ὲν
1686 3655 1865 3723 σαρκί

289 3745 757 3811 περιπατοῦντες
785 3749 855 3801 οὐ
886 3746 1037 3800 κατὰ
1068 3746 1269 3814 σάρκα
1294 3749 1762 3817 στρατευόμεθαο
1794 3748 1867 3801 τὰ

291 3838 403 3907 γὰρ
432 3837 593 3891 ὅπλα
617 3837 725 3905 τῆς
752 3838 1068 3906 στρατείας
1087 3836 1256 3905 ἡμῶν
1281 3839 1352 3891 οὐ
1383 3837 1669 3904 σαρκικά,
1710 3839 1868 3892 ἀλλὰ

292 3928 523 3983 δυνατὰ
567 3927 648 3993 τῷ
699 3927 811 3993 θεῷ
843 3929 992 3997 πρὸς
1042 3928 1388 3994 καθαίρεσιν
1442 3927 1863 3996 ὀχυρωμάτων·

290 4021 622 4088 λογισμοὺς
650 4020 1073 4087 καθαιροῦντες
1104 4019 1201 4072 καὶ
1231 4017 1353 4071 πᾶν
1379 4018 1595 4087 ὕψωμα
1629 4019 1867 4086 ἐπαιρό-

285 4127 479 4181 μενον
514 4110 665 4163 κατά
686 4109 796 4178 τῆς
822 4109 1095 4179 γνώσεως
1122 4110 1226 4163 τοῦ
1252 4109 1410 4173 θεοῦ.
1444 4110 1547 4180 χρὴ
1573 4109 1748 4162 τοίνυν
1781 4113 1867 4162 ἐν-

292 4196 483 4249 τεῦθεν
508 4198 608 4268 ήδη
633 4198 981 4268 προσηλῶσαι
1012 4200 1157 4268 ἡμᾶς
1178 4197 1254 4267 τῷ
1278 4198 1494 4268 σταυρῷ
1516 4199 1583 4250 τὰ
1605 4198 1751 4268 πάοη
1770 4198 1869 4267 τῆς

294 4287 571 4355 ἁμαρτίας
590 4286 727 4339 κατὰ
742 4287 841 4357 τὴν
870 4285 964 4338 τοῦ
997 4289 1277 4357 προφήτου
1305 4287 1487 4355 εὐχήν
1514 4285 1872 4354 καθήλωσεν

1962 3394 2105 3440 strae
2126 3402 2231 3440 non
2254 3384 2496 3437 carnalia
2513 3392 2653 3445 sunt,
2668 3383 2757 3437 sed
2773 3384 3002 3453 potentia
3023 3382 3131 3435 Deo
3149 3382 3218 3435 ad
3234 3380 3544 3435 destructio~

1966 3489 2081 3526 nem
2100 3474 2469 3534 munitionum,
2485 3470 2704 3523 consilia
2725 3470 3047 3522 destruentes
3070 3476 3117 3521 et
3134 3484 3341 3519 omnem
3362 3466 3546 3519 altitu-

1965 3564 2136 3617 dinem
2169 3560 2502 3616 extollentem
2525 3579 2580 3616 se
2603 3562 2849 3615 adversus
2882 3561 3155 3613 scientiam
3180 3559 3275 3613 Dei
3293 3558 3391 3631 (ὅ).
3413 3559 3544 3614 Inde

1968 3654 2131 3723 igitur
2168 3660 2385 3722 oportet
2416 3651 2522 3705 iam
2547 3650 2762 3721 alligcre
2792 3665 2893 3703 nos
2917 3648 3067 3703 cruci
3092 3649 3374 3719 passiones
3413 3663 3543 3717 pec-

1968 3746 2072 3801 cati
2096 3744 2394 3799 secundum
2418 3744 2718 3813 pr0phetae
2743 3742 3049 3796 orationem
3075 3757 3089 3793 :
3115 3738 3329 3809 Conﬁge
3356 3740 3545 3792 timore

1971 3844 2058 3888 tuo
2084 3852 2267 3888 carnes
2298 3851 2440 3887 meas
2465 3835 2563 3903 (4).
2589 3833 2722 3887 Nam
2749 3847 2876 3886 caro
2898 3840 2955 3885 et
2976 3830 3217 3900 sanguis,
3245 3846 3380 3899 quas
3411 3830 3546 3884 dicit

1969 3925 2262 3994 Apostolus
2286 3940 2394 3978 non
2417 3938 2575 3994 posse
2604 3938 2831 3992 regnum
2867 3923 2962 3977 Dei
2996 3920 3199 3985 sortiri,
3233 3936 3341 3975 non
3382 3921 3543 3990 205

1968 4026 2052 4069 est
2074 4017 2177 4070 hoc
2202 4016 2347 4085 quod
2368 4015 2701 4084 conspicitur
2721 4029 2939 4083 corpus,
2962 4014 3068 4067 hoc
3085 4012 3230 4067 enim
3256 4028 3285 4066 a
3303 4011 3414 4065 Deo
3434 4010 3545 4064 for-

1970 4116 2177 4161 matum
2195 4114 2299 4170 est,
2322 4107 2415 4162 sed
2442 4107 2719 4176 prudentia
2746 4106 2921 4159 carnis
2945 4104 3043 4175 (5),
3075 4119 3214 4173 quae
3240 4110 3491 4156 movetur
3517 4120 3546 4158 η

1971 4196 2251 4265 spiritibus
2282 4196 2578 4265 nequitiae,
2606 4197 2693 4265 qui
2726 4202 3011 4264 operantur
3043 4195 3098 4247 in
3125 4192 3263 4261 ﬁlios
3303 4192 3530 4262 difﬁden-

1972 4289 2076 4341 tiae
2098 4287 2193 4357 (6).
2218 4288 2431 4341 Etenim
2475 4302 2586 4341 non
2631 4287 2879 4340 adversus
2914 4302 3128 4339 carnem
3154 4292 3202 4337 et
3223 4274 3536 4353 sanguinem

294 4378 362 4431 ἐκ
396 4378 505 4431 τοῦ
533 4380 721 4446 φόϐου
752 4394 868 4431 σου
899 4379 1005 4443 τὰς
1038 4376 1271 4446 σάρκας
1295 4395 1434 4447 μου.
1469 4377 1604 4448 σὰρξ
1632 4379 1741 4450 γὰρ
1779 4379 1871 4433 καὶ
1973 4397 1979 4450 ι

1856 4381 1871 4433 ί
1973 4380 2225 4450 perfectis
2248 4380 2303 4434 in
2328 4380 2545 4435 Christo
2568 4379 2932 4435 certatoribus
2972 4387 3047 4432 est
3088 4376 3406 4440 colluctatio,
3451 4375 3541 4429 sed

296 4463 458 4539 αἷμα,
500 4470 630 4541 περὶ
656 4463 730 4522 ὧν
770 4467 915 4536 λέγει
947 4470 976 4522 ό
1000 4469 1291 4531 ἀπόστολος
1325 4469 1400 4539 μὴ
1426 4468 1684 4522 δύνασθαι
1719 4470 1868 4540 βασι·
1898 4486 1943 4541 D
1977 4500 1981 4525 4

1855 4498 1868 4511 -
1898 4486 1943 4541 Ι)
1977 4472 2219 4525 adversus
2242 4472 2421 4525 mundi
2461 4481 2681 4527 rectores
2726 4470 3053 4525 tenebran
3098 4469 3307 4533 harum,
3356 4475 3540 4522 contra

295 4560 445 4614 λείαν
468 4560 592 4614 θεοῦ
632 4560 1056 4632 κληρονομῆσαι,
1091 4560 1151 4613 οὐ
1183 4560 1340 4613 τοῦτό
1373 4561 1487 4613 ἐστι
1515 4559 1575 4612 τὸ
1600 4560 1873 4631 ὁρώμενον

996 4578 1056 4625 ιι,
1091 4560 1151 4613 οὐ
1183 4560 1340 4613 τοῦτό
1373 4561 1487 4613 ἐστι
1515 4559 1575 4612 τὸ
1600 4560 1873 4631 ὁρώμενον
1983 4564 2285 4633 spiritualia
2309 4566 2571 4635 nequitiae
2588 4564 2681 4635 (7).

299 4667 480 4736 σῶμαο
510 4665 665 4719 τοῦτο
689 4667 797 4737 γὰρ
824 4667 927 4721 ὑπὸ
961 4665 1084 4719 θεοῦ
1131 4666 1371 4737 ἐπλάσθη
1396 4684 1410 4697 ο
1447 4667 1579 4719 ἀλλά
1616 4667 1683 4720 τὸ
1722 4669 1997 4738 φρόνημα
2019 4670 2127 4741 τῆς
2148 4675 2372 4741 σαρκὸς
2420 4675 2482 4727 τὸ
2538 4672 2851 4740 κινούμενον
2878 4669 2982 4724 ὑπὸ
3040 4668 3149 4720 τῶν
3216 4665 3541 4733 πνευμάτων

296 4758 397 4825 τῆς
443 4758 735 4829 πονηρίας,
785 4758 902 4812 τῶν
947 4758 1347 4829 ἐνεργούντων
1394 4759 1517 4824 τοῖς
1562 4761 1712 4825 υἱοῖς
1752 4762 1863 4831 τῆς
1897 4764 2219 4833 ἀπειθείας.
2262 4769 2334 4821 οὐ
2397 4769 2504 4837 γὰρ
2576 4766 2727 4833 πρὸς
2761 4761 2904 4831 αἷμα
2952 4762 3049 4815 καὶ
3090 4763 3285 4826 σάρκα
3330 4762 3443 4822 τοῖς
3483 4762 3540 4811 ἐν

297 4847 522 4919 Χριστῷ
585 4848 809 4911 τελείοις
848 4849 1177 4917 ἀγωνισταῖς
1229 4850 1266 4916 ἡ
1319 4848 1518 4917 πάλη,
1572 4850 1732 4905 ἀλλὰ
1795 4853 1942 4921 πρὸς
1981 4856 2121 4922 τοὺς
2172 4857 2653 4927 κοσμοκράτορας
2706 4852 2811 4906 τοῦ
2866 4853 3125 4915 σκότους
3172 4848 3278 4901 τοῦ
3327 4846 3540 4911 αἰῶνος

296 4941 536 5005 τούτου,
566 4941 717 5007 πρὸς
742 4939 815 4993 τὰ
842 4940 1211 5008 πνευματικὰ
1244 4939 1353 5007 τῆς
1382 4942 1690 5007 πονηρίας.

1576 5052 1829 5108 VARIAE
1871 5052 2164 5111 LECTION
2173 5052 2275 5107 ES.

375 5141 423 5221 ')_
453 5141 542 5221 Sic
570 5140 716 5221 cod_.,
755 5156 863 5221 non
892 5140 1080 5221 θεῖκῷ.
1108 5143 1254 5221 ἧς)
1287 5141 1538 5221 Emend._,
1577 5143 1698 5196 cod.
1747 5145 1975 5221 μῆτραν.
2007 5175 2082 5221 _—-
2102 5145 2145 5217 ³)
2186 5143 2274 5199 Sic
2304 5143 2449 5205 cod.,
2482 5158 2587 5221 non
2631 5137 2816 5221 θεῖκῷ.
2844 5168 2913 5178 -
2937 5136 3254 5221 ‘).Em‘end.,
3295 5135 3417 5191 cod.
3456 5137 3534 5217 τις.

297 5208 554 5288 ...⁸)ἑ81ο
592 5212 740 5288 cod.,
798 5211 936 5265 forte
982 5208 1307 5288 quondgtA
1332 5212 1376 5281 ⁸)
1411 5210 1545 5288 _Cod.
1592 5208 1874 5288 poufsed
1923 5208 2137 5269 eadem'
2166 5230 2240 5267 m.
2287 5230 2470 5288 supra
2502 5208 2680 5288 adscr.
2706 5210 2931 5288 literati!
2962 5208 3389 5288 'ﬂ‘signumque
3426 5208 3506 5259 cir

297 5275 826 5423 engageaxgsgllabae
860 5298 956 5351 μου
986 5281 1266 5350 imposuit,
1314 5275 1458 5335 unde
1502 5275 1654 5351 ἡμῶν
1686 5284 1974 5353 legendum
2012 5301 2130 5339 esse
2169 5275 2494 5339 existimavi.
2532 5311 2597 5324 --
2630 5280 2672 5351 ⁷)
2700 5279 2813 5334 Cod
2876 5275 3125 5341 -είςέλθωι
3158 5278 3252 5330 50d
3293 5275 3415 5331 cado
3459 5293 3534 5329 m-

298 5369 361 5407 ευ
410 5370 436 5405 ι’
652 5392 664 5404 .
696 5368 847 5420 ομεν.

298 5368 467 5420 supra
488 5368 664 5405 auscr.
696 5368 847 5420 ομεν.

1814 5462 2063 5519 NOTAE.

372 5558 451 5630 ll)
490 5558 610 5613 lsai.
638 5556 775 5630 LXI,
812 5558 897 5613 ιο.
2049 5562 2123 5630 (5')
2144 5561 2299 5615 nom.
2326 5560 2462 5620 vm.
2502 5564 2548 5612 (ι.

374 5562 451 5625 Η)
490 5562 610 5613 lsai.
638 5562 775 5621 LXI,
812 5562 897 5613 10.
2049 5562 2099 5630 (5'
2144 5562 2299 5615 Rom.
2326 5562 2462 5620 VIII.

374 5628 450 5759 ἓξ)
483 5630 678 5682 Psalm.
708 5629 866 5708 XIII,
888 5630 939 5682 4.
988 5700 1013 5725 μ’
2156 5633 2291 5716 Eph.
2324 5634 2386 5711 |_I,
2425 5633 2481 5728 2;

398 5707 451 5754 Α)
486 5699 526 5751 ll
550 5698 676 5751 Cor.
721 5700 785 5758 λ,
819 5700 871 5751 5.
906 5700 956 5751 lt.
985 5723 1035 5751 .i.
2046 5706 2119 5759 (ι)
2150 5703 2281 5759 Eph.
2320 5703 2402 5759 Vl,
2434 5703 2481 5753 I.

398 5701 451 5754 η)
486 5699 526 5771 ll
550 5698 676 5771 Cor.
717 5699 1060 5771 $13.74},
2046 5698 2119 5770 (7)
2150 5698 2281 5771 Εριι.
2320 5703 2515 5763 v1.12.

376 5771 451 5836 (ι.)
488 5768 679 5822 l’salm.
706 5768 934 5832 CXVIII,
972 5770 1091 5820 120.

542 5863 809 5925 ΡΑτιιυῐη
858 5867 970 5924 Gn.
1013 5865 1271 5923 XXXIV.
2957 5852 3022 5910 14
