4266 6356
811 362 913 418 419

2057 368 2113 423 S.
2154 368 2431 425 MACABII
2469 372 2786 427 AEGYPTII

3946 384 4052 439 420

880 480 1083 543 υιιοιιεί
1107 481 1446 545 coiititemur,
1475 498 1583 536 non
1610 483 1911 537 naturalem
1944 499 2063 540 esse
2093 488 2363 555 operatio-
2396 507 2435 550 Α

2396 507 2440 550 Α
2536 490 2599 543 Εἰ
2627 487 2719 544 οὗν
2756 493 3142 564 ὁμολογοῦμεν,
3195 494 3271 565 μὴ
3311 496 3548 567 φυσικὴν
3575 491 3715 550 εἶναι
3761 497 3863 568 τὴν
3894 500 4050 570 ὲνέρ-

808 588 930 624 nem
966 572 1141 634 islam,
1166 573 1259 626 sed
1302 574 1732 629 advorsariarum
1748 578 2030 641 virtutum,
2051 580 2368 646 poterimus,

806 674 1022 721 accepta
1073 663 1336 717 adversus
1379 681 1472 719 cas
1520 677 1800 720 armatura
1845 668 2070 734 Christi,
2119 671 2371 727 resistere

802 769 990 806 earum
1014 755 1327 824 insidiis(l),
1356 756 1593 811 donante
1638 759 1797 813 nobis
1821 769 2139 829 potestatem
2182 762 2370 817 Salva-

805 852 920 895 tore
955 841 1193 895 calcandi
1215 860 1375 913 supra
1399 856 1659 914 serpentes
1702 855 1749 898 et
1795 848 2085 916 scorpiones
2126 857 2173 900 ct
2215 865 2371 918 super

803 947 1005 984 omnem
1042 934 1280 985 virtutem
1314 933 1607 987 adversarii
1630 934 1742 1005 (2);
1771 947 1832 990 ut
1866 936 2163 991 audeamus
2188 937 2369 992 dicere

802 1022 931 1075 dum
966 1023 1017 1075 in
1043 1038 1203 1077 carne
1234 1040 1457 1078 sumus:
1485 1025 1825 1096 Iniquitatem
1858 1030 1901 1081 si
1919 1031 2095 1098 aspexi
2116 1031 2170 1082 in
2195 1031 2365 1093 corde,

803 1130 905 1165 non
935 1114 1173 1165 exaudiet
1192 1113 1442 1167 Dominus
1468 1116 1566 1186 (5);
1592 1124 1647 1170 et
1671 1135 1683 1169 :
1708 1115 1835 1171 Sine
1855 1121 2139 1189 iniquitate
2163 1123 2369 1174 cucurri

801 1213 850 1256 et
868 1206 1030 1257 direxi
1046 1204 1168 1273 (4)),
1187 1206 1240 1259 id
1258 1215 1360 1269 est,
1388 1207 1505 1259 sine
1527 1208 1721 1262 aﬂ‘eetu
1745 1210 1978 1277 quodam
2003 1212 2201 1265 carnali
2226 1213 2366 1266 viam

802 1296 1052 1349 coelestis
1097 1296 1524 1350 conversationis
1562 1297 1716 1351 facile
1756 1299 2049 1367 ingredior,
2101 1302 2169 1353 ad
2215 1302 2368 1356 desti-

801 1395 987 1438 natum
1036 1403 1366 1456 persequens,
1418 1389 1486 1441 ad
1542 1390 1778 1442 bravium
1832 1407 2087 1461 supernae
2136 1395 2365 1446 vocatio-

800 1478 879 1528 nis
905 1476 1002 1545 (5).
1032 1476 1112 1529 Ab
1140 1477 1287 1529 omni
1312 1478 1455 1531 enim
1484 1478 1680 1531 aﬂ'ectu
1714 1480 2002 1533 abalienati
2044 1482 2367 1536 audebimus

798 1566 1009 1619 dicere:
1039 1581 1147 1618 non
1172 1567 1333 1619 modo
1351 1567 1507 1635 ﬁdem
1548 1570 1768 1631 servavi,
1817 1570 1911 1623 sed
1953 1571 2116 1624 etiam
2156 1589 2365 1626 cursum

796 1658 1149 1710 consummavi
1300 1657 1487 1726 Neque
1526 1660 1673 1712 enim
1708 1661 1929 1714 credere
1954 1662 2129 1715 solum
2150 1672 2365 1731 oportet

795 1747 1029 1808 Christo,
1067 1748 1159 1800 sed
1204 1747 1367 1800 etiam
1426 1748 1535 1816 pati
1578 1764 1700 1803 cum
1748 1765 1833 1812 eo,
1890 1752 2188 1804 secundum
2229 1752 2361 1807 illud

796 1839 940 1907 quod
971 1838 1174 1891 dictum
1214 1848 1296 1892 est
1321 1857 1333 1893 :
1362 1839 1509 1893 Vobis
1533 1842 1669 1893 enim
1696 1840 1948 1893 donatum
1971 1850 2043 1894 est
2072 1860 2174 1895 non
2191 1843 2361 1897 solum
2395 1822 2435 1877 Β

795 1940 851 1981 ut
875 1931 927 1981 in
952 1929 1214 1983 Christum
1239 1930 1482 1994 credatis,
1506 1931 1596 1983 sed
1626 1940 1685 1982 ut
1717 1932 1875 1983 etiam
1918 1949 2012 2001 pro
2050 1932 2142 1985 illo
2187 1935 2363 2002 patia-

796 2020 925 2071 mini
966 2019 1063 2089 (7).
1105 2019 1237 2073 Nam
1276 2020 1453 2072 solum
1504 2020 1725 2074 credere
1763 2021 1873 2074 Deo
1914 2036 2102 2075 eorum
2145 2032 2227 2077 est
2267 2027 2360 2093 qui

795 2118 1006 2161 terrena
1035 2108 1269 2176 sapiunt,
1305 2123 1373 2162 ne
1424 2108 1601 2163 dicam
1649 2120 1704 2163 et
1752 2110 2156 2166 immundorum
2199 2116 2360 2184 spiri-

796 2205 946 2248 tuum
987 2195 1078 2264 qui
1127 2196 1353 2249 dieunt:
1394 2195 1593 2250 Scimus
1643 2209 1692 2250 te
1736 2201 1824 2268 qui
1854 2201 1946 2265 sis,
1992 2201 2071 2268 ﬁli
2119 2203 2214 2257 Dei
2260 2204 2356 2275 (8).

794 2287 1033 2355 Utraque
1057 2287 1202 2340 enim
1232 2304 1357 2356 pars
1383 2288 1600 2342 inimica
1626 2300 1711 2343 est
1734 2291 1913 2345 erucis
1945 2291 2146 2346 Christi
2169 2312 2184 2357 ;
2229 2312 2360 2365 quo—

793 2395 910 2430 rum
932 2377 1053 2445 ﬁnis
1077 2380 1335 2441 interitus,
1368 2394 1589 2448 quorum
1615 2379 1754 2432 Deus
1792 2390 1965 2433 venter
1997 2392 2068 2435 est
2107 2392 2153 2435 et
2188 2384 2359 2453 gloria

790 2469 846 2520 in
885 2468 1180 2535 confusione
1211 2469 1441 2536 ipsorum
1490 2469 1578 2537 qui
1628 2479 1834 2522 terrena
1875 2472 2088 2539 sapiunt
2119 2472 2214 2541 (9).
2267 2474 2359 2526 Vi-

791 2556 980 2620 desne,
1034 2573 1144 2610 non
1189 2566 1398 2610 tantum
1449 2560 1776 2627 apostaticas
1822 2560 2056 2615 virtutes
2112 2563 2359 2618 inimicos

790 2649 967 2703 erucis
994 2664 1133 2713 esse,
1159 2650 1252 2703 sed
1283 2658 1339 2703 et
1365 2665 1460 2703 eos
1483 2652 1575 2719 qui
1600 2660 1817 2705 terrena
1840 2655 2097 2723 sapiunt?
2119 2656 2232 2709 Pati
2259 2673 2356 2710 au-

791 2750 899 2793 tem
925 2755 1048 2792 cum
1073 2740 1290 2795 Christo
1312 2750 1367 2794 et
1394 2742 1789 2811 congloriﬁcari
1832 2746 2007 2798 solum
2036 2761 2225 2799 eorum
2248 2758 2354 2811 est,

790 2831 882 2899 qui
910 2846 1029 2884 sese
1055 2830 1442 2884 cruciﬁxerunt
1490 2832 1654 2885 rebus
1698 2833 1862 2893 huius
1902 2836 2112 2899 mundi,
2152 2839 2356 2905 quique

792 2920 1003 2973 Domini
1034 2922 1283 2990 stigmata
1318 2922 1371 2973 in
1410 2924 1634 2991 propriis
1659 2926 1956 2993 corporibus
1980 2936 2192 2994 portant
2220 2929 2352 2997 (I0).

785 3011 1014 3081 Oportet
1037 3012 1181 3065 enim
1206 3028 1321 3077 eos,
1348 3012 1441 3081 qui
1469 3022 1613 3067 recte
1634 3014 2004 3083 philos0phari
2036 3028 2256 3080 norunt,
2279 3028 2357 3071 at-

787 3117 893 3173 que
924 3103 1130 3156 animas
1159 3118 1226 3155 ex
1250 3103 1485 3156 malitiae
1528 3104 1956 3173 inquinamentis
1990 3106 2353 3169 redemerunt,

788 3203 1039 3246 accurate
1071 3192 1209 3246 scire
1244 3192 1620 3262 philosophiae
1652 3193 1836 3258 ﬁnem,
1864 3204 1923 3248 ut
1946 3196 2161 3265 cognito
2184 3206 2237 3251 et
2273 3199 2358 3251 iti-

2472 597 2625 647 γειαν
2668 583 2886 653 ταύτην,
2920 585 3033 637 ἀλλ’
3067 588 3131 639 ὲκ
3166 587 3275 639 τῶν
3319 588 3709 657 ἀντικειμένων
3742 589 4051 659 δυνάμεων,

2468 672 2831 742 δυνησόμεθα,
2880 677 3003 729 κατ’
3043 678 3223 730 αὐτῶν
3264 680 3621 742 ἀναλαϐόντες
3662 681 3760 750 τὴν
3810 681 4049 750 Χριστοῦ

2469 766 2829 829 πανοπλίαν,
2858 766 3170 837 ἀντιστῆναι
3198 770 3327 835 ταῖς
3350 770 3685 838 μεθοδείαις
3712 772 3917 835 αὐτῶν,
3947 773 4052 825 δω-

2470 854 2730 924 ρουμένου
2757 859 2888 927 ἡμῖν
2917 858 3145 929 δύναμιν
3173 859 3265 912 τοῦ
3295 862 3537 932 σωτῆρος
3570 864 3705 933 πρὸς
3733 863 3795 916 τὸ
3834 864 4050 917 πατεῖν

2469 947 2613 1014 ἡμᾶς
2643 948 2842 1001 ἐπάνω
2875 950 3066 1018 ὄφεων
3103 952 3199 1004 καὶ
3238 954 3544 1019 σκορπίων
3577 956 3672 1007 καὶ
3699 955 3798 1007 ἐπὶ
3833 954 4048 1010 πᾶσαν

2467 1035 2582 1101 τὴν
2607 1036 2861 1104 δύναμιν
2886 1040 2979 1092 τοῦ
3008 1041 3399 1111 ἀντικειμένου·
3431 1044 3517 1095 ἵνα
3546 1044 3841 1115 θαρρῶμεν
3863 1046 4047 1115 λέγειν

2466 1126 2525 1177 ὲν
2552 1128 2713 1197 σαρκὶ
2745 1130 2914 1193 ὄντες·
2946 1132 3184 1185 ἀδικίαν
3208 1136 3261 1185 εί
3288 1134 3579 1202 ἐθεώρουν
3599 1136 3669 1189 ἐν
3694 1138 3930 1205 καρδία,
3956 1139 4045 1208 μὴ

2466 1214 2875 1269 εἰσακουσὰτω
2904 1219 3122 1285 κύριος.
3163 1222 3278 1274 καί’
3318 1223 3466 1277 ἄνευ
3502 1225 3757 1292 ἀνομίας
3782 1227 4049 1297 ἔδραμον

2466 1305 2565 1357 καὶ
2594 1309 2945 1361 κατεύθιννιυ
2978 1309 3122 1362 τοῦτ’
3154 1310 3317 1377 ἔστιν,
3351 1316 3480 1369 ἄνευ
3510 1317 3710 1380 πάθους
3733 1318 3878 1382 τινὸς
3910 1336 4047 1392 σαρ-

2465 1395 2622 1447 κικοῦ
2654 1398 2752 1467 τὴν
2785 1400 2842 1450 ὲν
2868 1401 3114 1467 οὐρανοῖς
3140 1403 3412 1457 πολιτείαν
3439 1406 3635 1475 ῥᾳδίως
3667 1407 3857 1476 βαίνω,
3887 1410 4048 1465 κατὰ

2464 1486 2701 1567 σκοπὸν
2726 1487 2953 1541 διώκων
2964 1491 3058 1543 ἐπὶ
3081 1492 3147 1544 τὸ
3163 1493 3448 1560 βραϐεῖον
3468 1497 3574 1563 τῆς
3593 1498 3716 1550 ἄνω
3739 1499 4043 1567 κλήσεως.

2466 1564 2665 1636 παντὸς
2713 1575 2823 1645 γάρ
2857 1578 3060 1640 πάθους
3094 1580 3540 1650 ἀλλοτριωθέντες
3566 1564 3927 1656 τολμήσαιμεν
3955 1564 4045 1641 λέ-

2463 1680 2595 1730 γειν·
2632 1667 2692 1717 οὑ
2730 1668 2887 1734 μόνον
2915 1669 3027 1735 τὴν
3051 1673 3259 1724 πίστιν
3288 1674 3603 1742 τετήρηκα,
3638 1678 3773 1729 ἀλλά
3800 1680 3897 1731 καὶ
3931 1680 4045 1734 τὸν

2462 1754 2685 1824 δρόμον
2706 1759 3005 1813 τετέλεκα.
3022 1764 3080 1815 οὺ
3098 1764 3206 1833 γὰρ
3230 1767 3501 1819 πιστεύειν
3524 1769 3683 1837 μόνον
3700 1770 4040 1843 δεῖΧριστῷ,

2462 1843 2597 1896 άλλά
2628 1846 2721 1897 καὶ
2746 1849 3084 1919 συμπάσχειν
3108 1854 3275 1922 αὐτῷ,
3305 1856 3445 1907 κατά
3470 1856 3530 1908 τὸ
3554 1860 3861 1928 εἰρημένον’
3890 1863 4044 1930 ὑμῖν

2464 1936 2571 2006 γὰρ
2594 1937 2879 2005 ἐχαρίσθη
2908 1944 2980 1994 οὐ
2994 1945 3186 2009 μόνον
3216 1946 3281 1998 τὸ
3312 1951 3401 2011 εἰς
3422 1949 3678 2014 Χριστὸν
3704 1936 4036 2018 πιστεύειν,

2462 2028 2621 2080 ἀλλὰ
2645 2030 2742 2081 καὶ
2788 2030 2855 2083 τὸ
2894 2033 3045 2099 ὑπὲρ
3087 2035 3271 2089 αὐτοῦ
3306 2037 3585 2104 πάσχειν.
3624 2040 3686 2092 τὺ
3730 2042 3842 2111 γὰρ
3874 2044 4037 2113 μόνον

2464 2117 2741 2169 πιστεύειν
2771 2118 2876 2189 θεῷ
2898 2122 3004 2172 τῶν
3033 2123 3100 2175 τὰ
3133 2126 3349 2191 ἐπίγεια
3380 2128 3718 2196 φρονούντων
3744 2131 3915 2196 ἐστίν,
3949 2134 4039 2188 ἵνα

2464 2206 2541 2276 μὴ
2587 2208 2749 2275 λέγω,
2782 2210 2862 2263 ὅτι
2901 2212 2995 2265 καὶ
3039 2212 3145 2265 τῶν
3180 2216 3505 2286 ἀκαθάρτων
3554 2220 3879 2289 πνευμάτων
3926 2224 4039 2276 τῶν

2461 2297 2741 2365 λεγόντων·
2769 2303 3013 2370 οῖδαμέν
3032 2321 3105 2358 σε
3139 2308 3229 2372 τίς
3254 2304 3328 2372 εἴ,
3350 2310 3442 2363 υἱὲ
3471 2311 3575 2364 τοῦ
3604 2313 3761 2367 θεοῦ·
3794 2315 4039 2386 ἑκάτερα

2460 2392 2568 2461 γὰρ
2605 2393 2671 2445 τὰ
2707 2396 2846 2466 μέρη
2877 2398 3046 2469 ἐχθρά
3074 2400 3306 2470 ὑπάρχει
3346 2403 3440 2455 τοῦ
3477 2404 3711 2474 σταυροῦ
3736 2406 3830 2459 τοῦ
3862 2409 4036 2478 Χρισ-

2460 2482 2555 2535 τοῦ
2575 2500 2588 2513 ⁸
2618 2478 2705 2537 ὧν
2726 2485 2791 2537 τὸ
2808 2486 2982 2553 τέλος
2999 2488 3280 2553 ἀπώλεια,
3306 2485 3393 2545 ὧν
3416 2496 3449 2546 ὀ
3470 2496 3604 2561 θεὸς
3627 2497 3665 2561 ’ἠ
3688 2499 3905 2564 κοιλία,
3937 2500 4036 2553 καὶ

2460 2574 2499 2640 ἠ
2527 2573 2675 2637 δόξα
2709 2576 2779 2628 ὲν
2814 2575 2888 2643 τῇ
2910 2578 3172 2646 αἰσχύνῃ
3202 2580 3418 2647 αὐτῶν,
3450 2586 3503 2636 οι
3537 2585 3609 2637 τὰ
3638 2586 3868 2655 ἐπίγεια
3895 2606 4037 2656 φρο-

2458 2662 2724 2728 νοῦντες.
2753 2666 2905 2735 ὁρᾷς,
2931 2667 3011 2719 ὅτι
3033 2669 3093 2719 οὐ
3131 2670 3292 2737 μόνον
3316 2672 3371 2723 αἱ
3391 2673 3751 2727 ἀποστατικαὶ
3776 2676 4033 2745 δυνάμεις

2460 2752 2641 2822 ἐχθροὶ
2669 2753 2762 2806 τοῦ
2792 2758 3023 2827 σταυροῦ
3048 2749 3424 2829 τυγχάνουσιν,
3454 2765 3588 2817 ἀλλά
3613 2770 3708 2820 καὶ
3738 2770 3785 2820 οἱ
3814 2769 3881 2822 τὰ
3912 2771 4034 2822 ἐπί-

2458 2859 2577 2910 γεια
2606 2846 2955 2915 φρονοῦντεςς
2985 2849 3043 2902 τὸ
3073 2851 3129 2902 δὲ
3164 2854 3504 2923 συμπάσχειν
3539 2857 3757 2927 Χριστῷ
3784 2861 3878 2912 καὶ
3907 2877 4032 2911 συν-

2458 2934 2772 3000 δοξάζεσθαι
2819 2939 2978 3008 μόνον
3015 2942 3125 2994 τῶν
3171 2944 3396 3007 ἑαυτοὺς
3445 2950 3877 3017 σταυρωσάντων
3921 2952 4032 3004 τῶν

2458 3026 2549 3076 τοῦ
2586 3027 2788 3095 κόσμου
2814 3029 3002 3081 τούτου
3038 3032 3131 3083 καὶ
3160 3034 3229 3086 τὰ
3263 3032 3368 3086 τοῦ
3400 3038 3609 3101 κυρίου
3637 3040 3932 3107 ach-para
3963 3043 4032 3094 ἐν

2385 3164 2426 3220 C
2461 3116 2581 3182 τοῖς
2599 3120 2834 3186 οἰκείοις
2853 3120 3088 3190 σώμασι
3102 3124 3528 3187 βασταζόντων
3550 3130 3589 3198 ί)
3611 3131 3779 3185 ἐστίν.
3815 3131 3897 3184 δεῖ
3923 3134 4033 3203 γὰρ

2460 3208 2583 3269 τοὺς
2611 3208 2783 3277 ὀρθῶς
2814 3211 3120 3279 φιλοσοφεῖν
3148 3216 3475 3282 ἐγνωκότας,
3513 3220 3605 3270 καὶ
3630 3221 3728 3283 τάς
3754 3222 3931 3291 ψυχάς
3966 3226 4031 3277 ὲν

787 3283 935 3341 neris
979 3282 1163 3336 labore
1206 3292 1261 3336 et
1312 3298 1506 3336 cursus
1544 3284 1800 3345 termino,
1853 3299 2043 3337 omnes
2105 3281 2361 3342 deiiciant

2461 3297 2567 3348 τῶν
2596 3300 2691 3366 τῆς
2743 3302 2939 3365 κακίας
2976 3304 3265 3375 μολυσμῶν
3306 3281 3738 3379 λυτρουμένουςν,
3768 3281 4031 3384 ’ἀκριβῶς

787 3370 1098 3440 superbiam
1120 3380 1174 3424 et
1199 3371 1575 3441 gloriationem
1607 3371 1673 3424 de
1700 3372 1859 3425 bonis
1888 3375 2048 3443 206
2077 3377 2355 3444 operibus,

785 3467 947 3525 atque
972 3459 1206 3511 animam
1246 3474 1399 3511 suam
1434 3475 1540 3513 una
1563 3474 1688 3512 cum
1712 3461 1820 3513 vita
1849 3464 2147 3516 secundum
2196 3482 2357 3534 prae-

787 3556 1005 3617 ceptum
1035 3547 1352 3618 Scripturae
1379 3550 1769 3619 abnegantes(t
1786 3551 1835 3620 1)
1856 3568 2021 3605 unum
2042 3554 2355 3610 intueantur

788 3639 1136 3703 thesaurum,
1192 3656 1355 3708 quem
1405 3640 1713 3695 dilectionis
1758 3643 1813 3695 in
1861 3644 2136 3699 Christum
2195 3662 2353 3714 prae-

784 3729 953 3784 mium
979 3728 1334 3800 diligentibus
1360 3732 1644 3801 proposuit
1668 3733 1830 3797 Deus,
1877 3749 2074 3788 vocans
2113 3736 2181 3789 ad
2226 3752 2351 3791 eum

783 3834 971 3879 omnes
1003 3822 1095 3892 qui
1134 3830 1407 3875 certamen
1452 3822 1752 3891 accipiendi
1798 3822 2059 3896 [crucem]
2102 3826 2353 3881 lubenter

782 3915 1018 3968 subeunt
1041 3933 1053 3967 :
1081 3911 1282 3984 quibus
1301 3912 1499 3968 suIIicit
1521 3912 1587 3966 ad
1609 3913 1875 3967 eiusmodi
1892 3917 2201 3970 certaminis
2223 3933 2348 3971 eur-

781 4022 902 4059 sum
922 4006 1178 4061 viaticum
1204 4024 1336 4062 crux
1372 4004 1596 4071 Christi,
1642 4021 1803 4073 quam
1851 4021 1975 4059 cum
2014 4007 2349 4063 iucunditate

781 4100 1029 4169 bonaque
1062 4116 1155 4169 spe
1187 4111 1461 4169 portantes
1486 4102 1638 4170 sequi
1661 4113 1882 4154 necesse
1905 4108 1988 4151 est
2014 4098 2347 4155 Salvatorem

782 4189 972 4251 Deum,
998 4189 1168 4257 legem
1193 4198 1247 4242 et
1269 4190 1409 4242 viam
1440 4190 1582 4243 vitae
1608 4188 1871 4243 facientes
1894 4187 2039 4243 iliius
2062 4186 2345 4259 dispensa-

783 4280 1004 4333 tionem.
1037 4280 1188 4333 Sicut
1219 4280 1354 4333 dixit
1393 4281 1506 4349 ipse
1531 4280 1856 4349 Apostolus:
1902 4282 2193 4335 imitatores
2240 4282 2341 4335 mei

779 4377 957 4430 estote,
988 4368 1119 4420 sicut
1138 4376 1184 4419 et
1205 4384 1294 4437 ego
1316 4366 1505 4421 Christi
1523 4368 1661 4437 (ιε),
1687 4377 1740 4421 et
1761 4382 1951 4421 rursus
1976 4386 1987 4419 :
2019 4385 2110 4438 per
2139 4371 2343 4439 patien-

780 4457 911 4508 tiam
946 4464 1201 4508 currimus
1228 4459 1295 4508 ad
1325 4458 1644 4526 propositum
1680 4456 1820 4509 nobis
1842 4465 2124 4521 certamen,
2157 4459 2336 4527 adspi-

778 4544 967 4595 cientes
996 4544 1049 4595 in
1081 4554 1341 4597 auctorem
1369 4546 1493 4611 [idei
1535 4555 1582 4597 et
1622 4554 2093 4599 consummatorem
2136 4547 2335 4613 Iesum,

779 4634 866 4701 qui
900 4635 1158 4701 proposito
1180 4635 1275 4687 sibi
1305 4636 1494 4704 gaudio
1524 4638 1769 4689 sustinuit
1798 4653 2021 4700 crucem,
2046 4639 2346 4707 confusione

778 4731 1090 4792 contempta,
1122 4734 1276 4792 atque
1296 4726 1350 4777 in
1376 4726 1587 4779 dextera
1614 4727 1748 4779 sedis
1782 4726 1874 4780 Dei
1894 4729 2031 4782 sedet
2050 4731 2180 4800 (15).
2209 4732 2342 4785 Nam

781 4815 1131 4867 metuendum
1159 4824 1261 4877 est,
1289 4831 1357 4869 ne
1376 4816 1536 4870 donis
1565 4832 1594 4870 a
1626 4816 1832 4885 Spiritu
1856 4821 2093 4888 acceptis
2117 4822 2264 4885 elati,
2289 4831 2346 4876 et

782 4911 925 4956 recte
949 4903 1195 4957 faciendo
1219 4904 1425 4973 aliquid
1457 4922 1553 4960 aer
1579 4907 1836 4961 virtutem
1870 4910 2209 4964 occasionem
2251 4928 2342 4966 ar—

2456 3388 2655 3441 είδέναι
2675 3390 2764 3443 τὸν
2786 3394 2883 3462 τῆς
2901 3395 3215 3463 φιλοσοφίας
3240 3402 3457 3465 σκοπόν,
3484 3404 3630 3467 ὅπως
3650 3406 4033 3475 μεμαθηκότες

2457 3479 2553 3547 τῆς
2580 3497 2640 3533 τε
2672 3485 2896 3552 πορείας
2925 3487 3015 3540 τὸν
3052 3488 3232 3551 πόνον,
3268 3492 3361 3543 καὶ
3400 3494 3492 3547 τοῦ
3522 3495 3723 3565 δρόμου
3764 3499 3823 3551 τὸ
3855 3501 4032 3570 πέρας

2459 3571 2655 3639 ρίψωσι
2688 3576 2786 3642 μὲν
2811 3578 3008 3640 πάντες
3033 3579 3132 3649 τὴν
3153 3576 3458 3645 αὐθάδειαν,
3486 3588 3579 3639 καὶ
3608 3588 3667 3640 τὸ
3688 3594 3903 3659 φρονεῖν
3933 3592 4032 3646 ἐπὶ

2454 3664 2565 3725 τοῖς
2608 3666 3023 3737 κατορθώμασι,
3068 3673 3167 3741 τήν
3208 3690 3273 3725 τε
3294 3675 3503 3728 ἑαυτῶν
3544 3678 3720 3748 ψυχὴν
3766 3684 3903 3751 μετά
3932 3684 4031 3739 τοῦ

2456 3751 2572 3820 βίου
2606 3756 2748 3807 κατά
2784 3758 2846 3809 τὸ
2888 3759 3213 3831 πρόσταγμα
3255 3766 3352 3834 τῆς
3395 3768 3611 3835 γραφῆς
3657 3770 4030 3840 ἀρνησάμενοι

2454 3844 2590 3912 πρὸς
2637 3845 2730 3899 ἕνα
2779 3847 3014 3915 βλέπωσι
3035 3853 3077 3923 ¹)
3123 3854 3367 3919 πλοῦτον,
3414 3858 3472 3909 όν
3521 3859 3623 3926 τῆς
3671 3863 3749 3921 εἰς
3791 3863 4030 3932 Χριστὸν

2451 3934 2670 4006 ἀγάπης
2711 3932 2871 3991 ἆθλον
2900 3942 3014 4003 τοῖς
3052 3944 3335 4010 ἀγαπῶσιν
3375 3946 3569 4016 ἔθηκεν
3605 3952 3633 4002 ό
3662 3951 3801 4015 θεός,
3845 3953 4031 4005 καλῶν

2450 4027 2530 4088 εἰς
2560 4027 2721 4081 αὐτὸν
2752 4030 2957 4093 πάντας
2988 4035 3111 4095 τοὺς
3135 4035 3226 4086 τὸν
3267 4037 3453 4103 ἀγῶνα
3474 4038 3568 4091 τοῦ
3598 4040 3782 4094 λαϐεῖν
3812 4046 4026 4113 προθύ-

2452 4131 2569 4183 μως
2598 4116 3014 4187 ὑφισταμένους·
3047 4116 3126 4185 οἷς
3143 4124 3363 4194 ἐξαρκεῖ
3383 4128 3519 4196 πρὸς
3544 4130 3642 4198 τὴν
3665 4130 3759 4182 τοῦ
3780 4133 4027 4186 τοιούτου

2448 4206 2668 4273 πορείαν
2690 4206 2938 4276 ἐφόδιονό
2972 4214 3204 4283 σταυρὸς
3246 4217 3340 4268 τοῦ
3391 4219 3649 4285 Χριστοῦ.
3689 4222 3747 4275 ὃν
3778 4222 3861 4275 δεῖ
3903 4208 4029 4293 μετ⁹

2447 4296 2784 4367 εὐφροσύνης
2814 4301 2905 4351 καὶ
2933 4302 3140 4374 ἀγαθῆς
3167 4306 3380 4368 ἐλπίδος
3405 4308 3767 4374 βαστάζοντας
3791 4314 4025 4367 ἀκολου-

2449 4386 2561 4439 θεῖν
2590 4386 2667 4457 τῷ
2698 4391 2902 4459 σωτῆρι
2938 4391 3073 4461 θεῷ,
3106 4397 3267 4464 νόμον
3319 4401 3411 4452 καὶ
3456 4401 3572 4453 ὁδὸν
3611 4402 3704 4454 τοῦ
3752 4402 3865 4473 βίου
3918 4406 4025 4475 τὴν

2368 4494 2419 4552 D
2449 4478 2654 4530 ἐκείνου
2684 4480 2991 4548 ποιούμενοι
3018 4486 3327 4555 οἰκονομίαν
3355 4501 3370 4516 ⁸
3394 4487 3573 4554 καθὼς
3607 4490 3759 4545 εἶπεν
3801 4497 3966 4558 αὐτὸς
3992 4500 4025 4551 δ

2448 4567 2762 4631 ἀπόστολος·
2782 4574 3035 4637 μιμηταί
3051 4593 3170 4641 μου
3188 4579 3445 4645 γίνεσθε,
3470 4584 3661 4649 καθὼς
3692 4586 3853 4654 κάγὼ
3884 4590 4024 4654 Χρι-

2450 4655 2619 4709 στοῦ.
2654 4658 2746 4709 καὶ
2777 4660 2955 4714 πάλιν·
2980 4662 3054 4714 δι’
3092 4666 3401 4734 ὑπομονῆς
3427 4673 3713 4741 τρέχομεν
3741 4676 3846 4728 τὸν
3876 4694 4025 4745 προσ

2451 4742 2727 4809 κείμενον
2776 4746 2920 4813 ἡμῖν
2968 4747 3187 4817 ἀγῶνα,
3229 4753 3568 4822 ἀφορῶντες
3619 4762 3706 4824 εἰς
3750 4763 3857 4814 τὸν
3909 4742 4023 4830 τῆς

2455 4830 2714 4917 πίστεως
2744 4834 3009 4904 ἀρχηγὸν
3034 4839 3130 4891 καὶ
3161 4844 3477 4912 τελειωτὴν
3518 4850 3777 4916 Ἰησοῦν,
3800 4853 3868 4917 ὃς
3885 4854 4023 4907 ἀντι

2451 4916 2558 4986 τῆς
2587 4924 2980 4993 προκειμένης
3016 4928 3175 4994 αὺτῷ
3206 4933 3394 5001 χαρᾶς
3423 4936 3695 5007 ὑπέμεινε
3726 4946 4019 5012 σταυρόν,

2059 5066 2313 5120 VARIAE
2350 5068 2747 5133 LECTIONES.

873 5156 913 5224 ¹)
944 5153 1074 5208 Cod.
1099 5154 1534 5221 βασταζόντων,
1562 5159 1653 5213 sed
1679 5159 1799 5214 ead.
1832 5176 1903 5215 m.
1930 5177 2072 5215 corr.
2092 5163 2550 5226 βασταξάντων.
2578 5202 2646 5212 ——
2678 5176 2698 5204 '
2722 5175 2973 5241 Emend,
3003 5180 3125 5234 cod.
3160 5180 3432 5250 βλέπουσι.

2285 5258 2533 5316 NOTAE.

880 5339 927 5408 ι)
962 5339 1098 5408 Eph.
1134 5342 1221 5403 Vl,
1254 5343 1337 5394 ιι.
1370 5344 1455 5395 ιδ.

873 5409 925 5471 2)
966 5409 1096 5461 Luc.
1127 5410 1193 5471 Χ,
1227 5412 1309 5464 I9.

875 5478 927 5543 5)
963 5480 1158 5531 Psalm.
1192 5481 1347 5543 LXV,
1386 5482 1467 5535 18.

875 5482 927 5613 5;
963 5482 1158 5531 Psalm.
1192 5482 1347 5543 LXV,
1386 5482 1449 5535 18

874 5550 905 5599 4
960 5548 1154 5601 Psalm.
1193 5550 1369 5615 LVIII,
1402 5554 1453 5605 5.

874 5617 927 5679 5)
965 5616 1103 5670 Phil.
1136 5620 1222 5679 III.
1259 5620 1343 5673 14.

872 5686 923 5747 ti)
960 5686 1001 5739 II
1032 5688 1167 5741 'I'iln.
1202 5690 1285 5747 IV.
1319 5692 1367 5742 7.

851 5757 925 5825 (7)
960 5757 1097 5809 vnn.
1127 5759 1163 5821 ι,
1198 5760 1282 5811 9.9.

2530 5357 2605 5496 (8)
2647 5359 2777 5415 Luc.
2813 5364 2899 5428 Iv,
2928 5367 3013 5421 δι.

2530 5430 2577 5496 [ιι
2644 5430 2779 5485 Phil.
2810 5434 2897 5496 ιιι,
2931 5438 3013 5489 ις).

2546 5430 2599 5496 9)
2644 5430 2779 5485 Phil.
2810 5434 2897 5499 ιιι,
2931 5438 3013 5489 ις).

2523 5430 2599 5565 (9)
2644 5430 2779 5485 Phil.
2810 5434 2897 5499 ιιι,
2931 5438 3013 5489 ις).

2550 5499 2630 5569 to)
2667 5500 2747 5554 er.
2784 5502 2899 5557 Gal.
2942 5507 3141 5569 V1.17.

2528 5568 2637 5703 (In)
2672 5570 2831 5624 Μιιιιι.
2864 5568 3105 5635 κῆρι
3133 5596 3212 5649 sq.
3247 5581 3378 5637 Luc.
3402 5584 3490 5644 lx.
3524 5586 3611 5642 et.

2528 5638 2611 5703 (l2
2668 5640 2832 5694 ICor.
2861 5645 2943 5703 IV.
2978 5648 3060 5700 16.

2523 5638 2632 5707 (ΓΞ)
2668 5640 2832 5694 ICor.
2861 5645 2943 5707 IV,
2978 5648 3060 5700 16.

2524 5706 2634 5775 (l5)
2675 5710 2834 5764 llebr.
2880 5714 2991 5779 xu,
3033 5717 3080 5768 ι.
3110 5718 3163 5771 2.
