4266 6356
271 335 372 393 lii

1737 335 2132 392 EPISTOLAE.

3392 336 3498 393 422

271 450 572 517 αἰσχύνης
601 450 1087 520 καταφρονήσας,
1126 452 1196 506 ἐν
1223 450 1389 519 δεξιᾷ
1408 468 1470 507 τε
1498 453 1604 507 τοῦ
1629 455 1843 522 θρόνου
1872 460 1913 512 Α
1944 470 1956 507 ι

1809 472 1843 506 υ
1872 460 1913 512 Α
1944 454 2201 524 ripientes
2220 450 2571 522 superbiendi
2598 458 2654 506 et
2677 448 2966 523 gloriandi,
2996 450 3308 521 priusquam
3333 450 3389 505 in
3430 451 3494 505 ti-

270 543 377 596 εοῦ
407 541 545 596 θεοῦ
575 541 849 596 κεκάθικε
870 542 933 610 ί).
965 542 1081 606 δέος
1111 542 1240 614 γάρ,
1276 545 1351 614 μὴ
1398 547 1508 609 τοῖς
1547 546 1694 616 παρᾶ
1740 545 1835 597 τοῦ

268 632 580 701 πνεύματος
596 633 911 703 δωρήμασιν
927 634 1297 704 ἐπαιρόμενοι,
1313 637 1480 689 καὶτὸ
1495 635 1836 705 κατορθῶσαί

266 740 318 775 τι
340 723 406 776 δι’
432 723 632 794 ἀρετὴν
657 726 911 795 ἀφορμὴν
932 724 1186 787 λαϐόντες
1206 727 1283 789 είς
1304 726 1363 779 τὸ
1387 729 1605 797 φρονεῖν
1631 728 1724 780 καὶ
1750 744 1836 780 σε·

270 816 562 885 μνύνεσθαι
588 857 602 881 ,
628 818 757 886 πρὶν
794 818 872 879 είς
904 816 1056 879 τέλος
1104 816 1214 869 τῶν
1239 816 1606 887 ἐλπιζομένων
1639 818 1831 882 ἐλθεῖν,

265 907 589 977 ἐκπέσωμεν
617 908 661 977 ⁸)
710 908 810 977 τῆς
858 907 1056 978 ὁρμῆς,
1091 908 1307 980 ἀχρεῖον
1350 910 1562 971 ἑαυτοῖς
1606 911 1701 963 καὶ
1743 909 1833 962 τὸν

264 997 603 1067 προλαϐόντα
631 999 791 1051 πόνον
833 1002 899 1069 τῇ
947 999 1201 1072 αὐθαδείᾳ
1236 1002 1576 1071 ποιήσαντες,
1619 1003 1710 1055 καὶ
1739 1002 1833 1055 ἀν-

263 1092 403 1155 άξιοι
426 1092 685 1161 φανέντες
706 1094 800 1163 τῆς
814 1092 1164 1162 τελειότητος,
1183 1096 1262 1155 είς
1277 1094 1344 1163 ἣν
1367 1096 1398 1164 ἡ
1416 1093 1505 1147 τοῦ
1528 1094 1833 1165 πνεύματος

262 1184 511 1237 εἵλκυσεν
541 1185 687 1253 ἡμᾶς
715 1186 892 1254 χάρις.
929 1185 1011 1236 δεῖ
1036 1181 1127 1238 οὖν
1160 1184 1407 1255 μηδαμοῦ
1433 1187 1522 1239 τὸν
1549 1187 1643 1239 τοῦ
1672 1188 1830 1241 πόνου

261 1274 414 1325 τόνον
460 1272 692 1337 ἐκλύειν,
749 1275 882 1344 μηδὲ
928 1276 1243 1340 ἐξίστασθαι
1290 1276 1399 1329 τῶν
1458 1278 1830 1348 προκειμένων

261 1364 509 1433 ἀγώνων,
546 1365 679 1435 μηδέ
710 1368 821 1428 τοῖς
849 1367 1097 1430 κατόπιν,
1131 1367 1185 1418 εἰ
1207 1384 1257 1419 τι
1288 1368 1619 1439 πέπρακται,
1668 1386 1831 1423 σπου-

258 1456 405 1507 δαῖον
437 1456 702 1525 κατέχειν,
737 1455 850 1507 ἀλλ’
888 1456 1112 1508 ἐκείνων
1156 1456 1253 1525 μέν
1300 1456 1469 1529 λήθην
1511 1458 1827 1527 λαμϐάνειν,

259 1546 353 1596 ἐπὶ
380 1545 439 1597 δέ
464 1544 581 1597 τῶν
616 1545 955 1612 ἔμπροσθεν
973 1546 1112 1598 κατά
1131 1548 1222 1599 τὸν
1251 1549 1543 1601 ἀπόστολον
1572 1549 1831 1602 ἐπεκτεί-

257 1640 489 1700 νεσθαι,
527 1637 621 1689 καὶ
654 1638 955 1707 συντρίϐειν
985 1640 1105 1699 ταῖς
1130 1636 1237 1690 τῶν
1257 1639 1435 1691 πόνων
1460 1639 1705 1709 φροντίσι
1729 1641 1828 1711 τὴν

257 1726 519 1793 καρδίαν,
564 1725 858 1795 ἀκόρεστον
914 1725 1136 1795 ἔχοντας
1190 1724 1287 1796 τὴν
1343 1727 1442 1795 τῆς
1484 1725 1825 1791 δικαιοσύνης

1937 564 2061 602 nem
2099 559 2284 601 rerum
2328 553 2665 616 speratarum
2707 544 3137 615 pervenerimus,
3184 543 3497 598 excidamus

1937 639 2137 701 studio,
2154 636 2409 691 inutilem
2433 637 2594 691 nobis
2617 638 2779 692 etiam
2812 644 3121 705 susceptum
3144 635 3384 689 laborem
3401 650 3496 688 su-

1935 730 2121 799 perbia
2170 729 2451 793 facientes,
2503 736 2668 796 atque
2715 726 2920 797 indigni
2962 734 3279 796 apparentes
3315 726 3497 796 perfe-

1934 818 2136 881 ctione,
2167 817 2221 870 in
2252 832 2412 886 quam
2454 816 2688 887 Spiritus
2715 817 2876 870 traxit
2901 830 3002 870 nos
3042 815 3231 885 gratia.
3270 814 3497 885 Oportet

1933 910 2099 980 igitur
2121 925 2389 979 nusquam
2414 909 2615 963 laboris
2631 909 3035 963 contentionem
3053 906 3297 972 dissolvi,
3318 920 3495 977 neque

1931 1017 2031 1056 nos
2053 1001 2333 1055 discedere
2358 1000 2713 1071 appropositis
2751 1000 3162 1063 certaminibus,
3204 1015 3381 1068 neque
3428 1000 3496 1053 iis

1931 1108 2069 1163 quae
2095 1102 2241 1146 retro
2283 1101 2430 1157 sunt,
2480 1092 2525 1145 si
2563 1091 2701 1161 quid
2748 1099 2929 1145 actum
2984 1091 3075 1155 sit,
3118 1090 3356 1156 studere,
3396 1092 3493 1145 sed

1892 1170 2120 1240 ‘eorum
2166 1186 2496 1240 oblivionem
2539 1200 2753 1254 capere,
2786 1183 2854 1237 ad
2913 1200 2975 1236 ea
3028 1198 3149 1258 vero
3190 1199 3326 1252 quae
3371 1193 3494 1235 sum

1930 1278 2107 1347 priora
2136 1277 2433 1331 secundum
2460 1276 2777 1345 Apostolum
2801 1275 3073 1327 extendere
3113 1289 3205 1326 nos
3228 1275 3366 1343 ipsos
3392 1272 3489 1343 (1),

1929 1369 2284 1437 laborumque
2320 1369 2467 1422 curis
2497 1383 2589 1422 cor
2621 1376 2926 1429 conterere,
2962 1366 3222 1419 habentes
3268 1365 3490 1419 insatia-

1928 1461 2091 1515 bilem
2134 1461 2371 1514 iustitiae
2424 1459 2798 1527 cupiditatem,
2860 1471 3021 1525 quam
3065 1455 3236 1509 solam
3278 1456 3491 1510 esurire

1928 1550 2187 1619 sitireque
2221 1550 2424 1604 debent
2464 1549 2522 1611 ii,
2575 1548 2668 1615 qui
2715 1546 2783 1599 ad
2824 1545 3211 1615 perfectionem
3272 1546 3492 1600 student

1925 1635 2253 1705 pertingere.
2286 1634 2530 1688 Humiles
2558 1648 2660 1687 nos
2682 1642 2739 1687 et
2760 1633 3139 1687 timidissimos
3166 1632 3283 1687 ﬁeri
3329 1648 3491 1703 Opor-

1927 1734 2024 1790 tet,
2060 1735 2247 1795 utpote
2281 1726 2375 1795 qui
2408 1725 2597 1795 procul
2633 1726 2805 1779 simus
2835 1740 2864 1777 a
2892 1724 3177 1792 promissis
3222 1725 3489 1794 longeque

257 1815 579 1886 ἐπιθυμίαν,
616 1812 684 1885 ἧς
723 1817 889 1886 μόνης
928 1818 1032 1888 χρὴ
1064 1819 1252 1887 πεινῇν
1280 1817 1374 1869 καὶ
1406 1815 1563 1887 διψῇν
1591 1816 1717 1879 τοὺς
1742 1819 1821 1879 είς
1854 1817 1893 1872 Β
1922 1832 1942 1868 r

1802 1833 1821 1879 ;
1854 1817 1893 1872 Β
1922 1817 2114 1869 remoti
2148 1830 2179 1868 a
2212 1814 2453 1884 perfecta
2489 1813 2693 1868 Christi
2735 1813 3047 1867 dilectione.
3100 1812 3236 1867 Nam
3278 1813 3345 1879 is,
3394 1814 3487 1884 qui

255 1907 317 1959 τὸ
339 1907 545 1959 τέλειον
570 1906 771 1975 φθάσαι
796 1907 1113 1977 ζητοῦντας.
1142 1906 1428 1969 ταπεινοὺς
1454 1906 1534 1959 δεῖ
1559 1906 1654 1959 καὶ
1676 1923 1827 1977 περι-

259 1997 401 2060 δεεῖς
440 1997 750 2068 γινομένους
782 1998 857 2060 ὡς
897 1998 1082 2068 πόρρω
1112 2014 1214 2051 που
1264 1996 1372 2050 τῶν
1405 1997 1824 2067 ἐπηγγελμένων

252 2090 624 2160 τυγχάνοντας
661 2090 757 2143 καὶ
795 2090 893 2160 τῆς
935 2089 1144 2153 τελείας
1189 2088 1280 2142 τοῦ
1328 2088 1563 2160 Χριστοῦ
1608 2088 1822 2159 μακράν

252 2182 673 2254 ἀπῳκισμένους
714 2182 955 2252 ἀγάπης.
981 2183 1009 2235 ὁ
1038 2184 1145 2254 γάρ
1172 2181 1385 2253 ἐκείνης
1404 2182 1560 2255 ἐρῶν,
1580 2182 1673 2236 καὶ
1689 2184 1822 2254 πρὸς

252 2276 353 2346 τὴν
380 2276 494 2330 ἀνω
520 2276 728 2345 βλέπων
754 2276 1083 2345 ἐπαγγελίαν
1115 2277 1184 2346 ³),
1218 2275 1340 2330 οὔτε
1367 2276 1660 2347 νηστεύων,
1700 2276 1820 2329 οὕτε

253 2369 572 2437 ἀγρυπνῶν,
603 2367 724 2421 οὔτε
756 2368 883 2420 ἄλλο
923 2386 975 2421 τι
1000 2370 1107 2421 τῶν
1151 2368 1247 2437 τῆς
1278 2367 1478 2437 ἀρετῆς
1509 2368 1821 2432 σπουδάζων

252 2461 468 2513 ἵσταται
502 2463 614 2523 τοῖς
657 2460 980 2531 προλαϐοῦσι
1021 2459 1436 2531 κατορθώμασιν
1482 2460 1815 2530 ἐπηρμένος·

252 2548 389 2601 ἀλλά
406 2548 601 2617 μεστὸς
618 2547 692 2602 ῶν
711 2549 802 2601 τοῦ
823 2549 965 2602 θείου
991 2550 1175 2615 πόθου,
1195 2550 1289 2601 καὶ
1307 2549 1439 2619 πρὸς
1450 2549 1539 2602 τὸν
1555 2550 1817 2603 καλοῦντα

252 2640 522 2703 συντόνως
550 2640 780 2710 βλέπων,
805 2642 913 2694 πᾶν
943 2642 1062 2709 μὲν,
1093 2640 1120 2692 ὃ
1146 2656 1198 2691 τι
1219 2639 1283 2692 ἂν
1304 2638 1656 2710 ἀγωνίσηται,
1682 2640 1819 2712 πρὸς

248 2729 313 2782 τὸ
337 2733 519 2799 τυχεῖν
552 2731 757 2783 ἐκείνου
785 2731 977 2801 μικρὸν
1006 2732 1220 2799 ἡγεῖται
1251 2732 1341 2783 καὶ
1368 2730 1478 2783 τῶν
1503 2731 1700 2784 ἀθλων.
1733 2750 1819 2800 φι-

248 2820 482 2874 λονεικεῖ
498 2821 553 2874 δέ
579 2822 738 2892 μέχρι
762 2823 861 2891 τῆς
880 2821 975 2874 τοῦ
1001 2821 1113 2890 βίου
1132 2820 1322 2874 τούτου
1341 2822 1617 2890 τελευτῆς,
1640 2822 1819 2884 πόνοις

247 2912 470 2976 πόνους,
504 2914 597 2966 καὶ
628 2912 829 2984 ἀρετάς
859 2914 1079 2983 ἀρεταῖς
1102 2913 1407 2977 συνάπτων,
1445 2912 1634 2984 μέχρις
1656 2912 1721 2965 ἂν
1741 2913 1819 2965 τί-

251 3019 377 3071 μιον
402 3003 593 3057 ἐαυτὸν
624 3003 701 3072 τῷ
732 3003 838 3073 θεῷ
888 3006 1201 3075 καταστήσῃ
1232 3002 1321 3056 διά
1349 3004 1459 3055 τῶν
1490 3004 1688 3072 ἔργων,
1717 3004 1816 3055 οὐκ

246 3090 389 3161 ἔχων
428 3092 486 3143 ἐν
512 3090 589 3161 τῷ
620 3092 876 3144 συνειδότι
916 3091 977 3144 τὸ
1019 3093 1259 3161 νομίζειν
1309 3090 1456 3157 ἀξιον
1494 3092 1680 3145 ἐαυτὸν
1719 3108 1816 3144 πε-

245 3183 533 3252 ποιηκέναι
563 3182 691 3253 θεῷ.
726 3182 883 3235 τοῦτο
924 3184 1032 3254 γάρ
1064 3184 1180 3236 ἐστι
1208 3182 1533 3253 κατόρθωμα
1563 3184 1813 3251 μέγιστον

246 3273 589 3342 φιλοσοφίας,
626 3273 688 3326 τὸ
724 3274 895 3343 μέγαν
920 3274 1047 3325 ϐντα
1073 3275 1184 3335 τοῖς
1220 3272 1399 3342 ἔργοις
1430 3272 1811 3325 συστέλλεσθαι

241 3369 311 3435 τῇ
348 3364 544 3434 καρδίᾳ
572 3364 665 3415 καὶ
712 3360 1137 3429 καταγινώσκειν
1182 3362 1275 3413 τοῦ
1312 3361 1459 3430 βίου,
1510 3363 1657 3415 κάτω
1709 3380 1811 3415 που

246 3457 481 3525 ῥίψαντα
512 3454 555 3522 ⁸)
584 3454 661 3523 τῷ
700 3454 835 3524 πρὸς
863 3454 953 3505 τὸν
988 3454 1106 3505 θεὸν
1132 3452 1280 3523 φόϐῳ
1311 3455 1409 3521 τὴν
1436 3453 1629 3523 οἴησιν,
1666 3456 1812 3516 ὅπως

243 3547 531 3619 ἀπολαύσῃ
579 3548 677 3615 τῆς
727 3545 1074 3614 ἐπαγγελίας,
1128 3544 1304 3609 καθὼς
1349 3546 1412 3599 ἂν
1431 3547 1475 3616 ⁸)
1521 3546 1814 3609 πιστεύσας

243 3642 461 3711 ἠράσθη
494 3640 716 3708 ταύτης,
742 3639 801 3691 οὐ
828 3637 1009 3700 καθὼς
1053 3637 1118 3690 ἂν
1138 3638 1180 3704 ‘)
1220 3638 1447 3699 πονέσας·
1496 3637 1808 3707 εἰργάσατο·

248 3732 500 3801 μεγάλων
542 3730 648 3801 γάρ
701 3730 869 3782 όντων
891 3728 997 3782 τῶν
1042 3728 1259 3797 δωρεῶν
1306 3728 1406 3780 οὐκ
1451 3726 1566 3780 ἐστι
1616 3729 1809 3792 πόνους

1926 1905 2071 1958 illam
2117 1904 2375 1958 ardenter
2421 1903 2696 1957 desiderat
2743 1911 2799 1956 et
2836 1902 2903 1955 ad
2948 1916 3238 1970 supernam
3281 1912 3489 1971 spectat

1924 1996 2361 2065 promissionem,
2413 2009 2516 2049 nec
2559 1994 2828 2057 ieiunans,
2875 2007 2976 2047 nec
3024 1993 3273 2062 vigilans,
3310 2008 3487 2063 neque

1923 2086 2017 2140 alii
2061 2087 2317 2155 cuiquam
2353 2086 2575 2139 virtutis
2612 2085 2907 2139 excercitio
2938 2100 3134 2139 vacans
3166 2094 3273 2139 stat
3312 2087 3488 2140 elatus

1921 2178 1991 2233 ad
2047 2178 2188 2232 bona
2237 2192 2421 2247 opera,
2469 2190 2607 2245 quae
2649 2175 2775 2230 talia
2822 2176 3140 2246 anticipant,
3186 2177 3279 2231 sed
3326 2178 3485 2248 207

1921 2270 2117 2339 plenus
2156 2269 2342 2323 divino
2375 2269 2668 2335 desiderio,
2722 2276 2779 2323 et
2826 2268 2893 2322 ad
2946 2278 3230 2322 vocantem
3279 2269 3487 2325 intente

1920 2372 2191 2431 spectans,
2222 2364 2307 2417 vel
2337 2378 2499 2417 omne
2526 2370 2826 2425 certamen,
2854 2362 3218 2431 quodcunque
3239 2374 3484 2420 certave-

1921 2455 2010 2519 rit,
2041 2456 2108 2509 ad
2140 2455 2274 2509 illud
2291 2456 2732 2525 consequendum
2772 2470 3000 2525 parvum
3037 2456 3305 2510 aestimat.
3352 2457 3484 2511 Eni-

1921 2547 2055 2599 titur
2079 2556 2261 2599 autem
2298 2547 2365 2599 ad
2400 2545 2562 2600 finem
2592 2562 2766 2615 usque
2800 2546 2965 2600 huius
3004 2546 3169 2611 vitae,
3202 2547 3485 2603 laboribus

1919 2637 2137 2692 labores
2164 2647 2219 2692 et
2254 2638 2484 2692 virtutes
2505 2638 2801 2692 virtutibus
2827 2638 3123 2709 iungendo,
3161 2638 3337 2694 donec
3363 2656 3481 2710 pre-

1920 2728 2117 2781 tiosum
2157 2742 2215 2781 se
2246 2727 2358 2781 Deo
2387 2736 2629 2797 praestet
2654 2736 2880 2796 propter
2907 2742 3095 2799 opera,
3122 2743 3225 2783 nec
3252 2728 3306 2782 in
3348 2744 3483 2783 con-

1919 2822 2145 2875 scientia
2183 2837 2280 2875 sua
2312 2822 2560 2887 credens,
2593 2822 2817 2891 dignum
2865 2822 3040 2893 ipsum
3079 2837 3136 2876 se
3183 2821 3483 2876 reddidisse

1917 2913 2047 2967 Deo.
2091 2912 2203 2966 Hoc
2234 2913 2379 2967 enim
2430 2921 2515 2967 est
2560 2927 2701 2982 Opus
2740 2913 3036 2967 maximum
3083 2912 3480 2984 philosOphiae,

1916 3020 2171 3075 magnum
2196 3004 2252 3058 in
2282 3004 2545 3075 Operibus
2568 3004 2847 3058 humiliari
2876 3005 3061 3069 corde,
3089 3013 3146 3059 et
3181 3005 3479 3075 reprehen-

1918 3095 2046 3150 dere
2089 3095 2278 3159 vitam,
2320 3091 2630 3166 abjiciendo
2664 3096 2860 3152 timore
2905 3094 3002 3151 Dei
3045 3096 3382 3166 opinionem,
3421 3106 3479 3151 ut

1916 3191 2187 3261 particeps
2214 3190 2305 3245 fiat
2330 3190 2787 3261 repromissionis,
2817 3192 2972 3262 quasi
3017 3191 3292 3247 credendo
3340 3190 3479 3244 hanc

1919 3280 2267 3347 appetiverit,
2302 3296 2414 3334 non
2435 3282 2587 3349 quasi
2615 3280 2891 3350 operando
2928 3294 3046 3334 eam
3092 3281 3335 3334 lucratus
3382 3279 3475 3333 sit.

1917 3370 2181 3435 Quoniam
2205 3370 2351 3424 enim
2370 3387 2562 3442 magna
2601 3380 2728 3425 sunt
2753 3371 2914 3434 dona,
2940 3370 3156 3424 labores
3196 3370 3343 3439 digni
3393 3370 3476 3424 in-

1915 3461 2089 3513 veniri
2125 3476 2233 3513 non
2273 3471 2541 3529 possunt;
2578 3476 2770 3530 magna
2803 3470 2984 3514 autem
3014 3460 3118 3514 ﬁde
3144 3470 3199 3514 et
3222 3476 3317 3529 spe
3341 3475 3476 3529 opus

1913 3558 2017 3612 est,
2059 3558 2121 3602 ut
2172 3550 2277 3613 bis,
2314 3565 2423 3603 non
2484 3550 2785 3613 laboribus,
2837 3556 3294 3617 compensentur:
3351 3547 3473 3604 fidei

1914 3650 2096 3694 autem
2131 3640 2433 3694 substantia
2472 3649 2556 3695 est
2576 3640 2802 3711 spiritus
2825 3649 3117 3712 paupertas
3141 3650 3198 3695 et
3228 3641 3474 3698 infinitus

1912 3746 2037 3800 erga
2066 3731 2236 3785 Deum
2266 3746 2435 3785 amor.

243 3828 430 3892 ἀξίους
459 3828 657 3895 εὐρεῖνο
697 3824 935 3895 μεγάλης
965 3824 1021 3875 δὲ
1057 3823 1138 3875 δεῖ
1180 3822 1412 3885 πίστεως
1443 3822 1536 3877 καὶ
1563 3823 1801 3888 ἐλπίδος,
1843 3825 1923 3887 είς
1943 3826 2002 3877 τὸ
2022 3826 2241 3888 ταύταις
2265 3826 2618 3896 μετρηθῆναι,
2655 3825 2730 3898 μὴ
2756 3829 2865 3890 τοῖς
2926 3828 3127 3894 πόνοις,
3189 3830 3289 3901 τὴν
3314 3830 3464 3900 ἀμοι-

244 3919 368 3989 ϐήν·
400 3920 633 3977 πίστεως
675 3916 731 3968 δέ
773 3915 1068 3975 ὑπόστασις
1096 3914 1401 3984 πνεύματος
1434 3913 1674 3984 πτωχεία
1705 3914 1797 3965 καὶ
1834 3916 1867 3985 ἡ
1894 3916 2029 3986 πρὸς
2055 3917 2175 3997 θεὸν
2203 3917 2436 3987 ἄμετρος
2466 3916 2676 3987 ἀγάπη.

315 4011 398 4065 Τά
430 4014 525 4082 μὲν
548 4012 610 4081 δὴ
644 4012 783 4065 κατά
813 4012 910 4083 τὴν
941 4012 1127 4066 ἐλπίδα
1152 4010 1244 4063 τοῦ
1275 4008 1477 4061 σκοποῦ
1517 4011 1629 4071 τοῖς
1658 4008 1806 4078 φιλο-
1978 4009 2000 4063 1

1784 4037 1806 4048 -
1978 4009 2047 4065 Et
2087 4010 2221 4064 haec
2267 4010 2509 4078 quidem,
2542 4028 2681 4081 quae
2721 4013 2787 4068 ad
2842 4029 2991 4083 spem
3031 4017 3311 4085 pertinent
3348 4017 3469 4073 ﬁnis

245 4103 425 4168 σόφως
474 4101 572 4170 ζῇν
602 4102 894 4172 ᾑρημένοις
931 4102 1129 4164 ἱκανῶς
1183 4098 1431 4170 είρῆσθαι
1476 4098 1698 4167 νομίζω.
1726 4098 1808 4151 δεῖ
1909 4099 1924 4153 ἱ

1781 4098 1808 4148 ηῖ
1909 4099 1995 4162 iis,
2034 4100 2126 4169 qui
2162 4101 2535 4169 philosophice
2579 4104 2761 4159 vivere
2805 4106 3107 4175 elegerunt,
3150 4109 3281 4163 satis
3325 4108 3466 4163 dicta

240 4191 300 4243 δὲ
322 4189 507 4242 λοιπὸν
536 4190 842 4258 προσθεῖναι
884 4193 995 4251 τοῖς
1024 4190 1345 4259 εἰρημένοις,
1386 4189 1532 4250 ὅπως
1565 4188 1661 4259 μὲν
1700 4186 1805 4257 χρὴ
1908 4204 1925 4242 ε

1780 4186 1805 4256 ὴ
1908 4204 2025 4243 esse
2050 4205 2264 4244 censeo.
2293 4189 2519 4259 Oportet
2548 4192 2711 4263 igitur
2736 4205 2918 4250 cetera
2946 4213 3047 4252 nos
3076 4198 3299 4262 addere,
3336 4216 3465 4269 quo-

243 4281 480 4331 συνεῖναι
505 4281 617 4339 τοῖς
642 4277 899 4340 τοιούτοις
942 4277 1187 4347 ἀλλήλοις
1206 4318 1219 4339 ,
1249 4277 1466 4338 ὁποίους
1499 4276 1555 4328 δὲ
1584 4278 1804 4346 ἀγαπᾷν
1838 4324 1877 4377 D
1910 4296 1928 4332 ῐ

1781 4292 1804 4327 ν
1838 4324 1877 4377 D
1910 4280 2069 4333 modo
2096 4280 2227 4334 tales
2260 4282 2398 4334 alius
2427 4283 2516 4338 alii
2558 4284 2747 4338 adesse
2786 4286 3039 4352 debeant,
3061 4290 3249 4356 quales
3286 4306 3466 4347 amare

225 4367 461 4428 πόνους,
490 4366 636 4427 ὅπως
667 4367 745 4417 δεῖ
762 4365 803 4434 ⁷)
841 4366 1052 4436 τρέχειν
1086 4367 1201 4436 μετ’
1227 4364 1491 4435 ἀλλήλων,
1513 4364 1616 4428 ἓως
1632 4364 1698 4417 ἂν
1711 4365 1803 4419 ἐπὶ
1839 4364 1874 4377 ν
1906 4371 1910 4424 ἶ

1779 4365 1803 4417 l.
1839 4364 1874 4377 ν
1906 4370 2140 4433 labores,
2177 4372 2450 4438 quomodo
2481 4381 2728 4442 oporteat
2756 4392 2851 4431 eos
2885 4393 2993 4431 una
3020 4394 3261 4443 currere,
3293 4381 3464 4438 donec

239 4456 341 4524 τὴν
374 4456 486 4507 ἀνω
518 4454 671 4506 πόλιν
700 4454 1021 4521 ἀφίκωνται.

313 4548 405 4597 Δεῖ
429 4545 605 4597 τοίνυν
630 4546 721 4597 τὸν
744 4545 809 4597 τά
849 4544 942 4596 τοῦ
985 4544 1095 4613 βίου
1126 4545 1312 4598 τούτου
1348 4544 1519 4615 σεμνά
1548 4545 1801 4616 καθαρῶς

240 4633 595 4702 ἀτιμάζοντα,
630 4634 721 4685 καὶ
744 4633 1071 4704 ἀρνούμενον
1102 4635 1199 4703 μὲν
1231 4636 1354 4697 τοὺς
1384 4637 1678 4702 συγγενεῖς,
1697 4635 1799 4702 ἀρ-

240 4725 332 4777 νού
343 4742 497 4794 μενον
522 4726 578 4777 δέ
602 4728 777 4777 πᾶσαν
798 4726 894 4796 τὴν
911 4726 1060 4779 κάτω
1080 4726 1258 4790 δόξαν,
1284 4727 1377 4778 καὶ
1395 4727 1607 4796 ὁρῶντα
1618 4726 1796 4800 [tam

237 4816 337 4883 τῆς
374 4817 628 4885 οὐρανίας
673 4817 856 4885 τιμῆς,
913 4817 1005 4869 καὶ
1050 4820 1164 4879 τοῖς
1200 4816 1340 4869 κατά
1389 4817 1509 4869 θεὸν
1552 4817 1799 4885 ἀδελφοῖς

238 4906 623 4972 πνευματικῶς
676 4908 1093 4977 συναπτόμενον,
1138 4909 1475 4979 ἀρνήσασθαι
1526 4908 1663 4979 μετά
1703 4908 1798 4961 τοῦ

239 4998 356 5067 βίου
402 4998 497 5051 καὶ
548 4998 647 5068 τὴν
677 4999 870 5051 ἐαυτοῦ
912 4998 1111 5069 ψυχήν.
1159 4999 1385 5069 ἄρνησις
1425 4998 1481 5052 δέ
1523 5000 1706 5069 ψυχῆς
1738 5000 1799 5052 τὸ

239 5089 491 5159 μηδαμοῦ
513 5090 694 5159 ζητεῖν
716 5091 776 5143 τὸ
798 5091 988 5143 ἐαυτοῦ
1011 5090 1239 5161 θέλημα,
1257 5090 1575 5159 θεραπεύειν
1602 5091 1798 5161 μᾶλλον

232 5181 287 5233 δὲ
324 5180 516 5235 ἐαυτοῦ
551 5182 779 5251 θέλημα,
808 5185 979 5235 ποιεῖν
1004 5183 1095 5234 τὸν
1128 5182 1407 5250 ἐφεστῶτα
1436 5179 1525 5233 τοῦ
1556 5181 1677 5233 θεοῦ
1706 5181 1793 5234 λό-

1906 4460 1972 4513 ad
2004 4476 2293 4529 supernam
2320 4461 2591 4516 civitatem
2623 4467 2960 4534 perveniant.

1974 4548 2199 4619 Oportet
2242 4565 2371 4621 ergo
2408 4566 2555 4615 eum,
2593 4554 2688 4622 qui
2734 4554 2897 4625 hujus
2936 4557 3077 4612 vitae
3118 4560 3463 4628 splendorem

1905 4657 2040 4711 pure
2077 4651 2408 4706 contemnat,
2443 4652 2498 4697 et
2535 4645 2767 4716 abneget
2803 4659 3077 4717 cognatos,
3125 4650 3463 4722 abnegetque

1903 4732 2064 4787 etiam
2098 4749 2312 4788 omnem
2353 4744 2620 4788 terrenam
2654 4736 2901 4805 gloriam,
2942 4748 2996 4793 et
3034 4740 3311 4795 intueatur
3342 4758 3461 4798 coc-

1897 4822 2086 4875 lestem
2135 4822 2430 4885 honorem,
2478 4822 2740 4879 fratribus
2785 4828 3087 4882 secundum
3126 4829 3296 4884 Deum
3348 4831 3461 4887 suis

1898 4913 2252 4981 spiritualiter
2294 4914 2647 4981 coniunctus,
2692 4918 2964 4989 abnegare
3023 4936 3132 4975 una
3178 4937 3302 4977 cum
3350 4923 3458 4977 vita

1896 5003 2058 5056 etiam
2088 5004 2325 5059 animam
2358 5019 2529 5059 suam.
2563 5006 2869 5079 Abnegatio
2909 5019 3091 5065 autem
3128 5013 3342 5067 animae
3375 5022 3457 5067 est

1895 5108 2173 5162 nunquam
2215 5110 2477 5163 quaerere
2505 5111 2660 5151 suam
2702 5100 3055 5165 voluntatem,
3095 5102 3260 5158 immo
3304 5104 3456 5158 subi-

1895 5199 2021 5253 gere
2068 5184 2343 5254 propriam
2386 5188 2741 5255 voluntatem,
2804 5190 2982 5247 facere
3037 5194 3246 5251 instans
3298 5195 3455 5250 nobis

1493 5297 1745 5353 VARIAE
1780 5298 2176 5355 LECTIONES.

304 5387 344 5454 ¹)
370 5384 504 5441 Cod.
535 5386 700 5439 κεκάο
745 5405 826 5441 κε.
867 5415 950 5467 -θ
969 5386 1010 5457 ³)
1046 5385 1291 5448 Emend.,
1330 5383 1450 5439 cod.
1480 5386 1799 5468 ἐκπέσομεν.
1856 5391 1963 5429 -³
2020 5389 2273 5455 Emend.,
2306 5392 2429 5447 cod.
2466 5392 2845 5461 ἐπαγγελείαν.
2894 5396 3297 5468 -⁸)Ειιιεηά.,
3329 5400 3452 5456 cod.

304 5458 514 5513 βάντας.
544 5486 613 5495 -
643 5405 803 5513 ἣτίῑκ
832 5472 998 5513 οοηι..
1035 5458 1155 5510 cmi.
1190 5455 1266 5508 ὃν.
1302 5486 1370 5494 -—-
1402 5456 1442 5513 'l
1480 5457 1556 5509 Ex
1594 5472 1764 5513 conn.
1799 5460 1921 5513 cod.
1964 5390 2041 5513 ἐν.
2074 5491 2143 5500 -
2186 5460 2229 5513 ⁷)
2263 5462 2353 5513 Sic
2381 5462 2529 5513 cod..
2561 5463 2705 5513 forte
2757 5465 2863 5513 leg.
2903 5466 2990 5513 δὲ,
3044 5469 3124 5513 vel
3148 5485 3210 5513 τε
3236 5469 3342 5513 aut-
3388 5498 3452 5510 _.

772 5474 803 5509 κ
832 5455 999 5518 οοηὶ.,
1035 5458 1155 5510 cmi.
1190 5455 1266 5508 ὃν.
1302 5486 1370 5494 -—-
1402 5456 1442 5523 ')
1480 5457 1556 5509 Ex
1594 5455 1764 5523 coni.,
1799 5460 1921 5513 cod.

227 5458 514 5582 μ’ὲανῖας.
544 5486 613 5537 —.
643 5456 685 5525 ⁸)
727 5456 998 5553 βκνοοηὶη
1035 5458 1155 5536 cori.
1190 5456 1266 5508 ὃν.
1302 5486 1370 5494 -—-

258 5534 270 5582 l
344 5544 455 5581 om.
491 5526 740 5580 addimus
771 5544 858 5582 τα.
889 5528 1032 5582 quod
1071 5543 1125 5581 ιιι
1158 5526 1277 5581 cod.
1312 5526 1421 5581 des:

251 5534 270 5597 )
298 5526 455 5582 Coni.
491 5526 740 5580 addimus
771 5527 858 5591 τά,
889 5528 1032 5596 quod
1071 5526 1125 5581 in
1158 5526 1277 5581 cod.
1312 5526 1666 5581 desideratur.

1994 5478 2041 5512 ν.
2074 5491 2143 5500 -
2186 5460 2229 5528 7)
2263 5462 2353 5518 Sic
2381 5462 2529 5529 cod.,
2561 5460 2705 5521 forte
2757 5465 2863 5536 leg.
2903 5460 3019 5535 δὲ,’
3044 5469 3126 5523 vel
3148 5485 3210 5521 τε
3236 5469 3345 5525 δεῖ.
3388 5498 3453 5510 -ο

1729 5638 1974 5697 NOTAE.

294 5725 377 5798 (ι)
415 5726 553 5782 Phil.
585 5728 671 5793 ιιι,
709 5729 791 5783 ιδ.
