  <div class='ocr_page' id='page_1' title='image "/cluster/home/n/w/nwhite01/storage/ocr_20150623/34/nnc1.0046978860/221.png"; bbox 0 0 4266 6356; ppageno 0'>
   <div class='ocr_carea' id='block_1_1' title="bbox 817 362 920 419">
    <p class='ocr_par' dir='ltr' id='par_1_1' title="bbox 817 362 920 419">
     <span class='ocr_line' id='line_1_1' title="bbox 817 362 920 419; baseline 0 0"><span class='ocrx_word' id='word_1_1' title='bbox 817 362 920 419; x_wconf 66' lang='grc' dir='ltr'><strong>ιῖὄ</strong></span> 
     </span>
    </p>
   </div>
   <div class='ocr_carea' id='block_1_2' title="bbox 2080 358 2820 415">
    <p class='ocr_par' dir='ltr' id='par_1_2' title="bbox 2080 358 2820 415">
     <span class='ocr_line' id='line_1_2' title="bbox 2080 358 2820 415; baseline 0 0"><span class='ocrx_word' id='word_1_2' title='bbox 2080 360 2135 415; x_wconf 91' lang='lat' dir='ltr'><strong>S.</strong></span> <span class='ocrx_word' id='word_1_3' title='bbox 2179 358 2456 414; x_wconf 68' lang='lat' dir='ltr'><strong>MACARII</strong></span> <span class='ocrx_word' id='word_1_4' title='bbox 2502 358 2820 415; x_wconf 73' lang='lat' dir='ltr'><strong>AEGYPTII</strong></span> 
     </span>
    </p>
   </div>
   <div class='ocr_carea' id='block_1_3' title="bbox 3960 353 4068 413">
    <p class='ocr_par' dir='ltr' id='par_1_3' title="bbox 3960 353 4068 413">
     <span class='ocr_line' id='line_1_3' title="bbox 3960 353 4068 413; baseline 0 0"><span class='ocrx_word' id='word_1_5' title='bbox 3960 353 4068 413; x_wconf 66' lang='grc' dir='ltr'><strong>ω</strong></span> 
     </span>
    </p>
   </div>
   <div class='ocr_carea' id='block_1_4' title="bbox 816 474 2501 548">
    <p class='ocr_par' dir='ltr' id='par_1_4' title="bbox 816 474 2501 547">
     <span class='ocr_line' id='line_1_4' title="bbox 816 474 2501 547; baseline 0.002 -15"><span class='ocrx_word' id='word_1_6' title='bbox 816 480 1043 532; x_wconf 82' lang='lat' dir='ltr'><strong>verbum</strong></span> <span class='ocrx_word' id='word_1_7' title='bbox 1070 474 1187 542; x_wconf 88' lang='lat' dir='ltr'><strong>Dei,</strong></span> <span class='ocrx_word' id='word_1_8' title='bbox 1210 492 1383 547; x_wconf 87' lang='lat' dir='ltr'><strong>eoque</strong></span> <span class='ocrx_word' id='word_1_9' title='bbox 1417 478 1495 532; x_wconf 93' lang='lat' dir='ltr'><strong>uti</strong></span> <span class='ocrx_word' id='word_1_10' title='bbox 1537 486 1792 547; x_wconf 75' lang='lat' dir='ltr'><strong>tanquam</strong></span> <span class='ocrx_word' id='word_1_11' title='bbox 1826 476 1970 532; x_wconf 91' lang='lat' dir='ltr'><strong>bono</strong></span> <span class='ocrx_word' id='word_1_12' title='bbox 1998 478 2459 547; x_wconf 5' lang='lat' dir='ltr'><strong>gubernatore,iA</strong></span> <span class='ocrx_word' id='word_1_13' title='bbox 2488 493 2501 543; x_wconf 66' lang='grc' dir='ltr'><strong>τ</strong></span> 
     </span>
    </p>
   </div>
   <div class='ocr_carea' id='block_1_5' title="bbox 2381 474 4066 548">
    <p class='ocr_par' dir='ltr' id='par_1_5' title="bbox 2381 474 4066 548">
     <span class='ocr_line' id='line_1_5' title="bbox 2381 474 4066 548; baseline -0.003 -16"><span class='ocrx_word' id='word_1_14' title='bbox 2381 483 2459 540; x_wconf 46' lang='grc' dir='ltr'>ηΑ</span> <span class='ocrx_word' id='word_1_15' title='bbox 2488 492 2603 543; x_wconf 86' lang='grc' dir='ltr'><strong>γον,</strong></span> <span class='ocrx_word' id='word_1_16' title='bbox 2627 479 2720 531; x_wconf 82' lang='grc' dir='ltr'>καὶ</span> <span class='ocrx_word' id='word_1_17' title='bbox 2739 477 2913 548; x_wconf 86' lang='grc' dir='ltr'>τούτῳ</span> <span class='ocrx_word' id='word_1_18' title='bbox 2928 477 3227 548; x_wconf 85' lang='grc' dir='ltr'>κεχρῆσθαι</span> <span class='ocrx_word' id='word_1_19' title='bbox 3249 476 3503 545; x_wconf 84' lang='grc' dir='ltr'>καθάπερ</span> <span class='ocrx_word' id='word_1_20' title='bbox 3523 474 3711 545; x_wconf 79' lang='grc' dir='ltr'>ἁγαθῷ</span> <span class='ocrx_word' id='word_1_21' title='bbox 3730 474 4066 545; x_wconf 71' lang='grc' dir='ltr'>κυϐερνήτῃ,</span> 
     </span>
    </p>
   </div>
   <div class='ocr_carea' id='block_1_6' title="bbox 816 567 2389 639">
    <p class='ocr_par' dir='ltr' id='par_1_6' title="bbox 816 567 2389 639">
     <span class='ocr_line' id='line_1_6' title="bbox 816 567 2389 639; baseline -0.002 -16"><span class='ocrx_word' id='word_1_22' title='bbox 816 570 1289 639; x_wconf 73' lang='lat' dir='ltr'><strong>congregationem</strong></span> <span class='ocrx_word' id='word_1_23' title='bbox 1327 569 1553 623; x_wconf 79' lang='lat' dir='ltr'><strong>fratrum</strong></span> <span class='ocrx_word' id='word_1_24' title='bbox 1593 583 1715 622; x_wconf 93' lang='lat' dir='ltr'><strong>cum</strong></span> <span class='ocrx_word' id='word_1_25' title='bbox 1748 568 2042 622; x_wconf 85' lang='lat' dir='ltr'><strong>concordia</strong></span> <span class='ocrx_word' id='word_1_26' title='bbox 2075 567 2143 622; x_wconf 89' lang='lat' dir='ltr'><strong>ad</strong></span> <span class='ocrx_word' id='word_1_27' title='bbox 2174 577 2389 637; x_wconf 93' lang='lat' dir='ltr'><strong>portum</strong></span> 
     </span>
    </p>
   </div>
   <div class='ocr_carea' id='block_1_7' title="bbox 815 657 2393 729">
    <p class='ocr_par' dir='ltr' id='par_1_7' title="bbox 815 657 2393 729">
     <span class='ocr_line' id='line_1_7' title="bbox 815 657 2393 729; baseline -0.001 -18"><span class='ocrx_word' id='word_1_28' title='bbox 815 660 1110 713; x_wconf 70' lang='lat' dir='ltr'><strong>voluntatis</strong></span> <span class='ocrx_word' id='word_1_29' title='bbox 1137 659 1232 713; x_wconf 87' lang='lat' dir='ltr'><strong>Dei</strong></span> <span class='ocrx_word' id='word_1_30' title='bbox 1266 658 1557 729; x_wconf 87' lang='lat' dir='ltr'><strong>dirigente.</strong></span> <span class='ocrx_word' id='word_1_31' title='bbox 1590 658 1874 713; x_wconf 88' lang='lat' dir='ltr'><strong>Possidere</strong></span> <span class='ocrx_word' id='word_1_32' title='bbox 1904 666 2085 711; x_wconf 89' lang='lat' dir='ltr'><strong>autem</strong></span> <span class='ocrx_word' id='word_1_33' title='bbox 2120 658 2257 711; x_wconf 86' lang='lat' dir='ltr'><strong>nihil</strong></span> <span class='ocrx_word' id='word_1_34' title='bbox 2298 657 2393 710; x_wconf 92' lang='lat' dir='ltr'><strong>de-</strong></span> 
     </span>
    </p>
   </div>
   <div class='ocr_carea' id='block_1_8' title="bbox 815 749 2391 819">
    <p class='ocr_par' dir='ltr' id='par_1_8' title="bbox 815 749 2391 819">
     <span class='ocr_line' id='line_1_8' title="bbox 815 749 2391 819; baseline -0.003 -14"><span class='ocrx_word' id='word_1_35' title='bbox 815 752 912 805; x_wconf 86' lang='lat' dir='ltr'><strong>bes</strong></span> <span class='ocrx_word' id='word_1_36' title='bbox 944 750 1031 804; x_wconf 85' lang='lat' dir='ltr'><strong>vel</strong></span> <span class='ocrx_word' id='word_1_37' title='bbox 1070 750 1353 804; x_wconf 88' lang='lat' dir='ltr'><strong>nominare</strong></span> <span class='ocrx_word' id='word_1_38' title='bbox 1401 750 1681 818; x_wconf 87' lang='lat' dir='ltr'><strong>proprium</strong></span> <span class='ocrx_word' id='word_1_39' title='bbox 1727 759 1881 803; x_wconf 80' lang='lat' dir='ltr'><strong>extra</strong></span> <span class='ocrx_word' id='word_1_40' title='bbox 1940 750 2015 813; x_wconf 89' lang='lat' dir='ltr'><strong>id,</strong></span> <span class='ocrx_word' id='word_1_41' title='bbox 2052 749 2198 819; x_wconf 92' lang='lat' dir='ltr'><strong>quod</strong></span> <span class='ocrx_word' id='word_1_42' title='bbox 2243 764 2391 802; x_wconf 89' lang='lat' dir='ltr'><strong>com-</strong></span> 
     </span>
    </p>
   </div>
   <div class='ocr_carea' id='block_1_9' title="bbox 814 842 2385 911">
    <p class='ocr_par' dir='ltr' id='par_1_9' title="bbox 814 842 2385 911">
     <span class='ocr_line' id='line_1_9' title="bbox 814 842 2385 911; baseline -0.001 -17"><span class='ocrx_word' id='word_1_43' title='bbox 814 856 977 895; x_wconf 87' lang='lat' dir='ltr'><strong>mune</strong></span> <span class='ocrx_word' id='word_1_44' title='bbox 1014 850 1118 905; x_wconf 89' lang='lat' dir='ltr'><strong>est,</strong></span> <span class='ocrx_word' id='word_1_45' title='bbox 1145 850 1526 910; x_wconf 79' lang='lat' dir='ltr'><strong>praeterquam</strong></span> <span class='ocrx_word' id='word_1_46' title='bbox 1551 843 1773 911; x_wconf 88' lang='lat' dir='ltr'><strong>pallium</strong></span> <span class='ocrx_word' id='word_1_47' title='bbox 1805 857 1914 910; x_wconf 93' lang='lat' dir='ltr'><strong>quo</strong></span> <span class='ocrx_word' id='word_1_48' title='bbox 1937 856 2138 910; x_wconf 90' lang='lat' dir='ltr'><strong>corpus</strong></span> <span class='ocrx_word' id='word_1_49' title='bbox 2168 842 2385 911; x_wconf 91' lang='lat' dir='ltr'><strong>tegitur.</strong></span> 
     </span>
    </p>
   </div>
   <div class='ocr_carea' id='block_1_10' title="bbox 812 931 2390 1001">
    <p class='ocr_par' dir='ltr' id='par_1_10' title="bbox 812 931 2390 1001">
     <span class='ocr_line' id='line_1_10' title="bbox 812 931 2390 1001; baseline 0 -16"><span class='ocrx_word' id='word_1_50' title='bbox 812 932 1029 987; x_wconf 76' lang='lat' dir='ltr'><strong>Etenim</strong></span> <span class='ocrx_word' id='word_1_51' title='bbox 1061 933 1105 985; x_wconf 90' lang='lat' dir='ltr'><strong>si</strong></span> <span class='ocrx_word' id='word_1_52' title='bbox 1139 932 1276 986; x_wconf 87' lang='lat' dir='ltr'><strong>nihil</strong></span> <span class='ocrx_word' id='word_1_53' title='bbox 1314 947 1507 985; x_wconf 88' lang='lat' dir='ltr'><strong>eorum</strong></span> <span class='ocrx_word' id='word_1_54' title='bbox 1552 932 1735 995; x_wconf 85' lang='lat' dir='ltr'><strong>habet,</strong></span> <span class='ocrx_word' id='word_1_55' title='bbox 1766 931 1862 985; x_wconf 90' lang='lat' dir='ltr'><strong>sed</strong></span> <span class='ocrx_word' id='word_1_56' title='bbox 1904 939 2102 985; x_wconf 77' lang='lat' dir='ltr'><strong>exutus</strong></span> <span class='ocrx_word' id='word_1_57' title='bbox 2138 942 2223 986; x_wconf 85' lang='lat' dir='ltr'><strong>est</strong></span> <span class='ocrx_word' id='word_1_58' title='bbox 2265 945 2390 1001; x_wconf 91' lang='lat' dir='ltr'><strong>pro-</strong></span> 
     </span>
    </p>
   </div>
   <div class='ocr_carea' id='block_1_11' title="bbox 812 1022 2389 1092">
    <p class='ocr_par' dir='ltr' id='par_1_11' title="bbox 812 1022 2389 1092">
     <span class='ocr_line' id='line_1_11' title="bbox 812 1022 2389 1092; baseline -0.001 -17"><span class='ocrx_word' id='word_1_59' title='bbox 812 1023 964 1092; x_wconf 84' lang='lat' dir='ltr'><strong>priae</strong></span> <span class='ocrx_word' id='word_1_60' title='bbox 1007 1022 1151 1077; x_wconf 81' lang='lat' dir='ltr'><strong>vitae</strong></span> <span class='ocrx_word' id='word_1_61' title='bbox 1192 1036 1344 1085; x_wconf 89' lang='lat' dir='ltr'><strong>cura,</strong></span> <span class='ocrx_word' id='word_1_62' title='bbox 1389 1022 1696 1077; x_wconf 88' lang='lat' dir='ltr'><strong>communis</strong></span> <span class='ocrx_word' id='word_1_63' title='bbox 1732 1022 1839 1076; x_wconf 91' lang='lat' dir='ltr'><strong>erit</strong></span> <span class='ocrx_word' id='word_1_64' title='bbox 1886 1022 2049 1091; x_wconf 74' lang='lat'><strong>208</strong></span> <span class='ocrx_word' id='word_1_65' title='bbox 2091 1022 2389 1076; x_wconf 89' lang='lat' dir='ltr'><strong>necessitu-</strong></span> 
     </span>
    </p>
   </div>
   <div class='ocr_carea' id='block_1_12' title="bbox 812 1113 2388 1183">
    <p class='ocr_par' dir='ltr' id='par_1_12' title="bbox 812 1113 2388 1183">
     <span class='ocr_line' id='line_1_12' title="bbox 812 1113 2388 1183; baseline -0.001 -16"><span class='ocrx_word' id='word_1_66' title='bbox 812 1114 955 1167; x_wconf 88' lang='lat' dir='ltr'><strong>dinis</strong></span> <span class='ocrx_word' id='word_1_67' title='bbox 994 1113 1278 1178; x_wconf 88' lang='lat' dir='ltr'><strong>minister,</strong></span> <span class='ocrx_word' id='word_1_68' title='bbox 1311 1123 1366 1167; x_wconf 89' lang='lat' dir='ltr'><strong>et</strong></span> <span class='ocrx_word' id='word_1_69' title='bbox 1403 1113 1844 1183; x_wconf 83' lang='lat' dir='ltr'><strong>praepositorum</strong></span> <span class='ocrx_word' id='word_1_70' title='bbox 1891 1113 2097 1166; x_wconf 90' lang='lat' dir='ltr'><strong>iussum</strong></span> <span class='ocrx_word' id='word_1_71' title='bbox 2138 1128 2259 1166; x_wconf 91' lang='lat' dir='ltr'><strong>cum</strong></span> <span class='ocrx_word' id='word_1_72' title='bbox 2294 1126 2388 1166; x_wconf 92' lang='lat' dir='ltr'><strong>vo-</strong></span> 
     </span>
    </p>
   </div>
   <div class='ocr_carea' id='block_1_13' title="bbox 813 1204 2386 1275">
    <p class='ocr_par' dir='ltr' id='par_1_13' title="bbox 813 1204 2386 1275">
     <span class='ocr_line' id='line_1_13' title="bbox 813 1204 2386 1275; baseline -0.001 -16"><span class='ocrx_word' id='word_1_73' title='bbox 813 1205 1021 1275; x_wconf 90' lang='lat' dir='ltr'><strong>luptate</strong></span> <span class='ocrx_word' id='word_1_74' title='bbox 1063 1214 1117 1259; x_wconf 93' lang='lat' dir='ltr'><strong>et</strong></span> <span class='ocrx_word' id='word_1_75' title='bbox 1161 1220 1257 1275; x_wconf 86' lang='lat' dir='ltr'><strong>spe</strong></span> <span class='ocrx_word' id='word_1_76' title='bbox 1296 1214 1551 1275; x_wconf 89' lang='lat' dir='ltr'><strong>prompte</strong></span> <span class='ocrx_word' id='word_1_77' title='bbox 1594 1204 1857 1273; x_wconf 85' lang='lat' dir='ltr'><strong>perﬁciet,</strong></span> <span class='ocrx_word' id='word_1_78' title='bbox 1890 1214 2144 1273; x_wconf 85' lang='lat' dir='ltr'><strong>tanquam</strong></span> <span class='ocrx_word' id='word_1_79' title='bbox 2182 1204 2386 1272; x_wconf 90' lang='lat' dir='ltr'><strong>probus</strong></span> 
     </span>
    </p>
   </div>
   <div class='ocr_carea' id='block_1_14' title="bbox 813 1294 2384 1366">
    <p class='ocr_par' dir='ltr' id='par_1_14' title="bbox 813 1294 2384 1366">
     <span class='ocr_line' id='line_1_14' title="bbox 813 1294 2384 1366; baseline -0.002 -15"><span class='ocrx_word' id='word_1_80' title='bbox 813 1313 877 1351; x_wconf 92' lang='lat' dir='ltr'><strong>ac</strong></span> <span class='ocrx_word' id='word_1_81' title='bbox 914 1297 1143 1366; x_wconf 83' lang='lat' dir='ltr'><strong>simplex</strong></span> <span class='ocrx_word' id='word_1_82' title='bbox 1182 1313 1372 1351; x_wconf 88' lang='lat' dir='ltr'><strong>servus</strong></span> <span class='ocrx_word' id='word_1_83' title='bbox 1411 1297 1636 1359; x_wconf 88' lang='lat' dir='ltr'><strong>Christi,</strong></span> <span class='ocrx_word' id='word_1_84' title='bbox 1672 1297 1738 1349; x_wconf 94' lang='lat' dir='ltr'><strong>ad</strong></span> <span class='ocrx_word' id='word_1_85' title='bbox 1773 1311 2114 1350; x_wconf 90' lang='lat' dir='ltr'><strong>communem</strong></span> <span class='ocrx_word' id='word_1_86' title='bbox 2156 1294 2384 1349; x_wconf 79' lang='lat' dir='ltr'><strong>fratrum</strong></span> 
     </span>
    </p>
   </div>
   <div class='ocr_carea' id='block_1_15' title="bbox 816 1384 2387 1454">
    <p class='ocr_par' dir='ltr' id='par_1_15' title="bbox 816 1384 2387 1454">
     <span class='ocr_line' id='line_1_15' title="bbox 816 1384 2387 1454; baseline 0 -15"><span class='ocrx_word' id='word_1_87' title='bbox 816 1386 1277 1442; x_wconf 85' lang='lat' dir='ltr'><strong>necessitudinem</strong></span> <span class='ocrx_word' id='word_1_88' title='bbox 1303 1387 1638 1454; x_wconf 88' lang='lat' dir='ltr'><strong>redemptus.</strong></span> <span class='ocrx_word' id='word_1_89' title='bbox 1668 1385 1782 1439; x_wconf 83' lang='lat' dir='ltr'><strong>Hoc</strong></span> <span class='ocrx_word' id='word_1_90' title='bbox 1807 1385 1955 1438; x_wconf 91' lang='lat' dir='ltr'><strong>enim</strong></span> <span class='ocrx_word' id='word_1_91' title='bbox 1983 1384 2245 1438; x_wconf 91' lang='lat' dir='ltr'><strong>Dominus</strong></span> <span class='ocrx_word' id='word_1_92' title='bbox 2270 1385 2387 1439; x_wconf 84' lang='lat' dir='ltr'><strong>vult</strong></span> 
     </span>
    </p>
   </div>
   <div class='ocr_carea' id='block_1_16' title="bbox 812 1476 2385 1547">
    <p class='ocr_par' dir='ltr' id='par_1_16' title="bbox 812 1476 2385 1547">
     <span class='ocr_line' id='line_1_16' title="bbox 812 1476 2385 1547; baseline -0.002 -15"><span class='ocrx_word' id='word_1_93' title='bbox 812 1489 1108 1547; x_wconf 90' lang='lat' dir='ltr'><strong>monetque</strong></span> <span class='ocrx_word' id='word_1_94' title='bbox 1144 1478 1332 1531; x_wconf 89' lang='lat' dir='ltr'><strong>dicens</strong></span> <span class='ocrx_word' id='word_1_95' title='bbox 1370 1494 1381 1529; x_wconf 91' lang='lat'><strong>:</strong></span> <span class='ocrx_word' id='word_1_96' title='bbox 1418 1476 1521 1542; x_wconf 86' lang='lat' dir='ltr'><strong>Qui</strong></span> <span class='ocrx_word' id='word_1_97' title='bbox 1546 1476 1657 1530; x_wconf 80' lang='lat' dir='ltr'><strong>vult</strong></span> <span class='ocrx_word' id='word_1_98' title='bbox 1695 1478 1831 1529; x_wconf 86' lang='lat' dir='ltr'><strong>inter</strong></span> <span class='ocrx_word' id='word_1_99' title='bbox 1862 1493 1947 1529; x_wconf 83' lang='lat' dir='ltr'><strong>vos</strong></span> <span class='ocrx_word' id='word_1_100' title='bbox 1979 1477 2179 1544; x_wconf 87' lang='lat' dir='ltr'><strong>primus</strong></span> <span class='ocrx_word' id='word_1_101' title='bbox 2207 1490 2314 1527; x_wconf 88' lang='lat' dir='ltr'><strong>esse</strong></span> <span class='ocrx_word' id='word_1_102' title='bbox 2336 1485 2385 1529; x_wconf 85' lang='lat' dir='ltr'><strong>et</strong></span> 
     </span>
    </p>
   </div>
   <div class='ocr_carea' id='block_1_17' title="bbox 816 1567 2385 1639">
    <p class='ocr_par' dir='ltr' id='par_1_17' title="bbox 816 1567 2385 1639">
     <span class='ocr_line' id='line_1_17' title="bbox 816 1567 2385 1639; baseline -0.002 -18"><span class='ocrx_word' id='word_1_103' title='bbox 816 1585 1060 1639; x_wconf 84' lang='lat' dir='ltr'><strong>magnus,</strong></span> <span class='ocrx_word' id='word_1_104' title='bbox 1084 1576 1191 1621; x_wconf 81' lang='lat' dir='ltr'><strong>esto</strong></span> <span class='ocrx_word' id='word_1_105' title='bbox 1221 1568 1453 1620; x_wconf 89' lang='lat' dir='ltr'><strong>omnium</strong></span> <span class='ocrx_word' id='word_1_106' title='bbox 1478 1568 1785 1619; x_wconf 85' lang='lat' dir='ltr'><strong>novissimus</strong></span> <span class='ocrx_word' id='word_1_107' title='bbox 1812 1575 1860 1618; x_wconf 85' lang='lat' dir='ltr'><strong>et</strong></span> <span class='ocrx_word' id='word_1_108' title='bbox 1884 1567 2117 1618; x_wconf 86' lang='lat' dir='ltr'><strong>omnium</strong></span> <span class='ocrx_word' id='word_1_109' title='bbox 2148 1567 2385 1618; x_wconf 77' lang='lat' dir='ltr'><strong>minister</strong></span> 
     </span>
    </p>
   </div>
   <div class='ocr_carea' id='block_1_18' title="bbox 812 1657 2382 1729">
    <p class='ocr_par' dir='ltr' id='par_1_18' title="bbox 812 1657 2382 1729">
     <span class='ocr_line' id='line_1_18' title="bbox 812 1657 2382 1729; baseline -0.001 -17"><span class='ocrx_word' id='word_1_110' title='bbox 812 1670 862 1713; x_wconf 77' lang='lat' dir='ltr'><strong>et</strong></span> <span class='ocrx_word' id='word_1_111' title='bbox 883 1662 1117 1713; x_wconf 83' lang='lat' dir='ltr'><strong>omnium</strong></span> <span class='ocrx_word' id='word_1_112' title='bbox 1137 1676 1314 1713; x_wconf 84' lang='lat' dir='ltr'><strong>servus</strong></span> <span class='ocrx_word' id='word_1_113' title='bbox 1340 1659 1434 1729; x_wconf 80' lang='grc'>(1).</span> <span class='ocrx_word' id='word_1_114' title='bbox 1471 1657 1695 1727; x_wconf 88' lang='lat' dir='ltr'><strong>Oportet</strong></span> <span class='ocrx_word' id='word_1_115' title='bbox 1721 1659 1885 1728; x_wconf 80' lang='lat' dir='ltr'><strong>igitur</strong></span> <span class='ocrx_word' id='word_1_116' title='bbox 1921 1658 2239 1711; x_wconf 87' lang='lat' dir='ltr'><strong>servitutem</strong></span> <span class='ocrx_word' id='word_1_117' title='bbox 2287 1672 2382 1711; x_wconf 90' lang='lat' dir='ltr'><strong>co-</strong></span> 
     </span>
    </p>
   </div>
   <div class='ocr_carea' id='block_1_19' title="bbox 815 1749 2381 1815">
    <p class='ocr_par' dir='ltr' id='par_1_19' title="bbox 815 1749 2381 1815">
     <span class='ocr_line' id='line_1_19' title="bbox 815 1749 2381 1815; baseline -0.001 -12"><span class='ocrx_word' id='word_1_118' title='bbox 815 1762 929 1805; x_wconf 87' lang='lat' dir='ltr'><strong>ram</strong></span> <span class='ocrx_word' id='word_1_119' title='bbox 983 1750 1298 1804; x_wconf 90' lang='lat' dir='ltr'><strong>hominibus</strong></span> <span class='ocrx_word' id='word_1_120' title='bbox 1348 1749 1742 1804; x_wconf 88' lang='lat' dir='ltr'><strong>infructuosam</strong></span> <span class='ocrx_word' id='word_1_121' title='bbox 1785 1764 1934 1810; x_wconf 90' lang='lat' dir='ltr'><strong>esse,</strong></span> <span class='ocrx_word' id='word_1_122' title='bbox 1978 1764 2156 1815; x_wconf 90' lang='lat' dir='ltr'><strong>neque</strong></span> <span class='ocrx_word' id='word_1_123' title='bbox 2212 1749 2381 1801; x_wconf 89' lang='lat' dir='ltr'><strong>ullum</strong></span> 
     </span>
    </p>
   </div>
   <div class='ocr_carea' id='block_1_20' title="bbox 2494 561 4069 634">
    <p class='ocr_par' dir='ltr' id='par_1_20' title="bbox 2494 561 4069 634">
     <span class='ocr_line' id='line_1_20' title="bbox 2494 561 4069 634; baseline 0.002 -22"><span class='ocrx_word' id='word_1_124' title='bbox 2494 561 2555 613; x_wconf 87' lang='grc' dir='ltr'>τὸ</span> <span class='ocrx_word' id='word_1_125' title='bbox 2587 563 2761 615; x_wconf 83' lang='grc' dir='ltr'>κοινὸν</span> <span class='ocrx_word' id='word_1_126' title='bbox 2804 565 2901 633; x_wconf 83' lang='grc' dir='ltr'>τῆς</span> <span class='ocrx_word' id='word_1_127' title='bbox 2935 564 3293 634; x_wconf 83' lang='grc' dir='ltr'>ἀδελφότητος</span> <span class='ocrx_word' id='word_1_128' title='bbox 3336 564 3609 633; x_wconf 85' lang='grc' dir='ltr'>πλήρωμα</span> <span class='ocrx_word' id='word_1_129' title='bbox 3654 565 3773 633; x_wconf 79' lang='grc' dir='ltr'>μεθ’</span> <span class='ocrx_word' id='word_1_130' title='bbox 3813 563 4069 632; x_wconf 78' lang='grc' dir='ltr'><strong>ὁμονοίας</strong></span> 
     </span>
    </p>
   </div>
   <div class='ocr_carea' id='block_1_21' title="bbox 2493 652 4065 725">
    <p class='ocr_par' dir='ltr' id='par_1_21' title="bbox 2493 652 4065 725">
     <span class='ocr_line' id='line_1_21' title="bbox 2493 652 4065 725; baseline 0.003 -23"><span class='ocrx_word' id='word_1_131' title='bbox 2493 652 2586 702; x_wconf 79' lang='grc' dir='ltr'><strong>ἐπὶ</strong></span> <span class='ocrx_word' id='word_1_132' title='bbox 2630 652 2721 705; x_wconf 78' lang='grc' dir='ltr'>τὸν</span> <span class='ocrx_word' id='word_1_133' title='bbox 2749 654 2941 723; x_wconf 77' lang='grc' dir='ltr'>λιμένα</span> <span class='ocrx_word' id='word_1_134' title='bbox 2968 655 3060 707; x_wconf 90' lang='grc' dir='ltr'><strong>τοῦ</strong></span> <span class='ocrx_word' id='word_1_135' title='bbox 3105 655 3409 725; x_wconf 74' lang='grc' dir='ltr'>θελήματος</span> <span class='ocrx_word' id='word_1_136' title='bbox 3451 653 3547 706; x_wconf 89' lang='grc' dir='ltr'><strong>τοῦ</strong></span> <span class='ocrx_word' id='word_1_137' title='bbox 3599 654 3721 706; x_wconf 92' lang='grc' dir='ltr'>θεοῦ</span> <span class='ocrx_word' id='word_1_138' title='bbox 3760 654 4065 707; x_wconf 80' lang='grc' dir='ltr'>εύθύνοντι.</span> 
     </span>
    </p>
   </div>
   <div class='ocr_carea' id='block_1_22' title="bbox 2493 744 4069 818">
    <p class='ocr_par' dir='ltr' id='par_1_22' title="bbox 2493 744 4069 818">
     <span class='ocr_line' id='line_1_22' title="bbox 2493 744 4069 818; baseline 0.004 -24"><span class='ocrx_word' id='word_1_139' title='bbox 2493 744 2789 813; x_wconf 79' lang='grc' dir='ltr'>κεκτῆσθαι</span> <span class='ocrx_word' id='word_1_140' title='bbox 2813 746 2869 799; x_wconf 78' lang='grc' dir='ltr'>δὲ</span> <span class='ocrx_word' id='word_1_141' title='bbox 2901 746 3051 799; x_wconf 81' lang='grc' dir='ltr'>οὐδὲν</span> <span class='ocrx_word' id='word_1_142' title='bbox 3077 747 3179 818; x_wconf 82' lang='grc' dir='ltr'>χρὴ</span> <span class='ocrx_word' id='word_1_143' title='bbox 3214 748 3247 816; x_wconf 82' lang='grc' dir='ltr'><strong>ἢ</strong></span> <span class='ocrx_word' id='word_1_144' title='bbox 3270 749 3309 815; x_wconf 71' lang='grc'><strong>⁸)</strong></span> <span class='ocrx_word' id='word_1_145' title='bbox 3337 747 3623 816; x_wconf 73' lang='grc' dir='ltr'><strong>ὀνομάζειν</strong></span> <span class='ocrx_word' id='word_1_146' title='bbox 3658 747 3789 800; x_wconf 74' lang='grc' dir='ltr'>ἴδιον</span> <span class='ocrx_word' id='word_1_147' title='bbox 3826 748 3980 818; x_wconf 86' lang='grc' dir='ltr'><strong>παρά</strong></span> <span class='ocrx_word' id='word_1_148' title='bbox 4010 750 4069 801; x_wconf 72' lang='grc' dir='ltr'>τὸ</span> 
     </span>
    </p>
   </div>
   <div class='ocr_carea' id='block_1_23' title="bbox 2492 834 4067 907">
    <p class='ocr_par' dir='ltr' id='par_1_23' title="bbox 2492 834 4067 907">
     <span class='ocr_line' id='line_1_23' title="bbox 2492 834 4067 907; baseline 0.002 -20"><span class='ocrx_word' id='word_1_149' title='bbox 2492 834 2687 895; x_wconf 87' lang='grc' dir='ltr'>κοινόν,</span> <span class='ocrx_word' id='word_1_150' title='bbox 2740 835 2877 906; x_wconf 80' lang='grc' dir='ltr'>πλὴν</span> <span class='ocrx_word' id='word_1_151' title='bbox 2917 835 3009 888; x_wconf 91' lang='grc' dir='ltr'><strong>τοῦ</strong></span> <span class='ocrx_word' id='word_1_152' title='bbox 3034 836 3096 888; x_wconf 81' lang='grc' dir='ltr'>τὸ</span> <span class='ocrx_word' id='word_1_153' title='bbox 3141 838 3298 907; x_wconf 78' lang='grc' dir='ltr'>σῶμα</span> <span class='ocrx_word' id='word_1_154' title='bbox 3336 838 3701 899; x_wconf 75' lang='grc' dir='ltr'><strong>καλύπτοντος</strong></span> <span class='ocrx_word' id='word_1_155' title='bbox 3735 837 3978 905; x_wconf 78' lang='grc' dir='ltr'>ἱματίου.</span> <span class='ocrx_word' id='word_1_156' title='bbox 4021 841 4067 890; x_wconf 83' lang='grc' dir='ltr'>εἰ</span> 
     </span>
    </p>
   </div>
   <div class='ocr_carea' id='block_1_24' title="bbox 2490 928 4066 999">
    <p class='ocr_par' dir='ltr' id='par_1_24' title="bbox 2490 928 4066 999">
     <span class='ocr_line' id='line_1_24' title="bbox 2490 928 4066 999; baseline 0.001 -20"><span class='ocrx_word' id='word_1_157' title='bbox 2490 928 2597 999; x_wconf 76' lang='grc' dir='ltr'><strong>γὰρ</strong></span> <span class='ocrx_word' id='word_1_158' title='bbox 2628 928 2793 997; x_wconf 82' lang='grc' dir='ltr'>μηδὲν</span> <span class='ocrx_word' id='word_1_159' title='bbox 2820 929 2930 997; x_wconf 80' lang='grc' dir='ltr'>ἔχει</span> <span class='ocrx_word' id='word_1_160' title='bbox 2971 928 3195 991; x_wconf 87' lang='grc' dir='ltr'>τούτων,</span> <span class='ocrx_word' id='word_1_161' title='bbox 3232 930 3365 982; x_wconf 86' lang='grc' dir='ltr'><strong>ἀλλά</strong></span> <span class='ocrx_word' id='word_1_162' title='bbox 3394 928 3597 998; x_wconf 79' lang='grc' dir='ltr'>γυμνὸς</span> <span class='ocrx_word' id='word_1_163' title='bbox 3628 928 3710 997; x_wconf 70' lang='grc' dir='ltr'><strong>εἴη</strong></span> <span class='ocrx_word' id='word_1_164' title='bbox 3738 929 3781 998; x_wconf 80' lang='grc'><strong>³)</strong></span> <span class='ocrx_word' id='word_1_165' title='bbox 3810 928 3914 999; x_wconf 78' lang='grc' dir='ltr'>τῆς</span> <span class='ocrx_word' id='word_1_166' title='bbox 3946 928 4066 980; x_wconf 82' lang='grc' dir='ltr'>καθ’</span> 
     </span>
    </p>
   </div>
   <div class='ocr_carea' id='block_1_25' title="bbox 2490 1019 4068 1091">
    <p class='ocr_par' dir='ltr' id='par_1_25' title="bbox 2490 1019 4068 1091">
     <span class='ocr_line' id='line_1_25' title="bbox 2490 1019 4068 1091; baseline 0.001 -20"><span class='ocrx_word' id='word_1_167' title='bbox 2490 1019 2677 1072; x_wconf 76' lang='grc' dir='ltr'>ἑαυτὸν</span> <span class='ocrx_word' id='word_1_168' title='bbox 2705 1019 2798 1071; x_wconf 83' lang='grc' dir='ltr'><strong>τοῦ</strong></span> <span class='ocrx_word' id='word_1_169' title='bbox 2829 1020 2943 1089; x_wconf 77' lang='grc' dir='ltr'>βίου</span> <span class='ocrx_word' id='word_1_170' title='bbox 2985 1021 3280 1091; x_wconf 74' lang='grc' dir='ltr'>φροντίδος,</span> <span class='ocrx_word' id='word_1_171' title='bbox 3317 1021 3417 1090; x_wconf 76' lang='grc' dir='ltr'>τῆς</span> <span class='ocrx_word' id='word_1_172' title='bbox 3458 1021 3645 1091; x_wconf 75' lang='grc' dir='ltr'>κοινῆς</span> <span class='ocrx_word' id='word_1_173' title='bbox 3688 1022 3841 1073; x_wconf 69' lang='grc' dir='ltr'>ἔσται</span> <span class='ocrx_word' id='word_1_174' title='bbox 3873 1022 4068 1090; x_wconf 84' lang='grc' dir='ltr'>χρείας</span> 
     </span>
    </p>
   </div>
   <div class='ocr_carea' id='block_1_26' title="bbox 2490 1111 4067 1185">
    <p class='ocr_par' dir='ltr' id='par_1_26' title="bbox 2490 1111 4067 1185">
     <span class='ocr_line' id='line_1_26' title="bbox 2490 1111 4067 1185; baseline 0.001 -21"><span class='ocrx_word' id='word_1_175' title='bbox 2490 1111 2845 1183; x_wconf 86' lang='grc' dir='ltr'>θεραπευτής,</span> <span class='ocrx_word' id='word_1_176' title='bbox 2879 1113 2972 1165; x_wconf 74' lang='grc' dir='ltr'>καὶ</span> <span class='ocrx_word' id='word_1_177' title='bbox 3006 1113 3064 1166; x_wconf 75' lang='grc' dir='ltr'><strong>τὸ</strong></span> <span class='ocrx_word' id='word_1_178' title='bbox 3094 1114 3243 1181; x_wconf 82' lang='grc' dir='ltr'><strong>παρά</strong></span> <span class='ocrx_word' id='word_1_179' title='bbox 3263 1114 3368 1165; x_wconf 89' lang='grc' dir='ltr'><strong>τῶν</strong></span> <span class='ocrx_word' id='word_1_180' title='bbox 3391 1114 3746 1185; x_wconf 80' lang='grc' dir='ltr'><strong>προεστώτων</strong></span> <span class='ocrx_word' id='word_1_181' title='bbox 3776 1114 4067 1165; x_wconf 70' lang='grc' dir='ltr'>ἐπιτασσό-</span> 
     </span>
    </p>
   </div>
   <div class='ocr_carea' id='block_1_27' title="bbox 2492 1203 4064 1275">
    <p class='ocr_par' dir='ltr' id='par_1_27' title="bbox 2492 1203 4064 1275">
     <span class='ocr_line' id='line_1_27' title="bbox 2492 1203 4064 1275; baseline 0 -20"><span class='ocrx_word' id='word_1_182' title='bbox 2492 1221 2649 1273; x_wconf 87' lang='grc' dir='ltr'>μενον</span> <span class='ocrx_word' id='word_1_183' title='bbox 2677 1203 2793 1272; x_wconf 81' lang='grc' dir='ltr'><strong>μεο’</strong></span> <span class='ocrx_word' id='word_1_184' title='bbox 2819 1203 3011 1274; x_wconf 81' lang='grc' dir='ltr'>ἡδονῆς</span> <span class='ocrx_word' id='word_1_185' title='bbox 3049 1207 3142 1258; x_wconf 73' lang='grc' dir='ltr'>καὶ</span> <span class='ocrx_word' id='word_1_186' title='bbox 3176 1206 3387 1268; x_wconf 78' lang='grc' dir='ltr'>ἐλπίδος</span> <span class='ocrx_word' id='word_1_187' title='bbox 3436 1204 3733 1275; x_wconf 73' lang='grc' dir='ltr'>προθύμως</span> <span class='ocrx_word' id='word_1_188' title='bbox 3774 1203 4064 1270; x_wconf 75' lang='grc' dir='ltr'>ἐπιτελῶν,</span> 
     </span>
    </p>
   </div>
   <div class='ocr_carea' id='block_1_28' title="bbox 2486 1294 4065 1367">
    <p class='ocr_par' dir='ltr' id='par_1_28' title="bbox 2486 1294 4065 1367">
     <span class='ocr_line' id='line_1_28' title="bbox 2486 1294 4065 1367; baseline 0.001 -21"><span class='ocrx_word' id='word_1_189' title='bbox 2486 1296 2735 1364; x_wconf 88' lang='grc' dir='ltr'>καθάπερ</span> <span class='ocrx_word' id='word_1_190' title='bbox 2764 1294 2947 1359; x_wconf 84' lang='grc' dir='ltr'>εῦνους</span> <span class='ocrx_word' id='word_1_191' title='bbox 2974 1298 3067 1349; x_wconf 75' lang='grc' dir='ltr'>καὶ</span> <span class='ocrx_word' id='word_1_192' title='bbox 3091 1297 3296 1361; x_wconf 84' lang='grc' dir='ltr'>ἁπλοῦς</span> <span class='ocrx_word' id='word_1_193' title='bbox 3315 1296 3497 1359; x_wconf 84' lang='grc' dir='ltr'>δοῦλος</span> <span class='ocrx_word' id='word_1_194' title='bbox 3526 1297 3622 1349; x_wconf 91' lang='grc' dir='ltr'><strong>τοῦ</strong></span> <span class='ocrx_word' id='word_1_195' title='bbox 3646 1296 3904 1367; x_wconf 77' lang='grc' dir='ltr'>Χριστοῦ,</span> <span class='ocrx_word' id='word_1_196' title='bbox 3929 1297 4065 1366; x_wconf 75' lang='grc' dir='ltr'>πρὸς</span> 
     </span>
    </p>
   </div>
   <div class='ocr_carea' id='block_1_29' title="bbox 2486 1387 4065 1461">
    <p class='ocr_par' dir='ltr' id='par_1_29' title="bbox 2486 1387 4065 1461">
     <span class='ocr_line' id='line_1_29' title="bbox 2486 1387 4065 1461; baseline -0.001 -20"><span class='ocrx_word' id='word_1_197' title='bbox 2486 1391 2585 1459; x_wconf 74' lang='grc' dir='ltr'>τὴν</span> <span class='ocrx_word' id='word_1_198' title='bbox 2613 1390 2796 1459; x_wconf 77' lang='grc' dir='ltr'>κοινὴν</span> <span class='ocrx_word' id='word_1_199' title='bbox 2827 1389 2935 1441; x_wconf 89' lang='grc' dir='ltr'><strong>τῶν</strong></span> <span class='ocrx_word' id='word_1_200' title='bbox 2968 1390 3211 1457; x_wconf 77' lang='grc' dir='ltr'>ἀδελφῶν</span> <span class='ocrx_word' id='word_1_201' title='bbox 3250 1390 3437 1461; x_wconf 79' lang='grc' dir='ltr'>χρείαν</span> <span class='ocrx_word' id='word_1_202' title='bbox 3467 1390 3863 1459; x_wconf 76' lang='grc' dir='ltr'>ὴγορασμένος.</span> <span class='ocrx_word' id='word_1_203' title='bbox 3904 1387 4065 1440; x_wconf 75' lang='grc' dir='ltr'>τοῦτο</span> 
     </span>
    </p>
   </div>
   <div class='ocr_carea' id='block_1_30' title="bbox 2485 1478 4066 1551">
    <p class='ocr_par' dir='ltr' id='par_1_30' title="bbox 2485 1478 4066 1551">
     <span class='ocr_line' id='line_1_30' title="bbox 2485 1478 4066 1551; baseline 0 -21"><span class='ocrx_word' id='word_1_204' title='bbox 2485 1478 2594 1549; x_wconf 86' lang='grc' dir='ltr'><strong>γὰρ</strong></span> <span class='ocrx_word' id='word_1_205' title='bbox 2623 1482 2650 1532; x_wconf 90' lang='grc' dir='ltr'>ὁ</span> <span class='ocrx_word' id='word_1_206' title='bbox 2671 1480 2855 1550; x_wconf 87' lang='grc' dir='ltr'>κύριος</span> <span class='ocrx_word' id='word_1_207' title='bbox 2887 1480 3131 1548; x_wconf 86' lang='grc' dir='ltr'>βούλεται</span> <span class='ocrx_word' id='word_1_208' title='bbox 3165 1482 3257 1533; x_wconf 79' lang='grc' dir='ltr'>καὶ</span> <span class='ocrx_word' id='word_1_209' title='bbox 3282 1483 3541 1551; x_wconf 83' lang='grc' dir='ltr'>παραινεῖ</span> <span class='ocrx_word' id='word_1_210' title='bbox 3574 1480 3768 1546; x_wconf 81' lang='grc' dir='ltr'>λέγων·</span> <span class='ocrx_word' id='word_1_211' title='bbox 3802 1482 3837 1532; x_wconf 81' lang='grc' dir='ltr'><em>ὁ</em></span> <span class='ocrx_word' id='word_1_212' title='bbox 3868 1479 4066 1533; x_wconf 70' lang='grc' dir='ltr'>θέλων</span> 
     </span>
    </p>
   </div>
   <div class='ocr_carea' id='block_1_31' title="bbox 2483 1565 4065 1638">
    <p class='ocr_par' dir='ltr' id='par_1_31' title="bbox 2483 1565 4065 1638">
     <span class='ocr_line' id='line_1_31' title="bbox 2483 1565 4065 1638; baseline -0.001 -19"><span class='ocrx_word' id='word_1_213' title='bbox 2483 1568 2553 1619; x_wconf 82' lang='grc' dir='ltr'><strong>ἐν</strong></span> <span class='ocrx_word' id='word_1_214' title='bbox 2585 1570 2727 1637; x_wconf 79' lang='grc' dir='ltr'>ὑμῖν</span> <span class='ocrx_word' id='word_1_215' title='bbox 2765 1565 2916 1621; x_wconf 75' lang='grc' dir='ltr'>εἶναι</span> <span class='ocrx_word' id='word_1_216' title='bbox 2965 1568 3195 1635; x_wconf 80' lang='grc' dir='ltr'>πρῶτος</span> <span class='ocrx_word' id='word_1_217' title='bbox 3239 1570 3337 1621; x_wconf 78' lang='grc' dir='ltr'><strong>καί</strong></span> <span class='ocrx_word' id='word_1_218' title='bbox 3362 1571 3569 1638; x_wconf 78' lang='grc' dir='ltr'>μέγας,</span> <span class='ocrx_word' id='word_1_219' title='bbox 3616 1570 3773 1621; x_wconf 77' lang='grc' dir='ltr'>ἔστω</span> <span class='ocrx_word' id='word_1_220' title='bbox 3819 1568 4065 1619; x_wconf 67' lang='grc' dir='ltr'>πάντων</span> 
     </span>
    </p>
   </div>
   <div class='ocr_carea' id='block_1_32' title="bbox 2484 1657 4062 1728">
    <p class='ocr_par' dir='ltr' id='par_1_32' title="bbox 2484 1657 4062 1728">
     <span class='ocr_line' id='line_1_32' title="bbox 2484 1657 4062 1728; baseline 0.001 -17"><span class='ocrx_word' id='word_1_221' title='bbox 2484 1659 2765 1728; x_wconf 81' lang='grc' dir='ltr'>ἔσχατος,</span> <span class='ocrx_word' id='word_1_222' title='bbox 2803 1660 2901 1713; x_wconf 79' lang='grc' dir='ltr'><strong>καί</strong></span> <span class='ocrx_word' id='word_1_223' title='bbox 2942 1660 3183 1713; x_wconf 78' lang='grc' dir='ltr'>πάντων</span> <span class='ocrx_word' id='word_1_224' title='bbox 3211 1658 3516 1725; x_wconf 72' lang='grc' dir='ltr'>διάκονος,</span> <span class='ocrx_word' id='word_1_225' title='bbox 3545 1659 3640 1712; x_wconf 74' lang='grc' dir='ltr'><strong>καί</strong></span> <span class='ocrx_word' id='word_1_226' title='bbox 3664 1658 3904 1711; x_wconf 74' lang='grc' dir='ltr'>πάντων</span> <span class='ocrx_word' id='word_1_227' title='bbox 3922 1657 4062 1712; x_wconf 80' lang='grc' dir='ltr'>δοῦ-</span> 
     </span>
    </p>
   </div>
   <div class='ocr_carea' id='block_1_33' title="bbox 2483 1748 4065 1822">
    <p class='ocr_par' dir='ltr' id='par_1_33' title="bbox 2483 1748 4065 1822">
     <span class='ocr_line' id='line_1_33' title="bbox 2483 1748 4065 1822; baseline -0.002 -19"><span class='ocrx_word' id='word_1_228' title='bbox 2483 1753 2616 1815; x_wconf 78' lang='grc' dir='ltr'>λος.</span> <span class='ocrx_word' id='word_1_229' title='bbox 2665 1752 2772 1822; x_wconf 80' lang='grc' dir='ltr'>χρὴ</span> <span class='ocrx_word' id='word_1_230' title='bbox 2819 1748 2912 1805; x_wconf 83' lang='grc' dir='ltr'><strong>οῦν</strong></span> <span class='ocrx_word' id='word_1_231' title='bbox 2960 1753 3058 1820; x_wconf 83' lang='grc' dir='ltr'>τὴν</span> <span class='ocrx_word' id='word_1_232' title='bbox 3104 1751 3348 1803; x_wconf 77' lang='grc' dir='ltr'>δουλείαν</span> <span class='ocrx_word' id='word_1_233' title='bbox 3390 1749 3543 1819; x_wconf 86' lang='grc' dir='ltr'><strong>παρά</strong></span> <span class='ocrx_word' id='word_1_234' title='bbox 3589 1752 3700 1811; x_wconf 84' lang='grc' dir='ltr'>τοῖς</span> <span class='ocrx_word' id='word_1_235' title='bbox 3753 1749 4065 1819; x_wconf 72' lang='grc' dir='ltr'>ἀνθρώποις</span> 
     </span>
    </p>
   </div>
   <div class='ocr_carea' id='block_1_34' title="bbox 812 1838 2497 1913">
    <p class='ocr_par' dir='ltr' id='par_1_34' title="bbox 812 1839 2497 1909">
     <span class='ocr_line' id='line_1_34' title="bbox 812 1839 2497 1909; baseline 0.001 -13"><span class='ocrx_word' id='word_1_236' title='bbox 812 1841 1073 1897; x_wconf 82' lang='lat' dir='ltr'><strong>servienti</strong></span> <span class='ocrx_word' id='word_1_237' title='bbox 1118 1840 1313 1895; x_wconf 71' lang='lat' dir='ltr'><strong>aﬂerre</strong></span> <span class='ocrx_word' id='word_1_238' title='bbox 1353 1842 1618 1895; x_wconf 89' lang='lat' dir='ltr'><strong>honorem</strong></span> <span class='ocrx_word' id='word_1_239' title='bbox 1667 1840 1753 1894; x_wconf 89' lang='lat' dir='ltr'><strong>vel</strong></span> <span class='ocrx_word' id='word_1_240' title='bbox 1796 1840 2045 1909; x_wconf 79' lang='lat' dir='ltr'><strong>gloriam,</strong></span> <span class='ocrx_word' id='word_1_241' title='bbox 2085 1854 2153 1893; x_wconf 91' lang='lat' dir='ltr'><strong>ne</strong></span> <span class='ocrx_word' id='word_1_242' title='bbox 2191 1849 2379 1894; x_wconf 92' lang='lat' dir='ltr'><strong>contra</strong></span> <span class='ocrx_word' id='word_1_243' title='bbox 2412 1839 2497 1897; x_wconf 72' lang='lat' dir='ltr'><strong>Bt</strong></span> 
     </span>
    </p>
   </div>
   <div class='ocr_carea' id='block_1_35' title="bbox 2376 1838 4061 1913">
    <p class='ocr_par' dir='ltr' id='par_1_35' title="bbox 2376 1838 4061 1913">
     <span class='ocr_line' id='line_1_35' title="bbox 2376 1838 4061 1913; baseline -0.001 -20"><span class='ocrx_word' id='word_1_244' title='bbox 2376 1865 2379 1893; x_wconf 90' lang='grc' dir='ltr'><strong>ι</strong></span> <span class='ocrx_word' id='word_1_245' title='bbox 2412 1839 2453 1893; x_wconf 84' lang='grc' dir='ltr'><strong>Β</strong></span> <span class='ocrx_word' id='word_1_246' title='bbox 2481 1843 2729 1913; x_wconf 78' lang='grc' dir='ltr'>ἄκαρπον</span> <span class='ocrx_word' id='word_1_247' title='bbox 2752 1838 2890 1897; x_wconf 77' lang='grc' dir='ltr'>εἶναι</span> <span class='ocrx_word' id='word_1_248' title='bbox 2908 1884 2922 1903; x_wconf 83' lang='grc'><strong>,</strong></span> <span class='ocrx_word' id='word_1_249' title='bbox 2947 1843 3041 1896; x_wconf 75' lang='grc' dir='ltr'>καὶ</span> <span class='ocrx_word' id='word_1_250' title='bbox 3071 1843 3339 1913; x_wconf 86' lang='grc' dir='ltr'>μηδεμίαν</span> <span class='ocrx_word' id='word_1_251' title='bbox 3363 1842 3633 1910; x_wconf 74' lang='grc' dir='ltr'>φέρουσαν</span> <span class='ocrx_word' id='word_1_252' title='bbox 3655 1839 3731 1910; x_wconf 83' lang='grc' dir='ltr'>τῷ</span> <span class='ocrx_word' id='word_1_253' title='bbox 3757 1840 4061 1892; x_wconf 79' lang='grc' dir='ltr'>δουλεύοντι</span> 
     </span>
    </p>
   </div>
   <div class='ocr_carea' id='block_1_36' title="bbox 813 1930 2377 2002">
    <p class='ocr_par' dir='ltr' id='par_1_36' title="bbox 813 1930 2377 2002">
     <span class='ocr_line' id='line_1_36' title="bbox 813 1930 2377 2002; baseline -0.004 -14"><span class='ocrx_word' id='word_1_254' title='bbox 813 1933 1147 2002; x_wconf 89' lang='lat' dir='ltr'><strong>Scripturam</strong></span> <span class='ocrx_word' id='word_1_255' title='bbox 1180 1933 1333 2002; x_wconf 89' lang='lat' dir='ltr'><strong>quasi</strong></span> <span class='ocrx_word' id='word_1_256' title='bbox 1382 1933 1670 1985; x_wconf 84' lang='lat' dir='ltr'><strong>hominibus</strong></span> <span class='ocrx_word' id='word_1_257' title='bbox 1710 1930 1922 2001; x_wconf 81' lang='lat' dir='ltr'><strong>placens</strong></span> <span class='ocrx_word' id='word_1_258' title='bbox 1970 1930 2243 1993; x_wconf 88' lang='lat' dir='ltr'><strong>videatur,</strong></span> <span class='ocrx_word' id='word_1_259' title='bbox 2283 1946 2377 1998; x_wconf 85' lang='lat' dir='ltr'><strong>ap-</strong></span> 
     </span>
    </p>
   </div>
   <div class='ocr_carea' id='block_1_37' title="bbox 812 2022 2376 2094">
    <p class='ocr_par' dir='ltr' id='par_1_37' title="bbox 812 2022 2376 2094">
     <span class='ocr_line' id='line_1_37' title="bbox 812 2022 2376 2094; baseline -0.003 -15"><span class='ocrx_word' id='word_1_260' title='bbox 812 2038 1066 2094; x_wconf 82' lang='lat' dir='ltr'><strong>pareatve</strong></span> <span class='ocrx_word' id='word_1_261' title='bbox 1105 2026 1171 2078; x_wconf 82' lang='lat' dir='ltr'><strong>ad</strong></span> <span class='ocrx_word' id='word_1_262' title='bbox 1202 2023 1408 2077; x_wconf 82' lang='lat' dir='ltr'><strong>oculum</strong></span> <span class='ocrx_word' id='word_1_263' title='bbox 1429 2026 1653 2078; x_wconf 77' lang='lat' dir='ltr'><strong>serviens</strong></span> <span class='ocrx_word' id='word_1_264' title='bbox 1691 2024 1789 2093; x_wconf 69' lang='lat'><strong>(2),</strong></span> <span class='ocrx_word' id='word_1_265' title='bbox 1826 2038 2002 2090; x_wconf 88' lang='lat' dir='ltr'><strong>neque</strong></span> <span class='ocrx_word' id='word_1_266' title='bbox 2043 2022 2376 2086; x_wconf 89' lang='lat' dir='ltr'><strong>hominibus,</strong></span> 
     </span>
    </p>
   </div>
   <div class='ocr_carea' id='block_1_38' title="bbox 812 2114 2383 2186">
    <p class='ocr_par' dir='ltr' id='par_1_38' title="bbox 812 2114 2383 2186">
     <span class='ocr_line' id='line_1_38' title="bbox 812 2114 2383 2186; baseline -0.003 -15"><span class='ocrx_word' id='word_1_267' title='bbox 812 2117 908 2171; x_wconf 77' lang='lat' dir='ltr'><strong>sed</strong></span> <span class='ocrx_word' id='word_1_268' title='bbox 946 2130 1005 2170; x_wconf 89' lang='lat' dir='ltr'><strong>ut</strong></span> <span class='ocrx_word' id='word_1_269' title='bbox 1046 2117 1148 2186; x_wconf 77' lang='lat' dir='ltr'><strong>ipsi</strong></span> <span class='ocrx_word' id='word_1_270' title='bbox 1194 2116 1424 2170; x_wconf 89' lang='lat' dir='ltr'><strong>Domino</strong></span> <span class='ocrx_word' id='word_1_271' title='bbox 1467 2116 1729 2178; x_wconf 89' lang='lat' dir='ltr'><strong>serviens,</strong></span> <span class='ocrx_word' id='word_1_272' title='bbox 1766 2123 2079 2183; x_wconf 90' lang='lat' dir='ltr'><strong>aretamque</strong></span> <span class='ocrx_word' id='word_1_273' title='bbox 2118 2114 2260 2168; x_wconf 90' lang='lat' dir='ltr'><strong>viam</strong></span> <span class='ocrx_word' id='word_1_274' title='bbox 2301 2114 2383 2167; x_wconf 91' lang='lat' dir='ltr'><strong>in-</strong></span> 
     </span>
    </p>
   </div>
   <div class='ocr_carea' id='block_1_39' title="bbox 810 2203 2381 2276">
    <p class='ocr_par' dir='ltr' id='par_1_39' title="bbox 810 2203 2381 2276">
     <span class='ocr_line' id='line_1_39' title="bbox 810 2203 2381 2276; baseline -0.003 -15"><span class='ocrx_word' id='word_1_275' title='bbox 810 2208 1029 2262; x_wconf 84' lang='lat' dir='ltr'><strong>sistens.</strong></span> <span class='ocrx_word' id='word_1_276' title='bbox 1087 2207 1189 2263; x_wconf 84' lang='lat' dir='ltr'><strong>Uni</strong></span> <span class='ocrx_word' id='word_1_277' title='bbox 1238 2207 1383 2260; x_wconf 91' lang='lat' dir='ltr'><strong>illius</strong></span> <span class='ocrx_word' id='word_1_278' title='bbox 1430 2206 1555 2276; x_wconf 88' lang='lat' dir='ltr'><strong>iugo</strong></span> <span class='ocrx_word' id='word_1_279' title='bbox 1596 2214 1846 2275; x_wconf 90' lang='lat' dir='ltr'><strong>prompte</strong></span> <span class='ocrx_word' id='word_1_280' title='bbox 1895 2204 2094 2258; x_wconf 86' lang='lat' dir='ltr'><strong>collum</strong></span> <span class='ocrx_word' id='word_1_281' title='bbox 2147 2203 2381 2258; x_wconf 88' lang='lat' dir='ltr'><strong>submit-</strong></span> 
     </span>
    </p>
   </div>
   <div class='ocr_carea' id='block_1_40' title="bbox 811 2294 2382 2367">
    <p class='ocr_par' dir='ltr' id='par_1_40' title="bbox 811 2294 2382 2367">
     <span class='ocr_line' id='line_1_40' title="bbox 811 2294 2382 2367; baseline -0.001 -16"><span class='ocrx_word' id='word_1_282' title='bbox 811 2305 951 2358; x_wconf 88' lang='lat' dir='ltr'><strong>tens.</strong></span> <span class='ocrx_word' id='word_1_283' title='bbox 986 2297 1149 2366; x_wconf 84' lang='lat' dir='ltr'><strong>idque</strong></span> <span class='ocrx_word' id='word_1_284' title='bbox 1190 2307 1413 2367; x_wconf 87' lang='lat' dir='ltr'><strong>portans</strong></span> <span class='ocrx_word' id='word_1_285' title='bbox 1462 2297 1827 2359; x_wconf 85' lang='lat' dir='ltr'><strong>continenter,</strong></span> <span class='ocrx_word' id='word_1_286' title='bbox 1860 2296 1915 2349; x_wconf 90' lang='lat' dir='ltr'><strong>in</strong></span> <span class='ocrx_word' id='word_1_287' title='bbox 1952 2296 2228 2364; x_wconf 88' lang='lat' dir='ltr'><strong>voluptate</strong></span> <span class='ocrx_word' id='word_1_288' title='bbox 2271 2294 2382 2350; x_wconf 85' lang='lat' dir='ltr'><strong>fer-</strong></span> 
     </span>
    </p>
   </div>
   <div class='ocr_carea' id='block_1_41' title="bbox 812 2387 2384 2457">
    <p class='ocr_par' dir='ltr' id='par_1_41' title="bbox 812 2387 2384 2457">
     <span class='ocr_line' id='line_1_41' title="bbox 812 2387 2384 2457; baseline 0 -14"><span class='ocrx_word' id='word_1_289' title='bbox 812 2398 903 2443; x_wconf 88' lang='lat' dir='ltr'><strong>tur</strong></span> <span class='ocrx_word' id='word_1_290' title='bbox 931 2389 996 2443; x_wconf 90' lang='lat' dir='ltr'><strong>ad</strong></span> <span class='ocrx_word' id='word_1_291' title='bbox 1034 2389 1196 2443; x_wconf 86' lang='lat' dir='ltr'><strong>finem</strong></span> <span class='ocrx_word' id='word_1_292' title='bbox 1224 2404 1349 2444; x_wconf 91' lang='lat' dir='ltr'><strong>cum</strong></span> <span class='ocrx_word' id='word_1_293' title='bbox 1387 2388 1529 2443; x_wconf 89' lang='lat' dir='ltr'><strong>bona</strong></span> <span class='ocrx_word' id='word_1_294' title='bbox 1562 2403 1675 2457; x_wconf 90' lang='lat' dir='ltr'><strong>spe.</strong></span> <span class='ocrx_word' id='word_1_295' title='bbox 1706 2388 1879 2442; x_wconf 91' lang='lat' dir='ltr'><strong>Debet</strong></span> <span class='ocrx_word' id='word_1_296' title='bbox 1909 2388 2076 2457; x_wconf 88' lang='lat' dir='ltr'><strong>igitur</strong></span> <span class='ocrx_word' id='word_1_297' title='bbox 2105 2387 2384 2443; x_wconf 87' lang='lat' dir='ltr'><strong>subiectus</strong></span> 
     </span>
    </p>
   </div>
   <div class='ocr_carea' id='block_1_42' title="bbox 810 2479 2382 2549">
    <p class='ocr_par' dir='ltr' id='par_1_42' title="bbox 810 2479 2382 2549">
     <span class='ocr_line' id='line_1_42' title="bbox 810 2479 2382 2549; baseline -0.002 -13"><span class='ocrx_word' id='word_1_298' title='bbox 810 2498 931 2537; x_wconf 88' lang='lat' dir='ltr'><strong>esse</strong></span> <span class='ocrx_word' id='word_1_299' title='bbox 974 2482 1249 2545; x_wconf 91' lang='lat' dir='ltr'><strong>omnibus,</strong></span> <span class='ocrx_word' id='word_1_300' title='bbox 1284 2492 1339 2536; x_wconf 91' lang='lat' dir='ltr'><strong>et</strong></span> <span class='ocrx_word' id='word_1_301' title='bbox 1375 2491 1631 2549; x_wconf 88' lang='lat' dir='ltr'><strong>tanquam</strong></span> <span class='ocrx_word' id='word_1_302' title='bbox 1668 2480 1845 2534; x_wconf 91' lang='lat' dir='ltr'><strong>mutui</strong></span> <span class='ocrx_word' id='word_1_303' title='bbox 1882 2479 1992 2533; x_wconf 90' lang='lat' dir='ltr'><strong>dati</strong></span> <span class='ocrx_word' id='word_1_304' title='bbox 2031 2479 2248 2533; x_wconf 90' lang='lat' dir='ltr'><strong>debitor</strong></span> <span class='ocrx_word' id='word_1_305' title='bbox 2277 2480 2382 2533; x_wconf 88' lang='lat' dir='ltr'><strong>mi-</strong></span> 
     </span>
    </p>
   </div>
   <div class='ocr_carea' id='block_1_43' title="bbox 809 2571 2385 2636">
    <p class='ocr_par' dir='ltr' id='par_1_43' title="bbox 809 2571 2385 2636">
     <span class='ocr_line' id='line_1_43' title="bbox 809 2571 2385 2636; baseline -0.001 -9"><span class='ocrx_word' id='word_1_306' title='bbox 809 2573 1043 2627; x_wconf 90' lang='lat' dir='ltr'><strong>nistrare</strong></span> <span class='ocrx_word' id='word_1_307' title='bbox 1073 2572 1357 2636; x_wconf 82' lang='lat' dir='ltr'><strong>fratribus,</strong></span> <span class='ocrx_word' id='word_1_308' title='bbox 1389 2571 1635 2626; x_wconf 90' lang='lat' dir='ltr'><strong>omnium</strong></span> <span class='ocrx_word' id='word_1_309' title='bbox 1667 2572 1817 2625; x_wconf 90' lang='lat' dir='ltr'><strong>curis</strong></span> <span class='ocrx_word' id='word_1_310' title='bbox 1854 2571 1909 2623; x_wconf 91' lang='lat' dir='ltr'><strong>in</strong></span> <span class='ocrx_word' id='word_1_311' title='bbox 1949 2571 2131 2625; x_wconf 88' lang='lat' dir='ltr'><strong>anima</strong></span> <span class='ocrx_word' id='word_1_312' title='bbox 2161 2586 2259 2624; x_wconf 89' lang='lat' dir='ltr'><strong>sua</strong></span> <span class='ocrx_word' id='word_1_313' title='bbox 2298 2586 2385 2625; x_wconf 92' lang='lat' dir='ltr'><strong>re-</strong></span> 
     </span>
    </p>
   </div>
   <div class='ocr_carea' id='block_1_44' title="bbox 809 2660 2386 2734">
    <p class='ocr_par' dir='ltr' id='par_1_44' title="bbox 809 2660 2386 2734">
     <span class='ocr_line' id='line_1_44' title="bbox 809 2660 2386 2734; baseline -0.003 -15"><span class='ocrx_word' id='word_1_314' title='bbox 809 2665 1034 2734; x_wconf 89' lang='lat' dir='ltr'><strong>positis,</strong></span> <span class='ocrx_word' id='word_1_315' title='bbox 1097 2663 1441 2733; x_wconf 89' lang='lat' dir='ltr'><strong>reddensque</strong></span> <span class='ocrx_word' id='word_1_316' title='bbox 1494 2662 1732 2717; x_wconf 89' lang='lat' dir='ltr'><strong>debitam</strong></span> <span class='ocrx_word' id='word_1_317' title='bbox 1792 2662 2096 2716; x_wconf 86' lang='lat' dir='ltr'><strong>caritatem.</strong></span> <span class='ocrx_word' id='word_1_318' title='bbox 2159 2660 2386 2731; x_wconf 91' lang='lat' dir='ltr'><strong>Oportet</strong></span> 
     </span>
    </p>
   </div>
   <div class='ocr_carea' id='block_1_45' title="bbox 811 2753 2385 2825">
    <p class='ocr_par' dir='ltr' id='par_1_45' title="bbox 811 2753 2385 2825">
     <span class='ocr_line' id='line_1_45' title="bbox 811 2753 2385 2825; baseline -0.003 -14"><span class='ocrx_word' id='word_1_319' title='bbox 811 2765 995 2811; x_wconf 87' lang='lat' dir='ltr'><strong>autem</strong></span> <span class='ocrx_word' id='word_1_320' title='bbox 1052 2755 1218 2809; x_wconf 90' lang='lat' dir='ltr'><strong>etiam</strong></span> <span class='ocrx_word' id='word_1_321' title='bbox 1272 2754 1611 2825; x_wconf 90' lang='lat' dir='ltr'><strong>praepositos</strong></span> <span class='ocrx_word' id='word_1_322' title='bbox 1663 2753 1961 2823; x_wconf 90' lang='lat' dir='ltr'><strong>spiritualis</strong></span> <span class='ocrx_word' id='word_1_323' title='bbox 2018 2753 2171 2807; x_wconf 88' lang='lat' dir='ltr'><strong>chori</strong></span> <span class='ocrx_word' id='word_1_324' title='bbox 2221 2768 2385 2808; x_wconf 87' lang='lat' dir='ltr'><strong>curae</strong></span> 
     </span>
    </p>
   </div>
   <div class='ocr_carea' id='block_1_46' title="bbox 808 2844 2385 2915">
    <p class='ocr_par' dir='ltr' id='par_1_46' title="bbox 808 2844 2385 2915">
     <span class='ocr_line' id='line_1_46' title="bbox 808 2844 2385 2915; baseline -0.003 -13"><span class='ocrx_word' id='word_1_325' title='bbox 808 2846 915 2903; x_wconf 79' lang='lat' dir='ltr'><strong>sibi</strong></span> <span class='ocrx_word' id='word_1_326' title='bbox 952 2847 1317 2902; x_wconf 90' lang='lat' dir='ltr'><strong>incumbentis</strong></span> <span class='ocrx_word' id='word_1_327' title='bbox 1350 2844 1778 2915; x_wconf 87' lang='lat' dir='ltr'><strong>magnitudinem</strong></span> <span class='ocrx_word' id='word_1_328' title='bbox 1808 2844 2105 2907; x_wconf 84' lang='lat' dir='ltr'><strong>intuentes,</strong></span> <span class='ocrx_word' id='word_1_329' title='bbox 2133 2853 2385 2911; x_wconf 85' lang='lat' dir='ltr'><strong>artesque</strong></span> 
     </span>
    </p>
   </div>
   <div class='ocr_carea' id='block_1_47' title="bbox 810 2933 2383 3002">
    <p class='ocr_par' dir='ltr' id='par_1_47' title="bbox 810 2933 2383 3002">
     <span class='ocr_line' id='line_1_47' title="bbox 810 2933 2383 3002; baseline -0.003 -11"><span class='ocrx_word' id='word_1_330' title='bbox 810 2936 1121 2991; x_wconf 86' lang='lat' dir='ltr'><strong>insidiantis</strong></span> <span class='ocrx_word' id='word_1_331' title='bbox 1160 2935 1285 2990; x_wconf 81' lang='lat' dir='ltr'><strong>fidei</strong></span> <span class='ocrx_word' id='word_1_332' title='bbox 1325 2935 1562 2991; x_wconf 85' lang='lat' dir='ltr'><strong>malitiae</strong></span> <span class='ocrx_word' id='word_1_333' title='bbox 1584 2933 1952 2997; x_wconf 85' lang='lat' dir='ltr'><strong>attendentes,</strong></span> <span class='ocrx_word' id='word_1_334' title='bbox 1992 2933 2151 3002; x_wconf 80' lang='lat' dir='ltr'><strong>digne</strong></span> <span class='ocrx_word' id='word_1_335' title='bbox 2174 2933 2383 3001; x_wconf 89' lang='lat' dir='ltr'><strong>praesi-</strong></span> 
     </span>
    </p>
   </div>
   <div class='ocr_carea' id='block_1_48' title="bbox 810 3023 2385 3095">
    <p class='ocr_par' dir='ltr' id='par_1_48' title="bbox 810 3023 2385 3095">
     <span class='ocr_line' id='line_1_48' title="bbox 810 3023 2385 3095; baseline -0.004 -14"><span class='ocrx_word' id='word_1_336' title='bbox 810 3026 903 3082; x_wconf 89' lang='lat' dir='ltr'><strong>dio</strong></span> <span class='ocrx_word' id='word_1_337' title='bbox 949 3042 1049 3080; x_wconf 89' lang='lat' dir='ltr'><strong>suo</strong></span> <span class='ocrx_word' id='word_1_338' title='bbox 1087 3034 1319 3088; x_wconf 89' lang='lat' dir='ltr'><strong>certare,</strong></span> <span class='ocrx_word' id='word_1_339' title='bbox 1355 3041 1456 3080; x_wconf 89' lang='lat' dir='ltr'><strong>nec</strong></span> <span class='ocrx_word' id='word_1_340' title='bbox 1493 3026 1564 3079; x_wconf 93' lang='lat' dir='ltr'><strong>ob</strong></span> <span class='ocrx_word' id='word_1_341' title='bbox 1598 3032 1921 3095; x_wconf 87' lang='lat' dir='ltr'><strong>potestatem</strong></span> <span class='ocrx_word' id='word_1_342' title='bbox 1962 3036 2238 3077; x_wconf 88' lang='lat' dir='ltr'><strong>assumere</strong></span> <span class='ocrx_word' id='word_1_343' title='bbox 2277 3023 2385 3091; x_wconf 88' lang='lat' dir='ltr'><strong>spi-</strong></span> 
     </span>
    </p>
   </div>
   <div class='ocr_carea' id='block_1_49' title="bbox 811 3110 2380 3183">
    <p class='ocr_par' dir='ltr' id='par_1_49' title="bbox 811 3110 2380 3183">
     <span class='ocr_line' id='line_1_49' title="bbox 811 3110 2380 3183; baseline -0.003 -14"><span class='ocrx_word' id='word_1_344' title='bbox 811 3118 997 3171; x_wconf 88' lang='lat' dir='ltr'><strong>ritum.</strong></span> <span class='ocrx_word' id='word_1_345' title='bbox 1026 3116 1140 3169; x_wconf 85' lang='lat' dir='ltr'><strong>Hoc</strong></span> <span class='ocrx_word' id='word_1_346' title='bbox 1163 3115 1310 3170; x_wconf 90' lang='lat' dir='ltr'><strong>enim</strong></span> <span class='ocrx_word' id='word_1_347' title='bbox 1339 3114 1461 3169; x_wconf 89' lang='lat' dir='ltr'><strong>loco</strong></span> <span class='ocrx_word' id='word_1_348' title='bbox 1485 3122 1571 3168; x_wconf 90' lang='lat' dir='ltr'><strong>est</strong></span> <span class='ocrx_word' id='word_1_349' title='bbox 1589 3113 1924 3183; x_wconf 74' lang='lat' dir='ltr'><strong>periculum.</strong></span> <span class='ocrx_word' id='word_1_350' title='bbox 1959 3110 2027 3166; x_wconf 88' lang='lat' dir='ltr'><strong>Et</strong></span> <span class='ocrx_word' id='word_1_351' title='bbox 2061 3121 2189 3165; x_wconf 89' lang='lat' dir='ltr'><strong>sunt</strong></span> <span class='ocrx_word' id='word_1_352' title='bbox 2222 3126 2380 3180; x_wconf 88' lang='lat' dir='ltr'><strong>quos,</strong></span> 
     </span>
    </p>
   </div>
   <div class='ocr_carea' id='block_1_50' title="bbox 2484 1932 4064 2005">
    <p class='ocr_par' dir='ltr' id='par_1_50' title="bbox 2484 1932 4064 2005">
     <span class='ocr_line' id='line_1_50' title="bbox 2484 1932 4064 2005; baseline -0.003 -18"><span class='ocrx_word' id='word_1_353' title='bbox 2484 1934 2648 2005; x_wconf 86' lang='grc' dir='ltr'>τιμὴν</span> <span class='ocrx_word' id='word_1_354' title='bbox 2693 1936 2826 2005; x_wconf 81' lang='grc' dir='ltr'>μηδὲ</span> <span class='ocrx_word' id='word_1_355' title='bbox 2872 1934 3048 1999; x_wconf 80' lang='grc' dir='ltr'>δόξαν,</span> <span class='ocrx_word' id='word_1_356' title='bbox 3082 1936 3229 1997; x_wconf 86' lang='grc' dir='ltr'>ὅπως</span> <span class='ocrx_word' id='word_1_357' title='bbox 3274 1935 3350 2004; x_wconf 84' lang='grc' dir='ltr'>μὴ</span> <span class='ocrx_word' id='word_1_358' title='bbox 3391 1934 3540 2004; x_wconf 85' lang='grc' dir='ltr'><strong>παρά</strong></span> <span class='ocrx_word' id='word_1_359' title='bbox 3585 1934 3645 1985; x_wconf 86' lang='grc' dir='ltr'>τὸ</span> <span class='ocrx_word' id='word_1_360' title='bbox 3674 1932 4064 2002; x_wconf 78' lang='grc' dir='ltr'>γεγραμμένον</span> 
     </span>
    </p>
   </div>
   <div class='ocr_carea' id='block_1_51' title="bbox 2482 2025 4065 2095">
    <p class='ocr_par' dir='ltr' id='par_1_51' title="bbox 2482 2025 4065 2095">
     <span class='ocr_line' id='line_1_51' title="bbox 2482 2025 4065 2095; baseline -0.003 -16"><span class='ocrx_word' id='word_1_361' title='bbox 2482 2026 2983 2095; x_wconf 68' lang='grc' dir='ltr'>ἀνθρωπάρεσκος</span> <span class='ocrx_word' id='word_1_362' title='bbox 3030 2027 3307 2095; x_wconf 85' lang='grc' dir='ltr'>φαίνοιτο,</span> <span class='ocrx_word' id='word_1_363' title='bbox 3365 2025 3713 2095; x_wconf 73' lang='grc' dir='ltr'>σχηματίζων</span> <span class='ocrx_word' id='word_1_364' title='bbox 3760 2025 3954 2077; x_wconf 76' lang='grc' dir='ltr'>ἑαυτὸν</span> <span class='ocrx_word' id='word_1_365' title='bbox 4006 2027 4065 2076; x_wconf 79' lang='grc' dir='ltr'>ὲν</span> 
     </span>
    </p>
   </div>
   <div class='ocr_carea' id='block_1_52' title="bbox 2481 2116 4063 2187">
    <p class='ocr_par' dir='ltr' id='par_1_52' title="bbox 2481 2116 4063 2187">
     <span class='ocr_line' id='line_1_52' title="bbox 2481 2116 4063 2187; baseline -0.001 -18"><span class='ocrx_word' id='word_1_366' title='bbox 2481 2116 2999 2186; x_wconf 66' lang='grc' dir='ltr'>ὀφθαλμοδουλείςι</span> <span class='ocrx_word' id='word_1_367' title='bbox 3033 2119 3099 2186; x_wconf 80' lang='grc'><strong>³),</strong></span> <span class='ocrx_word' id='word_1_368' title='bbox 3137 2117 3270 2187; x_wconf 73' lang='grc' dir='ltr'>μηδὲ</span> <span class='ocrx_word' id='word_1_369' title='bbox 3300 2116 3626 2187; x_wconf 81' lang='grc' dir='ltr'>ἀνθρώποις,</span> <span class='ocrx_word' id='word_1_370' title='bbox 3670 2116 3783 2169; x_wconf 75' lang='grc' dir='ltr'>ἀλλ’</span> <span class='ocrx_word' id='word_1_371' title='bbox 3811 2116 3887 2178; x_wconf 83' lang='grc' dir='ltr'>ὡς</span> <span class='ocrx_word' id='word_1_372' title='bbox 3912 2116 4063 2185; x_wconf 80' lang='grc' dir='ltr'>αὐτῷ</span> 
     </span>
    </p>
   </div>
   <div class='ocr_carea' id='block_1_53' title="bbox 2479 2205 4063 2278">
    <p class='ocr_par' dir='ltr' id='par_1_53' title="bbox 2479 2205 4063 2278">
     <span class='ocr_line' id='line_1_53' title="bbox 2479 2205 4063 2278; baseline -0.001 -18"><span class='ocrx_word' id='word_1_373' title='bbox 2479 2207 2557 2277; x_wconf 83' lang='grc' dir='ltr'>τῷ</span> <span class='ocrx_word' id='word_1_374' title='bbox 2589 2208 2762 2278; x_wconf 81' lang='grc' dir='ltr'>κυρίῳ</span> <span class='ocrx_word' id='word_1_375' title='bbox 2802 2206 3089 2272; x_wconf 83' lang='grc' dir='ltr'>δουλεύων,</span> <span class='ocrx_word' id='word_1_376' title='bbox 3128 2208 3223 2260; x_wconf 78' lang='grc' dir='ltr'>καὶ</span> <span class='ocrx_word' id='word_1_377' title='bbox 3274 2207 3371 2277; x_wconf 83' lang='grc' dir='ltr'>τὴν</span> <span class='ocrx_word' id='word_1_378' title='bbox 3413 2207 3781 2276; x_wconf 69' lang='grc' dir='ltr'>τεθλιμμένη-ι</span> <span class='ocrx_word' id='word_1_379' title='bbox 3827 2205 4063 2275; x_wconf 74' lang='grc' dir='ltr'>βαδίζων</span> 
     </span>
    </p>
   </div>
   <div class='ocr_carea' id='block_1_54' title="bbox 2479 2298 4061 2369">
    <p class='ocr_par' dir='ltr' id='par_1_54' title="bbox 2479 2298 4061 2369">
     <span class='ocr_line' id='line_1_54' title="bbox 2479 2298 4061 2369; baseline -0.003 -16"><span class='ocrx_word' id='word_1_380' title='bbox 2479 2300 2617 2353; x_wconf 80' lang='grc' dir='ltr'>ὁδόν.</span> <span class='ocrx_word' id='word_1_381' title='bbox 2662 2300 2743 2353; x_wconf 74' lang='grc' dir='ltr'><strong>ἑνὶ</strong></span> <span class='ocrx_word' id='word_1_382' title='bbox 2766 2300 2810 2362; x_wconf 77' lang='grc'><strong>⁸)</strong></span> <span class='ocrx_word' id='word_1_383' title='bbox 2840 2299 2917 2368; x_wconf 83' lang='grc' dir='ltr'>τῷ</span> <span class='ocrx_word' id='word_1_384' title='bbox 2944 2298 3150 2352; x_wconf 77' lang='grc' dir='ltr'>ἐκείνου</span> <span class='ocrx_word' id='word_1_385' title='bbox 3190 2298 3340 2368; x_wconf 80' lang='grc' dir='ltr'><strong>ζυγῷ</strong></span> <span class='ocrx_word' id='word_1_386' title='bbox 3370 2298 3665 2369; x_wconf 75' lang='grc' dir='ltr'>προθύμως</span> <span class='ocrx_word' id='word_1_387' title='bbox 3712 2298 3935 2360; x_wconf 76' lang='grc' dir='ltr'>ὑποθεὶς</span> <span class='ocrx_word' id='word_1_388' title='bbox 3969 2298 4061 2349; x_wconf 74' lang='grc' dir='ltr'>τὸν</span> 
     </span>
    </p>
   </div>
   <div class='ocr_carea' id='block_1_55' title="bbox 2481 2389 4061 2463">
    <p class='ocr_par' dir='ltr' id='par_1_55' title="bbox 2481 2389 4061 2463">
     <span class='ocr_line' id='line_1_55' title="bbox 2481 2389 4061 2463; baseline -0.003 -17"><span class='ocrx_word' id='word_1_389' title='bbox 2481 2394 2703 2463; x_wconf 79' lang='grc' dir='ltr'>αὐχένα,</span> <span class='ocrx_word' id='word_1_390' title='bbox 2743 2394 2835 2446; x_wconf 70' lang='grc' dir='ltr'>καὶ</span> <span class='ocrx_word' id='word_1_391' title='bbox 2866 2390 3149 2461; x_wconf 74' lang='grc' dir='ltr'>βαστάζων</span> <span class='ocrx_word' id='word_1_392' title='bbox 3174 2391 3261 2444; x_wconf 75' lang='grc' dir='ltr'>διὰ</span> <span class='ocrx_word' id='word_1_393' title='bbox 3298 2391 3506 2453; x_wconf 79' lang='grc' dir='ltr'>τέλους,</span> <span class='ocrx_word' id='word_1_394' title='bbox 3547 2392 3602 2442; x_wconf 78' lang='grc' dir='ltr'>ἐν</span> <span class='ocrx_word' id='word_1_395' title='bbox 3638 2389 3797 2459; x_wconf 68' lang='grc' dir='ltr'>ἡδονῇ</span> <span class='ocrx_word' id='word_1_396' title='bbox 3832 2390 4061 2459; x_wconf 72' lang='grc' dir='ltr'>φέρεται</span> 
     </span>
    </p>
   </div>
   <div class='ocr_carea' id='block_1_56' title="bbox 2483 2478 4053 2557">
    <p class='ocr_par' dir='ltr' id='par_1_56' title="bbox 2483 2478 4053 2557">
     <span class='ocr_line' id='line_1_56' title="bbox 2483 2478 4053 2557; baseline -0.003 -19"><span class='ocrx_word' id='word_1_397' title='bbox 2483 2487 2620 2557; x_wconf 85' lang='grc' dir='ltr'>πρὸς</span> <span class='ocrx_word' id='word_1_398' title='bbox 2641 2486 2701 2538; x_wconf 83' lang='grc' dir='ltr'>τὸ</span> <span class='ocrx_word' id='word_1_399' title='bbox 2728 2485 2878 2549; x_wconf 79' lang='grc' dir='ltr'>τέλος</span> <span class='ocrx_word' id='word_1_400' title='bbox 2912 2484 3051 2555; x_wconf 82' lang='grc' dir='ltr'><strong>μετά</strong></span> <span class='ocrx_word' id='word_1_401' title='bbox 3078 2483 3296 2551; x_wconf 81' lang='grc' dir='ltr'>ἀγαθῆς</span> <span class='ocrx_word' id='word_1_402' title='bbox 3334 2483 3569 2545; x_wconf 72' lang='grc' dir='ltr'>ἐλπίδος.</span> <span class='ocrx_word' id='word_1_403' title='bbox 3612 2483 3695 2535; x_wconf 87' lang='grc' dir='ltr'>δεῖ</span> <span class='ocrx_word' id='word_1_404' title='bbox 3725 2478 3818 2535; x_wconf 72' lang='grc' dir='ltr'>οὖν</span> <span class='ocrx_word' id='word_1_405' title='bbox 3853 2483 4053 2534; x_wconf 74' lang='grc' dir='ltr'>ὑποτε-</span> 
     </span>
    </p>
   </div>
   <div class='ocr_carea' id='block_1_57' title="bbox 2481 2572 4063 2647">
    <p class='ocr_par' dir='ltr' id='par_1_57' title="bbox 2481 2572 4063 2647">
     <span class='ocr_line' id='line_1_57' title="bbox 2481 2572 4063 2647; baseline -0.003 -16"><span class='ocrx_word' id='word_1_406' title='bbox 2481 2577 2677 2647; x_wconf 84' lang='grc' dir='ltr'>τάχθαι</span> <span class='ocrx_word' id='word_1_407' title='bbox 2718 2579 2870 2641; x_wconf 80' lang='grc' dir='ltr'>πᾶσι,</span> <span class='ocrx_word' id='word_1_408' title='bbox 2917 2577 3013 2629; x_wconf 77' lang='grc' dir='ltr'>καὶ</span> <span class='ocrx_word' id='word_1_409' title='bbox 3058 2575 3311 2644; x_wconf 81' lang='grc' dir='ltr'>καθάπερ</span> <span class='ocrx_word' id='word_1_410' title='bbox 3341 2574 3551 2627; x_wconf 76' lang='grc' dir='ltr'>δανείου</span> <span class='ocrx_word' id='word_1_411' title='bbox 3583 2572 3865 2643; x_wconf 80' lang='grc' dir='ltr'>χρεώστην</span> <span class='ocrx_word' id='word_1_412' title='bbox 3906 2572 4063 2643; x_wconf 83' lang='grc' dir='ltr'>θερα-</span> 
     </span>
    </p>
   </div>
   <div class='ocr_carea' id='block_1_58' title="bbox 2483 2665 4062 2735">
    <p class='ocr_par' dir='ltr' id='par_1_58' title="bbox 2483 2665 4062 2735">
     <span class='ocr_line' id='line_1_58' title="bbox 2483 2665 4062 2735; baseline -0.003 -15"><span class='ocrx_word' id='word_1_413' title='bbox 2483 2667 2670 2720; x_wconf 85' lang='grc' dir='ltr'>πεύειν</span> <span class='ocrx_word' id='word_1_414' title='bbox 2708 2669 2834 2729; x_wconf 83' lang='grc' dir='ltr'>τοὺς</span> <span class='ocrx_word' id='word_1_415' title='bbox 2872 2665 3177 2734; x_wconf 75' lang='grc' dir='ltr'>ἀδελφοὺς,</span> <span class='ocrx_word' id='word_1_416' title='bbox 3206 2665 3307 2728; x_wconf 86' lang='grc' dir='ltr'><strong>τὰς</strong></span> <span class='ocrx_word' id='word_1_417' title='bbox 3336 2666 3475 2735; x_wconf 81' lang='grc' dir='ltr'>ὑπὲρ</span> <span class='ocrx_word' id='word_1_418' title='bbox 3515 2665 3733 2718; x_wconf 79' lang='grc' dir='ltr'>πάντων</span> <span class='ocrx_word' id='word_1_419' title='bbox 3772 2665 4062 2734; x_wconf 78' lang='grc' dir='ltr'>φροντίδας</span> 
     </span>
    </p>
   </div>
   <div class='ocr_carea' id='block_1_59' title="bbox 2486 2754 4063 2827">
    <p class='ocr_par' dir='ltr' id='par_1_59' title="bbox 2486 2754 4063 2827">
     <span class='ocr_line' id='line_1_59' title="bbox 2486 2754 4063 2827; baseline -0.003 -17"><span class='ocrx_word' id='word_1_420' title='bbox 2486 2758 2878 2827; x_wconf 78' lang='grc' dir='ltr'>ὲναποοὲμενον</span> <span class='ocrx_word' id='word_1_421' title='bbox 2910 2760 2977 2827; x_wconf 80' lang='grc' dir='ltr'>τῇ</span> <span class='ocrx_word' id='word_1_422' title='bbox 3010 2757 3181 2827; x_wconf 73' lang='grc' dir='ltr'>ψυχῇ,</span> <span class='ocrx_word' id='word_1_423' title='bbox 3212 2757 3304 2809; x_wconf 71' lang='grc' dir='ltr'>καὶ</span> <span class='ocrx_word' id='word_1_424' title='bbox 3332 2754 3752 2825; x_wconf 72' lang='grc' dir='ltr'>ἀποπληροῦντα</span> <span class='ocrx_word' id='word_1_425' title='bbox 3781 2754 3880 2825; x_wconf 81' lang='grc' dir='ltr'>τὴν</span> <span class='ocrx_word' id='word_1_426' title='bbox 3909 2756 4063 2822; x_wconf 83' lang='grc' dir='ltr'>ὀφει-</span> 
     </span>
    </p>
   </div>
   <div class='ocr_carea' id='block_1_60' title="bbox 2484 2846 4060 2919">
    <p class='ocr_par' dir='ltr' id='par_1_60' title="bbox 2484 2846 4060 2919">
     <span class='ocr_line' id='line_1_60' title="bbox 2484 2846 4060 2919; baseline -0.002 -18"><span class='ocrx_word' id='word_1_427' title='bbox 2484 2850 2715 2919; x_wconf 78' lang='grc' dir='ltr'>λομένην</span> <span class='ocrx_word' id='word_1_428' title='bbox 2754 2848 2999 2917; x_wconf 83' lang='grc' dir='ltr'>ἀγάπην.</span> <span class='ocrx_word' id='word_1_429' title='bbox 3037 2850 3144 2918; x_wconf 82' lang='grc' dir='ltr'><strong>χρὴ</strong></span> <span class='ocrx_word' id='word_1_430' title='bbox 3184 2848 3240 2900; x_wconf 77' lang='grc' dir='ltr'>δὲ</span> <span class='ocrx_word' id='word_1_431' title='bbox 3270 2848 3365 2899; x_wconf 78' lang='grc' dir='ltr'>καὶ</span> <span class='ocrx_word' id='word_1_432' title='bbox 3408 2848 3533 2909; x_wconf 85' lang='grc' dir='ltr'>τοὺς</span> <span class='ocrx_word' id='word_1_433' title='bbox 3575 2846 3925 2917; x_wconf 76' lang='grc' dir='ltr'>προεστῶτας</span> <span class='ocrx_word' id='word_1_434' title='bbox 3962 2846 4060 2899; x_wconf 80' lang='grc' dir='ltr'><strong>τοῦ</strong></span> 
     </span>
    </p>
   </div>
   <div class='ocr_carea' id='block_1_61' title="bbox 2485 2936 4061 3011">
    <p class='ocr_par' dir='ltr' id='par_1_61' title="bbox 2485 2936 4061 3011">
     <span class='ocr_line' id='line_1_61' title="bbox 2485 2936 4061 3011; baseline -0.003 -18"><span class='ocrx_word' id='word_1_435' title='bbox 2485 2940 2855 3011; x_wconf 82' lang='grc' dir='ltr'>πνευματικοῦ</span> <span class='ocrx_word' id='word_1_436' title='bbox 2884 2939 3044 3011; x_wconf 83' lang='grc' dir='ltr'>χοροῦ</span> <span class='ocrx_word' id='word_1_437' title='bbox 3070 2940 3127 2992; x_wconf 79' lang='grc' dir='ltr'>τὸ</span> <span class='ocrx_word' id='word_1_438' title='bbox 3153 2940 3380 3010; x_wconf 84' lang='grc' dir='ltr'>μέγεθος</span> <span class='ocrx_word' id='word_1_439' title='bbox 3406 2942 3504 3009; x_wconf 83' lang='grc' dir='ltr'>τῆς</span> <span class='ocrx_word' id='word_1_440' title='bbox 3524 2938 3701 2991; x_wconf 76' lang='grc' dir='ltr'>αὐτῶν</span> <span class='ocrx_word' id='word_1_441' title='bbox 3723 2936 4061 2998; x_wconf 84' lang='grc' dir='ltr'>σκοποῦντας</span> 
     </span>
    </p>
   </div>
   <div class='ocr_carea' id='block_1_62' title="bbox 2486 3028 4063 3102">
    <p class='ocr_par' dir='ltr' id='par_1_62' title="bbox 2486 3028 4063 3102">
     <span class='ocr_line' id='line_1_62' title="bbox 2486 3028 4063 3102; baseline -0.001 -19"><span class='ocrx_word' id='word_1_442' title='bbox 2486 3033 2763 3102; x_wconf 84' lang='grc' dir='ltr'>φροντίδος</span> <span class='ocrx_word' id='word_1_443' title='bbox 2791 3033 2834 3101; x_wconf 85' lang='grc'><strong>³)</strong></span> <span class='ocrx_word' id='word_1_444' title='bbox 2867 3033 2959 3085; x_wconf 76' lang='grc' dir='ltr'>καὶ</span> <span class='ocrx_word' id='word_1_445' title='bbox 2983 3032 3081 3101; x_wconf 83' lang='grc' dir='ltr'>τῆς</span> <span class='ocrx_word' id='word_1_446' title='bbox 3110 3030 3503 3100; x_wconf 79' lang='grc' dir='ltr'>ἑφεδρευούσης</span> <span class='ocrx_word' id='word_1_447' title='bbox 3522 3030 3621 3100; x_wconf 78' lang='grc' dir='ltr'>τὴν</span> <span class='ocrx_word' id='word_1_448' title='bbox 3646 3030 3830 3090; x_wconf 71' lang='grc' dir='ltr'>πίστιν</span> <span class='ocrx_word' id='word_1_449' title='bbox 3863 3028 4063 3091; x_wconf 80' lang='grc' dir='ltr'>κακίας</span> 
     </span>
    </p>
   </div>
   <div class='ocr_carea' id='block_1_63' title="bbox 2485 3121 4064 3194">
    <p class='ocr_par' dir='ltr' id='par_1_63' title="bbox 2485 3121 4064 3194">
     <span class='ocr_line' id='line_1_63' title="bbox 2485 3121 4064 3194; baseline -0.003 -17"><span class='ocrx_word' id='word_1_450' title='bbox 2485 3124 2861 3193; x_wconf 76' lang='grc' dir='ltr'>λογιζομένους</span> <span class='ocrx_word' id='word_1_451' title='bbox 2888 3122 2988 3186; x_wconf 84' lang='grc' dir='ltr'>τὰς</span> <span class='ocrx_word' id='word_1_452' title='bbox 3013 3122 3226 3194; x_wconf 84' lang='grc' dir='ltr'>τέχνας,</span> <span class='ocrx_word' id='word_1_453' title='bbox 3256 3123 3421 3187; x_wconf 80' lang='grc' dir='ltr'>ἀξίως</span> <span class='ocrx_word' id='word_1_454' title='bbox 3444 3122 3543 3191; x_wconf 81' lang='grc' dir='ltr'>τῆς</span> <span class='ocrx_word' id='word_1_455' title='bbox 3565 3121 3885 3183; x_wconf 71' lang='grc' dir='ltr'>ἐπιστασίας</span> <span class='ocrx_word' id='word_1_456' title='bbox 3915 3121 4064 3189; x_wconf 83' lang='grc' dir='ltr'><strong>ἀγω⁶</strong></span> 
     </span>
    </p>
   </div>
   <div class='ocr_carea' id='block_1_64' title="bbox 809 3182 2494 3286">
    <p class='ocr_par' dir='ltr' id='par_1_64' title="bbox 809 3182 2494 3274">
     <span class='ocr_line' id='line_1_64' title="bbox 809 3182 2494 3274; baseline -0.004 -14"><span class='ocrx_word' id='word_1_457' title='bbox 809 3222 935 3261; x_wconf 77' lang='lat' dir='ltr'><strong>eum</strong></span> <span class='ocrx_word' id='word_1_458' title='bbox 969 3206 1169 3260; x_wconf 91' lang='lat' dir='ltr'><strong>ceteris</strong></span> <span class='ocrx_word' id='word_1_459' title='bbox 1215 3206 1321 3259; x_wconf 92' lang='lat' dir='ltr'><strong>iam</strong></span> <span class='ocrx_word' id='word_1_460' title='bbox 1358 3220 1415 3258; x_wconf 90' lang='lat' dir='ltr'><strong>se</strong></span> <span class='ocrx_word' id='word_1_461' title='bbox 1460 3182 1739 3274; x_wconf 90' lang='lat' dir='ltr'><strong>praestare</strong></span> <span class='ocrx_word' id='word_1_462' title='bbox 1766 3212 2045 3274; x_wconf 86' lang='lat' dir='ltr'><strong>putarent,</strong></span> <span class='ocrx_word' id='word_1_463' title='bbox 2078 3216 2281 3269; x_wconf 87' lang='lat' dir='ltr'><strong>eosque</strong></span> <span class='ocrx_word' id='word_1_464' title='bbox 2315 3200 2382 3254; x_wconf 89' lang='lat' dir='ltr'><strong>ad</strong></span> <span class='ocrx_word' id='word_1_465' title='bbox 2411 3182 2453 3239; x_wconf 68' lang='grc' dir='ltr'>ο</span> <span class='ocrx_word' id='word_1_466' title='bbox 2486 3235 2494 3254; x_wconf 64' lang='grc' dir='ltr'><strong>ς</strong></span> 
     </span>
    </p>
   </div>
   <div class='ocr_carea' id='block_1_65' title="bbox 2375 3182 4060 3286">
    <p class='ocr_par' dir='ltr' id='par_1_65' title="bbox 2375 3182 4060 3286">
     <span class='ocr_line' id='line_1_65' title="bbox 2375 3182 4060 3286; baseline -0.003 -17"><span class='ocrx_word' id='word_1_467' title='bbox 2375 3201 2382 3253; x_wconf 74' lang='grc' dir='ltr'><strong>ί</strong></span> <span class='ocrx_word' id='word_1_468' title='bbox 2411 3182 2453 3239; x_wconf 77' lang='lat' dir='ltr'><strong>c</strong></span> <span class='ocrx_word' id='word_1_469' title='bbox 2486 3182 2746 3279; x_wconf 65' lang='grc' dir='ltr'>νίξεσθαι,</span> <span class='ocrx_word' id='word_1_470' title='bbox 2772 3182 3002 3286; x_wconf 25' lang='grc' dir='ltr'>μὴψπρὸς</span> <span class='ocrx_word' id='word_1_471' title='bbox 3020 3182 3118 3285; x_wconf 61' lang='grc' dir='ltr'><strong>τὴῖρ</strong></span> <span class='ocrx_word' id='word_1_472' title='bbox 3142 3182 3385 3279; x_wconf 57' lang='grc' dir='ltr'>ἐξουσίαν</span> <span class='ocrx_word' id='word_1_473' title='bbox 3402 3182 3763 3283; x_wconf 75' lang='grc' dir='ltr'>ἀναιροῦντας</span> <span class='ocrx_word' id='word_1_474' title='bbox 3783 3182 4060 3283; x_wconf 70' lang='grc' dir='ltr'>φρόνημα.</span> 
     </span>
    </p>
   </div>
   <div class='ocr_carea' id='block_1_66' title="bbox 808 3292 2385 3362">
    <p class='ocr_par' dir='ltr' id='par_1_66' title="bbox 808 3292 2385 3362">
     <span class='ocr_line' id='line_1_66' title="bbox 808 3292 2385 3362; baseline -0.003 -11"><span class='ocrx_word' id='word_1_475' title='bbox 808 3306 1092 3351; x_wconf 89' lang='lat' dir='ltr'><strong>aeternam</strong></span> <span class='ocrx_word' id='word_1_476' title='bbox 1127 3296 1328 3349; x_wconf 91' lang='lat' dir='ltr'><strong>dueere</strong></span> <span class='ocrx_word' id='word_1_477' title='bbox 1364 3295 1555 3357; x_wconf 91' lang='lat' dir='ltr'><strong>vitam,</strong></span> <span class='ocrx_word' id='word_1_478' title='bbox 1586 3294 1830 3358; x_wconf 88' lang='lat' dir='ltr'><strong>latuerit,</strong></span> <span class='ocrx_word' id='word_1_479' title='bbox 1861 3293 2116 3362; x_wconf 89' lang='lat' dir='ltr'><strong>superbia</strong></span> <span class='ocrx_word' id='word_1_480' title='bbox 2152 3310 2206 3346; x_wconf 90' lang='lat' dir='ltr'><strong>se</strong></span> <span class='ocrx_word' id='word_1_481' title='bbox 2240 3292 2385 3361; x_wconf 89' lang='lat' dir='ltr'><strong>ipsos</strong></span> 
     </span>
    </p>
   </div>
   <div class='ocr_carea' id='block_1_67' title="bbox 810 3384 2385 3457">
    <p class='ocr_par' dir='ltr' id='par_1_67' title="bbox 810 3384 2385 3457">
     <span class='ocr_line' id='line_1_67' title="bbox 810 3384 2385 3457; baseline -0.002 -16"><span class='ocrx_word' id='word_1_482' title='bbox 810 3388 1059 3442; x_wconf 89' lang='lat' dir='ltr'><strong>interire.</strong></span> <span class='ocrx_word' id='word_1_483' title='bbox 1112 3388 1323 3442; x_wconf 89' lang='lat' dir='ltr'><strong>Debent</strong></span> <span class='ocrx_word' id='word_1_484' title='bbox 1372 3386 1535 3457; x_wconf 90' lang='lat' dir='ltr'><strong>igitur</strong></span> <span class='ocrx_word' id='word_1_485' title='bbox 1585 3386 1640 3439; x_wconf 89' lang='lat' dir='ltr'><strong>in</strong></span> <span class='ocrx_word' id='word_1_486' title='bbox 1693 3384 1967 3454; x_wconf 90' lang='lat' dir='ltr'><strong>praesidio</strong></span> <span class='ocrx_word' id='word_1_487' title='bbox 2015 3386 2137 3453; x_wconf 91' lang='lat' dir='ltr'><strong>plus</strong></span> <span class='ocrx_word' id='word_1_488' title='bbox 2188 3385 2385 3438; x_wconf 91' lang='lat' dir='ltr'><strong>ceteris</strong></span> 
     </span>
    </p>
   </div>
   <div class='ocr_carea' id='block_1_68' title="bbox 809 3471 2386 3546">
    <p class='ocr_par' dir='ltr' id='par_1_68' title="bbox 809 3471 2386 3546">
     <span class='ocr_line' id='line_1_68' title="bbox 809 3471 2386 3546; baseline -0.005 -15"><span class='ocrx_word' id='word_1_489' title='bbox 809 3477 1103 3546; x_wconf 90' lang='lat' dir='ltr'><strong>praepositi</strong></span> <span class='ocrx_word' id='word_1_490' title='bbox 1141 3476 1408 3541; x_wconf 87' lang='lat' dir='ltr'><strong>laborare,</strong></span> <span class='ocrx_word' id='word_1_491' title='bbox 1437 3474 1699 3528; x_wconf 91' lang='lat' dir='ltr'><strong>humilius</strong></span> <span class='ocrx_word' id='word_1_492' title='bbox 1729 3483 1909 3527; x_wconf 90' lang='lat' dir='ltr'><strong>autem</strong></span> <span class='ocrx_word' id='word_1_493' title='bbox 1953 3472 2212 3526; x_wconf 89' lang='lat' dir='ltr'><strong>subiectis</strong></span> <span class='ocrx_word' id='word_1_494' title='bbox 2242 3471 2386 3541; x_wconf 84' lang='lat' dir='ltr'><strong>cogi-</strong></span> 
     </span>
    </p>
   </div>
   <div class='ocr_carea' id='block_1_69' title="bbox 809 3563 2384 3637">
    <p class='ocr_par' dir='ltr' id='par_1_69' title="bbox 809 3563 2384 3637">
     <span class='ocr_line' id='line_1_69' title="bbox 809 3563 2384 3637; baseline -0.003 -16"><span class='ocrx_word' id='word_1_495' title='bbox 809 3577 947 3631; x_wconf 90' lang='lat' dir='ltr'><strong>tare,</strong></span> <span class='ocrx_word' id='word_1_496' title='bbox 982 3575 1145 3636; x_wconf 86' lang='lat' dir='ltr'><strong>atque</strong></span> <span class='ocrx_word' id='word_1_497' title='bbox 1182 3578 1366 3637; x_wconf 80' lang='lat' dir='ltr'><strong>typum</strong></span> <span class='ocrx_word' id='word_1_498' title='bbox 1403 3566 1683 3620; x_wconf 88' lang='lat' dir='ltr'><strong>servitutis</strong></span> <span class='ocrx_word' id='word_1_499' title='bbox 1716 3564 1881 3618; x_wconf 88' lang='lat' dir='ltr'><strong>vitam</strong></span> <span class='ocrx_word' id='word_1_500' title='bbox 1928 3579 2080 3617; x_wconf 89' lang='lat' dir='ltr'><strong>suam</strong></span> <span class='ocrx_word' id='word_1_501' title='bbox 2119 3563 2384 3632; x_wconf 89' lang='lat' dir='ltr'><strong>praebere</strong></span> 
     </span>
    </p>
   </div>
   <div class='ocr_carea' id='block_1_70' title="bbox 808 3656 2383 3730">
    <p class='ocr_par' dir='ltr' id='par_1_70' title="bbox 808 3656 2383 3730">
     <span class='ocr_line' id='line_1_70' title="bbox 808 3656 2383 3730; baseline -0.003 -17"><span class='ocrx_word' id='word_1_502' title='bbox 808 3659 1092 3725; x_wconf 88' lang='lat' dir='ltr'><strong>fratribus,</strong></span> <span class='ocrx_word' id='word_1_503' title='bbox 1126 3669 1289 3730; x_wconf 88' lang='lat' dir='ltr'><strong>atque</strong></span> <span class='ocrx_word' id='word_1_504' title='bbox 1322 3660 1633 3729; x_wconf 88' lang='lat' dir='ltr'><strong>depositum</strong></span> <span class='ocrx_word' id='word_1_505' title='bbox 1668 3659 1763 3712; x_wconf 90' lang='lat' dir='ltr'><strong>Dei</strong></span> <span class='ocrx_word' id='word_1_506' title='bbox 1799 3657 2109 3711; x_wconf 73' lang='lat' dir='ltr'><strong>existimare</strong></span> <span class='ocrx_word' id='word_1_507' title='bbox 2145 3672 2260 3721; x_wconf 89' lang='lat' dir='ltr'><strong>eos,</strong></span> <span class='ocrx_word' id='word_1_508' title='bbox 2290 3656 2383 3725; x_wconf 93' lang='lat' dir='ltr'><strong>qui</strong></span> 
     </span>
    </p>
   </div>
   <div class='ocr_carea' id='block_1_71' title="bbox 810 3749 2382 3811">
    <p class='ocr_par' dir='ltr' id='par_1_71' title="bbox 810 3749 2382 3811">
     <span class='ocr_line' id='line_1_71' title="bbox 810 3749 2382 3811; baseline -0.003 -6"><span class='ocrx_word' id='word_1_509' title='bbox 810 3752 915 3805; x_wconf 91' lang='lat' dir='ltr'><strong>sibi</strong></span> <span class='ocrx_word' id='word_1_510' title='bbox 948 3753 1245 3807; x_wconf 90' lang='lat' dir='ltr'><strong>concrediti</strong></span> <span class='ocrx_word' id='word_1_511' title='bbox 1283 3762 1429 3807; x_wconf 90' lang='lat' dir='ltr'><strong>sunt.</strong></span> <span class='ocrx_word' id='word_1_512' title='bbox 1468 3752 1680 3806; x_wconf 85' lang='lat' dir='ltr'><strong>Etenim</strong></span> <span class='ocrx_word' id='word_1_513' title='bbox 1710 3752 1753 3805; x_wconf 90' lang='lat' dir='ltr'><strong>si</strong></span> <span class='ocrx_word' id='word_1_514' title='bbox 1785 3751 1857 3803; x_wconf 93' lang='lat' dir='ltr'><strong>ita</strong></span> <span class='ocrx_word' id='word_1_515' title='bbox 1886 3765 1943 3803; x_wconf 92' lang='lat' dir='ltr'><strong>se</strong></span> <span class='ocrx_word' id='word_1_516' title='bbox 1976 3749 2197 3811; x_wconf 89' lang='lat' dir='ltr'><strong>habent,</strong></span> <span class='ocrx_word' id='word_1_517' title='bbox 2224 3764 2382 3801; x_wconf 79' lang='lat' dir='ltr'><strong>exer-</strong></span> 
     </span>
    </p>
   </div>
   <div class='ocr_carea' id='block_1_72' title="bbox 810 3841 2385 3903">
    <p class='ocr_par' dir='ltr' id='par_1_72' title="bbox 810 3841 2385 3903">
     <span class='ocr_line' id='line_1_72' title="bbox 810 3841 2385 3903; baseline -0.003 -6"><span class='ocrx_word' id='word_1_518' title='bbox 810 3854 998 3898; x_wconf 85' lang='lat' dir='ltr'><strong>centes</strong></span> <span class='ocrx_word' id='word_1_519' title='bbox 1052 3846 1213 3899; x_wconf 89' lang='lat' dir='ltr'><strong>simul</strong></span> <span class='ocrx_word' id='word_1_520' title='bbox 1268 3855 1516 3899; x_wconf 91' lang='lat' dir='ltr'><strong>sanctum</strong></span> <span class='ocrx_word' id='word_1_521' title='bbox 1556 3844 1862 3898; x_wconf 90' lang='lat' dir='ltr'><strong>ministerio</strong></span> <span class='ocrx_word' id='word_1_522' title='bbox 1902 3856 2001 3896; x_wconf 93' lang='lat' dir='ltr'><strong>suo</strong></span> <span class='ocrx_word' id='word_1_523' title='bbox 2044 3841 2294 3903; x_wconf 84' lang='lat' dir='ltr'><strong>chorum,</strong></span> <span class='ocrx_word' id='word_1_524' title='bbox 2329 3849 2385 3894; x_wconf 91' lang='lat' dir='ltr'><strong>et</strong></span> 
     </span>
    </p>
   </div>
   <div class='ocr_carea' id='block_1_73' title="bbox 811 3931 2383 4003">
    <p class='ocr_par' dir='ltr' id='par_1_73' title="bbox 811 3931 2383 4003">
     <span class='ocr_line' id='line_1_73' title="bbox 811 3931 2383 4003; baseline -0.002 -15"><span class='ocrx_word' id='word_1_525' title='bbox 811 3934 1117 3990; x_wconf 87' lang='lat' dir='ltr'><strong>doctrinam</strong></span> <span class='ocrx_word' id='word_1_526' title='bbox 1153 3936 1450 3991; x_wconf 90' lang='lat' dir='ltr'><strong>secundum</strong></span> <span class='ocrx_word' id='word_1_527' title='bbox 1485 3936 1749 4003; x_wconf 91' lang='lat' dir='ltr'><strong>cuiusque</strong></span> <span class='ocrx_word' id='word_1_528' title='bbox 1784 3932 2165 3987; x_wconf 85' lang='lat' dir='ltr'><strong>necessitatem</strong></span> <span class='ocrx_word' id='word_1_529' title='bbox 2207 3931 2383 3999; x_wconf 89' lang='lat' dir='ltr'><strong>palam</strong></span> 
     </span>
    </p>
   </div>
   <div class='ocr_carea' id='block_1_74' title="bbox 810 4026 2382 4098">
    <p class='ocr_par' dir='ltr' id='par_1_74' title="bbox 810 4026 2382 4098">
     <span class='ocr_line' id='line_1_74' title="bbox 810 4026 2382 4098; baseline -0.003 -17"><span class='ocrx_word' id='word_1_530' title='bbox 810 4038 1197 4098; x_wconf 89' lang='lat' dir='ltr'><strong>proponentes,</strong></span> <span class='ocrx_word' id='word_1_531' title='bbox 1232 4028 1301 4081; x_wconf 88' lang='lat' dir='ltr'><strong>ad</strong></span> <span class='ocrx_word' id='word_1_532' title='bbox 1344 4027 1663 4081; x_wconf 83' lang='lat' dir='ltr'><strong>salvandum</strong></span> <span class='ocrx_word' id='word_1_533' title='bbox 1713 4026 1909 4093; x_wconf 87' lang='lat' dir='ltr'><strong>cuique</strong></span> <span class='ocrx_word' id='word_1_534' title='bbox 1957 4033 2382 4077; x_wconf 89' lang='lat' dir='ltr'><strong>consentaneum</strong></span> 
     </span>
    </p>
   </div>
   <div class='ocr_carea' id='block_1_75' title="bbox 811 4115 2384 4180">
    <p class='ocr_par' dir='ltr' id='par_1_75' title="bbox 811 4115 2384 4180">
     <span class='ocr_line' id='line_1_75' title="bbox 811 4115 2384 4180; baseline -0.001 -9"><span class='ocrx_word' id='word_1_535' title='bbox 811 4117 1081 4180; x_wconf 88' lang='lat' dir='ltr'><strong>ordinem,</strong></span> <span class='ocrx_word' id='word_1_536' title='bbox 1120 4117 1175 4170; x_wconf 91' lang='lat' dir='ltr'><strong>in</strong></span> <span class='ocrx_word' id='word_1_537' title='bbox 1222 4119 1437 4171; x_wconf 90' lang='lat' dir='ltr'><strong>occulto</strong></span> <span class='ocrx_word' id='word_1_538' title='bbox 1484 4132 1614 4169; x_wconf 85' lang='lat' dir='ltr'><strong>vero</strong></span> <span class='ocrx_word' id='word_1_539' title='bbox 1661 4115 2024 4169; x_wconf 87' lang='lat' dir='ltr'><strong>humilitatem</strong></span> <span class='ocrx_word' id='word_1_540' title='bbox 2066 4125 2384 4169; x_wconf 80' lang='lat' dir='ltr'><strong>exercentes</strong></span> 
     </span>
    </p>
   </div>
   <div class='ocr_carea' id='block_1_76' title="bbox 812 4206 2379 4277">
    <p class='ocr_par' dir='ltr' id='par_1_76' title="bbox 812 4206 2379 4277">
     <span class='ocr_line' id='line_1_76' title="bbox 812 4206 2379 4277; baseline -0.001 -15"><span class='ocrx_word' id='word_1_541' title='bbox 812 4206 867 4263; x_wconf 86' lang='lat' dir='ltr'><strong>in</strong></span> <span class='ocrx_word' id='word_1_542' title='bbox 900 4218 1101 4271; x_wconf 88' lang='lat' dir='ltr'><strong>mente,</strong></span> <span class='ocrx_word' id='word_1_543' title='bbox 1135 4216 1391 4277; x_wconf 90' lang='lat' dir='ltr'><strong>tanquam</strong></span> <span class='ocrx_word' id='word_1_544' title='bbox 1423 4208 1578 4277; x_wconf 90' lang='lat' dir='ltr'><strong>probi</strong></span> <span class='ocrx_word' id='word_1_545' title='bbox 1614 4208 1851 4261; x_wconf 90' lang='lat' dir='ltr'><strong>ministri</strong></span> <span class='ocrx_word' id='word_1_546' title='bbox 1885 4206 2043 4259; x_wconf 85' lang='lat' dir='ltr'><strong>fidem</strong></span> <span class='ocrx_word' id='word_1_547' title='bbox 2082 4216 2379 4270; x_wconf 90' lang='lat' dir='ltr'><strong>servantes,</strong></span> 
     </span>
    </p>
   </div>
   <div class='ocr_carea' id='block_1_77' title="bbox 811 4298 2385 4371">
    <p class='ocr_par' dir='ltr' id='par_1_77' title="bbox 811 4298 2385 4371">
     <span class='ocr_line' id='line_1_77' title="bbox 811 4298 2385 4371; baseline -0.001 -19"><span class='ocrx_word' id='word_1_548' title='bbox 811 4314 1060 4368; x_wconf 84' lang='lat' dir='ltr'><strong>magnam</strong></span> <span class='ocrx_word' id='word_1_549' title='bbox 1108 4299 1213 4353; x_wconf 92' lang='lat' dir='ltr'><strong>sibi</strong></span> <span class='ocrx_word' id='word_1_550' title='bbox 1257 4300 1540 4371; x_wconf 90' lang='lat' dir='ltr'><strong>luerantur</strong></span> <span class='ocrx_word' id='word_1_551' title='bbox 1573 4300 1665 4353; x_wconf 92' lang='lat' dir='ltr'><strong>tali</strong></span> <span class='ocrx_word' id='word_1_552' title='bbox 1708 4301 1821 4353; x_wconf 84' lang='lat' dir='ltr'><strong>vita</strong></span> <span class='ocrx_word' id='word_1_553' title='bbox 1863 4298 2191 4369; x_wconf 72' lang='lat' dir='ltr'><strong>mercedem.</strong></span> <span class='ocrx_word' id='word_1_554' title='bbox 2224 4300 2385 4367; x_wconf 71' lang='lat'><strong>209</strong></span> 
     </span>
    </p>
   </div>
   <div class='ocr_carea' id='block_1_78' title="bbox 812 4388 2381 4460">
    <p class='ocr_par' dir='ltr' id='par_1_78' title="bbox 812 4388 2381 4460">
     <span class='ocr_line' id='line_1_78' title="bbox 812 4388 2381 4460; baseline -0.003 -15"><span class='ocrx_word' id='word_1_555' title='bbox 812 4390 903 4445; x_wconf 86' lang='lat' dir='ltr'><strong>Sic</strong></span> <span class='ocrx_word' id='word_1_556' title='bbox 951 4391 1115 4460; x_wconf 89' lang='lat' dir='ltr'><strong>igitur</strong></span> <span class='ocrx_word' id='word_1_557' title='bbox 1158 4406 1352 4444; x_wconf 91' lang='lat' dir='ltr'><strong>eorum</strong></span> <span class='ocrx_word' id='word_1_558' title='bbox 1397 4403 1584 4442; x_wconf 91' lang='lat' dir='ltr'><strong>curam</strong></span> <span class='ocrx_word' id='word_1_559' title='bbox 1628 4404 1818 4459; x_wconf 87' lang='lat' dir='ltr'><strong>gerere</strong></span> <span class='ocrx_word' id='word_1_560' title='bbox 1862 4389 2093 4451; x_wconf 91' lang='lat' dir='ltr'><strong>debent,</strong></span> <span class='ocrx_word' id='word_1_561' title='bbox 2140 4394 2202 4441; x_wconf 93' lang='lat' dir='ltr'><strong>ut</strong></span> <span class='ocrx_word' id='word_1_562' title='bbox 2252 4388 2381 4441; x_wconf 89' lang='lat' dir='ltr'><strong>boni</strong></span> 
     </span>
    </p>
   </div>
   <div class='ocr_carea' id='block_1_79' title="bbox 812 4478 2379 4550">
    <p class='ocr_par' dir='ltr' id='par_1_79' title="bbox 812 4478 2379 4550">
     <span class='ocr_line' id='line_1_79' title="bbox 812 4478 2379 4550; baseline -0.003 -16"><span class='ocrx_word' id='word_1_563' title='bbox 812 4481 1055 4550; x_wconf 84' lang='lat' dir='ltr'><strong>magistri</strong></span> <span class='ocrx_word' id='word_1_564' title='bbox 1090 4496 1385 4550; x_wconf 92' lang='lat' dir='ltr'><strong>puerorum</strong></span> <span class='ocrx_word' id='word_1_565' title='bbox 1430 4488 1765 4543; x_wconf 89' lang='lat' dir='ltr'><strong>tenerorum,</strong></span> <span class='ocrx_word' id='word_1_566' title='bbox 1805 4480 1898 4549; x_wconf 91' lang='lat' dir='ltr'><strong>qui</strong></span> <span class='ocrx_word' id='word_1_567' title='bbox 1935 4479 2039 4534; x_wconf 90' lang='lat' dir='ltr'><strong>sibi</strong></span> <span class='ocrx_word' id='word_1_568' title='bbox 2078 4478 2379 4537; x_wconf 89' lang='lat' dir='ltr'><strong>concrediti</strong></span> 
     </span>
    </p>
   </div>
   <div class='ocr_carea' id='block_1_80' title="bbox 812 4569 2379 4639">
    <p class='ocr_par' dir='ltr' id='par_1_80' title="bbox 812 4569 2379 4639">
     <span class='ocr_line' id='line_1_80' title="bbox 812 4569 2379 4639; baseline -0.001 -15"><span class='ocrx_word' id='word_1_569' title='bbox 812 4579 939 4625; x_wconf 89' lang='lat' dir='ltr'><strong>sunt</strong></span> <span class='ocrx_word' id='word_1_570' title='bbox 964 4586 994 4623; x_wconf 90' lang='lat' dir='ltr'><strong>a</strong></span> <span class='ocrx_word' id='word_1_571' title='bbox 1019 4570 1264 4639; x_wconf 90' lang='lat' dir='ltr'><strong>patribus</strong></span> <span class='ocrx_word' id='word_1_572' title='bbox 1287 4584 1497 4623; x_wconf 89' lang='lat' dir='ltr'><strong>eorum.</strong></span> <span class='ocrx_word' id='word_1_573' title='bbox 1524 4570 1657 4624; x_wconf 82' lang='lat' dir='ltr'><strong>Nam</strong></span> <span class='ocrx_word' id='word_1_574' title='bbox 1693 4570 1791 4633; x_wconf 92' lang='lat' dir='ltr'><strong>illi,</strong></span> <span class='ocrx_word' id='word_1_575' title='bbox 1816 4585 2114 4639; x_wconf 89' lang='lat' dir='ltr'><strong>puerorum</strong></span> <span class='ocrx_word' id='word_1_576' title='bbox 2142 4569 2379 4623; x_wconf 91' lang='lat' dir='ltr'><strong>indolem</strong></span> 
     </span>
    </p>
   </div>
   <div class='ocr_carea' id='block_1_81' title="bbox 813 4661 2381 4732">
    <p class='ocr_par' dir='ltr' id='par_1_81' title="bbox 813 4661 2381 4732">
     <span class='ocr_line' id='line_1_81' title="bbox 813 4661 2381 4732; baseline -0.002 -15"><span class='ocrx_word' id='word_1_577' title='bbox 813 4672 1154 4732; x_wconf 88' lang='lat' dir='ltr'><strong>spectantes,</strong></span> <span class='ocrx_word' id='word_1_578' title='bbox 1214 4663 1305 4716; x_wconf 92' lang='lat' dir='ltr'><strong>alii</strong></span> <span class='ocrx_word' id='word_1_579' title='bbox 1363 4662 1627 4726; x_wconf 90' lang='lat' dir='ltr'><strong>verbera,</strong></span> <span class='ocrx_word' id='word_1_580' title='bbox 1680 4662 1773 4715; x_wconf 90' lang='lat' dir='ltr'><strong>alii</strong></span> <span class='ocrx_word' id='word_1_581' title='bbox 1824 4661 2229 4731; x_wconf 90' lang='lat' dir='ltr'><strong>correptiones,</strong></span> <span class='ocrx_word' id='word_1_582' title='bbox 2290 4661 2381 4714; x_wconf 91' lang='lat' dir='ltr'><strong>alii</strong></span> 
     </span>
    </p>
   </div>
   <div class='ocr_carea' id='block_1_82' title="bbox 814 4750 2381 4820">
    <p class='ocr_par' dir='ltr' id='par_1_82' title="bbox 814 4750 2381 4820">
     <span class='ocr_line' id='line_1_82' title="bbox 814 4750 2381 4820; baseline 0.001 -16"><span class='ocrx_word' id='word_1_583' title='bbox 814 4750 1052 4815; x_wconf 89' lang='lat' dir='ltr'><strong>laudem,</strong></span> <span class='ocrx_word' id='word_1_584' title='bbox 1082 4751 1173 4805; x_wconf 88' lang='lat' dir='ltr'><strong>alii</strong></span> <span class='ocrx_word' id='word_1_585' title='bbox 1211 4750 1358 4805; x_wconf 90' lang='lat' dir='ltr'><strong>aliud</strong></span> <span class='ocrx_word' id='word_1_586' title='bbox 1399 4751 1710 4805; x_wconf 82' lang='lat' dir='ltr'><strong>huiusmodi</strong></span> <span class='ocrx_word' id='word_1_587' title='bbox 1753 4751 2008 4816; x_wconf 84' lang='lat' dir='ltr'><strong>aﬂ&#39;erunt,</strong></span> <span class='ocrx_word' id='word_1_588' title='bbox 2045 4767 2223 4820; x_wconf 90' lang='lat' dir='ltr'><strong>neque</strong></span> <span class='ocrx_word' id='word_1_589' title='bbox 2256 4767 2381 4805; x_wconf 90' lang='lat' dir='ltr'><strong>cum</strong></span> 
     </span>
    </p>
   </div>
   <div class='ocr_carea' id='block_1_83' title="bbox 816 4840 2380 4910">
    <p class='ocr_par' dir='ltr' id='par_1_83' title="bbox 816 4840 2380 4910">
     <span class='ocr_line' id='line_1_83' title="bbox 816 4840 2380 4910; baseline 0.002 -19"><span class='ocrx_word' id='word_1_590' title='bbox 816 4840 1017 4904; x_wconf 76' lang='lat' dir='ltr'><strong>studio,</strong></span> <span class='ocrx_word' id='word_1_591' title='bbox 1040 4856 1218 4910; x_wconf 92' lang='lat' dir='ltr'><strong>neque</strong></span> <span class='ocrx_word' id='word_1_592' title='bbox 1254 4856 1379 4894; x_wconf 93' lang='lat' dir='ltr'><strong>cum</strong></span> <span class='ocrx_word' id='word_1_593' title='bbox 1408 4840 1535 4895; x_wconf 91' lang='lat' dir='ltr'><strong>odio</strong></span> <span class='ocrx_word' id='word_1_594' title='bbox 1570 4840 1865 4910; x_wconf 89' lang='lat' dir='ltr'><strong>quidquam</strong></span> <span class='ocrx_word' id='word_1_595' title='bbox 1892 4857 2081 4895; x_wconf 91' lang='lat' dir='ltr'><strong>eorum</strong></span> <span class='ocrx_word' id='word_1_596' title='bbox 2110 4840 2380 4906; x_wconf 86' lang='lat' dir='ltr'><strong>faciendo,</strong></span> 
     </span>
    </p>
   </div>
   <div class='ocr_carea' id='block_1_84' title="bbox 815 4933 2384 5004">
    <p class='ocr_par' dir='ltr' id='par_1_84' title="bbox 815 4933 2384 5004">
     <span class='ocr_line' id='line_1_84' title="bbox 815 4933 2384 5004; baseline 0.001 -18"><span class='ocrx_word' id='word_1_597' title='bbox 815 4933 910 4986; x_wconf 91' lang='lat' dir='ltr'><strong>sed</strong></span> <span class='ocrx_word' id='word_1_598' title='bbox 946 4933 1086 4987; x_wconf 90' lang='lat' dir='ltr'><strong>sicut</strong></span> <span class='ocrx_word' id='word_1_599' title='bbox 1117 4935 1195 4987; x_wconf 92' lang='lat' dir='ltr'><strong>rei</strong></span> <span class='ocrx_word' id='word_1_600' title='bbox 1222 4934 1497 4999; x_wconf 89' lang='lat' dir='ltr'><strong>convenit,</strong></span> <span class='ocrx_word' id='word_1_601' title='bbox 1531 4945 1589 4989; x_wconf 90' lang='lat' dir='ltr'><strong>et</strong></span> <span class='ocrx_word' id='word_1_602' title='bbox 1620 4936 1775 5003; x_wconf 91' lang='lat' dir='ltr'><strong>pueri</strong></span> <span class='ocrx_word' id='word_1_603' title='bbox 1809 4937 2047 5004; x_wconf 91' lang='lat' dir='ltr'><strong>postulat</strong></span> <span class='ocrx_word' id='word_1_604' title='bbox 2081 4946 2294 4999; x_wconf 90' lang='lat' dir='ltr'><strong>natura,</strong></span> <span class='ocrx_word' id='word_1_605' title='bbox 2321 4945 2384 4989; x_wconf 93' lang='lat' dir='ltr'><strong>ut</strong></span> 
     </span>
    </p>
   </div>
   <div class='ocr_carea' id='block_1_85' title="bbox 815 5023 2389 5097">
    <p class='ocr_par' dir='ltr' id='par_1_85' title="bbox 815 5023 2389 5097">
     <span class='ocr_line' id='line_1_85' title="bbox 815 5023 2389 5097; baseline 0.003 -22"><span class='ocrx_word' id='word_1_606' title='bbox 815 5023 947 5076; x_wconf 86' lang='lat' dir='ltr'><strong>fiant</strong></span> <span class='ocrx_word' id='word_1_607' title='bbox 975 5023 1141 5077; x_wconf 91' lang='lat' dir='ltr'><strong>huius</strong></span> <span class='ocrx_word' id='word_1_608' title='bbox 1164 5024 1305 5078; x_wconf 91' lang='lat' dir='ltr'><strong>vitae</strong></span> <span class='ocrx_word' id='word_1_609' title='bbox 1336 5025 1585 5080; x_wconf 88' lang='lat' dir='ltr'><strong>homines</strong></span> <span class='ocrx_word' id='word_1_610' title='bbox 1614 5026 1847 5080; x_wconf 90' lang='lat' dir='ltr'><strong>honesti.</strong></span> <span class='ocrx_word' id='word_1_611' title='bbox 1874 5024 2009 5097; x_wconf 84' lang='lat' dir='ltr'><strong>[Sic]</strong></span> <span class='ocrx_word' id='word_1_612' title='bbox 2049 5042 2147 5079; x_wconf 92' lang='lat' dir='ltr'><strong>nos</strong></span> <span class='ocrx_word' id='word_1_613' title='bbox 2171 5041 2389 5095; x_wconf 90' lang='lat' dir='ltr'><strong>quoque</strong></span> 
     </span>
    </p>
   </div>
   <div class='ocr_carea' id='block_1_86' title="bbox 815 5116 2387 5188">
    <p class='ocr_par' dir='ltr' id='par_1_86' title="bbox 815 5116 2387 5188">
     <span class='ocr_line' id='line_1_86' title="bbox 815 5116 2387 5188; baseline 0.003 -21"><span class='ocrx_word' id='word_1_614' title='bbox 815 5123 1031 5182; x_wconf 88' lang='lat' dir='ltr'><strong>oportet</strong></span> <span class='ocrx_word' id='word_1_615' title='bbox 1074 5116 1223 5168; x_wconf 92' lang='lat' dir='ltr'><strong>omni</strong></span> <span class='ocrx_word' id='word_1_616' title='bbox 1266 5116 1393 5170; x_wconf 89' lang='lat' dir='ltr'><strong>odio</strong></span> <span class='ocrx_word' id='word_1_617' title='bbox 1424 5117 1481 5171; x_wconf 89' lang='lat' dir='ltr'><strong>in</strong></span> <span class='ocrx_word' id='word_1_618' title='bbox 1515 5116 1737 5171; x_wconf 90' lang='lat' dir='ltr'><strong>fratrem</strong></span> <span class='ocrx_word' id='word_1_619' title='bbox 1784 5118 2041 5187; x_wconf 89' lang='lat' dir='ltr'><strong>omnique</strong></span> <span class='ocrx_word' id='word_1_620' title='bbox 2075 5118 2387 5188; x_wconf 89' lang='lat' dir='ltr'><strong>arrogantia</strong></span> 
     </span>
    </p>
   </div>
   <div class='ocr_carea' id='block_1_87' title="bbox 2485 3304 4065 3379">
    <p class='ocr_par' dir='ltr' id='par_1_87' title="bbox 2485 3304 4065 3379">
     <span class='ocr_line' id='line_1_87' title="bbox 2485 3304 4065 3379; baseline -0.004 -17"><span class='ocrx_word' id='word_1_621' title='bbox 2485 3308 2725 3371; x_wconf 85' lang='grc' dir='ltr'>κίνδυνος</span> <span class='ocrx_word' id='word_1_622' title='bbox 2747 3310 2857 3379; x_wconf 79' lang='grc' dir='ltr'><strong>γὰρ</strong></span> <span class='ocrx_word' id='word_1_623' title='bbox 2884 3306 3137 3361; x_wconf 74' lang='grc' dir='ltr'>ἐνταῦθα.</span> <span class='ocrx_word' id='word_1_624' title='bbox 3162 3307 3256 3360; x_wconf 89' lang='grc' dir='ltr'><strong>καί</strong></span> <span class='ocrx_word' id='word_1_625' title='bbox 3279 3324 3420 3367; x_wconf 88' lang='grc' dir='ltr'>τινες</span> <span class='ocrx_word' id='word_1_626' title='bbox 3443 3307 3541 3375; x_wconf 68' lang='grc' dir='ltr'>ἤδη</span> <span class='ocrx_word' id='word_1_627' title='bbox 3572 3304 3854 3367; x_wconf 80' lang='grc' dir='ltr'>δοκοῦντες</span> <span class='ocrx_word' id='word_1_628' title='bbox 3882 3305 3922 3373; x_wconf 85' lang='grc'><strong>⁸)</strong></span> <span class='ocrx_word' id='word_1_629' title='bbox 3947 3304 4065 3357; x_wconf 80' lang='grc' dir='ltr'><strong>ἑτέ·</strong></span> 
     </span>
    </p>
   </div>
   <div class='ocr_carea' id='block_1_88' title="bbox 2490 3394 4060 3470">
    <p class='ocr_par' dir='ltr' id='par_1_88' title="bbox 2490 3394 4060 3470">
     <span class='ocr_line' id='line_1_88' title="bbox 2490 3394 4060 3470; baseline -0.004 -19"><span class='ocrx_word' id='word_1_630' title='bbox 2490 3416 2595 3470; x_wconf 88' lang='grc' dir='ltr'><strong>ρων</strong></span> <span class='ocrx_word' id='word_1_631' title='bbox 2627 3400 2974 3469; x_wconf 82' lang='grc' dir='ltr'>προεστάναι,</span> <span class='ocrx_word' id='word_1_632' title='bbox 3004 3398 3097 3450; x_wconf 77' lang='grc' dir='ltr'>καὶ</span> <span class='ocrx_word' id='word_1_633' title='bbox 3123 3398 3340 3459; x_wconf 78' lang='grc' dir='ltr'>τούτους</span> <span class='ocrx_word' id='word_1_634' title='bbox 3374 3397 3465 3448; x_wconf 76' lang='grc' dir='ltr'><strong>ἐπὶ</strong></span> <span class='ocrx_word' id='word_1_635' title='bbox 3496 3396 3592 3466; x_wconf 76' lang='grc' dir='ltr'>τὴν</span> <span class='ocrx_word' id='word_1_636' title='bbox 3620 3396 3868 3466; x_wconf 77' lang='grc' dir='ltr'>οὐράνιον</span> <span class='ocrx_word' id='word_1_637' title='bbox 3896 3394 4060 3446; x_wconf 73' lang='grc' dir='ltr'>εὐθύ·-</span> 
     </span>
    </p>
   </div>
   <div class='ocr_carea' id='block_1_89' title="bbox 2486 3485 4067 3558">
    <p class='ocr_par' dir='ltr' id='par_1_89' title="bbox 2486 3485 4067 3558">
     <span class='ocr_line' id='line_1_89' title="bbox 2486 3485 4067 3558; baseline -0.002 -18"><span class='ocrx_word' id='word_1_638' title='bbox 2486 3506 2593 3541; x_wconf 87' lang='grc' dir='ltr'>νειν</span> <span class='ocrx_word' id='word_1_639' title='bbox 2643 3488 2810 3557; x_wconf 77' lang='grc' dir='ltr'>ζωήν,</span> <span class='ocrx_word' id='word_1_640' title='bbox 2846 3488 3034 3541; x_wconf 74' lang='grc' dir='ltr'>ἔλαθον</span> <span class='ocrx_word' id='word_1_641' title='bbox 3086 3489 3191 3541; x_wconf 82' lang='grc' dir='ltr'><strong>ὑπὸ</strong></span> <span class='ocrx_word' id='word_1_642' title='bbox 3223 3490 3567 3558; x_wconf 81' lang='grc' dir='ltr'>φρονήματος</span> <span class='ocrx_word' id='word_1_643' title='bbox 3613 3488 3837 3548; x_wconf 75' lang='grc' dir='ltr'>ἑαυτοὺς</span> <span class='ocrx_word' id='word_1_644' title='bbox 3873 3485 4067 3537; x_wconf 76' lang='grc' dir='ltr'>ἀπολέ-</span> 
     </span>
    </p>
   </div>
   <div class='ocr_carea' id='block_1_90' title="bbox 2487 3574 4065 3649">
    <p class='ocr_par' dir='ltr' id='par_1_90' title="bbox 2487 3574 4065 3649">
     <span class='ocr_line' id='line_1_90' title="bbox 2487 3574 4065 3649; baseline -0.004 -17"><span class='ocrx_word' id='word_1_645' title='bbox 2487 3596 2699 3641; x_wconf 81' lang='grc' dir='ltr'>σαντες.</span> <span class='ocrx_word' id='word_1_646' title='bbox 2722 3580 2800 3632; x_wconf 86' lang='grc' dir='ltr'>δεῖ</span> <span class='ocrx_word' id='word_1_647' title='bbox 2820 3575 2912 3631; x_wconf 81' lang='grc' dir='ltr'>οὖν</span> <span class='ocrx_word' id='word_1_648' title='bbox 2936 3580 2992 3630; x_wconf 82' lang='grc' dir='ltr'>ἐν</span> <span class='ocrx_word' id='word_1_649' title='bbox 3012 3581 3078 3649; x_wconf 80' lang='grc' dir='ltr'>τῇ</span> <span class='ocrx_word' id='word_1_650' title='bbox 3101 3578 3391 3647; x_wconf 75' lang='grc' dir='ltr'>ἐπιστασία</span> <span class='ocrx_word' id='word_1_651' title='bbox 3408 3574 3627 3646; x_wconf 72' lang='grc' dir='ltr'>μείζονα</span> <span class='ocrx_word' id='word_1_652' title='bbox 3648 3576 3744 3646; x_wconf 82' lang='grc' dir='ltr'>μὲν</span> <span class='ocrx_word' id='word_1_653' title='bbox 3760 3575 3866 3628; x_wconf 87' lang='grc' dir='ltr'><strong>τῶν</strong></span> <span class='ocrx_word' id='word_1_654' title='bbox 3886 3575 4065 3627; x_wconf 81' lang='grc' dir='ltr'>ἄλλων</span> 
     </span>
    </p>
   </div>
   <div class='ocr_carea' id='block_1_91' title="bbox 2482 3667 4066 3741">
    <p class='ocr_par' dir='ltr' id='par_1_91' title="bbox 2482 3667 4066 3741">
     <span class='ocr_line' id='line_1_91' title="bbox 2482 3667 4066 3741; baseline -0.003 -17"><span class='ocrx_word' id='word_1_655' title='bbox 2482 3675 2607 3734; x_wconf 72' lang='grc' dir='ltr'>τοὺς</span> <span class='ocrx_word' id='word_1_656' title='bbox 2631 3671 2979 3741; x_wconf 88' lang='grc' dir='ltr'>προεστῶτας</span> <span class='ocrx_word' id='word_1_657' title='bbox 3003 3674 3206 3733; x_wconf 84' lang='grc' dir='ltr'>πονεῖν,</span> <span class='ocrx_word' id='word_1_658' title='bbox 3230 3670 3586 3739; x_wconf 86' lang='grc' dir='ltr'>ταπεινότερα</span> <span class='ocrx_word' id='word_1_659' title='bbox 3612 3668 3668 3721; x_wconf 82' lang='grc' dir='ltr'>δὲ</span> <span class='ocrx_word' id='word_1_660' title='bbox 3697 3668 3805 3721; x_wconf 90' lang='grc' dir='ltr'><strong>τῶν</strong></span> <span class='ocrx_word' id='word_1_661' title='bbox 3830 3667 4066 3737; x_wconf 74' lang='grc' dir='ltr'>ἀρχομέ-</span> 
     </span>
    </p>
   </div>
   <div class='ocr_carea' id='block_1_92' title="bbox 2483 3759 4066 3832">
    <p class='ocr_par' dir='ltr' id='par_1_92' title="bbox 2483 3759 4066 3832">
     <span class='ocr_line' id='line_1_92' title="bbox 2483 3759 4066 3832; baseline -0.002 -18"><span class='ocrx_word' id='word_1_662' title='bbox 2483 3780 2589 3814; x_wconf 88' lang='grc' dir='ltr'><strong>νων</strong></span> <span class='ocrx_word' id='word_1_663' title='bbox 2616 3764 2850 3832; x_wconf 89' lang='grc' dir='ltr'>φρονεῖν,</span> <span class='ocrx_word' id='word_1_664' title='bbox 2878 3764 2972 3815; x_wconf 76' lang='grc' dir='ltr'><strong>καὶ</strong></span> <span class='ocrx_word' id='word_1_665' title='bbox 2990 3762 3157 3813; x_wconf 83' lang='grc' dir='ltr'>τύπον</span> <span class='ocrx_word' id='word_1_666' title='bbox 3182 3761 3421 3821; x_wconf 88' lang='grc' dir='ltr'>δουλείας</span> <span class='ocrx_word' id='word_1_667' title='bbox 3450 3760 3538 3812; x_wconf 83' lang='grc' dir='ltr'>τὸν</span> <span class='ocrx_word' id='word_1_668' title='bbox 3569 3759 3759 3812; x_wconf 81' lang='grc' dir='ltr'>ἑαυτοῦ</span> <span class='ocrx_word' id='word_1_669' title='bbox 3786 3759 3900 3827; x_wconf 86' lang='grc' dir='ltr'>βίον</span> <span class='ocrx_word' id='word_1_670' title='bbox 3929 3776 4066 3831; x_wconf 84' lang='grc' dir='ltr'>παρ-</span> 
     </span>
    </p>
   </div>
   <div class='ocr_carea' id='block_1_93' title="bbox 2485 3847 4064 3920">
    <p class='ocr_par' dir='ltr' id='par_1_93' title="bbox 2485 3847 4064 3920">
     <span class='ocr_line' id='line_1_93' title="bbox 2485 3847 4064 3920; baseline -0.003 -17"><span class='ocrx_word' id='word_1_671' title='bbox 2485 3851 2627 3920; x_wconf 83' lang='grc' dir='ltr'>έχειν</span> <span class='ocrx_word' id='word_1_672' title='bbox 2667 3854 2781 3914; x_wconf 89' lang='grc' dir='ltr'>τοῖς</span> <span class='ocrx_word' id='word_1_673' title='bbox 2822 3850 3087 3917; x_wconf 73' lang='grc' dir='ltr'>ἀδελφοῖς,</span> <span class='ocrx_word' id='word_1_674' title='bbox 3130 3848 3601 3917; x_wconf 81' lang='grc' dir='ltr'>παρακαταθήκην</span> <span class='ocrx_word' id='word_1_675' title='bbox 3641 3847 3763 3899; x_wconf 79' lang='grc' dir='ltr'>θεοῦ</span> <span class='ocrx_word' id='word_1_676' title='bbox 3815 3847 4064 3916; x_wconf 79' lang='grc' dir='ltr'>νομίζον-</span> 
     </span>
    </p>
   </div>
   <div class='ocr_carea' id='block_1_94' title="bbox 2482 3938 4060 4012">
    <p class='ocr_par' dir='ltr' id='par_1_94' title="bbox 2482 3938 4060 4012">
     <span class='ocr_line' id='line_1_94' title="bbox 2482 3938 4060 4012; baseline -0.002 -19"><span class='ocrx_word' id='word_1_677' title='bbox 2482 3959 2580 4005; x_wconf 87' lang='grc' dir='ltr'><strong>τας</strong></span> <span class='ocrx_word' id='word_1_678' title='bbox 2604 3941 2766 4012; x_wconf 75' lang='grc' dir='ltr'>ἕχειν,</span> <span class='ocrx_word' id='word_1_679' title='bbox 2805 3940 2898 4004; x_wconf 84' lang='grc' dir='ltr'>οὓς</span> <span class='ocrx_word' id='word_1_680' title='bbox 2947 3939 3366 4009; x_wconf 71' lang='grc' dir='ltr'>ἐπιστεύθησαν.</span> <span class='ocrx_word' id='word_1_681' title='bbox 3412 3942 3461 3992; x_wconf 82' lang='grc' dir='ltr'><strong>εί</strong></span> <span class='ocrx_word' id='word_1_682' title='bbox 3506 3940 3615 4011; x_wconf 85' lang='grc' dir='ltr'><strong>γὰρ</strong></span> <span class='ocrx_word' id='word_1_683' title='bbox 3647 3938 3819 4001; x_wconf 68' lang='grc' dir='ltr'>οὕτως</span> <span class='ocrx_word' id='word_1_684' title='bbox 3864 3939 4060 4007; x_wconf 76' lang='grc' dir='ltr'>ἔχοιεν,</span> 
     </span>
    </p>
   </div>
   <div class='ocr_carea' id='block_1_95' title="bbox 2486 4029 4061 4103">
    <p class='ocr_par' dir='ltr' id='par_1_95' title="bbox 2486 4029 4061 4103">
     <span class='ocr_line' id='line_1_95' title="bbox 2486 4029 4061 4103; baseline -0.003 -17"><span class='ocrx_word' id='word_1_685' title='bbox 2486 4032 2911 4103; x_wconf 87' lang='grc' dir='ltr'>συγκροτοῦντες</span> <span class='ocrx_word' id='word_1_686' title='bbox 2932 4033 3022 4084; x_wconf 80' lang='grc' dir='ltr'>τὸν</span> <span class='ocrx_word' id='word_1_687' title='bbox 3060 4031 3202 4102; x_wconf 76' lang='grc' dir='ltr'>ἱερὸν</span> <span class='ocrx_word' id='word_1_688' title='bbox 3231 4034 3294 4101; x_wconf 86' lang='grc' dir='ltr'>τῇ</span> <span class='ocrx_word' id='word_1_689' title='bbox 3333 4030 3599 4101; x_wconf 65' lang='grc' dir='ltr'>θεραπείᾳ.</span> <span class='ocrx_word' id='word_1_690' title='bbox 3634 4031 3811 4101; x_wconf 88' lang='grc' dir='ltr'>χορόν,</span> <span class='ocrx_word' id='word_1_691' title='bbox 3841 4030 3939 4081; x_wconf 73' lang='grc' dir='ltr'>καὶ</span> <span class='ocrx_word' id='word_1_692' title='bbox 3961 4029 4061 4100; x_wconf 77' lang='grc' dir='ltr'>τὴν</span> 
     </span>
    </p>
   </div>
   <div class='ocr_carea' id='block_1_96' title="bbox 2487 4120 4061 4196">
    <p class='ocr_par' dir='ltr' id='par_1_96' title="bbox 2487 4120 4061 4196">
     <span class='ocr_line' id='line_1_96' title="bbox 2487 4120 4061 4196; baseline -0.001 -19"><span class='ocrx_word' id='word_1_693' title='bbox 2487 4125 2583 4196; x_wconf 84' lang='grc' dir='ltr'>μὲν</span> <span class='ocrx_word' id='word_1_694' title='bbox 2602 4124 2817 4192; x_wconf 83' lang='grc' dir='ltr'>διδαχὴν</span> <span class='ocrx_word' id='word_1_695' title='bbox 2833 4124 2973 4176; x_wconf 84' lang='grc' dir='ltr'>κατὰ</span> <span class='ocrx_word' id='word_1_696' title='bbox 2988 4122 3082 4192; x_wconf 84' lang='grc' dir='ltr'>τὴν</span> <span class='ocrx_word' id='word_1_697' title='bbox 3100 4124 3327 4175; x_wconf 82' lang='grc' dir='ltr'>ἑκάστου</span> <span class='ocrx_word' id='word_1_698' title='bbox 3347 4123 3537 4192; x_wconf 86' lang='grc' dir='ltr'>χρείαν</span> <span class='ocrx_word' id='word_1_699' title='bbox 3560 4125 3617 4174; x_wconf 85' lang='grc' dir='ltr'>ἐν</span> <span class='ocrx_word' id='word_1_700' title='bbox 3635 4120 3850 4192; x_wconf 87' lang='grc' dir='ltr'>φανερῷ</span> <span class='ocrx_word' id='word_1_701' title='bbox 3876 4121 4061 4175; x_wconf 77' lang='grc' dir='ltr'>ποιούο</span> 
     </span>
    </p>
   </div>
   <div class='ocr_carea' id='block_1_97' title="bbox 2487 4210 4059 4280">
    <p class='ocr_par' dir='ltr' id='par_1_97' title="bbox 2487 4210 4059 4280">
     <span class='ocr_line' id='line_1_97' title="bbox 2487 4210 4059 4280; baseline -0.001 -17"><span class='ocrx_word' id='word_1_702' title='bbox 2487 4228 2657 4279; x_wconf 78' lang='grc' dir='ltr'>μενοι,</span> <span class='ocrx_word' id='word_1_703' title='bbox 2689 4212 2822 4279; x_wconf 68' lang='grc' dir='ltr'>πρὸς</span> <span class='ocrx_word' id='word_1_704' title='bbox 2849 4212 2909 4262; x_wconf 76' lang='grc' dir='ltr'>τὸ</span> <span class='ocrx_word' id='word_1_705' title='bbox 2938 4210 3131 4273; x_wconf 71' lang='grc' dir='ltr'>σώζειν</span> <span class='ocrx_word' id='word_1_706' title='bbox 3162 4212 3260 4279; x_wconf 86' lang='grc' dir='ltr'>τὴν</span> <span class='ocrx_word' id='word_1_707' title='bbox 3294 4212 3525 4264; x_wconf 79' lang='grc' dir='ltr'>ἑκάστου</span> <span class='ocrx_word' id='word_1_708' title='bbox 3548 4214 3859 4280; x_wconf 73' lang='grc' dir='ltr'>πρέπουσαν</span> <span class='ocrx_word' id='word_1_709' title='bbox 3881 4210 4059 4275; x_wconf 78' lang='grc' dir='ltr'>τάξιν,</span> 
     </span>
    </p>
   </div>
   <div class='ocr_carea' id='block_1_98' title="bbox 2484 4297 4060 4367">
    <p class='ocr_par' dir='ltr' id='par_1_98' title="bbox 2484 4297 4060 4367">
     <span class='ocr_line' id='line_1_98' title="bbox 2484 4297 4060 4367; baseline -0.001 -16"><span class='ocrx_word' id='word_1_710' title='bbox 2484 4303 2540 4351; x_wconf 82' lang='grc' dir='ltr'>ἐν</span> <span class='ocrx_word' id='word_1_711' title='bbox 2567 4298 2643 4367; x_wconf 83' lang='grc' dir='ltr'>τῷ</span> <span class='ocrx_word' id='word_1_712' title='bbox 2670 4297 2897 4367; x_wconf 81' lang='grc' dir='ltr'>κρυπτῷ</span> <span class='ocrx_word' id='word_1_713' title='bbox 2920 4298 2976 4350; x_wconf 79' lang='grc' dir='ltr'>δὲ</span> <span class='ocrx_word' id='word_1_714' title='bbox 2998 4298 3138 4349; x_wconf 86' lang='grc' dir='ltr'><strong>κατά</strong></span> <span class='ocrx_word' id='word_1_715' title='bbox 3156 4298 3391 4350; x_wconf 83' lang='grc' dir='ltr'>διάνοιαν</span> <span class='ocrx_word' id='word_1_716' title='bbox 3414 4300 3512 4367; x_wconf 80' lang='grc' dir='ltr'>τὴν</span> <span class='ocrx_word' id='word_1_717' title='bbox 3538 4299 4060 4367; x_wconf 79' lang='grc' dir='ltr'>ταπεινοφροσύνην,</span> 
     </span>
    </p>
   </div>
   <div class='ocr_carea' id='block_1_99' title="bbox 2485 4387 4055 4458">
    <p class='ocr_par' dir='ltr' id='par_1_99' title="bbox 2485 4387 4055 4458">
     <span class='ocr_line' id='line_1_99' title="bbox 2485 4387 4055 4458; baseline 0.001 -19"><span class='ocrx_word' id='word_1_718' title='bbox 2485 4388 2735 4458; x_wconf 79' lang='grc' dir='ltr'>καθάπερ</span> <span class='ocrx_word' id='word_1_719' title='bbox 2782 4388 3120 4457; x_wconf 82' lang='grc' dir='ltr'>εὐγνώμονες</span> <span class='ocrx_word' id='word_1_720' title='bbox 3167 4388 3339 4439; x_wconf 86' lang='grc' dir='ltr'>δοῦλοι</span> <span class='ocrx_word' id='word_1_721' title='bbox 3380 4387 3671 4457; x_wconf 84' lang='grc' dir='ltr'>τηροῦντες</span> <span class='ocrx_word' id='word_1_722' title='bbox 3708 4387 3805 4457; x_wconf 79' lang='grc' dir='ltr'>τὴν</span> <span class='ocrx_word' id='word_1_723' title='bbox 3854 4387 4055 4449; x_wconf 87' lang='grc' dir='ltr'>πίστιν,</span> 
     </span>
    </p>
   </div>
   <div class='ocr_carea' id='block_1_100' title="bbox 2490 4478 4052 4551">
    <p class='ocr_par' dir='ltr' id='par_1_100' title="bbox 2490 4478 4052 4551">
     <span class='ocr_line' id='line_1_100' title="bbox 2490 4478 4052 4551; baseline 0 -20"><span class='ocrx_word' id='word_1_724' title='bbox 2490 4480 2661 4550; x_wconf 79' lang='grc' dir='ltr'>μέγαν</span> <span class='ocrx_word' id='word_1_725' title='bbox 2706 4480 2917 4542; x_wconf 72' lang='grc' dir='ltr'>ἑαυτοῖς</span> <span class='ocrx_word' id='word_1_726' title='bbox 2950 4480 3271 4551; x_wconf 76' lang='grc' dir='ltr'>ἐργάζονται</span> <span class='ocrx_word' id='word_1_727' title='bbox 3314 4479 3387 4549; x_wconf 86' lang='grc' dir='ltr'>τῷ</span> <span class='ocrx_word' id='word_1_728' title='bbox 3432 4478 3658 4549; x_wconf 85' lang='grc' dir='ltr'>τοιούτῳ</span> <span class='ocrx_word' id='word_1_729' title='bbox 3689 4479 3787 4549; x_wconf 87' lang='grc' dir='ltr'>βίῳ</span> <span class='ocrx_word' id='word_1_730' title='bbox 3836 4478 4052 4547; x_wconf 88' lang='grc' dir='ltr'>μισθόν.</span> 
     </span>
    </p>
   </div>
   <div class='ocr_carea' id='block_1_101' title="bbox 2487 4567 4055 4642">
    <p class='ocr_par' dir='ltr' id='par_1_101' title="bbox 2487 4567 4055 4642">
     <span class='ocr_line' id='line_1_101' title="bbox 2487 4567 4055 4642; baseline 0.001 -20"><span class='ocrx_word' id='word_1_731' title='bbox 2487 4571 2656 4634; x_wconf 83' lang='grc' dir='ltr'>οὔτως</span> <span class='ocrx_word' id='word_1_732' title='bbox 2694 4567 2786 4624; x_wconf 85' lang='grc' dir='ltr'>οὖν</span> <span class='ocrx_word' id='word_1_733' title='bbox 2821 4570 2943 4642; x_wconf 86' lang='grc' dir='ltr'>[δεῖ]</span> <span class='ocrx_word' id='word_1_734' title='bbox 2965 4573 3008 4641; x_wconf 84' lang='grc'><strong>⁷)</strong></span> <span class='ocrx_word' id='word_1_735' title='bbox 3049 4572 3421 4640; x_wconf 70' lang='grc' dir='ltr'>ἐπιμελεῖσθαι</span> <span class='ocrx_word' id='word_1_736' title='bbox 3455 4570 3657 4633; x_wconf 71' lang='grc' dir='ltr'>αὐτῶν,</span> <span class='ocrx_word' id='word_1_737' title='bbox 3708 4570 3783 4634; x_wconf 85' lang='grc' dir='ltr'>ὠς</span> <span class='ocrx_word' id='word_1_738' title='bbox 3819 4570 3887 4623; x_wconf 82' lang='grc' dir='ltr'>ἂν</span> <span class='ocrx_word' id='word_1_739' title='bbox 3920 4588 4055 4642; x_wconf 88' lang='grc' dir='ltr'>χρη-</span> 
     </span>
    </p>
   </div>
   <div class='ocr_carea' id='block_1_102' title="bbox 2490 4658 4055 4730">
    <p class='ocr_par' dir='ltr' id='par_1_102' title="bbox 2490 4658 4055 4730">
     <span class='ocr_line' id='line_1_102' title="bbox 2490 4658 4055 4730; baseline -0.001 -19"><span class='ocrx_word' id='word_1_740' title='bbox 2490 4660 2604 4711; x_wconf 72' lang='grc' dir='ltr'>στοὶ</span> <span class='ocrx_word' id='word_1_741' title='bbox 2655 4660 2992 4727; x_wconf 84' lang='grc' dir='ltr'>παιδαγωγοὶ</span> <span class='ocrx_word' id='word_1_742' title='bbox 3021 4660 3223 4713; x_wconf 84' lang='grc' dir='ltr'>παίδων</span> <span class='ocrx_word' id='word_1_743' title='bbox 3252 4660 3496 4717; x_wconf 83' lang='grc' dir='ltr'>ἁπαλῶν.</span> <span class='ocrx_word' id='word_1_744' title='bbox 3525 4658 3617 4721; x_wconf 74' lang='grc' dir='ltr'>οὓς</span> <span class='ocrx_word' id='word_1_745' title='bbox 3657 4660 4055 4730; x_wconf 79' lang='grc' dir='ltr'>ἐπιστεύθησαν</span> 
     </span>
    </p>
   </div>
   <div class='ocr_carea' id='block_1_103' title="bbox 2489 4751 4053 4822">
    <p class='ocr_par' dir='ltr' id='par_1_103' title="bbox 2489 4751 4053 4822">
     <span class='ocr_line' id='line_1_103' title="bbox 2489 4751 4053 4822; baseline 0.001 -19"><span class='ocrx_word' id='word_1_746' title='bbox 2489 4751 2637 4821; x_wconf 84' lang='grc' dir='ltr'><strong>παρά</strong></span> <span class='ocrx_word' id='word_1_747' title='bbox 2662 4751 2770 4803; x_wconf 88' lang='grc' dir='ltr'><strong>τῶν</strong></span> <span class='ocrx_word' id='word_1_748' title='bbox 2796 4752 3045 4822; x_wconf 81' lang='grc' dir='ltr'>πατέρων</span> <span class='ocrx_word' id='word_1_749' title='bbox 3082 4751 3281 4805; x_wconf 81' lang='grc' dir='ltr'>αὐτῶν.</span> <span class='ocrx_word' id='word_1_750' title='bbox 3325 4754 3520 4803; x_wconf 74' lang='grc' dir='ltr'>ἐκεῖνοι</span> <span class='ocrx_word' id='word_1_751' title='bbox 3550 4752 3677 4822; x_wconf 77' lang='grc' dir='ltr'>γὰρ,</span> <span class='ocrx_word' id='word_1_752' title='bbox 3716 4751 3822 4803; x_wconf 82' lang='grc' dir='ltr'><strong>τῶν</strong></span> <span class='ocrx_word' id='word_1_753' title='bbox 3852 4751 4053 4805; x_wconf 85' lang='grc' dir='ltr'>παίδων</span> 
     </span>
    </p>
   </div>
   <div class='ocr_carea' id='block_1_104' title="bbox 2487 4841 4053 4913">
    <p class='ocr_par' dir='ltr' id='par_1_104' title="bbox 2487 4841 4053 4913">
     <span class='ocr_line' id='line_1_104' title="bbox 2487 4841 4053 4913; baseline 0.001 -20"><span class='ocrx_word' id='word_1_754' title='bbox 2487 4841 2587 4904; x_wconf 90' lang='grc' dir='ltr'><strong>τάς</strong></span> <span class='ocrx_word' id='word_1_755' title='bbox 2617 4842 2757 4906; x_wconf 73' lang='grc' dir='ltr'>ἔξεις</span> <span class='ocrx_word' id='word_1_756' title='bbox 2787 4842 3132 4906; x_wconf 85' lang='grc' dir='ltr'>σκοποῦντες,</span> <span class='ocrx_word' id='word_1_757' title='bbox 3174 4846 3250 4913; x_wconf 86' lang='grc' dir='ltr'>τῷ</span> <span class='ocrx_word' id='word_1_758' title='bbox 3274 4844 3373 4912; x_wconf 84' lang='grc' dir='ltr'>μὲν</span> <span class='ocrx_word' id='word_1_759' title='bbox 3410 4843 3644 4913; x_wconf 77' lang='grc' dir='ltr'>πληγὰς,</span> <span class='ocrx_word' id='word_1_760' title='bbox 3675 4842 3753 4911; x_wconf 79' lang='grc' dir='ltr'>τῷ</span> <span class='ocrx_word' id='word_1_761' title='bbox 3780 4843 3836 4895; x_wconf 77' lang='grc' dir='ltr'>δὲ</span> <span class='ocrx_word' id='word_1_762' title='bbox 3868 4842 4053 4894; x_wconf 80' lang='grc' dir='ltr'>νουθεο</span> 
     </span>
    </p>
   </div>
   <div class='ocr_carea' id='block_1_105' title="bbox 2490 4932 4052 5004">
    <p class='ocr_par' dir='ltr' id='par_1_105' title="bbox 2490 4932 4052 5004">
     <span class='ocr_line' id='line_1_105' title="bbox 2490 4932 4052 5004; baseline 0 -18"><span class='ocrx_word' id='word_1_763' title='bbox 2490 4933 2631 4997; x_wconf 86' lang='grc' dir='ltr'>σίας,</span> <span class='ocrx_word' id='word_1_764' title='bbox 2663 4934 2739 5004; x_wconf 85' lang='grc' dir='ltr'>τῷ</span> <span class='ocrx_word' id='word_1_765' title='bbox 2769 4934 2825 4986; x_wconf 84' lang='grc' dir='ltr'>δὲ</span> <span class='ocrx_word' id='word_1_766' title='bbox 2858 4935 3097 4997; x_wconf 73' lang='grc' dir='ltr'>ἔπαινον,</span> <span class='ocrx_word' id='word_1_767' title='bbox 3126 4934 3204 5003; x_wconf 82' lang='grc' dir='ltr'>τῷ</span> <span class='ocrx_word' id='word_1_768' title='bbox 3243 4935 3297 4987; x_wconf 84' lang='grc' dir='ltr'>δὲ</span> <span class='ocrx_word' id='word_1_769' title='bbox 3328 4934 3455 4988; x_wconf 83' lang='grc' dir='ltr'>ἀλλο</span> <span class='ocrx_word' id='word_1_770' title='bbox 3493 4952 3545 4986; x_wconf 89' lang='grc' dir='ltr'><strong>τι</strong></span> <span class='ocrx_word' id='word_1_771' title='bbox 3602 4932 3862 4997; x_wconf 57' lang='grc' dir='ltr'>τοιοῦτον,</span> <span class='ocrx_word' id='word_1_772' title='bbox 3884 4950 4052 5004; x_wconf 86' lang='grc' dir='ltr'>προσ-</span> 
     </span>
    </p>
   </div>
   <div class='ocr_carea' id='block_1_106' title="bbox 2488 5025 4056 5097">
    <p class='ocr_par' dir='ltr' id='par_1_106' title="bbox 2488 5025 4056 5097">
     <span class='ocr_line' id='line_1_106' title="bbox 2488 5025 4056 5097; baseline 0.001 -20"><span class='ocrx_word' id='word_1_773' title='bbox 2488 5025 2734 5094; x_wconf 78' lang='grc' dir='ltr'>άγουσιν,</span> <span class='ocrx_word' id='word_1_774' title='bbox 2763 5028 2915 5080; x_wconf 83' lang='grc' dir='ltr'>οὐδὲν</span> <span class='ocrx_word' id='word_1_775' title='bbox 2948 5027 3071 5080; x_wconf 76' lang='grc' dir='ltr'>οὒτε</span> <span class='ocrx_word' id='word_1_776' title='bbox 3098 5027 3234 5097; x_wconf 83' lang='grc' dir='ltr'>πρὸς</span> <span class='ocrx_word' id='word_1_777' title='bbox 3259 5028 3417 5097; x_wconf 82' lang='grc' dir='ltr'>χάριν</span> <span class='ocrx_word' id='word_1_778' title='bbox 3441 5026 3565 5080; x_wconf 77' lang='grc' dir='ltr'>οὕτε</span> <span class='ocrx_word' id='word_1_779' title='bbox 3588 5026 3723 5096; x_wconf 82' lang='grc' dir='ltr'>πρὸς</span> <span class='ocrx_word' id='word_1_780' title='bbox 3760 5026 4056 5095; x_wconf 73' lang='grc' dir='ltr'>ἀπέχθειαν</span> 
     </span>
    </p>
   </div>
   <div class='ocr_carea' id='block_1_107' title="bbox 2484 5118 4057 5189">
    <p class='ocr_par' dir='ltr' id='par_1_107' title="bbox 2484 5118 4057 5189">
     <span class='ocr_line' id='line_1_107' title="bbox 2484 5118 4057 5189; baseline -0.001 -18"><span class='ocrx_word' id='word_1_781' title='bbox 2484 5119 2688 5171; x_wconf 87' lang='grc' dir='ltr'>τούτων</span> <span class='ocrx_word' id='word_1_782' title='bbox 2716 5120 3012 5184; x_wconf 84' lang='grc' dir='ltr'>ποιοῦντες,</span> <span class='ocrx_word' id='word_1_783' title='bbox 3036 5120 3147 5173; x_wconf 85' lang='grc' dir='ltr'>ἀλλ’</span> <span class='ocrx_word' id='word_1_784' title='bbox 3176 5120 3251 5183; x_wconf 87' lang='grc' dir='ltr'>ὠς</span> <span class='ocrx_word' id='word_1_785' title='bbox 3276 5120 3445 5189; x_wconf 82' lang='grc' dir='ltr'>ἀνῆκε</span> <span class='ocrx_word' id='word_1_786' title='bbox 3468 5118 3562 5172; x_wconf 89' lang='grc' dir='ltr'><strong>τοῦ</strong></span> <span class='ocrx_word' id='word_1_787' title='bbox 3586 5118 3929 5189; x_wconf 78' lang='grc' dir='ltr'>πράγματος,</span> <span class='ocrx_word' id='word_1_788' title='bbox 3963 5118 4057 5170; x_wconf 68' lang='grc' dir='ltr'>καὶ</span> 
     </span>
    </p>
   </div>
   <div class='ocr_carea' id='block_1_108' title="bbox 2070 5272 2764 5329">
    <p class='ocr_par' dir='ltr' id='par_1_108' title="bbox 2070 5272 2764 5329">
     <span class='ocr_line' id='line_1_108' title="bbox 2070 5272 2764 5329; baseline 0.004 -5"><span class='ocrx_word' id='word_1_789' title='bbox 2070 5272 2323 5326; x_wconf 77' lang='lat' dir='ltr'><strong>V&#39;ARIAE</strong></span> <span class='ocrx_word' id='word_1_790' title='bbox 2364 5272 2764 5329; x_wconf 84' lang='lat' dir='ltr'><strong>LECTIONES.</strong></span> 
     </span>
    </p>
   </div>
   <div class='ocr_carea' id='block_1_109' title="bbox 890 5380 1275 5450">
    <p class='ocr_par' dir='ltr' id='par_1_109' title="bbox 890 5380 1275 5450">
     <span class='ocr_line' id='line_1_109' title="bbox 890 5380 1275 5450; baseline 0.005 -14"><span class='ocrx_word' id='word_1_791' title='bbox 890 5380 928 5450; x_wconf 87' lang='lat'>&#39;)</span> <span class='ocrx_word' id='word_1_792' title='bbox 964 5382 1118 5437; x_wconf 88' lang='lat' dir='ltr'><strong>Coni.</strong></span> <span class='ocrx_word' id='word_1_793' title='bbox 1153 5386 1275 5438; x_wconf 86' lang='lat' dir='ltr'><strong>add.</strong></span> 
     </span>
    </p>
   </div>
   <div class='ocr_carea' id='block_1_110' title="bbox 1320 5386 4032 5463">
    <p class='ocr_par' dir='ltr' id='par_1_110' title="bbox 1320 5386 4032 5463">
     <span class='ocr_line' id='line_1_110' title="bbox 1320 5386 4032 5463; baseline 0.005 -27"><span class='ocrx_word' id='word_1_794' title='bbox 1320 5387 1374 5463; x_wconf 73' lang='grc' dir='ltr'>ᾖ,</span> <span class='ocrx_word' id='word_1_795' title='bbox 1422 5386 1472 5437; x_wconf 90' lang='lat' dir='ltr'><strong>in</strong></span> <span class='ocrx_word' id='word_1_796' title='bbox 1502 5386 1635 5463; x_wconf 37' lang='lat' dir='ltr'><strong>.cod.</strong></span> <span class='ocrx_word' id='word_1_797' title='bbox 1690 5386 2053 5463; x_wconf 71' lang='lat' dir='ltr'><strong>desideratur.</strong></span> <span class='ocrx_word' id='word_1_798' title='bbox 2091 5420 2168 5463; x_wconf 69' lang='lat'><strong>:—</strong></span> <span class='ocrx_word' id='word_1_799' title='bbox 2209 5388 2253 5456; x_wconf 83' lang='grc'><strong>³)</strong></span> <span class='ocrx_word' id='word_1_800' title='bbox 2284 5391 2379 5463; x_wconf 72' lang='grc' dir='ltr'><strong>δίο</strong></span> <span class='ocrx_word' id='word_1_801' title='bbox 2414 5391 2535 5463; x_wconf 86' lang='lat' dir='ltr'><strong>cod.</strong></span> <span class='ocrx_word' id='word_1_802' title='bbox 2588 5389 2715 5463; x_wconf 64' lang='lat'><strong>—:&#39;)</strong></span> <span class='ocrx_word' id='word_1_803' title='bbox 2753 5390 3003 5463; x_wconf 77' lang='lat' dir='ltr'><strong>Emend.,</strong></span> <span class='ocrx_word' id='word_1_804' title='bbox 3032 5393 3165 5463; x_wconf 80' lang='lat' dir='ltr'><strong>cod.</strong></span> <span class='ocrx_word' id='word_1_805' title='bbox 3218 5391 3708 5463; x_wconf 69' lang='grc' dir='ltr'>ὀφθαλμωδουλεξᾳ.</span> <span class='ocrx_word' id='word_1_806' title='bbox 3743 5422 3809 5430; x_wconf 86' lang='grc'><strong>-</strong></span> <span class='ocrx_word' id='word_1_807' title='bbox 3838 5390 3881 5458; x_wconf 75' lang='grc'><strong>⁸)</strong></span> <span class='ocrx_word' id='word_1_808' title='bbox 3912 5388 4032 5463; x_wconf 68' lang='lat' dir='ltr'><strong>Cod</strong></span> 
     </span>
    </p>
   </div>
   <div class='ocr_carea' id='block_1_111' title="bbox 814 5447 3946 5533">
    <p class='ocr_par' dir='ltr' id='par_1_111' title="bbox 814 5447 3946 5533">
     <span class='ocr_line' id='line_1_111' title="bbox 814 5447 3946 5533; baseline 0.004 -31"><span class='ocrx_word' id='word_1_809' title='bbox 814 5447 919 5505; x_wconf 66' lang='grc' dir='ltr'>ἑνὶ.</span> <span class='ocrx_word' id='word_1_810' title='bbox 944 5483 1013 5492; x_wconf 88' lang='lat'>——</span> <span class='ocrx_word' id='word_1_811' title='bbox 1040 5453 1083 5522; x_wconf 87' lang='grc'><strong>⁸)</strong></span> <span class='ocrx_word' id='word_1_812' title='bbox 1127 5447 1377 5520; x_wconf 69' lang='grc' dir='ltr'>Ειιιριιιίξ,</span> <span class='ocrx_word' id='word_1_813' title='bbox 1416 5456 1536 5510; x_wconf 91' lang='lat' dir='ltr'><strong>cod.</strong></span> <span class='ocrx_word' id='word_1_814' title='bbox 1580 5456 1882 5525; x_wconf 85' lang='grc' dir='ltr'>φροντίδας.</span> <span class='ocrx_word' id='word_1_815' title='bbox 1915 5488 1982 5495; x_wconf 89' lang='grc'><strong><em>-</em></strong></span> <span class='ocrx_word' id='word_1_816' title='bbox 2006 5460 2049 5528; x_wconf 62' lang='grc' dir='ltr'><strong>ξ)</strong></span> <span class='ocrx_word' id='word_1_817' title='bbox 2090 5447 2343 5522; x_wconf 68' lang='lat' dir='ltr'><strong>Emend.</strong></span> <span class='ocrx_word' id='word_1_818' title='bbox 2376 5462 2497 5516; x_wconf 91' lang='lat' dir='ltr'><strong>cod.</strong></span> <span class='ocrx_word' id='word_1_819' title='bbox 2530 5447 2809 5527; x_wconf 80' lang='grc' dir='ltr'>δοκῶν’τες.</span> <span class='ocrx_word' id='word_1_820' title='bbox 2850 5493 2919 5501; x_wconf 91' lang='grc'><strong><em>--</em></strong></span> <span class='ocrx_word' id='word_1_821' title='bbox 2943 5447 3112 5533; x_wconf 74' lang='grc' dir='ltr'><strong>’)’ὃεῐ</strong></span> <span class='ocrx_word' id='word_1_822' title='bbox 3141 5447 3273 5517; x_wconf 77' lang='grc' dir='ltr'>οω.’</span> <span class='ocrx_word' id='word_1_823' title='bbox 3294 5447 3439 5527; x_wconf 34' lang='lat' dir='ltr'><strong>cedi,</strong></span> <span class='ocrx_word' id='word_1_824' title='bbox 3492 5447 3677 5517; x_wconf 83' lang='lat' dir='ltr'><strong>addidi</strong></span> <span class='ocrx_word' id='word_1_825' title='bbox 3707 5477 3773 5516; x_wconf 79' lang='lat' dir='ltr'><strong>ex</strong></span> <span class='ocrx_word' id='word_1_826' title='bbox 3802 5447 3946 5515; x_wconf 73' lang='lat' dir='ltr'><strong>coni.</strong></span> 
     </span>
    </p>
   </div>
   <div class='ocr_carea' id='block_1_112' title="bbox 2320 5595 2568 5651">
    <p class='ocr_par' dir='ltr' id='par_1_112' title="bbox 2320 5595 2568 5651">
     <span class='ocr_line' id='line_1_112' title="bbox 2320 5595 2568 5651; baseline 0.008 -2"><span class='ocrx_word' id='word_1_827' title='bbox 2320 5595 2568 5651; x_wconf 84' lang='lat' dir='ltr'><strong>NOTAE.</strong></span> 
     </span>
    </p>
   </div>
   <div class='ocr_carea' id='block_1_113' title="bbox 815 5704 2387 5829">
    <p class='ocr_par' dir='ltr' id='par_1_113' title="bbox 815 5704 2387 5829">
     <span class='ocr_line' id='line_1_113' title="bbox 815 5704 2387 5829; baseline 0.002 -72"><span class='ocrx_word' id='word_1_828' title='bbox 815 5704 1143 5829; x_wconf 41' lang='lat' dir='ltr'><strong>x‘ﬁflgiMzﬁc.</strong></span> <span class='ocrx_word' id='word_1_829' title='bbox 1180 5706 1270 5771; x_wconf 74' lang='lat' dir='ltr'><strong>lx,</strong></span> <span class='ocrx_word' id='word_1_830' title='bbox 1302 5706 1402 5772; x_wconf 65' lang='lat'><strong>54;</strong></span> <span class='ocrx_word' id='word_1_831' title='bbox 1436 5707 1501 5770; x_wconf 81' lang='grc' dir='ltr'>Χ,</span> <span class='ocrx_word' id='word_1_832' title='bbox 1532 5707 1599 5760; x_wconf 70' lang='grc'>43</span> <span class='ocrx_word' id='word_1_833' title='bbox 1629 5722 1732 5775; x_wconf 89' lang='lat' dir='ltr'><strong>sq.;</strong></span> <span class='ocrx_word' id='word_1_834' title='bbox 1767 5706 1952 5761; x_wconf 77' lang='lat' dir='ltr'><strong>Matth.</strong></span> <span class='ocrx_word' id='word_1_835' title='bbox 1990 5704 2105 5771; x_wconf 79' lang='lat' dir='ltr'><strong>XX,</strong></span> <span class='ocrx_word' id='word_1_836' title='bbox 2136 5706 2204 5762; x_wconf 73' lang='grc'><strong>26</strong></span> <span class='ocrx_word' id='word_1_837' title='bbox 2244 5723 2387 5776; x_wconf 87' lang='lat' dir='ltr'><strong>sqq.,</strong></span> 
     </span>
    </p>
   </div>
   <div class='ocr_carea' id='block_1_114' title="bbox 2572 5712 3516 5784">
    <p class='ocr_par' dir='ltr' id='par_1_114' title="bbox 2572 5712 3516 5784">
     <span class='ocr_line' id='line_1_114' title="bbox 2572 5712 3516 5784; baseline 0.001 -17"><span class='ocrx_word' id='word_1_838' title='bbox 2572 5712 2647 5782; x_wconf 71' lang='grc' dir='ltr'><strong>(ε)</strong></span> <span class='ocrx_word' id='word_1_839' title='bbox 2689 5715 2824 5784; x_wconf 87' lang='lat' dir='ltr'><strong>Eph.</strong></span> <span class='ocrx_word' id='word_1_840' title='bbox 2869 5716 2955 5781; x_wconf 79' lang='lat' dir='ltr'><strong>Vl,</strong></span> <span class='ocrx_word' id='word_1_841' title='bbox 2986 5716 3039 5779; x_wconf 72' lang='grc' dir='ltr'>θ,</span> <span class='ocrx_word' id='word_1_842' title='bbox 3078 5717 3129 5782; x_wconf 81' lang='lat'><strong>7;</strong></span> <span class='ocrx_word' id='word_1_843' title='bbox 3160 5715 3273 5771; x_wconf 86' lang='lat' dir='ltr'><strong>Col.</strong></span> <span class='ocrx_word' id='word_1_844' title='bbox 3314 5713 3516 5778; x_wconf 72' lang='lat'><strong>&quot;1,22.</strong></span> 
     </span>
    </p>
   </div>
  </div>
