4266 6356
217 387 329 445 ιτε

1657 386 2056 445 EPISTOLAE.

3371 384 3476 441 £26

217 509 249 561 ό
282 504 379 559 τοῦ
410 503 598 567 παιδὸς
627 504 854 558 ἀπαιτεῖ
876 504 1099 576 τρόπος,
1122 506 1202 569 εἰς
1221 505 1284 558 τὸ
1315 504 1569 574 γενέσθαι
1591 506 1791 569 αὐτοὺς
1818 509 1866 563 Δ
1892 520 1902 557 ε

1818 509 1866 563 Δ
1892 503 2129 573 seposita
2189 501 2256 555 ad
2290 501 2556 570 cuiusque
2608 501 2867 556 virtutem
2908 517 2969 557 ac
3003 508 3238 581 mentem
3270 517 3478 558 accom-

218 594 319 647 τοῦ
350 594 468 663 βίου
504 593 693 646 τούτου
735 594 987 664 σεμνούς.
1042 593 1229 666 [οὕτω]
1279 596 1321 666 ¹)
1378 596 1473 649 καὶ
1517 596 1663 665 ἡμᾶς
1692 595 1800 665 χρὴ

220 687 335 738 πᾶν
364 687 520 755 μῖσος
545 687 687 738 κατά
732 685 827 739 τοῦ
874 686 1102 754 ἀδελφοῦ
1146 687 1241 740 καὶ
1291 689 1472 741 πᾶσαν
1514 685 1802 739 αὐθάδειαν

220 773 598 844 ἀποθεμένους
628 775 763 843 πρὸς
783 774 882 844 τὴν
912 774 1130 844 ἑκάστῳ
1150 776 1193 843 ¹)
1216 773 1443 844 δύναμιν
1461 773 1555 826 καὶ
1576 772 1802 841 γνώμην

221 866 488 937 ἁρμόζειν
520 866 611 919 τὸν
659 866 839 934 λόγον.
885 865 945 918 τὸ
978 865 1023 935 ³)
1062 866 1159 936 μὲν
1205 866 1550 936 ἐπιτίμησον.
1586 865 1647 917 τὸ
1680 864 1723 936 ⁵)
1745 863 1803 917 δὲ

221 962 572 1031 νουθέτησον,
604 960 762 1014 ἀλλον
810 958 1211 1032 παρακάλεσον,
1252 958 1390 1030 πρὸς
1420 956 1523 1028 τὴν
1569 955 1802 1010 ἑκάστου

222 1055 438 1125 χρείαν,
472 1052 724 1121 καθάπερ
751 1052 935 1122 ἰατρὸς
956 1050 1159 1119 ἀγαθὸς
1197 1050 1488 1120 προσάγων
1502 1049 1563 1102 τὸ
1587 1047 1804 1119 φάρμα-

222 1161 343 1197 κον.
384 1145 595 1205 ἐκεῖνος
642 1142 739 1211 μὲν
773 1142 905 1212 γάρ,
957 1141 1093 1213 πρὸς
1132 1140 1201 1193 τὰ
1254 1139 1402 1209 πάθη
1432 1138 1673 1205 σκοπῶν,
1725 1136 1804 1209 τῷ

229 1235 332 1305 μὲν
364 1235 561 1304 πρᾷον,
594 1233 673 1303 τῷ
710 1234 768 1286 δὲ
804 1233 1164 1304 σφοδρότερον
1214 1232 1453 1303 ἐπέθηκε
1493 1231 1802 1302 φάρμακον,

227 1327 409 1381 οὐδενὶ
433 1327 543 1379 τῶν
578 1327 874 1398 θεραπείας
890 1325 1160 1396 δεομένων
1180 1324 1499 1395 ἀχθόμενος,
1529 1324 1667 1378 ἀλλά
1683 1326 1805 1385 ταῖς

228 1420 467 1490 πληγαῖς
506 1417 603 1471 καὶ
644 1419 756 1480 τοῖς
792 1434 1041 1486 σωμασιν
1073 1416 1326 1487 ἁρμόζων
1367 1415 1464 1486 τὴν
1487 1416 1702 1487 τέχνην.
1739 1415 1804 1468 σὺ

225 1510 285 1564 δὲ
322 1509 610 1562 ἀκολούθει
654 1512 719 1579 τῇ
772 1508 932 1579 χρείᾳ
981 1506 1073 1561 τοῦ
1120 1508 1465 1578 πράγματος,
1520 1508 1668 1570 ὅπως
1708 1507 1807 1577 τήν

225 1601 407 1672 ψυχήν
440 1600 533 1654 τοῦ
561 1601 695 1671 πρδς
715 1600 775 1654 σὲ
812 1600 1100 1669 βλέποντος
1127 1598 1369 1669 μαθητοῦ
1413 1598 1594 1662 καλῶς
1622 1601 1807 1652 ἐκπαι-

226 1694 425 1756 δεύσας
454 1692 714 1763 λαμπράν
745 1692 843 1762 τὴν
875 1691 1089 1761 ἐκείνης
1117 1690 1318 1763 ἀρετήν
1350 1691 1707 1763 προσαγάγῃς
1728 1690 1807 1761 τῷ

228 1785 427 1855 πατρί,
477 1783 813 1855 κληρονόμον
842 1781 992 1849 ἀξιον
1036 1782 1137 1852 τῆς
1182 1782 1393 1835 ἐκείνου
1434 1783 1663 1852 δωρεᾶς.
1711 1781 1807 1836 ἐὰν

224 1875 403 1937 οὕτως
445 1874 606 1945 ἔχητε
666 1874 801 1944 πρὸς
841 1873 1124 1944 ἀλλήλους,
1165 1874 1222 1927 οἵ
1273 1890 1333 1927 τε
1368 1872 1672 1941 ἑφεστῶτες
1709 1873 1804 1927 καὶ
1835 1865 1875 1919 Β

225 1968 278 2019 oi
322 1965 534 2027 τούτοις
571 1963 843 2035 χρώμενοι
879 1964 1238 2042 διδασκάλοις,
1272 1963 1323 2017 oi
1368 1962 1469 2034 μὲν
1496 1964 1804 2035 πειθόμενοι

228 2056 372 2126 μετά
422 2057 597 2125 χαρᾶς
628 2058 741 2118 τοῖς
781 2055 1242 2126 ἐπιταττομένοις,
1271 2057 1318 2109 οἱ
1358 2056 1417 2109 δὲ
1461 2055 1579 2126 μεθ’
1610 2056 1805 2127 ἡδονῆς

225 2149 358 2210 τοὺς
414 2147 677 2215 ἀδελφοὺς
726 2147 819 2199 ἐπὶ
865 2147 926 2199 τὸ
958 2148 1161 2201 τέλειον
1214 2148 1650 2218 προσαγόμενοι,
1710 2149 1805 2201 καὶ

223 2244 349 2304 ταῖς
380 2242 569 2310 τιμαῖς
592 2239 861 2310 ἀλλήλους
888 2239 1202 2311 προηγήσθε
1222 2241 1287 2311 ⁸),
1309 2241 1400 2293 τὸν
1421 2241 1529 2293 τῶν
1558 2241 1805 2311 ἀγγέλων

227 2334 326 2385 ἐπὶ
359 2331 465 2401 γῆς
484 2330 715 2401 ζήσεσθε
739 2330 873 2401 βίον.
904 2332 1092 2401 μηδεὶς
1112 2327 1205 2385 οὖν
1232 2335 1288 2385 ὲν
1306 2334 1436 2402 ὑμῖν
1458 2332 1807 2403 γνωριζέσθω

230 2425 430 2493 τῦφος,
460 2424 594 2477 ἀλλά
612 2424 850 2494 ἁπλότης
883 2426 977 2477 καὶ
1004 2425 1225 2495 ὁμόνοια
1251 2425 1345 2477 καὶ
1363 2424 1602 2489 διάθεσις
1623 2424 1806 2490 ἄδολος

229 2515 606 2585 συγκροτείτω
632 2515 725 2567 τὸν
756 2515 933 2585 χορόν.
972 2514 1207 2567 πειθέτω
1241 2514 1299 2567 δὲ
1329 2515 1559 2579 ἕκαστος
1589 2514 1803 2579 ἑαυτόν,

225 2606 308 2669 ὡς
335 2608 397 2659 οὐ
434 2606 531 2659 τοῦ
556 2607 804 2669 συνόντος
820 2605 1050 2675 ἀδελφοῦ
1087 2605 1245 2676 μόνον
1270 2606 1423 2660 ἔσται
1452 2607 1809 2660 καταδεέστε-

230 2716 348 2770 ρος,
368 2698 505 2751 ἀλλά
538 2699 633 2751 καὶ
658 2698 857 2761 παντὸς
875 2696 1187 2769 ἀνθρώπου.
1214 2696 1375 2750 τοῦτο
1394 2698 1502 2769 γάρ
1522 2696 1807 2767 γινώσκων

232 2790 483 2862 μαθητὴς
516 2791 687 2850 δντως
721 2789 871 2842 ἔσται
896 2789 1153 2860 Χριστοῦο
1190 2791 1222 2843 ό
1250 2791 1360 2859 γὰρ
1392 2789 1567 2857 ὑψῶν
1590 2789 1810 2844 ἑαυτὸν

229 2882 765 2948 ταπεινωθήσεται,
802 2886 900 2936 καὶ
938 2885 970 2936 ό
1004 2881 1301 2936 ταπεινῶν
1328 2882 1545 2936 ἑαυτὸν
1570 2882 1811 2951 ὑψωθήο

228 2994 428 3032 σεται.
461 2979 557 3029 καὶ
586 2978 749 3030 πάλιν
772 2992 784 3005 ·
823 2980 855 3030 ό
880 2976 1071 3031 θέλων
1101 2976 1171 3029 ἐν
1198 2975 1341 3044 ὑμῖν
1368 2972 1523 3030 εἶναι
1545 2975 1808 3044 πρῶτος,

228 3071 410 3123 ἔσται
459 3068 701 3122 πάντων
738 3070 997 3136 ἔσχατος
1052 3068 1152 3121 και
1213 3068 1454 3122 πάντων
1510 3067 1808 3135 διάκονος.

1906 594 2129 648 modare
2157 592 2403 647 verbum.
2448 592 2560 645 lloc
2587 591 2853 659 vitupera,
2887 591 3019 645 illud
3050 593 3289 660 increpa,
3316 591 3479 645 alium

1903 686 2193 741 adhortare
2248 685 2549 739 secundum
2594 683 2835 737 cuiusvis
2885 682 3271 753 indigentiam,
3324 684 3481 752 quasi

1902 780 2082 834 bonus
2130 774 2376 829 medicus
2421 773 2690 827 adhibens
2737 773 3086 827 medicinam.
3124 772 3175 827 Is
3222 771 3368 827 enim
3413 772 3481 825 ad

1904 870 2184 942 passiones
2230 876 2500 937 spectans,
2550 864 2682 920 huic
2730 865 2925 929 levius,
2973 865 3053 920 illi
3100 865 3484 919 vehementius

1903 961 2161 1034 proponit
2194 959 2675 1021 medicamentum,
2704 958 2908 1012 nemini
2950 973 3163 1023 eorum,
3194 958 3288 1027 qui
3327 972 3484 1012 cura-

1905 1054 2053 1107 tione
2107 1051 2372 1121 indigent,
2414 1050 2615 1112 iratus,
2665 1048 2760 1103 sed
2822 1049 2993 1119 plagis
3051 1049 3482 1119 corporibusque

1904 1143 2321 1200 accommodans
2358 1150 2549 1197 artem.
2587 1142 2669 1196 Tu
2710 1150 2890 1195 autem
2924 1140 2998 1195 ita
3031 1156 3262 1211 sequere
3294 1157 3481 1195 rerum

1905 1235 2310 1298 necessitatem,
2348 1241 2429 1298 ut,
2462 1233 2642 1287 anima
2678 1232 2932 1302 discipuli
2962 1232 3029 1287 ad
3060 1241 3112 1311 te
3139 1234 3485 1304 respicientis

1905 1330 2046 1385 bene
2077 1330 2313 1391 exculta,
2342 1328 2629 1383 candidam
2662 1327 2783 1382 eius
2822 1327 3079 1381 virtutem
3118 1326 3359 1381 adducas
3392 1341 3486 1396 pa-

1906 1424 2000 1487 tri,
2034 1424 2257 1495 dignum
2295 1421 2609 1475 donationis
2648 1421 2769 1474 eius
2803 1421 3118 1475 baeredem.
3160 1418 3217 1475 Si
3258 1420 3353 1477 tali
3388 1434 3486 1473 vos

1907 1516 2142 1571 invicem
2190 1514 2353 1569 modo
2396 1514 2639 1578 habetis,
2690 1522 2747 1568 et
2797 1513 3127 1582 praepositi,
3174 1521 3230 1567 et
3276 1512 3370 1582 qui
3418 1511 3487 1565 iis

1908 1617 2137 1663 utuntur
2168 1605 2461 1676 magistris,
2499 1606 2557 1660 hi
2600 1622 2725 1660 cum
2770 1604 2968 1675 gaudio
3006 1605 3171 1659 iussis
3207 1604 3489 1672 obtempe-

1907 1707 2115 1763 rantes,
2157 1699 2237 1753 illi
2283 1713 2409 1753 cum
2448 1698 2725 1767 voluptate
2765 1697 2963 1751 fratres
2996 1696 3062 1751 ad
3095 1696 3487 1767 perfectionem

1908 1789 2264 1853 adducentes,
2281 1797 2444 1858 atque
2461 1788 2767 1843 honoribus
2786 1789 3023 1843 invicem
3045 1786 3485 1857 praevenitis(l),

1904 1882 2223 1953 angelorum
2278 1881 2335 1935 in
2381 1891 2529 1936 terra
2566 1881 2766 1935 vivetis
2805 1881 2996 1934 vitam.
3035 1880 3194 1934 Nulla
3232 1879 3399 1949 igitur
3431 1878 3489 1932 in

1903 1973 2062 2028 vobis
2097 1981 2458 2042 cognoscatur
2488 1972 2768 2041 superbia,
2804 1972 2899 2025 sed
2930 1971 3252 2040 simplicitas
3280 1980 3336 2024 et
3359 1984 3491 2023 con-

1905 2060 2093 2116 cordia
2140 2070 2196 2114 et
2235 2061 2451 2116 animus
2494 2060 2607 2116 doli
2647 2076 2845 2129 expers
2894 2061 3190 2131 coniungat
3234 2060 3484 2115 chorum.

1906 2151 2109 2206 Doceat
2150 2161 2333 2206 autem
2363 2152 2595 2221 quisque
2626 2168 2683 2206 se
2716 2152 2916 2221 ipsum,
2947 2166 3057 2205 non
3088 2152 3257 2206 fratre
3288 2152 3486 2214 solum,

1905 2242 1999 2311 qui
2040 2257 2224 2297 secum
2259 2243 2440 2313 degat,
2478 2258 2535 2297 se
2576 2242 2893 2297 interiorem
2932 2241 3071 2305 fore,
3112 2241 3207 2296 sed
3244 2250 3300 2296 et
3337 2241 3489 2295 omni

1906 2334 2147 2389 homine.
2183 2335 2242 2389 ld
2282 2335 2429 2389 enim
2469 2335 2564 2404 qui
2607 2334 2909 2404 cognoscit,
2943 2333 2988 2388 is
3016 2348 3147 2387 vere
3184 2332 3290 2387 erit
3327 2332 3492 2386 disci-

1906 2426 2070 2496 pulus
2096 2426 2322 2481 Christi.
2362 2425 2497 2480 Nam
2533 2426 2622 2495 qui
2664 2440 2719 2479 se
2762 2423 2987 2488 exultat,
3024 2421 3407 2486 humiliabitur,
3442 2428 3492 2476 et

1907 2519 1997 2587 qui
2035 2534 2089 2571 se
2130 2517 2397 2583 humiliat,
2426 2518 2749 2572 exaltabitur
2771 2515 2872 2588 (2),
2908 2525 2966 2571 et
3004 2515 3204 2570 iterum
3238 2531 3251 2569 :
3285 2514 3389 2579 Qui
3427 2530 3492 2568 ex

1908 2610 2048 2663 vobis
2095 2609 2204 2664 vult
2254 2611 2455 2680 primus
2502 2626 2632 2674 esse,
2670 2611 2769 2662 erit
2812 2610 3046 2662 omnium
3089 2608 3398 2661 novissimus
3442 2614 3491 2660 et

1909 2702 2140 2755 omnium
2162 2702 2396 2755 minister
2410 2701 2506 2772 (3).
2530 2701 2685 2755 Sicut
2713 2700 2877 2755 etiam
2908 2717 2922 2753 :
2950 2698 3113 2752 Filius
3143 2699 3364 2752 hominis
3386 2714 3491 2750 non

1906 2795 2046 2847 venit
2078 2795 2394 2858 ministrari,
2428 2794 2517 2847 sed
2551 2795 2877 2855 ministrare,
2914 2798 2963 2844 et
3002 2791 3165 2860 210
3200 2790 3328 2844 dare
3370 2790 3491 2842 ani-

1910 2902 2053 2939 mam
2076 2902 2230 2938 suam
2258 2885 2666 2954 redemptionem
2692 2901 2785 2953 pro
2814 2882 2994 2936 multis
3024 2884 3121 2951 (4).
3162 2882 3231 2936 Et
3262 2882 3494 2951 Aposto—

1912 2975 1999 3029 lus
2030 2993 2041 3027 :
2070 2975 2188 3029 Non
2225 2977 2364 3029 enim
2404 2976 2745 3044 nosmetipsos
2777 2974 3163 3044 praedicamus,
3199 2972 3287 3025 sed
3315 2972 3495 3026 Jesum

1914 3068 2177 3124 Christum
2221 3068 2507 3121 Dominum
2547 3077 2804 3129 nostrum,
2852 3082 2944 3118 nos
2986 3074 3161 3117 autem
3197 3079 3369 3118 servos
3411 3078 3498 3116 ve—

229 3158 419 3222 καθὼς
443 3159 535 3213 καί
556 3174 571 3189 ⁸
603 3161 637 3213 ὁ
675 3160 807 3224 υίὸς
844 3157 952 3211 τοῦ
990 3156 1311 3225 ἀνθρώπου
1354 3158 1467 3212 οὐκ
1496 3152 1644 3228 ἦλθε
1688 3157 1813 3211 διαρ
1838 3192 1881 3250 C
1912 3201 1914 3211 ι

1810 3188 1881 3250 ιο
1912 3172 2047 3216 stros
2096 3178 2188 3232 per
2232 3160 2412 3214 Jesum
2446 3158 2545 3230 (5).
2584 3158 2833 3212 Scientes
2865 3155 3031 3225 igitur
3074 3164 3131 3210 et
3170 3152 3495 3209 humilitatis

230 3248 591 3319 κον-τιθῆναι,
649 3250 813 3304 ἀλλὰ
858 3247 1236 3315 διακονῆσαι,
1284 3249 1384 3303 καί
1440 3248 1652 3304 δοῦναι
1697 3248 1814 3319 τὴν

232 3341 458 3410 ψυχὴν
485 3341 674 3395 αὐτοῦ
695 3341 924 3407 λύτρον
952 3340 1081 3393 ἀντὶ
1106 3337 1370 3395 πολλῶν.
1401 3341 1498 3393 καὶ
1527 3341 1556 3393 ό
1584 3341 1817 3395 ἀπόστο-

231 3434 327 3498 λος
350 3449 365 3463 ’
406 3435 478 3487 οὐ
510 3432 621 3502 γὰρ
655 3433 908 3497 ἑαυτοὺς
935 3433 1342 3501 κηρύσσομεν,
1376 3433 1537 3488 ἀλλὰ
1561 3436 1818 3501 Χριστὸν

245 3525 511 3591 Ἰησοῦν,
541 3526 772 3591 κύριον,
802 3524 1057 3588 ἑαυτοὺς
1094 3523 1162 3576 δὲ
1202 3524 1459 3589 δούλους
1506 3526 1673 3596 ὑμῶν
1720 3526 1819 3580 διὰ

246 3617 509 3683 Ἰησοῦν.
541 3617 743 3679 εἰδότες
771 3614 863 3671 οὖν
885 3619 981 3689 τῆς
1010 3636 1070 3672 τε
1099 3619 1480 3690 ταπεινότητος
1520 3620 1646 3683 τοὺς
1680 3637 1817 3690 καρ-

234 3710 399 3772 πούς,
454 3710 549 3760 καὶ
594 3709 693 3779 τὴν
726 3711 928 3780 ζημίαν
974 3712 1017 3779 ⁸)
1055 3711 1147 3764 τοῦ
1182 3711 1373 3779 τύφου,
1410 3712 1721 3781 μιμήσασθε
1771 3714 1815 3783 ⁷)

234 3800 332 3853 τὸν
360 3795 646 3869 δεσπότην,
678 3800 1002 3867 ἀγαπῶντες
1044 3800 1324 3871 ἀλλήλους,
1359 3803 1453 3854 καὶ
1486 3804 1621 3872 μήτε
1652 3801 1815 3856 θάνα-

232 3907 353 3954 τον,
393 3890 528 3960 μήτε
561 3890 726 3960 ἀλλην
758 3890 881 3943 τινὰ
925 3891 1195 3961 τιμωρίαν
1224 3892 1304 3955 είς
1342 3891 1545 3959 ἀγαθὸν
1578 3892 1693 3959 μετ’
1726 3892 1819 3943 ἀλ-

234 3982 419 4051 λήλων
444 3982 653 4033 ὀκνεῖτε
691 3981 759 4051 ⁸),
814 3982 928 4034 ἀλλ’
956 3983 1023 4053 ῆν
1069 3982 1316 4037 ὲϐάδισεν
1359 3985 1417 4037 ἐν
1464 3985 1595 4054 ἡμῖν
1646 3983 1762 4037 ὁδὸν
1788 3985 1818 4036 ό

241 4069 454 4139 σωτήρ,
491 4068 693 4139 ταύτην
740 4070 900 4140 ὑμεῖς
952 4071 1088 4141 πρὸς
1132 4073 1337 4125 ἐκεῖνον
1386 4072 1707 4142 βαδίζοντες,
1761 4074 1819 4125 ὲν

242 4158 461 4230 σώματι
490 4164 585 4213 καὶ
612 4160 756 4230 ψυχῇ
790 4162 887 4231 μιᾷ
911 4164 1135 4232 χωρεῖτε
1169 4162 1302 4232 πρὸς
1335 4161 1432 4232 τὴν
1461 4164 1571 4217 ἀνω
1605 4164 1816 4233 κλῆσιν,

240 4249 568 4318 ἀγαπῶντες
600 4251 691 4306 τὸν
724 4251 843 4304 θεὸν
876 4251 969 4304 καὶ
1014 4251 1297 4323 ἀλλήλους·
1344 4252 1532 4324 ἀγάπη
1576 4255 1683 4324 γάρ
1728 4256 1819 4308 κα)¹

1915 3250 2125 3306 fructus
2173 3258 2230 3305 et
2280 3248 2541 3303 damnum
2594 3246 2904 3316 superbiae,
2954 3246 3245 3300 imitamini
3307 3243 3496 3298 Domi-

1916 3356 2068 3405 num,
2120 3340 2411 3409 diligentes
2454 3353 2553 3392 vos
2609 3337 2881 3401 invicem,
2923 3344 2979 3392 et
3029 3352 3207 3405 neque
3259 3343 3498 3389 mortem

1915 3446 2094 3499 neque
2130 3430 2290 3483 aliam
2322 3427 2597 3498 quandam
2624 3426 3033 3499 castigationem
3062 3428 3130 3482 ad
3164 3427 3368 3481 bonum
3409 3426 3495 3480 in-

1916 3522 2089 3576 vicem
2133 3520 2343 3580 timete.
2372 3517 2469 3573 sed
2511 3534 2673 3588 quam
2716 3519 3019 3574 ambulavit
3060 3518 3116 3573 in
3154 3519 3316 3572 nobis
3350 3518 3496 3571 viam

1917 3614 2186 3676 Salvator,
2231 3625 2352 3665 eam
2396 3625 2495 3665 vos
2531 3610 2599 3664 ad
2646 3611 2801 3665 illum
2845 3611 3142 3675 ambulate,
3186 3620 3243 3666 et
3285 3609 3340 3663 in
3378 3624 3500 3663 cor-

1917 3721 2050 3776 pore
2079 3705 2369 3773 animaque
2396 3717 2505 3756 una
2528 3704 2806 3771 procedite
2833 3703 2898 3756 ad
2926 3717 3219 3773 supernam
3252 3700 3493 3754 vocatio-

1918 3811 2065 3860 nem,
2097 3795 2387 3863 diligentes
2422 3792 2594 3846 Deum
2631 3801 2689 3847 et
2722 3807 2822 3846 vos
2858 3792 3113 3846 invicem.
3145 3791 3313 3845 Amor
3348 3790 3495 3843 enim

1918 3898 1973 3943 et
1993 3888 2154 3943 timor
2177 3884 2389 3939 Domini
2417 3883 2593 3953 prima
2614 3884 2749 3953 legis
2773 3891 2859 3938 est
2884 3883 3302 3938 consummatio.
3322 3879 3496 3949 Opor-

1921 3988 1998 4033 tet
2035 3978 2205 4048 igitur
2244 3989 2517 4045 quemque
2561 3983 2805 4029 vestrum
2852 3984 3109 4043 tanquam
3146 3972 3288 4027 forte
3320 3970 3496 4041 quod—

1919 4072 2043 4127 dam
2083 4070 2411 4138 ﬁrmumque
2445 4069 2863 4125 fundamentum
2892 4066 3145 4120 timorem
3174 4074 3230 4119 et
3256 4077 3497 4118 amorem

1920 4178 2122 4234 ponere
2160 4163 2216 4216 in
2253 4163 2435 4219 anima
2467 4178 2585 4226 sua,
2605 4160 2832 4215 ethunc
2858 4158 3035 4229 rigare
3058 4156 3218 4211 bonis
3240 4155 3499 4225 operibus

1920 4264 1977 4310 et
2010 4253 2257 4308 oratione
2284 4252 2596 4307 sufﬁcienti.
2625 4251 2815 4319 Neque
2840 4249 2989 4303 enim
3026 4245 3368 4316 simpliciter,
3404 4260 3501 4300 ne-

242 4339 411 4407 φόὸος
436 4343 466 4393 ό
494 4341 631 4409 πρὸς
675 4342 767 4393 τὸν
797 4341 987 4411 κύριον
1014 4342 1074 4394 τὸ
1114 4342 1330 4413 πρῶτον
1359 4342 1454 4396 τοῦ
1490 4345 1655 4414 νόμου
1705 4346 1820 4398 ἐστὶ
1921 4366 1927 4395 ι

1812 4364 1820 4398 ι
1921 4361 2026 4414 que
2056 4360 2152 4399 sua
2177 4352 2371 4412 sponte
2402 4358 2556 4397 amor
2574 4356 2702 4411 erga
2731 4342 2905 4395 Deum
2937 4340 2995 4393 in
3024 4338 3184 4392 nobis
3225 4336 3376 4391 nasci
3406 4350 3497 4389 so-

241 4431 542 4501 πλήρωμα.
582 4432 665 4484 δεῖ
710 4428 803 4485 οὖν
845 4433 1078 4487 ἕκαστον
1123 4434 1278 4505 ὑμῶν
1310 4435 1561 4507 καθάπερ
1595 4439 1819 4507 ἰσχυράν
1921 4435 1926 4489 1

1811 4456 1819 4484 ι
1921 4435 2015 4499 let,
2053 4432 2147 4488 sed
2185 4432 2375 4487 multis
2410 4430 2695 4486 laboribus
2734 4429 3101 4499 gravibusque
3138 4426 3285 4481 curis
3318 4432 3374 4479 et
3403 4441 3496 4480 co-

240 4522 480 4574 τινακαὶ
508 4521 734 4593 στερεὰν
772 4525 1012 4595 κρηπῖδα
1039 4524 1131 4578 τὸν
1164 4525 1327 4595 φόϐον
1348 4543 1406 4579 τε
1435 4528 1527 4580 καὶ¹
1556 4528 1656 4601 τῂν
1679 4528 1817 4596 ἀγά-
1850 4519 1895 4575 Ι)
1923 4555 1925 4567 ι

1811 4557 1817 4569 ι
1850 4519 1895 4575 D
1923 4524 2240 4595 operatione
2276 4523 2501 4585 Christi,
2532 4522 2673 4576 sicut
2712 4521 2850 4576 dixit
2895 4518 3169 4589 Sapientia
3203 4536 3215 4571 :
3248 4516 3305 4573 Si
3350 4518 3496 4570 enim

242 4631 355 4682 πην
384 4614 444 4665 ὲν
465 4616 532 4683 τῇ
565 4615 759 4667 ἑαυτοῦ
788 4614 992 4669 τιθέναι
1023 4616 1190 4687 ψυχῇ,
1212 4617 1307 4672 καὶ
1340 4618 1539 4689 ταύτην
1566 4620 1818 4690 ἐπάρδειν
1924 4648 1927 4667 ‹

1811 4638 1818 4666 ι
1924 4617 2225 4687 quaesieras
2264 4631 2415 4678 eam,
2460 4613 2667 4683 inquit,
2715 4612 2867 4683 quasi
2914 4611 3223 4681 pecuniam,
3275 4617 3325 4662 et
3366 4609 3496 4661 sicut

243 4705 427 4773 ἔργοις
446 4721 506 4757 τε
535 4706 760 4773 ἀγαθοῖς
797 4708 891 4759 καὶ
922 4708 1053 4779 εὐχῇ
1097 4708 1328 4778 διαρκεῖ.
1375 4712 1437 4763 οὺ
1469 4709 1578 4782 γάρ
1612 4712 1814 4775 ἁπλῶς,
1925 4728 1928 4762 λ

1812 4757 1814 4771 ,
1925 4713 2192 4763 thesauros
2243 4708 2475 4777 effoderis
2524 4705 2678 4759 illam
2717 4720 2735 4760 :
2777 4712 2899 4757 tunc
2943 4702 3197 4772 intelliges
3261 4702 3497 4753 timorem

242 4794 366 4846 οὐδὲ
396 4794 721 4865 αὐτομάτως
747 4797 881 4865 ήμῖν
909 4797 941 4865 ή
975 4797 1109 4866 πρὸς
1136 4796 1255 4849 θεὸν
1285 4798 1471 4867 ἀγάπη
1507 4798 1815 4865 ἐγγίνεσθαι
1924 4848 1927 4855 .

1813 4838 1815 4848 ι
1924 4801 2155 4863 Domini,
2178 4810 2226 4853 et
2254 4800 2526 4853 scientiam
2546 4797 2643 4852 Dei
2659 4798 2887 4851 invenies
2907 4796 3003 4868 (6).
3036 4795 3129 4850 Dei
3160 4810 3293 4849 vero
3323 4793 3498 4847 scien-

244 4886 510 4952 πέφυκεν,
561 4887 697 4939 άλλά
749 4888 839 4940 διὰ
886 4886 1099 4940 πολλῶν
1150 4888 1358 4952 πόνων,
1405 4891 1499 4943 καὶ
1570 4891 1820 4960 μεγάλων
1924 4904 1929 4943 1

1813 4912 1820 4937 ν
1924 4894 2055 4947 tiam
2104 4892 2385 4946 inveniens
2432 4900 2489 4944 et
2532 4889 2788 4944 timorem
2840 4886 3181 4956 intelligens,
3231 4883 3389 4938 facile
3443 4893 3498 4936 et

242 4978 567 5048 φροντίδων,
601 4981 695 5032 κα)⁵
744 4980 1064 5049 συνεογείας
1094 4980 1195 5051 τῆς
1228 4982 1320 5035 τοῦ
1348 4982 1605 5053 Χριστοῦ,
1641 4983 1820 5049 καθὼς
1926 5016 1927 5025 ι

1808 5004 1820 5049 ;
1926 4984 2071 5054 quod
2107 4984 2356 5053 sequitur
2393 4992 2541 5037 recte
2567 4980 2836 5050 perﬁcies,
2867 4978 3075 5034 scilicet
3105 4986 3162 5031 ut
3189 4977 3493 5047 proximum

1512 5145 1765 5199 VARIAE
1806 5142 2206 5199 LECTIONES.

377 5259 399 5328 )
438 5260 591 5330 οὕτω
625 5276 733 5315 om.
776 5263 923 5325 cod.,
980 5262 1165 5318 addidi
1222 5281 1289 5320 ex
1338 5266 1481 5320 coni.
1539 5298 1607 5307 —
1638 5266 1680 5330 ')
1714 5266 1803 5321 Sic
1854 5266 2001 5330 cod.,
2043 5265 2183 5319 forte
2214 5263 2386 5317 mavis
2418 5264 2670 5315 ἑκάστου.
2736 5292 2805 5301 -—-
2835 5261 2876 5329 ⁸)
2908 5260 2997 5313 Sic
3028 5259 3175 5319 cod.,
3202 5256 3344 5330 forte
3388 5256 3490 5323 leg.

242 5330 344 5400 τῷ.
373 5325 443 5369 ἓ-
471 5329 511 5448 ‘2
552 5329 643 5384 Sic
667 5331 814 5396 cod.,
845 5334 983 5387 forte
1015 5334 1117 5405 leg.
1145 5334 1268 5390 τὸν.
1298 5366 1369 5375 -
1395 5336 1438 5407 ³)
1470 5325 1722 5401 Emend,
1758 5336 1879 5389 cod.
1927 5325 2303 5407 προηγεῖσθαι.
2338 5363 2406 5372 -
2436 5334 2455 5364 ⁸
2490 5332 2800 5397 Corr.,cod.
2830 5325 3050 5400 Cupiav.
3073 5359 3142 5368 —
3162 5330 3205 5398 ⁷)
3234 5325 3369 5382 Cod.
3407 5343 3495 5394 μιν

251 5461 557 5532 μήσασθαι,
584 5478 610 5515 ε
648 5477 816 5531 supra
854 5462 1034 5519 adscr.
1069 5466 1192 5521 ead.
1248 5482 1322 5523 m.
1351 5469 1487 5533 -⁸)
1509 5467 1689 5534 Corr.,
1724 5468 1846 5523 cod.
1879 5466 2116 5535 όκνῆτε.

1763 5582 2013 5639 NOTAE.

325 5665 405 5789 (Ι)
442 5667 597 5721 Rom;
632 5666 749 5731 Xll,
778 5668 864 5723 10.
2099 5669 2288 5721 Matth.
2323 5668 2439 5727 XX,
2470 5668 2564 5747 28.

325 5736 383 5790 (2
446 5736 577 5790 Luc.
607 5738 743 5790 XIV.
778 5740 863 5790 Η-
1981 5740 2035 5790 (ἓν
2094 5739 2137 5790 ll
2171 5741 2296 5790 Cor.
2332 5739 2415 5790 IV.
2448 5738 2497 5790 ἒ).

325 5736 405 5802 (9.)
446 5736 577 5792 Luc.
607 5738 743 5801 xw,
778 5740 863 5795 ιι.
1981 5736 2056 5805 (ες)
2094 5739 2137 5791 ιι
2171 5741 2296 5793 (ιον.
2332 5739 2415 5799 1v,
2448 5738 2497 5790 δ.

328 5809 406 5879 (3)
446 5807 608 5864 Marc.
637 5808 728 5876 IX,
761 5810 848 5865 5i.
1984 5810 2057 5870 (6)
2090 5809 2250 5864 Prov.
2287 5810 2349 5865 ll.
2387 5808 2440 5867 ιι.
