4266 6356
780 350 883 407 ιτῃ

2021 352 2075 406 S.
2120 353 2397 407 MACARII
2436 353 2750 409 AEGYPTII

3902 370 4006 429 ‘28

773 463 984 532 diligas.
1015 461 1196 517 Primo
1222 460 1369 514 enim
1402 470 1458 516 et
1496 476 1687 531 magno
1716 463 1899 518 labore
1934 466 2174 528 condito,
2205 468 2339 520 alte-
2368 476 2409 529 Α
2440 486 2458 519 ε

2315 497 2339 507 -
2368 476 2409 529 Α
2440 469 2713 538 είρηκενή
2746 470 2907 536 σοφία
2929 487 2942 499 ·
2973 470 3079 524 ἐὰν
3125 472 3231 545 γὰρ
3256 472 3516 541 ζητήσῃς
3562 476 3773 536 αὑτήν,
3815 493 4000 541 φηςιν,

773 569 894 607 rum
935 553 1056 616 hoc,
1093 567 1216 605 cum
1256 552 1435 605 minus
1476 552 1565 615 sit,
1598 553 1807 608 facilius
1841 555 2016 624 primo
2050 557 2337 627 consequi-

772 653 891 706 tur;
934 643 1025 697 sed
1069 643 1160 695 ubi
1192 644 1281 697 ille
1320 643 1682 707 desideratur,
1712 660 1813 700 nec
1839 648 2072 701 alterum
2108 664 2243 717 pure
2281 660 2338 704 et

769 743 955 787 sancte
998 725 1111 785 ﬁet:
1147 733 1282 785 Nam
1315 733 1408 801 qui
1454 734 1625 787 Deum
1673 751 1781 788 non
1823 752 1888 789 ex
1928 747 2037 791 tota
2072 739 2249 792 anima
2281 749 2337 793 et

769 833 885 878 toto
932 825 1095 881 corde
1137 824 1333 893 diligit,
1367 826 1640 893 quomodo
1682 827 1975 882 salubriter
2023 838 2079 882 et
2123 830 2336 886 sincere

766 916 997 971 fratrum
1038 914 1348 971 dilectionis
1374 932 1560 971 curam
1595 928 1767 987 gerat,
1802 935 1923 973 cum
1955 936 2192 975 amorem
2226 939 2333 975 non

766 1007 1061 1077 adimpleat
1113 1024 1332 1071 eorum,
1386 1024 1483 1078 per
1537 1024 1676 1077 quae
1741 1009 1970 1064 fratrum
2027 1012 2335 1068 dilectionis

766 1116 896 1153 cura
930 1101 1171 1170 geritur?
1202 1101 1334 1154 Nam
1367 1117 1513 1164 eum,
1534 1101 1633 1170 qui
1668 1103 1741 1157 ita
1770 1119 1827 1157 se
1857 1104 2039 1167 habet,
2068 1114 2126 1159 ut
2158 1122 2335 1175 neque

767 1199 936 1245 totam
972 1193 1204 1247 animam
1232 1207 1385 1248 suam
1438 1194 1549 1248 Deo
1591 1196 1895 1259 tradiderit,
1935 1213 2035 1251 nec
2074 1198 2140 1251 ad
2188 1200 2335 1253 illius

768 1285 1019 1339 trahatur
1058 1302 1316 1351 amorem,
1354 1288 1620 1345 inermem
1669 1290 1950 1344 inveniens
1984 1292 2178 1345 artifex
2224 1310 2336 1346 ma-

766 1375 918 1431 litiae
959 1378 1115 1433 facile
1154 1379 1324 1433 vincit
1378 1381 1669 1449 pravisque
1718 1381 2139 1451 cogitationibus
2201 1385 2333 1437 sub-

766 1468 970 1522 vertit:
1002 1486 1148 1523 nunc
1180 1470 1399 1539 quidem
1441 1472 1699 1536 efﬁciens,
1732 1484 1793 1527 ut
1828 1475 2011 1544 gravia
2047 1474 2336 1529 videantur

765 1559 1078 1629 Scripturae
1117 1563 1368 1616 mandata
1389 1574 1444 1618 et
1470 1565 1626 1633 211
1670 1567 1956 1619 molestum
1988 1582 2112 1635 erga
2140 1567 2335 1620 fratres

765 1651 1150 1716 ministerium,
1186 1669 1331 1707 nunc
1373 1655 1428 1708 in
1473 1656 1783 1724 superbiam
1823 1658 1906 1709 vel
1956 1666 2223 1710 tumorem
2266 1673 2333 1711 ex

766 1744 883 1813 ipsa
920 1761 1045 1814 erga
1082 1760 1377 1800 conservos
1414 1762 1545 1800 cura
1580 1764 1704 1801 eum
1740 1749 1993 1810 efferens,
2023 1750 2181 1817 eique
2213 1765 2335 1817 per-

763 1836 1029 1895 suadens.
1090 1837 1398 1907 implevisse
1469 1853 1593 1891 eum
1671 1839 1922 1893 mandata
1978 1840 2221 1902 Domini,
2258 1826 2334 1893 iet

764 1939 1019 1992 magnum
1057 1940 1174 1979 esse
1207 1926 1260 1978 in
1295 1926 1480 1979 coelis.
1514 1927 1623 1980 Nec
1660 1943 1822 1995 parva
1864 1929 1997 1982 haec
2039 1928 2329 1997 iniquitas;

764 2016 931 2069 debet
978 2017 1125 2069 enim
1176 2018 1380 2087 probus
1430 2033 1494 2071 ac
1542 2019 1810 2073 sollicitus
1870 2035 2060 2072 servus
2106 2007 2335 2073 Domino

764 2107 1106 2162 committere
1150 2108 1440 2179 probitatis
1476 2109 1764 2178 judicium,
1800 2126 1901 2165 nec
1943 2110 2055 2179 ipse
2097 2127 2194 2178 pro
2233 2112 2336 2163 Do-

766 2198 916 2251 mino
948 2197 1108 2251 iudex
1145 2207 1201 2252 et
1243 2198 1492 2252 laudator
1531 2214 1659 2253 suae
1700 2199 2336 2268 ipsius.A'conversationis

766 2287 904 2342 ﬁeri.
950 2288 1004 2341 Si
1045 2289 1191 2341 enim
1227 2289 1342 2357 ipse
1378 2289 1470 2342 fiat
1504 2289 1687 2353 iudex,
1718 2281 1847 2351 vero
1884 2290 2062 2343 iudice
2091 2300 2333 2353 extruso,

765 2393 869 2432 nec
906 2380 1213 2433 mercedem
1245 2381 1369 2434 inde
1405 2381 1654 2449 accipiet,
1689 2398 1855 2450 quum
1895 2392 2017 2435 ante
2046 2382 2166 2435 eius
2198 2382 2337 2435 iudi-

764 2471 912 2523 cium
960 2471 1073 2540 ipse
1114 2487 1170 2525 se
1212 2472 1467 2525 laudibus
1498 2488 1559 2525 ac
1590 2489 1725 2526 vana
1764 2473 1830 2526 de
1870 2489 1926 2526 se
1960 2474 2214 2541 opinione
2249 2490 2336 2527 re—

765 2562 1014 2633 pleverit.
1061 2561 1288 2632 Oportet
1325 2564 1471 2617 enim
1516 2564 1814 2617 secundum
1861 2564 2136 2632 eloquium
2186 2565 2337 2617 Pauli

766 2649 1023 2719 Spiritum
1046 2653 1140 2706 Dei
1166 2656 1519 2708 testimonium
1546 2656 1759 2708 reddere
1803 2657 2011 2724 spiritui
2045 2667 2217 2709 nostra
2238 2657 2334 2724 (l),

767 2758 944 2811 neque
993 2761 1123 2799 vero
1170 2756 1359 2801 nostro
1421 2746 1625 2801 iudicio
1680 2758 1867 2801 nostra
1922 2748 2171 2801 iudicari.
2221 2750 2337 2802 Non

767 2834 926 2896 enim,
962 2834 1159 2903 inquit,
1188 2835 1275 2904 qui
1308 2853 1362 2889 se
1391 2838 1560 2907 ipsum
1595 2839 1941 2901 commendat,
1973 2838 2061 2891 ille
2090 2840 2338 2909 probatus

764 2925 885 2986 erit,
914 2926 1001 2979 sed
1022 2942 1171 2994 quem
1193 2927 1329 2980 Deus
1349 2930 1785 2998 commendanti).
1818 2931 1919 2996 Qui
1949 2946 2076 2984 vero
2109 2947 2214 2983 non
2246 2948 2339 2983 ex-

766 3025 995 3083 spectat,
1022 3019 1115 3071 sed
1146 3021 1430 3088 praevenit
1460 3021 1605 3075 illius
1642 3022 1925 3084 iudicium,
1958 3024 2008 3076 in
2048 3023 2335 3075 humanam

2436 557 2515 622 ὼς
2548 558 2849 625 ἀργύριον,
2885 558 2980 609 καί
3020 560 3102 623 ὡς
3134 562 3474 627 θησαυροὺς
3516 558 3928 628 ἑξερευνήσῃς
3958 557 4007 628 ⁸)

2435 647 2650 711 αὐτήν,
2678 649 2811 700 τότε
2843 648 3136 713 συνήσεις
3162 652 3349 717 φόϐον
3373 652 3582 717 xi-plov
3625 650 3723 701 καὶ
3753 647 4004 719 ἐπίπονον

2436 754 2539 791 σιν
2577 740 2716 792 θεοῦ
2765 741 3069 808 εὑρήσεις.
3104 741 3226 794 θεοῦ
3272 742 3328 794 δὲ
3380 742 3673 810 ἐπίγνωσιν
3699 740 3874 809 εὑρὼν
3911 746 4007 796 καὶ

2437 831 2599 898 φόϐον
2631 833 2826 895 συνείς,
2855 833 3052 903 ῥαδίως
3086 836 3179 887 καὶ
3212 834 3271 887 τὸ
3295 835 3493 903 ἐφεξῆς
3519 833 3906 901 κατορθώσεις,
3945 834 4009 887 τὸ

2436 924 2655 993 ἀγαπᾷν
2684 924 2827 993 λέγω
2857 926 2946 978 τὸν
2986 925 3231 995 πλησίον.
3258 925 3350 977 τοῦ
3396 926 3502 994 γὰρ
3535 923 3751 995 πρώτου
3778 924 3869 976 καὶ
3907 940 4005 992 με·

2437 1016 2603 1083 γάλου
2644 1015 2805 1068 πόνου
2859 1016 3188 1079 κτισθέντος,
3230 1017 3293 1067 τὸ
3349 1016 3601 1085 δεύτερον
3667 1015 3885 1066 ἔλαττον
3943 1013 4005 1064 ὃν

2436 1105 2778 1175 ἀπονώτερον
2804 1107 2996 1158 ’ἐπεται
3023 1106 3116 1160 τοῦ
3141 1106 3381 1176 πρώτου.
3419 1108 3624 1159 ἐκείνου
3654 1105 3710 1157 δὲ
3740 1104 3813 1173 μὴ
3851 1104 4005 1165 ὖντος

2436 1202 2554 1254 οὐδὲ
2579 1202 2641 1253 τὸ
2672 1201 2923 1272 δεύτερον
2956 1202 3022 1255 ἂν
3043 1204 3251 1269 γένοιτο
3277 1203 3554 1273 καθαρῶς.
3581 1205 3610 1253 6
3631 1204 3741 1271 γὰρ
3769 1201 3889 1254 θεὸν
3927 1201 4005 1269 μὴ

2437 1292 2664 1357 ἀγαπῶν
2693 1292 2752 1354 ἐξ
2778 1293 2904 1360 δλης
2930 1294 3108 1363 ψυχῆς
3130 1294 3224 1346 καὶ
3254 1294 3312 1357 ἐξ
3347 1294 3473 1363 ὅλης
3504 1295 3749 1363 καρδίας,
3786 1292 3902 1353 πῶς
3937 1293 4006 1344 ἂν

2436 1382 2604 1449 ὑγιῶς
2636 1384 2728 1434 καὶ
2750 1383 2951 1445 ἀδόλως
2974 1384 3285 1452 ἐπιμελοῖτο
3318 1384 3418 1451 τῆς
3447 1384 3553 1435 τῶν
3586 1383 3831 1448 ἀδελφῶν
3863 1384 4007 1448 ἀγα-

2438 1491 2565 1543 πης.
2593 1475 2822 1525 ἐκείνων
2859 1474 2932 1543 μὴ
2966 1476 3188 1543 πληρῶν
3216 1476 3315 1545 τὴν
3352 1478 3593 1544 ἀγάπην.
3613 1476 3682 1527 δι’
3710 1468 3784 1527 ὧν
3811 1477 4008 1541 ἐπιμε-

2436 1561 2607 1615 λεῖται
2628 1564 2831 1631 ταύτης
2856 1565 3061 1616 τούτων
3085 1582 3098 1627 ;
3126 1565 3216 1616 τὸν
3232 1566 3340 1634 γάρ
3361 1566 3534 1628 οὕτως
3558 1568 3769 1635 ἔχοντα.
3796 1567 3891 1618 καὶ
3924 1568 4002 1633 μὴ

2434 1652 2532 1721 τὴν
2560 1653 2737 1723 ψυχὴν
2758 1654 2886 1722 ὃλην
2916 1654 3178 1705 ἀποδόντα
3207 1653 3333 1722 θεῷ,
3369 1654 3505 1723 μηδὲ
3520 1657 3651 1724 πρὸς
3669 1656 3766 1723 τὴν
3789 1656 4003 1707 ἐκείνου

2436 1744 2824 1813 κεκωνωμένον
2869 1745 2911 1811 ³)
2944 1746 3165 1813 ἀγάπην
3203 1744 3377 1813 εὑρὼν
3413 1744 3812 1814 ἐξωπλισμένον
3842 1747 3871 1797 6
3904 1744 4007 1810 τῆς

2436 1834 2633 1896 κακίας
2654 1834 2903 1904 τεχνίτης
2927 1834 3207 1904 χειροῦται
3232 1835 3428 1904 ῥαδίως
3451 1835 3729 1905 λογισμοῖς
3747 1837 4007 1904 πονηροῖς

2436 1923 2826 1986 ὑποσκελίζων,
2863 1924 2959 1975 νῦν
2992 1926 3088 1993 μὲν
3121 1924 3291 1994 βαρέα
3321 1924 3606 1993 φαίνεσθαι
3631 1925 3799 1977 ποιῶν
3821 1926 3891 1976 τὰ
3905 1924 4005 1991 τῆς

2434 2018 2649 2087 γραφῆς
2670 2017 3019 2085 ἐπιτάγματα
3041 2017 3133 2069 καὶ
3157 2018 3367 2085 ἐπαχθῆ
3382 2016 3479 2084 τὴν
3501 2017 3581 2077 εἰς
3605 2017 3729 2077 τοὺς
3742 2015 4006 2082 ἀδελφοὺς

2436 2108 2756 2177 θεραπείαν,
2780 2107 2873 2159 νῦν
2894 2106 2951 2159 δὲ
2979 2108 3223 2175 ἐπαίρων
3247 2107 3325 2167 εἰς
3355 2104 3672 2167 ἀλαζονείαν
3702 2105 3733 2173 ἦ
3763 2104 3932 2172 τῦςςον
3962 2106 4004 2167 ³)

2436 2200 2529 2252 ἀπ’
2554 2200 2722 2269 αὐτῆς
2752 2202 2848 2267 τῆς
2881 2200 2961 2261 εἰς
2990 2200 3116 2259 τοὺς
3148 2197 3475 2265 ὁμοδούλους
3500 2199 3542 2263 ⁸)
3569 2198 3867 2258 διακονίας,
3910 2196 4006 2248 καὶ

2438 2290 2638 2343 πείθων
2677 2292 2859 2353 αὐτόν,
2896 2289 2992 2351 ὡς,
3040 2290 3122 2341 ὅτι
3167 2290 3452 2359 ἐπλήρωσε
3496 2289 3594 2351 τάς
3640 2288 3859 2349 ἐντολὰς
3910 2285 4005 2338 τοῦ

2438 2383 2649 2451 κυρίου,
2680 2380 2774 2433 καὶ
2805 2379 2921 2433 ἐστι
2977 2381 3149 2449 μέγας
3200 2383 3257 2433 ὲν
3297 2382 3563 2449 οὐρανοῖς.
3615 2381 3675 2431 οὐ
3712 2380 3908 2449 μικρὸν
3946 2379 4004 2430 δὲ

2436 2473 2594 2526 τοῦτο
2631 2474 2894 2543 ἀδίκημαο
2939 2474 3018 2526 δεῖ
3055 2474 3161 2544 γὰρ
3207 2473 3299 2525 τὸν
3340 2473 3527 2525 εὔνουν
3581 2473 3676 2523 καὶ
3716 2472 4007 2523 σπουδαῖον

2436 2560 2618 2612 δοῦλον
2641 2561 2716 2627 τῷ
2737 2560 2970 2628 δεσπότῃ
3000 2559 3279 2611 πιστεύειν
3308 2558 3405 2627 τῆς
3431 2556 3644 2619 εὐνοίας
3667 2557 3766 2625 τὴν
3798 2556 4006 2625 κρίσιν,

2437 2654 2573 2706 ἀλλά
2604 2654 2676 2722 μὴ
2725 2652 2954 2717 αὐτόν’)
2986 2652 3106 2704 ἀντὶ
3156 2650 3253 2703 τοῦ
3304 2651 3564 2703 δεσπότου
3612 2648 3877 2716 δικαστὴν
3914 2648 4009 2699 καὶ

2440 2745 2729 2813 ἐπαινέτην
2764 2746 2861 2812 τῆς
2903 2743 3069 2795 αὑτοῦ
3102 2744 3147 2811 ⁸)
3192 2742 3447 2809 γενέσθαι
3487 2740 3783 2801 πολιτείας.
3819 2741 3868 2791 εἰ
3897 2739 4008 2808 γὰρ

2440 2838 2599 2899 αὐτὸς
2637 2840 2849 2904 γένοιτο
2891 2840 3106 2907 κριτής,
3142 2836 3233 2890 τὸν
3285 2836 3535 2903 ἀληθινὸν
3585 2835 4009 2904 παρωσάμενος,

2439 2931 2557 2984 οὐδὲ
2585 2931 2675 2980 τὸν
2701 2929 2888 2998 μισθὸν
2911 2928 3118 2980 ἐκεῖθεν
3141 2928 3270 2991 ἕξει,
3296 2928 3401 2997 πρὸ
3422 2929 3517 2993 τῆς
3534 2927 3740 2978 ἐκείνου
3764 2926 4003 2995 κρίσεως

2442 3021 2628 3072 ἑαυτὸν
2656 3019 2698 3088 ⁷)
2733 3024 2843 3080 τοῖς
2876 3020 3119 3081 ἐπαίνοις
3151 3020 3242 3071 καὶ
3262 3021 3327 3087 τῇ
3358 3018 3531 3086 οἰήσει
3575 3016 4007 3086 ἀποπληρώσας.

767 3106 961 3159 incidit
992 3109 1239 3177 gloriam,
1277 3110 1539 3165 honorem
1571 3111 1673 3165 sibi
1716 3112 1858 3181 apud
1889 3112 2086 3165 fratres
2115 3128 2179 3165 ex
2207 3129 2334 3181 pru-
2363 3132 2405 3185 ο
2439 3111 2452 3161 ε

2324 3144 2334 3151 -
2363 3132 2405 3185 C
2439 3111 2518 3162 δεῖ
2539 3111 2645 3180 γὰρ
2666 3110 2806 3165 κατά
2830 3110 2888 3163 τὸ
2917 3110 3093 3177 λόγιον
3120 3110 3329 3162 Παύλου
3375 3110 3439 3161 τὸ
3469 3109 3703 3175 πνεῦμα
3736 3107 3841 3160 τοῦ
3868 3106 4009 3160 θεοῦ

766 3198 901 3265 priis
942 3199 1222 3253 laboribus
1257 3217 1546 3269 quaerens,
1590 3212 1645 3256 et
1695 3219 1859 3272 opera
1915 3204 2214 3258 infidelium
2263 3205 2339 3257 fa—

766 3286 936 3341 ciens.
968 3288 1208 3343 lniidelis
1237 3291 1383 3343 enim
1415 3300 1518 3354 est,
1550 3292 1641 3360 qui
1680 3293 1944 3345 humanos
1973 3294 2207 3345 honores
2240 3310 2339 3362 pro

763 3378 1095 3433 coelestibus
1118 3389 1372 3434 sectatur.
1411 3382 1478 3436 Ut
1501 3383 1613 3451 ipse
1637 3384 1833 3436 alicubi
1874 3385 2133 3437 Dominus
2165 3385 2295 3437 dicit
2323 3403 2335 3437 :

766 3469 1035 3533 Quomodo
1067 3489 1152 3524 vos
1178 3475 1387 3542 potestis
1411 3475 1640 3537 credere,
1666 3478 1751 3543 qui
1777 3476 2002 3544 gloriam
2028 3477 2089 3527 ab
2122 3478 2339 3529 invicem

767 3562 1021 3631 accipitis,
1055 3575 1103 3616 et
1139 3563 1384 3633 gloriam,
1422 3583 1557 3635 quae
1594 3584 1625 3619 a
1654 3566 1763 3619 solo
1789 3566 1894 3619 Deo
1925 3576 2018 3631 est,
2049 3585 2149 3619 non
2182 3584 2341 3637 quae-

767 3654 881 3706 ritis
910 3655 1033 3723 (5)?
1068 3654 1137 3709 iis
1171 3657 1373 3725 quippe
1406 3658 1615 3712 similes
1641 3675 1758 3711 esse
1784 3659 1917 3711 mihi
1942 3660 2213 3722 videntur,
2244 3659 2339 3728 qui

767 3746 1048 3808 mundaut,
1081 3752 1217 3819 quod
1248 3748 1438 3816 deforis
1459 3758 1533 3801 est
1566 3750 1741 3803 colicis
1779 3760 1825 3802 et
1861 3753 2175 3820 parapsidis,
2201 3753 2338 3805 intus

768 3846 944 3890 autem
982 3839 1120 3907 pleni
1155 3850 1275 3893 sunt
1307 3843 1604 3896 omnimoda
1640 3842 1844 3894 malitia
1878 3844 1972 3913 (4).
2021 3843 2210 3897 Videte
2244 3843 2339 3912 igi—

769 3937 882 3990 tur,
908 3945 977 3983 ne
1020 3932 1128 3984 tale
1162 3932 1295 4003 quid
1337 3933 1644 4002 patiamini,
1685 3934 1779 3989 sed
1814 3951 2029 3988 sursum
2066 3937 2341 3990 elcvantes

767 4018 1000 4081 animas,
1038 4027 1094 4072 et
1119 4021 1287 4073 solam
1316 4036 1501 4074 curam
1534 4023 1817 4084 habentes,
1844 4032 1903 4076 ut
1924 4024 2035 4077 Deo
2062 4024 2337 4092 placeatis,

768 4123 947 4176 neque
988 4125 1225 4178 unquam
1271 4114 1531 4165 memoria
1572 4114 1889 4166 coelestium
1927 4114 2210 4176 excidatis,
2247 4130 2342 4167 nc-

769 4213 875 4266 que
908 4200 1047 4254 vitae
1089 4201 1251 4255 huius
1283 4202 1517 4258 honores
1559 4204 1855 4272 arripiatis,
1890 4204 1961 4262 ita
1999 4206 2220 4267 currite,
2244 4221 2339 4258 oc-

766 4292 1041 4345 cultantes
1078 4294 1247 4347 verbo
1282 4295 1577 4348 certamina
1609 4296 1829 4349 virtutis
1869 4312 2030 4350 causa
2066 4307 2337 4364 suscepta,

770 4398 838 4434 ne
884 4383 1180 4451 quidquam
1226 4385 1473 4441 inveniat
1531 4386 1609 4450 is,
1657 4387 1750 4455 qui
1814 4396 2061 4441 terrenos
2107 4388 2341 4442 honores

2440 3199 2885 3267 συμμαρτυρεῖν
2929 3198 3008 3262 τῷ
3057 3202 3343 3267 πνεύματι
3398 3196 3585 3266 ἡμῶν,
3639 3197 3774 3249 ἀλλὰ
3810 3197 3885 3267 μὴ
3939 3200 4007 3267 τῇ

2441 3292 2690 3362 ἡμετέρᾳ
2732 3292 2912 3360 κρίσει
2947 3290 3013 3342 τά
3042 3292 3284 3361 ἡμέτερα
3321 3290 3730 3357 δοκιμάζεσθαι.
3764 3291 3852 3362 οὺ¹
3874 3290 4007 3355 γὰρ,

2440 3384 2625 3451 φησὶν,
2653 3386 2683 3435 ό
2710 3382 2926 3434 ἑαυτὸν
2962 3380 3270 3433 συνιστῶν
3291 3382 3461 3433 ἔσται
3489 3382 3530 3449 ⁸)
3556 3381 3821 3446 δόκιμος,
3868 3381 4008 3431 ἀλλ’

2440 3476 2512 3530 ὃν
2544 3479 2576 3530 d
2606 3477 2806 3543 κύριος
2842 3474 3234 3541 συνίστησιν,
3276 3475 3303 3524 6
3331 3473 3387 3525 δὲ
3425 3473 3498 3541 μὴ
3531 3473 3838 3541 ἀναμένων,
3871 3470 4011 3524 ἀλλά

2441 3568 2658 3635 φθάνων
2689 3566 2788 3636 τὴν
2818 3566 3027 3619 ἐκείνου
3060 3566 3262 3635 κρίσιν,
3304 3566 3381 3627 εἰς
3404 3565 3499 3627 τάς
3534 3562 3880 3634 ἀνθρωπίνας
3920 3564 4013 3614 ὲκ-

2440 3660 2629 3711 πίπτει
2662 3658 2840 3723 δόξας,
2872 3656 3039 3726 τιμὴν
3076 3654 3254 3723 ἑαυτῷ
3297 3655 3394 3724 τὴν
3438 3657 3587 3725 παρά
3619 3654 3726 3705 τῶν
3763 3654 4010 3721 ἀδελφῶν

2439 3751 2504 3800 ἐκ
2528 3748 2633 3799 τῶν
2666 3746 2809 3801 ἰδίων
2837 3747 3008 3799 πόνων
3042 3746 3581 3815 πραγματευόμενος,
3613 3746 3706 3796 καὶ
3753 3744 3922 3796 ποιῶν
3948 3745 4011 3795 τὸ

2439 3840 2548 3892 τῶν
2592 3840 2857 3890 ἀπίστων·
2891 3837 3115 3898 ἄπιστος
3151 3837 3257 3907 γάρ
3286 3838 3314 3888 6
3360 3838 3457 3898 τὰς
3501 3837 3846 3905 ἀνθρωπίνας
3888 3837 4012 3887 ἀντὶ

2441 3933 2547 3985 τῶν
2582 3930 2847 3998 οὐρανίων
2878 3928 3125 3998 θηρεύων
3144 3928 3309 3997 τιμάς
3330 3946 3343 3957 ·
3366 3929 3442 3990 ὼς
3462 3928 3622 3990 αὑτός
3645 3927 3746 3980 πού
3774 3928 3816 3995 ’)
3843 3945 4009 3996 φησιν

2439 4026 2468 4076 6
2516 4022 2701 4092 κύριος
2726 4037 2737 4050 ·
2771 4020 2895 4085 πῶς
2936 4021 3197 4072 δύνασθε
3239 4020 3409 4087 ὑμεῖς
3456 4021 3782 4079 πιστεύειν,
3819 4019 4011 4080 δόξαν

2440 4115 2599 4181 παρὰ
2634 4112 3013 4179 ἀλλήλων-η)
3042 4111 3468 4179 λαμϐάνοντες,
3514 4111 3611 4163 καὶ
3659 4112 3773 4176 τὴν
3820 4111 4013 4174 δόξαν

2441 4205 2554 4273 τὴν
2586 4204 2743 4271 παρὰ
2768 4203 2872 4256 τοῦ
2890 4204 3083 4270 μόνου
3110 4202 3248 4255 θεοῦ
3272 4204 3342 4255 οὐ
3370 4195 3623 4267 ζητεῖτες
3650 4204 3789 4254 τισὶν
3814 4203 3879 4271 ¹¹)
3913 4198 4010 4254 οὖν

2441 4297 2675 4350 ἐοικέναι
2698 4313 2787 4365 μοι
2805 4294 3144 4363 ¹²)δοκοῦσιν,
3163 4294 3211 4345 οἳ
3234 4294 3297 4362 ³³)
3323 4294 3432 4346 τοῦ
3458 4294 3746 4359 ποτηρίου
3768 4295 3866 4345 καὶ
3889 4293 4001 4359 τῆς

2442 4386 2776 4455 παροψίδος
2817 4384 2883 4437 τὸ
2919 4382 3091 4448 ἐκτὸς
3134 4384 3681 4450 περικαθαίρουσιν,
3728 4384 3903 4448 ἐντὸς
3939 4384 4011 4435 δὲ

765 4475 1033 4543 δυῧῧοΐὶῐ,
1075 4476 1217 4530 unde
1275 4476 1445 4547 rapiat
1480 4477 1714 4531 animam
1754 4486 2011 4540 vestram,
2053 4487 2107 4533 et
2148 4494 2214 4531 ex
2250 4495 2339 4532 vc-
2374 4462 2450 4546 θ,

2322 4510 2339 4518 -
2374 4462 2416 4514 D
2439 4477 2684 4546 μεστοῖς
2709 4474 2995 4538 παντοίας
3020 4468 3161 4527 οὖσι
3182 4475 3245 4537 ¹⁵)
3266 4474 3498 4537 κακίας.
3528 4472 3691 4541 ὁρᾶτε
3708 4468 3819 4528 οὖν.
3853 4474 3925 4541 μή
3954 4489 4007 4523 τι

769 4565 950 4618 ritatis
984 4566 1192 4621 incuria
1226 4568 1293 4622 ad
1328 4584 1414 4623 res
1455 4584 1619 4622 vanas
1644 4577 1698 4621 et
1726 4584 1913 4623 errore
1939 4570 2126 4637 plenas
2153 4568 2337 4622 detru-

770 4656 882 4709 dat.
910 4657 1095 4726 Neque
1126 4659 1271 4711 enim
1307 4660 1531 4713 omnino
1560 4660 1843 4713 inveniens
1875 4660 2338 4728 opportunitatem

770 4747 931 4815 212
982 4764 1083 4801 nec
1126 4749 1430 4815 introitum,
1462 4760 1521 4805 ut
1545 4768 1657 4812 eos,
1694 4768 1923 4820 quorum
1964 4752 2176 4805 animae
2223 4768 2342 4804 sur-

769 4854 891 4891 sum
928 4839 1149 4908 degunt,
1180 4843 1441 4910 pelliciat,
1472 4846 1614 4912 perit
1642 4844 1884 4911 iacctque
1914 4853 2188 4908 mortuus;
2216 4860 2340 4896 nam

770 4945 919 4984 mors
944 4940 1029 4985 est
1050 4932 1274 4999 diaboli,
1305 4935 1569 4988 malitiam
1596 4951 1716 4990 esse
1750 4935 1980 4989 inertem
2008 4945 2065 4988 et
2092 4936 2340 4989 otiosam.

2444 4570 2666 4623 πάθοιτε
2698 4566 2925 4623 τοιοῦτο.
2968 4564 3103 4618 ἀλλά
3144 4564 3255 4616 ἀνω
3294 4564 3473 4624 δόντες
3524 4563 3623 4624 τάς
3668 4562 3862 4630 ψυχάς,
3914 4562 4009 4613 καὶ

2445 4661 2574 4730 μίαν
2613 4658 2824 4727 ἔχοντες
2886 4656 3139 4725 φροντίδα
3186 4654 3281 4705 τοῦ
3330 4654 3523 4724 ἀρέσαι
3556 4653 3634 4723 τῷ
3685 4656 3880 4723 κυρίῳ,
3916 4654 4009 4705 καὶ

2446 4749 2711 4819 μηδέποτε
2784 4748 2881 4815 τῆς
2950 4745 3058 4796 τῶν
3120 4743 3362 4811 οὐρανῶν
3415 4742 3698 4795 ἐκπίπτειν
3767 4746 4007 4813 μνήμης,

2447 4840 2580 4909 μηδὲ
2622 4840 2686 4909 ’³⁵)
2726 4837 2979 4901 δέξασθαι
3022 4836 3117 4897 τὰς
3160 4836 3253 4886 τοῦ
3290 4835 3403 4904 βίον
3426 4834 3615 4886 τούτου
3647 4836 3833 4901 τιμάς,
3867 4834 4010 4887 οὕτω

2442 4932 2686 5002 τρέχετε,
2718 4929 3045 5002 κρύπτοντες
3071 4927 3146 4997 τῷ
3175 4928 3317 4996 λόγῳ
3349 4926 3473 4989 τοὺς
3506 4926 3647 4995 ὑπὲρ
3676 4926 3773 4995 τῆς
3806 4926 4009 4995 ἀρετῆς

2038 5102 2292 5157 VARIAE
2330 5096 2727 5152 LECTIONES.

880 5218 921 5283 ί)
962 5219 1143 5283 Corn,
1195 5221 1314 5273 eod.
1373 5221 1763 5291 ἐξερευνήσεις.
1816 5252 1882 5260 —-
1930 5220 1971 5287 ‘)
2007 5220 2083 5277 Ex
2130 5218 2299 5278 coni.,
2340 5216 2460 5269 eod.
2527 5214 2919 5291 κεκυνωμ-ἐνον.
2944 5214 3049 5291 Ἀη
3091 5216 3332 5291 praefers
3372 5214 3889 5291 κεκονισμὲνονηγιι]
3926 5232 4009 5266 κε-

775 5282 1099 5355 κινημένονῖ
1130 5282 1191 5327 ὲ-
1216 5290 1256 5357 ³)
1284 5282 1426 5345 Cod.
1453 5282 1667 5355 τύφοκίν.
1696 5322 1764 5330 -
1793 5292 1831 5352 ⁵)
1870 5282 2119 5350 Emend.,
2147 5288 2267 5341 cod.
2288 5287 2675 5357 ὁμοδᾷλους.ῖ-
2699 5286 2717 5314 ³
2748 5282 3005 5357 Emend.,
3029 5284 3379 5357 eod._a61"q_v.
3411 5315 3478 5357 -_—
3503 5282 3544 5349 ")
3570 5282 3704 5336 Cod.
3732 5284 3913 5357 αὑτοῦ.
3938 5314 4010 5324 --

775 5360 791 5387 ⁷
823 5359 955 5411 Cod.
986 5358 1190 5409 ἐαυτὼ.
1230 5354 1293 5399 ὲ-
1339 5361 1362 5392 ‘
1398 5362 1484 5415 Sic
1506 5354 1649 5421 cod”
1680 5379 1785 5415 non
1808 5362 1954 5413 ἐστι.
1975 5391 2041 5398 -
2067 5360 2108 5427 ⁸)
2140 5354 2467 5416 Corr.,cod.
2501 5355 2628 5407 αὑτό
2657 5371 2811 5427 σπου.
2846 5354 2995 5427 7‘?)
3024 5354 3139 5427 Sic,
3162 5355 3215 5427 in
3244 5354 3363 5406 eod.
3405 5354 3522 5427 sine
3563 5356 4009 5427 apostrophoaut

776 5430 994 5500 passim.
1032 5430 1170 5500 e“)
1191 5429 1337 5500 iCod.
1378 5433 1536 5484 τίσιν.
1567 5434 1703 5500 -—")
1737 5433 1813 5487 Ex
1840 5432 2004 5497 coni.,
2034 5421 2154 5483 eod.
2192 5429 2365 5480 ἔοικεν
2395 5428 2534 5494 ἐμοὶ.
2571 5456 2638 5464 --
2664 5425 2726 5492 ¹³)
2750 5423 2885 5477 Cod.
2924 5425 2990 5475 οἱ.
3018 5454 3083 5462 --
3108 5424 3149 5453 ¹⁴
3176 5423 3357 5487 Corn,
3387 5424 3510 5477 cod.
3534 5421 3716 5494 οὔσης.
3747 5421 3814 5463 -ἔ-
3840 5426 3901 5493 Ι³)
3928 5426 4004 5480 iis

776 5497 941 5561 coni.,
981 5499 1102 5551 cod.

2278 5586 2529 5641 NOTAE.

848 5685 921 5743 (ll
968 5685 1120 5735 lium.
1160 5685 1292 5743 Vill,
1332 5684 1411 5735 ili.

847 5753 923 5821 (εις
965 5754 1003 5806 ιι
1034 5752 1151 5805 (ἰσιιᾶ
1188 5755 1251 5817 x,
1294 5754 1353 5805 ιδ

2507 5680 2580 5737 (3i
2609 5678 2727 5729 Joh.
2766 5676 2826 5735 ν,
2865 5678 2943 5729 ιε.

2508 5749 2581 5815 (ε)
2618 5747 2801 5804 Matth.
2831 5746 3016 5811 xxiii,
