4266 6356
208 384 317 442 ιῖθ

1617 389 2017 447 EPISTOLAE.

3346 375 3455 438 450

211 495 457 564 ἀγῶνας,
488 494 634 559 ὅπως
665 497 857 567 μικρὸν
888 497 1061 569 εὑρὼν
1086 500 1114 551 6
1143 499 1229 563 εάς
1260 502 1323 554 ὲκ
1355 501 1453 571 τῆς
1490 502 1593 571 γῆς
1622 503 1787 572 τιμάς
1817 510 1861 564 Α
1888 508 1896 551 t

1768 520 1787 566 ;
1817 510 1861 564 Α
1888 501 2093 568 Quodsi
2136 517 2290 556 amor
2320 500 2416 557 Dei
2444 498 2599 554 vobis
2639 498 2802 562 inest,
2827 512 3049 553 necesse
3074 504 3157 550 est
3186 505 3243 551 et
3272 505 3453 550 cetera

209 582 550 648 ύτοοϐἀλλων,
586 586 681 636 καὶ
728 585 977 639 ἐντεῦθεν
1017 588 1270 658 ἀρπάσας
1318 590 1471 661 ὑμῶν
1519 591 1607 643 τὸν
1637 590 1779 655 νοῦν,

210 673 279 726 ἐκ
309 674 410 743 τῆς
435 674 545 726 τῶν
587 674 851 744 ἀληθινῶν
892 677 1146 746 ἀσχολίας
1192 680 1284 732 ἐπὶ
1329 680 1399 733 τὰ
1455 680 1657 750 μάταια
1691 682 1785 753 καὶ

212 764 426 833 ⁴ιπιλάνης
473 766 644 834 μεστά
697 766 977 839 καταϐάλῃ
1027 770 1094 829 ¹).
1158 770 1231 841 μὴ
1280 771 1457 841 εὑρὼν
1495 772 1550 824 δὲ
1595 772 1785 843 καιρὸν

210 853 349 915 ὅλως
401 854 537 923 μηδὲ
585 854 955 924 παρείσδυσιν,
989 857 1070 919 είς
1107 857 1169 910 τὸ
1210 858 1458 914 δελεάσαι
1514 862 1639 924 τοὺς
1671 862 1785 915 ἀνω

208 947 336 1005 ταῖς
382 945 582 1014 ψυχαῖς
655 946 1027 1019 διατρίϐοντας
1084 951 1328 1005 ἀπόλωλε
1380 953 1424 1023 ³)
1474 954 1567 1006 καὶ
1608 956 1785 1008 κεῖται

210 1036 430 1106 νεκρός·
466 1036 693 1103 Θάνατος
722 1038 828 1108 γὰρ
862 1039 1104 1094 διαϐόλου
1132 1042 1191 1095 τὸ
1212 1042 1489 1114 ἄπρακτον
1523 1044 1665 1116 ἔχειν
1694 1047 1785 1101 καὶ

210 1128 574 1199 ἀνενέργητον
598 1130 695 1202 τὴν
723 1134 939 1187 κακίαν.
975 1135 1195 1205 ἀγάπης
1218 1132 1310 1189 οῦν
1340 1139 1396 1189 ὲν
1430 1138 1556 1207 ὑμῖν
1582 1138 1789 1210 παρούο

214 1236 318 1286 σης
340 1219 436 1271 τοῦ
454 1220 578 1272 θεοῦ
610 1221 820 1291 ἀνάγκη
852 1223 946 1275 καὶ
972 1223 1039 1276 τά
1066 1224 1226 1278 λοιπά
1246 1225 1417 1298 ταύτῃ
1440 1226 1784 1293 συνέπεσθαι,

210 1309 275 1362 τὺ
305 1310 647 1379 φιλάδελφον,
682 1312 745 1365 τὸ
773 1315 967 1384 πρᾶον,
1019 1314 1080 1367 τὸ
1124 1316 1511 1385 ἀνυπόκριτον,
1553 1318 1616 1370 τὸ
1658 1320 1787 1389 περὶ

210 1401 315 1463 τὰς
341 1402 505 1471 εὑχάς
536 1402 757 1472 διαρκὲς
785 1405 880 1458 καὶ⁵
922 1406 1229 1468 σπουδαῖον,
1265 1408 1358 1459 καὶ
1393 1406 1577 1470 ἀπλῶς
1608 1410 1787 1463 πᾶσαν

212 1494 446 1565 ἀρετήν.
471 1494 547 1556 ὠς
572 1490 665 1547 οὖν
698 1496 935 1565 μεγάλου
956 1497 1049 1549 τοῦ
1068 1499 1341 1568 κτήματος
1362 1498 1514 1562 ὄντος
1540 1501 1787 1569 μεγάλων

215 1584 312 1635 καὶ
354 1585 534 1637 πόνων
582 1586 664 1638 δεῖ
711 1587 839 1657 περὶ
866 1586 965 1657 τὴν
1013 1589 1205 1658 κτῆσιν
1231 1629 1246 1655 ,
1295 1590 1355 1643 οῦ
1409 1590 1544 1661 πρὸς
1570 1591 1788 1656 ἔνδειξιν

214 1673 526 1744 ἀνθρώπων
565 1677 884 1747 γινομένων,
916 1677 1032 1731 ἀλλ’
1057 1681 1136 1742 είς
1172 1679 1234 1733 τὸ
1264 1680 1457 1751 ἀρέσαι
1485 1682 1563 1753 τῷ
1616 1685 1789 1753 κυρίῳ

215 1764 298 1834 τῷ
332 1766 399 1817 τά
432 1767 652 1836 κρυπτά
678 1768 860 1830 είδότι,
899 1770 1037 1839 πρὸς
1056 1770 1115 1823 ὃν
1137 1771 1217 1824 δεῖ
1248 1771 1462 1841 βλέπειν
1491 1774 1597 1839 ἀεί,
1617 1776 1789 1829 καὶτὸ

1888 594 2041 648 illum
2088 592 2384 663 consequi,
2438 607 2677 646 amorem
2721 590 3041 653 fraternum,
3084 587 3456 641 mansuetudi-

1886 698 2032 747 nem,
2071 684 2462 745 sinceritatem,
2506 681 2563 735 in
2603 683 2848 736 oratione
2890 678 3372 749 perseverantiam,
3399 685 3454 731 et

1885 775 2093 840 zelum,
2132 784 2188 829 et
2238 775 2463 829 omnino
2502 788 2719 826 onmem
2782 772 3063 825 virtutem.
3124 769 3228 824 Sed
3285 784 3453 838 quum

1886 879 2114 934 magnus
2155 864 2226 919 sil.
2263 865 2587 928 thesaurus,
2637 862 2815 933 magni
2847 862 3011 916 etiam
3062 859 3173 914 sint
3238 859 3457 913 labores

1884 969 2108 1009 necesse
2159 965 2245 1009 est
2307 954 2374 1008 ad
2425 970 2551 1009 eum
2612 950 3047 1022 adipiscendum,
3088 948 3181 1018 qui
3232 964 3341 1001 non
3386 946 3454 999 ad

1884 1046 2305 1102 ostentationem
2348 1047 2490 1116 apud
2530 1045 2782 1099 homines
2822 1043 2970 1107 ﬁant,
3012 1041 3104 1096 sed
3150 1050 3209 1093 ut
3246 1040 3457 1109 placea-

1887 1154 2009 1193 mus
2058 1139 2288 1193 Domino
2323 1138 2417 1205 qui
2457 1138 2610 1192 novit
2658 1133 2997 1196 abscondita,
3033 1149 3194 1202 quem
3242 1146 3457 1199 semper

1886 1230 2156 1300 respicere
2175 1230 2457 1305 debemus,
2485 1238 2537 1283 et
2572 1227 2832 1281 interiora
2862 1225 3030 1279 animi
3061 1223 3312 1285 scrutari,
3340 1222 3456 1291 pie-

1889 1322 2125 1391 tatisque
2159 1321 2373 1375 munire
2414 1317 2856 1389 cogitationibus.
2884 1333 2952 1371 ne
2988 1316 3270 1369 introitum
3310 1314 3458 1368 inve-

1888 1412 2006 1466 niat
2042 1426 2220 1480 neque
2249 1410 2427 1464 locum
2456 1407 2778 1462 insidiarum
2808 1406 3173 1469 adversarius,
3201 1419 3459 1458 exercere

1887 1518 2019 1557 vero
2052 1512 2109 1557 et
2142 1502 2342 1555 ducere
2376 1500 2443 1554 ad
2488 1498 2613 1552 boni
2651 1507 2706 1553 et
2740 1497 2864 1551 mali
2908 1496 3272 1566 cognitionem
3311 1511 3461 1548 mor--

1888 1594 2015 1651 bida
2035 1594 2245 1647 animae
2268 1592 2527 1646 membra.
2544 1592 2807 1644 Exercere
2835 1597 3016 1641 autem
3031 1602 3147 1639 eam
3169 1586 3272 1639 scit
3289 1585 3459 1637 Deum

1889 1700 2124 1755 sequens
2171 1698 2324 1737 mens
2367 1691 2422 1736 et
2475 1690 2638 1736 totam
2678 1680 2914 1734 animam
2952 1677 3057 1731 sibi
3096 1677 3357 1745 copulans
3391 1674 3460 1728 ad

1892 1772 2044 1826 illum
2077 1787 2143 1824 ex
2178 1770 2271 1824 Dei
2307 1786 2508 1832 amore,
2546 1780 2602 1824 et
2633 1768 2861 1823 occultis
2883 1766 3103 1820 virtutis
3123 1764 3460 1834 cogitationi-

217 1856 366 1908 ἔνδον
392 1856 495 1926 τῆς
512 1858 689 1927 ψυχῆς
717 1859 1015 1931 διερευνᾷν,
1036 1862 1129 1914 καὶ
1145 1864 1537 1933 περιφράσσειν
1559 1867 1671 1928 τοῖς
1689 1866 1787 1937 τῆς
1822 1854 1861 1911 Β
1891 1863 1902 1916 1

1778 1884 1787 1929 ;
1822 1854 1861 1911 Β
1891 1863 1995 1917 bus
2031 1862 2520 1929 mandatorumque
2551 1857 2812 1929 Operibus
2848 1855 3125 1926 putridum
3168 1869 3365 1907 sanans
3407 1863 3463 1908 et

218 1945 505 2010 εὐσεϐείας
532 1947 833 2017 λογισμοῖς,
858 1948 1005 2011 ὅπως
1035 1950 1109 2019 μὴ
1138 1951 1485 2020 παρείσδυσιν
1509 1951 1645 2026 εὕρῃ
1672 1954 1793 2007 τινὰ

225 2036 367 2106 μηδὲ
396 2036 580 2106 χώραν
612 2038 945 2110 ὲπιϐουλῆςδ
973 2041 1261 2108 ἀντίδικος,
1291 2042 1587 2112 γυμνάζειν
1614 2044 1669 2096 δὲ
1701 2044 1795 2098 καὶ

221 2129 522 2199 προσάγειν
558 2129 692 2200 πρὸς
728 2131 825 2199 τὴν
852 2131 945 2184 τοῦ
980 2131 1144 2185 καλοῦ
1172 2134 1265 2185 καὶ
1302 2134 1539 2204 πονηροῦ
1569 2135 1797 2203 διάγνω-

220 2238 310 2273 σιν
348 2220 418 2273 τά
449 2220 787 2292 ἠσθενηκότα
824 2222 923 2293 τῆς
967 2223 1147 2294 ψυχῆς
1195 2224 1353 2295 μέλη.
1399 2225 1696 2294 γυμνάζειν
1740 2226 1795 2281 δὲ

220 2312 394 2383 αὐτὴν
412 2308 551 2366 οἶδεν
576 2314 605 2365 6
629 2313 706 2383 τῷ
723 2313 833 2385 Θεῷ
850 2315 1114 2385 ἑπόμενος
1142 2316 1183 2384 ³)
1211 2315 1333 2379 νοῦς
1358 2318 1450 2370 καὶ
1480 2318 1795 2380 συνοικίζων

222 2403 401 2474 ἑαυτῷ
435 2406 615 2457 πᾶσαν
667 2406 764 2475 τὴν
811 2405 990 2476 ψυχὴν
1022 2406 1158 2475 πρὸς
1187 2407 1390 2459 ἐκεῖνον
1423 2408 1487 2459 ὲκ
1519 2407 1617 2477 τῆς
1659 2408 1794 2478 πρὸς

224 2495 351 2547 Θεδν
381 2496 622 2565 ἀγάπης,
671 2495 766 2549 καὶ
791 2495 901 2549 τῶν
934 2496 1193 2566 κρυπτῶν
1222 2499 1320 2565 τῆς
1350 2496 1548 2566 ἀρετῆς
1580 2495 1797 2549 ἐννοιῶν

224 2589 321 2641 καὶ
345 2586 519 2658 ἔργων
559 2587 779 2657 ἐντολῆς
814 2586 1041 2658 ἰώμενος
1071 2587 1130 2641 τὸ
1161 2587 1357 2657 σαθρὸν
1389 2588 1483 2640 καὶ
1516 2587 1799 2642 συνάπτων

224 2680 307 2750 τῷ
341 2678 573 2751 δυνατῷ.
602 2680 722 2732 ἐπεὶ
755 2675 847 2732 οὖν
883 2678 980 2749 μία
1004 2679 1119 2733 ἐστὶ
1153 2679 1362 2750 φρουρά
1406 2680 1500 2732 καὶ
1537 2679 1801 2750 Θεραπεία

224 2770 432 2842 ψυχῆς,
481 2770 543 2823 τὸ
577 2769 884 2841 μεμνῆσθαι
923 2772 980 2823 ὲν
1024 2770 1175 2840 πόθῳ
1218 2770 1362 2835 θεοῦ,
1415 2770 1510 2823 καὶ
1556 2771 1642 2824 ἀεὶ
1694 2770 1802 2824 τῶν

228 2862 455 2931 ἀγαθῶν
481 2862 701 2933 ἔχεσθαι
729 2862 967 2926 ἐννοιῶν,
992 2862 1066 2932 μὴ
1091 2864 1413 2932 ἀποστῶμεν
1429 2862 1529 2933 τῆς
1548 2864 1803 2934 τοιαύτης

232 2955 493 3026 σπουδῆς,
532 2956 627 3026 ἥτε
664 2955 955 3019 ἐσθίοντες,
979 2956 1075 3026 ἦτε
1104 2954 1372 3017 πίνοντες,
1423 2956 1517 3026 ἦτε
1545 2956 1803 3026 ἠρεμοῦνο

231 3064 345 3110 τες,
394 3047 491 3117 ἤτε
530 3047 811 3109 ποιοῦντές
857 3064 930 3111 τι,
966 3047 997 3116 ἢ
1034 3046 1412 3116 φθεγγόμενοι,
1452 3048 1597 3110 ὅπως
1628 3047 1803 3101 πάντα

231 3136 306 3190 τὰ
333 3138 463 3209 παρ’
495 3138 626 3207 ἡμῖν
659 3138 737 3200 εἰς
768 3137 865 3206 τὴν
883 3137 976 3191 τοῦ
1008 3136 1127 3189 Θεοῦ
1157 3136 1380 3207 συντελῇ
1407 3135 1584 3200 δόξαν,
1611 3138 1702 3191 καὶ
1728 3137 1803 3208 μὴ

232 3232 315 3293 είς
359 3229 456 3299 τὴν
486 3228 764 3299 ἡμετέραν
800 3228 1001 3293 αὐτῶν,
1046 3228 1179 3299 μηδὲ
1209 3228 1304 3300 ἔχῃ
1329 3228 1372 3296 ⁸)
1394 3228 1515 3281 τινά
1552 3227 1721 3297 ῥύπον
1769 3228 1803 3299 ἢ

235 3321 430 3392 κηλῖδα
458 3321 616 3391 ἡμῶν
638 3322 666 3373 6
702 3319 816 3390 βίος
854 3323 918 3373 ἐκ
948 3323 1047 3390 τῆς
1072 3319 1167 3372 τοῦ
1210 3318 1447 3389 πονηροῦ
1479 3320 1767 3387 ἐπιϐουλῆς
1788 3333 1803 3349 ·

232 3413 332 3467 καὶ
366 3413 539 3475 ἄλλως
570 3413 614 3482 ⁸)
642 3412 699 3465 δὲ
740 3415 852 3475 τοῖς
885 3412 1142 3480 ἀγαπῶσι
1171 3412 1262 3463 τὸν
1292 3410 1410 3464 θεὸν
1457 3410 1675 3474 εὔκολος
1715 3412 1811 3464 καὶ⁸

236 3506 368 3574 ἡδὺς
416 3503 525 3556 τῶν
559 3502 786 3556 ἐντολῶν
821 3505 849 3556 6
879 3504 1058 3567 πόνος,
1106 3502 1337 3573 ἐλαφρὸν
1388 3502 1481 3555 καὶ
1514 3504 1810 3574 ἐπέραστον

236 3595 370 3663 ἡμῖν
395 3592 488 3645 τὸν
520 3592 706 3660 ἀγῶνα
743 3592 843 3662 τῆς
884 3593 1018 3663 πρὸς
1048 3594 1256 3645 ἐκεῖνον
1282 3593 1540 3663 ποιούσης
1566 3592 1807 3661 ἀγάπης.

236 3684 326 3736 διὰ
358 3684 517 3736 τοῦτο
546 3684 641 3736 καὶ
672 3685 699 3737 6
749 3682 980 3751 πονηρὸς
1030 3684 1204 3736 πάντα
1238 3683 1560 3751 ἀγωνίζεται
1588 3683 1809 3753 τρόπον,

238 3775 489 3827 ἐκϐαλεῖν
511 3774 601 3826 τὸν
625 3772 717 3827 τοῦ
762 3774 952 3844 κυρίου
989 3774 1151 3843 φόϐον
1178 3774 1284 3827 ἀπὸ
1321 3774 1430 3826 τῶν
1470 3773 1679 3843 ψυχῶν,
1718 3775 1813 3827 καὶ

234 3863 489 3917 διαλῦσαι
514 3864 613 3934 τὴν
642 3864 779 3934 πρὸς
808 3866 1012 3916 ἐκεῖνον
1053 3865 1274 3933 ἀγάπην
1317 3866 1530 3934 ἡδοναῖς
1578 3865 1813 3934 παρανό-

237 3973 367 4029 μοις
417 3956 508 4008 καὶ
560 3957 811 4025 τερπνοῖς
858 3954 1202 4025 ἀγκίστροις,
1262 3954 1614 4023 φιλονεικῶν,
1664 3956 1813 4018 ὅπως

239 4045 459 4116 γυμνὴν
500 4046 610 4099 τῶν
664 4046 1048 4114 πνευματικῶν
1084 4045 1261 4098 ὃπλων
1306 4048 1348 4116 ⁸)
1402 4046 1496 4099 καὶ
1541 4047 1813 4117 ἄφρουρον

240 4137 428 4190 λαϐὼν
455 4138 555 4207 τὴν
583 4137 783 4207 ψυχήν,
819 4138 947 4199 τοὺς
974 4137 1169 4200 πόνους
1195 4139 1227 4206 ἡ
1238 4137 1352 4206 μῶν
1377 4137 1681 4209 διαφθείρῃ,
1716 4138 1815 4208 τὴν

244 4230 313 4282 ἐκ
345 4229 444 4298 τῆς
475 4226 579 4296 γῆς
621 4229 752 4297 ἡμῖν
784 4226 939 4292 δόξαν
986 4227 1290 4295 ἐπεισάγων
1323 4230 1387 4298 τῇ
1419 4228 1672 4298 οὐρανίῳ,
1722 4231 1816 4281 καὶ

243 4319 515 4374 ἐπιϐολῶν
546 4320 616 4372 τὰ
645 4320 814 4382 δντως
847 4318 987 4372 καλά
1032 4322 1141 4381 τοῖς
1179 4319 1423 4372 δοκοῦσιν
1461 4316 1599 4372 εἷναι
1632 4320 1817 4382 καλοῖς

241 4414 311 4481 τῇ
340 4410 448 4465 τῶν
475 4410 848 4480 ἀπατωμένων
883 4412 1174 4480 φαντασίᾳ.
1211 4411 1380 4472 δεινὸς
1405 4411 1513 4481 γάρ
1552 4413 1666 4465 ἐστι
1692 4410 1814 4471 καὶ,

1894 1965 2158 2024 quantum
2214 1954 2343 2007 licet
2386 1954 2739 2022 coniungens.
2786 1949 2962 2015 Quum
3007 1957 3187 2001 autem
3235 1960 3343 1999 una
3393 1944 3463 1998 sit

1894 2040 2139 2095 custodia
2177 2050 2231 2095 et
2268 2056 2396 2094 cura
2430 2040 2663 2102 animae,
2696 2038 2791 2092 Dei
2832 2037 3043 2092 scilicet
3076 2051 3199 2089 cum
3243 2034 3461 2088 deside-

1896 2134 1979 2187 rio
2023 2133 2321 2194 recordari,
2352 2142 2409 2186 et
2458 2147 2672 2200 semper
2715 2129 2873 2183 bonis
2914 2126 3336 2198 cogitationibus
3382 2124 3464 2177 in-

1896 2224 2144 2287 haerere,
2176 2238 2243 2277 ne
2272 2222 2583 2277 cxcidamus
2616 2222 2706 2276 tali
2746 2220 2882 2282 zelo,
2920 2219 3033 2273 sive
3067 2218 3313 2280 edentes,
3350 2216 3463 2270 sive

1897 2315 2167 2377 bibentes,
2200 2314 2312 2368 sive
2346 2314 2526 2375 otiosi,
2560 2313 2673 2367 sive
2714 2320 2936 2380 agentes
2975 2308 3202 2377 aliquid,
3235 2308 3348 2361 sive
3388 2307 3466 2359 lo-

1897 2414 2146 2476 quentes,
2180 2415 2240 2460 ut
2288 2407 2490 2468 omnia,
2521 2420 2660 2474 quae
2720 2403 2967 2466 facimus,
3006 2401 3060 2454 in
3104 2398 3199 2455 Dei
3248 2398 3465 2452 laudem

1898 2500 2111 2563 cedant,
2146 2514 2256 2553 non
2306 2498 2359 2551 in
2395 2507 2632 2551 nostram
2673 2498 2936 2567 ipsorum,
2974 2509 3152 2563 neque
3183 2492 3313 2562 quid
3352 2507 3469 2544 sor—

1898 2593 2086 2646 didum
2121 2594 2205 2646 vel
2246 2592 2625 2646 immunditiae
2654 2591 2764 2645 vita
2795 2601 2979 2644 nostra
3001 2606 3069 2643 ex
3106 2588 3308 2643 diaboli
3341 2586 3470 2640 insi-

1900 2683 2006 2737 diis
2040 2684 2236 2737 trahat.
2281 2684 2567 2737 Praeterea
2605 2682 2776 2735 Deum
2818 2680 3170 2751 diligentibus
3202 2678 3377 2732 facilis
3414 2683 3472 2729 et

1902 2775 2083 2829 suavis
2127 2775 2503 2828 mandatorum
2549 2774 2724 2837 labor,
2770 2788 2937 2842 quum
2979 2773 3098 2847 leve
3142 2779 3199 2825 et
3239 2768 3472 2823 amabile

1902 2865 2060 2919 nobis
2104 2873 2380 2919 certamen
2431 2864 2625 2919 reddat
2674 2864 2822 2919 illius
2866 2878 3037 2917 amor.
3086 2860 3265 2926 Quare
3305 2858 3471 2913 etiam

1904 2956 2155 3011 diabolus
2182 2957 2331 3010 omni
2368 2956 2528 3010 modo
2562 2954 2780 3018 nititur,
2816 2963 2876 3008 ut
2912 2954 3161 3008 timorem
3194 2950 3409 3005 Domini
3442 2963 3474 3003 e

1903 3048 2165 3104 cordibus
2213 3048 2441 3111 evellat,
2493 3055 2549 3102 et
2600 3061 2841 3101 amorem
2892 3060 3021 3114 erga
3070 3043 3224 3097 illum
3269 3041 3476 3096 illicitis

1905 3138 2277 3208 voluptatibus
2322 3137 2688 3205 suavibusque
2734 3134 2911 3189 hamis
2938 3133 3217 3197 dissolvat,
3254 3140 3476 3186 conten—

1833 3202 1875 3260 δ
1910 3202 2119 3297 ditque,
2164 3236 2243 3291 ut,
2286 3241 2409 3281 cum
2456 3202 2691 3279 animam
2727 3224 2930 3279 nudam
2977 3222 3357 3295 spiritualibus
3392 3236 3478 3275 ar-

1909 3318 2013 3371 mis
2043 3326 2098 3369 et
2133 3315 2520 3369 incustoditam
2554 3313 3001 3386 deprehenderit,
3027 3321 3241 3370 nostros
3265 3312 3480 3365 labores

1908 3408 2121 3478 perdat,
2159 3416 2431 3459 terrenam
2482 3404 2641 3459 nobis
2686 3404 2912 3476 gloriam
2952 3400 3309 3473 pro‘coelesti
3355 3416 3481 3470 sug-

1908 3514 2123 3567 gerens,
2152 3507 2208 3551 et
2236 3497 2533 3551 obscurans
2559 3510 2697 3565 quae
2728 3508 2855 3549 vere
2884 3492 3110 3566 pulchra
3138 3491 3298 3564 313
3330 3499 3499 3554 sunt,”

1912 3590 1979 3644 iis
2020 3604 2159 3658 quae
2197 3587 2423 3657 pulchra
2460 3602 2581 3642 esse
2617 3584 2880 3640 videntur
2907 3581 3278 3654 imaginationi
3323 3580 3482 3635 dece-

1910 3690 2146 3751 ptorum.
2173 3679 2461 3734 Terribilis
2480 3678 2626 3733 enim
2646 3686 2819 3744 estet,
2843 3677 3180 3747 negligentes
3195 3674 3242 3728 si
3261 3673 3482 3727 invene-

1914 3773 1987 3825 rit
2026 3770 2297 3833 custodes,
2332 3769 2387 3823 in
2427 3768 2838 3839 opportunitate
2878 3765 3187 3837 arripienda
3217 3774 3273 3819 et
3305 3764 3483 3818 virtu-

1914 3862 1984 3916 tis
2029 3861 2309 3915 laboribus
2362 3858 2763 3931 irrependo,~et
2808 3858 2989 3913 tritico
3031 3872 3127 3912 sua
3162 3855 3370 3911 zizania
3402 3855 3486 3908 in-

1914 3952 2249 4017 terserendo,
2270 3952 2620 4007 maledictum
2644 3950 2856 4007 scilicet
2878 3957 2935 4005 et
2954 3948 3266 4020 superbiam
3287 3956 3343 4003 et
3366 3946 3483 4001 ina—

1913 4060 2037 4099 nem
2064 4044 2290 4114 gloriam
2314 4052 2369 4097 et
2388 4044 2614 4097 honoris
2643 4041 2955 4113 cupidinem
2989 4049 3047 4095 et
3078 4039 3486 4095 contentionem

1912 4145 1970 4190 et
2000 4144 2184 4190 cetera
2226 4135 2465 4190 malitiae
2503 4134 2764 4189 facinora.
2808 4131 3034 4203 Oportet
3068 4132 3234 4203 igitur
3265 4129 3486 4200 vigilem

1912 4244 2032 4284 esse
2077 4236 2134 4283 et
2165 4228 2406 4298 undique
2460 4228 2735 4283 custodire
2783 4226 3097 4289 inimicum,
3137 4232 3231 4288 ut,
3272 4221 3487 4277 etiamsi

1915 4322 2223 4375 machinam
2274 4320 2546 4389 quandam
2595 4319 2944 4389 impudenter
2992 4317 3269 4380 adhibeat,
3310 4314 3490 4385 prius-

1916 4428 2078 4482 quam
2118 4412 2353 4465 animam
2393 4411 2590 4481 capiat,
2625 4426 2753 4466 eum
2801 4408 3203 4481 pr0pulsemus.
3252 4406 3490 4461 Memen-
3552 4453 3558 4465 _.

245 4500 626 4572 ρᾳθυμοῦντας
649 4502 695 4552 εί
719 4501 764 4571 ⁷)
789 4500 924 4573 εὕρῃ
947 4502 1069 4563 τοὺς
1092 4500 1358 4568 φύλακας,
1389 4501 1583 4570 κλέψαι
1604 4501 1813 4571 καιρόν,
1850 4531 1890 4585 D
1920 4513 1930 4558 ι

1805 4539 1813 4563 ν
1850 4531 1890 4585 D
1920 4512 2029 4558 tote
2062 4519 2193 4558 vero
2226 4503 2361 4557 mihi
2402 4502 2569 4559 etiam
2612 4517 2850 4571 semper,
2885 4500 3032 4570 quod
3067 4498 3201 4553 Abel
3251 4497 3364 4553 Deo
3406 4511 3490 4550 sa-

244 4591 346 4643 καὶ
377 4590 715 4643 ἐπεισελθεῖν
743 4590 856 4651 τοῖς
889 4588 989 4657 τῆς
1014 4588 1216 4657 ἀρετῆς
1249 4588 1450 4653 πόνοις,
1481 4589 1576 4642 καὶ
1606 4605 1811 4655 συγκα-

244 4684 539 4750 τασπεῖραι
566 4678 643 4749 τῷ
669 4679 799 4747 σίτῳ
814 4678 882 4731 τά
902 4678 1092 4731 ἑαυτοῦ
1121 4677 1355 4741 ζιζάνια,
1384 4679 1645 4749 λοιδορίαν
1675 4679 1817 4747 λέγω

245 4773 343 4825 καὶ
374 4771 544 4841 τῦφον
576 4772 671 4824 καὶ
720 4770 1025 4835 κενοδοξίαν
1067 4771 1162 4823 καὶ
1194 4771 1356 4840 τιμῆς
1394 4771 1685 4839 ἐπιθυμίαν
1727 4772 1819 4825 καὶ

247 4865 368 4935 ἔριν
402 4867 495 4918 καὶ
520 4864 588 4917 τά
607 4864 771 4917 λοιπά
784 4864 884 4933 τῆς
904 4864 1103 4928 κακίας
1127 4864 1602 4934 δημιουργήματα.
1630 4866 1711 4919 δεῖ
1723 4862 1815 4919 οὖν

246 4955 613 5025 ἐγρηγορέναι
644 4954 737 5006 καὶ
762 4956 949 5023 τηρεῖν
980 4951 1242 5006 πάντοθεν
1270 4953 1360 5005 τὸν
1390 4953 1597 5024 ἐχθρόν,
1646 4956 1814 5021 ὅπως,

244 5043 353 5097 κᾶν
380 5042 664 5114 προσϐάλῃ
684 5042 805 5095 τινά
851 5043 1095 5111 μηχανὴν
1126 5043 1215 5093 ὑπ’
1242 5043 1642 5113 ἀναισχυντίας,
1693 5046 1820 5115 πρὶν

246 5134 487 5202 ἅψασθαι
533 5134 635 5203 τῆς
681 5133 880 5203 ψυχῆς,
930 5133 1393 5202 ἀποκρούσασθαι.
1455 5136 1819 5205 μνημονεύετε

243 5227 303 5281 δέ
329 5244 420 5296 μοι
450 5226 689 5295 συνεχῶς
706 5224 1083 5287 κάκείνων,ὅτι
1102 5223 1261 5276 Ἀϐελ
1298 5225 1394 5293 μὲν
1418 5226 1720 5295 προσέφερε
1743 5229 1819 5298 τῷ

247 5318 360 5388 θεῷ
385 5319 576 5371 Θυσίαν
607 5318 713 5371 ἀπὸ
744 5315 1108 5386 πρωτοτόκων
1126 5314 1413 5386 προϐάτων
1438 5316 1530 5369 καὶ
1560 5318 1817 5385 πεάτων,

1919 4595 2185 4649 criﬁcium
2232 4594 2301 4650 de
2349 4594 2610 4665 primitiis
2662 4594 2847 4649 ovium
2895 4601 2952 4649 et
3000 4592 3222 4661 adipum
3267 4587 3488 4651 obtulit,

1917 4687 2049 4741 Cain
2078 4702 2210 4741 vero
2237 4687 2304 4741 de
2335 4686 2604 4741 fructibus
2635 4694 2835 4749 terrae,
2865 4683 2963 4739 sed
2993 4699 3103 4738 non
3133 4682 3202 4737 de
3233 4678 3491 4751 primitiis

1916 4780 2214 4833 fructuum.
2236 4779 2304 4833 Et
2321 4779 2544 4847 respexit
2587 4776 2787 4846 inquit,
2809 4774 2950 4829 Deus
2972 4773 3040 4827 ad
3056 4770 3319 4838 sacriﬁcia
3338 4768 3489 4832 Abel,

1921 4870 1989 4922 ad
2014 4886 2234 4923 munera
2257 4868 2390 4924 Cain
2417 4876 2595 4922 autem
2623 4883 2728 4921 non
2770 4867 2996 4937 respexit
3014 4863 3114 4935 (l).
3137 4862 3290 4929 Quae
3324 4860 3493 4930 igitur

1923 4960 2183 5015 historiae
2216 4960 2457 5015 utilitas?
2501 4960 2762 5025 Diseitur,
2796 4973 2959 5027 quam
2992 4957 3355 5026 beneplacens
3382 4954 3494 5009 Deo

1922 5067 2084 5107 omne
2132 5053 2221 5115 sit,
2261 5052 2405 5121 quod
2436 5068 2560 5106 cum
2592 5053 2786 5107 timore
2820 5059 2877 5105 et
2916 5050 3022 5105 (ide
3054 5049 3132 5113 ﬁt,
3161 5062 3338 5117 neque
3364 5061 3495 5101 vero

1924 5140 1979 5193 id
2017 5140 2161 5210 quod
2193 5150 2508 5211 sumptuose
2542 5142 2657 5195 sine
2690 5156 2876 5196 amore
2916 5140 3217 5210 perﬁcitur.
3256 5137 3368 5192 Nec
3399 5136 3496 5190 ali-

1925 5241 2009 5286 ter
2042 5233 2312 5285 Abraham
2354 5248 2384 5286 a
2425 5233 2823 5287 Melchisedech
2866 5231 3304 5287 benedictionem
3342 5242 3495 5282 acce-

1924 5321 2023 5391 pit,
2056 5323 2159 5376 nisi
2190 5324 2353 5377 etiam
2384 5325 2650 5393 primitias
2673 5333 2729 5380 et
2752 5325 2932 5396 opima
2958 5323 3195 5379 offerens
3224 5318 3492 5375 sacerdoti

1507 5433 1760 5489 VARIAE
1802 5436 2091 5493 LECTION
2100 5440 2199 5494 ES.

358 5526 376 5558 ¹
403 5522 592 5610 )υ(ξο(1.
624 5520 955 5610 κατξϐέελλῃι
985 5519 1284 5610 :“lCod.
1625 5523 1767 5610 ῖς)
1798 5524 1933 5606 C'od.
1977 5528 2255 5610 ἑπόμενος.
2276 5561 2341 5570 -
2374 5529 2608 5601 δ)(]οιϊ.,
2646 5530 2768 5610 cod.
2798 5530 2980 5610 ἔχειν.
3045 5561 3112 5571 -
3153 5530 3199 5602 ⁸)
3234 5528 3490 5595 Emend.,

249 5596 375 5652 cod.
406 5590 587 5656 ἀλλος.
628 5621 696 5630 --
727 5593 768 5659 ⁸)
798 5590 933 5645 (2on
983 5590 1181 5643 ὃπλων.
1220 5620 1288 5629 -
1313 5591 1356 5659 ⁷)
1407 5594 1454 5643 εἰ
1508 5607 1615 5646 οιη.
1663 5590 1941 5661 librarius,
1982 5590 2095 5653 sed.
2144 5590 2227 5653 ni.
2257 5590 2408 5655 corr:
2444 5590 2610 5669 supra
2645 5590 2925 5655 ἀείδει-[οἰ.

1756 5712 2005 5772 NOTAE.

327 5782 405 5854 (ί)
449 5785 641 5839 (lenes.
678 5779 764 5844 ιν,
798 5780 849 5833 4.
