4266 6356
738 312 835 373 431

2009 318 2063 372 S.
2107 318 2388 375 MACARII
2425 320 2741 375 AEGYPTII

743 428 839 482 Dei
869 426 975 499 (1);
1005 427 1185 497 opima
1216 436 1397 483 autem
1442 429 1577 484 dicit
1600 439 1655 485 et
1694 432 1960 501 primitias
1986 433 2317 487 substantia-
2345 435 2428 497 Al

2312 464 2317 474 -
2345 443 2389 497 Α
2409 435 2541 492 Κάῖν
2559 436 2614 489 δέ
2640 437 2747 488 ἀπὸ
2770 436 2998 504 καρπῶν
3016 436 3113 504 τῆς
3132 435 3255 502 γῆς,
3288 434 3400 485 ἀλλ’
3426 434 3527 484 οὐκ
3560 431 3668 484 ἀπὸ
3698 430 3809 483 τῶν
3832 430 3997 502 πρώ-

745 536 867 574 rum
915 520 1085 589 ipsam
1132 520 1370 574 animam
1412 530 1467 576 et
1515 522 1687 592 ipsam
1730 533 2000 588 mentem,
2047 526 2321 593 imperans

744 610 923 673 nobis,
958 626 1027 664 ne
1068 611 1491 679 pusillanimiter
1534 613 1877 669 immolemus
1906 616 2017 669 Deo
2046 615 2235 669 laudes
2264 625 2321 671 et

744 717 969 769 preces,
1019 717 1195 770 neque
1229 703 1391 757 obvia
1436 721 1686 774 quaeque
1727 707 1957 760 Domino
2003 706 2315 770 offeramus,

744 793 840 847 sed
872 792 1015 861 quod
1050 795 1317 863 optimum
1352 804 1436 850 est
1468 798 1700 862 animae,
1736 799 1900 853 immo
1932 799 2113 867 potius
2144 799 2313 868 ipsam

746 892 912 937 totam
964 884 1180 938 tradere
1225 900 1349 938 cum
1397 887 1545 941 omni
1594 904 1777 942 amore
1820 899 1875 943 et
1926 890 2222 944 alacritate.
2258 898 2317 943 ut

744 990 959 1043 semper
985 975 1178 1029 nutriti
1201 975 1438 1047 Spiritus
1468 981 1659 1051 gratia,
1683 990 1737 1034 et
1764 981 2044 1045 virtutem,
2081 998 2218 1051 quae
2250 987 2318 1035 ex

743 1065 963 1121 Christo
996 1077 1099 1133 est,
1138 1080 1480 1125 assumentes
1503 1071 1753 1141 expedite
1783 1087 2071 1126 curramus
2095 1088 2317 1126 cursum

746 1158 958 1220 salutis,
997 1175 1234 1229 eumque
1273 1162 1487 1215 facilem
1517 1172 1572 1215 et
1604 1178 1824 1217 suavem
1859 1163 2166 1226 reddamus,
2195 1180 2321 1217 cur-

748 1265 867 1302 sum
896 1251 1107 1305 scilicet
1130 1253 1387 1314 iustitiae,
1418 1253 1719 1322 opitulante
1755 1254 1911 1307 nobis
1934 1255 2046 1308 Deo
2077 1255 2143 1307 ad
2174 1255 2320 1308 Iaho-

752 1357 873 1394 rum
900 1344 1163 1408 studium,
1200 1355 1254 1398 et
1276 1344 1589 1414 perficiente
1618 1362 1713 1415 per
1739 1361 1838 1399 nos
1860 1346 2105 1415 justitiae
2134 1363 2315 1415 opera.

2418 543 2527 580 των
2555 528 2800 597 καρπῶν.
2832 529 2928 579 καὶ
2954 526 3170 587 ἐπεῖδε,
3207 526 3361 593 φησί,
3389 527 3420 575 ό
3447 525 3577 587 θεὸς
3607 522 3700 574 ἐπὶ
3729 521 3863 583 ταῖς
3889 526 4001 573 0v-

2419 619 2584 681 σίαις
2616 613 2920 677 τοῦἊϐελ,
2960 616 3057 669 ἐπὶ
3094 616 3161 667 δὲ
3194 616 3319 680 τοῖς
3356 614 3563 679 δώροις
3598 612 3703 664 τοῦ
3730 612 3877 663 Κάῖν
3922 613 4001 664 οὐ

2417 706 2739 771 προσέσχε.
2771 707 2823 758 τί
2860 705 3037 757 τοίνυν
3080 706 3176 774 τῆς
3220 704 3462 773 ἱστορίας
3504 702 3565 754 τὸ
3624 702 3857 770 κέρδοςζ
3911 702 4000 751 ὅτι

2418 794 2536 845 ἔστι
2556 793 2766 862 μαθεῖν,
2784 793 2859 855 ὡς
2881 793 3173 862 εὐάρεστον
3196 792 3275 860 τῷ
3296 791 3402 861 θεῷ
3427 788 3766 860 πάντοτε[τδ]
3785 790 3826 851 ί)
3852 790 3999 856 μετά

2422 886 2592 955 φόϐου
2626 888 2717 939 καὶ
2766 886 3020 947 πίστεως,
3056 887 3116 937 ού
3165 885 3225 937 τὸ
3255 884 3557 945 πολυτελῶς
3597 884 3726 936 ἄνευ
3767 884 4002 949 ἀγάπης

2422 980 2721 1048 γινόμενον.
2750 977 2871 1030 οὐδὲ
2899 975 3145 1049 Ἀϐραὰμ
3165 978 3313 1046 παρὰ
3339 975 3429 1028 to?
3453 974 3784 1041 Μελχισεδὲκ
3817 974 4003 1035 ἄλλως

2424 1069 2639 1135 ἐδέξατο
2662 1068 2760 1139 τὴν
2793 1068 3063 1135 εὐλογίαν,
3099 1067 3235 1119 ἀλλά
3269 1067 3479 1129 καὶτὰς
3507 1067 3759 1134 ἀπαρχάς
3791 1070 3883 1117 >·αἰ
3929 1068 4005 1118 τά

2423 1162 2609 1233 καίρια
2635 1161 3007 1231 προσενέγκας
3033 1160 3111 1228 τῷ
3146 1161 3279 1229 ἱερεῖ
3314 1160 3405 1211 τοῦ
3448 1158 3595 1210 θεοῦ’
3620 1159 3686 1210 τά
3722 1158 3913 1227 καίρια
3944 1158 4004 1209 δὲ

2428 1252 2578 1320 λέγει
2610 1252 2702 1304 καὶ
2741 1250 2809 1301 τά
2838 1248 3121 1318 ἀκροθίνια
3166 1250 3272 1299 τῶν
3316 1248 3666 1316 ὑπαρχόντων
3698 1246 3868 1312 αὐτὴν

2423 1344 2600 1413 ψυχὴν
2619 1344 2711 1395 καὶ
2726 1343 2817 1394 τὸν
2846 1340 2967 1393 νοῦν
2987 1342 3167 1402 αὐτόν,
3192 1340 3429 1391 κελεύων
3450 1342 3494 1406 ²)
3526 1340 3675 1405 ἡμῖν,
3702 1336 3776 1406 μὴ
3802 1353 4004 1405 μικρο-

750 1435 978 1501 πρεπῶς
1030 1436 1174 1488 θύειν
1226 1437 1303 1505 τῷ
1345 1435 1451 1505 θεῴ
1486 1436 1585 1499 τὰς
1632 1436 1866 1498 αἰνέσεις
1906 1438 1998 1489 καὶ
2042 1438 2140 1499 τὰς
2174 1438 2357 1506 εὐχάς,
2401 1434 2534 1504 μηδέ
2564 1434 2604 1501 ³)
2635 1433 2702 1483 τά
2730 1430 2961 1499 τυχόντα
3000 1429 3078 1497 τῷ
3105 1428 3337 1498 δεσπότῃ
3373 1428 3689 1496 προσάγειν,
3719 1425 3833 1477 ἀλλ’
3868 1426 3924 1476 εἴ
3950 1443 4006 1476 τι

751 1526 968 1595 καίριον
996 1530 1093 1597 τῆς
1122 1528 1321 1599 ψυχῆς,
1357 1530 1556 1599 μᾶλλον
1607 1530 1664 1582 δὲ
1714 1530 1884 1600 αὐτὴν
1924 1530 2051 1600 ὅλην
2084 1531 2393 1583 ἀνατιθέναι
2438 1528 2573 1597 με,τά
2608 1529 2786 1594 πάσης
2816 1525 3037 1593 ἀγάπης
3066 1526 3157 1575 καὶ
3188 1523 3518 1592 προθυμίας,
3558 1522 3706 1583 ὅπως
3741 1522 3827 1572 ἀεὶ
3869 1536 4003 1587 τρε-

754 1618 977 1686 φόμενοι
1000 1622 1064 1688 τῇ
1089 1620 1181 1671 τοῦ
1216 1623 1520 1690 πνεύματος
1543 1623 1723 1691 χάριτι.
1750 1625 1842 1676 καὶ
1875 1624 2102 1691 δύναμιν
2129 1623 2227 1691 τὴν
2262 1625 2324 1674 ἐκ
2363 1622 2457 1674 τοῦ
2523 1618 2761 1689 Χριστοῦ
2821 1616 3352 1686 προσλαμϐάνοντες,
3398 1614 3685 1684 τρέχωμεν
3711 1614 3752 1679 ⁸)
3800 1611 4006 1681 ῥαδίως

752 1710 844 1762 τὸν
873 1714 1140 1783 σωτηρίου
1172 1715 1214 1777 ⁵)
1254 1716 1471 1785 δρόμον,
1516 1717 1716 1783 κοῦφον
1767 1718 1861 1769 καὶ
1900 1718 2027 1786 ἡδὺν
2093 1717 2392 1780 ποιοῦντες,
2428 1718 2517 1769 τὸν
2554 1715 2693 1784 ὑπὲρ
2726 1714 2823 1780 τῆς
2860 1710 3222 1779 δικαιοσύνης,
3252 1708 3839 1775 σ·.›ναντιλαμ6άνοντος
3869 1708 4008 1777 ἡμῖν

754 1800 860 1853 τοῦ
901 1801 1024 1854 θεοῦ
1066 1805 1199 1872 πρὸς
1232 1806 1329 1874 τὴν
1367 1808 1475 1859 τῶν
1506 1809 1682 1860 πόνων
1709 1809 1965 1880 σπουδήν,
1994 1811 2089 1863 καὶ
2139 1810 2527 1871 ἀποτελοῦντος
2556 1807 2629 1860 δι’
2662 1805 2817 1876 ἡμῶν
2837 1804 2904 1856 τὰ
2938 1805 3034 1873 τῆς
3066 1802 3409 1872 δικαιοσύνης
3444 1801 3597 1869 ἐργα-

826 1894 894 1948 Et
923 1896 1057 1949 haec
1078 1897 1301 1964 quidem
1326 1898 1609 1953 hactenus.
1639 1902 1713 1954 De
1737 1902 1956 1956 virtutis
1980 1913 2159 1957 autem
2196 1919 2321 1972 par-
2356 1909 2398 1964 Β

756 1985 923 2049 tibus,
957 2003 1221 2055 quaenam
1256 1989 1449 2050 melior
1490 1991 1560 2045 sit
1592 1992 1949 2047 existimanda
1977 2004 2032 2047 et
2062 2010 2188 2064 prae
2231 2011 2325 2047 ee-

758 2077 894 2130 teris
936 2080 1256 2146 expetenda,
1296 2092 1563 2150 quaenam
1611 2091 1734 2152 post
1782 2101 1902 2138 eam
1947 2086 2219 2148 secunda,
2274 2094 2330 2138 et

758 2178 973 2223 ceterae
1010 2170 1269 2241 deinceps
1310 2174 1575 2244 singulae,
1609 2176 1717 2230 dici
1764 2177 1971 2245 nequit.
2002 2177 2164 2249 214
2195 2178 2329 2231 Nam

760 2260 877 2327 pari
905 2261 1111 2315 honore
1144 2263 1286 2317 inter
1323 2279 1379 2318 se
1422 2274 1569 2330 sunt,
1601 2274 1657 2319 et
1692 2267 1925 2321 invicem
1960 2272 2234 2324 studiosos
2263 2270 2331 2323 ad

761 2350 1038 2421 fastigium
1076 2352 1303 2408 ducunt.
1348 2355 1563 2409 Etenim
1604 2358 1925 2427 simplicitas
1957 2361 2024 2414 ad
2065 2362 2332 2415 obedien-

762 2441 896 2494 tiam
932 2443 1204 2513 perducit,
1231 2444 1543 2499 obedieutia
1580 2448 1647 2500 ad
1672 2448 1830 2502 fidem
1852 2490 1865 2513 ,
1896 2448 2028 2503 fides
2058 2451 2124 2504 ad
2160 2466 2330 2520 spem,

760 2547 886 2601 spes
924 2533 989 2586 ad
1018 2534 1498 2601 ministrationem,
1541 2546 1598 2591 et
1641 2539 1776 2593 haec
1820 2540 1885 2593 ad
1934 2542 2332 2608 humilitatem;

763 2638 793 2676 ιι
820 2639 925 2692 qua
955 2627 1318 2680 mansuetudo
1342 2628 1622 2697 excipiens
1651 2630 1719 2683 ad
1748 2632 2006 2701 gaudium
2054 2632 2332 2701 perducit,

763 2715 1017 2782 gaudium
1060 2717 1125 2769 ad
1153 2719 1455 2780 caritatem,
1490 2721 1689 2774 caritas
1717 2722 1783 2775 ad
1818 2722 2145 2785 orationem,
2177 2733 2233 2777 et
2265 2724 2337 2776 ita

766 2817 957 2862 mutuo
980 2808 1264 2863 devinctae
1285 2820 1341 2864 et
1366 2812 1737 2866 dcvincientes
1762 2829 1907 2876 cum,
1931 2815 2022 2881 qui
2045 2830 2138 2867 cas
2164 2815 2337 2882 possi-

766 2896 879 2959 det,
906 2898 971 2950 ad
996 2897 1171 2967 ipsum
1211 2901 1521 2968 perducunt
1552 2902 1631 2955 rei
1661 2902 1999 2957 desideratae
2028 2904 2335 2973 fastigium:

769 2989 915 3043 sicut
948 3004 978 3043 e
1000 2992 1277 3045 contrario
1310 2993 1554 3062 nequitia
1584 3010 1710 3047 suos
1745 2996 1948 3049 amicos
1970 3012 2067 3064 per
2096 2997 2341 3065 proprias

770 3080 944 3148 ipsius
966 3090 1152 3149 partes
1182 3081 1249 3135 ad
1282 3093 1585 3137 extremam
1612 3086 1871 3139 malitiam
1904 3087 2144 3141 deducit.
2172 3087 2343 3156 Opor-

773 3178 853 3224 tet
888 3180 1067 3225 autem
1090 3187 1187 3225 vos
1210 3175 1382 3242 magis
1408 3176 1643 3229 orationi
1669 3192 1885 3245 operam
1912 3194 2127 3231 navare.
2156 3178 2340 3247 Siqui-

2496 1903 2605 1954 Καὶ
2636 1899 2807 1952 ταῦτα
2841 1898 2936 1967 μὲν
2991 1896 3153 1966 μέχρι
3200 1895 3410 1948 τούτου.
3461 1895 3589 1963 περὶ
3636 1895 3692 1946 δὲ
3742 1893 3850 1946 τῶν
3900 1894 4005 1961 τῆς

2428 1994 2629 2064 ἀρετῆς
2662 1991 2863 2062 μερῶν,
2896 1992 3045 2041 ποῖον
3088 1989 3167 2040 δεῖ
3200 1991 3445 2056 κρεῖττον
3487 1987 3737 2056 ἡγεῖσθαι
3770 1988 3863 2039 καὶ
3895 1988 4007 2055 πρὸ

2428 2087 2534 2138 τῶν
2560 2086 2733 2139 ἄλλων
2758 2082 3122 2149 ἐπιτηδεύειν,
3147 2083 3298 2132 ποῖον
3326 2080 3379 2132 δέ
3398 2079 3587 2131 τούτου
3611 2078 3885 2147 δεύτερον,
3910 2078 4007 2129 καὶ

2428 2177 2496 2229 τὰ
2548 2176 2681 2228 ἄλλα
2734 2174 2933 2242 ἐφεξῆς
2986 2173 3108 2226 καθ’
3161 2172 3409 2234 ἕκαστον,
3452 2172 3551 2223 οὐκ
3604 2171 3752 2222 ἐστιν
3800 2171 4003 2222 εἰπεῖν.

2430 2269 2670 2337 ἀλλήλων
2694 2266 2803 2335 γάρ
2833 2265 3105 2334 ὁμοτίμως
3137 2263 3370 2331 ἔχονται,
3404 2263 3497 2314 καὶ
3527 2262 3596 2314 δι’
3635 2254 3882 2331 ἀλλήλων
3909 2262 4009 2312 ἐπὶ

2430 2361 2529 2429 τὴν
2574 2357 2813 2429 κορυφὴν
2840 2356 2963 2417 τοὺς
2993 2355 3304 2423 χρωμένους
3336 2353 3652 2421 ἀνάγουσιν.
3693 2355 3725 2421 ἡ
3773 2352 3871 2420 μὲν
3898 2351 4011 2418 γάρ

2436 2452 2667 2520 ἁπλότης
2713 2452 2777 2516 τῇ
2826 2450 3039 2515 ὑπακοῇ
3086 2444 3488 2515 παραδίδωσιν,
3536 2444 3652 2513 ἠδὲ
3692 2443 3906 2511 ὑπακοὴ
3940 2445 4009 2510 τῇ

2435 2544 2636 2601 πίστει,
2676 2541 2812 2609 αῦτη
2846 2542 2887 2609 ‘)
2929 2540 2983 2591 δὲ
3019 2542 3083 2608 τῇ
3117 2538 3315 2599 ἐλπίδι,
3342 2537 3431 2588 καὶ
3465 2538 3497 2604 ἡ
3528 2535 3679 2595 ἐλπὶς
3716 2537 3781 2603 τῇ
3821 2535 4009 2585 διακο-

2436 2635 2540 2703 νίᾳ,
2598 2633 2823 2702 κάκείνη
2878 2634 2942 2700 τῇ
2990 2629 3358 2696 ταπεινότητι,
3413 2628 3565 2696 παρὰ
3616 2625 3671 2677 δὲ
3722 2625 3925 2694 ταύτης
3976 2626 4009 2693 ἡ

2435 2721 2677 2790 πραότης
2709 2718 3207 2787 παραλαμϐάνουσα
3244 2718 3309 2785 τῇ
3359 2718 3503 2785 χαρᾷ
3550 2715 3834 2785 προσάγει,
3874 2716 3907 2783 ἡ
3956 2714 4013 2765 δέ

2439 2813 2581 2881 χαρά
2627 2815 2691 2879 τῇ
2724 2812 2934 2880 ἀγάπῃ,
2974 2809 3130 2877 καὶὴ
3169 2808 3358 2875 ἀγάπη
3386 2810 3452 2875 τῇ
3501 2808 3654 2874 εὐχῇ,
3701 2809 3794 2858 καὶ
3836 2805 4015 2867 οὕτως

2436 2902 2680 2971 ἀλλήλων
2714 2901 3074 2969 ἐξηρτημέναι
3099 2901 3193 2950 καὶ
3219 2898 3585 2968 ἐξαρτήσασαι
3614 2897 3705 2949 τὸν
3734 2898 4014 2966 ἐχόμενον,

2438 2997 2524 3047 ἐπ’
2572 2994 2743 3063 αὐτὴν
2787 2993 3048 3059 ἀνάγουσι
3090 2990 3183 3043 τοῦ
3213 2989 3547 3057 ποθουμένου
3588 2989 3685 3058 τὴν
3732 2990 4015 3058 κορυφήν·

2438 3085 2688 3152 καθάπερ
2714 3085 2808 3135 ἀπ’
2830 3083 3087 3137 ἐναντίων
3117 3084 3149 3151 ἡ
3179 3081 3412 3150 πονηρία
3445 3081 3569 3142 τοὺς
3599 3083 3795 3149 ἐαυτῆς
3828 3080 4019 3146 φίλους

2439 3176 2525 3227 διὰ
2555 3176 2661 3227 τῶν
2685 3175 2901 3226 οἰκείων
2935 3172 3104 3241 αὐτῆς
3144 3171 3326 3243 μερῶν
3357 3173 3449 3223 ἐπὶ
3482 3173 3578 3235 τὴν
3613 3171 3854 3239 ἐσχάτην
3886 3188 4021 3222 κατ-

775 3258 899 3313 dem
930 3276 993 3315 ea
1037 3261 1146 3315 dux
1183 3263 1452 3332 quaedam
1482 3274 1566 3319 est
1606 3266 1662 3319 in
1700 3267 1868 3319 choro
1893 3268 2179 3321 virtutum.
2231 3271 2332 3323 Per
2360 3266 2402 3321 C
2437 3268 2460 3320 ά

2360 3266 2402 3321 C
2437 3268 2557 3335 ἀγει
2587 3268 2801 3319 κακίαν.
2828 3265 2907 3317 δεῖ
2936 3265 2992 3317 δὲ
3027 3264 3170 3333 ὑμᾶς
3218 3263 3379 3316 πλέον
3418 3266 3483 3334 τῇ
3512 3264 3643 3333 εὐχῇ
3676 3281 4018 3333 προσκαρτε-

775 3364 937 3418 quam
958 3359 1013 3402 et
1036 3360 1245 3405 ceteras
1264 3350 1491 3406 virtutes
1508 3368 1535 3406 a
1559 3354 1667 3406 Deo
1690 3354 1941 3422 petimus,
1964 3363 2019 3407 ut
2036 3355 2345 3408 communio

776 3450 939 3509 atque
974 3442 1289 3496 coniunctio
1316 3442 1532 3507 existat,
1558 3459 1656 3512 per
1690 3445 1969 3513 mysticam
1999 3444 2345 3498 sanctitatem

777 3542 834 3585 et
856 3532 1193 3601 spiritualcm
1216 3534 1488 3602 quandam
1517 3537 1892 3604 operationem
1929 3547 1984 3589 et
2019 3536 2347 3589 ineil‘abilem

778 3621 1229 3690 dispositionem,
1274 3625 1395 3677 eius
1444 3624 1537 3692 qui
1593 3625 1649 3676 in
1705 3625 2003 3677 orationem
2058 3625 2343 3679 incumbit.

781 3714 1017 3783 Spiritus
1049 3715 1195 3768 enim
1241 3715 1366 3768 inde
1395 3715 1588 3769 ducem
1623 3723 1677 3769 et
1704 3716 1929 3769 militiae
1958 3716 2166 3769 socium
2199 3732 2348 3770 assu-

781 3820 935 3858 mens
959 3805 1269 3858 incenditur
1307 3805 1375 3858 ad
1410 3806 1622 3859 Domini
1665 3822 1945 3869 amorem,
1973 3815 2027 3861 et
2067 3808 2224 3861 ardet
2249 3808 2348 3861 de-

780 3897 1004 3959 siderio,
1029 3897 1304 3950 fastidium
1327 3897 1591 3951 orationis
1622 3913 1729 3953 non
1767 3898 2071 3963 inveniens,
2098 3899 2192 3953 sed
2212 3916 2353 3953 sem-

783 4002 878 4055 per
910 3987 976 4040 ad
1004 4003 1247 4041 amorem
1282 3986 1410 4040 boni
1456 3988 1821 4043 inilannnatus
1860 3997 1916 4042 et
1956 3992 2192 4043 animam
2236 3991 2352 4043 ala-

782 4078 979 4132 critate
1016 4079 1366 4148 refrigerans,
1394 4080 1536 4132 sicut
1563 4078 1765 4131 dictqu
1799 4091 1882 4132 est
1907 4098 1918 4131 :
1943 4078 2041 4143 Qui
2065 4080 2219 4132 edunt
2253 4097 2351 4144 me,

786 4174 954 4225 adhuc
982 4175 1230 4238 esuriem,
1260 4183 1307 4227 et
1332 4175 1421 4243 qui
1447 4173 1622 4227 bibunt
1662 4191 1761 4237 me,
1786 4176 1952 4227 adhuc
1980 4177 2151 4227 sitient
2171 4174 2266 4243 (ἓ),
2300 4185 2357 4230 et

785 4263 915 4317 alibi
948 4281 959 4316 :
996 4264 1193 4317 Dedisti
1224 4265 1479 4318 laetitiam
1521 4267 1579 4317 in
1608 4266 1760 4318 corde
1812 4282 1925 4318 meo
1953 4264 2052 4334 (3),
2092 4274 2147 4319 et
2172 4266 2356 4319 Domi-

785 4370 925 4409 nus:
964 4355 1198 4426 Regnum
1242 4357 1504 4409 coclorum
1549 4360 1692 4410 intra
1724 4373 1811 4410 vos
1853 4365 1925 4409 est
1949 4356 2043 4427 (4).
2074 4355 2358 4421 Quodnam

788 4460 1013 4515 regnum
1038 4448 1171 4500 dicit
1194 4448 1334 4502 intra
1358 4462 1455 4500 nos
1482 4462 1623 4511 esse,
1656 4448 1760 4500 nisi
1784 4448 2004 4501 omnino
2028 4446 2170 4499 illam
2194 4446 2358 4501 desu-

790 4551 888 4605 per
942 4553 1040 4606 per
1108 4538 1371 4607 Spiritum
1429 4538 1661 4591 infusam
1714 4539 1998 4592 animabus
2060 4538 2359 4591 laetitiam?

2447 3359 2578 3428 ρεῖν.
2625 3351 2735 3408 οἷον
2760 3355 2867 3425 γὰρ
2902 3356 3192 3426 κορυφαῖός
3240 3372 3323 3417 τις
3363 3353 3439 3424 τῷ
3480 3352 3624 3423 χορῴ
3673 3353 3781 3404 τῶν
3809 3353 4019 3422 ἀρετῶν

2447 3445 2584 3515 αὐτὴ
2610 3446 2885 3514 τυγχάνει“
2931 3446 2997 3498 δι’
3034 3440 3101 3515 ἧς
3134 3445 3229 3498 καὶ
3258 3446 3357 3507 τὰς
3390 3444 3580 3505 λοιπάς
3610 3444 3808 3513 ἀρετάς
3837 3444 4021 3495 αἰτού-

2451 3535 2590 3604 μεθα
2629 3535 2779 3605 παρά
2819 3534 2910 3586 τοῦ
2952 3535 3097 3596 θεοῦ,
3149 3535 3225 3596 ῶς
3264 3536 3514 3585 κοινωνεῖ
3545 3535 3639 3585 καὶ
3690 3532 4019 3585 συνάπτεται

2448 3626 2511 3677 δι’
2534 3626 2820 3694 ἁγιότητος
2862 3627 3128 3694 μυστικῆς
3161 3627 3254 3677 καὶ
3288 3624 3664 3693 πνευματικῆς
3696 3641 3837 3686 τινος
3864 3624 4019 3691 ἐνερ-

2449 3717 2601 3784 γείας
2618 3704 3011 3776 καὶδιαθέσεως
3028 3717 3266 3785 ἀρρήτου
3283 3718 3309 3768 ὁ
3326 3718 3390 3784 τῇ
3411 3716 3541 3784 εὐχῇ
3568 3732 3877 3785 προσκαρτε
3888 3715 4018 3784 ρῶν.

2448 3808 2509 3858 τὸ
2539 3807 2647 3877 γάρ
2677 3807 2892 3875 πνεῦμα
2920 3806 3093 3859 λαϐὼν
3125 3806 3373 3858 ἐντεῦθεν
3400 3806 3591 3873 ὁδηγὸν
3621 3807 3715 3858 καὶ
3734 3807 4023 3875 σύμμαχον

2453 3897 2708 3964 φλέγεται
2756 3898 2889 3967 πρὸς
2910 3897 3006 3965 τὴν
3035 3896 3126 3948 τοῦ
3170 3898 3359 3967 κυρίου
3393 3898 3635 3966 ἀγάπην,
3677 3897 3770 3948 καὶ
3809 3896 3921 3958 ζέει
3948 3896 4023 3964 τῷ

2454 3987 2626 4054 πόθῳ,
2660 3988 2821 4055 κόρον
2858 3988 2955 4055 τῆς
2988 3988 3152 4056 εὑχῆς
3184 3989 3278 4055 οὐχ
3305 3988 3595 4058 εὑρίσκων,
3621 3987 3735 4039 ἀλλ’
3771 3989 3858 4040 ἀεὶ
3890 3988 4022 4057 πρὸς

2455 4078 2544 4129 τὸν
2592 4078 2768 4147 ἔρωτα
2811 4076 2903 4128 τοῦ
2935 4076 3139 4143 ἀγαθοῦ
3185 4079 3560 4146 ἐκκαιόμενος,
3598 4077 3690 4129 καὶ
3731 4077 3908 4147 ἄρδων
3954 4080 4018 4145 τῇ

2456 4168 2730 4237 προθυμίᾳ
2752 4168 2850 4237 τὴν
2887 4166 3085 4235 ψυχήν,
3128 4166 3307 4229 καθὼς
3340 4168 3552 4238 εἴρηται
3572 4186 3585 4198 ·
3616 4170 3668 4220 οἱ
3703 4167 4017 4235 τρώγοντές

2451 4277 2526 4327 με
2547 4260 2632 4312 ἔτι
2660 4258 3039 4317 πεινάσουσι,
3064 4259 3158 4311 καὶ
3184 4263 3235 4312 οι
3268 4258 3547 4322 πίνοντές
3575 4260 3616 4325 ⁷)
3646 4274 3722 4325 με
3737 4259 3823 4310 ἐτι
3846 4256 4025 4324 διψή-

2458 4363 2662 4403 σουσι.
2695 4348 2789 4400 καὶ
2829 4347 3061 4416 ἀλλαχοῦ
3087 4363 3099 4376 ·
3130 4347 3353 4412 ἔδωκας
3383 4348 3771 4414 εὐφροσύνην
3790 4350 3875 4411 είς
3914 4346 4025 4413 τὴν

2459 4436 2706 4502 καρδίαν
2726 4453 2863 4503 μου.
2902 4437 3040 4487 καὶὸ
3068 4435 3254 4504 κύριος
3278 4452 3291 4465 ·
3318 4438 3355 4502 1‘)
3390 4436 3667 4490 ϐασιλεία
3706 4434 3822 4487 τῶν
3852 4437 4025 4501 οὐρα-

2460 4526 2582 4578 νῶν
2602 4526 2774 4591 ἐντὸς
2800 4525 2967 4594 ὑμῶν
2985 4527 3134 4578 ἐστι.
3164 4527 3284 4578 τίνα
3312 4527 3369 4578 δέ
3396 4526 3540 4593 λέγει
3571 4526 3843 4595 βασιλείαν
3879 4527 4025 4588 ἐντὸς

791 4598 1096 4681 Haecenim
1114 4598 1197 4683 est
1221 4638 1279 4682 ut
1295 4630 1429 4683 illud
1455 4640 1511 4683 et
1530 4631 1840 4697 exemplum
1862 4638 1917 4681 et
1933 4630 2129 4698 pignus
2152 4630 2358 4682 aeterni
2392 4598 2435 4651 Β
2465 4625 2476 4670 1

2344 4630 2358 4681 ί
2392 4598 2435 4651 D
2465 4617 2621 4687 ἡμῶν
2650 4612 2807 4681 εἶναι,
2837 4617 2869 4686 ἢ
2898 4617 3113 4679 πάντως
3134 4621 3231 4686 την
3263 4618 3467 4670 ἄνωθεν
3489 4618 3573 4669 διὰ
3596 4619 3689 4670 τοῦ
3722 4617 4024 4686 πνεύματος

793 4718 996 4786 gaudii,
1021 4735 1131 4788 quo
1173 4728 1486 4773 sanctorum
1525 4720 1737 4773 animae
1772 4720 1826 4772 in
1866 4729 2099 4772 venturo
2136 4718 2353 4772 saeculo

792 4808 1170 4875 perfruuntur.
1220 4810 1545 4864 Consolatur
1602 4809 1768 4879 igitur
1812 4825 1913 4863 nos
1955 4810 2215 4863 Dominus
2256 4824 2356 4877 per

792 4901 1164 4966 operationem
1201 4901 1437 4969 Spiritus
1473 4902 1525 4955 in
1571 4902 1718 4954 omni
1767 4901 2115 4954 tribulatione
2148 4908 2354 4963 nostra,

794 4996 856 5039 ut
890 4989 1060 5041 salvet
1112 5005 1232 5052 nos,
1274 5000 1331 5043 et
1369 4989 1435 5043 de
1480 4989 1858 5057 spiritualibus
1897 4988 2054 5041 bonis
2090 4999 2149 5041 et
2192 4987 2364 5056 ipsius

794 5079 1143 5135 charismatis
1192 5081 1354 5136 nobis
1390 5081 1775 5136 communicet.
1821 5078 1925 5144 Qui
1962 5080 2129 5141 enim,
2166 5079 2364 5146 inquit,

2464 4709 2818 4778 ἐγγινομένην
2834 4711 2953 4769 ταῖς
2972 4708 3169 4776 ψυχαῖς
3191 4708 3529 4778 εὐφροσύνην
3550 4725 3563 4771 ;
3584 4708 3719 4777 αὕτη
3750 4710 3856 4777 γάρ
3882 4710 4025 4759 ἐστιν

2463 4800 2573 4855 οἷον
2610 4803 2800 4871 ἐκείνῳ
2827 4803 2870 4869 ⁸)
2902 4801 2993 4854 καὶ
3026 4802 3223 4870 δεῖγμα
3261 4803 3353 4852 καὶ
3395 4800 3649 4871 ἀρραϐὼν
3678 4801 3775 4869 τῆς
3811 4800 4023 4851 αἰωνίου

2468 4895 2661 4965 χαρᾶς,
2694 4890 2761 4965 ἦς
2792 4892 3153 4945 ἀπολαύουσιν
3181 4894 3236 4944 αἱ
3263 4892 3368 4944 τῶν
3399 4892 3566 4958 άγίων
3594 4892 3652 4942 ἐν
3682 4891 3758 4959 τῷ
3801 4892 4024 4960 προσδο-

2469 4986 2699 5054 κωμένῳ
2743 4984 2904 5036 αἰῶνι
2934 4984 3123 5052 ψυχαί.
3156 4983 3462 5052 παρακαλεῖ
3489 4977 3579 5034 οὖν
3610 4982 3753 5049 ἡμᾶς
3781 4984 3809 5032 ὁ
3843 4983 4024 5050 κύριος

2470 5077 2557 5129 διὰ
2583 5077 2679 5145 τῆς
2706 5076 2984 5145 ἐνεργείας
3013 5074 3105 5127 τοῦ
3130 5074 3434 5143 πνεύματος
3459 5074 3549 5124 ἐπὶ
3582 5073 3727 5142 πάσῃ
3760 5074 3826 5141 τῇ
3859 5071 4022 5138 θλίψει

2053 5232 2306 5287 VARIAE
2346 5229 2746 5284 LECTIONES.

874 5348 912 5417 ')
941 5349 1001 5399 τὸ
1027 5364 1135 5400 οιιι.
1173 5350 1317 5420 eod,
1348 5349 1532 5403 addidi
1562 5366 1628 5402 cx
1649 5348 1792 5420 coni.
1811 5346 1936 5413 κ’)
1966 5348 2143 5420 C_ori_'.,
2180 5346 2299 5399 cod.
2333 5348 2619 5420 eaedem.
2653 5345 2811 5420 ——__')_
2824 5344 3143 5420 Corr.,co_d.
3168 5344 3350 5420 Εηδὲ.
3383 5375 3453 5383 -
3475 5344 3516 5411 ⁸)
3548 5341 3737 5420 corr;
3763 5339 4023 5420 cod._tpé-

798 5407 982 5488 χομίεν.
1014 5449 1082 5457 —
1107 5420 1149 5489 ⁸)
1179 5407 1315 5473 Corr
1343 5461 1357 5480 ,
1386 5420 1509 5474 cod.
1554 5419 1833 5489 σωτηρίον.
1863 5407 1944 5457 -ίη
1977 5418 2021 5486 ⁸)
2063 5416 2241 5480 Corn,
2276 5416 2397 5469 cod.
2426 5416 2584 5484 αὑτὴ.
2615 5445 2685 5454 -
2707 5417 2751 5484 τ)
2774 5407 2955 5477 Corn,
2995 5415 3117 5467 eod.
3167 5407 3458 5476 πείνοντες.
3492 5407 3560 5451 ὲ-
3597 5410 3640 5482 “)
3685 5411 3775 5465 Sic
3813 5407 4023 5463 cod.—

2300 5551 2547 5607 NOTAE.

878 5648 955 5711 (Ι)
992 5647 1187 5700 Genes.
1222 5646 1359 5702 XIV.
1401 5648 1482 5699 18.

881 5712 955 5787 {2)
986 5716 1154 5771 Eccli.
1180 5716 1365 5781 xxw,
1397 5716 1486 5769 ιιι).

2550 5641 2627 5707 (3)
2662 5643 2859 5696 Psalm.
2882 5644 2967 5699 IV,
3002 5643 3051 5691 7.

2539 5715 2611 5782 (ei)
2652 5713 2780 5766 Luc.
2818 5713 2973 5766 XVII.
2998 5712 3083 5762 Ἡ,
