4266 6356
199 394 309 449 ιω
1646 402 2045 462 EPISTOLAE.
3353 408 3461 465 OM

198 506 384 579 ἡμῶν.
414 508 495 571 εις
518 508 581 562 τὸ
601 507 774 563 σῶσαι
803 509 896 562 καὶ
918 507 1242 578 μεταδοῦναι
1265 509 1375 563 τῶν
1407 514 1788 584 πνευματικῶν
1818 527 1856 575 Α

1773 534 1788 566 t
1818 527 1856 575 Α
1888 518 2196 573 consolatur
2215 536 2307 574 nos
2332 521 2385 575 in
2412 522 2556 575 omni
2589 520 2811 576 ueritate
2832 526 3033 584 nostra,
3061 527 3119 573 ut
3141 521 3394 590 possimus
3410 526 3458 572 et

195 596 422 665 ἀγαθῶν
452 600 549 662 καὶ
572 598 681 650 τῶν
709 599 906 652 ἑαυτοῦ
939 598 1313 669 χαρισμάτων.
1350 604 1383 654 ό
1419 604 1783 670 παρακαλῶν
1878 632 1880 639 ι

1767 624 1783 641 ι
1878 610 1979 678 ipsi
2007 610 2268 664 consolari
2287 629 2392 675 eos,
2424 614 2513 682 qui
2537 613 2593 665 in
2615 613 2757 665 omni
2786 627 3031 683 pressura
3058 619 3183 664 sunt
3213 610 3311 682 (1).
3350 608 3452 665 Et:

194 692 331 761 γάρ,
364 691 548 760 φησίν,
585 690 745 758 ἡμᾶς
766 692 863 743 ἐπὶ
901 690 1069 758 πάσῃ
1098 689 1172 757 τῇ
1201 692 1450 759 ἀληθείᾳ
1476 693 1664 761 ἡμῶν,
1690 697 1773 761 εις

1769 716 1773 754 ῖ
1879 698 1983 754 Cor
2025 719 2197 755 meum
2247 713 2297 757 et
2331 721 2455 757 caro
2482 721 2595 758 mea
2634 704 3001 758 exultauerunt
3054 705 3109 756 in
3164 702 3330 757 Deum
3377 705 3454 756 vi-

192 782 263 835 τὸ
289 782 587 837 δύνασθαι
615 778 775 849 ἡμᾶς
795 782 1165 849 παρακαλεῖν
1194 782 1335 847 τοὺς
1356 784 1426 836 ἐν
1452 784 1621 853 πάσῃ
1650 788 1768 839 θλί-
1876 816 1877 821 ι

1876 793 2107 864 uum(2).
2134 796 2201 849 Et
2225 813 2237 848 :
2263 795 2399 848 sicut
2428 794 2580 863 adipe
2609 802 2659 846 et
2677 790 2835 862 215
2863 792 3172 863 pinguedine
3190 791 3458 861 repleat”

193 878 323 943 ψει.
358 875 451 926 καῖ
474 891 489 905 ο
532 874 570 941 ὴ
594 874 807 943 καρδία
825 891 945 943 μου
964 874 1063 927 καὶ
1094 876 1132 941 ἠ
1160 874 1318 941 σάρξ
1343 892 1462 943 μου
1486 876 1775 944 ἠγαλλιά-

1773 908 1775 917 ι
1892 887 2073 939 anima
2100 902 2213 939 mea
2244 887 2341 957 (ὅ).
2367 885 2512 939 Haec
2543 885 2725 939 omnia
2750 885 3014 942 laetitiam
3044 894 3103 938 et
3131 884 3458 939 consolatio-

192 983 388 1019 σαντο
407 966 505 1018 ἐπὶ
538 965 677 1019 θεὸν
715 964 919 1026 ζῶντα.
964 964 1057 1017 καῖ
1080 982 1093 996 ·
1134 966 1277 1019 diae!
1315 968 1358 1032 ⁸)
1392 968 1645 1032 στέατος
1676 969 1773 1022 καὶ
1876 992 1877 995 η

1416 968 1645 1032 ι’τέατος
1676 969 1773 1022 καὶ
1876 990 2003 1029 nem
2028 993 2096 1031 ex
2134 977 2340 1047 Spiritu
2375 992 2472 1046 per
2503 977 2811 1046 aenigmata
2836 975 3101 1030 indicant.

191 1060 477 1125 πιότητος
500 1058 871 1126 ἐκπλησθείη
896 1058 941 1125 ¹)
974 1059 1012 1127 ὴ
1035 1057 1203 1128 ψυχή
1228 1075 1369 1128 μου.
1427 1059 1601 1114 ταῦτα
1653 1060 1831 1116 πάντα
1866 1066 1965 1138 τὴν
1998 1070 2062 1123 ἐκ
2101 1068 2192 1123 τοῦ
2236 1069 2547 1139 πνεύματος
2576 1067 2911 1140 εὐφροσύνην
2952 1066 3047 1119 καὶ
3110 1064 3459 1137 παράκλησιν

188 1150 264 1208 δι’
287 1147 628 1216 αἰνιγμάτων
650 1145 971 1215 παραδηλοῖ.

278 1237 500 1307 Ἐπειδὴ
545 1236 728 1289 τοίνυν
771 1235 1077 1300 δέδεικται,
1123 1234 1207 1298 τῖς
1257 1236 1287 1288 δ
1334 1235 1437 1305 τῆς
1485 1236 1766 1301 εὐσεϐείας
1939 1238 1963 1303 (

1939 1238 2118 1306 Quum
2155 1238 2322 1309 igitur
2350 1240 2782 1296 demonstratum
2822 1250 2926 1306 sit,
2960 1243 3086 1312 quis
3126 1241 3197 1297 sit
3234 1242 3456 1311 pietatis

194 1328 403 1391 σκοπός
424 1367 440 1390 ,
472 1328 531 1380 δν
554 1326 659 1398 χρὴ
685 1325 1003 1397 προκεῖσθαι
1030 1328 1141 1388 τοῖς
1169 1326 1260 1377 τὸν
1288 1324 1506 1397 θεοφιλῆ
1530 1327 1642 1396 βίον
1672 1329 1770 1398 ζῇν
1870 1336 1879 1385 1

1768 1350 1770 1363 π
1870 1330 2015 1393 ﬁnis,
2040 1346 2202 1399 quem
2238 1346 2547 1401 pr0ponere
2588 1332 2695 1387 sibi
2732 1332 2937 1387 debent
2979 1334 3147 1387 vitam
3188 1335 3299 1388 Deo
3338 1336 3453 1405 pla-

192 1420 581 1490 αἱρουμένοις.
631 1420 690 1481 ὃς
748 1419 867 1470 ἐστι
921 1417 1100 1487 ψυχῆς
1146 1418 1487 1489 καθαρισμὸς
1533 1419 1628 1473 καὶ
1676 1420 1771 1473 τοῦ
1871 1444 1877 1471 ‹

1769 1449 1771 1460 ›
1871 1430 2084 1478 centeni
2106 1422 2372 1492 eligentes
2430 1440 2515 1492 ,ιι
2541 1431 2624 1477 est
2662 1423 2875 1477 animae
2906 1424 3157 1493 purgatio
3186 1433 3243 1478 et
3273 1423 3454 1493 Spiri-

191 1516 513 1579 πνεύματος
540 1513 607 1564 δι’
647 1511 823 1582 ἔργων
856 1510 1076 1577 ἀγαθῶν
1103 1512 1419 1581 προτροπῆς
1466 1512 1773 1581 ένοίκησις,

191 1605 425 1666 ἕκαστος
449 1602 601 1672 ὑμῶν
618 1602 758 1655 κατὰ
777 1602 867 1654 τὸν
884 1600 1196 1671 ὑπαχθέντα
1214 1602 1412 1654 σκοπὸν
1430 1604 1775 1672 παρασκευά-

193 1712 295 1757 σας
322 1694 425 1764 τὴν
451 1694 630 1764 ψυχήν
649 1734 665 1757 ,
687 1694 781 1746 καὶ
814 1694 1068 1763 μέγιστον
1093 1690 1216 1745 θεοῦ
1240 1696 1469 1763 ποιήσας
1506 1693 1683 1763 ἔρωτα
1701 1695 1767 1763 ³),

190 1785 367 1845 οὕτως
415 1782 660 1836 ἀποδότω
705 1782 895 1834 ἑαυτὸν
941 1786 1063 1845 ταῖς
1108 1783 1296 1852 εὐχαῖς
1343 1784 1438 1836 καὶ
1485 1784 1763 1854 νηστείαις

192 1874 335 1926 κατὰ
377 1873 439 1926 τὸ
487 1871 652 1925 αὐτοῦ
698 1871 950 1942 θέλημα,
1004 1872 1340 1941 μεμνημένοι
1373 1872 1466 1925 τοῦ
1516 1891 1769 1945 παρακα-

190 1963 412 2027 λοῦντος
440 1963 502 2015 τὸ
539 1962 902 2025 ἀδιαλείπτως
946 1962 1380 2033 προσεύχεσθαι,
1408 1966 1504 2018 καὶ
1531 1968 1596 2036 τῇ
1638 1966 1768 2035 εὐχῇ

192 2053 738 2127 προσκαρτεροῦντες
764 2055 857 2108 καὶ
880 2057 999 2117 ταῖς
1034 2053 1127 2107 τοῦ
1157 2055 1348 2126 κυρίου
1382 2056 1768 2125 ἐπαγγελίαις,

192 2150 252 2201 ὲν
353 2148 395 2217 ⁸)
428 2164 583 2216 φησι·
634 2147 785 2216 πόσῳ
821 2146 1019 2217 μᾶλλον
1047 2146 1287 2213 ποιήσει
1315 2147 1430 2213 τὴν
1456 2147 1772 2214 ἐκδίκησιν

192 2244 226 2295 ό
252 2238 388 2304 θεὸς
419 2238 535 2292 τῶν
561 2238 849 2303 βοώντων
874 2239 1024 2308 πρὸς
1053 2240 1240 2293 αὑτὸν
1259 2237 1477 2304 νυκτὸς
1500 2239 1597 2292 καὶ
1630 2238 1771 2308 ἠμέ-

184 2349 325 2401 ρας.
368 2331 539 2400 ἔλεγε
570 2330 714 2400 γάρ.
765 2330 931 2399 φησί,
980 2330 1078 2384 καὶ
1126 2331 1477 2398 παραϐολὴν
1516 2330 1663 2399 πρὸς
1704 2330 1770 2384 τὸ

191 2424 327 2478 δεῖν
356 2424 613 2477 πάντοτε
644 2423 929 2492 εὔχεσθαι
953 2424 1051 2476 καὶ
1078 2423 1167 2493 μὴ
1191 2423 1488 2478 ἐκκακεῖν.
1533 2426 1614 2477 δτι
1644 2424 1698 2476 δὲ
1735 2425 1768 2495 ἡ

190 2518 325 2587 περὶ
361 2517 461 2586 τὴν
490 2515 654 2587 εὐχὴν
693 2515 894 2584 σπουδὴ
923 2516 1132 2585 μεγάλα
1157 2515 1466 2585 χαρίζεται,
1515 2517 1609 2568 καὶ
1639 2515 1769 2568 αὐτὸ

190 2610 254 2661 τὸ
284 2608 502 2678 πνεῦμα
532 2610 650 2669 ταῖς
698 2606 901 2677 ψυχαῖς
947 2605 1198 2669 ένοικίζει
1218 2645 1233 2670 ,
1264 2603 1414 2673 δηλοῖ
1444 2604 1626 2671 σαφῶς
1648 2644 1661 2664 .
1702 2604 1768 2657 δι’

188 2691 267 2750 ὧν
302 2698 600 2769 προτρέπει
629 2699 777 2768 ἡμᾶς
805 2699 833 2750 ὁ
873 2694 1168 2757 ἀπόστολος
1193 2695 1393 2762 λέγων·
1440 2694 1537 2747 διὰ
1569 2693 1771 2761 πάσης

191 2788 546 2857 προσευχῆς
570 2788 668 2841 καὶ
697 2786 962 2851 δεήσεως
989 2788 1475 2855 προσευχόμενος
1496 2785 1564 2837 ἐν
1589 2784 1769 2837 παντὶ

190 2880 377 2948 καιρῷ
415 2882 483 2932 ἐν
520 2882 811 2949 πνεύματι
836 2919 851 2943 ,
886 2878 985 2931 καὶ
1039 2880 1126 2944 εις
1176 2878 1323 2931 αὐτὸ
1369 2876 1544 2930 τοῦτο
1592 2877 1770 2944 ἀγρυ-

1872 1523 1966 1569 tus
1988 1530 2086 1584 per
2122 1514 2559 1569 exhortationem
2592 1515 2660 1569 ad
2702 1515 2843 1569 bona
2884 1531 3053 1585 Opera
3103 1516 3451 1581 inhabitatio,

1876 1604 2254 1674 unusquisque
2286 1614 2529 1663 vestrum
2553 1605 2620 1660 ad
2648 1608 2987 1675 propositum
3020 1606 3182 1660 ﬁnem
3209 1608 3454 1661 animum

1872 1703 2181 1766 praeparet,
2216 1705 2272 1749 et
2302 1696 2398 1749 Dei
2433 1710 2676 1751 amorem
2706 1712 2979 1751 summum
3012 1697 3267 1761 reddens,
3299 1699 3372 1751 ita
3396 1715 3455 1752 se

1870 1783 2034 1840 dedat
2058 1785 2404 1839 orationibus
2429 1795 2485 1839 et
2506 1785 2731 1841 ieiuniis
2756 1786 3061 1840 secundum
3093 1786 3213 1841 eius
3256 1789 3456 1841 volun-

1872 1884 2339 1941 tatem,memores
2363 1876 2484 1930 eius
2508 1876 2603 1945 qui
2636 1877 2910 1939 hortatur,
2943 1888 3003 1932 ut
3031 1877 3149 1931 sine
3182 1876 3457 1932 intermis-

1870 1967 2024 2021 sione
2071 1982 2292 2022 oremus
2333 1976 2390 2021 et
2440 1968 2497 2021 in
2529 1967 2837 2022 orationem
2883 1968 3265 2023 incumbentes
3303 1979 3359 2024 et
3395 1970 3452 2023 in

1879 2060 2094 2115 Domini
2121 2061 2409 2131 promissa,
2442 2062 2573 2115 ubi:
2606 2071 2814 2131 quanto
2844 2063 3037 2132 magis,
3077 2062 3275 2131 inquit,
3305 2064 3459 2131 faciet

1868 2151 2152 2205 vindictam
2176 2150 2315 2205 Deus
2337 2151 2683 2205 clamantium
2712 2153 2781 2205 ad
2796 2168 2851 2205 se
2873 2152 2954 2205 die
2990 2170 3053 2206 ac
3073 2163 3219 2206 nocte
3238 2154 3333 2223 (4).
3360 2153 3455 2207 Di-

1870 2239 2016 2292 cebat
2051 2247 2247 2304 autem,
2297 2240 2496 2309 inquit,
2561 2240 2907 2310 parabolam,
2963 2244 3215 2312 quoniam
3253 2252 3457 2313 oportet

1869 2346 2075 2400 semper
2122 2347 2278 2384 orare
2322 2338 2372 2384 et
2416 2348 2521 2385 non
2554 2331 2774 2400 deﬁcere
2807 2333 2904 2403 (5).
2944 2331 3101 2398 Quod
3153 2350 3284 2387 vero
3330 2349 3454 2387 ora-

1871 2423 2034 2478 tionis
2049 2423 2198 2478 zelus
2226 2439 2422 2493 magna
2446 2425 2699 2495 largitur,
2723 2434 2799 2490 et,
2829 2425 2945 2495 ipse
2972 2426 3211 2495 Spiritus
3244 2427 3447 2480 animis

1871 2524 1932 2568 ut
1954 2514 2240 2578 inhabitet,
2258 2514 2410 2577 facit,
2435 2524 2622 2584 aperte
2645 2515 2942 2570 ostendunt
2962 2530 3047 2579 ea,
3075 2516 3278 2584 quibus
3302 2515 3453 2585 Apo-

1870 2607 2043 2660 stolus
2084 2621 2182 2660 nos
2225 2607 2550 2661 exhortatur
2600 2607 2837 2662 dicens:
2880 2625 2972 2678 per
3005 2624 3209 2661 omnem
3262 2610 3457 2662 oratio—

1870 2714 1989 2751 nem
2024 2704 2073 2750 et
2098 2697 2501 2752 obsecrationem
2526 2708 2735 2752 orantes
2758 2701 2900 2753 omni
2929 2707 3158 2768 tempore
3172 2700 3224 2752 in
3254 2698 3455 2770 Spiritu

1870 2796 1918 2840 et
1940 2789 1994 2840 in
2018 2787 2127 2858 ipso
2142 2787 2412 2857 vigilantes
2432 2789 2487 2841 in
2505 2789 2647 2842 omni
2658 2790 2916 2843 instantia
2931 2797 2979 2842 et
2996 2788 3430 2861 observatione(6)

1868 2876 2130 2946 Quisquis
2163 2893 2195 2933 e
2226 2878 2493 2933 fratribus
2528 2880 2659 2934 huic
2688 2880 2869 2950 parti,
2911 2881 3179 2935 orationis
3222 2880 3453 2945 scilicet,

192 2965 491 3031 πνοῦντες
518 2966 587 3017 ἐν
637 2966 803 3034 πάσῃ
845 2965 1360 3033 προσκαρτερήσει
1405 2964 1503 3017 καὶ
1540 2963 1765 3029 δεήσει.
1796 2984 1840 3042 c
1872 2984 1877 3019 ε

1796 2984 1840 3042 ο
1872 2982 1929 3021 se
1962 2966 2134 3031 dedit,
2185 2969 2478 3037 pulchrum
2540 2970 2861 3025 thesaurum
2926 2980 3160 3035 tractat,
3218 2972 3314 3040 qui
3370 2981 3455 3026 est

190 3058 343 3120 ὅστις
368 3060 412 3126 ³)
452 3058 563 3110 τῶν
608 3058 852 3127 ἀδελφῶν
898 3057 1071 3128 τούτῳ
1102 3057 1145 3129 ⁸)
1190 3057 1267 3128 τῷ
1318 3057 1473 3128 μέρει
1520 3058 1689 3127 αὐτῆς
1720 3057 1764 3125 ⁷)

192 3150 388 3203 ἑαυτὸν
422 3148 731 3214 ἀποδίδωσι,
766 3148 844 3219 τῷ
873 3150 970 3219 τῆς
992 3149 1156 3220 εὐχῆς
1179 3148 1345 3216 λέγω,
1370 3148 1533 3201 καλὸν
1572 3146 1767 3219 θησαυ-

196 3240 292 3311 ρὸν
345 3239 599 3308 περιέπει
643 3241 739 3293 κα)⁵
782 3240 1013 3310 ἐραστοῦ
1057 3240 1315 3310 μεγίστου
1344 3239 1388 3310 Ἰ)
1422 3240 1696 3309 κτήματος
1722 3239 1767 3307 ⁸)

197 3330 361 3398 μόνον
416 3330 651 3399 συντόνῳ
689 3331 785 3383 καὶ
820 3329 954 3401 ὀρθῇ
987 3330 1311 3400 συνειδήσει,
1345 3327 1595 3399 μηδαμοῦ
1628 3328 1771 3382 κατὰ

194 3419 295 3489 τὴν
317 3418 553 3472 διάνοιαν
579 3419 839 3483 ἑκουσίως
876 3418 1387 3489 περιπλανώμενος,
1418 3418 1551 3489 μηδὲ
1580 3417 1770 3488 ῶσπερ

194 3510 453 3564 ἀκούσιον
465 3500 759 3574 ’ἀποδιδοὺς
781 3511 847 3579 ³⁸)
867 3510 958 3562 ὑπ’
982 3512 1225 3579 ἀνάγκης
1250 3509 1433 3580 χρέος,
1461 3509 1575 3563 ἀλλ’
1593 3510 1772 3581 ἔρωτα

195 3603 292 3653 καὶ
332 3600 496 3654 πόθον
525 3601 861 3672 ἀποπληρῶν
901 3601 997 3671 τῆς
1031 3601 1229 3671 ψυχῆς,
1270 3601 1511 3663 καὶτοὺς
1535 3600 1772 3670 ἀγαθοὺς

195 3693 300 3762 τῆς
342 3694 668 3763 παραμονῆς
714 3694 958 3764 καρποὺς
1001 3694 1165 3746 πᾶσιν
1209 3691 1535 3755 ἐπιδεικνύς.
1579 3692 1685 3763 χρὴ
1716 3692 1772 3745 δὲ

198 3786 294 3838 καὶ
336 3785 463 3849 τοὺς
508 3784 727 3848 λοιποὺς
771 3785 967 3838 διδόναι
1020 3783 1097 3854 τῷ
1140 3782 1365 3853 τοιούτῳ
1409 3783 1628 3855 καιρόν,
1679 3787 1773 3837 καὶ

200 3878 527 3947 συγχαίρειν
561 3880 626 3947 τῇ
656 3879 948 3948 παραμονῇ
978 3876 1080 3945 τῆς
1121 3874 1433 3946 προσευχῆς
1453 3915 1467 3935 .
1503 3876 1651 3939 ὅπως
1677 3875 1772 3929 καὶ

196 3958 355 4022 αὐτοὶ
381 3969 692 4040 μετάσχωσι
716 3968 821 4020 τῶν
844 3968 1064 4035 ἀγαθῶν
1084 3966 1335 4038 καρπῶν,
1364 3967 1458 4021 ἅτε
1487 3966 1551 4037 δὴ
1585 3984 1773 4020 κοινω-

197 4063 277 4113 νοὶ
311 4061 408 4114 τοῦ
442 4062 682 4113 τοιούτου
734 4059 848 4130 βίου
884 4059 960 4131 τῷ
1012 4060 1332 4131 συνήδεσθαι
1361 4060 1646 4128 γεγονότες
1679 4060 1767 4130 ι¹).

195 4151 359 4205 δώσει
391 4150 450 4202 δὲ
498 4151 592 4203 καὶ
640 4152 799 4213 αὐτὸς
850 4154 878 4205 ὁ
925 4149 1112 4222 κύριος
1159 4153 1271 4215 τοῖς
1321 4151 1594 4217 αἰτοῦσιν,
1625 4151 1773 4212 ὅπως

196 4243 453 4313 εὔχεσθαι
475 4242 573 4303 δεῖ,
599 4243 739 4295 κατὰ
766 4242 828 4295 τὸ
854 4241 1160 4313 εἰρημένον
1184 4244 1216 4295 d
1244 4240 1449 4307 διδοὺς
1473 4241 1666 4310 εὐχὴν
1694 4240 1774 4306 τῷ

1868 3058 2125 3112 amatoris
2165 3060 2433 3115 maximae
2468 3064 2835 3131 possessionis
2890 3062 3270 3119 tantummodo
3300 3066 3457 3119 ﬁrma

1868 3168 1931 3208 ac
1980 3163 2129 3209 recta
2164 3154 2509 3210 conscientia
2537 3195 2552 3218 ,
2607 3170 2875 3223 nusquam
2920 3155 2975 3208 in
3024 3162 3205 3208 mente
3260 3154 3457 3207 volun-

1870 3243 2006 3297 tarie
2050 3244 2501 3315 circumvagans,
2548 3260 2728 3314 neque
2793 3246 2948 3314 quasi
3015 3244 3246 3298 invitum
3306 3243 3459 3299 debi-

1870 3346 1984 3391 tum
2047 3338 2357 3393 necessario
2430 3338 2690 3402 solvens,
2724 3338 2823 3394 sed
2877 3353 3121 3392 amorem
3192 3346 3249 3392 et
3304 3337 3457 3391 desi-

1870 3427 2086 3481 derium
2139 3428 2305 3482 animi
2362 3428 2610 3497 explens,
2669 3428 2957 3497 bonosque
3012 3428 3457 3497 perseverantiae

1870 3519 2085 3574 fruetus
2114 3519 2371 3575 omnibus
2398 3520 2715 3574 ostendens.
2746 3518 2975 3588 Oportet
3008 3527 3192 3574 autem
3221 3528 3277 3573 et
3303 3528 3458 3572 cete-

1873 3626 1965 3664 ros
1988 3611 2079 3665 tali
2116 3610 2245 3665 dare
2275 3618 2517 3680 tempus,
2549 3621 2605 3665 et
2637 3610 2981 3680 congaudere
3012 3609 3455 3679 perseverantiae

1872 3701 1929 3755 in
1951 3702 2220 3766 oratione,
2249 3709 2308 3755 ut
2331 3711 2387 3756 et
2413 3702 2515 3771 ipsi
2546 3702 2815 3755 bonorum
2844 3702 3120 3754 iructuum
3156 3699 3455 3769 participes

1873 3792 2023 3855 ﬁant,
2043 3802 2229 3861 utpote
2252 3804 2534 3847 consortes
2556 3794 2683 3848 talis
2712 3793 2854 3847 vitae
2889 3791 3015 3846 facti
3046 3791 3458 3861 congaudendo.

1872 3883 2033 3938 Dabit
2068 3898 2199 3937 vero
2225 3893 2282 3937 et
2307 3884 2424 3953 ipse
2461 3884 2728 3937 Dominus
2763 3882 3101 3952 petentibus,
3147 3897 3258 3951 quo
3296 3881 3461 3936 modo

1872 3982 2124 4045 oporteat
2146 3989 2340 4039 orare,
2372 3974 2676 4029 secundum
2717 3973 2864 4043 quod
2900 3973 3063 4044 216
3100 3974 3304 4027 dictum
3340 3983 3457 4026 est.

1873 4068 1961 4135 qui
1993 4066 2083 4118 dat
2114 4066 2415 4135 petitionem
2439 4066 2630 4134 petenti
2655 4064 2753 4135 (7).
2773 4064 3043 4118 Debemus
3067 4064 3233 4133 igitur
3268 4072 3460 4132 petere

1874 4162 1933 4207 et
1959 4153 2122 4217 scire,
2146 4162 2356 4223 quanto
2396 4152 2596 4207 melius
2648 4152 2715 4214 is,
2767 4150 2863 4221 qui
2913 4151 2969 4204 in
3012 4151 3319 4205 orationem
3371 4150 3458 4204 in-

1874 4246 2085 4301 cumbit
2108 4246 2388 4316 negotium
2406 4255 2636 4307 tantum,
2659 4258 2785 4298 cum
2804 4259 2996 4315 magna
3015 4242 3380 4298 sollicitudine
3405 4252 3461 4296 et

195 4336 522 4407 εὐχομένῳ.
554 4337 634 4389 δεῖ
661 4332 753 4389 οῦν
798 4337 969 4390 αἰτεῖν
997 4336 1093 4389 καὶ
1138 4335 1371 4398 ειδέναι,
1409 4333 1485 4399 ὡς
1525 4335 1771 4405 κρεῖττον
1803 4336 1845 4391 D
1872 4359 1880 4389 ι

1803 4336 1845 4391 D
1872 4339 2019 4394 omni
2044 4339 2251 4393 virtute
2280 4346 2558 4392 certamen
2592 4337 2897 4402 sustineat;
2931 4352 3123 4407 magna
3163 4335 3310 4390 enim
3338 4350 3460 4389 cer-

194 4432 261 4501 τῇ
287 4430 422 4499 εὐχῇ
454 4426 989 4500 προσκαρτεροῦντα,
1025 4425 1313 4497 πράγματι
1345 4423 1605 4495 τοσούτῳ,
1637 4424 1774 4496 μετὰ

197 4520 404 4589 πολλῆς
450 4520 682 4589 σπουδῆς
731 4520 824 4571 καὶ
864 4517 1042 4586 πάσης
1099 4516 1377 4583 δυνάμεως
1417 4515 1657 4569 έναθλεῖν
1697 4514 1774 4587 τῷ

194 4611 391 4679 ἀγῶνι·
414 4612 481 4665 τὰ
498 4612 603 4682 γὰρ
623 4611 833 4681 μεγάλα
852 4607 989 4664 ἆθλα
1008 4609 1255 4679 μεγάλων
1270 4608 1441 4661 δεῖται
1461 4608 1555 4660 καὶ
1575 4607 1772 4672 πόνων,

195 4703 389 4771 ἐπειδὴ
424 4701 658 4772 μάλιστα
680 4705 710 4773 ῆ
730 4703 896 4754 κακία
925 4705 1036 4764 τοῖς
1054 4700 1314 4764 τοιούτοις
1336 4699 1612 4770 ἐφεδρεύει
1641 4717 1777 4753 παν-

193 4796 455 4865 ταχόθεν,
497 4794 968 4865 περιεργαζομένη
1001 4796 1095 4846 καὶ
1124 4792 1515 4864 περιτρέχουσα
1551 4792 1645 4846 καὶ
1672 4792 1767 4863 ζη-

193 4883 367 4936 τοῦσα
409 4884 733 4955 περιτρέψαι
775 4887 871 4954 τὴν
908 4884 1166 4954 σπουδήν’
1207 4882 1418 4935 ἐκεῖθεν
1463 4882 1628 4947 ὕπνος
1674 4883 1768 4936 καὶ

196 4974 434 5045 βάρησις
462 4973 738 5045 σώματος,
767 4976 859 5028 καὶ
876 4974 1052 5045 ψυχῆς
1081 4972 1349 5044 μαλακία,
1386 4972 1616 5043 ἁκηδία,
1656 4973 1767 5027 ὀλι-

1872 4430 2079 4485 tamina
2123 4444 2350 4499 magnos
2383 4429 2552 4484 etiam
2600 4428 2881 4497 postulant
2918 4428 3156 4490 labores,
3201 4425 3458 4497 quoniam

1872 4519 2106 4573 maxime
2145 4518 2354 4572 malitia
2388 4517 2593 4571 talibus
2626 4515 2869 4585 undique
2906 4516 3220 4579 insidietur,
3240 4514 3459 4569 curiose

1870 4626 2057 4681 agens,
2080 4611 2412 4666 circumiens
2432 4621 2488 4664 et
2509 4609 2934 4663 sollicitudinem
2959 4609 3181 4663 demere
3208 4601 3455 4662 tentans;

1870 4703 2000 4757 inde
2028 4718 2252 4758 somnus
2284 4712 2340 4757 et
2374 4702 2609 4772 gravitas
2643 4701 2891 4769 corporis
2934 4710 2990 4755 et
3022 4701 3239 4754 animae
3270 4700 3457 4752 molli-

1872 4796 1995 4860 ties,
2029 4794 2237 4859 acedia,
2264 4794 2497 4856 incuria,
2530 4792 2895 4846 inconstantia
2916 4832 2929 4856 ,
2971 4802 3027 4845 et
3055 4800 3269 4845 ceterae
3300 4790 3460 4843 mali-

1877 4886 1983 4940 tiae
2042 4885 2326 4955 passiones
2384 4894 2441 4939 et
2492 4882 2876 4952 operationes,
2932 4882 3134 4951 quibus
3180 4880 3455 4934 occiditur

1875 4978 2053 5031 anima
2090 4993 2157 5031 ex
2186 4986 2342 5047 parte
2373 4985 2528 5045 rapta
2563 4982 2619 5028 et
2653 4973 2722 5027 ad
2756 4973 2927 5042 ipsius
2957 4971 3245 5026 inimicum
3275 4983 3453 5025 trans-

1467 5112 1722 5167 VARIAE
1760 5112 2167 5170 LECTIONES.

199 5210 239 5276 ‘)
270 5208 455 5270 Corr.,
496 5207 619 5261 cod.
659 5208 740 5271 ὠς
763 5207 851 5259 ἐκ.
883 5206 1015 5275 —‘)
1049 5205 1204 5261 Corr.
1242 5203 1363 5259 cod.
1394 5205 1749 5276 έμπλησθήη.
1776 5237 1846 5245 -
1896 5207 1937 5275 ³)
1972 5206 2151 5271 Corr.,
2189 5206 2309 5259 eod.
2349 5205 2602 5272 μεγίστη

2608 5217 2645 5251 ν
2671 5200 2832 5252 θείου
2868 5201 3096 5267 ποιήσας
3126 5202 3361 5265 ἔρωτος.
3386 5232 3457 5244 ~-

199 5267 239 5350 ⁸)
276 5280 369 5333 Sic
408 5267 529 5332 cod.
577 5307 645 5319 -—
692 5267 735 5349 ⁸)
770 5276 903 5332 Cod.
945 5267 1018 5341 ὥς
1075 5279 1178 5339 τίς.
1210 5305 1280 5315 --
1318 5276 1359 5345 ⁸)
1392 5267 1645 5339 Emend,
1679 5267 1808 5330 eod.
1843 5267 2088 5331 τοῦτων.
2119 5267 2190 5317 -ὲ-
2218 5277 2260 5347 ⁷)
2290 5267 2544 5337 Emend.,
2581 5267 2703 5326 eod.
2755 5267 2880 5335 τῆς.
2936 5301 3006 5309 -
3035 5271 3077 5336 ³)
3112 5272 3293 5335 Corr.,
3325 5271 3451 5327 eod.

200 5412 448 5481 μεγίτου.
482 5439 551 5448 -
576 5407 620 5478 ⁸)
651 5408 831 5473 Coni.,
857 5408 979 5464 cod.
1012 5406 1336 5478 Στήματος.
1368 5436 1436 5446 -
1471 5406 1535 5479 ¹⁰)
1565 5404 1746 5470 Corr.,
1771 5408 1892 5461 cod.
1925 5408 2207 5471 ἀποδίδως.
2230 5437 2300 5447 ——
2320 5407 2385 5457 υ)
2415 5408 2667 5475 Emend,
2693 5409 2814 5465 cod.
2837 5374 3079 5474 γεγονός.

1713 5497 1961 5556 NOTAE.

293 5668 348 5731 Ξ)
376 5670 576 5724 Psalm.
611 5668 906 5731 LXXXIII,
938 5669 991 5723 ‘2.

295 5740 351 5803 ὅ)
375 5740 575 5794 Ρελιιιι.
603 5740 764 5802 LXII,
793 5743 824 5793 6

300 5600 350 5662 I)
375 5599 419 5654 II
448 5598 574 5654 Cor.
605 5598 646 5662 I,
671 5599 722 5653 4.

300 5602 319 5653 1
375 5600 419 5654 II
448 5600 574 5654 Cor.
605 5600 646 5662 I,
671 5600 722 5653 4.

293 5600 351 5810 (ἐξ
376 5670 576 5724 Psalm.
611 5669 824 5723 LXXXI

295 5742 329 5803 ὅ
375 5740 575 5794 Ρελιιιι.
603 5740 764 5802 LXII,
793 5743 824 5793 6

297 5812 353 5883 4)
390 5809 503 5864 Luc
564 5809 747 5877 XVIII,
778 5811 830 5865 ’.

2056 5586 2420 5717 Sipyli]?
2455 5594 2506 5646 t.

1966 5689 2008 5728 ν)
2103 5682 2133 5730 p
2181 5704 2192 5715 .
2295 5705 2308 5724 ,
2422 5705 2432 5714 .

1956 5662 2030 5730 (ϐ)
2056 5665 2192 5732 Eph.
2218 5663 2308 5724 VI,
2346 5662 2432 5717 I8.

1954 5737 2028 5804 (7)
2063 5736 2256 5790 I'salm.
2286 5733 2396 5797 CV,
2434 5732 2519 5787 15.
