4266 6356
815 371 921 428 ιδδ

2098 371 2154 427 S.
2192 371 2475 428 MACARII
2511 371 2643 427 AEG
2654 374 2689 427 Υ
2702 374 2830 431 PTll

3973 382 4079 438 636

820 487 965 555 fuga.
1004 486 1231 557 Oportet
1275 487 1441 559 igitur
1471 488 1527 541 in
1550 488 1821 553 oratione,
1864 497 1924 544 ut
1962 490 2264 560 sapientem
2302 508 2399 560 gu—
2426 498 2468 553 Α
2499 507 2505 519 ·

2393 521 2399 530 ι
2426 498 2468 553 Α
2499 491 2710 561 γωρία,
2760 493 3203 565 ἀνυπομονησία,
3254 497 3350 550 κα)⁵
3398 496 3469 549 τὰ
3519 496 3681 551 λοιπά
3730 499 3829 569 τῆς
3876 500 4078 564 κακίας

819 581 1192 645 bernatorem,
1225 580 1492 635 collocare
1520 580 1784 643 animum,
1816 595 1918 635 nec
1958 597 2196 650 unquam
2238 596 2394 636 men-

820 678 930 723 tem
963 669 1369 723 turbationibus
1406 670 1627 741 maligni
1655 671 1882 741 spiritus
1905 671 2189 741 praebere,
2217 688 2395 742 neque

821 762 969 814 illius
1014 760 1277 815 ﬂuctibus
1327 762 1693 827 circumferri,
1744 762 1840 817 sed
1889 764 2053 817 rectis
2096 764 2271 818 oculis
2325 765 2393 818 ad

819 862 1045 920 portum
1088 852 1381 905 coelestem
1434 854 1707 921 respicere
1752 864 1809 909 et
1849 854 2085 907 animam
2126 856 2393 925 integram

818 944 1052 996 reddere
1082 944 1228 1007 Deo,
1256 944 1349 1013 qui
1387 960 1508 997 eam
1549 944 1653 1014 ipsi
1693 945 2037 1001 concredidit
2078 956 2135 1001 et
2173 947 2388 1016 repetit.

815 1034 1004 1103 Neque
1041 1036 1278 1095 cnim'in
1314 1052 1486 1105 genua
1531 1037 1892 1105 procumbere
1917 1078 1932 1102 ,
1972 1046 2029 1093 et
2066 1038 2123 1092 in
2169 1039 2391 1093 modum

814 1139 1006 1177 eorum
1034 1126 1127 1193 qui
1159 1127 1412 1178 iacent‘in
1436 1127 1681 1181 oratione
1701 1127 1943 1191 extendi,
1965 1138 2391 1183 consentaneum

811 1224 899 1268 est
922 1216 1237 1283 Scripturae
1266 1226 1323 1271 et
1352 1217 1774 1287 bencplaeitum,
1808 1229 1988 1273 mente
2015 1221 2203 1287 procul
2230 1237 2259 1274 λ
2280 1222 2391 1275 Deo

816 1315 1066 1373 vagante,
1103 1321 1291 1358 verum
1325 1323 1541 1360 omnem
1575 1308 1963 1377 cogitationum
2004 1310 2387 1379 negligentiam

813 1405 872 1448 et
932 1396 1193 1464 injustum
1249 1412 1467 1449 sensum
1517 1400 1891 1466 expostulare,
1938 1408 2217 1468 totamque
2262 1416 2386 1455 cum

814 1503 1044 1554 corpore
1073 1488 1307 1539 animam
1346 1490 1579 1542 orationi
1613 1491 2025 1560 tradere.Atqui
2047 1494 2211 1546 etiam
2234 1509 2389 1561 prac-

811 1579 979 1646 positi
1009 1579 1212 1633 debent
1257 1581 1347 1632 tali
1389 1582 1667 1649 opitulari,
1700 1595 1755 1637 et
1784 1599 1909 1637 cum
1941 1586 2088 1638 omni
2123 1586 2388 1641 sollicitu-

812 1671 943 1723 dine
976 1678 1031 1723 et
1063 1671 1409 1739 correptione
1438 1674 1649 1727 nutrire
1686 1676 1893 1728 orantis
1931 1676 2000 1729 ad
2047 1677 2388 1745 propositum

813 1762 1119 1827 fervorem,
1181 1774 1237 1816 et
1300 1764 1590 1833 diligenter
1641 1768 1789 1820 illius
1841 1768 2079 1821 animam
2130 1786 2382 1839 purgare.

810 1856 1019 1909 Eorum
1050 1856 1221 1920 enim,
1257 1856 1352 1925 qui
1393 1859 1466 1910 ita
1510 1874 1567 1912 se
1612 1859 1844 1923 habent,
1872 1860 2084 1916 fructus
2121 1863 2387 1917 virtutum
2421 1861 2461 1915 Β

808 1963 984 2016 quum
1017 1948 1247 2002 inﬁrmis
1300 1949 1631 2014 ostenditur,
1666 1967 1773 2003 non
1829 1954 2004 2005 solum
2049 1955 2121 2017 ei,
2154 1956 2248 2023 qui
2282 1957 2389 2009 iam

808 2038 1065 2105 profecit,
1087 2040 1181 2092 sed
1212 2041 1377 2095 etiam
1400 2042 1642 2110 parvulis
1664 2052 1719 2095 et
1747 2042 1995 2097 doctrina
2021 2044 2391 2116 indigentibus

818 2130 877 2183 iit
907 2131 1074 2194 utilis,
1102 2134 1391 2187 consolans
1423 2149 1518 2187 eos
1549 2143 1603 2188 et
1631 2134 1699 2188 ad
1741 2134 2101 2191 imitationem
2139 2141 2388 2197 excitans

813 2238 1029 2288 eorum,
1072 2241 1210 2293 quae
1256 2228 1461 2282 vident.
1501 2228 1733 2282 Fructus
1764 2241 1945 2284 autem
1981 2233 2226 2289 sincerae
2262 2252 2389 2289 ora-

816 2316 982 2369 tionis
1034 2329 1161 2371 sunt
1206 2319 1528 2387 simplicitas
1548 2360 1562 2383 ,
1596 2320 1818 2375 dilectio
1839 2362 1853 2386 ,
1892 2324 2203 2390 humilitas,
2231 2326 2388 2383 forti-

815 2408 967 2470 tudo,
1000 2408 1333 2472 innocentia,
1358 2421 1411 2464 et
1441 2427 1579 2479 quae
1615 2424 1742 2467 sunt
1771 2414 2062 2481 eiusmodi,
2096 2434 2232 2487 quos
2264 2430 2390 2477 ante

814 2502 1080 2554 coelestcs
1110 2502 1320 2556 fructus
1349 2518 1445 2571 per
1470 2504 1612 2556 hanc
1638 2505 1802 2557 vitam
1822 2508 2038 2562 solliciti
2062 2509 2117 2563 in
2144 2513 2391 2567 oratione

812 2592 1054 2645 hominis
1078 2594 1231 2647 labor
1263 2596 1353 2649 hic
1380 2600 1668 2665 germinat.
1703 2598 1926 2653 Talibus
1956 2603 2131 2657 oratio
2164 2614 2391 2660 ornatur

810 2683 1102 2738 fructibus.
1130 2686 1340 2751 Quibus
1380 2704 1575 2743 carens
1615 2690 1831 2744 inanem
1867 2694 2094 2763 suscipit
2123 2695 2387 2751 laborem.

812 2777 974 2847 217
1020 2778 1132 2834 Nec
1156 2780 1333 2834 solum
1364 2783 1561 2846 oratio,
1596 2784 1692 2836 sed
1729 2785 1893 2838 etiam
1934 2789 2112 2842 omnis
2147 2792 2390 2859 philoso-

808 2870 973 2938 phiae
1003 2871 1109 2933 via,
1140 2886 1171 2924 e
1199 2872 1289 2924 tali
1322 2874 1565 2941 genuine
1596 2885 1742 2939 nata,
1776 2894 1901 2932 vere
1927 2879 2167 2936 iustitiae
2200 2894 2284 2937 est
2304 2886 2391 2939 via

810 2973 869 3015 et
897 2960 964 3013 ad
997 2972 1207 3014 rectum
1231 2964 1484 3031 perducit
1509 2964 1689 3020 tinem.
1722 2968 1833 3023 Illis
1862 2982 2041 3025 autem
2071 2976 2161 3043 qui
2189 2976 2390 3045 spolia-

814 3062 902 3107 tus
932 3064 1036 3117 est,
1067 3054 1118 3107 ei
1146 3071 1347 3108 vanum
1382 3073 1578 3112 nomen
1611 3062 1962 3131 relinquitur,
2003 3077 2056 3120 ct
2096 3070 2386 3122 stultarum

2498 583 2643 653 πάθη
2679 586 2771 637 καί¹
2802 587 2998 656 ὲνεργή
3009 604 3171 655 ματα,
3199 587 3265 641 δι’
3294 588 3329 642 ἃ
3355 588 3653 642 ἀπόλλυται
3690 591 3722 660 ὴ
3756 590 3905 661 ψυχὴ
3936 594 4079 644 κατά

2498 676 2663 745 μέρος
2693 678 3049 749 ἀρπαζομένη
3076 681 3170 733 καὶ
3193 681 3568 751 αύτομολοῦσα
3598 684 3733 751 πρὸς
3762 683 3855 735 τὸν
3880 683 4076 753 ἐχθρὸν

2495 768 2713 839 ἑαυτῆς.
2752 771 2857 842 χρὴ
2895 769 2987 826 οὖν
3030 774 3322 842 ἐφεστάναι
3369 778 3432 845 τῇ
3468 776 4073 848 προσευχῇ,·καθάπερ

2496 863 2658 930 σοφὸν
2688 866 3024 937 κυϐερνήτην
3044 907 3059 930 ,
3088 868 3180 921 τὸν
3220 867 3513 937 λογισμόν,
3546 868 3797 939 μηδαμοῦ
3826 869 3926 939 τὴν
3959 869 4069 921 διά-

2492 974 2641 1011 νοιαν
2683 958 2951 1010 ἐνδιδόντα
2994 959 3133 1029 πρὸς
3177 961 3278 1023 τάς
3320 959 3415 1013 τοῦ
3465 960 3706 1031 πονηροῦ
3756 960 4073 1029 πνεύματος

2490 1050 2755 1119 ταραχάς,
2793 1051 2925 1120 μηδὲ
2954 1054 3067 1113 τοῖς
3099 1052 3307 1105 ἐκείνου
3338 1052 3545 1122 κύμασι
3588 1054 4069 1125 συμπεριφερόμε-

2491 1160 2600 1207 νον,
2635 1143 2749 1195 ἀλλ’
2784 1144 2913 1196 εὐθὺ
2948 1144 3209 1213 βλέποντα
3248 1145 3386 1215 πρὸς
3432 1147 3524 1198 τὸν
3571 1147 3684 1200 ἄνω
3721 1146 3943 1215 λιμένα.
3982 1148 4071 1199 καὶ

2488 1234 2664 1305 ψυχὴν
2697 1235 2950 1305 ἀκέραιον
2999 1237 3040 1306 ¹)
3080 1237 3403 1291 ἀποδιδόντα
3454 1237 3531 1307 τῷ
3577 1240 3933 1292 πιστεύσαντι
3978 1241 4071 1292 καὶ

2491 1326 2809 1380 ἀπαιτοῦντι
2839 1327 2965 1397 Θεῷ.
2998 1331 3056 1382 ού
3085 1330 3191 1400 γὰρ
3222 1330 3282 1382 τὸ
3315 1333 3499 1383 πεσεῖν
3530 1332 3622 1383 ἐπὶ
3653 1332 3781 1398 γόνυ
3814 1333 3906 1384 καὶ
3935 1333 4066 1400 σχή-

2493 1434 2622 1486 ματι
2648 1418 2757 1469 τῶν
2795 1418 2862 1470 δι’
2897 1418 3060 1487 εύχὴν
3105 1420 3376 1487 κειμένων
3423 1420 3751 1473 ἐκτετάσθαι
3784 1421 4071 1473 σπουδαῖον

2487 1511 2552 1578 τῇ
2586 1512 2769 1579 γραφῇ
2816 1510 2908 1561 καὶ⁵
2940 1513 2982 1577 ³)
3018 1510 3333 1580 εὐάρεστον,
3379 1510 3477 1580 τῆς
3525 1510 3761 1573 διανοίας
3817 1511 3926 1575 ἔξω
3975 1512 4071 1564 τοῦ

2488 1600 2611 1654 Θεοῦ
2643 1602 3001 1672 πλανωμένης
3028 1603 3091 1672 ³),
3124 1604 3259 1656 άλλά
3289 1604 3350 1655 τὸ
3377 1606 3556 1657 πᾶσαν
3588 1604 3927 1659 ὲκκαλοῦντα
3960 1606 4072 1658 τῶν

2488 1692 2762 1765 λογισμῶν
2790 1693 3061 1763 ῥαθυμίαν
3097 1713 3154 1747 τε
3173 1696 3267 1747 καὶ
3294 1695 3476 1749 ἄδικον
3505 1695 3735 1759 ἔννοιαν,
3765 1696 3894 1765 ὅλην
3929 1696 4071 1765 μετά

2487 1783 2581 1835 τοῦ
2609 1785 2861 1854 σώματος
2887 1785 3179 1839 ἀποδοῦναι
3226 1786 3324 1855 τὴν
3371 1788 3551 1857 ψυχὴν
3578 1790 3699 1849 ταῖς
3730 1789 3939 1856 εὐχαῖς.
3974 1788 4071 1840 καί

2490 1876 2614 1938 τοὺς
2678 1876 3030 1946 προεστῶτας
3104 1877 3161 1929 δὲ
3224 1879 3329 1949 χρὴ
3402 1878 3926 1948 συναντιλαμϐάνειν
3992 1878 4071 1947 τῷ

2488 1967 2732 2037 τοιούτῳ,
2758 1971 2850 2021 καὶ⁸
2881 1968 2968 2021 διὰ
2997 1969 3177 2040 πάσης
3210 1970 3442 2040 σπουδῆς
3473 1970 3569 2023 καὶ
3612 1970 3901 2032 νουθεσίας
3935 1969 4070 2038 τρέ-

2490 2076 2609 2127 φειν
2635 2060 2732 2130 τὴν
2764 2060 2892 2129 περὶ
2921 2060 2981 2111 τὸ
3015 2060 3372 2130 προκείμενον
3415 2061 3508 2113 τοῦ
3554 2061 3848 2131 εὐχομένου
3876 2060 4073 2113 ἐπιθυ-

2494 2152 2643 2220 μίαν,
2672 2153 2763 2205 καὶ
2796 2152 3077 2223 καθαίρειν
3105 2152 3349 2222 ἀκριϐῶς
3378 2153 3477 2223 τὴν
3506 2153 3695 2206 τούτου
3725 2154 3925 2223 ψυχήν.
3961 2152 4071 2206 τῶν

2488 2244 2596 2314 γὰρ
2623 2243 2795 2307 οὕτως
2826 2244 3100 2314 ἐχομένων
3123 2246 3150 2297 6
3191 2246 3400 2316 καρπὸς
3446 2246 3553 2298 τῶν
3594 2247 3806 2317 ἀρετῶν
3835 2248 3950 2308 τοῖς
3984 2263 4070 2298 νο-

2492 2337 2674 2388 σοῦσιν
2707 2337 3151 2407 ἐπιδεικνύμενος
3177 2337 3238 2388 οὐ
3263 2336 3335 2407 τῷ
3368 2337 3701 2408 προκόψαντι
3723 2334 3907 2407 μόνον.
3932 2337 4072 2390 ἀλλὰ

2489 2430 2585 2481 καὶ
2617 2431 2729 2491 τοῖς
2768 2430 2847 2482 ἔτι
2880 2430 3099 2498 νηπίοις
3126 2429 3220 2481 καὶ
3246 2428 3521 2499 δεομένοις
3555 2428 3902 2491 διδασκαλίας
3934 2430 4072 2498 χρή-

2491 2538 2647 2591 σιμος
2672 2521 2883 2589 γίνεται
2920 2520 2990 2593 ⁸).
3026 2522 3359 2594 παρακαλῶν
3388 2522 3583 2585 αὐτοὺς
3608 2523 3703 2575 καὶ
3738 2524 4073 2593 προτρέπων

2490 2614 2569 2674 εἰς
2598 2612 2851 2683 μίμησιν,
2895 2606 2968 2665 ὧν
3000 2612 3189 2683 ὁρῶσι.
3221 2613 3424 2683 καρποὶ
3456 2613 3513 2666 δὲ
3544 2612 3873 2685 εἰλικρινοῦς
3898 2614 4068 2683 εὐχῆς

2492 2704 2750 2774 ἁπλότης,
2799 2704 3012 2775 ἀγάπη,
3074 2705 3571 2775 ταπεινοφροσύνη,
3609 2706 3896 2777 καρτερία,
3925 2708 4072 2759 ἀκα-

2491 2797 2605 2857 κία,
2657 2798 2751 2849 καὶ
2800 2797 2869 2849 τά
2918 2796 3164 2857 τοιαῦτα,
3203 2798 3239 2851 ἃ
3278 2798 3384 2868 πρὸ
3410 2798 3516 2850 τῶν
3556 2798 3785 2851 αἰωνίων
3838 2799 4069 2867 καρπῶν

2491 2887 2643 2956 παρά
2677 2888 2767 2939 τὸν
2796 2887 2908 2957 βίον
2931 2890 2959 2941 ὁ
2983 2887 3078 2939 τοῦ
3105 2888 3390 2941 σπουδαίου
3421 2890 3548 2958 περὶ
3583 2888 3682 2959 τὴν
3710 2889 3875 2959 εὐχὴν
3907 2888 4069 2949 πόνος

2490 2981 2727 3039 ἐνταῦθα
2773 2982 3081 3051 βλαστάνει.
3126 2981 3337 3043 τούτοις
3390 2980 3523 3051 εὐχὴ
3579 2981 3980 3043 καλλωπίζεται
4026 2983 4067 3048 ⁵)

2490 3079 2599 3137 τοῖς
2626 3078 2881 3144 καρποῖςο
2908 3074 3190 3145 ἀποροῦσα
3226 3074 3283 3125 δὲ
3320 3073 3524 3125 τούτων
3566 3072 3796 3142 μάταιον
3835 3073 3951 3140 ἔχει
3976 3073 4070 3123 τὸν

809 3146 1085 3215 virginum
1120 3147 1315 3201 similis
1350 3158 1453 3212 est,
1499 3152 1701 3219 quibus
1742 3164 1987 3225 tempore
2042 3161 2388 3216 necessitatis
2414 3200 2456 3255 ε
2493 3192 2494 3198 η

811 3235 1369 3255 ___A.__-.A.-__,.
1696 3243 1847 3255 -.
2016 3248 2263 3255 .

2387 3202 2388 3206 η
2414 3200 2456 3255 c
2493 3169 2671 3219 πόνον.
2713 3168 2805 3219 καὶ
2837 3166 2937 3219 οὑκ
2966 3166 3097 3238 εὐχὴ
3135 3168 3317 3237 μόνον,
3345 3166 3481 3219 ἀλλά
3511 3167 3605 3218 καὶ
3649 3168 3799 3217 πᾶσα
3852 3164 4072 3233 φιλοσο-

811 3251 919 3287 non
948 3235 1332 3289 aderatoleum
1359 3238 1411 3290 in
1439 3239 1787 3314 thalamo(i).
1806 3246 1921 3299 Non
1940 3248 2085 3302 enim
2107 3250 2382 3306 habebant

2490 3260 2616 3326 φίας
2650 3259 2802 3322 όδός,
2851 3259 3106 3328 τοιαύτην
3160 3259 3259 3328 μὲν
3306 3260 3502 3328 ἔχουσα
3534 3257 3632 3327 τὴν
3685 3257 3953 3327 βλάστην,
3986 3256 4060 3308 διο

812 3326 869 3379 in
893 3328 1091 3380 animis
1118 3328 1324 3393 lumen,
1355 3330 1577 3386 virtutis
1612 3334 1871 3400 fructum,
1899 3355 2077 3408 neque
2102 3341 2380 3395 lucernam
2473 3365 2497 3431 la

2473 3347 2776 3431 μαιοσύνης
2799 3347 2965 3411 ὅντως
2989 3326 3132 3399 ἐστὶν
3157 3326 3291 3410 όδός,
3307 3326 3399 3399 καὶ
3422 3347 3556 3416 πρὸς
3579 3326 3735 3415 όρθὸν
3753 3326 4066 3414 ἀγειτέλος·

806 3418 1053 3487 Spiritus
1085 3420 1141 3473 in
1186 3432 1387 3475 mente.
1413 3424 1593 3488 Quare
1627 3436 1682 3479 et
1716 3429 1910 3483 stultas
1937 3432 2134 3485 merito
2171 3436 2385 3489 vocavit

806 3526 905 3564 eas
924 3512 1222 3581 Scriptura,
1256 3514 1546 3572 deficiente
1583 3535 1768 3573 earum
1812 3522 2036 3586 virtute,
2064 3526 2382 3594 priusquam

809 3602 1022 3655 veniret
1055 3620 1307 3672 sponsus,
1336 3616 1391 3659 et
1426 3619 1714 3679 prOptcrea
1746 3613 1974 3667 miseras
2014 3615 2253 3668 thalamo
2284 3634 2382 3671 su-

809 3708 982 3762 perno
1012 3696 1262 3749 exclusit.
1298 3698 1416 3751 Non
1445 3700 1591 3752 enim
1622 3702 1676 3753 in
1714 3702 1845 3770 ipsis
1886 3706 2128 3758 studium
2157 3708 2383 3777 virgini-

812 3786 939 3839 tatis
966 3788 1253 3855 reputavit,
1279 3805 1449 3857 quum
1467 3794 1711 3861 operatio
1728 3794 1964 3864 Spiritus
1992 3797 2122 3866 ipsis
2148 3798 2382 3854 deesset.

817 3879 887 3933 Et
912 3880 1067 3933 valde
1097 3881 1316 3935 merito.
1350 3884 1567 3936 Etenim
1596 3901 1737 3953 quae
1792 3888 1999 3943 utilitas
2030 3890 2156 3944 vitis
2182 3893 2382 3957 cultae,

808 3973 854 4025 si
894 3972 1105 4027 fructus
1137 3974 1354 4039 desunt,
1393 3988 1616 4046 pr0pter
1640 3995 1774 4047 quos
1797 3981 2039 4034 laborem
2072 3984 2221 4038 subit
2246 3986 2386 4055 agri-

808 4064 959 4116 cola?
992 4066 1141 4130 Quae
1195 4068 1403 4121 utilitas
1437 4069 1626 4122 ieiunii
1666 4079 1721 4123 et
1764 4072 2027 4125 orationis
2072 4085 2128 4128 et
2168 4076 2384 4144 vigilia-

811 4171 952 4218 rum,
980 4158 1023 4210 si
1054 4173 1157 4226 pax
1190 4158 1343 4213 deest
1369 4170 1423 4213 et
1451 4160 1672 4216 dilectio
1694 4171 1748 4216 et
1776 4166 1943 4217 ceteri
1972 4167 2176 4235 gratiae
2214 4168 2387 4238 Spiri-—

812 4256 899 4299 tus
945 4247 1194 4313 fruct-us,
1244 4266 1381 4318 quos
1431 4262 1651 4307 sanctus
1717 4267 2005 4310 enumerat
2061 4258 2386 4326 Apostolus?

809 4340 1036 4393 Omnem
1051 4342 1196 4395 enim
1222 4343 1448 4396 sustinet
1472 4345 1713 4399 laborem
1734 4357 1953 4416 propter
1972 4365 2034 4403 ea
2064 4360 2273 4403 amator
2291 4366 2384 4403 su-

809 4449 1009 4502 pernae
1030 4436 1258 4502 patriae,
1276 4437 1475 4504 quibus
1493 4437 1729 4506 Spiritus
1746 4442 2062 4494 attrahitur.
2078 4443 2381 4512 Etgratiae,

2482 3441 2685 3493 τούτων
2734 3441 2790 3493 δὲ
2830 3440 3177 3511 ἐστερημένῳ
3231 3439 3385 3492 κενὸν
3430 3439 3599 3508 ὄνομα
3638 3438 4067 3502 καταλείπεται,

2484 3533 2578 3584 καὶ
2620 3535 2743 3593 ταῖς
2794 3536 3003 3602 μωραῖς
3050 3531 3242 3594 ἐοικὼς
3290 3531 3617 3601 παρθένοις,
3661 3525 3751 3593 αἷς
3790 3530 3943 3600 παρὰ
3976 3529 4069 3583 τὸν

2484 3627 2673 3698 καιρὸν
2697 3626 2793 3695 τῆς
2824 3627 3012 3696 χρείας
3038 3627 3098 3678 οὐ
3128 3626 3307 3697 παρῆν
3329 3628 3384 3677 ὲν
3410 3625 3487 3694 τῷ
3509 3624 3754 3695 νυμφῶνι
3778 3624 3837 3675 τὸ
3862 3623 4065 3677 ἔλαιον.

2484 3719 2541 3770 ού
2566 3718 2671 3787 γάρ
2700 3714 2841 3786 εἶχον
2871 3719 2928 3769 ὲν
2957 3720 3079 3778 ταῖς
3116 3718 3312 3786 ψυχαῖς
3344 3717 3404 3769 τὸ
3432 3716 3568 3784 φῶς,
3599 3716 3693 3767 τὸν
3732 3716 3831 3783 τῆς
3861 3714 4064 3783 ἀρετῆς

2489 3806 2714 3875 καρπόν,
2735 3804 2853 3857 οὐδὲ
2872 3804 2963 3856 τὸν
2990 3804 3081 3855 τοῦ
3108 3804 3415 3874 πνεύματος
3438 3806 3493 3855 έν
3520 3806 3585 3873 τῇ
3608 3802 3815 3871 διανοίᾳ
3841 3802 4062 3870 λύχνον.

2484 3897 2605 3949 ὅθεν
2631 3897 2725 3947 καὶ
2773 3898 2962 3966 μωρὰς
3006 3895 3233 3958 εἰκότως
3270 3895 3557 3963 ὠνόμασεν
3587 3895 3620 3965 ἡ
3655 3894 3865 3964 γραφή,
3897 3893 4065 3962 συλη-

2486 3988 2705 4058 σθείσης
2722 3988 2761 4057 ⁴⁵)
2785 3987 2961 4040 αὐτῶν
2982 3989 3081 4057 τῆς
3108 3987 3310 4057 ἀρετῆς
3334 3989 3464 4058 πρὶν
3492 3987 3666 4039 ἐλθεῖν
3691 3988 3780 4038 τὸν
3806 3986 4061 4055 νυμφίον,

2486 4080 2576 4131 καὶ
2606 4079 2691 4132 διὰ
2710 4078 2865 4131 τοῦτο
2888 4077 2979 4130 τοῦ
3006 4078 3117 4130 ἄνω
3146 4079 3435 4147 νυμφῶνος
3463 4078 3559 4142 τὰς
3588 4078 3777 4141 ἀθλίας
3800 4080 4062 4132 ἀπέκλει-

2487 4188 2597 4225 σεν.
2637 4172 2697 4223 οὐ
2729 4171 2834 4240 γάρ
2860 4170 3140 4239 ἐλογίσατο
3173 4172 3365 4232 αίίταῖς
3398 4170 3496 4241 τὴν
3530 4171 3764 4239 σπουδὴν
3793 4170 3893 4239 τῆς
3923 4189 4063 4242 παρ-

2486 4264 2664 4326 θενίας
2688 4262 2780 4315 τοῦ
2812 4262 2885 4333 μὴ
2908 4265 3163 4333 παρεῖναι
3184 4264 3283 4334 τὴν
3307 4262 3399 4315 τοῦ
3436 4261 3739 4332 πνεύματος
3756 4262 4060 4336 ἐνέργειαν.

2484 4356 2578 4407 καὶ
2612 4354 2752 4405 πάνυ
2790 4353 3033 4416 δικαίως.
3075 4355 3127 4407 τί
3174 4355 3284 4423 γὰρ
3314 4354 3504 4423 ὄφελος
3537 4353 3782 4423 ἀμπέλου
3819 4371 4062 4425 πεπονη-

2490 4449 2675 4518 μένης,
2698 4447 2924 4518 καρπῶν
2955 4448 3029 4518 μὴ
3058 4448 3360 4519 παρόντων,
3384 4439 3457 4499 ὧν
3478 4447 3661 4498 ἕνεκεν
3686 4447 3947 4517 ὑπομένει
3971 4448 4063 4500 τὸν

808 4540 947 4591 quae
972 4524 1095 4577 inde
1117 4527 1379 4591 nascitur,
1405 4530 1676 4597 particeps
1700 4530 1874 4585 factus
1896 4534 2127 4586 fructum
2148 4534 2305 4588 aﬂ‘ert
2327 4546 2381 4589 et
2414 4550 2458 4606 ι)
2484 4557 2493 4571 ι

2376 4554 2381 4589 ‘.
2414 4550 2458 4606 ι)
2484 4539 2644 4590 πόνον
2672 4541 2699 4590 ό
2727 4538 3005 4610 γεωργός;
3037 4537 3089 4589 τί
3128 4536 3318 4606 κέρδος
3346 4536 3597 4604 νηστείας
3630 4537 3723 4588 καὶ
3754 4536 4061 4606 προσευχῆς

807 4631 932 4667 cum
963 4616 1161 4685 gaudio
1189 4616 1393 4671 fruitur
1428 4620 1639 4674 cultura
1675 4623 1809 4691 agri,
1842 4640 2001 4692 quam
2047 4626 2103 4679 in
2148 4627 2375 4681 humili-

809 4716 918 4759 tate
959 4722 1056 4759 sua
1101 4717 1156 4760 et
1204 4708 1386 4762 studio
1419 4725 1645 4779 operum
1688 4713 1925 4783 Spiritus
1971 4716 2142 4770 coluit
2179 4719 2372 4787 gratia.

807 4798 1033 4865 Oportet
1060 4799 1225 4869 igitur
1255 4800 1471 4855 labores
1501 4805 1763 4858 orationis
1790 4815 1843 4858 et
1880 4808 2068 4861 ieiunii
2094 4818 2148 4862 et
2170 4822 2378 4865 cetero-

808 4902 930 4939 rum
960 4904 1185 4957 operum
1226 4905 1348 4942 cum
1377 4892 1547 4944 multo
1567 4895 1761 4961 gaudio
1787 4904 1841 4949 et
1864 4896 2007 4950 bona
2039 4913 2134 4966 spe
2167 4900 2373 4964 subire,

809 4978 969 5031 liores
1003 4994 1132 5032 vero
1192 4981 1441 5034 laborum
1492 4991 1547 5035 ct
1596 4984 1809 5039 fructus
1867 4989 2093 5043 credere
2138 4990 2376 5059 Spiritus

806 5083 923 5121 esse
950 5071 1312 5137 operationes.
1333 5072 1481 5137 Quae
1495 5075 1539 5127 si
1557 5076 1679 5143 quis
1698 5078 1802 5130 sibi
1821 5078 2163 5136 adscribatet
2186 5084 2371 5138 omnia

805 5158 920 5212 suis
946 5159 1226 5215 laboribus
1257 5164 1543 5229 attribuat,
1564 5181 1664 5235 pro
1690 5168 2241 5227 immarcescibilibus
2262 5174 2379 5229 fru-

2484 4632 2578 4683 καὶ
2612 4630 2917 4701 ἀγρυπνίας
2933 4671 2947 4692 ,
2977 4631 3198 4699 εἰρήνης
3218 4628 3462 4699 ἀπούσης
3490 4629 3583 4681 καὶ
3599 4628 3817 4697 ἀγάπης
3836 4629 3931 4679 καὶ
3954 4628 4061 4679 τῶν

2483 4722 2683 4776 λοιπῶν
2706 4722 2799 4791 τῆς
2818 4721 2909 4773 τοῦ
2929 4721 3238 4789 πνεύματος
3254 4720 3474 4791 χάριτος
3490 4720 3738 4789 καρπῶν,
3756 4718 3846 4782 οὒς
3864 4720 3892 4770 6
3909 4718 4061 4786 ἅγιος

2484 4812 2876 4884 ἀπαριθμεῖται
2916 4812 3244 4878 ἀπόστολος;
3281 4814 3459 4864 πάντα
3490 4811 3598 4881 γὰρ
3633 4811 3923 4878 ὑφίσταται
3962 4810 4061 4863 πό-

2484 4922 2573 4957 νον
2609 4904 2811 4957 τούτων
2832 4906 3016 4957 ’ἐνεκεν
3062 4904 3209 4973 ότῆς
3238 4906 3349 4957 ἀνω
3378 4902 3562 4973 χώρας
3597 4906 3851 4975 ἐραστής,
3886 4903 3952 4955 δι’
3984 4896 4060 4956 ὧν

2485 4995 2769 5062 ἐφέλκεται
2800 4994 2860 5046 τὸ
2887 4993 3124 5062 πνεῦμα.
3144 4992 3237 5046 καὶ
3266 4993 3363 5062 τῆς
3394 4991 3602 5045 ἐκεῖθεν
3627 4990 4060 5062 μεταλαμϐάνων

2484 5085 2700 5155 χάριτος
2722 5087 3060 5154 καρποφορεῖ
3079 5085 3171 5137 καὶ
3190 5083 3452 5136 ἀπολαύει
3478 5083 3591 5153 μετ’
3607 5082 3945 5151 εὐφροσύνης
3960 5083 4060 5148 τῆς

2482 5177 2776 5246 γεωργίας,
2810 5178 2876 5247 ἢν
2904 5179 2962 5230 έν
2982 5178 3050 5248 τῇ
3082 5174 3275 5229 ἑαυτοῦ
3306 5174 3774 5243 ταπεινοφροσύνῃ
3808 5171 3905 5223 καὶ
3939 5172 4057 5223 ἑπι-

2090 5310 2345 5366 V'ARIAE
2384 5312 2677 5369 LECTION
2684 5314 2786 5371 ES.

946 5438 1195 5520 Emend.”
1234 5436 1364 5520 cod;
1393 5438 1697 5520 ἀκαίραιον.
1758 5471 1826 5480 —-
1853 5440 1893 5509 ’)
1920 5443 2113 5520 again
2154 5445 2276 5520 c_od.
2318 5448 2503 5520 delere
2542 5453 2751 5507 studuit
2777 5469 2886 5509 ree.
2916 5470 2990 5508 m.
3056 5484 3125 5492 —
3151 5454 3193 5520 ⁸)

3247 5453 3502 5513 Emend,
3534 5450 3656 5503 cod.
3688 5449 4055 5517 πΑανομένης.

807 5506 1364 5595 πλλᾼιιγεγῄσξταιῖ
1394 5506 1793 5595 υομιγγξῖγιήξαι.
1831 5506 1958 5582 -4⁸)
1992 5514 2243 5581 Einend.,
2269 5519 2391 5572 cod.
2426 5506 2830 5589 mlkorrigara‘t.‘
2848 5506 3189 5595 :i—iierorrq'
3222 5522 3344 5578 cod.
3385 5506 3721 5591 σηεσθησης,
3769 5506 3959 5574 literas
3990 5506 4057 5571 ῦλ

807 5578 992 5632 blattis
1017 5579 1313 5631 exstinctus
1351 5580 1494 5632 coni.
1532 5580 1738 5634 addidi.

2295 5704 2541 5761 NOTAE.

881 5783 954 5851 (1)
986 5783 1170 5836 Μελ-[ιιι.
1208 5784 1365 5848 XXV,
1411 5785 1428 5837 l
1468 5803 1583 5855 sqq.
