4266 6356
200 358 304 415 637

1608 369 2010 427 EPISTOLAE.

3338 380 3445 437 £38

201 474 334 545 μελε
344 473 400 544 la
418 473 529 526 τῶν
549 473 727 543 ἔργων
754 478 788 546 ἡ
808 476 903 531 τοῦ
925 476 1232 549 πνεύματος
1258 478 1568 551 ὲγεὼργησε
1591 480 1768 552 χάρις.
1800 487 1847 552 Α
1873 497 1886 534 ι

1755 520 1768 534 .
1800 487 1847 552 Α
1873 480 2052 536 ctihus
2072 480 2180 535 illis
2202 479 2373 536 fastus
2396 482 2487 536 tali
2521 491 2577 537 ct
2603 484 2857 552 superbia
2886 487 3151 555 quaedam
3182 498 3439 560 gignitur.

200 567 284 619 δεῖ
310 562 408 618 οῦν
440 567 567 628 τοὺς
598 568 698 636 μὲν
730 570 921 633 πόνους
950 569 1049 639 τῆς
1078 570 1243 640 εὐχῆς
1272 571 1366 624 καὶ
1390 572 1642 641 νηστείας
1679 572 1773 625 καὶ

194 656 305 708 τῶν
332 657 536 709 λοιπῶν
578 656 756 728 ἔργων
785 660 921 728 μετὰ
963 662 1162 729 πολλῆς
1190 663 1380 733 ἡδονῆς
1432 664 1525 716 καὶ
1561 664 1771 733 ἀγαθῆς

196 746 419 809 ἐλπίδος
455 748 807 814 ὑφίστασθαι,
837 750 906 804 τὰ
937 751 992 804 δὲ
1026 752 1158 822 άνθη
1180 753 1288 807 τῶν
1317 754 1513 817 πόνων,
1533 755 1772 819 καὶτοὺς

194 836 449 906 καρπούς
471 878 486 900 ,
514 838 608 889 τοῦ
642 840 951 909 πνεύματος
978 836 1116 894 εἶναι
1156 842 1430 896 πιστεύειν
1468 843 1765 915 ὶνεργείας.

194 930 244 979 εί
276 929 387 996 γὰρ
434 929 613 999 ἑαυτῷ
644 946 727 992 τις
754 930 1018 999 λογίζοιτο
1051 932 1252 994 ταῦτα,
1276 934 1368 987 καὶ
1403 934 1464 987 τὸ
1505 936 1611 987 πᾶν
1640 936 1769 988 ἀνα-

194 1020 318 1088 θείη
344 1024 457 1083 τοῖς
483 1022 687 1084 πόνοις,
709 1022 828 1076 ἀντὶ
852 1024 958 1075 τῶν
980 1025 1270 1095 ἀκηράτων
1291 1026 1515 1080 ἐκείνων
1540 1026 1770 1097 καρπῶν

194 1108 489 1172 ἀλαζονεία
539 1110 618 1181 τῷ
652 1112 879 1182 τοιούτῳ
931 1114 1027 1165 καὶ⁵
1073 1114 1329 1183 φρόνημά
1357 1133 1407 1167 τι
1451 1117 1491 1184 ¹)
1549 1115 1763 1184 φύεται.

195 1200 376 1254 ταῦτα
406 1203 465 1255 δὲ
507 1202 576 1254 τὰ
603 1202 749 1267 πάθη
775 1203 1027 1276 καθάπερ
1063 1221 1149 1269 τις
1175 1205 1422 1275 σηπεδὼν
1450 1208 1493 1275 ')
1516 1210 1634 1269 ταῖς
1659 1207 1769 1261 τῶν

192 1293 438 1345 εὐκόλων
458 1294 657 1363 ψυχαῖς
695 1294 1010 1364 ἐμφυόμενα
1038 1295 1338 1364 διαφθείρει
1371 1298 1463 1349 καὶ
1496 1296 1765 1349 ἀπόλλυσι

189 1382 319 1445 τοὺς
363 1381 580 1444 πόνους.
624 1382 677 1435 τί
720 1376 813 1434 οὖν
851 1380 960 1451 χρὴ
986 1384 1159 1435 ποιεῖν
1188 1381 1278 1435 τὸν
1314 1381 1390 1453 τῷ
1427 1381 1533 1453 θεῷ
1578 1381 1672 1435 καὶ
1700 1385 1764 1453 τῇ

191 1470 404 1523 ἐκείνου
453 1471 632 1535 ζῶντα
673 1471 881 1537 έλπίδις
932 1473 1059 1534 τοὺς
1111 1472 1210 1541 μὲν
1240 1472 1380 1543 ὑπὲρ
1422 1472 1521 1542 τῆς
1567 1472 1767 1543 ἀρετῆς

190 1561 418 1629 ἀγῶνας
468 1561 586 1631 μεθ’
635 1560 830 1631 ἡδονῆς
876 1562 1203 1631 ὑπομένειν,
1238 1562 1336 1632 τὴν
1371 1562 1636 1633 λύτρωσιν
1668 1564 1763 1632 τῆς

187 1652 379 1721 ψυχῆς
412 1655 477 1705 ὲκ
525 1652 634 1704 τῶν
668 1650 856 1704 παθῶν
876 1691 891 1712 ,
925 1653 1019 1703 καὶ
1050 1649 1186 1720 πρὸς
1235 1650 1333 1720 τὴν
1384 1652 1689 1721 ἀκροτάτην
1720 1651 1763 1707 ⁸)

189 1745 301 1795 τῶν
360 1742 573 1813 ἀρετῶν
618 1742 802 1795 ἄνοδον
861 1741 961 1811 τῆς
1008 1741 1341 1809 τελειότητος
1364 1780 1379 1803 ,
1433 1741 1519 1794 ἐπ’
1568 1742 1763 1810 ἐκείνῳ

1874 571 2031 627 Tales
2078 582 2259 627 autem
2291 575 2571 643 passiones
2594 586 2655 630 ut
2690 580 2923 647 putredo
2955 582 3222 651 quaedam
3264 586 3319 638 in
3350 602 3442 640 so-

1870 664 2128 719 cordibus
2171 665 2369 720 animis
2408 666 2569 719 insita
2603 667 2817 724 labores
2848 672 3176 741 disperdunt
3222 684 3278 729 et
3318 692 3441 729 cor-

1870 765 2147 825 rumpunt.
2181 755 2448 821 Quidnam
2473 759 2638 830 igitur
2662 760 2841 815 facere
2873 763 3035 817 debet
3064 765 3109 819 is
3138 766 3231 834 qui
3254 766 3363 820 Deo
3386 776 3442 820 et

1868 846 1982 914 spei
2012 846 2133 901 eius
2158 846 2322 901 vivit?
2339 849 2646 907 Certamina
2668 854 2889 909 virtutis
2925 870 3049 908 cum
3083 858 3281 925 gaudio
3310 873 3438 912 sus-

1868 935 2064 1001 tinere,
2100 939 2476 1007 purgationem
2538 944 2747 999 animae
2795 961 2825 999 a
2869 946 3233 1014 passionihus,
3271 957 3328 1003 et
3370 949 3439 1002 ad

1867 1042 2139 1081 summum
2182 1029 2449 1085 virtutum
2498 1033 2725 1102 gradum
2762 1036 3134 1105 perfectionis,
3178 1040 3343 1109 218
3380 1042 3438 1095 in

1868 1117 1986 1187 ipso
2014 1134 2164 1188 spem
2187 1136 2409 1189 ponere,
2442 1132 2497 1177 et
2523 1123 2671 1178 illius
2695 1125 3017 1196 benignitati
3038 1129 3334 1186 confidere.
3359 1132 3438 1187 Ita

1865 1209 2014 1264 enim
2044 1221 2264 1279 paratus
2304 1221 2361 1266 et
2400 1212 2588 1269 fruens
2626 1232 2711 1281 ea,
2740 1234 2902 1288 quam
2946 1221 3211 1289 credidit,
3239 1225 3434 1293 gratia,

1867 1298 1983 1353 sine
2014 1299 2199 1357 labore
2231 1303 2425 1370 currit,
2462 1304 2769 1376 despiciens
2802 1309 3100 1365 adversarii
3143 1314 3435 1381 malitiam,

1865 1390 2069 1459 quippe
2102 1408 2272 1461 quum
2303 1394 2409 1448 iam
2447 1396 2520 1451 sit
2544 1400 2867 1470 peregrinus
2918 1402 3010 1456 ille
3059 1413 3116 1459 et
3161 1405 3375 1461 solutus
3405 1423 3439 1463 ιι

1864 1481 2209 1549 passionibus
2241 1486 2410 1554 gratia
2432 1485 2658 1544 Christi.
2694 1490 2849 1547 Sicut
2880 1494 3028 1547 enim
3054 1535 3067 1558 ,
3099 1496 3193 1565 qui
3220 1497 3439 1567 iniquas

1864 1573 2146 1640 passiones
2164 1591 2263 1643 per
2291 1578 2597 1647 neglectum
2618 1581 2885 1637 bonorum
2909 1584 2963 1637 in
3000 1585 3244 1653 ipsarum
3270 1600 3438 1643 natu-

1865 1674 1979 1713 ram
2018 1660 2392 1730 introducunt,
2420 1674 2476 1721 et
2501 1667 2557 1722 in
2582 1668 2713 1738 ipsis
2746 1686 2871 1725 cum
2912 1672 3275 1735 delectatione
3307 1693 3405 1731 ver

1864 1761 2072 1816 santur,
2090 1752 2245 1809 facile
2274 1756 2428 1825 quasi
2452 1757 2693 1813 innatam
2715 1770 2771 1815 et
2802 1763 3077 1831 prepriam
3100 1765 3435 1835 voluptatem

190 1831 564 1903 παρίστασθαι
591 1832 689 1901 τὴν
719 1821 931 1896 ἐλπίδα,
963 1831 1056 1884 καὶ
1086 1834 1153 1901 τῇ
1185 1833 1313 1901 παρ’
1341 1831 1549 1884 ἐκείνου
1578 1831 1764 1899 φιλανο
1795 1834 1836 1888 Β
1866 1841 1875 1894 i

1749 1860 1764 1871 -
1795 1834 1836 1888 Β
1866 1841 1920 1895 in
1943 1858 2000 1897 se
2020 1821 2343 1914 suscipiunt,
2376 1847 2769 1906 fructificantes
2788 1821 3071 1908 avaritiam
3093 1865 3149 1910 et
3174 1821 3434 1913 invidiam

191 1924 415 1995 θρωπίᾳ
462 1924 761 1978 πιστεύειν.
814 1923 987 1987 οὕτως
1032 1924 1143 1994 γάρ
1174 1925 1689 1994 παρεσκευασμένος
1717 1924 1760 1994 ’⁵)

190 2017 286 2071 καὶ
321 2015 636 2079 ἀπολαύσας
668 2016 787 2085 τῆς,
819 2015 848 2067 ὃ
872 2016 917 2084 ⁸)
955 2015 1285 2068 πεπίστευκε
1306 2055 1320 2076 ,
1350 2016 1593 2087 χάριτος,
1625 2016 1759 2069 ἀπό-

188 2126 298 2171 νως
332 2108 536 2179 τρέχει,
566 2106 919 2177 καταφρονῶν
955 2110 1054 2177 τῆς
1076 2107 1169 2159 τοῦ
1197 2107 1287 2177 ὲχθ
1298 2107 1388 2177 ροῦ
1412 2107 1608 2170 κακίας
1627 2146 1641 2169 ,
1666 2108 1760 2161 ἆτε

184 2197 252 2267 δὴ
304 2196 453 2261 ξένος
490 2198 692 2257 ἐκεῖνος
723 2197 817 2249 καὶ
858 2194 1260 2267 λελυτρωμένος
1304 2195 1409 2248 τῶν
1458 2194 1647 2248 παθῶν
1692 2198 1757 2266 τῇ

184 2288 283 2342 τοῦ
318 2288 554 2357 Χριστοῦ
582 2288 784 2359 χάριτι.
831 2287 1021 2356 ὥσπερ
1050 2290 1158 2359 γάρ
1185 2289 1235 2340 oi
1268 2288 1335 2342 τὰ
1360 2288 1571 2360 πονηρά
1611 2288 1757 2359 πάθη

182 2382 277 2435 διὰ
305 2382 404 2446 τῆς
435 2380 543 2433 τῶν
577 2380 755 2433 καλῶν
799 2381 1069 2452 ραθυμίας
1096 2384 1160 2450 τῇ
1197 2380 1402 2435 ἑαυτῶν
1441 2382 1761 2448 ἐπεισάγον-

182 2491 281 2538 τες
304 2474 350 2542 ⁶)
375 2474 554 2541 τρύσει,
588 2474 682 2527 καὶ
706 2473 1073 2542 διατρίϐοντες
1102 2475 1160 2525 έν
1188 2475 1370 2537 αὐτοῖς
1406 2473 1542 2544 μετά
1562 2476 1755 2543 χαρᾶς,

184 2558 494 2618 ἐπιτελοῦσι
543 2564 740 2636 ῥᾳδίως
789 2563 976 2634 ὥσπερ
1007 2566 1130 2618 τινὰ
1160 2564 1397 2635 ἔμφυτον
1432 2566 1624 2637 ἡδονὴν
1664 2566 1757 2619 καὶ

182 2656 422 2722 οἰκείαν,
448 2654 814 2725 καρπούμενοι
848 2655 1160 2720 πλεονεξίαν
1194 2654 1286 2708 καὶ
1318 2657 1409 2710 τὸν
1441 2657 1633 2725 φθόνον
1660 2658 1756 2710 xal.

182 2749 285 2819 τὴν
317 2747 582 2817 πονηρίαν
613 2749 707 2801 καὶ
750 2748 817 2801 τὰ
866 2748 1029 2801 λοιπὰ
1062 2749 1202 2819 μέρη
1235 2750 1332 2818 τῆς
1380 2749 1758 2818 ἀντικειμένης

183 2840 410 2903 κακίας,
441 2838 616 2902 οὕτως
645 2839 743 2891 καὶ
777 2840 826 2892 οἱ
862 2839 957 2892 τοῦ
985 2840 1221 2909 Χριστοῦ
1254 2840 1350 2891 καὶ
1377 2843 1473 2909 τῆς
1498 2840 1757 2909 ἀληθείας

184 2929 417 2997 ἐργάται
444 2928 533 2979 διά
554 2945 615 2980 τε
651 2928 748 2997 τῆς
771 2928 1005 2990 πίστεως
1046 2928 1140 2980 καὶ
1166 2927 1274 2980 τῶν
1308 2928 1405 2997 τῆς
1433 2929 1631 2998 ἀρετῆς
1662 2929 1757 2979 πό-

184 3039 296 3073 νων
318 3020 389 3072 τά
436 3020 576 3091 ὑπὲρ
621 3020 719 3089 τὴν
748 3020 909 3087 φύσιν
938 3020 1117 3073 αὐτῶν
1150 3019 1331 3087 ἀγαθά
1358 3021 1510 3089 παρὰ
1534 3020 1632 3089 τῆς
1660 3019 1755 3073 τοῦ

182 3112 497 3179 πνεύματος
529 3111 747 3181 χάριτος
771 3109 888 3179 μεθ’
910 3110 1103 3179 ἡδονῆς
1135 3111 1375 3180 ἀρρήτου
1398 3110 1750 3180 καρποῦνται,

1861 1941 1917 1987 et
1942 1935 2200 1989 malitiam
2222 1947 2279 1992 et
2299 1948 2509 1995 ceteras
2529 1952 2714 2010 partes
2743 1944 3086 2000 adversariae
3117 1949 3433 2017 pravitatis;

1862 2022 1937 2077 ita
1958 2032 2013 2077 et
2034 2022 2235 2079 Christi
2257 2035 2313 2080 et
2336 2029 2588 2084 veritatis
2610 2031 2848 2086 cultores
2872 2049 2969 2102 per
2994 2034 3153 2090 fidem
3171 2046 3227 2090 et
3257 2039 3432 2093 virtu-

1862 2115 1931 2169 tis
1964 2115 2176 2171 labores
2207 2117 2350 2173 bona
2392 2135 2490 2175 sua
2538 2126 2974 2191 supernaturalia
3008 2142 3132 2181 cum
3168 2128 3431 2185 ineffabili

1863 2205 2065 2275 gaudio
2105 2206 2455 2274 fructiﬁcant,
2487 2219 2542 2266 et
2580 2211 2698 2267 sine
2730 2212 2915 2268 labore
2951 2214 3219 2271 sinceram
3246 2230 3303 2274 et
3335 2221 3437 2274 im-

1859 2296 2113 2351 mobilem
2142 2299 2301 2353 lidem
2328 2300 2638 2370 perficiunt,
2662 2303 3057 2360 immutabilem
3082 2324 3293 2377 pacem,
3329 2326 3430 2365 τοι

1859 2404 1976 2442 ram
2009 2389 2305 2447 bonitatem
2328 2434 2343 2457 ,
2384 2402 2440 2448 et
2468 2403 2653 2450 cetera
2686 2398 2898 2463 omnia,
2926 2401 3129 2469 quibus
3157 2403 3334 2457 anima
3373 2421 3433 2461 se

1858 2482 1973 2551 ipsa
2005 2485 2199 2538 melior
2221 2484 2382 2549 facta,
2399 2494 2455 2540 et
2473 2486 2666 2542 fortior
2686 2489 2983 2545 adversarii
3004 2494 3224 2558 malitia,
3249 2497 3431 2550 taber-

1856 2575 2109 2629 naculum
2131 2592 2327 2645 purum
2352 2594 2410 2632 se
2436 2578 2605 2648 ipsam
2624 2582 3120 2639 exhibetadorabili
3148 2597 3205 2641 et
3243 2599 3433 2644 sancto

1856 2664 2102 2734 Spiritui,
2133 2683 2162 2721 a
2194 2680 2303 2738 quo
2340 2669 2697 2726 immortalem
2730 2672 2931 2730 Christi
2981 2693 3168 2746 pacem
3197 2681 3425 2750 accipit,

1855 2773 1953 2826 per
2003 2774 2167 2827 quam
2219 2760 2464 2832 iungitur
2499 2772 2554 2818 et
2590 2765 2877 2834 copulatur
2912 2768 3160 2823 Domino.
3197 2770 3433 2842 Accepta

1855 2857 2035 2902 autem
2072 2849 2326 2937 Spiritus.
2350 2852 2552 2921 gratia,
2591 2863 2648 2907 et
2694 2856 2805 2910 Deo
2844 2859 3135 2914 coniuncta
3184 2867 3241 2914 ct
3284 2878 3428 2917 unus

1856 2936 2089 3006 Spiritus
2116 2954 2239 2992 cum
2262 2955 2331 2993 eo
2355 2940 2513 3004 facta,
2549 2957 2657 2996 non
2689 2943 2865 2998 solum
2907 2948 3165 3016 pr0priae
3201 2948 3426 3006 virtutis

1855 3043 2023 3096 opera
2049 3029 2209 3085 facile
2240 3030 2474 3099 perlicit,
2513 3033 2650 3087 nihil
2681 3046 2898 3090 certans
2926 3048 3117 3093 contra
3146 3039 3432 3096 inimicum

1864 3127 1926 3171 ut
1967 3118 2161 3173 fortior
2204 3120 2297 3175 ﬁat
2334 3121 2481 3176 illius
2537 3122 2781 3188 insidiis,
2816 3126 2934 3191 sed,
2988 3128 3135 3196 quod
3185 3129 3433 3185 omnium

182 3201 279 3253 καὶ
598 3169 906 3252 ἐπιτελοῦσι
931 3169 1288 3270 ’τὴν-’ἄδολον
1341 3203 1435 3254 κα⁸ι
1476 3169 1755 3272 ’ἄτρεπτον
1783 3169 1867 3261 Ci

1871 3169 1923 3171 ν-
2207 3169 2296 3175 __-
2334 3169 2479 3176 _____-
2537 3169 2781 3188 -----_---,
2816 3169 2934 3191 ην,
2990 3169 3135 3196 νυ..

1745 3169 1830 3251 'C
1859 3210 2154 3264 maximum
2208 3220 2313 3276 est,
2364 3212 2661 3269 Salvatoris
2716 3217 2999 3285 passiones
3048 3219 3103 3273 in
3151 3235 3209 3275 se
3257 3222 3430 3291 ipsam

182 3293 388 3352 πίστιν,
406 3292 508 3362 τὴν
536 3291 930 3345 ἀμετάπτωτον
955 3293 1197 3363 είρήνην,
1233 3292 1333 3363 τὴν
1363 3292 1531 3356 ὅντως
1560 3292 1758 3360 ἀγαθό-

180 3402 345 3453 τητα,
391 3383 463 3436 τά
504 3401 563 3436 τε
612 3383 773 3435 λοιπά
815 3384 1027 3446 πάντα,
1078 3384 1146 3435 δι’
1180 3379 1253 3436 ὧν
1298 3382 1442 3453 ψυχὴ
1492 3384 1757 3453 κρείττων

180 3476 388 3544 ἑαυτῆς
438 3475 694 3543 γινομένη
740 3474 969 3543 καὶτῆς
1012 3472 1107 3527 τοῦ
1159 3473 1352 3543 ἐχθροῦ
1404 3474 1750 3544 δυνατωτέρα

181 3564 419 3627 κακίας,
469 3564 782 3633 οἰκητήριον
835 3563 1072 3632 καθαρὸν
1123 3563 1321 3633 ἑαυτὴν
1387 3563 1615 3633 παρέχει
1678 3561 1755 3633 τῷ

180 3654 550 3728 προσκυνητῷ
582 3656 675 3706 καὶ
697 3655 836 3724 ἀγίῳ
869 3655 1159 3724 πνεύματι,
1191 3654 1318 3724 παρ’
1351 3647 1413 3708 οῦ
1437 3654 1536 3724 τὴν
1565 3653 1755 3706 ἀθάνα-

178 3766 275 3801 τον
322 3746 420 3800 τοῦ
471 3746 705 3818 Χριστοῦ
746 3746 982 3799 λαϐοῦσα
1028 3746 1283 3816 εἰρήνην,
1323 3746 1647 3799 συνάπτεται
1684 3745 1752 3798 δι’

179 3843 359 3911 αὐτῆς
398 3840 492 3892 καὶ
527 3840 923 3909 προπολλᾶται
961 3839 1037 3909 τῷ
1068 3840 1273 3909 κυρίῳ.
1309 3838 1547 3890 λαϐοῦσα
1571 3838 1753 3908 δὲτὴν

178 3934 276 3987 τοῦ
310 3932 619 4001 πνεύματος
649 3932 808 4003 χάριν
840 3932 934 3984 καὶ
958 3930 1273 4001 κθλληθεῖσα
1301 3929 1378 4000 τῷ
1403 3930 1529 4001 θεῷ,
1558 3930 1649 3982 καὶ
1673 3930 1752 3993 είς

181 4024 239 4076 ἓν
274 4026 497 4091 πνεῦμα
542 4023 657 4091 μετ’
704 4022 868 4076 αὐτοῦ
914 4022 1177 4092 γενομένη
1201 4062 1215 4084 ,
1264 4023 1326 4075 ού
1363 4022 1521 4091 μόνον
1547 4026 1616 4075 τὰ
1655 4021 1774 4090 τῆς-

179 4117 387 4177 οἰκείας
416 4114 618 4184 ἀρετῆς
655 4114 789 4184 ἔργα
828 4115 1023 4185 ῥᾳδίως
1052 4114 1317 4178 ἐπιτελεῖ,
1358 4114 1523 4185 μηδὲν
1556 4115 1753 4181 ἀγωνι-

181 4207 394 4277 ζομένη
431 4208 567 4275 πρὸς
604 4207 694 4259 τὸν
740 4206 930 4276 ἐχθρὸν
972 4205 1066 4259 τοῦ
1111 4205 1374 4276 κρείττων
1408 4205 1507 4276 τῆς
1543 4204 1751 4258 ἐκείνου

177 4298 473 4367 τυγχάνειν
511 4296 837 4367 ὲπιδουλῆς,
889 4297 1024 4349 ἀλλά
1062 4297 1123 4349 τὸ
1168 4297 1382 4350 πάντων
1423 4295 1642 4365 μεῖζον,
1683 4295 1753 4349 τὰ

176 4391 273 4445 τοῦ
307 4389 555 4458 σωτῆρος
599 4390 679 4451 εἰς
728 4388 925 4454 ἑαυτὴν
966 4388 1281 4457 ἀναδέχεται
1322 4385 1505 4456 πάθη,
1535 4387 1628 4439 καὶ
1667 4388 1754 4439 ὲν-

1856 3300 2104 3369 suscipit,
2130 3308 2185 3355 et
2211 3302 2268 3356 in
2294 3302 2401 3357 illis
2428 3306 2600 3375 magis
2627 3306 2951 3373 delectatur,
2970 3325 3131 3378 quam
3159 3321 3433 3369 amatores

1855 3390 1998 3445 vitae
2031 3391 2195 3445 huius
2230 3392 2484 3449 humanis
2514 3396 2817 3452 honoribus
2859 3407 2915 3453 et
2948 3401 3121 3470 gloria
3144 3413 3200 3457 et
3227 3404 3429 3474 regnis.

1852 3480 2177 3538 Christianis
2198 3484 2345 3537 enim
2380 3501 2479 3554 per
2503 3486 2701 3541 bonam
2740 3492 3211 3546 conversationem
3240 3501 3297 3548 et
3324 3492 3428 3549 do-

1853 3587 1984 3624 num
2014 3570 2246 3641 Spiritus
2281 3574 2455 3628 sancti
2483 3575 2541 3629 in
2574 3575 2968 3632 intellectualis
2988 3581 3181 3635 aetatis
3207 3598 3430 3639 mensu-

1854 3679 1990 3727 ram,
2012 3664 2259 3734 gratiam,
2276 3665 2519 3735 inquam,
2542 3668 2673 3737 ipsis
2692 3669 2891 3734 datam,
2910 3672 3182 3740 provectis
3196 3674 3363 3744 gloria
3376 3685 3434 3733 et

1852 3754 2079 3809 deliciae
2094 3764 2149 3810 et
2169 3757 2318 3810 omni
2346 3758 2684 3813 iucunditate
2709 3761 2905 3815 melior
2934 3764 3186 3833 voluptas
3204 3774 3289 3820 est
3304 3765 3432 3821 odio

1851 3842 2040 3898 haberi
2063 3855 2285 3915 propter
2296 3846 2592 3913 Christum,
2615 3851 2789 3917 tundi,
2815 3868 3029 3908 omnem
3048 3856 3431 3911 contumeliam

1850 3944 1907 3990 et
1954 3935 2309 4006 ignominiam
2350 3950 2574 4010 propter
2602 3942 2763 3997 ﬁdem
2809 3944 2865 3998 in
2918 3946 3087 4001 Deum
3120 3948 3426 4004 sustinere.

1852 4028 2029 4093 Quum
2054 4031 2201 4083 enim
2233 4046 2357 4101 spes
2381 4034 2559 4088 omnis
2589 4035 2719 4090 huic
2744 4036 2816 4090 sit
2847 4036 2902 4092 in
2934 4040 3340 4095 resurrectione
3368 4046 3430 4094 et

1850 4120 2052 4175 futuris
2077 4122 2235 4178 bonis
2266 4126 2462 4193 posita,
2487 4130 2818 4184 contumelia
2846 4131 3025 4185 omnis
3056 4142 3112 4187 et
3134 4131 3343 4203 ﬂagella
3365 4143 3426 4189 et

1852 4210 2017 4281 219
2049 4216 2457 4281 persecutiones
2484 4225 2539 4271 et
2579 4228 2793 4273 ceterae
2825 4221 3107 4289 passiones
3144 4238 3316 4292 usque
3356 4225 3427 4279 ad

1851 4317 2071 4357 crucem
2100 4320 2291 4359 omnes
2326 4306 2555 4362 deliciae
2593 4318 2651 4364 et
2689 4312 2910 4379 requies
2940 4321 2998 4366 et
3038 4313 3265 4383 pignora
3299 4322 3430 4368 sunt

1852 4391 2169 4446 coelestium
2201 4394 2603 4449 thesaurorum.
2644 4396 2797 4451 Beati
2844 4399 2992 4453 enim
3032 4401 3173 4462 estis,
3224 4400 3425 4470 inquit,

176 4482 362 4550 τρυορᾷ
402 4479 609 4541 τούτοις
649 4478 807 4530 πλέον
846 4480 878 4549 ἢ
921 4481 969 4531 οί
1003 4478 1227 4548 ἐρασταὶ
1268 4477 1361 4529 τοῦ
1395 4476 1507 4546 βίου
1562 4476 1751 4530 τούτου
1782 4503 1861 4570 D4

1742 4492 1751 4527 ι
1782 4516 1825 4570 D
1853 4496 1971 4533 cum
1991 4481 2364 4536 maledixerint
2384 4486 2523 4539 vobis
2541 4495 2589 4538 et
2615 4489 2869 4557 persecuti
2890 4504 2977 4541 vos
3000 4488 3195 4557 fuerint
3236 4505 3427 4545 omnes

177 4574 299 4633 ταῖς
330 4570 484 4640 παρά
509 4568 615 4621 τῶν
653 4569 957 4638 ἀνθρώπων
994 4571 1180 4637 τιμαῖς
1210 4569 1302 4621 καὶ
1325 4566 1503 4630 δόξαις
1543 4567 1637 4621 καὶ
1662 4567 1750 4619 δυ-

178 4663 482 4723 ναστείαις.
544 4660 869 4731 χριστιανῶν
913 4661 1023 4731 γὰρ
1072 4660 1160 4712 διὰ
1209 4660 1484 4722 πολιτείας
1540 4658 1751 4728 ἀγαθῆς

180 4754 275 4807 καὶ
322 4756 422 4825 τῆς
450 4751 547 4805 τοῦ
591 4753 900 4821 πνεύματος
941 4752 1176 4821 δωρεάς,
1212 4754 1291 4815 είς
1332 4751 1391 4803 τὸ
1420 4751 1519 4821 τῆς
1558 4750 1751 4821 νοητῆς

175 4846 397 4914 ἡλικίας
428 4846 625 4915 μέτρον
644 4886 659 4909 ,
684 4845 782 4914 τῆς
803 4845 1095 4915 δεδομένης
1126 4845 1297 4913 αὐτῆς
1344 4845 1591 4916 χάριτος,
1622 4860 1751 4914 upo—

176 4935 448 4988 ελθὸντων
478 4936 604 5000 δόξα
626 4936 719 4988 καὶ
746 4936 924 5007 τρυφὴ
948 4937 1040 4989 καὶ
1068 4936 1247 5005 πάσης
1274 4937 1462 5006 ἡδονῆς
1488 4936 1750 5006 κρείττων

176 5026 483 5088 ἀπόλαυσις
513 5026 573 5079 τὸ
605 5026 878 5096 μισεῖσθαι
911 5026 999 5079 διὰ
1026 5027 1282 5096 Χριστόν,
1320 5028 1380 5080 τὸ
1402 5026 1748 5090 ἐλαύνεσθαι,

178 5118 239 5170 τὸ
260 5119 446 5170 πᾶσαν
477 5117 633 5187 ὓϐριν
671 5118 763 5169 καὶ
799 5116 1056 5186 αἰσχύνην
1088 5117 1228 5187 ὑπὲρ
1257 5118 1357 5187 τῆς
1387 5119 1465 5180 είς
1499 5117 1621 5170 θεὸν
1655 5116 1747 5169 πί-

180 5224 355 5271 στεως
395 5209 706 5279 ὑπομένειν.
742 5206 844 5276 τῆς
893 5206 1001 5278 γὰρ
1046 5207 1255 5273 ἐλπίδος
1300 5209 1426 5280 ὅλης
1463 5208 1629 5279 οὔσης
1672 5206 1749 5278 τῷ

1854 4572 2103 4627 homines
2129 4582 2177 4626 et
2204 4574 2431 4628 dixerint
2452 4593 2605 4629 omne
2633 4577 2833 4630 malum
2867 4578 3144 4632 aduersum
3166 4596 3252 4632 vos
3277 4596 3425 4633 men-

1847 4663 2054 4727 tientes,
2074 4672 2285 4733 propter
2304 4681 2413 4729 me;
2433 4666 2657 4735 gaudete
2677 4674 2726 4719 et
2746 4667 3000 4731 exultate,
3023 4671 3274 4739 quoniam
3291 4685 3427 4722 mer-

1846 4768 1925 4806 ces
1948 4762 2119 4807 vestra
2138 4756 2347 4823 copiosa
2378 4766 2453 4808 est
2482 4757 2539 4809 in
2559 4756 2713 4811 caelis
2729 4756 2829 4829 (l).
2849 4759 2918 4813 Et
2948 4759 3245 4829 Apostolus
3268 4778 3280 4813 :
3307 4760 3425 4814 Non

1846 4844 2019 4898 solum
2042 4855 2240 4909 autem,
2274 4847 2363 4899 sed
2396 4855 2444 4900 et
2469 4846 2757 4917 gloriantes
2782 4851 2837 4903 in
2860 4850 3282 4905 tribulationibus
3312 4852 3421 4923 (2);

1846 4944 1906 4989 et
1938 4936 2097 4990 alibi:
2144 4937 2385 4991 Libenter
2427 4940 2590 5009 igitur
2630 4939 2897 5010 gloriabor
2939 4942 2996 4993 in
3029 4941 3424 5009 inﬁrmitatibus

1850 5027 1997 5091 meis,
2031 5035 2089 5079 ut
2121 5029 2372 5083 inhabitet
2400 5029 2456 5083 in
2491 5048 2572 5083 me
2596 5031 2760 5085 virtus
2790 5029 3003 5085 Christi.
3042 5030 3263 5101 Propter
3286 5034 3425 5102 quod

1856 5118 2033 5187 placeo
2078 5120 2203 5172 mihi
2231 5120 2287 5174 in
2312 5120 2733 5187 inﬁrmitatibus,
2767 5124 2824 5176 in
2856 5122 3213 5189 contumeliis,
3240 5124 3296 5177 in
3330 5142 3421 5178 ne-

1854 5210 2193 5276 cessitatibus,
2224 5212 2280 5265 in
2306 5214 2633 5281 carceribus;
2672 5231 2790 5268 cum
2824 5216 2963 5269 enim
3005 5214 3270 5283 inﬁrmor,
3301 5224 3423 5272 tunc

1479 5362 1734 5419 VARIAE
1772 5366 2063 5424 LECTION
2070 5368 2172 5423 ES.

288 5472 307 5502 ί
366 5471 503 5525 Cod.
539 5477 879 5557 tppovﬁpattL
914 5509 989 5557 Γ
1016 5479 1058 5543 ¹)
1098 5477 1509 5557 Ἐξιιιαιιείηηςοιί.
1552 5480 1873 5557 τισηπεδὼν.
1901 5513 1989 5557 _——
2022 5480 2063 5548 ³)
2105 5482 2359 5550 Emend.,
2392 5484 2514 5539 cod.
2555 5484 2873 5557 ἀκρότατον.
2910 5513 2979 5525 -
3008 5482 3050 5555 ⁸)
3077 5482 3256 5553 Corn,
3297 5482 3417 5541 eod.

179 5547 722 5615 παρασκευασμένος.
753 5579 819 5587 --
845 5548 886 5619 ⁵)
913 5548 1002 5603 Sic
1039 5550 1159 5604 cod.
1180 5581 1245 5590 —-—
1271 5550 1311 5619 ‘)
1344 5550 1522 5613 Cum,
1560 5547 1679 5603 cod.
1726 5552 2125 5620 ἐπεισάγονται.

1676 5660 1922 5716 NOTAE.

250 5763 329 5836 (l)
369 5764 560 5820 Matth.
589 5767 649 5827 γ,
683 5768 760 5821 ll.

1926 5778 1998 5843 tl)
2043 5775 2195 5829 lium.
2225 5776 2287 5840 ν,
2311 5776 2363 5828 5.
