4266 6356
851 353 958 412 ιδθ
2138 352 2195 406 S.
2240 350 2520 405 MACARH

2411 350 2520 405 imi
2556 349 2872 403 AEGYPTII
3995 351 4096 408 ιω

853 481 1033 539 potens
1052 468 1269 539 sum(l).
1291 469 1357 522 Et
1380 468 1576 522 iterum
1599 486 1610 519 :
1638 466 1780 522 Sicut
1809 468 1903 521 Dei
1928 469 2148 521 ministri
2169 470 2222 521 in
2248 467 2415 521 multa
2446 474 2489 529 Α
2516 484 2538 518 τ

2411 488 2415 518 ι
2446 474 2489 529 Α
2516 467 2739 535 τοιούτῳ
2767 465 2901 535 πρὸς
2931 464 2996 535 τῇ
3024 465 3317 520 ἀναστάσει
3362 466 3456 519 καὶ
3496 468 3605 529 τοῖς
3640 465 3931 535 μέλλωσιν
3961 469 4096 536 ἀγα-

851 561 1211 631 ραιίεηιὶα(2).
1235 561 1376 613 llaec
1392 560 1537 612 enim
1560 560 1730 629 gratia
1752 558 1983 628 Spiritus
2002 567 2167 612 totam
2184 559 2419 614 animam
2521 562 2536 606 ι

2412 578 2419 611 ι
2521 558 2651 617 Οοῖς,
2684 554 2836 624 ὖὸρις
2884 557 3031 607 πᾶσα
3070 555 3163 607 καὶ
3206 556 3466 625 μάστιγες
3494 559 3588 609 καὶ
3616 557 3847 627 διωγμοὶ
3890 560 3989 611 καὶ
4028 562 4097 613 τὰ

851 668 1142 721 occupans,
1178 661 1234 705 et
1272 652 1500 719 implens
1542 652 1934 704 habitationem
1969 650 2168 719 gaudio
2213 658 2269 703 et
2305 650 2417 703 vir—
2518 645 2536 695 ὶ

2415 681 2417 688 ι
2518 645 2679 697 λοιπά
2699 644 2841 714 πάθη
2874 646 3032 715 μέχρι
3059 645 3151 697 τοῦ
3182 646 3415 715 σταυροῦ
3442 646 3617 699 πάντα
3641 648 3818 717 τρυφὴ
3846 652 3943 701 καὶ
3971 651 4100 704 ἀνά-

852 753 986 805 tute,
1024 743 1210 795 dulces
1257 742 1437 795 reddit
1476 746 1689 795 animae
1730 743 1942 796 Domini
1987 743 2297 811 passiones,
2323 757 2418 810 spe
2519 756 2537 789 ἰ

2415 767 2418 790 ι
2519 755 2716 800 παυσις
2743 738 2835 790 καὶ
2865 737 2972 789 τῶν
2997 738 3263 807 οὐρανίων
3292 738 3522 808 ἐνέχυρα
3548 739 3833 808 θησαυρῶν
3853 756 3867 770 ·
3900 742 4100 808 μακά-

846 836 1156 888 futurorum
1198 834 1498 903 praesentis
1534 834 1739 887 doloris
1782 850 2000 888 sensum
2040 834 2413 903 exstinguens.

845 923 907 978 In
945 935 1050 977 tam
1075 925 1343 977 excelsam
1377 924 1541 992 igitur
1564 926 1817 978 virtutem
1840 932 1895 977 et
1927 924 2187 978 honorem
2214 939 2414 992 coope-

847 1016 1055 1068 rationc
1098 1015 1332 1083 Spiritus
1377 1016 1663 1084 pervenire
1692 1016 1971 1084 cupientes
2006 1016 2079 1070 ita
2124 1032 2413 1070 conversa-

843 1104 1001 1167 mini,
1058 1121 1274 1158 omnem
1308 1106 1551 1158 laborem
1604 1113 1659 1159 et
1708 1116 1984 1159 certamen
2032 1122 2157 1160 cum
2216 1106 2413 1176 gaudio

844 1195 1164 1257 subeuntes,
1190 1205 1249 1249 ut
1272 1195 1420 1264 digni
1446 1196 1738 1249 videamini
1768 1196 2157 1249 inhabitatione
2181 1195 2414 1265 Spiritus

842 1283 901 1337 in
927 1285 1105 1346 nobis,
1135 1294 1188 1337 et
1213 1286 1514 1339 hereditate
1543 1302 1665 1339 cum
1688 1286 1903 1341 Christo
1921 1302 2261 1355 nequaquam
2284 1287 2412 1341 elati

844 1390 1020 1443 neque
1046 1376 1263 1429 levitate
1290 1376 1559 1440 dissoluti,
1586 1388 1643 1431 ut
1664 1394 1837 1447 neque
1868 1378 1967 1446 ipsi
1995 1379 2218 1443 cadatis,
2238 1396 2413 1449 neque

843 1466 965 1519 aliis
1002 1476 1250 1520 auctores
1302 1469 1507 1535 peccati
1555 1468 1712 1522 ﬁatis.
1760 1470 1814 1523 Si
1865 1472 1958 1539 qui
2000 1486 2131 1524 vero
2169 1472 2412 1524 nondum

844 1572 1084 1610 summae
1119 1559 1381 1611 orationis
1414 1560 1677 1614 habentes
1715 1570 1958 1615 tenorem
1986 1602 1999 1625 ,
2035 1578 2212 1631 neque
2253 1563 2411 1616 debi-

845 1656 953 1699 tam
988 1648 1115 1700 huic
1142 1649 1293 1717 Operi
1324 1649 1657 1718 diligentiam
1681 1660 1735 1704 et
1760 1652 2036 1713 virtutem,
2074 1653 2173 1706 hac
2206 1653 2410 1706 virtute

843 1737 1218 1793 destituuntur
1244 1758 1255 1791 :
1291 1741 1344 1793 in
1374 1743 1573 1795 ceteris
1608 1743 1864 1812 impleant
1897 1744 2285 1807 obedientiam,
2313 1760 2410 1813 pro

2510 847 2628 897 ριοι
2657 830 2767 899 γάρ
2796 831 2954 891 ἐστε,
2984 829 3146 897 φησίν
3167 871 3181 893 ,
3210 830 3354 882 ὅταν
3386 830 3766 885 ὀνειδίσωσιν
3803 831 3965 901 ὑμᾶς
4001 833 4101 884 καὶ

2518 924 2769 986 διώξωσι
2802 925 2999 986 πάντες
3044 925 3093 975 οῖ
3124 923 3420 992 ἄνθρωποι,
3456 924 3553 975 καὶ
3585 925 3795 977 almum
3823 924 3951 977 πᾶν
3994 941 4102 976 πο-

2515 1017 2701 1083 νηρῶν
2743 1015 2909 1084 ῥῆμα
2976 1018 3104 1071 καθ’
3156 1017 3353 1085 ὑμῶν,
3411 1016 3830 1086 ψευδόμει·[οι,
3882 1016 4101 1069 ἕνεκεν

2516 1106 2688 1175 slum”;
2726 1108 2765 1173 ¹>
2788 1122 2800 1136 ·
2828 1107 3060 1174 χαίρετε
3083 1108 3124 1169 ¹)
3157 1106 3254 1158 καὶ
3286 1106 3785 1174 ἀγαλλιᾶσθε,ὃτι
3818 1108 4098 1173 ὀμισθὸς

2516 1196 2682 1263 ὑμῶν
2718 1197 2911 1260 πολὺς
2948 1198 3017 1249 ἐν
3054 1196 3176 1262 τοῖς
3209 1197 3503 1263 οὐρανοῖς.
3549 1199 3641 1249 καὶ
3680 1198 3708 1249 ὁ
3752 1197 4094 1259 ἀπόστολος·

2514 1288 2587 1338 οὐ
2606 1290 2797 1353 μόνον
2822 1285 2887 1339 δέ
2912 1326 2925 1347 ,
2956 1288 3112 1339 ἀλλὰ
3148 1286 3244 1338 καὶ
3289 1286 3660 1355 καυχώμενοι
3688 1288 3758 1339 ἐν
3786 1287 3915 1352 ταῖς
3963 1289 4097 1340 θλί-

2514 1381 2680 1445 ψεσι.
2727 1380 2820 1430 καὶ
2865 1378 3131 1448 ἀλλαχοῦ·
3181 1378 3398 1444 ’ἥδιστα
3437 1376 3549 1433 οὖν
3596 1380 3985 1449 καυχήσομαι
4025 1382 4097 1433 ἐν

2514 1468 2642 1533 ταῖς
2669 1468 3005 1532 ἀσθενείαις
3042 1488 3191 1537 μου,
3228 1471 3327 1523 ἵνα
3352 1470 3744 1537 ἐπισκηνώσῃ
3777 1471 3869 1522 ἐπ’
3906 1472 4016 1538 ἐμὲ
4052 1474 4093 1539 ἡ

2514 1560 2762 1625 δύναμις
2783 1558 2887 1612 τοῦ
2923 1558 3209 1625 Χριστοῦ·
3239 1558 3330 1611 διὸ
3357 1558 3584 1612 εὐδοκῶ
3614 1560 3684 1611 ἐν
3717 1560 4091 1624 ἀσθενείαις,

2512 1651 2582 1703 ἐν
2602 1653 2875 1718 ὕϐρεσιν,
2905 1650 2973 1703 ἐν
3006 1651 3316 1718 ἀνάγκαις,
3349 1652 3418 1702 ἐν
3439 1650 3761 1718 φυλακαῖς·
3796 1650 3944 1703 ὅταν
3979 1651 4093 1718 γὰρ

2512 1741 2776 1799 ἀσθενῶ.
2807 1743 2937 1794 τότε
2979 1742 3242 1807 δυνατός
3284 1745 3419 1810 εἰμι.
3459 1743 3553 1794 καὶ
3597 1741 3786 1793 πάλιν·
3819 1743 3902 1806 ὡς
3945 1742 4092 1795 θεοῦ

842 1830 1053 1882 viribus
1104 1831 1439 1895 servientes,
1468 1834 1721 1887 lubenter
1771 1844 2077 1903 operantes,
2126 1836 2412 1905 diligenter
2449 1832 2527 1885 Bt

2404 1854 2412 1865 -
2449 1832 2485 1885 Β
2511 1834 2775 1887 διάκονοι
2804 1834 2873 1886 ἐν
2898 1832 3173 1902 ὑπομονῇ
3197 1833 3419 1899 πολλῇ.
3448 1833 3587 1902 αὕτη
3613 1832 3722 1903 γὰρ
3747 1835 3779 1903 ἡ
3810 1834 3973 1903 χάρις
3995 1833 4089 1885 τοῦ

842 1920 1216 1975 ministrantes
1268 1939 1391 1975 cum
1447 1923 1664 1991 gaudio,
1708 1940 1816 1977 non
1853 1926 2104 1979 mercede
2162 1926 2407 1990 honoris,

848 2026 1027 2079 neque
1070 2022 1290 2079 propter
1342 2013 1633 2067 humanam
1678 2016 1937 2084 gloriam,
1968 2032 2143 2085 neque
2188 2027 2409 2086 prepter

845 2102 1127 2155 mollitiam
1157 2104 1237 2156 vel
1278 2105 1580 2158 socordiam
1609 2107 1821 2161 labores
1852 2108 2212 2170 remittentes,
2233 2125 2408 2177 neque

842 2199 904 2244 ut
923 2191 1116 2245 alienis
1146 2195 1469 2261 corporibus
1492 2205 1547 2249 et
1582 2198 1867 2252 animabus
1890 2199 2051 2266 220
2084 2200 2405 2263 servientes,

837 2281 935 2334 sed
972 2291 1030 2333 ut
1053 2282 1255 2335 Christi
1286 2285 1475 2349 servis,
1514 2295 1574 2339 ut
1612 2288 1815 2340 nostris
1844 2289 2181 2355 visceribus,
2217 2300 2278 2343 ut
2310 2307 2410 2359 pu-

840 2389 961 2425 rum
1014 2384 1069 2426 et
1110 2375 1384 2429 sincerum
1435 2393 1571 2445 opus
1622 2387 1865 2431 vestrum
1912 2390 2170 2449 appareat
2223 2398 2407 2435 coram

838 2466 968 2519 Deo.
988 2467 1157 2521 Nemo
1184 2485 1312 2522 vero
1339 2469 1403 2522 de
1428 2470 1692 2523 bonorum
1718 2486 1941 2540 operum
1963 2474 2143 2527 studio
2172 2474 2404 2540 dictitet,

839 2572 947 2609 non
992 2574 1151 2625 posse
1191 2576 1248 2613 se
1296 2562 1555 2628 perlicere
1603 2578 1667 2615 ea
1721 2579 1858 2631 quae
1905 2565 2139 2617 animam
2178 2566 2404 2619 salvent.

839 2647 1026 2717 Neque
1056 2650 1201 2703 enim
1246 2651 1389 2703 Deus
1424 2652 1778 2719 impossibilia
1822 2652 2055 2722 iniungit
2082 2655 2253 2708 servis
2275 2695 2287 2717 ,
2312 2654 2406 2708 sed

836 2746 946 2793 tam
983 2741 1354 2795 abundantem
1382 2752 1438 2797 et
1463 2744 1671 2810 largum
1699 2745 1939 2798 ostendit
1965 2761 2204 2799 amorem
2235 2756 2290 2799 et
2313 2747 2408 2799 bo-

837 2827 1063 2881 nitatem
1109 2830 1353 2894 Deitatis,
1391 2840 1451 2884 ut
1489 2833 1785 2901 unicuique
1833 2849 1934 2902 pro
1981 2835 2260 2889 voluntate
2311 2852 2407 2890 sua

837 2918 1044 2974 tribuat
1070 2921 1199 2974 boni
1223 2922 1431 2991 aliquid
1454 2924 1633 2978 facere
1667 2941 1845 2994 posse,
1882 2934 1938 2979 et
1974 2942 2155 2990 nemo,
2180 2928 2272 2996 qui
2295 2938 2408 2981 stu-

836 3005 992 3063 dium
1048 3010 1214 3066 habet
1264 3014 1476 3077 salutis,
1527 3024 1796 3083 potestate
1837 3026 2037 3070 careat.
2083 3017 2404 3087 Quicunque,

835 3100 1033 3173 inquit,
1058 3116 1245 3175 potum
1259 3107 1458 3160 dederit
1485 3126 1655 3177 aquae
1678 3110 1902 3178 frigidae
1929 3111 1983 3162 in
2011 3110 2223 3162 nomine
2248 3110 2405 3161 disci-

840 3195 974 3265 puli,
996 3214 1149 3250 amen
1179 3198 1290 3255 dico
1319 3200 1477 3263 vobis,
1501 3217 1602 3253 non
1622 3201 1797 3270 perdet
1822 3201 2107 3254 mercedem
2130 3217 2281 3253 suam
2304 3199 2400 3269 (ὅ).

834 3286 976 3355 Quid
1012 3290 1113 3343 hoc
1136 3291 1389 3345 mandato
1420 3293 1732 3360 potentius?
1749 3293 2025 3362 Frigidum
2051 3302 2238 3362 potum
2267 3308 2410 3347 mer-

834 3393 929 3433 ces
962 3380 1218 3434 coelestis
1259 3384 1526 3450 sequitur.
1578 3385 1645 3437 Et
1674 3384 1796 3437 vide
1830 3384 1963 3437 mihi
2002 3384 2202 3437 amoris
2234 3384 2409 3437 homi-

834 3482 967 3521 num
1014 3468 1360 3532 immensum.
1396 3470 1697 3535 Quamdiu,
1741 3473 1947 3541 inquit,
1980 3474 2167 3541 fecistis
2203 3476 2292 3526 uni
2344 3490 2407 3526 ea:

834 3560 853 3609 I
870 3558 933 3621 is,
960 3560 1084 3611 mihi
1110 3560 1299 3627 fecistis
1326 3560 1422 3630 (4).
1450 3562 1758 3615 Mandatum
1781 3563 2002 3630 quidem
2030 3580 2276 3632 parvum,
2310 3566 2403 3619 sed

834 3649 1180 3705 obedientiae
1209 3652 1414 3706 utilitas
1445 3670 1657 3723 magna,
1684 3669 1823 3722 quae
1853 3669 1881 3706 a
1916 3655 2026 3707 Deo
2063 3655 2406 3709 abundanter

835 3739 1102 3794 redditur.
1136 3742 1323 3811 Itaque
1347 3745 1483 3798 nihil
1526 3746 1670 3799 ultra
1694 3746 1840 3799 vires
1872 3747 2129 3814 postulat.
2160 3747 2265 3801 Sed
2292 3749 2403 3802 sive

833 3843 1062 3900 parvum
1092 3833 1206 3887 sive
1241 3850 1493 3903 magnum
1524 3836 1658 3889 facis
1679 3877 1693 3897 ,
1717 3844 1768 3889 te
1807 3838 2055 3905 sequitur
2084 3854 2182 3906 pro
2209 3840 2403 3892 volun-

836 3930 945 3978 tate
973 3940 1202 3979 merces.
1239 3926 1295 3979 Si
1347 3928 1400 3981 in
1430 3930 1649 3983 nomine
1673 3946 1736 3984 ac
1776 3932 1969 3983 timore
2004 3931 2119 3993 Dei,
2162 3932 2402 4000 splendi-

834 4015 966 4070 dum
992 4026 1157 4085 atque
1182 4019 1536 4075 inamissibile
1565 4022 1787 4075 advenit
1811 4023 2041 4087 donum;
2073 4023 2155 4075 sin
2178 4040 2308 4076 vero
2336 4024 2403 4077 ad

834 4106 1256 4161 ostentationem
1303 4118 1359 4162 et
1417 4110 1643 4178 gloriam
1698 4111 2003 4177 hominum,
2059 4113 2185 4167 audi
2226 4115 2403 4182 ipsum

834 4193 1124 4249 Dominum
1172 4198 1470 4251 iurantem:
1501 4201 1668 4253 Amen
1728 4202 1841 4253 dico
1881 4204 2051 4265 vobis,
2099 4214 2404 4273 receperunt

835 4287 1122 4338 mercedem
1153 4305 1305 4341 suam
1332 4290 1427 4360 (5).
1448 4292 1525 4344 Ne
1552 4292 1717 4361 igitur
1734 4292 1837 4345 hoc
1858 4293 2148 4361 patiamur,
2184 4294 2403 4347 mandat

833 4374 1115 4445 discipulis
1139 4380 1253 4432 suis
1285 4389 1341 4433 et
1372 4381 1529 4435 nobis
1562 4397 1660 4449 per
1686 4384 1840 4437 illos:
1877 4384 2155 4438 Attendite
2177 4425 2190 4448 ,
2221 4400 2288 4438 ne
2319 4385 2401 4438 fa-

2509 1924 2813 1993 πνεύματος
2841 1924 2967 1992 ὃλην
2996 1922 3342 1992 κατασχοῦσα
3387 1923 3484 1991 τὴν
3512 1923 3688 1993 ψυχὴν
3719 1924 3813 1975 καὶ
3857 1924 4089 1994 πληρώ-

2510 2030 2647 2065 σασα
2673 2014 2733 2066 τδ
2757 2015 3065 2083 οἰκητήριον
3088 2014 3185 2083 τῆς
3205 2013 3539 2083 εὐφροσύνης
3569 2030 3628 2065 τε
3660 2015 3753 2065 καὶ
3776 2014 4087 2082 δυνάμεως,

2508 2106 2707 2173 γλυκέα
2737 2106 2779 2171 ³)
2812 2109 2955 2158 ποιεῖ
2980 2108 3045 2175 τῇ
3077 2106 3223 2175 ψυχῇ
3272 2106 3341 2159 τά
3372 2106 3464 2159 τοῦ
3512 2106 3702 2175 κυρίου
3748 2106 4087 2175 παθήματα,

2506 2200 2571 2267 τῇ
2597 2196 2703 2248 τῶν
2733 2196 3030 2267 μελλόντων
3057 2197 3229 2249 ἐλπίδι
3258 2198 3355 2267 τῆς
3404 2197 3683 2267 παρούσης
3710 2196 3901 2266 ὀδύνης
3925 2199 4091 2264 ἀφαι-

2510 2288 2677 2358 ροῦσα
2702 2291 2799 2358 τὴν
2829 2288 3097 2356 αἴσθησιν.
3130 2288 3205 2350 ὡς
3233 2283 3325 2341 οὖν
3362 2290 3445 2355 ἐφ’
3468 2287 3641 2349 οὕτως
3673 2287 3884 2356 ὑψηλὴν
3918 2288 3963 2357 ⁸)
3996 2288 4088 2339 δύο

2506 2395 2667 2447 ναμιν
2694 2379 2786 2430 καὶ
2817 2376 2971 2440 δόξαν
3006 2377 3289 2447 μέλλοντες
3330 2378 3540 2429 ἀνιέναι
3572 2380 3638 2446 τῇ
3665 2376 3958 2446 συνεργείᾳ
3990 2378 4085 2429 τοῦ

2508 2472 2846 2540 πνεύματος,
2879 2469 3075 2541 ο[ὓ]τω
3126 2468 3475 2522 πολιτεύεσθε
3516 2471 3595 2537 ⁵),
3646 2468 3874 2540 πάντ[α]
3922 2470 4087 2525 πόνον

2508 2564 2600 2614 καὶ
2644 2562 2830 2628 ἀγῶνα
2880 2560 3062 2631 με[τά]
3113 2560 3337 2631 χαίρᾶ]ς
3388 2562 3779 2629 ὑφιστάμενοι,
3819 2562 3957 2631 πρὸς
4004 2560 4087 2631 [τὸ

2506 2653 2671 2724 ἀξι]οι
2699 2654 2933 2721 φανῆναι
2957 2651 3080 2723 τῆ[ς
3111 2651 3192 2722 ἐ]ν
3228 2654 3357 2722 ἡμῖν
3385 2652 3677 2721 ἐπιδημίας
3708 2650 3800 2703 τοῦ
3828 2652 4082 2720 πνεύμα-

2505 2762 2617 2807 τος,
2652 2745 2745 2797 καὶ
2773 2744 2869 2811 τῆς
2904 2744 3038 2811 μετὰ
3066 2742 3158 2794 τοῦ
3192 2741 3428 2811 Χριστοῦ
3468 2739 3878 2811 κλη[ρονομίας]
3909 2740 3951 2799 ⁸)
3982 2758 4086 2810 μη-

2506 2834 2677 2904 δαμοῦ
2706 2834 3081 2903 χαυνούμενοι,
3118 2832 3251 2902 μηδὲ
3288 2832 3601 2901 ἐκλυόμενοι
3635 2831 3741 2884 ἀπὸ
3772 2831 4047 2901 ραθυμίεις
4069 2872 4083 2895 ,

2508 2926 2643 2996 πρὸς
2663 2925 2723 2977 τὸ
2765 2926 2899 2993 μήτε
2922 2924 3073 2976 αὐτοὶ
3106 2925 3322 2986 πεσεῖν,
3368 2924 3505 2993 μήτε
3537 2924 3649 2984 τοῖς
3691 2922 3872 2985 ἄλλοις
3918 2924 4085 2976 αἴτιοι

2505 3019 2601 3071 τοῦ
2640 3018 2972 3087 ἁμαρτάνειν
3008 3016 3281 3084 γενέσθαι.
3322 3018 3369 3068 εί
3396 3014 3452 3068 δέ
3486 3032 3631 3077 τινες
3664 3016 3829 3084 μήπω
3865 3015 3960 3068 τὸν
3987 3014 4087 3086 τῆς

2508 3110 2682 3179 ἄκρας
2722 3109 2887 3179 εὐχῆς
2937 3108 3150 3177 εχοντες
3190 3108 3377 3171 τόνον,
3425 3108 3559 3177 μηδέ
3594 3107 3693 3177 τὴν
3724 3107 4087 3178 ὀφειλομένην

2505 3202 2583 3271 τῷ
2614 3201 2892 3271 πράγματι
2932 3198 3165 3269 σπουδήν
3190 3216 3248 3252 τε
3276 3199 3371 3252 καὶ
3392 3198 3639 3268 δύναμιν,
3666 3198 4085 3267 άπολιμπάνον-

2505 3311 2593 3347 ται
2620 3292 2821 3362 ταύτης
2851 3292 2949 3361 τῆς
2989 3292 3209 3361 ἀρετῆς,
3246 3291 3304 3343 ἐν
3332 3291 3444 3352 τοῖς
3470 3290 3651 3352 ἄλλοις
3685 3290 4085 3360 πληρούτωσαν

2505 3384 2601 3454 τὴν
2633 3384 2897 3453 ὑπακοήν,
2928 3382 3068 3435 κατὰ
3104 3382 3332 3452 δύναμιν
3360 3380 3751 3443 διακονοῦντες,
3780 3380 4084 3450 προθύμως

2506 3475 2878 3544 ἐργαζόμενοι,
2928 3473 3230 3535 σπουδαίως
3275 3472 3668 3543 θεραπεύοντες
3712 3472 3831 3541 μεθ’
3861 3472 4085 3541 ⁴ἡδονῆς,

2510 3568 2582 3637 μὴ
2634 3568 2727 3619 ἐπὶ
2778 3565 2955 3635 μισθῷ
2986 3567 3169 3634 τιμῆς,
3214 3566 3347 3635 μηδέ
3391 3566 3489 3634 τῆς
3532 3565 3880 3634 ἀνθρωπίνης
3928 3563 4087 3631 δόξης

2506 3662 2684 3723 ἕνεκα,
2742 3660 2875 3729 μηδέ
2920 3658 3210 3719 ἐνδιδόντες
3256 3657 3361 3710 ὑπὸ
3407 3657 3679 3725 μαλακίας
3728 3656 3761 3726 ἢ
3812 3656 4087 3726 ῥαθυμίας

2505 3756 2614 3815 τοῖς
2649 3752 2849 3814 πόνοις,
2891 3751 3025 3821 μηδέ
3054 3750 3129 3813 ὠς
3156 3748 3455 3819 ἀλλοτρίοις
3496 3747 3711 3817 σώμασι
3754 3747 3848 3800 καὶ
3881 3747 4085 3815 ψυχαῖς

2506 3844 2936 3913 ὑπηρετούμενοι
2960 3882 2973 3904 ,
3002 3841 3116 3895 ἀλλ’
3147 3841 3222 3904 ὡς
3251 3840 3487 3911 Χριστοῦ
3518 3841 3746 3903 δούλοις,
3778 3839 3853 3901 ὡς
3887 3840 4085 3907 ἡμετέ-

2508 3950 2619 4005 ροις
2646 3936 2689 4004 ⁷)
2721 3934 3068 4003 σπλάγχνοις,
3111 3933 3197 3984 ἵνα
3244 3932 3481 4001 καθαρὸν
3514 3932 3666 4001 ὑμῶν
3693 3931 3754 3982 τὸ
3796 3930 3959 3999 ἔργον
3990 3929 4085 3983 καὶ

2504 4029 2686 4082 ἄδολον
2724 4026 3005 4096 ἀποφανθῇ
3042 4025 3119 4096 τῷ
3153 4024 3281 4094 θεῷ.
3326 4024 3749 4095 προφασιζέσθω
3797 4024 3854 4076 δὲ
3892 4024 4084 4092 μηδεὶς

2505 4118 2639 4188 πρὸς
2680 4116 2860 4171 καλῶν
2898 4116 3075 4185 ἔργων
3117 4115 3377 4185 σπουδήν,
3412 4117 3487 4177 ὡς
3524 4113 3781 4177 ἀδύνατος
3814 4114 4084 4168 ἐπιτελεῖν

2502 4209 2572 4260 τὰ
2618 4208 2853 4272 σώζοντα
2894 4207 2991 4277 τὴν
3015 4206 3209 4276 ψυχήν.
3255 4206 3375 4258 οὐδὲ
3419 4204 3528 4276 γὰρ
3574 4207 3602 4259 ό
3653 4204 3773 4265 θεὸς
3815 4204 4082 4257 ἀδύνατον

2503 4301 2775 4353 ἐπιτάττει
2808 4302 2920 4361 τοῖς
2959 4298 3185 4361 δούλοις,
3212 4298 3327 4350 ἀλλ’
3375 4296 3548 4359 οὕτως
3578 4296 3956 4365 ἐκκεχυμένην
3989 4296 4082 4348 καὶ

2504 4391 2763 4443 πλουσίαν
2797 4390 2962 4453 ἔδειξε
2998 4390 3095 4459 τὴν
3118 4391 3340 4458 ἀγάπην
3367 4390 3460 4440 καὶ
3495 4388 3807 4456 ἀγαθότητα
3832 4387 3930 4455 τῆς
3964 4387 4082 4439 θεό-

833 4467 991 4521 ciatis
1041 4470 1472 4524 misericordiam
1520 4484 1756 4526 vestram
1807 4485 1902 4528 aut
1955 4476 2258 4529 orationem
2309 4487 2403 4530 aut
2435 4493 2518 4547 D‘l

2395 4491 2478 4547 ιι)
2504 4499 2691 4552 τητος,
2725 4481 2801 4543 ὡς
2846 4480 3060 4546 ἐκάστῳ
3101 4478 3243 4532 κατά
3291 4478 3354 4531 τὸ
3404 4478 3616 4547 θέλημα
3666 4480 3973 4548 παρασχεῖν
4020 4477 4080 4529 τὸ

834 4557 1099 4612 ieiunium
1132 4571 1373 4615 vestrum
1408 4578 1586 4618 coram
1624 4566 1970 4632 hominibus;
2002 4567 2237 4637 alioquin
2264 4585 2402 4621 mer-

833 4649 1007 4702 cedem
1045 4668 1148 4704 non
1180 4654 1426 4708 habebitis
1478 4657 1618 4726 apud
1668 4668 1871 4726 patrem
1912 4668 2161 4722 vestrum,
2207 4660 2295 4729 qui
2348 4660 2405 4713 in

834 4742 987 4795 coctis
1022 4752 1096 4795 est
1140 4744 1236 4814 (6).
1283 4747 1361 4799 lta
1389 4748 1669 4818 despicere
1717 4751 1866 4805 iubet
1906 4760 2067 4819 atque
2095 4752 2282 4821 fugere
2306 4753 2404 4805 hos

836 4835 1096 4889 mortales
1117 4838 1541 4909 niortaliumque
1566 4842 1773 4908 laudes,
1809 4854 1865 4897 et
1896 4854 2321 4898 marcescentem
2351 4855 2408 4899 et

2508 4572 2765 4642 πράττειν
2794 4589 2845 4623 τι
2874 4570 3134 4624 δύνασθαι
3158 4569 3390 4638 ἀγαθόν,
3418 4570 3511 4621 καὶ
3542 4568 3745 4637 μηδένα
3776 4568 3883 4619 τῶν
3914 4584 4082 4619 σπου-

2507 4664 2602 4733 δὴν
2642 4664 2871 4733 ἐχόντων
2901 4662 3138 4732 σωθῆναι
3165 4663 3484 4731 διαμαρτεῖν
3507 4661 3600 4713 τοῦ
3625 4660 3916 4713 δύνασθαι·
3944 4659 4012 4724 ὃς
4034 4660 4076 4727 ⁸)

2509 4755 2616 4819 ἄν,
2661 4756 2819 4825 φησί,
2867 4755 3089 4821 ποτίσῃ
3139 4752 3427 4819 ποτήριον
3458 4750 3698 4819 ψυχροῦ
3738 4752 3961 4819 μόνον.
3994 4753 4082 4814 εις

2509 4848 2695 4917 ὄνομα
2718 4847 2986 4916 μαθητοῦ
3002 4887 3017 4911 ,
3042 4847 3203 4915 ἀμὴν
3228 4847 3381 4915 λέγω
3404 4845 3564 4914 ὑμῖν,
3589 4846 3661 4899 οὐ
3682 4844 3767 4913 μὴ
3792 4841 4082 4898 ἀπολέσει

2136 4980 2390 5035 VARIAE
2426 4980 2827 5039 LECTIONES.

922 5088 1220 5174 ‘l‘Lilerac
1259 5094 1415 5148 uncis
1440 5095 1717 5174 inclusae,
1756 5098 1809 5149 in
1842 5095 2029 5174 codice
2061 5096 2248 5150 blattis
2286 5114 2484 5174 paene_
2500 5102 2833 5174 exstinctae,
2869 5104 3141 5174 probabili
3182 5120 3212 5157 a
3241 5103 3402 5157 nobis
3426 5103 3762 5174 coniectura
3796 5101 3849 5174 in
3869 5110 4080 5174 textum

837 5160 1121 5248 restitutae
1182 5172 1328 5248 sunt.
1367 5166 1479 5248 ς’)
1502 5166 1751 5248 Emend...
1784 5166 1903 5246 cod.
1940 5167 2207 5248 χαίρεται.
2242 5160 2405 5248 4‘").
2435 5168 2695 5248 'Emendq
2736 5160 3161 5248 cod.'_y).uxsia.
3216 5174 3351 5248 ——__‘)

3410 5173 3590 5235 Coni.,
3644 5172 3765 5225 cod.
3801 5173 3882 5238 ἐφ’
3909 5172 4081 5233 οὕτως

837 5228 921 5295 ἐφ’
948 5229 1172 5300 ὑψηλὴν.
1213 5235 1327 5302 -⁸)
1366 5228 1616 5298 Emend,
1643 5236 1761 5288 cod.
1800 5228 2188 5288 πολιτεύεσθαι.
2214 5234 2344 5305 -⁶)
2380 5228 2601 5293 Literae
2624 5228 2779 5296 uncis
2812 5228 3053 5297 inclusae
3091 5244 3149 5297 in
3188 5228 3375 5298 codice
3414 5228 3599 5299 blattis
3635 5228 3883 5295 mutilato
3909 5228 4084 5310 paene

835 5360 1136 5445 exstinctae
1178 5375 1329 5445 sunt,
1372 5366 1465 5417 sed
1498 5366 1763 5445 probabili
1822 5367 2139 5421 coniectura
2182 5383 2213 5421 a
2253 5367 2409 5422 nobis
2438 5367 2493 5422 in
2522 5377 2728 5425 textum
2771 5374 3075 5428 restitutae.
3118 5406 3186 5414 ——
3220 5375 3263 5443 ⁷)
3300 5373 3603 5445 ὑμετέροις,
3631 5385 3669 5442 η
3694 5386 3859 5442 supra
3899 5370 4082 5427 adscr.

837 5428 958 5482 ead.
986 5447 1059 5483 ni.
1081 5463 1150 5470 —
1178 5434 1217 5501 Ι⁸)
1254 5434 1432 5497 Corr.,
1466 5428 1585 5489 cod.
1636 5438 1738 5499 Ὡς.

2330 5529 2576 5585 NOTAE.

910 5626 989 5766 qi;
1029 5631 1070 5683 ll
1102 5632 1226 5686 Cor.
1261 5634 1377 5693 XII.
1400 5635 1431 5688 9
1456 5652 1536 5705 sq.

936 5703 967 5753 ζ).
1022 5700 1064 5752 li
1098 5702 1202 5754 Cor
1233 5706 1316 5762 VI,
1356 5706 1406 5757 4.

936 5700 989 5762 :2)
1022 5700 1064 5752 ll
1098 5702 1202 5754 Cor
1233 5706 1316 5762 Vl,
1356 5706 1406 5757 4.

925 5770 1000 5838 (δ)
1032 5771 1218 5826 Matth.
1248 5774 1311 5837 χ,
1338 5776 1413 5828 i2.

2576 5637 2651 5707 (λι)
2688 5639 2875 5691 Matth.
2911 5640 3073 5700 xxv,
3100 5640 3186 5693 io.

2584 5710 2658 5773 (rs)
2693 5710 2877 5761 Mttllh.
2916 5710 3002 5770 vi,
3031 5710 3081 5761 τι.

2575 5781 2649 5849 ((3)
2683 5779 2869 5831 Matth.
2899 5780 2982 5841 Vl,
3015 5779 3061 5830 l.
