4266 6356
162 390 195 446 ι
210 388 262 443 Η
1574 386 1950 446 EPISTOLAE
1959 431 1971 445 .
3295 398 3404 457 με

156 507 272 560 τὸν
288 502 517 572 μισθὸν
538 501 745 558 αὐτοῦ.
768 502 822 556 τί
845 502 943 574 τῆς
970 503 1192 573 ἐντολῆς
1217 504 1421 576 ταύτης
1448 505 1734 561 δυνατώτι-
1765 525 1807 577 Α
1835 513 1841 561 1

1718 536 1734 548 -
1765 525 1807 577 Α
1835 506 2131 579 fugientem
2174 524 2276 566 nos
2310 508 2556 582 gloriam,
2581 512 2725 568 illam
2764 528 2893 569 vero
2924 515 3091 573 solam
3116 533 3400 590 quaerere,

161 613 286 668 pov;
314 594 513 666 ψυχρῷ
554 594 799 665 ποτηρίῳ
834 595 1024 664 μισθὸς
1053 597 1371 667 ἐπουράνιος
1403 597 1611 654 ἕπεται.
1645 597 1739 652 καί
1836 613 1846 648 4

1722 597 1739 650 ί
1836 598 1994 653 cuius
2034 612 2213 669 neque
2238 600 2592 670 pulchritudo
2646 603 2754 658 diei
2794 620 2971 675 neque
3010 606 3133 663 finis
3167 608 3401 666 inveniri

162 706 255 755 μοι
286 688 481 740 σκόπει
508 686 609 756 τῆς
643 686 1052 757 φιλανθρωπίας
1092 686 1154 740 τὸ
1181 691 1435 758 ἄμετρον.
1465 687 1557 757 ἐφ’
1588 686 1739 742 ὅσον
1838 706 1847 759 ]

1715 704 1739 734 ν·
1838 699 2035 759 potest,
2067 707 2165 761 per
2196 708 2359 762 quam
2394 704 2451 748 et
2485 693 2587 764 ipsi
2621 696 2923 765 poterimus
2949 700 3244 770 participes
3284 702 3400 757 fieri

158 779 250 832 ἑνί
300 781 565 843 τούτων,
614 778 810 849 φησίν,
842 778 1187 843 ἐποιήσατε,
1218 779 1348 849 ἐμοὶ
1391 778 1734 844 ἐποιήσατε.
1839 779 1843 832 i

1718 816 1734 832 .
1839 779 2195 835 ineffabilium
2245 782 2460 838 illorum
2500 787 2885 854 mysteriorum
2931 788 2984 841 in
3014 790 3233 846 Christo
3273 792 3401 847 Jesu

158 870 217 923 τὸ
248 858 351 940 μὲν
381 872 661 940 ἐπίταγμα
690 871 917 941 μικρόν.
947 871 1006 924 τὸ
1042 870 1098 924 δὲ
1140 870 1238 941 τῆς
1276 871 1521 938 ὑπακοῆς
1549 870 1738 941 κέρδος
1837 870 1843 924 1

1714 887 1738 933 ς
1837 870 2067 926 Domino
2108 884 2326 939 nostro,
2368 875 2456 929 cui
2482 875 2653 946 gloria
2683 876 2738 931 in
2779 880 2995 933 saecula
3034 884 3399 938 saeculorum.

162 962 335 1023 πολύ,
383 961 477 1014 καὶ
533 961 685 1032 παρὰ
739 961 846 1032 6εῷ
906 962 1172 1026 πλουσίως
1235 962 1734 1032 ἀνταποδιδόμενον.
1836 960 2029 1017 Amen.
3164 989 3169 993 ε

160 1057 302 1110 ὥστε
330 1057 482 1110 οὐδὲν
512 1058 651 1129 ὑπὲρ
696 1056 922 1128 δύναμιν
955 1059 1198 1115 ἀπαιτεῖ.
1262 1058 1398 1113 ἀλλὰ
1469 1059 1571 1114 κᾶν
1614 1060 1809 1134 μικρὸν
1851 1060 1953 1113 κᾶν
1982 1062 2123 1130 μέγα
2169 1065 2373 1127 ποιεῖς,
2400 1064 2593 1118 ἕπεταί
2622 1083 2703 1120 σοι
2745 1068 2884 1121 κατὰ
2910 1069 3009 1139 τὴν
3038 1070 3355 1142 προαίρεσιν
3379 1072 3406 1123 ὁ

164 1155 381 1225 μισθός.
442 1155 537 1208 ἐὰν
587 1156 685 1226 μὲν
718 1156 827 1227 γὰρ
876 1156 955 1220 είς
1004 1155 1174 1227 ὄνομα
1219 1157 1313 1211 καὶ
1368 1157 1531 1226 φόϐον
1587 1158 1737 1223 Θεοῦ,
1775 1160 2002 1231 λαμπρὰ
2066 1161 2160 1213 καὶ
2202 1162 2557 1231 ἀναφαίρετος
2588 1158 2752 1233 ἦλθεν
2816 1166 2849 1233 ἡ
2880 1164 3075 1233 δωρεά·
3116 1165 3211 1218 ἐὰν
3243 1165 3301 1219 δὲ
3327 1166 3407 1225 είς

162 1246 427 1328 επίδειξιν
471 1248 565 1302 καὶ
613 1248 771 1314 δόξαν
850 1246 1180 1319 ἀνθρώπων,
1235 1246 1464 1303 ἄκουσον
1513 1249 1774 1322 ὀμνύντος
1805 1252 1969 1305 αὑτοῦ
1996 1251 2087 1304 τοῦ
2117 1253 2327 1322 κυρίου·
2352 1253 2515 1321 ἀμὴν
2543 1253 2697 1323 λέγω
2724 1254 2895 1323 ὑμῖν,
2960 1256 3255 1324 ἀπέχουσι
3299 1257 3406 1308 τὸν

157 1342 388 1411 μισθὸν
415 1340 634 1395 αὐτῶν.
664 1341 749 1394 ἵνα
775 1336 869 1395 οὖν
901 1341 975 1412 μὴ
1007 1340 1164 1394 τοῦτο
1229 1341 1509 1413 πάθωμεν.
1558 1345 1925 1416 παραγγέλλει
1993 1348 2103 1408 τοῖς
2146 1345 2411 1415 μαθηταῖς
2451 1346 2649 1410 αὑτοῦ,
2701 1348 2794 1399 καὶ
2831 1347 2898 1400 δι’
2968 1347 3189 1401 ἐκείνων
3251 1348 3399 1417 ἡμῖν·

164 1432 419 1500 βλέπετε,
470 1432 544 1504 μὴ
598 1432 784 1503 ποιῆτε
816 1431 914 1501 τὴν
960 1431 1328 1502 ἐλεημοσύνην
1381 1432 1535 1503 ὑμῶν
1574 1432 1735 1505 ῆτὴν
1770 1435 1936 1505 εὐχὴν
1979 1434 2140 1506 ἢτὴν
2168 1435 2419 1504 νηστείαν
2475 1435 2629 1504 ὑμῶν
2693 1434 3001 1505 ἔμπροσθεν
3044 1434 3151 1487 τῶν
3196 1436 3406 1505 ἀνθρώ-

163 1545 304 1585 πωψ
338 1532 391 1583 εἰ
413 1528 480 1582 δὲ
508 1527 681 1598 μήτε,
697 1528 921 1595 μισθὸν
948 1526 1057 1581 οὐκ
1080 1526 1249 1594 ἔχετε
1275 1528 1434 1597 παρὰ
1457 1526 1537 1593 τῷ
1566 1528 1741 1596 πατρὶ
1797 1527 1965 1597 ὑμῶν
2002 1528 2081 1595 τῷ
2118 1530 2188 1583 ὲν
2251 1528 2375 1595 τοῖς
2422 1528 2719 1595 away-07¢.
2755 1528 2925 1592 οὕτως
2967 1530 3405 1601 ἀποστρέφεσθαι

163 1622 381 1677 κελεύει
412 1621 506 1673 καὶ
564 1621 783 1689 φεύγειν
810 1620 937 1683 τοὺς
976 1620 1201 1692 θνητοὺς
1228 1619 1449 1683 τούτους
1493 1620 1585 1674 καὶ
1654 1620 1805 1692 παρὰ
1845 1621 2052 1690 θνητῶν
2079 1620 2353 1685 ἐπαίνους,
2377 1622 2470 1674 καὶ
2495 1620 2594 1691 τὴν
2634 1622 3037 1691 μαραινομένην
3065 1622 3159 1673 καὶ
3181 1619 3407 1687 φεύγου-

166 1732 264 1766 σαν
302 1712 344 1781 ¹)
374 1713 522 1782 ἡμᾶς
555 1712 735 1778 δόξαν,
774 1710 956 1782 ζητεῖν
984 1711 1040 1764 δὲ
1068 1711 1226 1781 μόνον
1254 1712 1487 1783 ἐκείνην,
1515 1707 1581 1783 ἦς
1608 1713 1649 1783 ⁸)
1680 1713 1802 1767 οὐδὲ
1840 1714 2032 1777 κάλλος
2060 1713 2204 1768 ἐςτιν
2244 1716 2417 1767 εἰπεῖν
2447 1714 2565 1766 οὐδὲ
2592 1715 2635 1785 ³)
2675 1714 2847 1784 πέρας
2888 1714 3087 1783 εὑρεῖν,
3115 1714 3181 1765 δι’
3211 1708 3279 1782 ἧς
3306 1712 3403 1764 καὶ

163 1807 321 1860 αὐτοὶ
372 1804 709 1876 δυνησόμεθα
748 1807 932 1875 τυχεῖν
1006 1806 1116 1857 τῶν
1154 1806 1404 1876 ἀρρήτων
1453 1804 1767 1877 μυστηρίων
1804 1807 2049 1873 ἐκείνων,
2107 1808 2164 1860 ὲν
2186 1806 2406 1878 Χριστῷ
2439 1806 2613 1875 Ἰησοῦ
2639 1806 2719 1875 τῷ
2748 1806 2919 1876 κυρίῳ
2947 1803 3123 1875 ἡμῶν,
3144 1797 3187 1871 ᾧ
3213 1806 3247 1874 ἡ
3276 1803 3404 1867 δόξα

160 1901 241 1964 είς
260 1898 388 1963 τοὺς
420 1897 623 1961 αἰῶνας
648 1895 755 1950 τῶν
788 1894 1020 1952 αιώνων.
1054 1896 1222 1968 ἁμήν.

1439 2073 1695 2129 VARIAE
1733 2070 2026 2129 LECTION
2032 2070 2135 2125 ES.

240 2198 282 2270 ¹)
325 2196 418 2252 Sic
453 2196 576 2252 cod.
608 2227 679 2237 —
706 2194 749 2267 ί)
778 2194 958 2261 Corr.,
996 2194 1119 2250 cod.
1152 2195 1312 2266 ην.--
1341 2191 1383 2260 ³)
1412 2191 1503 2248 Sic
1528 2190 1649 2246 cod.
1690 2188 1809 2243 οὐδὲ
1834 2219 1906 2229 —
1936 2187 2074 2242 οὐδὲ.
2107 2187 2266 2243 Forte
2299 2187 2680 2259 corrigendum
2720 2186 2841 2242 οὔτε
2863 2220 2933 2229 —
2953 2187 3097 2244 οὔτε.

180 2388 3391 2419 —————-—————-——-——————————-—-—-————-——-——-

1691 2554 1882 2644 III.

664 2766 1241 2863 EPISTOLA
1310 2763 1916 2858 CUIUSDAM
1988 2766 2339 2858 ΒΕΑΤΙ
2436 2766 2927 2860 MACARII

1346 2991 1431 3037 UT
1469 2988 1744 3034 VIDE’I'UR
1783 2986 2233 3033 ALEXANDRINI.

847 3206 1009 3257 Lucae
1030 3205 1274 3257 Holstenii
1300 3206 1452 3256 codex
1478 3206 1775 3267 Regularum
1818 3204 2072 3264 Augustae
2094 3202 2290 3253 Vindel.
2335 3202 2455 3252 1759
2476 3202 2533 3253 Τ.
2560 3202 2579 3251 1
2605 3216 2653 3265 p.
2678 3202 2759 3252 2f.

228 3316 407 3365 Exstat
430 3312 553 3362 haec
579 3310 782 3372 epistola
805 3310 853 3359 in
878 3309 1000 3359 Bibl.
1028 3310 1365 3372 Burgundicae
1402 3305 1756 3372 Bruxellensis
1783 3306 1877 3355 cod
1912 3320 1999 3353 ms.
2031 3305 2095 3354 N’
2136 3306 2287 3353 15010
2323 3307 2723 3372 chartae.“Saec.
2767 3302 2849 3355 XV
2890 3304 2974 3354 fol.
2999 3303 3079 3364 67,
3103 3305 3149 3353 2.
3174 3300 3405 3355 Codiccm

163 3378 286 3439 quin
329 3367 624 3425 conferrem
650 3372 901 3424 Bruxellis
926 3367 1150 3422 versans'
1165 3371 1431 3435 impeditus
1469 3384 1595 3419 sum.
1621 3369 1692 3421 Cf.
1725 3367 2087 3419 Pntzuoxmt
2113 3382 2257 3430 supra
2285 3369 2381 3417 col.
2408 3367 2635 3416 403404.

161 3630 357 3700 Incipit
380 3628 602 3700 epistola
630 3627 767 3682 beati
789 3627 1047 3683 Muciani-ii
1074 3628 1202 3682 data
1231 3630 1301 3682 ad
1328 3630 1606 3684 monachos
1633 3628 1730 3699 (1).
1763 3633 1803 3687 Α
1834 3629 2160 3684 absconsum
2199 3641 2436 3695 namque
2472 3626 2525 3680 in
2566 3625 2649 3680 eis
2678 3633 2764 3681 est
2800 3640 3071 3680 venenum
3102 3624 3401 3681 bestiarum

229 3723 534 3791 Lignorum
560 3722 715 3791 copia
746 3719 1019 3789 ingentem
1052 3719 1253 3773 excitat
1274 3717 1563 3782 ﬂammam,
1598 3719 1736 3773 mul-

161 3812 346 3868 titudo
404 3820 587 3864 autem
651 3822 899 3863 escarum
955 3807 1157 3863 emittit
1217 3807 1731 3877 concupiscentiam.

161 3903 408 3959 Pessima
469 3900 910 3971 concupiscentia
961 3914 1209 3955 escarum
1256 3907 1312 3953 et
1370 3899 1736 3954 inobedientia

160 4002 392 4065 generat
447 4003 697 4047 mortem.
757 3991 1010 4063 [ndigens
1061 4003 1253 4046 venter
1294 3991 1350 4045 in
1395 3991 1737 4046 orationibus

161 4086 507 4156 vigilantiam
551 4093 789 4155 praestat
829 4092 885 4138 et
928 4098 1184 4137 coronam
1224 4081 1435 4136 animae
1479 4082 1732 4151 acquirit,

161 4178 415 4247 repletus
486 4186 667 4230 autem
739 4190 991 4230 somnum
1060 4173 1269 4228 inducit
1336 4173 1731 4243 gravissimum.

160 4267 375 4324 Oculus
422 4266 599 4338 gulosi
655 4266 903 4319 convivia
968 4272 1260 4326 scrutatur,
1304 4264 1497 4318 oculus
1552 4274 1735 4319 autem

160 4359 477 4427 sapientum
526 4356 822 4410 meditatur
870 4354 1281 4408 continentiam.
1331 4352 1737 4407 Formidolosus

160 4450 326 4503 miles
376 4447 647 4502 horrescit
690 4446 758 4500 ad
806 4446 991 4499 tubam
1042 4460 1180 4514 quae
1218 4444 1421 4498 bellum
1446 4443 1732 4513 significat,

159 4552 217 4596 et
243 4541 491 4610 gulosus,
524 4539 569 4592 si
609 4538 992 4592 abstinentiam
1033 4537 1436 4607 praedicantem
1481 4536 1731 4601 audierit,

159 4649 274 4687 non
336 4632 574 4685 libenter
620 4631 907 4684 auscultat.
960 4630 1201 4684 Flamma
1252 4644 1376 4684 cum
1428 4629 1732 4693 marcescit,

157 4724 430 4778 elueescit
507 4723 707 4777 iterum
755 4721 799 4775 si
846 4722 1121 4790 acceperit
1167 4722 1408 4791 lignum,
1456 4730 1511 4775 et
1566 4721 1735 4775 libido

158 4816 350 4884 sopita,
376 4828 594 4867 rursum
628 4812 825 4867 crescit
858 4811 910 4864 in
940 4812 1247 4865 saturitate.
1280 4812 1398 4866 Non
1428 4812 1735 4867 miserearis

157 4905 403 4976 corpori,
432 4906 475 4960 si
510 4904 829 4958 lassitudine
857 4903 1117 4958 defecerit
1146 4920 1159 4955 :
1187 4918 1361 4972 equus
1389 4905 1737 4959 consentiens

1834 3716 2251 3787 nequissimum.
2320 3716 2486 3785 Magis
2558 3715 2932 3785 appropinqua
2989 3714 3100 3786 igni
3166 3715 3401 3781 ardenti,

1835 3824 1997 3878 quam
2031 3807 2246 3863 mulieri
2288 3806 2551 3860 novellae.
2587 3805 2724 3860 Cum
2768 3806 2845 3861 sis
2882 3806 3115 3869 iuvenis,
3144 3805 3268 3877 fuge
3303 3806 3401 3860 im-

1812 3912 2019 3969 .petum
2074 3897 2320 3953 libidinis
2359 3906 2419 3952 et
2456 3897 2949 3953 confabulationem
2988 3899 3254 3953 mulieris.
3297 3899 3401 3966 Qui

1838 3993 2189 4062 repleverunt
2240 3999 2509 4055 ventrem,
2560 3999 2618 4045 et
2671 3991 3045 4060 promiserunt
3076 3992 3401 4058 castitatem,

1836 4081 1940 4136 sibi
1971 4082 2332 4137 mentiuntur.
2368 4082 2561 4136 Forma
2595 4082 3021 4151 pulchritudinis
3049 4083 3207 4153 peius
3238 4099 3401 4154 quam

1837 4175 2075 4244 procella
2134 4173 2453 4244 submergit.
2526 4173 2747 4243 Species
2800 4174 3083 4239 mulieris,
3136 4176 3180 4230 si
3234 4178 3401 4233 semel

1837 4273 2072 4319 mentem
2108 4266 2449 4328 contriverit,
2481 4266 2644 4320 etiam
2675 4266 2843 4335 ipsam
2882 4277 3120 4322 mentem
3156 4277 3402 4322 contem-

1836 4372 1970 4410 nere
1998 4356 2306 4425 persuadet.
2338 4357 2407 4411 Ut
2434 4358 2603 4419 enim,
2631 4358 2675 4410 si
2712 4358 2882 4426 paleis
2905 4367 3211 4413 remoretur
3241 4360 3400 4430 ignis,

1835 4448 2036 4502 excitat
2066 4446 2364 4511 ﬂammam;
2396 4446 2475 4500 sic
2504 4448 2765 4501 memoria
2797 4449 3045 4503 mulieris
3079 4465 3407 4519 permanens

1838 4537 2121 4591 succendit
2156 4538 2675 4607 concupiscentiam.
2711 4539 2781 4594 Ut
2817 4540 2961 4594 enim
3000 4544 3274 4597 cumulata
3305 4560 3394 4599 na-

1836 4628 1920 4683 vis
1972 4628 2243 4682 undarum
2290 4629 2400 4681 ictu
2447 4629 2724 4693 obruitur,
2767 4631 2847 4685 sic
2898 4632 3068 4686 multa
3123 4634 3411 4702 possidens

1836 4720 2137 4775 monachus
2175 4736 2282 4775 non
2323 4722 2641 4776 salvabitur.
2693 4720 2839 4777 Nihil
2890 4726 3175 4794 possidens
3221 4742 3414 4781 mona-

1836 4812 1974 4866 chus
2017 4813 2218 4867 athleta
2264 4813 2669 4883 insuperabilis,
2709 4815 2845 4868 nihil
2893 4816 3180 4884 possidens
3220 4833 3395 4872 mona-

1837 4902 1974 4957 chus
2006 4918 2196 4957 cursor
2229 4903 2383 4966 levis,
2425 4905 2690 4959 velociter
2723 4905 2790 4959 ad
2823 4906 3069 4960 bravium
3107 4908 3411 4961 vocationis

158 4997 416 5066 indigens
455 5008 656 5063 corpus
699 5007 802 5046 nec
847 5006 1191 5046 ascensorem
1253 4990 1440 5045 deiicit
1476 5006 1738 5060 unquam.
1771 5009 1811 5067 Β
1839 4994 2106 5061 pervenit.
2144 4992 2354 5047 Avarus
2386 4995 2685 5049 monachus
2726 4995 2941 5064 operari
2981 4996 3233 5067 negligit;
3269 4996 3405 5051 nihil

154 5085 618 5155 Concupiscentia
672 5084 830 5153 gulae
880 5093 1056 5137 mater
1099 5092 1183 5137 est
1231 5081 1493 5135 libidinis.
1544 5081 1733 5135 Oleum

156 5182 341 5234 nutrit
372 5178 622 5249 lampada
656 5178 913 5233 lucernae
954 5182 1011 5230 et
1046 5174 1224 5246 ignein
1261 5172 1570 5228 reaccendit
1602 5187 1732 5227 con-

156 5272 429 5327 fabulatio
462 5269 728 5324 mulieris.
766 5268 954 5323 Facies
988 5266 1237 5321 mulieris
1281 5265 1471 5336 sagitta
1508 5274 1592 5319 est
1624 5273 1735 5317 tru-

1832 5084 2121 5152 possidens
2152 5084 2457 5139 monachus
2486 5093 2610 5155 post
2638 5102 2778 5155 opus
2817 5086 3163 5141 moderatum
3200 5088 3391 5141 oratio-

1833 5174 1997 5229 nibus
2029 5184 2083 5229 et
2112 5176 2441 5229 lectionibus
2474 5184 2650 5230 vacat.
2691 5177 2903 5231 Avarus
2952 5178 3253 5232 monachus
3291 5178 3396 5233 the-

1830 5266 2070 5320 saurizat
2110 5267 2214 5320 sibi
2255 5266 2389 5320 iram
2430 5268 2485 5322 in
2526 5268 2615 5322 die
2655 5268 2910 5335 ultionis;
2948 5269 3083 5323 nihil
3123 5267 3407 5336 possidens

156 5362 597 5433 culenta,infigit
622 5362 821 5415 vulnus
848 5360 903 5413 in
928 5358 1182 5413 animam.
1213 5356 1283 5412 Ut
1308 5369 1579 5410 venenum
1609 5354 1732 5423 fuge
1829 5358 2132 5411 monachus
2189 5358 2525 5415 thesaurizat
2577 5359 2633 5412 in
2681 5361 2837 5415 coelo
2882 5370 2934 5415 et
2987 5358 3142 5414 dabit
3190 5359 3405 5413 laudem

155 5455 661 5513 confabulationem
697 5450 963 5515 mulieris,
997 5450 1041 5505 si
1085 5459 1267 5504 castus
1300 5462 1419 5503 esse
1455 5446 1727 5510 volueris;

1828 5462 1952 5501 cum
2002 5449 2207 5519 angelis
2250 5450 2381 5505 Deo.
2421 5450 2686 5506 Gloriatio
2739 5450 2993 5506 monachi
3038 5450 3298 5520 patientia
3350 5450 3405 5502 in

1672 5579 1921 5637 NOTAE.

229 5713 306 5782 (Ι)
350 5711 442 5766 Sic
487 5694 806 5764 inscribitur
872 5705 1096 5777 epistola
1139 5705 1191 5759 in
1232 5703 1351 5758 cod.
1401 5719 1500 5757 ms.
1571 5700 1903 5757 Bruxellensi
1953 5703 2037 5759 Νο.
2082 5704 2273 5759 «15010.
2318 5707 2513 5762 Vocem
2556 5708 2745 5777 Incipit
2790 5723 2899 5763 om.
2941 5706 3042 5763 Ed.
3112 5703 3402 5764 Uolstcnii.

156 5786 306 5841 Eutr.
