4266 6356
821 364 927 419 απ

2079 356 2133 409 S.
2174 353 2453 409 MACARll
2490 351 2804 408 AEGYPTH

3951 348 4058 404 LM

823 472 1269 533 :ribulationibus
1292 471 1429 525 eius.
1454 470 1714 525 Gloriatio
1740 466 1987 522 monachi
2009 466 2388 536 longanimitas
2419 473 2457 523 Α
2490 480 2636 517 suae.
2673 462 2825 516 Sicut
2856 459 3069 531 pondus
3098 460 3227 514 salis
3256 459 3510 529 deprimit
3546 459 3721 513 virum
3754 459 4059 526 inﬁmum,

822 584 946 621 cum
986 565 1267 619 charitate.
1304 562 1565 619 Gloriatio
1606 560 1857 614 monachi
1894 561 2070 613 nullas
2110 575 2196 611 res
2233 574 2389 627 prae-

822 655 991 709 sentis
1032 655 1171 706 vitae
1217 652 1516 721 possidere.
1568 650 1829 703 Gloriatio
1878 649 2125 701 monachi
2176 648 2391 716 vigiliae

820 756 877 799 et
928 746 1083 799 ﬂetus
1128 747 1179 797 in
1228 744 1585 797 orationibus.
1635 741 1896 796 Gloriatio
1941 739 2192 793 monachi
2242 755 2393 791 mau-

824 837 1054 889 suctudo
1106 844 1160 888 ct
1219 834 1400 887 cordis
1453 834 1749 886 silentium.
1806 832 2067 885 Gloriatio
2118 832 2388 894 monachi,

828 927 1039 995 quando
1069 927 1355 979 Dominum
1388 940 1451 977 ex
1486 935 1599 978 toto
1629 924 1791 977 corde
1825 924 2096 985 dilexerit,
2132 933 2185 975 et
2214 924 2393 991 proxi—

822 1032 971 1069 mum
1020 1032 1177 1069 suum
1228 1026 1480 1082 tauquam
1534 1016 1795 1083 scipsum.
1841 1014 2105 1066 Gloriatio
2142 1012 2390 1065 monachi

822 1108 1149 1161 abstinentia
1215 1120 1463 1159 escarum
1527 1116 1581 1158 et
1638 1121 1666 1157 a
1741 1105 2087 1173 multiloquio
2156 1104 2389 1173 linguae.

824 1198 1088 1252 Gloriatio
1131 1198 1405 1259 monachi,
1453 1198 1669 1266 quando
1706 1198 2012 1266 proximum
2055 1213 2211 1250 suum
2254 1196 2395 1249 sicut

828 1289 1063 1357 seipsum
1100 1289 1319 1356 patitur.
1361 1287 1622 1341 Gloriatio
1670 1288 1940 1350 monachi,
1982 1287 2196 1354 quando
2230 1286 2393 1338 verba

825 1379 946 1429 eius
971 1379 1229 1446 operibus
1252 1384 1570 1430 consonant.
1599 1376 1861 1429 Gloriatio
1886 1375 2157 1436 monachi,
2180 1373 2394 1442 quando

826 1466 880 1519 in
918 1468 1037 1519 loco
1072 1483 1171 1519 suo
1210 1475 1491 1534 permanet
1522 1475 1579 1519 et
1610 1466 1715 1517 huc
1746 1466 1982 1532 illucque
2010 1482 2116 1517 non
2151 1474 2391 1531 vagatur.

821 1556 1085 1610 Gloriatio
1141 1556 1391 1608 monachi
1447 1555 1844 1623 longanimitas.
1890 1555 2040 1607 Sicut
2088 1556 2291 1622 lampas
2342 1556 2393 1607 in

822 1646 943 1699 loco
1009 1647 1317 1708 tenebroso,
1372 1647 1513 1699 sicut
1573 1648 1651 1698 sol
1707 1646 1945 1707 radians,
1982 1646 2059 1698 sic
2099 1646 2396 1697 monachus

823 1748 1005 1791 mente
1046 1738 1228 1791 sobria
1262 1744 1317 1790 et
1346 1738 1509 1790 corde
1540 1737 1788 1807 pervigili
1829 1738 1883 1789 in
1917 1745 2156 1803 tempore
2206 1736 2395 1788 salutis

2492 557 2569 609 sic
2632 570 2855 609 somnus
2900 554 3246 608 monachum.
3303 553 3459 606 Sicut
3515 553 3702 622 spinae
3757 561 3815 605 et
3873 554 4063 608 tribuli

2491 664 2618 717 agro
2654 648 2853 715 opimo,
2883 647 2961 699 sic
3002 656 3058 699 et
3093 645 3452 714 cogitationes
3491 652 3679 712 turpes
3710 645 3979 711 pessimae
4010 646 4064 699 in

2491 738 2655 789 corde
2701 736 2971 789 monachi.
3021 735 3179 789 Sicut
3226 736 3371 788 tinea
3410 734 3737 787 exterminat
3772 735 4067 788 vestimen-

2494 836 2639 888 tum,
2692 829 2768 881 sic
2816 827 3197 879 distractiones
3244 826 3478 879 animam
3526 825 3798 877 monachi.
3845 825 3966 877 Noli
4016 836 4066 879 te

2492 919 2620 971 dare
2652 918 2717 971 ad
2755 918 3084 986 colloquium
3128 919 3440 977 mulierum,
3474 932 3543 970 ne
3585 916 3681 969 lias
3716 928 4003 985 separatus
4037 934 4067 970 a

2493 1026 2657 1079 regno
2684 1009 2813 1072 Dei;
2839 1021 2896 1063 et
2930 1025 2997 1063 ne
3034 1009 3169 1063 velis
3200 1009 3381 1063 dicere
3417 1026 3428 1060 :
3462 1009 3653 1077 loquar
3677 1023 3799 1061 cum
3836 1008 4070 1062 muliere

2493 1110 2548 1154 et
2583 1099 2819 1154 mundus
2865 1117 3004 1154 sum.
3050 1099 3347 1153 Monachus
3392 1100 3609 1168 sapiens
3656 1101 3770 1152 suis
3814 1100 4071 1154 manibus

2494 1200 2751 1261 Operatur
2788 1200 2843 1244 et
2889 1192 3094 1245 victum
3146 1191 3250 1245 sibi
3305 1192 3683 1260 quotidianum
3728 1191 3967 1259 acquirit
4016 1200 4073 1244 et

2494 1284 2737 1337 lucratus
2773 1292 2859 1336 est
2900 1285 3176 1337 orationes
3215 1291 3270 1336 et
3304 1284 3507 1337 ieiunia
3542 1299 3666 1347 sua;
3698 1283 3741 1337 si
3779 1295 3963 1337 autem
4004 1287 4077 1337 ab

2496 1375 2603 1427 alio
2648 1374 2919 1442 acceperit
2958 1375 3182 1437 victum,
3215 1374 3346 1443 quid
3390 1374 3614 1444 prodest
3655 1373 3799 1441 quod
3852 1382 3975 1427 orat
4017 1384 4074 1426 et

2495 1466 2711 1533 vigilat?
2761 1465 2911 1518 Sicut
2964 1467 3339 1519 mercenarius
3400 1466 3575 1518 malus
3626 1465 3807 1517 nudus
3851 1464 4067 1528 evadit;

2497 1558 2621 1623 quia
2643 1556 2901 1625 scriptum
2944 1566 3027 1609 est
3048 1575 3057 1609 :
3078 1557 3262 1611 Melius
3286 1568 3358 1610 est
3383 1558 3509 1609 dare
3526 1574 3683 1626 quam
3711 1560 3943 1626 arripere
3968 1557 4065 1623 (Ξ).

2496 1646 2597 1711 Qui
2638 1647 2807 1713 legis,
2852 1648 3091 1716 intellige.
3150 1648 3202 1699 in
3248 1648 3475 1700 Domino
3538 1662 3773 1714 semper.
3836 1645 4069 1712 Explicit

2497 1736 2717 1805 epistola
2750 1736 2885 1789 beati
2917 1738 3173 1791 Machurii
3202 1738 3399 1791 abbatis
3415 1739 3541 1791 data
3572 1738 3642 1790 ad
3672 1736 4065 1806 monachos(5).

2326 1850 2577 1906 NOTAE.

920 1967 953 2019 2
1005 1967 1122 2022 Act.
1156 1985 1246 2029 xx,
1280 1968 1365 2021 35.

897 1967 974 2109 25;
1013 2038 1102 2092 Sic
1135 2038 1255 2092 cod.
1284 2038 1365 2090 Bri

921 2053 953 2091 ξ)

1013 2038 1102 2092 Sic
1135 2038 1255 2092 cod.
1284 2036 1684 2101 Bruxeliensis;
1723 2036 1922 2089 abbatis
1956 2036 2081 2088 data
2124 2035 2191 2087 ad
2223 2035 2502 2086 monachos
2538 2049 2646 2087 om.
2688 2032 2787 2087 Ed.
2821 2032 3107 2087 llolstenii.
3142 2032 3295 2085 Ευιτ.

861 2204 4060 2230 W

2357 2372 2520 2461 IV.

1713 2581 2301 2673 EPISTOLA
2385 2577 3211 2671 SUPPOSITICIA

1326 2782 1420 2835 sub
1455 2780 1664 2833 nomine
1686 2774 1944 2830 Macharii
1966 2792 1995 2826 a
2020 2770 2331 2824 Petitdidier
2354 2770 2516 2831 edita,
2546 2770 2612 2821 ad
2642 2768 2800 2837 ﬁdem
2824 2770 3053 2823 codicum
3076 2770 3155 2823 hic
3182 2769 3351 2823 denuo
3375 2786 3609 2824 excussa.

888 3004 1001 3054 Cod.
1047 3016 1133 3051 ms.
1168 3000 1295 3051 Bibl.
1323 3001 1462 3049 Caes.
1508 2999 1715 3047 V'iudob.
1742 2999 1881 3057 4800,
1903 2998 2018 3047 olim
2040 3001 2147 3048 cod.
2175 3001 2329 3048 theol.
2376 3001 2483 3057 561,
2520 3000 2835 3048 membranae.
2869 3002 3011 3049 Saec.
3046 3001 3148 3050 XIV
3182 3001 3262 3049 fol.
3334 3039 3344 3049 .
3418 3041 3425 3047 .
3498 3038 3512 3049 .
3579 3040 3588 3050 .
3660 3040 3671 3050 .
3742 3041 3753 3051 .
3821 3040 3833 3051 .
3904 3042 3917 3053 .
4030 3006 4074 3056 Λ

890 3067 1002 3113 Cod.
1048 3078 1134 3110 ms.
1180 3065 1300 3111 llihl.
1334 3061 1668 3121 Burgundicae
1712 3060 2051 3108 Bruxellensis
2076 3062 2138 3108 N°
2181 3062 2567 3109 150Hchartac.
2599 3064 2735 3110 Saec.
2774 3063 2854 3111 XV
2896 3064 2978 3110 fol.
3049 3098 3060 3109 .
3132 3100 3143 3110 .
3214 3101 3224 3111 .
3296 3100 3307 3110 .
3379 3101 3387 3109 .
3460 3102 3471 3111 .
3544 3102 3554 3111 .
3623 3100 3635 3110 .
3793 3103 3803 3111 .
3875 3104 3885 3112 .
3956 3108 3960 3113 .
4038 3070 4076 3117 Β

890 3124 1054 3174 Editio
1099 3123 1408 3174 Petittlidier.
1435 3136 1462 3171 e
1487 3123 1592 3170 cod.
1619 3136 1707 3170 ms.
1735 3123 1958 3170 abbatiae
1983 3122 2033 3169 S.
2063 3122 2225 3170 Vitoni
2247 3124 2473 3171 adornata

887 3235 1076 3284 Prodiit
1104 3234 1307 3294 epistola
1333 3232 1455 3279 haec
1477 3244 1511 3294 e_
1550 3244 1637 3294 m_s.
1677 3230 1780 3279 cod.
1809 3229 2034 3294 abbatiae
2060 3231 2109 3294 ε.
2136 3229 2299 3294 Vitoni
2345 3230 2637 3294 (Si-vanne)
2661 3230 2708 3278 in
2741 3229 2863 3294 libro
2881 3234 2963 3292 qui
3000 3230 3285 3294 inscribitur
3316 3246 3327 3280 :
3372 3234 3661 3294 Remarques
3705 3248 3790 3282 sur
3816 3233 3863 3282 la
3904 3233 4077 3284 biblio-

826 3298 993 3360 tlicque
1017 3299 1100 3360 des
1124 3290 1317 3360 auteit‘rs
1334 3290 1803 3360 et'clésiastiquesde
1830 3294 1896 3360 ff.
1925 3292 2135 3360 pugili“.
2161 3304 2250 3354 par
2279 3293 2336 3340 D.
2369 3290 2582 3340 Mathieu
2626 3290 2945 3360 Pelitdidier.‘
2960 3292 3127 3360 Raris.
3156 3292 3292 3343 1692,
3322 3294 3378 3343 Τ.
3404 3293 3444 3342 ll
3468 3308 3515 3356 p.

3652 3308 3788 3357 seqq.
3816 3298 3987 3345 Exstat
4025 3296 4078 3346 in

828 3352 935 3407 ωδ.
985 3362 1025 3407 Α
1074 3357 1155 3404 fol.
1198 3356 1305 3413 liti,
1332 3356 1387 3412 2;
1414 3352 1462 3401 in
1501 3352 1627 3402 cod.‘
1646 3354 1684 3401 Β
1715 3354 1799 3401 fol.
1826 3353 1904 3411 68,
1930 3354 1973 3401 l.
2002 3353 2072 3402 Cf.
2104 3352 2465 3401 Passuonssns
2511 3367 2657 3414 supra
2686 3359 2780 3404 col.
2808 3354 3035 3403 403401.

896 3546 1093 3613 Incipit
1139 3543 1369 3611 epistola
1408 3542 1595 3595 beati‘
1637 3541 1892 3594 Macharii
1936 3542 2001 3595 ad
2046 3544 2339 3599 monachos
2365 3550 2403 3599 ³.
2444 3560 2481 3611 Β
2510 3548 2753 3609 auferre,
2805 3556 2861 3599 et
2916 3546 3061 3600 dicat
3104 3562 3319 3617 semper
3344 3567 3376 3601 .:
3423 3552 3677 3619 quoniam
3732 3551 4077 3620 iniquitatem

896 3636 1150 3705 Inprimis
1176 3633 1395 3702 quidem
1423 3633 1466 3686 si
1494 3632 1699 3701 ceperit
1734 3633 1897 3685 homo
1924 3634 2161 3701 seipsum
2191 3636 2209 3664 ⁸
2238 3652 2400 3705 agno-

825 3744 977 3782 scere
1012 3744 1110 3779 cur
1151 3734 1367 3779 creatus
1398 3722 1489 3785 sit,
1515 3734 1567 3776 et
1593 3722 1916 3790 exquisierit
1952 3722 2207 3777 factorem
2241 3740 2398 3778 suum

827 3821 988 3872 deum
1012 3821 1052 3880 ⁵,
1089 3828 1220 3870 tunc
1246 3817 1421 3870 sciet'
1448 3815 1691 3883 penitere
1729 3814 1795 3867 de
1828 3814 1955 3877 hiis,
1987 3832 2098 3883 quc
2130 3817 2405 3870 commisit

829 3910 883 3962 in
909 3920 1151 3977 tempore
1181 3907 1515 3975 negligcncie
1541 3921 1657 3967 sue,
1685 3914 1740 3958 et
1765 3906 1843 3957 sic
1877 3905 2095 3958 dcmmn
2134 3906 2403 3976 benignus

828 4003 963 4053 deus
990 4000 1011 4029 ⁸
1050 3998 1142 4052 dat
1180 3998 1256 4050 illi
1293 3998 1576 4050 tristiciam
1618 4012 1718 4064 pro
1756 3998 2013 4064 peccatis,
2054 4008 2107 4051 et
2141 4011 2260 4067 post
2298 4000 2401 4053 ite-

827 4106 947 4144 rum
992 4106 1089 4158 per
1136 4105 1287 4143 suam
1337 4088 1730 4157 benignitatem
1780 4087 1872 4139 dat
1925 4088 2000 4140 illi
2055 4089 2402 4144 aﬂlictionem

827 4181 1071 4248 corporis
1101 4180 1153 4231 in
1186 4180 1203 4208 ⁷
1247 4178 1485 4237 ieiuniis,
1523 4178 1577 4230 in
1607 4178 1647 4205 ⁷·
1686 4176 1905 4243 vigiliis,
1943 4186 1997 4229 et
2034 4180 2349 4232 oracionum
2383 4181 2404 4210 ⁸

827 4270 1148 4323 instanciam
1178 4271 1219 4329 9,
1268 4279 1324 4321 et
1367 4275 1739 4335 contemptum
1778 4268 1819 4296 ¹⁶
1869 4268 2078 4331 mundi,
2131 4278 2189 4322 ut
2230 4270 2405 4325 libens

829 4361 1003 4413 illatas
1045 4360 1271 4412 iniurias
1307 4361 1343 4389 “
1382 4359 1625 4419 sull'crat,
1663 4368 1718 4411 et
1769 4359 1895 4410 odio
1936 4358 2133 4411 habeat
2160 4362 2200 4389 ”
2242 4375 2403 4413 omne

827 4452 1165 4519 relrigcrium
1199 4450 1499 4517 corporale,
1535 4460 1589 4501 et
1625 4448 1813 4515 diligat
1850 4448 1889 4476 ¹³
1921 4448 2195 4516 planctum
2231 4453 2402 4521 magis

825 4559 985 4610 quam
1032 4544 1220 4595 risum.
1270 4542 1396 4593 Post
1448 4540 1547 4591 hec
1588 4540 1792 4591 tribuet
1835 4539 1912 4591 illi
1959 4539 2312 4605 desiderium,
2350 4552 2404 4597 et

824 4634 1033 4694 ﬂetum,
1069 4642 1122 4686 et
1156 4631 1518 4684 humilitatem
1546 4630 1588 4659 “
1618 4630 1884 4692 cordis”,
1920 4639 1981 4683 ut
2018 4631 2225 4685 trabem
2257 4630 2403 4687 oculi

826 4724 909 4776 sui
944 4723 1270 4784 consideret,
1308 4736 1417 4772 non
1453 4721 1494 4750 ¹⁶
1540 4719 1765 4772 alterius
1807 4718 2069 4772 festucam
2116 4720 2327 4775 nitatur
2358 4722 2400 4752 "

2508 3656 2683 3693 meam
2735 3654 2835 3709 ego
2869 3639 2911 3669 "
2964 3654 3230 3707 cognosco
3268 3642 3329 3704 ",
3382 3652 3435 3695 et
3486 3652 3766 3711 peceatum
3805 3644 3849 3673 ¹⁰
3894 3659 4079 3697 meum

2508 3741 2697 3787 contra
2734 3746 2821 3784 me
2857 3739 2939 3783 est
2974 3746 3209 3798 semper,
3243 3741 3298 3784 et
3328 3740 3387 3785 ut
3421 3734 3527 3786 diei
3562 3734 3603 3763 “
3640 3734 3815 3786 exitus
3844 3734 3927 3786 sui
3960 3750 4079 3786 me-

2510 3837 2627 3874 mor
2672 3820 2760 3882 sit,
2805 3828 2859 3873 et
2893 3820 3165 3888 quomodo
3198 3820 3252 3872 in
3282 3832 3578 3890 conspectu
3616 3822 3702 3876 dei
3736 3824 3777 3853 "
3817 3838 4083 3875 occursu-

2509 3927 2601 3964 rus
2630 3912 2719 3972 sit,
2745 3909 3016 3963 etiudicia
3045 3918 3101 3961 et
3125 3925 3291 3977 penas
3316 3910 3591 3964 describat
3618 3912 3663 3942 ”
3696 3912 3749 3964 in
3780 3921 4079 3980 conspectu

2508 4001 2705 4053 mentis
2754 4015 2870 4061 sue,
2914 4014 3016 4052 nec
3062 4015 3171 4051 non
3215 4000 3385 4053 eciam
3413 4001 3459 4031 ’δ
3500 4001 3694 4054 merita
3740 4010 3793 4054 et
3840 4001 4081 4055 honores

2510 4091 2602 4159 qui
2621 4090 2783 4143 dandi
2804 4097 2929 4142 sunt
2951 4089 3152 4141 sanctis
3176 4088 3272 4157 (l).
3293 4090 3347 4142 Si
3377 4099 3559 4143 autem
3584 4092 3920 4160 cognoverit.
3949 4094 4078 4160 quia

2501 4194 2594 4231 cor
2651 4178 2797 4230 illius
2846 4177 3059 4229 ﬁrmum
3104 4186 3187 4231 est
3235 4178 3290 4230 in
3342 4178 3539 4233 timore
3596 4180 3821 4242 domini,
3864 4189 3922 4233 et
3966 4197 4080 4235 non

2502 4268 2726 4321 dimittit
2753 4268 2929 4319 locum
2954 4282 3134 4329 suum,
3171 4269 3264 4321 sed
3294 4268 3509 4323 fortiter
3540 4272 3743 4325 resistit
3776 4272 3853 4341 (Ξ)
3884 4273 4082 4325 adver-

2502 4360 2643 4412 sario
2675 4374 2793 4421 suo,
2824 4358 2912 4411 ille
2950 4358 3223 4426 perfectus
3263 4362 3563 4415 monachus
3596 4371 3652 4415 et
3691 4363 3845 4416 miles
3870 4363 4079 4417 Christi

2508 4460 2758 4504 vocatur.
2795 4450 2865 4505 Ut
2900 4451 3045 4503 enim
3080 4451 3351 4505 cumulata
3382 4453 3426 4483 “
3466 4454 3617 4507 navis
3655 4454 3923 4507 undarum
3963 4456 4075 4509 ictu

2504 4543 2778 4604 obruitur,
2808 4543 2885 4594 sic
2916 4541 3085 4595 multa
3113 4542 3397 4609 possidens
3427 4545 3726 4598 monachus
3759 4561 3865 4599 non
3896 4546 4076 4599 salva-

2502 4632 2668 4687 bitur.
2698 4632 2843 4686 Nihil
2874 4632 3159 4701 possidens
3192 4636 3491 4688 monachus
3515 4638 3688 4689 viator
3713 4637 4001 4705 expeditus
4030 4639 4078 4669 "

2502 4732 2603 4775 est.
2641 4722 2788 4775 Nihil
2827 4722 3111 4790 possidens
3145 4726 3443 4778 monachus
3466 4728 3618 4794 quasi
3656 4728 3833 4795 aquila
3870 4727 3937 4781 ad
3977 4744 4076 4781 ex-

2135 4878 2389 4931 VARIAE
2430 4879 2832 4935 LECTIONES.

903 5001 917 5030 ¹
948 4998 1081 5051 beati
1113 5014 1220 5050 om.
1253 4999 1295 5050 Α

826 5071 1141 5140 venientium
1192 5069 1350 5140 habet
1395 5086 1512 5121 cum
1566 5072 1796 5139 predicta
1855 5069 2096 5140 epistola.

825 5139 913 5191 ‘C
962 5140 1220 5189 dominus.
1334 5139 1352 5168 ⁷
1384 5140 1437 5190 in
1491 5154 1598 5191 om.
1638 5141 1696 5193 C.
1810 5138 1922 5193 "in
1972 5157 2079 5192 om.
2136 5138 2197 5193 C.

827 5210 867 5239 “
910 5209 947 5259 ll
999 5206 1359 5259 contumelias.
1466 5210 1506 5238 "
1540 5208 1580 5261 B
1640 5220 1693 5263 ct
1734 5210 1837 5261 ἰάὶο
1903 5210 2073 5262 habet.

826 5278 1118 5329 militatcm.
1202 5279 1241 5306 "
1270 5279 1437 5330 cordis
1462 5294 1567 5331 om.
1593 5279 1653 5333 C.
1734 5282 1773 5310 “‘
1802 5280 1841 5332 C
1876 5288 1924 5331 et
1955 5296 2082 5331 non.

826 5348 1023 5399 (ictum.
1111 5348 1151 5376 ἰ
1182 5347 1221 5399 C
1258 5347 1411 5399 diem.
1488 5350 1595 5401 "(1
1631 5350 1847 5402 domini.
1952 5350 1997 5379 ”
2031 5348 2111 5403 BC
2139 5348 2397 5401 describit.

828 5418 1140 5479 multarunt,
1186 5417 1225 5468 B
1263 5434 1379 5469 cum
1428 5418 1597 5471 multa
1645 5428 1883 5487 portans,
1918 5418 1958 5473 C
1993 5435 2112 5471 cum
2150 5417 2341 5469 multa.

2189 5209 2230 5239 ιι
2269 5208 2349 5261 BC
2385 5209 2570 5279 diligit.

2165 5278 2203 5307 ¹⁷
2234 5279 2273 5330 Α
2308 5278 2581 5331 desideret.

1395 5001 1413 5027 ¹
1444 4999 1484 5051 Β
1517 4999 1710 5069 Incipit
1745 5002 1854 5054 alia
1899 4999 2120 5071 cpistola
2165 5001 2393 5071 eiusdem
2432 5000 2688 5054 Macharii
2727 5001 2949 5064 abbatis,
2984 5016 3081 5069 quc
3115 5008 3289 5053 tamen
3328 4999 3590 5071 inimultis
3641 5017 3888 5069 magnam
3953 5019 4077 5055 con-

2236 5071 2254 5099 ³
2280 5070 2321 5122 Β
2359 5072 2710 5139 semetipsum.

2312 5140 2332 5169 ⁸
2383 5140 2423 5193 C
2468 5142 2807 5193 orationibus.

2817 5072 2836 5101 ⁸
2861 5071 2900 5125 C
2943 5072 3231 5123 dominum.
3345 5072 3363 5100 '
3389 5070 3494 5123 Pro
3525 5080 3649 5122 tunc
3685 5073 3806 5123 sciet
3864 5073 3953 5125 AB
4000 5082 4069 5126 ct.

2921 5142 2941 5172 ’
2988 5140 3068 5195 BC
3102 5140 3381 5211 instantia.
3428 5210 3431 5211 ν
3506 5140 3675 5211 ’(Βο
3751 5150 4070 5211 contemptu.

2676 5213 2717 5240 “
2760 5212 2800 5263 B
2834 5210 3273 5272 humiliacionem,
3340 5209 3379 5263 C
3415 5208 3833 5263 Itumiliacionem
3879 5221 3929 5263 et
3956 5208 4072 5265 'Im-

2697 5281 2739 5310 ¹³
2777 5297 2867 5349 ego
2904 5298 3012 5333 om.
3073 5281 3133 5335 C.
3271 5280 3312 5309 "
3355 5280 3393 5333 C
3428 5297 3670 5348 agnosco.
3770 5282 3811 5310 '°
3853 5282 3935 5335 BC
3977 5284 4070 5334 de-

2512 5351 2553 5379 “
2584 5351 2748 5402 eciam
2782 5366 2890 5403 oui.
2928 5353 2992 5405 A.
3139 5352 3184 5382 ⁸⁸
3207 5350 3287 5405 Ex
3330 5351 3502 5419 conj.,
3548 5365 3649 5419 pro
3702 5351 4071 5412 cumulath

2456 5420 2499 5449 “
2539 5421 2583 5473 Α
2623 5422 2934 5489 expeditior.

2331 5532 2580 5588 NOTAE.

897 5629 971 5695 (1)
998 5628 1131 5681 Hinc
1150 5627 1346 5693 incipit
1376 5626 1682 5695 discrepare
1714 5627 1846 5681 haec
1866 5628 1933 5681 ab
1955 5644 2037 5689 ea,
2061 5643 2221 5696 quam
2246 5629 2346 5682 sub
2369 5629 2388 5681 l

822 5700 1177 5767 vulgavimus,
1205 5696 1450 5767 cpistola.

892 5766 971 5839 (2)
995 5774 1139 5834 Quae
1167 5766 1365 5820 abhinc
1398 5783 1566 5835 usque
1598 5767 1662 5821 ad
1697 5766 1855 5822 linem
1898 5777 2221 5836 sequuntur,
2260 5782 2385 5835 spu-

2497 5631 2575 5684 ria
2614 5640 2759 5691 sunt,
2795 5641 2849 5685 et
2888 5647 2917 5687 e
2954 5628 3169 5685 Macarii
3216 5626 3607 5700 (Alexandrini)
3640 5625 3871 5697 epistola
3904 5626 3973 5682 N'
4008 5626 4072 5680 Ill

2499 5702 2805 5771 compilata.
