4266 6356
111 401 221 456 με

1618 394 1903 452 PRECES.

3243 388 3348 443 ιω

112 517 264 571 cetra
293 515 338 547 ’ν
368 513 631 585 pervolat.
665 514 818 570 Tunc
840 513 1127 570 descendit
1161 514 1228 570 ad
1256 528 1430 579 escas,
1464 513 1684 584 quando
1712 518 1758 576 Α
1783 512 2009 583 Optimo,
2042 510 2121 566 sic
2163 507 2520 582 cogitationes
2559 515 2747 575 turpes
2782 503 2838 558 in
2875 502 3039 559 corde
3075 502 3350 557 monachi.

109 605 398 675 compellit
428 604 744 659 necessitas.
801 604 1050 659 Prudens
1077 604 1375 659 monachus
1398 616 1517 659 non
1554 602 1689 657 adu-

110 697 324 750 labitur
346 704 573 765 propter
597 696 933 749 voluntatem
968 695 1178 749 ventris
1216 694 1497 750 divitibus.
1539 691 1687 747 Nihil

111 788 407 857 possidens
430 787 730 842 monachus
772 802 963 841 cursor
998 787 1135 842 levis
1175 786 1423 858 sagacius
1457 786 1523 840 ad
1558 785 1686 840 bra-

112 880 270 933 vium
312 893 548 947 superne
585 878 897 933 vocacionis
935 878 1143 933 domini
1165 880 1210 910 ⁸⁸
1245 878 1545 949 perveniet.
1580 879 1685 933 Ve-

112 985 215 1023 rus
241 968 545 1023 monachus
573 976 694 1037 post
720 983 859 1037 Opus
888 968 1226 1022 moderatum
1258 967 1606 1023 oracionibus
1634 975 1689 1021 et

113 1058 463 1112 lctmionibus
502 1066 676 1112 vacat.
726 1058 873 1113 Nihil
911 1059 1194 1128 possidens
1233 1060 1531 1114 monachus
1571 1060 1690 1115 the-

113 1153 361 1207 saurizat
394 1152 438 1184 ι’
478 1150 535 1205 in
574 1148 713 1214 celo,
752 1151 900 1205 canit
945 1151 1166 1205 domino
1194 1152 1238 1183 ⁸⁸
1272 1150 1461 1207 laudes
1498 1152 1588 1207 die
1626 1167 1691 1207 ac

114 1252 284 1299 nocte
318 1244 375 1297 in
402 1243 598 1298 timore
626 1239 854 1296 domini.
883 1237 1156 1296 Gloriacio
1187 1242 1437 1297 monachi
1470 1243 1689 1312 pacien-

115 1338 203 1389 cia
230 1336 273 1365 ³³
307 1349 431 1389 cum
470 1332 758 1389 charitate.
795 1331 1068 1387 Gloriacio
1099 1333 1374 1397 monachi,
1407 1349 1530 1388 cum
1566 1335 1690 1388 nul-

116 1427 200 1478 las
241 1439 332 1477 res
362 1423 638 1477 desiderat
681 1421 953 1491 presentis
995 1421 1104 1476 vite
1140 1423 1417 1491 possidere
1448 1423 1511 1476 ⁸⁸.
1559 1422 1690 1477 Glo-

119 1518 299 1571 riacio
356 1516 609 1569 monachi
666 1514 1028 1569 mansuetudo
1088 1523 1146 1568 et
1206 1513 1362 1569 fides.
1418 1514 1691 1571 Gloriacio

120 1604 382 1659 monachi
416 1603 597 1673 vigilie
636 1612 693 1657 et
714 1603 757 1633 ⁸⁸
793 1601 953 1656 ﬂetus
987 1603 1042 1655 in
1075 1603 1443 1656 oracionibus.
1478 1602 1691 1657 Gloria-

119 1696 208 1745 cio
250 1691 526 1753 monachi,
570 1688 788 1759 quando
829 1690 992 1744 deum
1027 1690 1070 1720 ⁸⁸
1119 1705 1187 1744 ex
1236 1700 1351 1744 toto
1397 1690 1560 1745 corde
1606 1692 1692 1746 di-

123 1781 346 1843 lexerit,
386 1789 443 1833 et
490 1778 796 1847 proximum
845 1793 1005 1831 suum
1057 1778 1199 1833 sicut
1239 1794 1297 1833 se
1336 1779 1536 1849 ipsum.
1570 1780 1695 1836 Glo-

1792 603 1947 659 Sicut
1986 602 2129 657 tinea
2170 600 2497 657 exterminat
2530 596 2935 656 vestimentum,
2972 591 3049 645 sic
3089 590 3354 645 detractio

1790 697 2026 751 animam
2048 694 2092 726 “
2119 692 2370 748 monachi
2387 692 2450 743 “.
2480 689 2599 743 Noli
2627 698 2678 742 te
2702 687 2831 741 dare
2864 683 2929 739 ad
2960 681 3286 751 colloquium
3307 681 3353 712 δ’

1791 786 2039 841 mulieris
2065 786 2131 849 “,
2167 799 2237 839 ne
2271 782 2346 837 sis
2382 789 2666 851 separatus
2707 794 2736 832 a
2776 789 2944 845 regno
2976 773 3063 828 dei
3094 774 3159 835 “,
3194 781 3250 825 et
3285 786 3353 824 ne

1790 877 1927 931 velis
1972 876 2151 931 dicere
2190 890 2203 927 :
2254 873 2449 942 loquor
2494 884 2619 924 cum
2666 866 2896 921 muliere
2930 862 2975 893 “
3013 870 3068 915 et
3115 859 3356 913 mundus

1792 985 1932 1025 sum.
1971 966 2267 1023 Monachus
2297 964 2514 1033 sapiens
2558 959 2671 1013 suis
2718 955 2971 1010 manibus
3007 958 3261 1021 operatur
3298 957 3357 1003 et

1790 1062 1997 1115 victum
2037 1060 2140 1115 sibi
2175 1058 2529 1113 cottidianum
2562 1052 2606 1083 “
2648 1049 2882 1119 acquirit
2917 1046 2960 1078 "
3010 1052 3068 1099 et
3114 1042 3358 1095 lucratus

1792 1162 1878 1207 est
1924 1152 2208 1206 oracioues
2247 1159 2302 1203 et
2346 1146 2546 1202 ieiunia
2585 1160 2680 1199 sua
2710 1143 2776 1194 ⁸⁸.
2820 1139 2878 1194 Si
2916 1146 3097 1191 autem
3145 1134 3212 1187 ab
3249 1132 3359 1186 alio

1794 1244 2063 1313 acceperit
2092 1242 2138 1273 “
2180 1241 2406 1303 victum,
2446 1238 2577 1309 quid
2619 1234 2861 1304 prodest,
2901 1227 3045 1298 quod
3079 1226 3266 1295 vigilat
3302 1233 3360 1277 et

1794 1335 1949 1388 orat?
1991 1333 2081 1388 Sic
2120 1340 2203 1387 est
2245 1341 2307 1385 ut
2349 1326 2717 1383 mercenarius
2767 1323 2940 1377 durus
2966 1328 3042 1373 ~et
3091 1317 3266 1370 malus
3289 1315 3357 1366 ".

1794 1426 1931 1492 Quia
1986 1426 2247 1494 scriptum
2282 1432 2367 1476 est
2408 1438 2421 1474 :
2472 1420 2671 1473 melius
2721 1426 2803 1469 est
2846 1414 2976 1467 dare
3011 1426 3170 1480 quam
3214 1406 3360 1462 acci-

1795 1533 1947 1587 pere.
1985 1518 2275 1587 Lignorum
2308 1528 2523 1584 quoque
2553 1513 2596 1543 ⁵¹
2638 1509 2793 1579 copia
2830 1507 3102 1577 ingentem
3136 1500 3364 1555 suscitat

1797 1607 2100 1673 ﬂammam;
2156 1605 2451 1660 multitudo
2502 1611 2683 1657 autem
2736 1612 2982 1652 escarum
3039 1590 3359 1647 inobedien-

1797 1701 1935 1756 ciam
1971 1701 2114 1770 parit
2161 1706 2217 1753 et
2263 1707 2513 1752 mortem.
2556 1694 2809 1763 lndigens
2845 1697 3034 1743 venter
3054 1686 3098 1717 “
3134 1685 3188 1739 in
3233 1697 3362 1735 ora-

1798 1791 2048 1845 cionibus
2092 1789 2434 1859 vigilanciam
2467 1788 2512 1819 "
2552 1792 2760 1857 prestat
2795 1792 2852 1837 et
2887 1793 3142 1835 coronam
3181 1775 3362 1829 anime

125 1869 303 1923 riacio
351 1867 604 1921 monachi
651 1867 988 1921 abstinencia
1028 1864 1073 1899 “
1118 1883 1365 1922 escarum
1404 1878 1462 1923 et
1507 1885 1618 1924 non
1654 1870 1700 1902 ³⁸
1730 1876 1771 1931 Β
1799 1882 2066 1951 acquirit;
2114 1881 2353 1949 repletus
2399 1887 2579 1933 autem
2626 1876 2768 1930 escis
2815 1885 3102 1941 sompnum
3154 1864 3365 1920 inducit

125 1955 537 2024 multiloquium
584 1955 784 2024 lingue.
836 1953 1107 2009 Gloriacio
1152 1955 1431 2019 monachi,
1478 1957 1697 2026 quando

126 2049 296 2103 verba
325 2050 445 2118 ejus
471 2048 728 2116 operibus
770 2054 1088 2102 consonant.
1124 2047 1393 2103 Gloriacio
1422 2049 1696 2115 monachi,

126 2138 352 2208 quando
380 2139 433 2192 in
460 2138 578 2193 loco
599 2154 698 2193 suo
716 2138 757 2169 ⁸’
784 2148 1069 2208 permanet
1095 2149 1151 2194 et
1178 2139 1286 2193 huc
1318 2139 1556 2209 illucque
1587 2156 1697 2195 non

125 2240 379 2299 vagatur.
404 2228 673 2284 Gloriacio
691 2230 943 2284 monachi
962 2230 1343 2300 longanimitas
1367 2246 1489 2285 cum
1515 2230 1694 2286 humi—

128 2323 283 2375 litate
332 2331 390 2376 et
431 2321 622 2391 gratia.
663 2321 817 2377 Sicut
856 2322 1062 2391 lampas
1089 2322 1132 2353 ³⁸
1178 2322 1461 2391 splendida
1492 2322 1547 2376 in
1586 2323 1708 2380 loco

132 2412 447 2475 tenebroso,
512 2424 569 2465 et
630 2412 774 2465 sicut
837 2412 916 2465 sol
952 2411 1170 2465 radians
1210 2411 1527 2481 splendidus
1598 2422 1706 2475 est,

132 2505 211 2557 sic
260 2504 560 2558 monachus
596 2502 871 2572 perfectus
921 2502 975 2555 in
1014 2502 1310 2557 sobrietate
1354 2512 1410 2556 et
1452 2504 1704 2559 castitate

1798 1982 1855 2028 et
1881 1973 2218 2042 gravitatem.
2247 1970 2450 2027 Oculus
2482 1969 2653 2039 gulosi
2688 1966 2935 2022 convivia
2962 1966 3359 2032 perscrutatur,

1799 2066 1991 2121 oculus
2052 2074 2233 2119 autem
2292 2062 2616 2132 sapientium
2643 2060 2689 2091 “
2734 2057 3029 2113 meditatur
3082 2050 3364 2106 continen-

1800 2158 1938 2213 ciam
1988 2166 2305 2226 martyrum.
2360 2152 2764 2208 Formidolosus
2817 2147 2973 2201 miles
3022 2140 3286 2196 horrescit
3314 2139 3363 2169 "

1801 2246 2011 2307 tubam,
2036 2259 2140 2312 que
2184 2242 2383 2296 bellum
2406 2240 2452 2271 "
2497 2236 2793 2308 signiﬁcat;
2830 2244 2881 2288 et
2924 2232 3147 2302 gulosus
3177 2241 3364 2280 mona-

1803 2337 1940 2391 chus
1971 2336 2017 2389 si
2047 2331 2437 2387 abstiuenciam
2466 2328 2836 2398 predicantem
2871 2324 2914 2361 ⁵⁷
2962 2319 3214 2380 audierit,
3250 2330 3361 2369 non

1802 2429 2034 2484 libenter
2080 2426 2368 2480 auscultat.
2412 2423 2670 2481 Flamma,
2704 2433 2825 2472 cum
2863 2414 3057 2469 arserit
3078 2413 3144 2474 ",
3182 2410 3364 2463 eluce-

1799 2520 1903 2577 scit
1950 2520 2146 2573 iterum
2185 2517 2230 2571 si
2277 2514 2505 2583 accipiat
2544 2512 2779 2581 lignum,
2808 2517 2865 2562 et
2908 2507 3081 2575 sopita
3118 2501 3288 2556 libido
3314 2498 3359 2529 "

131 2605 187 2649 et
224 2594 395 2648 corde
426 2596 673 2664 pervigili
717 2595 769 2647 in
812 2604 1051 2661 tempore
1086 2595 1415 2662 psalmorum
1447 2593 1509 2645 ".
1551 2593 1703 2649 Sicut
1798 2631 1816 2668 ι

1684 2603 1703 2648 ί
1798 2627 2016 2668 rursum
2067 2608 2294 2679 ignescit
2324 2607 2368 2637 “
2408 2606 2463 2658 in
2501 2603 2783 2657 saturitate
2822 2614 3090 2654 esvarum.
3132 2593 3361 2665 Explicit

132 2686 352 2755 pondus
376 2687 502 2739 salis
524 2686 779 2754 deprimit
807 2687 983 2739 virum
1010 2687 1306 2747 infirmum,
1338 2685 1417 2738 sic
1443 2700 1703 2754 sompnus

136 2778 189 2829 in
233 2776 413 2831 oculis
461 2778 730 2832 monachi.
767 2777 918 2832 Sicut
954 2776 1107 2847 spiue
1143 2784 1199 2832 et
1236 2776 1421 2831 tribuli
1472 2776 1527 2829 in
1567 2791 1699 2846 agro

1803 2701 2024 2777 epistola
2058 2699 2313 2756 Macharii
2350 2697 2475 2751 data
2498 2695 2566 2749 ad
2606 2699 2881 2749 monachos
2913 2692 2976 2745 “.

1423 2932 1675 2988 VARIAE
1714 2928 2111 2987 LECTIONES.

242 3048 288 3077 ¹⁷
343 3047 412 3099 ad
442 3046 647 3101 excelsa
705 3066 813 3104 om.
854 3052 917 3105 A.
1028 3055 1072 3085 "
1100 3054 1140 3107 Β
1173 3055 1275 3108 dei.

142 3188 206 3238 lie
237 3196 288 3239 et
328 3202 435 3239 om.
465 3187 525 3241 C.

141 3256 303 3324 pada.
403 3258 445 3287 ³⁹
485 3256 525 3311 C

140 3326 426 3378 colloquia.

640 3189 684 3220 ³⁵
706 3190 746 3243 C
778 3191 1064 3246 dominum.

564 3260 810 3331 pervigili
850 3262 1226 3331 interpretatur
1269 3263 1517 3331 psalmos.

532 3330 577 3357 “
610 3327 651 3382 C
677 3327 904 3383 mulieri.
989 3327 1060 3362 ’⁸⁵
1092 3332 1132 3386 C
1167 3327 1381 3385 doniini.

1386 3055 1431 3085 "
1458 3053 1499 3103 Β
1533 3053 1870 3103 tliesaurizat.

242 3053 287 3077 ’⁷
343 3053 412 3099 ad
442 3053 647 3101 excelsa
705 3066 813 3104 om.
854 3053 917 3105 A.
1028 3055 1072 3085 "
1100 3054 1140 3107 Β
1173 3055 1275 3108 dei.
1386 3055 1431 3085 "
1458 3053 1499 3105 Β
1533 3053 1870 3105 t/iesaurizat.
2009 3053 2053 3081 ³⁸
2084 3053 2125 3103 Β
2158 3053 2270 3100 deo.
2407 3053 2446 3077 ἰ
2473 3053 2515 3098 Α
2569 3053 2637 3097 sit
2678 3054 2974 3111 pacrenua.

138 3116 323 3203 nullas
375 3122 747 3203 reslpresenti’s
799 3122 917 3203 uite.
955 3123 1214 3203 desiderat
1239 3165 1278 3203 ,Α
1404 3138 1527 3203 cum
1588 3122 1767 3203 nullas
1836 3136 1916 3173 res
1979 3120 2229 3203 precantis
2288 3118 2430 3203 often
2449 3115 2715 3203 possidere
2762 3110 3039 3203 desiderat.

1168 3196 1210 3224 "
1240 3193 1280 3248 C
1314 3193 1645 3247 abstinencia.
1723 3190 1767 3221 ⁸⁸
1800 3207 1902 3242 non
1937 3186 2045 3242 om.
2100 3186 2205 3241 AC.

1168 3280 1226 3313 nr
1269 3263 1517 3313 nsalmos.
1603 3261 1648 3292 “
1678 3261 1719 3313 B
1755 3261 1810 3312 in
1842 3260 2043 3312 anima.
2133 3258 2174 3288 ’⁵⁸

1481 3332 1525 3362 ⁸⁸
1554 3330 1595 3384 Β
1627 3346 1751 3385 cum
1792 3328 2111 3382 mulieribus.

3085 3036 3130 3067 ⁸¹
3163 3035 3203 3088 Β
3234 3048 3360 3087 cum

3150 3105 3194 3174 ’θ
3229 3105 3361 3174 viai-

2320 3188 2360 3217 ³⁷
2392 3172 2517 3239 Ε’ἰη
2551 3184 2718 3236 locum
2770 3197 2942 3233 suum.
3054 3172 3359 3228 "BClarn-

2240 3259 2337 3297 int!
2372 3257 2510 3297 [imm
2544 3283 2612 3293 —
2642 3250 2879 3297 monachi
2908 3262 3017 3297 om.
3245 3244 3288 3273 δ’
3314 3244 3363 3297 Α

2133 3258 2174 3288 ’⁵⁸
2206 3259 2337 3310 sicut
2372 3257 2510 3307 tinea
2544 3283 2612 3293 —
2642 3250 2879 3304 monachi
2908 3262 3017 3300 om.
3050 3244 3110 3299 C.
3245 3244 3288 3273 δ’
3314 3244 3363 3297 Α

2242 3327 2286 3357 ⁵⁸
2320 3324 2401 3379 BC
2435 3324 2773 3376 cotidianum.
2877 3319 2919 3349 ⁸⁷
2949 3316 2993 3372 C
3023 3314 3274 3382 adquirit,
3307 3322 3364 3368 et

2009 3050 2053 3081 ³⁸
2083 3049 2125 3103 Β
2158 3048 2270 3100 deo.
2407 3045 2446 3077 ’ί
2473 3044 2515 3098 Α
2569 3045 2637 3097 sit
2678 3038 2974 3111 paciencia.

142 3398 219 3448 sic
250 3384 474 3463 ubique.
552 3396 706 3450 ulsua
729 3414 837 3452 om.
878 3400 939 3453 A.
970 3402 1075 3454 Pro
1097 3384 1152 3454 et
1181 3384 1410 3455 lucratus
1436 3410 1511 3453 est
1538 3402 1804 3453 oraciones
1827 3408 1874 3451 et
1900 3399 2093 3451 ieiunia
2126 3414 2224 3449 sua
2246 3395 2287 3448 Β
2305 3387 2939 3466 θιλΨταζκτάοι-αιίοηετ
2959 3396 3015 3466 et
3034 3384 3361 3466 ὶςίωξίιξέαα

142 3481 250 3539 9m:
291 3451 397 3539 3):,
452 3466 497 3495 “
518 3466 558 3519 Β
588 3471 841 3539 acceperit
867 3451 1076 3524 ab
1105 3451 1117 3454 ‘
1138 3451 1515 3525 V'i’nli—Ciii'ains
1544 3451 1809 3523 etiidurus.
1886 3468 1929 3499 ⁸¹
1971 3483 2172 3539 quoque
2198 3481 2314 3539 9m.
2356 3464 2457 3518 BC.
2500 3535 2511 3539 _
2533 3465 2579 3494 "
2696 3476 2895 3539 nerant.

144 3535 186 3563 “
280 3523 597 3608 sapientum.
675 3523 719 3569 ⁵³
741 3523 1162 3608 Apri-horrescit.
1238 3523 1345 3595 KC
1364 3523 1526 3594 bella.
1603 3540 1645 3570 "
1678 3538 1721 3592 A
1755 3523 2041 3608 predicare.
2086 3523 2098 3537 ’
2119 3536 2163 3567 ⁸⁸
2187 3535 2227 3589 C
2261 3535 2582 3608 marcescit.”
2628 3533 2673 3608 ξ’
2696 3528 2925 3608 Asubito
2955 3525 3129 3608 libido,
3151 3523 3192 3577 Ο
3216 3523 3359 3608 (ibid.

144 3590 356 3673 sapitaf
411 3606 453 3635 ⁸⁸
477 3608 689 3675 ignescit
711 3590 822 3661 om:
842 3590 1002 3663 CW“
1025 3590 1161 3663 data
1186 3612 1254 3665 ad
1287 3590 1564 3664 monachos
1596 3590 1803 3669 omfA';
1834 3606 2063 3677 Explicit
2085 3606 2305 3675 epistola
2326 3603 2582 3659 Mat-Icarii
2605 3602 2732 3655 data
2759 3599 2828 3652 ad
2850 3596 3126 3650 monac/tos
3155 3607 3266 3647 om.
3293 3590 3355 3647 C.

155 3817 2499 3854 m

2512 3803 3347 3843 πει-ι

2270 3833 2471 3845 ἰν-*-

712 4009 1510 4129 ΜΑΚΑΡΙΟΥ
1599 4007 1898 4123 ΤΟΥ
1987 4004 2800 4121 ΑΙΓΥΠΤΙΟΥ

1584 4230 1949 4322 EYXAL

776 4566 1287 4681 SANCTI
1420 4562 2008 4678 MACARII
2120 4488 2755 4675 IEGYPTII

1540 4802 2008 4891 PBECES.

156 5154 551 5217 (Ehibliothecm
576 5156 807 5217 Cesarea
830 5156 1228 5207 Vindobonensis
1266 5158 1432 5208 codice
1472 5172 1565 5208 ms.
1608 5159 1761 5207 theol.

1799 5170 1942 5219 graec.
1978 5156 2227 5219 VCCXXXI,
2268 5156 2383 5219 olim
2424 5156 2631 5219 LXXVI,
2658 5158 2940 5217 ‘ehartacco,
2984 5161 3199 5219 antiquo,
3242 5158 3369 5218 ιιι-ι,

212 5232 357 5275 qut-nl
386 5216 675 5289 Lambecius
695 5218 1014 5268 Commentar.
1043 5219 1099 5268 Τ.
1130 5220 1214 5277 lll,
1239 5220 1319 5269 ed.
1353 5220 1563 5329 alterag
1598 5221 1688 5267 572
1711 5216 1839 5288 αις]
1880 5220 1941 5265 de
1973 5218 2147 5266 Nessel
2175 5217 2320 5266 (.atal.
2354 5220 2401 5265 νγ
2447 5217 2486 5278 l,
2535 5233 2582 5280 p.
2628 5220 2715 5266 527
2757 5233 2885 5280 sqq.,
2927 5216 3241 5285 describunt;
3288 5216 3371 5269 ubi

215 5292 390 5329 preces
426 5279 616 5326 Macarii
641 5279 725 5326 fol.
749 5282 827 5329 60.
860 5280 883 5328 1
920 5294 993 5329 sa.
1020 5282 1275 5329 leuantur.
1300 5284 1529 5329 seauenti
1567 5296 1622 5329 us
1644 5289 1845 5329 cautius
1866 5280 1926 5329 ad
1966 5288 2184 5329 sanctum
2233 5282 2498 5329 Antonium
2519 5285 2573 5328 et
2598 5280 2659 5328 ad
2680 5289 2900 5329 sanctum
2922 5277 3198 5329 Onui'num.
3220 5294 3371 5329 auare

215 5292 390 5387 greces
426 5278 725 5353 Macarii__fol.
749 5282 827 5335 60.
860 5280 883 5328 1
920 5294 993 5342 sq.
1020 5282 1529 5354 leguntur,.sequenti

261 5344 407 5387 acani
430 5340 644 5387 Mi‘bltl
673 5342 782 5387 illas
802 5355 915 5387 esse
936 5345 1203 5387 verisimile
1233 5346 1351 5387 mihi
1373 5357 1524 5387 Visum

261 5340 407 5388 acarii
430 5340 644 5402 xtlgyptii
673 5340 782 5389 illas
802 5355 915 5391 esse
936 5340 1203 5392 verisimile
1233 5342 1351 5392 mihi
1373 5340 1524 5392 visum
1549 5352 1666 5403 est.)

503 5511 669 5582 Εὐχὴ
708 5510 815 5565 τοῦ
844 5512 1015 5582 ἁγίου
1040 5514 1369 5581 Μακαριου.

226 5618 294 5674 Ὦ
349 5620 506 5685 Θεὸς,
525 5622 662 5675 Dida!
675 5623 764 5691 ητί
819 5641 907 5692 μοι
946 5622 1021 5692 τῷ
1068 5624 1413 5694 ἁμαρτωλῷ,
1456 5625 1535 5679 ὅτι
1568 5624 1717 5679 οὐδὲν

162 5712 384 5782 ἐποίησα.
414 5706 619 5781 ἅγάθὸν
649 5713 878 5768 ἐνώπιόν
917 5732 1031 5768 σου.
1064 5714 1359 5785 Ἀναρῦσαι
1388 5734 1453 5786 με
1480 5719 1588 5771 ἀπὸ
1620 5717 1717 5771 τοῦ

165 5800 427 5873 Πονηροῦ,
463 5806 555 5859 καὶ
587 5805 816 5868 ἀξίωσόν
856 5824 922 5875 με
973 5806 1353 5876 ἀκατακριτως
1386 5809 1621 5877 ἀνοίγειν
1658 5811 1718 5863 τὸ

1599 5296 1622 5329 s
1644 5277 1845 5329 canticis
1866 5280 1926 5329 ad
1966 5288 2184 5329 sanctum
2233 5282 2498 5329 Antonium
2519 5277 2573 5328 et
2598 5280 2659 5328 ad
2680 5277 2900 5329 sanctum
2922 5277 3198 5342 Onui'ﬁum,
3220 5277 3372 5343 Quare

2270 5513 2449 5569 Oratio
2476 5515 2644 5567 sancti
2677 5514 2920 5569 Macarii.

1889 5628 1933 5683 Ο
1964 5630 2126 5693 Deus,
2152 5628 2416 5683 miserere
2442 5631 2548 5684 mei
2576 5630 2898 5700 peccatoris,
2924 5643 3050 5697 quia
3091 5627 3225 5683 nihil
3248 5627 3377 5681 boni

1821 5721 1923 5775 feci
1963 5737 2146 5775 coram
2184 5729 2255 5775 te.
2300 5723 2445 5775 Erue
2491 5737 2577 5775 me
2631 5736 2661 5775 a
2710 5721 2870 5783 Malo,
2917 5732 2973 5775 et
3019 5720 3243 5790 dignare
3290 5734 3377 5772 me

1822 5810 2121 5865 clementer
2164 5811 2375 5879 aperire
2420 5826 2481 5865 os
2520 5826 2698 5866 meum
2736 5810 3039 5882 indignum,
3076 5819 3133 5867 et
3155 5818 3379 5865 cantare
