4266 6356
164 374 276 441 449
1414 373 1781 436 ΗΟΜΙΙᾸᾸΞ.
1820 399 1888 410 -
1926 375 2109 436 HOM.
2150 376 2194 437 Ι.
3308 364 3415 434 450

171 513 3412 562 gmw.

1273 684 1411 739 ΤΟΥ
1444 684 1535 739 ΕΝ
1566 682 1791 738 ΑῙἹΟΙΣ
1826 683 2097 737 ΠΑΤΡΟΣ
2131 681 2329 737 ΗΜΩΝ

755 874 1562 994 ΜΑΚΑΡΙΟΥ
1656 874 1954 991 ΤΟΥ
2041 871 2863 989 ΑΙΓΥΠΤΙΟΥ

1174 1167 1608 1261 ΟΜΙΛΙΑΙ
1678 1164 2484 1260 ΠΝΕΥΜΑΤΙΚΑΙ.

1070 1416 1265 1481 ΠΑΝΥ
1314 1415 1594 1470 ΠΟΛΛΗΣ
1630 1412 1960 1469 ΩΦΕΛΕΙΔΣ
1996 1411 2562 1475 ΠΕΠΛΗΡΩΜΕΝΑΙ,

408 1613 573 1670 ΠΕΡΙ
603 1616 744 1670 ΤΗΣ
768 1612 1261 1672 ΟΦΕΙΛΟΜΕΝΗΣ
1296 1614 1417 1668 KAI
1450 1612 2047 1668 ΣΠΟΥΔΑΖΟΜΕΝΗΣ
2076 1612 2230 1666 TOR}
2266 1609 2700 1667 ΧΡΙΣΤΙΑΝΟΙΣ
2731 1605 3223 1666 ΤΕΛΕΙΟΤΗΤΟΣ.

695 2058 825 2190 S.
928 2063 1072 2187 P.
1188 2062 1336 2187 N.
1462 2054 2129 2184 MACABII
2242 2051 2935 2181 [EGYPTII

945 2331 1233 2425 HOM
1275 2332 1606 2423 ILUE
1738 2327 2704 2451 SPIRITUALES,

1175 2539 1596 2602 PERMAGNA
1654 2537 2052 2598 UTILITATE
2098 2535 2497 2637 'BEFERTIE,

444 2734 536 2791 DE
584 2730 1059 2790 INTEGRITATE
1108 2725 1275 2795 QUAE
1312 2723 1537 2781 DECET
1579 2720 2055 2787 CHRISTIANOS,
2106 2720 2354 2789 CUIQUE
2390 2721 2671 2780 OPERAM
2718 2721 2905 2781 DARE
2936 2716 3229 2779 DEBENT.

1137 2908 1433 2979 (GALLAND.
1465 2905 1577 2959 νει.
1617 2904 1841 2957 Patrum
1889 2901 2131 2957 Biblioth.
2159 2910 2201 2955 t.
2237 2901 2351 2969 νη,
2391 2917 2445 2971 p.
2489 2902 2566 2971 5.)

741 3245 983 3302 UMJAIA
1018 3243 1266 3298 nvom.
1820 3243 1871 3301 Α
2324 3243 2426 3313 1-:

1820 3243 1871 3301 Α
2324 3242 2452 3313 1—3
2479 3240 2762 3298 HOMlLlA
2802 3237 3032 3299 PRIMA.

222 3339 626 3410 ’Δλλητορικὴ
660 3337 1050 3410 παράφρασις
1070 3332 1179 3410 τῆς
1214 3335 1373 3410 παρὰ
1404 3332 1486 3398 τῷ
1506 3331 1788 3410 factum

1545 3331 1788 3400 Εζεκιὴλ
2132 3333 2426 3410 Αιῑεσοτίξα
2447 3333 2814 3410 interpretatio
2844 3333 3060 3410 uisionis
3089 3330 3230 3402 apud

388 3401 788 3478 ἄρ’πρόφήίῃ
827 3401 1250 3475 ’γεγραμμένης
1295 3401 1610 3468 ὀπτασίας.

1310 3404 1610 3468 intactae.
2257 3401 2263 3402 ⁷
2348 3401 2669 3456 Ezechiele»:
2708 3403 2995 3470 descriptae.

282 3524 365 3575 A'.
399 3520 511 3574 Ἦν
546 3514 798 3585 Ἐζεκιὴλ
836 3513 1129 3584 προφήτης
1171 3509 1439 3563 ὀπτασίαν
1470 3509 1568 3563 καὶ
1606 3510 1794 3577 ὅρασιν
1966 3516 1967 3519 ‘

1768 3526 1794 3560 ν
1966 3513 2007 3567 Ι,
2027 3512 2196 3578 Quam
2216 3513 2468 3567 Ezechiel
2496 3512 2761 3583 propheta
2812 3513 3051 3569 divinam
3080 3513 3453 3585 illustremque

210 3610 401 3664 ἔνθεον
433 3608 529 3660 καὶ
563 3604 772 3667 ἔνδοξον
822 3602 1126 3671 θεωρήσας,
1156 3598 1468 3668 διηγήσατο·
1500 3598 1595 3650 καὶ
1624 3597 1790 3666 ἐγρα-

1771 3624 1790 3635 -
1895 3604 2159 3658 visionem
2178 3604 2438 3668 viderat‘,
2458 3619 2578 3658 eam
2594 3604 2901 3659 litterarum
2917 3606 3285 3660 monumentis
3305 3621 3456 3660 man-

212 3701 320 3772 ψεν
362 3697 628 3752 ὀπτασίαν
665 3692 981 3764 μυστηρίων
1015 3691 1297 3761 ἀλαλήτων
1331 3688 1624 3759 γέμουσαν.
1673 3684 1796 3739 Εἶδε
1896 3729 1897 3737 η

1773 3704 1796 3739 ε
1896 3698 2045 3751 davit
2090 3712 2153 3750 ac
2198 3696 2509 3765 descripsit,
2552 3696 2827 3767 mysteriis
2863 3696 3113 3757 humanae
3140 3695 3311 3751 menti
3357 3696 3458 3749 imo

210 3793 327 3863 γὰρ
387 3792 445 3841 ὲν
492 3787 570 3856 τῷ
604 3786 772 3855 πεδίῳ
840 3784 991 3853 ἆρμα
1036 3780 1347 3850 Χερουϐὶμ,
1389 3780 1632 3848 τέσσαρα
1681 3779 1796 3842 ζῶα

1771 3796 1796 3831 ι
1898 3788 2101 3857 perviis
2153 3787 2432 3842 refertam.
2495 3787 2641 3843 Vidit
2688 3788 2833 3841 enim
2886 3788 2939 3841 in
2997 3802 3190 3856 campo
3235 3803 3456 3842 currum

214 3881 607 3954 πνευματικά’
658 3881 716 3931 ὲν
768 3878 983 3947 ἑκάστῳ
1040 3876 1161 3943 ζώῳ
1210 3875 1452 3944 τέσσαρα
1508 3872 1794 3943 πρόσωπα,
1898 3900 1899 3907 ι

1780 3911 1794 3935 ,
1898 3877 2216 3940 Cherubim,
2259 3886 2498 3945 quatuor
2540 3877 2792 3930 animalia
2841 3877 3164 3946 spirttualia.
3213 3876 3457 3943 Quorum

214 3978 437 4045 ἔχοντα,
475 3973 536 4024 τὸ
584 3970 643 4023 ἓν
674 3970 964 4041 πρόσωπον
1012 3967 1254 4029 λέοντος,
1308 3965 1401 4017 καὶ
1444 3964 1505 4015 τὸ
1552 3963 1609 4015 ἓν
1638 3963 1798 4029 πρόσ-

1773 3979 1798 4004 τ-
1899 3966 2129 4035 singulis
2171 3975 2331 4020 erant
2368 3976 2606 4036 quatuor
2643 3967 2829 4032 facies,
2876 3968 2970 4021 uni
3010 3967 3230 4037 quidem
3262 3967 3458 4032 leonis,

214 4085 369 4123 ωπον
409 4062 570 4118 ἀετοῦ
606 4063 701 4115 καὶ
754 4061 815 4113 τὸ
846 4060 1030 4128 ἕτερον
1081 4059 1302 4126 μόσχου,
1342 4056 1437 4109 καὶ
1464 4055 1589 4109 ἄλλο
1628 4056 1796 4125 1:966-
1897 4097 1899 4106 ι

1775 4080 1796 4093 -
1897 4057 2056 4113 alteri
2096 4058 2311 4127 aquilae,
2363 4060 2530 4114 tertio
2576 4060 2751 4124 vituli,
2798 4068 2993 4128 quarto
3036 4060 3273 4115 hominis
3295 4060 3460 4116 facies

216 4176 372 4212 ωπον
430 4153 739 4226 ἀνθρώπου.
774 4153 885 4205 Kal
932 4149 1197 4219 πτέρυγες
1237 4148 1357 4201 καθ’
1379 4150 1605 4201 ἕκαστον
1629 4148 1797 4217 πρόσ-
1898 4173 1901 4191 ‹

1775 4175 1797 4184 -
1898 4156 2032 4201 erat.
2063 4147 2303 4217 Singulis
2331 4164 2549 4218 quoque
2577 4150 2821 4204 facicbus
2852 4160 3010 4205 erant
3036 4151 3152 4216 alte,
3194 4160 3255 4205 ut
3281 4163 3460 4221 neque

215 4266 371 4304 ωπον
398 4248 474 4310 ὡς
506 4247 580 4316 μὴ
627 4241 920 4296 ἐννοεῖσθαι
960 4258 1066 4294 τινι
1100 4242 1169 4293 τὰ
1212 4240 1538 4317 ἔμπροσθεν,
1589 4239 1623 4309 ἢ
1674 4236 1798 4289 ὀπί·
1898 4281 1900 4290 γ

1773 4265 1798 4275 -
1898 4241 2198 4301 anterima,
2259 4255 2437 4307 neque
2492 4240 2799 4308 posteriora
2851 4240 3105 4310 cognosci
3158 4240 3458 4309 potuerint.

226 4339 381 4392 σθια.
411 4337 495 4390 Τὰ
524 4320 671 4389 νῶτα
699 4333 877 4386 αὐτῶν
902 4332 1194 4400 ὀφθαλμῶν
1237 4330 1453 4399 ἔγεμον·
1485 4328 1579 4382 καὶ
1602 4331 1655 4380 αἱ
1690 4344 1800 4379 κοι-
1899 4332 1911 4350 '

1778 4357 1800 4367 -
1899 4332 2075 4401 Terga
2128 4332 2345 4384 illorum
2393 4332 2568 4384 oculis
2608 4331 2884 4400 plena:et
2938 4340 3156 4400 pectora
3206 4331 3463 4386 similiter

217 4429 336 4483 λίαι
402 4426 608 4497 ὁμοίως
665 4425 1059 4492 πεπλήρωνται
1097 4421 1380 4491 ὀμμάτων.
1419 4420 1531 4473 Kal
1584 4419 1684 4471 οὐκ
1732 4414 1800 4487 ἦν
1900 4449 1902 4459 ‹

1778 4436 1800 4469 v
1900 4420 2078 4474 oculis
2102 4419 2474 4477 abundabant.
2503 4435 2605 4474 nec
2639 4421 2783 4475 ullus
2810 4429 2927 4475 erat
2948 4422 3121 4487 locus,
3161 4421 3256 4490 qui
3289 4422 3463 4477 oculis

217 4517 395 4580 τόπος
428 4533 535 4579 τις,
569 4516 627 4577 ὃς
652 4515 751 4568 οὐκ
778 4513 976 4583 ἔγεμεν
1001 4511 1312 4580 ὀφθαλμῶν.
1345 4511 1453 4563 Kal
1480 4509 1662 4580 τροχοὶ
1678 4508 1800 4562 καθ’

1776 4508 1800 4557 ι’
1902 4527 2013 4565 non
2040 4511 2203 4566 fuerit
2226 4511 2595 4579 plenissimus.
2620 4512 2689 4566 Et
2718 4520 2851 4567 rotae
2865 4512 3165 4567 secundum
3190 4528 3461 4583 quamque

220 4610 284 4663 ἓν
324 4609 619 4679 πρόσωπον
641 4608 812 4677 τρεῖς,
831 4605 903 4667 ὡς
925 4604 983 4655 ὲν
1006 4602 1201 4672 τροχῷ.
1230 4603 1338 4655 Kal.
1371 4603 1429 4654 ὲν
1454 4604 1565 4664 τοῖς
1591 4604 1801 4671 τροχοῖς
1832 4632 1874 4685 Β
1902 4612 1905 4655 1

1779 4618 1801 4663 ς
1832 4632 1874 4685 Β
1902 4604 2093 4658 faciem
2129 4613 2261 4666 tres,
2296 4604 2349 4656 in
2387 4603 2606 4657 modum
2635 4613 2798 4658 rotae:
2826 4613 2880 4658 et
2904 4604 2957 4657 in
2990 4604 3125 4659 rotis
3150 4604 3325 4659 inerat
3351 4604 3464 4674 spi~

217 4698 293 4772 ἦν
319 4700 563 4770 πνεῦμα,
603 4700 696 4751 καὶ
733 4692 873 4750 εἶδεν
900 4697 973 4758 ὡς
1004 4695 1257 4764 ὁμοίωμα
1276 4695 1583 4765 ἀνθρώπου,
1614 4697 1708 4747 καὶ
1732 4694 1801 4746 τὰ

1780 4694 1801 4745 ἱ
1906 4699 2062 4753 ritus.
2105 4697 2171 4750 Et
2194 4695 2330 4749 vidit
2363 4705 2619 4764 tanquam
2667 4696 3079 4751 similitudinem
3116 4695 3373 4758 hominis,
3411 4700 3465 4751 et

221 4794 333 4848 ὑπὸ
362 4794 488 4854 τοὺς
539 4790 704 4851 πόδας
754 4787 940 4854 αὑτοῦ,
1000 4787 1075 4850 ὡς
1123 4785 1284 4856 ἔργον
1329 4785 1649 4855 σαπφειρου.
1692 4785 1801 4838 Kal

1781 4785 1801 4835 ἰ
1906 4806 2027 4860 quae
2057 4790 2252 4844 subtus
2297 4789 2463 4857 pedes
2510 4790 2629 4857 ejus
2674 4798 2830 4843 erant
2876 4800 3132 4857 tanquam
3172 4804 3312 4857 opus
3344 4799 3466 4856 sape

222 4885 389 4953 ἔφερε
425 4881 486 4933 τὸ
517 4882 667 4950 ἅρμα
708 4879 777 4932 τὰ
820 4879 1118 4950 Χερουϐὶμ,
1155 4880 1251 4932 καὶ
1308 4878 1379 4931 τὰ
1441 4878 1552 4941 ζῶα
1584 4879 1676 4928 τὸν
1706 4880 1803 4929 ἐπ-

1781 4907 1803 4917 ·
1908 4881 2076 4949 phiri.
2108 4881 2175 4934 Et
2205 4880 2417 4935 ferebat
2441 4895 2637 4935 currus
2677 4880 2994 4941 Cherubim.
3028 4878 3285 4935 animalia
3336 4891 3466 4934 vero

222 4975 354 5046 οχού
364 4990 521 5043 μενον
547 4971 840 5039 Δεσπότην.
861 4964 934 5023 Οἵ)
953 4969 1018 5022 ἂν
1050 4969 1296 5023 ὲόούλετο
1314 4968 1805 5038 πορεύεσθαι,κατὰ

1789 4979 1805 5021 ‘t
1910 4972 2237 5026 insidentem
2284 4970 2955 5039 DominumJQuocunque
3018 4971 3277 5041 progredi
3317 4971 3474 5023 volee

224 5064 522 5136 πρόσωπόν
553 5065 692 5117 ἐστι.
739 5062 847 5115 Καὶ
890 5058 1030 5114 εἶδεν
1059 5061 1315 5112 ὑποκάτω
1340 5061 1448 5112 τῶν
1497 5058 1797 5128 Χερουϐὶμ,
1906 5066 1909 5117 ;

1782 5098 1797 5121 .
1906 5064 2062 5127 bant,
2126 5064 2183 5118 in
2227 5063 2419 5117 faciem
2479 5072 2617 5117 erat.
2668 5063 2735 5116 Et
2768 5062 2906 5116 vidit
2953 5063 3148 5117 subtus
3171 5062 3466 5117 Cherubim

223 5160 302 5221 ὡς
336 5159 493 5227 χεῖρα
522 5156 810 5224 ἀνθρώπου
846 5153 1326 5217 ὑποόαστάζουσαν
1371 5153 1466 5205 καὶ
1518 5152 1803 5219 φέρουσαν.
1903 5172 1908 5180 ·

1704 5168 1803 5203 παν.
1903 5156 2073 5209 veluti
2101 5170 2315 5208 manum
2357 5154 2616 5216 hominis,
2646 5161 2945 5222 gestantem
2971 5162 3027 5208 et
3056 5153 3389 5209 fulcientem.

303 5249 378 5301 B'.
412 5246 523 5299 Kal.
557 5244 717 5297 τοῦτο
751 5245 888 5311 ὅπερ
929 5239 1068 5296 εἶδεν
1105 5246 1131 5294 ὁ
1180 5243 1462 5310 προφήτης
1511 5244 1569 5291 ὲν
1616 5240 1807 5292 exm-
1979 5248 1988 5300 ]

1785 5268 1807 5279 -
1979 5247 2047 5301 ll.
2107 5246 2175 5300 Et
2222 5245 2326 5298 hoc
2378 5245 2524 5313 quod
2563 5244 2703 5298 vidit
2752 5246 3019 5314 propheta
3067 5245 3121 5297 in
3153 5246 3470 5299 ecstasisen

229 5357 338 5404 σει,
391 5337 652 5405 ἀληθινὸν
704 5332 771 5405 ἦν
810 5336 903 5386 καὶ
952 5334 1186 5403 βέὄαιον.
1228 5333 1608 5385 ’Υπεδείκνυτο
1644 5332 1700 5383 δέ
1752 5349 1805 5383 τι
1909 5357 1914 5393 ε

1790 5349 1805 5383 ι
1909 5350 2133 5408 stupore
2176 5338 2529 5401 constitutus,
2575 5353 2765 5391 verum
2811 5352 2876 5391 ac
2919 5345 3131 5391 certum
3195 5345 3331 5391 erat.
3389 5336 3472 5390 Sis

227 5432 319 5484 ἓτε
330 5446 421 5499 ρον
444 5429 538 5480 καὶ
563 5426 934 5496 προετυποῦτο
963 5425 1221 5495 μυστικὸν
1243 5425 1336 5477 καὶ
1358 5423 1534 5475 θεῐκὸν
1555 5424 1805 5491 πρᾶγμα,

1792 5463 1805 5486 ,
1914 5426 2276 5496 gnificabatur
2318 5426 2466 5479 enim
2501 5441 2564 5479 ac
2599 5426 3024 5481 adumbrabatur
3069 5426 3174 5480 alia
3203 5427 3469 5495 quaedam.

232 5521 534 5591 μυστήριον
559 5517 1049 5587 ἀποκεκρυμμένον
1086 5515 1296 5585 ἀληθῶς
1326 5514 1431 5568 ἀπὸ
1458 5514 1564 5567 τῶν
1582 5514 1805 5580 γενεῶν,
1914 5534 1917 5539 ‘

1791 5548 1805 5577 ,
1914 5533 2024 5571 non
2050 5517 2231 5570 minus
2282 5531 2500 5580 arcana,
2556 5532 2717 5585 quam
2781 5518 2963 5573 divina
3013 5534 3123 5582 res,
3156 5518 3472 5588 mysterium

234 5614 323 5667 ἐπ’
351 5614 597 5681 ἐσχάτων
637 5611 695 5663 δὲ
726 5611 833 5663 τῶν
868 5610 1071 5679 χρόνων
1098 5607 1409 5678 φανερωθὲν
1445 5608 1536 5660 ἐπὶ
1568 5609 1663 5677 τῆς
1689 5609 1808 5659 ἐπι-
1916 5628 1919 5662 ι

1788 5635 1808 5646 -
1916 5611 2126 5664 sellicet
2156 5622 2185 5660 a
2211 5609 2656 5677 generationibus
2709 5626 2894 5664 revera
2943 5611 3343 5673 absconditum,
3382 5618 3473 5661 ma

312 5773 332 5806 ¹
368 5773 563 5829 Ezech.
598 5788 637 5833 ι,
666 5773 688 5825 l
726 5787 866 5840 seq.;
898 5788 951 5833 x,
979 5773 1013 5826 ‘2.
1035 5787 1138 5839 seq.

480 5869 751 5927 PATBOL.
786 5868 902 5924 (in.
948 5863 1236 5924 XXXIV.
2986 5851 3051 5917 lli
