4266 6356
814 388 916 454 451

2040 383 2099 442 S.
2141 377 2459 442 MACARII
2498 380 2820 443 IEGYPTII

3948 383 4063 447 452

816 501 1185 559 nifestandum
1232 508 1414 555 tamen
1442 500 1657 554 ultimis
1697 496 2039 567 temporibus
2080 497 2137 551 in
2169 493 2385 566 appari-
2417 500 2463 553 Α
2492 513 2501 544 ‹

2383 524 2385 532 ι
2417 500 2463 553 Δ
2492 498 2716 564 φανείας
2741 496 2835 550 τοῦ
2862 496 3118 569 Χριστοῦ.
3147 499 3340 568 Ψυχῆς
3362 499 3469 568 γὰρ
3493 500 3792 569 μυστήριον
3814 497 4068 569 ἐθεώρει.

817 594 970 649 tione
991 591 1218 648 Christi.
1242 589 1475 645 Videbat
1495 593 1642 644 enim
1675 587 1996 659 mysterium
2030 587 2245 649 animae,
2266 600 2387 653 qua:

816 686 1106 743 Dominum
1153 698 1313 738 suum
1360 683 1695 751 amplcxura,
1742 688 1797 733 et
1828 680 2059 733 thronus
2094 677 2281 747 gloria:
2306 676 2387 730 fu-

819 791 943 835 tura
961 786 1099 833 erat.
1133 775 1329 831 Anima
1370 772 1660 843 siquidem,
1689 787 1811 840 qua:
1836 770 1905 825 de
1923 769 2162 839 Spiritus
2190 767 2385 831 sancti,

820 864 1176 937 praeparantis
1210 864 1355 917 illam
1404 862 1510 915 sibi
1559 860 1617 914 in
1648 858 1831 913 sedem
1868 865 1925 912 et
1967 856 2384 918 habitationem,

821 957 1151 1030 participare
1179 954 1385 1010 lumine
1409 953 1573 1023 digna
1602 951 1864 1023 iudicata,
1889 958 1947 1003 et
1971 945 2387 1019 pulchritudine

823 1050 1205 1106 inenarrabilis
1272 1048 1459 1119 gloria:
1516 1049 1636 1118 ejus
1694 1046 1961 1100 illustrata
2016 1050 2123 1109 est,
2172 1048 2285 1096 tota
2330 1039 2391 1093 fit

821 1145 1030 1209 lumen,
1068 1150 1181 1196 tota
1210 1141 1380 1195 facies
1406 1147 1463 1194 et
1489 1147 1600 1193 tota
1624 1138 1819 1192 oculus
1844 1155 1856 1190 :
1892 1151 1994 1191 nec
2025 1135 2135 1189 ulla
2163 1144 2249 1189 est
2271 1133 2390 1203 ejus

822 1252 968 1306 pars,
1013 1250 1136 1304 qua:
1186 1234 1362 1288 oculis
1399 1231 1778 1302 spiritualibus
1817 1228 2041 1283 luminis
2068 1227 2227 1297 plena
2278 1240 2388 1278 non

822 1328 926 1382 sit:
961 1326 1066 1380 hoc
1095 1334 1199 1391 est,
1266 1325 1415 1379 nulla
1457 1325 1577 1394 ejus
1626 1338 1752 1392 pars
1788 1321 2034 1376 tenebris
2071 1319 2266 1380 oﬂ'usa,
2291 1316 2389 1371 sed

826 1428 937 1473 tota
976 1418 1161 1472 lumen
1194 1426 1249 1471 et
1291 1416 1532 1485 Spiritus
1560 1415 1775 1479 effecta,
1807 1422 1863 1468 et
1886 1422 1999 1468 tota
2025 1414 2259 1477 oculata,
2287 1425 2391 1465 nec

823 1508 1180 1570 anteriorem,
1222 1522 1326 1561 nec
1358 1507 1714 1576 posteriorem
1746 1512 1957 1575 partem
1988 1505 2156 1558 ullam
2204 1502 2387 1565 habet,

825 1600 922 1654 sed
953 1598 1197 1667 undique
1235 1598 1290 1651 in
1320 1596 1459 1651 facie
1491 1605 1595 1659 est,
1632 1596 1999 1651 descendente
2027 1609 2192 1662 super
2218 1593 2389 1654 illam,

825 1698 883 1745 et
910 1690 965 1744 in
1005 1705 1069 1744 ea
1122 1688 1400 1744 insidente
1435 1686 1700 1741 ineffabili
1754 1685 2165 1757 pulchritudine
2208 1682 2393 1753 gloriae

824 1780 1053 1835 luminis
1082 1779 1306 1835 Christi.
1340 1779 1404 1834 Et
1431 1778 1891 1848 quemadmodum
1917 1776 1999 1831 sol
2027 1775 2393 1844 undequaque

2489 595 2589 661 τῆς
2637 591 2937 663 μελλούσης
2987 592 3240 663 δέχεσθαι
3280 593 3371 645 τὸν
3422 595 3621 665 ἑαυτῆς
3673 592 3921 663 Κύριον,
3972 595 4072 648 καὶ

2492 683 2679 754 θρόνος
2712 682 2873 753 δόξης
2900 683 3049 753 αὐτῷ
3096 684 3373 751 γενέσθαι.
3395 686 3557 753 Ψυχὴ
3585 684 3693 754 γάρ
3727 686 3758 753 ἠ
3799 685 4073 749 καταξιω-

2494 776 2642 828 θεῖσα
2682 776 3007 846 κοινωνῆσαι
3061 775 3138 845 τῷ
3189 776 3466 845 Πνεύματι
3513 775 3609 829 τοῦ
3647 776 3824 845 φωτὸς
3872 776 4071 839 αὐτοῦ,

2492 868 2585 922 καὶ
2616 868 3067 938 καταλαμφθεῖσα
3110 870 3216 921 ὑπὸ
3256 867 3348 921 τοῦ
3394 869 3625 930 κάλλους
3674 870 3771 939 τῆς
3820 870 4070 942 ἀρρήτου

2493 960 2653 1029 δόξης
2682 959 2871 1027 αὑτοῦ,
2899 962 3248 1031 ἑτοιμάσαντι
3282 962 3452 1031 αὐτὴν
3480 961 3659 1031 ἑαυτῷ
3689 965 3767 1025 είς
3794 962 4072 1031 καθέδραν

2496 1051 2585 1103 καὶ
2611 1051 2947 1122 οἰκητήριον,
2978 1051 3076 1121 ὅλη
3105 1052 3219 1122 φῶς
3251 1054 3484 1120 γίνεται,
3510 1051 3605 1104 καὶ
3629 1051 3725 1119 ὅλη
3752 1052 4072 1122 πρόσωπον,

2494 1143 2589 1195 καὶ
2614 1141 2713 1211 ὅλη
2749 1142 3043 1211 ὀφθαλμός·
3086 1145 3181 1195 καὶ
3209 1143 3360 1195 οὐδὲν
3388 1143 3557 1212 αὐτῆς
3590 1142 3754 1213 μέρὸς
3786 1144 3861 1211 μὴ
3898 1144 4074 1211 γέμον

2494 1236 2603 1287 τῶν
2636 1236 3020 1304 πνευματικῶν
3048 1235 3343 1303 ὀφθαλμῶν
3386 1235 3480 1287 τοῦ
3521 1236 3715 1304 φωτός·
3743 1235 3889 1287 τοῦτ’
3922 1236 4073 1287 ἔστιν

2495 1328 2647 1381 οὐδὲν
2700 1328 3117 1397 ὲσκοτισμένον,
3172 1328 3289 1381 ἀλλ’
3338 1329 3432 1400 ὅλη
3480 1329 3550 1379 δι’
3614 1329 3738 1381 ὅλου
3805 1328 3923 1394 φῶς
3977 1308 4073 1378 mi

2498 1420 2715 1490 πνεῦμα
2747 1420 3175 1490 άπεργασθεῖσα,
3199 1420 3295 1471 καὶ
3332 1420 3426 1489 ὅλη
3471 1419 3765 1488 ὀφθαλμῶν
3795 1421 4070 1489 γέμουσα,

2502 1510 2575 1581 μὴ
2603 1511 2801 1581 ἔχουσα
2829 1508 2899 1563 δὲ
2918 1510 3142 1582 ὕστερόν
3162 1511 3263 1580 τιῆ
3290 1510 3514 1564 ὄπισθεν
3536 1511 3722 1581 μέρος,
3755 1510 3890 1563 ἀλλὰ
3930 1512 4072 1563 πάν-

2496 1618 2564 1669 τη
2594 1604 2737 1655 κατὰ
2762 1603 3056 1671 πρόσωπον
3088 1603 3346 1671 τυγχάνει
3374 1598 3526 1667 οὖσα,
3561 1601 3955 1669 ἐπιϐεϐηκὸτος
3981 1604 4071 1653 ἐπ’

2497 1695 2667 1766 αὐτὴν
2708 1698 2803 1749 καὶ
2829 1695 3277 1759 ὲπικαθεσθέντος
3309 1695 3403 1748 τοῦ
3429 1697 3668 1766 ἀρρήτου
3702 1696 3935 1758 κάλλους
3967 1696 4073 1763 τῆς

2498 1788 2657 1859 δόξης
2686 1787 2783 1840 τοῦ
2820 1788 3017 1857 φωτὸς,
3064 1786 3159 1839 τοῦ
3203 1787 3460 1856 Χριστοῦ.
3496 1788 3606 1839 Καὶ
3631 1786 3822 1855 ῶσπερ
3853 1790 3881 1840 ὁ
3916 1787 4073 1857 ἥλιος

824 1874 911 1929 sui
944 1873 1159 1937 similis,
1184 1871 1238 1942 4,
1263 1873 1469 1926 nullam
1498 1882 1706 1942 partem
1720 1881 1992 1941 posteram
2018 1878 2110 1926 aut
2138 1867 2395 1939 imperle-
2424 1850 2472 1910 Β
2504 1899 2509 1929 τ

2383 1890 2395 1900 '
2424 1850 2472 1910 B
2504 1850 2675 1948 πάντη
2709 1850 2890 1948 ὅμοιὸς
2921 1850 3059 1945 ἐστι,
3093 1881 3166 1948 μὴ
3198 1850 3335 1947 ἔχων
3358 1895 3410 1930 τι
3444 1877 3606 1947 μέρος
3639 1850 3868 1947 ὕστερον
3978 1879 4068 1929 ἐλ-

824 1976 967 2021 ctam
1002 1965 1188 2028 habet,
1225 1964 1320 2018 sed
1354 1973 1503 2019 totus
1525 1966 1750 2019 omnino
1798 1965 2007 2019 lumine
2040 1972 2309 2025 coruscat,
2336 1972 2392 2017 et

826 2066 975 2112 tctus
1014 2057 1198 2110 lumen
1238 2064 1345 2120 est,
1383 2073 1450 2111 ex
1492 2056 1768 2113 similibus
1806 2058 2055 2127 partibus
2087 2056 2388 2118 conﬂatus;

824 2158 921 2205 aut
968 2149 1430 2220 quemadmodum
1489 2150 1649 2220 ignis,
1706 2151 1884 2221 ipsum
1935 2150 2148 2205 scilicet
2205 2150 2390 2204 lumen

826 2242 989 2313 ignis,
1036 2249 1183 2297 totus
1230 2241 1334 2296 sibi
1363 2241 1558 2295 similis
1583 2252 1688 2305 est,
1720 2257 1823 2297 nec
1868 2240 2133 2306 anterius,
2179 2250 2272 2295 aut
2296 2257 2394 2309 po-

822 2333 1046 2397 sterius,
1076 2340 1171 2386 aut
1203 2333 1397 2403 majus,
1432 2341 1527 2386 aut
1548 2332 1729 2386 minus
1759 2331 1891 2401 quid
1914 2332 1968 2386 in
1993 2348 2051 2386 se
2082 2332 2283 2386 habet:
2313 2332 2394 2386 sic

826 2434 885 2480 et
930 2425 1132 2491 anima,
1189 2425 1455 2479 ineffabili
1514 2424 1924 2494 pulchritudine
1954 2425 2140 2494 gloriae
2168 2424 2393 2479 luminis

827 2517 985 2572 faciei
1014 2516 1216 2572 Christi
1253 2515 1497 2585 perfecte
1536 2515 1830 2579 illustrata,
1866 2522 1923 2568 et
1952 2514 2190 2585 Spiritus
2218 2514 2393 2569 sancti

827 2608 1069 2679 perfecte
1110 2607 1385 2678 particeps
1425 2607 1587 2672 facta,
1623 2615 1679 2661 et
1699 2622 1821 2676 qua:
1859 2605 2014 2661 ﬁeret
2047 2604 2313 2659 habitatio
2339 2613 2396 2659 et

826 2699 985 2755 sedes
1018 2699 1114 2754 Dei
1155 2698 1317 2769 digna
1340 2698 1603 2769 judicata,
1662 2705 1775 2752 tota
1808 2696 2022 2761 oculus,
2052 2705 2164 2750 tota
2184 2696 2391 2761 lumen,

830 2799 945 2847 tota
990 2790 1179 2855 facies,
1210 2798 1321 2845 tota
1368 2789 1541 2861 gloria
1566 2799 1621 2844 et
1651 2798 1764 2843 tota
1795 2789 2019 2859 spiritus
2048 2788 2128 2852 ﬁt,
2154 2788 2225 2841 ita
2259 2803 2395 2857 prae-

828 2888 1055 2951 parante
1074 2895 1194 2935 eam
1214 2879 1457 2946 Christo,
1484 2879 1719 2945 ferente,
1751 2890 1965 2950 agente,
1985 2889 2263 2949 portante,
2303 2894 2397 2949 ge-

828 2981 1030 3039 stante,
1061 2973 1247 3041 sicque
1264 2980 1565 3026 exornante
1581 2986 1643 3025 ac
1664 2971 1957 3025 decorante
1990 2971 2136 3023 illam
2158 2970 2398 3039 pulchri-

830 3066 1021 3121 tudine
1049 3065 1355 3135 spirituali;
1394 3065 1571 3134 inquit
1594 3064 1741 3119 enim
1768 3081 1781 3116 :
1821 3064 2008 3117 Manus
2033 3063 2257 3117 hominis
2282 3073 2395 3116 erat

826 3158 1007 3211 subtus
1030 3155 1306 3212 Cherubim
1333 3158 1373 3208 '.
1400 3155 1535 3221 Quia
1566 3156 1683 3224 ipse
1715 3162 1801 3209 est
1846 3154 1941 3224 qui
1981 3155 2035 3208 in
2061 3170 2126 3211 ea
2150 3156 2390 3220 vehitur,

826 3255 885 3302 et
920 3247 1015 3317 qui
1042 3247 1186 3300 viam
1206 3246 1257 3301 ei
1287 3254 1699 3301 commonstrat.

901 3445 991 3501 ΙΙΙ.
1020 3446 1265 3513 Quatuor
1290 3458 1473 3501 autem
1506 3447 1597 3501 illa
1630 3447 1885 3502 animalia
1914 3463 2135 3502 currum
2165 3448 2396 3502 ferentia

829 3545 1020 3609 typum
1046 3553 1158 3607 prae
1197 3553 1257 3593 se
1290 3536 1541 3592 ferebant
1575 3539 1973 3607 pmeipuarum
2005 3539 2199 3593 animae
2231 3539 2398 3591 ratio-

829 3630 968 3685 nalis
996 3628 1259 3699 partium.
1291 3628 1758 3694 Quemadmodum
1783 3630 1931 3682 enim
1973 3629 2153 3699 aquila
2185 3629 2398 3683 caeteris

831 3722 1030 3776 avibus
1067 3720 1404 3784 dominatur,
1451 3731 1508 3774 et
1540 3720 1629 3774 leo
1665 3720 1973 3791 agrestibus
2004 3720 2156 3787 feris,
2180 3736 2244 3776 ac
2274 3730 2395 3775 tau-

833 3828 934 3868 rus
972 3815 1273 3869 mansuetis
1315 3814 1665 3880 animalibus,
1693 3823 1747 3869 et
1770 3814 1934 3868 homo
1968 3814 2236 3869 creaturis
2260 3829 2397 3884 prae-

831 3910 977 3957 stat:
1008 3901 1092 3956 sic
1133 3912 1191 3956 et
1227 3901 1428 3955 anima:
1468 3912 1596 3956 sunt
1625 3903 1900 3971 potentiae,
1928 3903 2045 3957 aliae
2076 3904 2197 3958 aliis
2218 3904 2397 3957 excel-

831 3994 1116 4051 lentiores.
1168 3992 1301 4047 Dico
1332 4003 1536 4059 autem,
1581 3995 1938 4055 voluntatem,
1980 3995 2393 4053 conscientiam.

831 4093 1074 4140 mentem
1114 4094 1171 4141 et
1203 4086 1465 4156 diligendi
1511 4085 1643 4139 vim.
1695 4087 1800 4141 Per
1846 4087 1973 4140 illas
2016 4088 2163 4140 enim
2197 4101 2397 4141 currus

827 4175 1028 4231 animae
1055 4177 1410 4247 gubernatur,
1438 4186 1494 4232 et
1515 4177 1570 4231 in
1598 4178 1685 4231 his
1707 4178 2004 4247 requiescit
2027 4178 2189 4232 Deus.
2220 4177 2398 4233 Aliter

829 4282 962 4321 vero
994 4275 1050 4322 et
1092 4266 1159 4321 ad
1210 4268 1491 4323 caelestem
1549 4277 1864 4325 sanctorum
1894 4270 2191 4326 Ecclesiam
2220 4279 2397 4326 trans-

824 4357 963 4412 ferri
1013 4359 1118 4413 hoc
1172 4368 1375 4429 potest.
1424 4360 1494 4414 Et
1529 4362 1995 4431 quemadmodum
2048 4363 2181 4417 illuc
2234 4364 2393 4430 dicit,

830 4451 983 4520 quod
1034 4452 1303 4506 animalia
1349 4462 1502 4507 erant
1526 4453 1675 4507 ualde
1700 4455 1966 4521 sublimia,
2011 4456 2169 4525 plena
2208 4457 2394 4523 oculis,

2491 1973 2694 2037 λεῖπον,
2746 1970 2858 2025 ἀλλ’
2886 1971 3005 2034 ὅλος
3052 1969 3111 2033 ἐξ
3154 1970 3275 2022 ὅλου
3331 1969 3640 2032 δεδόξασται
3678 1969 3756 2038 τῷ
3786 1972 3946 2037 φωτὶ,
3975 1970 4073 2022 καὶ

2491 2064 2611 2127 ὅλος
2661 2062 2775 2131 φῶς
2834 2064 3003 2126 ἔστιν,
3047 2059 3380 2132 ὁμοιομερὴς
3442 2062 3745 2129 τυγχάνων
3803 2060 3837 2129 ἢ
3876 2060 4071 2129 ῶσπερ

2492 2156 2627 2227 πῦρ,
2655 2156 2788 2209 αὐτὸ
2815 2154 2877 2207 τὸ
2906 2156 3021 2222 φῶς
3040 2152 3134 2206 τοῦ
3166 2152 3357 2223 πυρὸς,
3388 2151 3508 2205 ὅλον
3532 2152 3719 2220 ὅμοιον
3744 2151 3893 2221 αὐτῷ
3926 2154 4071 2216 ἐστι,

2493 2252 2587 2301 καὶ
2609 2249 2709 2299 οὐκ
2738 2246 2849 2315 ἔχει
2881 2248 2938 2298 ὲν
2978 2244 3155 2314 ἐαυτῷ
3192 2243 3429 2315 πρῶτον,
3454 2244 3489 2313 ἦ
3514 2243 3762 2312 ἔσχατον,
3797 2243 3831 2312 ἢ
3858 2241 4071 2309 μεῖζον,

2495 2342 2589 2393 καὶ
2624 2338 2846 2391 ἔλαττον
2872 2355 2884 2367 ο
2933 2336 3075 2389 οὓτω
3109 2337 3204 2388 καὶ
3239 2334 3386 2403 ψυχὴ
3429 2335 3463 2405 ὴ
3504 2332 3960 2404 καταλαμφθεῖσα
3983 2349 4076 2384 τε-

2496 2433 2653 2495 λείως
2698 2432 2800 2483 ὐπὸ
2829 2430 2922 2483 τοῦ
2955 2431 3193 2501 ἀρρήτου
3227 2427 3456 2489 κάλλους
3499 2426 3600 2497 τῆς
3636 2426 3795 2496 δόξης
3828 2426 3927 2479 τοῦ
3959 2444 4076 2495 φω-

2492 2531 2583 2591 τὸς
2615 2526 2708 2580 τοῦ
2757 2524 3051 2597 προσώπου
3096 2524 3190 2577 τοῦ
3233 2520 3493 2595 Χριστοῦ,
3540 2521 3637 2575 καὶ
3688 2522 4075 2591 κοινωνήσασα

2496 2620 2773 2689 Πνεύματι
2805 2619 2944 2688 ἁγίῳ
2969 2618 3212 2679 τελείως,
3244 2616 3339 2669 καὶ
3366 2614 3791 2684 κατοικητήριον
3823 2614 3916 2665 καὶ
3937 2613 4072 2681 θρό-

2496 2728 2583 2774 νος
2606 2709 2741 2763 Θεοῦ
2766 2707 3166 2773 καταξιωθεῖσα
3205 2707 3478 2775 γενέσθαι,
3514 2705 3609 2777 ὅλη
3650 2703 3948 2773 ὀφθαλμὸς,
3978 2704 4073 2753 καὶ

2495 2805 2591 2873 ὅλη
2630 2802 2765 2871 φῶς,
2806 2802 2898 2854 καὶ
2927 2800 3023 2869 ὅλη
3053 2802 3366 2869 πρόσωπον,
3398 2799 3493 2851 καὶ
3526 2799 3624 2867 ὅλη
3651 2796 3796 2862 δόξα,
3838 2796 3937 2848 καὶ
3972 2795 4072 2863 ὅλη

2497 2894 2713 2965 πνεῦμα
2738 2894 2964 2963 γίνεται,
2992 2891 3161 2953 οὕτως
3194 2890 3363 2961 αὐτὴν
3392 2889 3890 2952 κατασκευάζοντος
3933 2888 4074 2954 Χρι-
4098 2882 4123 2909 ⁶¹

2500 2985 2648 3049 στοῦ,
2687 2984 2781 3038 τοῦ
2829 2984 3087 3055 φέροντος
3142 2986 3235 3035 καὶ
3267 2984 3510 3049 ἄγοντος,
3548 2983 3641 3033 καὶ
3681 2980 4071 3049 βαστάζοντος.

2498 3078 2590 3129 καὶ
2635 3074 2923 3146 φοροῦντος
2953 3074 3143 3142 αὐτὴν,
3181 3074 3274 3125 καὶ
3312 3072 3454 3125 οὓτω
3492 3070 3918 3142 εὐτρεπίζοντος,
3976 3069 4077 3121 καὶ

2499 3168 2968 3237 κατακοσμοῦντος
3012 3166 3195 3221 κάλλει
3229 3163 3611 3234 Μευματικῷο
3642 3164 3736 3216 καὶ
3774 3162 3883 3231 γάρ
3910 3177 4072 3230 φησι,

2497 3263 2630 3331 Χείρ
2644 3259 2956 3328 ἀνθρώπου
2973 3257 3249 3314 ὑποκάτω
3268 3253 3347 3327 ἦν
3376 3257 3495 3309 τῶν
3516 3255 3824 3324 Χερουὸίμ·
3846 3255 3929 3307 ὅτι
3971 3255 4044 3307 αὐ
4066 3282 4077 3294 ~

2494 3352 2586 3415 τός
2607 3352 2753 3403 ἐστιν
2779 3351 2809 3403 6
2842 3352 2901 3402 ὲν
2921 3350 3057 3419 αὐτῇ
3088 3347 3504 3418 βασταζόμενος,
3527 3349 3620 3399 καὶ
3640 3345 3851 3415 ὁδηγῶν
3873 3345 4073 3415 αὐτήν.

2566 3446 2641 3499 Γν.
2666 3444 2849 3497 Τύπον
2881 3443 2938 3496 δὲ
2982 3442 3174 3512 ἔφερον
3200 3442 3270 3494 τὰ
3296 3441 3537 3511 τέσσαρα
3567 3439 3681 3504 ζῶα
3721 3439 3789 3492 τὰ
3836 3440 4077 3508 φέρονττ

2496 3539 2558 3591 τὸ
2585 3538 2759 3608 ἆρμα,
2791 3535 2972 3589 αὐτῶν
2998 3535 3108 3587 τῶν
3136 3534 3480 3604 ἡγεμονικῶν
3528 3532 3806 3602 λογισμῶν
3835 3531 3936 3601 τῆς
3966 3532 4076 3600 qm-

2496 3632 2617 3699 χῆς.
2650 3629 2862 3699 Ὠσπερ
2888 3626 2995 3699 γὰρ
3022 3628 3051 3678 6
3080 3625 3237 3688 ἀετὸς
3271 3622 3545 3694 βασιλεύει
3575 3622 3683 3675 τῶν
3714 3622 3939 3692 ὀρνέων,
3976 3622 4075 3675 καὶ

2497 3722 2525 3772 6
2554 3721 2687 3774 λέων
2716 3720 2825 3773 τῶν
2880 3720 3088 3790 ἀγρίων
3121 3716 3343 3787 θηρίων,
3375 3715 3471 3767 καὶ
3515 3716 3542 3767 6
3571 3712 3771 3784 ταῦρος
3797 3713 3907 3765 τῶν
3928 3713 4075 3783 ὴμέ-

2502 3829 2608 3883 ρων
2642 3811 2819 3877 ζώων,
2861 3813 2954 3863 καὶ
2990 3813 3019 3864 6
3060 3808 3345 3880 ἄνθρωπος
3386 3807 3496 3874 τῶν
3532 3805 3865 3876 κτισμάτωνο
3897 3805 4075 3865 οῦτως

2498 3903 2606 3956 είσὶ
2634 3904 2728 3956 καὶ
2764 3902 2815 3955 οἱ
2847 3900 3259 3972 βασιλικώτεροι
3286 3899 3536 3967 λογισμοὶ
3568 3898 3667 3966 τῆς
3693 3896 3895 3966 ψυχῆς
3928 3894 4075 3962 λέγω

2497 3993 2575 4059 δὲ,
2613 3993 2675 4053 τὸ
2706 3992 2939 4063 θέλημα,
2991 3992 3024 4061 ἠ
3063 3990 3385 4059 συνείδησις,
3426 3990 3454 4040 6
3486 3986 3629 4052 νοῦς,
3665 3988 3699 4057 ὴ
3749 3986 4074 4055 ἀγαπητικὴ

2503 4085 2755 4157 δύναμις⁸
2788 4085 2853 4137 δι’
2900 4083 3079 4137 αὐτῶν
3107 4082 3213 4151 γὰρ
3258 4084 3319 4133 τὸ
3345 4083 3499 4151 ἅρμα
3530 4080 3632 4149 τῆς
3664 4079 3841 4147 ψυχῆς
3870 4077 4078 4146 κυϐερ-

2499 4181 2678 4240 νᾶται,
2714 4178 2808 4229 καὶ
2838 4178 2919 4239 είς
2961 4175 3184 4237 τούτους
3232 4172 3641 4226 ὲπαναπαύεται
3678 4173 3707 4223 6
3738 4170 3891 4232 Θεός.
3933 4169 4075 4223 Κατ’

2499 4270 2659 4323 ἄλλον
2694 4269 2752 4321 δὲ
2778 4268 3000 4339 τρόπον,
3027 4268 3107 4329 είς
3138 4266 3237 4336 τὴν
3259 4264 3577 4335 ἐπουράνιον
3607 4260 3935 4330 Ἐκκλησίαν
3973 4260 4075 4328 τὴν

2499 4363 2609 4414 τῶν
2645 4360 2817 4427 άγίων
2868 4359 3224 4428 λαμϐάνεται.
3265 4356 3375 4409 Καὶ
3406 4354 3594 4423 ὥσπερ
3625 4354 3742 4404 ἐκεῖ
3786 4352 3956 4419 λέγει,
3990 4352 4073 4402 ὅτι

2504 4455 2580 4510 Τὰ
2602 4452 2712 4514 ζῶα
2746 4448 2826 4522 ἦν
2862 4449 3070 4518 ὑψηλὰ
3097 4450 3258 4513 λίαν,
3296 4447 3550 4517 γέμοντα
3589 4441 3930 4512 ὀφθαλμῶν,
3972 4442 4074 4495 καί

830 4559 932 4597 nec
945 4545 1193 4614 cuiquam
1224 4545 1409 4598 licebat
1436 4548 1865 4616 comprehendere
1910 4565 2188 4602 numerum
2216 4550 2396 4604 oculo-
2427 4543 2473 4599 Ι)
2502 4567 2515 4601 ι

2389 4582 2396 4591 -
2427 4543 2473 4599 Ι)
2502 4550 2612 4601 οὐκ
2638 4542 2718 4615 ἦν
2738 4543 2999 4598 δυνατόν
3029 4558 3141 4594 τινι
3168 4536 3522 4592 καταλαϐεῖν
3542 4534 3649 4588 τὸν
3672 4534 3923 4603 ἀριθμὸν
3954 4531 4074 4586 τῶν

828 4656 972 4703 rum,
1018 4647 1113 4693 aut
1141 4638 1519 4694 sublimitatem
1546 4642 1588 4706 ⁸,
1614 4641 1744 4711 quia
1771 4643 1968 4697 horum
2000 4644 2242 4713 cognitio
2274 4644 2401 4699 data

828 4744 941 4783 non
971 4738 1089 4796 est;
1124 4739 1180 4784 et
1199 4731 1660 4801 quemadmodum
1692 4732 1875 4787 sidera
1901 4734 1956 4788 in
1987 4735 2125 4789 coelo
2154 4742 2371 4789 contem

829 4817 972 4887 piari
1027 4826 1083 4873 et
1125 4819 1383 4874 admirari
1426 4821 1612 4874 datum
1644 4832 1727 4876 est
1750 4822 2005 4878 omnibus
2042 4823 2397 4879 hominibus:

831 4925 1125 4964 numerum
1150 4926 1282 4966 vero
1303 4926 1492 4965 eorum
1518 4927 1849 4983 cognoscere
1871 4914 1927 4968 in
1959 4915 2165 4969 nullius
2191 4916 2402 4970 viribus

828 5008 950 5054 est:
986 5000 1181 5057 eodem
1236 5002 1400 5055 modo
1461 5003 1513 5055 in
1546 5004 1823 5058 caelestem
1858 5014 2173 5058 sanctorum
2208 5005 2397 5059 Eccle-

827 5091 967 5144 siam
1012 5091 1223 5160 ingredi
1272 5092 1494 5161 quidem
1521 5102 1577 5147 et
1603 5094 1904 5149 refocillari
1940 5097 2197 5152 omnibus
2220 5108 2399 5152 certa-

830 5196 958 5235 men
982 5181 1208 5235 inituris
1227 5181 1395 5237 licet:
1426 5197 1759 5252 cognoscere
1784 5200 1921 5239 vero
1946 5196 2003 5240 et
2030 5190 2398 5258 comprehen-

829 5273 967 5328 dere
1017 5290 1331 5336 numerum,
1368 5276 1467 5329 soli
1532 5277 1645 5331 Deo
1690 5278 2003 5344 aseribitur,
2060 5281 2246 5351 illique
2298 5284 2400 5338 soli

832 5368 1119 5423 tribuitur.
1164 5368 1362 5422 Fertur
1407 5369 1570 5438 igitur
1618 5380 1674 5423 et
1717 5371 1940 5426 vehitur
1980 5372 2225 5428 insidens
2252 5375 2340 5430 ille
2371 5393 2402 5431 a

833 5476 1001 5514 curru
1069 5470 1129 5514 et
1174 5460 1373 5514 throno
1439 5461 1784 5516 oculatorum
1859 5464 2198 5535 animalium,
2250 5480 2403 5522 auta

834 5552 1299 5623 qualibetanima,
1332 5554 1582 5623 quaeipsi
1608 5555 1841 5610 thronus
1863 5566 1919 5611 et
1945 5558 2104 5613 sedes
2128 5558 2268 5615 facta
2296 5573 2400 5627 est,

832 5656 889 5700 et
909 5662 1031 5700 uua:
1085 5646 1278 5701 oculus
1332 5657 1386 5700 et
1419 5648 1603 5699 lumen
1650 5648 1881 5715 exsistit,
1915 5666 2041 5704 cum
2090 5652 2403 5708 ascenderit

904 5826 926 5857 ⁸
955 5823 1155 5880 Ezech.
1190 5840 1242 5890 Σ,
1279 5824 1331 5877 4.
1414 5822 1434 5854 ³
1464 5822 1599 5877 ibid.
1635 5822 1721 5876 l2.

2503 4635 2842 4707 ὀφθαλμῶν,
2873 4635 2910 4703 ἡ
2938 4634 3002 4687 τὸ
3026 4633 3205 4700 ὕψος,
3240 4632 3320 4683 ὅτι
3345 4631 3445 4683 οὐκ
3468 4628 3621 4699 ἐδόθη
3649 4626 3853 4679 τούτων
3872 4628 3907 4695 ἡ
3928 4624 4076 4693 γνῶ.

2504 4746 2608 4792 σις’
2643 4729 2737 4781 καὶ
2762 4727 2950 4796 ῶσπερ
2988 4724 3057 4777 τὰ
3083 4726 3141 4776 ὲν
3172 4721 3381 4793 οὐρανῷ
3410 4722 3605 4791 ἄστρα,
3626 4719 3687 4770 τὸ
3719 4718 3815 4788 μὲν
3847 4717 4075 4785 θεωρεῖν

2501 4821 2595 4875 καὶ
2624 4819 2927 4888 θαυμάζειν
2952 4817 3109 4884 ιδόθη
3134 4818 3298 4867 πᾶσιν
3326 4811 3652 4882 ἀνθρώποις,
3686 4809 3745 4861 τὸ
3785 4808 3841 4861 δὲ
3877 4808 4075 4860 είδέναι

2500 4915 2591 4967 τὸν
2631 4912 2864 4982 ἀριθμὸν
2892 4910 3067 4963 αὐτῶν
3094 4908 3268 4961 οὐδενὶ
3304 4905 3543 4959 δυνατόν·
3567 4903 3659 4956 τὸν
3688 4902 3850 4955 αὑτὸν
3872 4900 4076 4971 τρόπον

2506 5009 2597 5061 ἐπὶ
2634 5006 2734 5077 τῆς
2772 5003 3094 5075 ἐπουρανίου
3119 4999 3449 5069 Ἐκκλησίας
3481 4997 3589 5050 τῶν
3640 4996 3844 5063 ἁγίων,
3880 4995 3942 5047 τὸ
3977 4995 4077 5064 μὲν

2506 5099 2768 5155 εἰσελθεῖν
2809 5099 2904 5150 καὶ⁸
2935 5093 3229 5148 ἀπολαύειν
3268 5094 3347 5154 εἰς
3376 5090 3543 5159 αὐτὴν
3580 5090 3716 5141 πᾶσι
3742 5088 3856 5148 τοῖς
3884 5084 4077 5153 βουλοσ

2509 5192 2692 5263 μένοις
2724 5185 3093 5258 ἀγωνίσασθαι
3123 5184 3300 5253 ὲδόθηο
3344 5183 3403 5235 τὸ
3432 5181 3488 5233 δὲ
3529 5180 3654 5232 ἰδεῖν
3696 5177 3793 5231 καὶ
3831 5175 4075 5231 καταλα-

2506 5284 2621 5336 ϐεῖν
2670 5282 2765 5335 τὸν
2797 5279 3049 5351 ἀριθμὸν,
3091 5276 3239 5345 αὐτῷ
3274 5275 3423 5345 μόνῳ
3451 5272 3571 5342 Θεῷ
3622 5269 3957 5339 ἀπονέμεται
3978 5286 4076 5335 ,γι-

2511 5375 2761 5427 νώσκειν.
2801 5373 3027 5437 ’Δγεται
3067 5367 3248 5419 τοίνυν
3278 5364 3370 5417 καὶ
3402 5363 3625 5431 φέρεται
3649 5361 3679 5411 6
3707 5357 4076 5428 ἐποχούμενος

2506 5464 2610 5518 ὑπὸ
2637 5464 2731 5517 τοῦ
2782 5458 3049 5533 ἅρματος,
3087 5457 3181 5511 καὶ
3209 5457 3303 5509 τοῦ
3336 5454 3528 5525 θρόνου
3578 5452 3686 5505 τῶν
3720 5450 4078 5518 ὁλοφθάλμιάν

2507 5559 2685 5625 ζώων,
2715 5559 2831 5627 ἢτοι
2859 5553 2950 5622 ὑφ’
2979 5553 3213 5620 ἑκάστης
3236 5549 3413 5618 ψυχῆς
3448 5547 3736 5615 γινομένης
3766 5541 3914 5613 αὑτῷ
3948 5542 4077 5613 θρόο

2506 5669 2596 5707 νου
2624 5651 2716 5703 καὶ
2763 5646 3053 5716 καθέδρας,
3104 5646 3198 5697 καὶ
3237 5641 3403 5711 οὔσης
3428 5636 3717 5708 Ιὸφθαλμοῦ
3748 5635 3843 5690 καὶ
3873 5634 4075 5704 φωτὸς,
