4266 6356
190 405 300 475 453

1424 406 1793 471 HOMILIIE.
1810 431 1879 446 ·-
1904 406 2093 470 HOM.
2133 410 2183 470 Ι.

3319 409 3425 474 ίὸί

190 515 545 588 ἐπιϐεϐηκὼς
570 517 708 588 αὐτῇ
743 515 837 569 καὶ
862 515 1095 586 ἡνιοχῶν
1119 515 1239 578 ταῖς
1265 513 1444 586 ἡνίαις
1468 513 1563 569 τοῦ
1592 513 1767 568 Πνεύ-
1790 516 1841 576 Α
1867 527 1875 567 ι

1744 540 1767 556 -
1790 516 1841 576 Α
1867 527 2037 583 super
2065 515 2238 581 illam,
2276 512 2508 569 habenis
2538 512 2776 585 Spiritus
2796 527 2918 568 eam
2939 527 3152 584 regens,
3183 524 3241 569 et
3263 525 3429 586 prout

195 627 393 681 ματος,
423 612 521 664 καὶ
556 609 740 673 καθὼς
768 610 1077 673 ἐπίσταται,
1108 607 1315 679 ὁδηγῶν
1336 607 1527 679 αὑτήν.
1556 606 1767 676 Ὠσπερ

190 702 306 771 γὰρ
347 703 417 754 τά
465 700 580 765 ζῶα
632 700 699 755 τά
745 700 1113 771 πνευματικὰ,
1156 700 1254 770 ούχ
1304 700 1437 753 ὅπου
1488 696 1769 751 ἐϐούλοντο

190 792 525 863 πορεύεσθαι
560 792 907 864 ἐπορεύοντο,
928 793 1047 846 ἀλλ’
1077 794 1213 846 ὅπου
1241 790 1359 863 ᾔδει
1405 791 1501 844 καὶ
1527 787 1718 860 ἢθελεν
1738 789 1768 841 ό

191 883 601 954 ἐπικαθήμενος
644 883 740 937 καὶ
772 883 1031 940 εὐθύνων.
1077 881 1234 937 Οὕτω
1266 883 1361 936 καὶ
1391 881 1647 943 ἐνταῦθα,
1674 882 1772 933 αὑ-

190 975 288 1037 τὸς
334 976 542 1044 ἡνιοχεί
580 976 675 1028 καὶ
712 976 838 1043 ἀγει
884 975 1095 1046 ὁδηγῶν
1134 976 1213 1047 τῷ
1257 975 1535 1045 Πνεύματι
1563 972 1729 1027 αὐτοῦ
1748 988 1765 1003 ·

191 1064 370 1129 οὕτως
412 1067 506 1119 καὶ
557 1066 899 1136 πορεύονται,
944 1067 1007 1120 ού
1063 1068 1206 1122 κατά
1242 1068 1303 1121 τὸ
1341 1064 1521 1120 αὐτῶν
1556 1065 1771 1135 θέλημα

194 1159 286 1210 ὅτε
336 1156 617 1226 βούλονται
654 1158 715 1211 ἐν
752 1157 832 1228 τῷ
876 1158 1126 1229 οὐρανῷο
1154 1158 1251 1213 καὶ
1293 1156 1628 1230 ἐρριμμένου
1675 1155 1769 1209 τοῦ

197 1249 453 1319 σώματος
482 1252 689 1321 ἡνιοχεῖ
717 1252 811 1305 καὶ
860 1251 1073 1305 ἐλαύνει
1115 1252 1175 1304 ἐν
1227 1254 1341 1315 τοῖς
1393 1251 1643 1321 οὐρανοῖς
1686 1246 1767 1317 τῷ

197 1344 509 1413 φρονήματι
555 1342 654 1412 τὴν
693 1342 892 1413 ψυχήνο
928 1344 1023 1396 καὶ
1058 1341 1220 1397 πάλιν
1248 1342 1337 1395 ὅτε
1369 1340 1642 1410 βούλεται,
1674 1339 1771 1409 ἔρ-

197 1451 359 1503 χεται
391 1437 450 1486 ἐν
478 1433 556 1503 τῷ
587 1433 800 1503 σώματι
847 1434 944 1488 καὶ
969 1436 1083 1497 τοῖς
1108 1434 1414 1504 λογισμοῖς·
1442 1432 1531 1485 ὅτε
1557 1430 1615 1483 δὲ
1645 1428 1771 1499 βού-

196 1525 349 1578 λεται
398 1526 479 1587 είς
509 1524 578 1577 τά
611 1525 827 1595 πέρατα
854 1524 955 1595 τῆς
994 1526 1119 1594 γῆς,
1156 1524 1252 1577 καὶ
1278 1522 1644 1591 ἀποκαλύψεις
1669 1537 1772 1591 μυ-

199 1615 441 1683 στηρίων
468 1615 738 1668 δείκνυσιν
765 1615 925 1684 αὐτῇ.
963 1615 1027 1668 Ὢ
1052 1615 1147 1666 τοῦ
1178 1612 1344 1666 καλοῦ
1388 1613 1483 1666 καὶ¹
1509 1610 1769 1681 χρηστοῦ,

202 1706 368 1775 μόνου
404 1705 620 1775 ἡνιόχου
648 1706 934 1777 ἀληθινοιᾙ
976 1705 1134 1759 Οὕτω
1171 1705 1228 1758 δὲ
1274 1701 1771 1771 καταξιωθήσονται

1866 608 2023 662 novit
2051 608 2162 663 dux
2201 607 2306 661 viae
2345 608 2398 661 ei
2435 606 2722 662 exsistens.
2766 605 3240 673 Quemadmodum
3281 609 3430 664 enim

1866 698 2125 753 animalia
2192 697 2518 768 spiritualia,
2570 710 2682 751 non
2762 711 3093 767 quocunque
3146 698 3428 765 volebant,

1867 789 2384 861 progrediebantur,
2446 789 2545 845 sed
2600 804 2669 844 eo
2718 804 2829 859 quo
2882 790 3092 845 sciebat
3118 800 3175 846 et
3212 791 3434 847 volebat

1867 881 1981 947 ille,
2029 881 2126 951 qui
2166 880 2439 937 insidebat
2482 889 2540 937 et
2593 880 2863 950 dirigebat
2911 898 2927 935 :
2980 882 3060 936 sic
3090 897 3312 952 quoque
3341 882 3434 939 hic

1870 971 1986 1042 ipse
2049 972 2292 1027 habenas
2338 980 2486 1027 tenet
2530 987 2596 1027 ac
2640 973 2979 1038 moderatur,
3010 981 3067 1027 et
3093 974 3235 1028 viam
3275 988 3436 1029 mon-

1868 1072 2050 1119 strans
2071 1063 2224 1119 ducit
2250 1065 2305 1119 in
2321 1064 2526 1133 Spiritu
2559 1078 2694 1118 suo:
2718 1064 2799 1120 sic
2831 1080 3049 1135 quoque
3074 1065 3437 1137 progrediun.

1868 1163 1962 1209 tur
1989 1171 2100 1210 non
2138 1171 2237 1226 pro
2265 1172 2366 1212 suo
2416 1157 2631 1221 habitu,
2683 1172 2794 1227 quo
2839 1157 3050 1220 volunt,
3081 1157 3134 1211 in
3170 1158 3329 1213 caelo.
3364 1159 3437 1215 Et

1869 1247 2081 1318 abiecto
2117 1262 2348 1319 corpore
2384 1248 2538 1303 ducit
2576 1259 2634 1305 et
2660 1248 2800 1319 regit
2828 1248 2885 1303 in
2911 1250 3069 1316 caelis
3091 1250 3329 1303 animam
3352 1265 3439 1305 sa-

1870 1340 2077 1409 pientia
2104 1356 2119 1394 :
2144 1349 2199 1395 et
2237 1355 2431 1396 rursus
2458 1341 2680 1411 quando
2704 1340 2859 1404 libet,
2890 1342 3041 1396 venit
3071 1341 3125 1395 in
3148 1356 3353 1413 corpus
3381 1350 3440 1397 et

1872 1431 2271 1500 cogitationes;
2298 1432 2519 1501 quando
2545 1442 2726 1487 autem
2749 1433 2883 1487 libet
2909 1432 2966 1486 in
3005 1434 3140 1488 lines
3174 1442 3352 1498 terrae,
3380 1442 3438 1488 et

1871 1524 2239 1579 revelationes
2265 1526 2653 1595 mysteriorum
2687 1526 2926 1580 ostendit
2952 1526 3049 1581 illi.
3080 1526 3124 1581 Ο
3154 1526 3357 1581 bonum
3385 1532 3442 1581 et

1872 1612 2063 1667 utilem
2092 1622 2148 1668 et
2173 1614 2350 1668 solum
2378 1630 2572 1668 verum
2611 1615 2932 1685 agitatorem
2960 1616 2972 1667 ι
3003 1616 3210 1669 Eodem
3258 1624 3443 1670 autem

1872 1711 1930 1756 et
1956 1717 2187 1773 corpora
2215 1705 2271 1759 in
2292 1707 2700 1760 resurrectione
2728 1705 2887 1775 digna
2917 1706 3317 1776 iudicabuntur
3344 1706 3443 1758 ho-

199 1797 298 1849 καὶ
330 1795 400 1848 τά
432 1796 659 1864 σώματα
693 1798 751 1849 ἐν
803 1799 871 1866 τῇ
919 1796 1235 1857 ἀναστάσει,
1276 1794 1377 1863 τῆς
1404 1792 1581 1863 ψυχῆς
1628 1791 1772 1843 οὕτω
1795 1854 1839 1866 _
1874 1807 1884 1845 ι

1751 1808 1772 1843 ω
1795 1854 1839 1866 _
1874 1807 2028 1857 nore,
2052 1809 2215 1863 quem
2240 1809 2385 1850 nunc
2411 1797 2613 1859 anima,
2642 1812 2765 1860 quae
2786 1796 3017 1865 Spiritui
3048 1797 3309 1866 permista
3332 1802 3436 1860 est,

1795 1854 1843 1913 B

199 1886 298 1941 νῦν
350 1887 843 1956 προδοξαζομένης,
897 1887 993 1941 καὶ
1039 1886 1119 1956 τῷ
1158 1886 1436 1956 Πνεύματι
1472 1885 1770 1954 ἀνακιρνω-
1796 1885 1884 1954 υ]

623 1887 843 1956 ομένης,
897 1887 993 1941 καὶ
1039 1886 1119 1956 τῷ
1158 1886 1436 1956 Πνεύματι
1472 1885 1770 1954 ἀνακιρνω-
1796 1885 1843 1913 υ
1870 1886 2023 1954 prius
2056 1885 2307 1957 percipit.

202 1977 395 2045 μένης.

271 2068 349 2119 Δ⁹.
386 2065 513 2119 Ὀτι
541 2064 597 2117 δὲ
620 2065 869 2136 οὐράνιον
907 2065 1024 2134 φῶς
1056 2066 1338 2134 γίγνονται
1377 2064 1434 2116 αί
1464 2062 1635 2132 ψυχώ⁵
1664 2059 1773 2113 τῶν

199 2155 466 2222 δικαίων,
509 2157 673 2220 αὐτὸς
713 2159 742 2210 ὁ
787 2156 989 2227 Κύριος
1019 2158 1133 2220 τοῖς
1175 2154 1491 2217 ἀποστόλοις
1550 2153 1734 2221 ἔλεγεν
1755 2169 1768 2183 ’

211 2248 402 2319 Ὑμεῖς
430 2249 570 2302 ἐστε
599 2248 668 2302 τὸ
704 2247 831 2318 φῶς
850 2248 959 2303 τοῦ
994 2248 1250 2317 κόσμου.
1281 2247 1454 2308 Αὐτὸς
1479 2246 1587 2315 γὰρ
1604 2245 1775 2314 ἀπερ-

201 2342 518 2411 γασάμενος
548 2339 744 2402 αὐτοὺς
794 2336 933 2407 φῶς,
978 2338 1046 2391 δι’
1079 2337 1258 2391 αὐτῶν
1301 2332 1632 2406 φωτίζεσθαι
1683 2333 1774 2385 τὸν

202 2433 410 2502 κόσμον
441 2430 760 2501 προσέταξε·
783 2433 895 2496 καὶ,
922 2432 1005 2484 Οὐ
1033 2430 1295 2493 καίουσι,
1335 2428 1489 2497 φησὶ,
1519 2426 1773 2494 λύχνον,

203 2524 304 2578 καὶ
334 2522 604 2577 τιθέασιν
646 2523 766 2577 ὑπὸ
814 2503 921 2576 τ’ὸν
950 2521 1185 2592 μόδιον,
1222 2519 1361 2575 ἀλλ⁹
1389 2518 1489 2572 ἐπὶ
1511 2518 1625 2585 τὴν
1662 2520 1772 2571 λυ-

205 2618 409 2686 χνίαν,
446 2614 547 2669 καὶ
580 2613 801 2683 λάμπει
853 2611 1005 2669 πᾶσι
1044 2612 1169 2678 τοῖς
1208 2612 1279 2666 ὲν
1324 2609 1398 2679 τῇ
1423 2611 1599 2676 οίκίᾳ·
1627 2609 1777 2662 οὕτω

203 2708 500 2779 λαμψάτω
541 2708 606 2761 τὸ
636 2706 761 2775 φῶς
801 2704 968 2774 ὑμῶν
1019 2705 1359 2775 ἔμπροσθεν
1406 2704 1525 2756 τῶν
1556 2700 1777 2767 ἀνθρώο

204 2817 356 2854 πων·
394 2800 514 2853 ἀντὶ
542 2798 659 2861 τοῦ,
688 2798 780 2869 Μὴ
810 2797 1054 2868 κρύψατε
1080 2797 1141 2850 τὸ
1162 2797 1301 2867 δόμα
1333 2796 1362 2849 ὃ
1389 2794 1608 2849 ἐλάσετε
1647 2792 1778 2863 παρ’

209 2893 374 2962 ἐμοῦ,
407 2892 545 2946 ἀλλά
586 2893 705 2945 δότε
744 2892 880 2945 πᾶσι
918 2893 1031 2955 τοῖς
1068 2889 1429 2960 βουλομένοις*
1464 2888 1559 2941 καὶ
1596 2885 1776 2939 πάλιν

217 2985 283 3039 '0
307 2986 539 3053 λύχνος
564 2983 669 3038 τσῦ
698 2982 991 3052 σώματος,
1013 2981 1186 3035 ἐστίν
1214 2982 1247 3034 ὀ
1274 2980 1599 3047 ὀφθαλμός.
1649 2976 1783 3029 Ἐὰν

202 3071 245 3147 ᾖ
272 3078 309 3129 ό
355 3074 660 3144 ὀφθαλμός
688 3088 805 3127 σου
858 3069 1165 3142 φωτεινὸς,
1198 3068 1347 3123 ὅλον
1366 3069 1433 3122 τὸ
1458 3063 1629 3133 σῶμά
1664 3079 1780 3117 σου

1941 2066 2031 2120 ιν.
2060 2066 2217 2133 Quod
2245 2079 2429 2125 autem
2466 2070 2521 2124 in
2554 2071 2779 2126 ccelcste
2826 2070 3016 2127 lumen
3060 2072 3295 2127 evadant
3319 2073 3437 2127 ani-

1874 2174 1974 2213 ma:
2004 2159 2301 2230 iustorum.
2350 2162 2467 2233 ipse
2511 2164 2773 2218 Dominus
2812 2164 3075 2233 apostolis
3122 2165 3292 2221 dicit:
3347 2165 3444 2221 Vos

1872 2252 1994 2306 estis
2031 2251 2123 2307 lux
2149 2255 2333 2310 mundi
2354 2258 2400 2308 ⁵.
2430 2255 2552 2326 ipse
2578 2256 2745 2320 enim,
2777 2257 2870 2326 qui
2898 2256 3081 2312 ell'ecit
3108 2272 3204 2313 eos
3236 2258 3437 2323 lucem,

1874 2359 1976 2413 per
2020 2344 2144 2401 illos
2187 2347 2484 2403 illuminari
2531 2349 2794 2403 mundum
2828 2349 2992 2419 jussit
3045 2364 3110 2404 ac
3161 2351 3441 2420 praecepit.

1873 2435 1995 2491 Non
2042 2440 2331 2495 accendunt
2387 2440 2677 2505 lucernam,
2720 2442 2919 2511 inquit,
2978 2450 3026 2494 et
3068 2450 3269 2511 ponunt
3294 2440 3445 2496 illam

1873 2529 2049 2583 subter
2079 2532 2331 2594 modium,
2358 2533 2448 2585 sed
2468 2547 2625 2602 super
2652 2531 3049 2596 candelabrum,
3091 2542 3138 2585 et
3170 2531 3307 2586 lucet
3342 2548 3447 2587 om.

1876 2617 2047 2681 nibus,
2086 2620 2176 2688 qui
2203 2627 2322 2672 sunt
2350 2621 2404 2672 in
2431 2619 2619 2673 domo:
2648 2620 2721 2673 sic
2748 2619 2916 2672 luceat
2940 2619 3031 2672 lua:
3062 2628 3235 2673 vestra
3268 2635 3446 2674 coram

1877 2708 2169 2762 hominibus
2188 2709 2230 2773 ',
2273 2710 2379 2763 hoc
2437 2717 2542 2774 est,
2598 2724 2666 2763 ne
2724 2707 2983 2763 ocultetis
3028 2707 3255 2769 donum,
3289 2705 3436 2776 quod

1878 2799 2166 2869 accepistis
2192 2816 2222 2855 a
2248 2816 2356 2864 me,
2410 2800 2504 2855 sed
2557 2799 2683 2855 date
2729 2800 2988 2854 omnibus
3014 2798 3348 2853 volentibus.
3376 2799 3446 2853 Et

1879 2903 2111 2948 rursus:
2148 2892 2387 2946 Lucerna
2429 2894 2660 2961 corporis
2717 2902 2793 2945 est
2840 2891 3063 2945 oculus.
3105 2889 3235 2945 Cum
3286 2891 3446 2960 igitur

1879 2984 2056 3037 oculus
2073 2992 2191 3036 tuus
2213 2983 2369 3053 fuerit
2406 2984 2629 3049 lucidus,
2661 2993 2826 3037 totum
2854 2999 3055 3053 quoque
3082 2999 3268 3053 corpus
3297 2993 3448 3035 tuum

1882 3072 1931 3142 5
1950 3072 2180 3126 lucidum
2207 3075 2326 3127 erit.
2354 3071 2566 3137 Quodsi
2587 3073 2759 3126 malus
2779 3075 2897 3137 erit,
2921 3081 3087 3125 totum
3106 3088 3306 3142 quoque
3331 3087 3450 3123 cor-

204 3166 591 3237 asgpditwtat'
623 3168 676 3220 et
703 3164 772 3218 δὲ
796 3168 828 3219 d
859 3161 1166 3233 ὀφθαλμός
1193 3176 1309 3249 σου
1330 3156 1609 3249 πονζιρὸςο
1633 3157 1778 3249 ὅλρν
1804 3191 1846 3249 c
1881 3180 1889 3233 1

1757 3172 1778 3202 ν’
1804 3191 1846 3249 c
1881 3179 1976 3233 pus
2004 3171 2151 3216 tuum
2192 3164 2522 3217 tenebrosum
2552 3165 2672 3216 erit.
2706 3161 2764 3217 Si
2794 3163 2955 3233 igitur
2993 3161 3188 3225 lumen,
3218 3161 3355 3230 quod
3386 3161 3442 3213 in

204 3260 275 3312 τὸ
340 3258 517 3329 σῶμά
558 3274 679 3313 σου
727 3255 1044 3311 σκοτεινὸν
1085 3247 1275 3310 ἔσται’.
1310 3256 1379 3307 Et
1407 3246 1521 3306 οὖν
1546 3250 1612 3304 τό
1648 3248 1773 3319 φῶς

204 3353 276 3407 τὸ
311 3353 385 3406 ἐν
407 3352 530 3417 σοὶ,
572 3352 813 3416 σκότος,
842 3352 907 3404 τὸ
943 3350 1164 3416 σκότος
1181 3348 1416 3411 «door;
1441 3347 1651 3416 ’Ὠσπερ
1666 3347 1773 3415 γὰρ

204 3443 301 3497 τοῦ
332 3442 583 3513 σώματος
619 3442 669 3495 oi
722 3441 991 3511 ὀφθαλμοὶ
1043 3442 1159 3509 φῶς
1210 3441 1338 3501 εἰσι,
1399 3440 1493 3492 καὶ
1547 3438 1685 3491 ἐπὰν
1722 3438 1773 3490 oi

203 3534 479 3601 ὀφθαλμοὶ
508 3533 682 3599 ὑγιεῖς
734 3525 890 3594 ὦσιν,
934 3530 1056 3584 ὅλον
1098 3530 1159 3582 τὸ
1212 3529 1370 3600 σῶμα
1416 3527 1769 3598 πεφωτισταιο

204 3625 346 3677 ὲπάν
385 3623 444 3676 δὲ
482 3622 816 3693 παρεμπέσῃ
872 3638 923 3675 τι
977 3621 1073 3674 καὶ
1122 3620 1506 3685 σκπισθῶσιν,
1554 3619 1672 3673 ὅλον
1711 3615 1774 3670 τὸ

207 3716 371 3785 σῶμα
398 3714 673 3767 σκοτεινόν
706 3714 875 3766 ἐστιν’
908 3712 1083 3775 οὕτως
1105 3714 1155 3765 οἱ
1178 3712 1485 3775 ἀπόστολοι,
1507 3710 1773 3780 ὀφθαλμοὶ

204 3809 303 3861 καὶ
337 3806 451 3875 φῶς
479 3807 602 3860 ὅλου
627 3805 723 3859 τοῦ
752 3805 958 3875 κόσμου
985 3804 1268 3874 ἐτέθησαν.
1303 3804 1527 3871 Ἔλεγεν
1552 3800 1646 3857 οὖν
1673 3803 1771 3857 αύ-

206 3904 320 3965 τοίς
371 3898 766 3970 παραγγέλλων
815 3899 843 3950 ὁ
894 3897 1124 3966 Κύριος·
1166 3896 1308 3950 Ἐὰν
1341 3896 1509 3964 ὑμεῖς
1563 3892 1767 3962 στῆτε,

206 3995 307 4049 καὶ
362 3995 449 4063 μὴ
484 3989 927 4061 παρατραπῆτε,
973 3988 1098 4057 φῶς
1143 3990 1311 4052 ὄντες
1349 3987 1457 4042 τοῦ
1514 3987 1767 4055 κόσμου,

209 4085 340 4139 ίδοὺ
385 4085 535 4137 ὅλον
562 4085 631 4136 τὸ
660 4082 831 4151 σῶμα
878 4079 1239 4148 πεφώτισται
1270 4078 1376 4132 τοῦ
1419 4077 1672 4147 κόσμου.
1700 4078 1771 4130 El

204 4176 276 4229 δὲ
312 4176 482 4244 ὑμεῖς
526 4176 581 4228 οὶ
632 4174 805 4239 ὄντες
848 4170 974 4240 φῶς
1018 4166 1415 4236 σκοτισθῆτε,
1453 4169 1522 4221 τὸ
1550 4166 1768 4232 σκότος

204 4268 425 4331 πόσον,
466 4265 500 4318 ὅ
538 4265 707 4318 ἐστιν
748 4265 782 4316 ὁ
836 4261 1099 4330 κόσμος;
1129 4260 1247 4322 Φῶς
1285 4258 1377 4312 οὖν
1402 4259 1683 4327 γενόμενοι
1719 4258 1769 4311 oi

204 4356 515 4419 ἀπόστολοι,
543 4353 659 4422 φῶς
698 4350 1026 4421 διηκόνησαν
1056 4353 1168 4411 τοῖς
1212 4348 1553 4413 πιστεύσασι,
1582 4347 1680 4409 τὰς
1712 4348 1769 4399 δὲ

206 4443 432 4514 καρδίαι,
468 4439 650 4495 αὐτῶν
676 4439 1012 4508 φωτίσαντες
1038 4436 1115 4505 τῷ
1148 4434 1456 4503 ἐπουρανίῳ
1484 4432 1577 4485 τοῦ
1600 4431 1771 4485 Ilvati-

1877 3263 1927 3308 te
1944 3265 2039 3320 est,
2058 3255 2281 3309 tenebrw
2296 3264 2439 3321 sunt,
2460 3255 2683 3310 tenebris
2700 3262 2912 3325 quantm
2923 3253 3192 3323 futura!“
3209 3252 3232 3305 ?
3251 3252 3452 3318 Quem-

1876 3345 2172 3399 admodum
2235 3346 2384 3400 enim
2441 3345 2585 3399 oculi
2644 3344 2895 3413 corporis
2951 3345 3138 3399 lumen
3184 3353 3333 3409 sunt,
3391 3352 3450 3397 et

1875 3435 2098 3503 quando
2146 3436 2291 3489 oculi
2357 3436 2661 3490 incolumes
2691 3450 2755 3489 ac
2782 3436 2897 3489 sani
2937 3443 3086 3500 sunt,
3109 3445 3288 3491 totum
3315 3449 3446 3490 cor-

1875 3542 1982 3594 pus
2025 3526 2399 3592 illuminatur;
2436 3527 2483 3582 si
2522 3543 2657 3582 vero
2696 3526 2829 3597 quid
2872 3526 3100 3591 incidat,
3126 3536 3187 3581 ut
3209 3526 3453 3582 tenebris

1875 3615 2257 3681 oll'undantur,
2291 3624 2466 3671 totum
2502 3630 2704 3685 corpus
2755 3616 3108 3670 tenebrosum
3145 3615 3397 3670 redditur
3430 3632 3446 3669 :

1875 3707 1957 3763 sic
1981 3708 2236 3777 apostoli,
2268 3708 2487 3763 oculiet
2507 3708 2694 3763 lumen
2735 3707 2904 3762 totius
2936 3707 3123 3762 mundi
3163 3707 3451 3763 constituti

1874 3814 1939 3854 ac
1958 3800 2197 3854 ordinati
2225 3808 2389 3855 sunt:
2431 3799 2570 3854 dixit
2594 3800 2761 3870 igitur
2795 3800 2864 3854 iis
2892 3799 3217 3870 praecipiens
3249 3798 3454 3854 Domi-

1874 3905 2017 3946 nus:
2056 3890 2113 3946 Si
2149 3909 2259 3955 vos,
2306 3894 2397 3963 qui
2424 3894 2545 3947 estis
2590 3892 2680 3945 lua:
2720 3893 2924 3956 mundi,
2974 3893 3449 3961 perseueraueritis.

1875 3998 1968 4035 nec
2012 3983 2318 4053 deﬂectatis,
2355 4000 2468 4038 ecce
2499 3993 2665 4037 totum
2696 4000 2881 4053 corpus
2908 3984 3090 4037 mundi
3121 3984 3452 4037 illustratum

1874 4080 1952 4125 est
1989 4088 2008 4125 :
2054 4075 2099 4126 si
2127 4088 2246 4126 vero
2270 4090 2377 4137 vos,
2412 4076 2503 4144 qui
2531 4076 2651 4129 estis
2698 4074 2811 4139 lux,
2844 4075 3070 4145 caligine
3098 4075 3305 4129 obducti
3337 4074 3452 4145 fue-

1876 4166 2011 4228 ritis,
2045 4173 2258 4232 quanta:
2304 4168 2497 4234 futura:
2542 4167 2785 4229 tenebris,
2834 4181 2952 4236 qua
2992 4176 3116 4220 sunt
3172 4166 3397 4220 mundus
3426 4166 3452 4219 .’

1874 4254 1992 4308 Lux
2026 4255 2190 4325 igitur
2216 4272 2339 4311 cum
2380 4265 2565 4311 essent
2618 4257 2746 4312 facti
2786 4257 3040 4326 apostoli,
3094 4258 3275 4311 lucem
3312 4272 3451 4327 prae-

1873 4345 2116 4401 buerunt
2171 4348 2548 4411 credentibus,
2607 4348 2982 4402 illuminantes
3037 4348 3259 4403 illorum
3311 4363 3449 4418 prai-

1873 4439 2060 4493 cordia
2083 4440 2295 4493 cmlesti
2341 4438 2580 4510 Spiritus
2620 4438 2847 4501 lumine,
2879 4454 2990 4509 quo
3019 4450 3075 4495 et
3099 4440 3201 4509 ipsi
3246 4440 3452 4494 illumio

210 4553 381 4606 ματος
411 4534 575 4603 φωτὶ,
623 4526 779 4603 ᾧπερ
828 4534 922 4584 καὶ
968 4529 1121 4582 αὐτοὶ
1168 4527 1570 4598 πεφωτισμένοι
1607 4524 1760 4593 ἐτύγ-
1804 4539 1847 4593 υ
1877 4548 1895 4584 ι

502 4534 575 4599 τὶ,
623 4526 779 4603 ᾧπερ
828 4534 922 4584 καὶ
968 4529 1121 4582 αὐτοὶ
1168 4527 1570 4598 πεφωτισμένοι
1607 4524 1760 4593 ἐτύγ-
1804 4539 1847 4593 D
1877 4532 1990 4585 nati
2014 4539 2187 4585 erant.

205 4645 389 4699 χανον.

277 4718 357 4772 Ε’.
386 4717 496 4770 Καὶ
520 4717 656 4779 ἅλας
683 4716 837 4768 αὐτοὶ
869 4714 1206 4783 ὑπάρχοντες
1238 4712 1435 4782 ἤρτυον
1471 4710 1566 4763 καὶ
1595 4710 1780 4779 ἧλιζον

206 4812 390 4863 πᾶσαν
426 4807 608 4878 ψυχὴν
641 4805 1005 4859 πιστεύουσαν
1026 4802 1102 4873 τῷ
1128 4803 1284 4856 ἀλατι
1306 4802 1399 4856 τοῦ
1424 4802 1581 4869 ἀγίου
1612 4800 1781 4854 Πνεύ-

206 4917 403 4969 ματος.
439 4898 634 4965 Ἔλεγε
660 4896 769 4967 γάρ
798 4897 983 4957 αὐτοῖς
1030 4896 1059 4948 ὁ
1106 4894 1308 4964 Κύριος
1334 4910 1350 4925 ·
1398 4893 1599 4962 ’Υμεῖς
1639 4893 1780 4946 ἐστε

202 4991 271 5044 τὸ
314 4991 466 5053 ἅλας
496 4988 606 5055 τῆς
632 4987 768 5057 γῆς,
813 4987 921 5055 γῆν
976 4986 1075 5049 τὰς
1122 4986 1298 5054 ψυχὰς
1343 4984 1451 5039 τῶν
1479 4985 1779 5056 ἀνθρώπων

204 5082 409 5135 καλῶν.
458 5080 793 5150 Διηκόνησαν
825 5079 932 5149 γὰρ
963 5080 1019 5131 ὲν
1047 5081 1166 5139 ταῖς
1192 5078 1387 5147 ψυχαῖς
1426 5077 1534 5130 τῶν
1570 5075 1780 5147 ἀνθρώα

206 5190 327 5227 πων
349 5173 410 5226 τὸ
438 5170 761 5240 ἐπουράνιον
788 5170 924 5232 ἃλας
953 5169 1047 5222 τοῦ
1077 5168 1415 5238 Πνεύματος,
1445 5166 1777 5238 ἀρτύσαντες

204 5264 423 5325 αὐτοὺς,
464 5262 559 5315 καὶ
587 5263 865 5332 ἀσήπτους
886 5260 981 5313 καὶ
1010 5260 1213 5322 ἀσινεῖς
1243 5258 1686 5328 ἀπεργασάμενοι
1713 5259 1777 5308 ἐκ

205 5354 409 5424 πολλῆς
442 5353 724 5415 δυσωδίας.
757 5353 973 5420 Ὥσπερ
1027 5350 1137 5421 γὰρ
1186 5351 1351 5419 κρέας
1372 5390 1388 5414 9
1439 5350 1534 5401 έάν
1571 5348 1643 5417 μὴ
1678 5346 1777 5419 ἔχῃ

206 5447 363 5509 ἃλας,
395 5446 685 5515 σέσηπται,
727 5445 822 5498 καὶ
856 5444 1054 5513 πολλῆς
1096 5441 1356 5506 δυσωδίας
1408 5442 1772 5511 μεμέστωται,

203 5538 346 5593 ὥστε
376 5541 590 5601 πάντας
611 5536 1048 5608 ἀποστρέφεσθαι
1074 5538 1136 5589 ἐκ
1154 5535 1254 5605 τῆς
1284 5535 1550 5605 κακίστης
1574 5534 1770 5604 όσμῆςο

206 5634 303 5685 καὶ
342 5631 619 5702 σκώληκες
649 5630 912 5702 ἕρπουσιν
950 5630 1031 5691 είς
1077 5627 1137 5679 τὸ
1176 5626 1408 5697 σεσηπὸς
1451 5626 1637 5696 κρέας,
1681 5628 1775 5681 καὶ

1950 4710 2015 4766 ν.
2070 4711 2137 4764 Et
2197 4710 2276 4763 sal
2317 4724 2442 4764 cum
2463 4719 2653 4765 essent
2683 4710 2806 4779 ipsi,
2844 4710 3179 4765 condiebant
3203 4717 3259 4763 et
3279 4709 3445 4763 salie-

1879 4804 2013 4858 bant
2030 4818 2250 4857 onmem
2274 4800 2514 4855 animam
2548 4800 2885 4866 credentem,
2913 4803 3025 4855 sale
3054 4800 3294 4871 Spiritus
3322 4816 3450 4854 san-

1880 4896 1974 4951 cti.
2008 4895 2155 4950 Dixit
2177 4894 2325 4949 enim
2382 4893 2452 4948 iis
2479 4893 2779 4947 Dominus:
2824 4892 2919 4946 Vos
2954 4895 3075 4946 estis
3099 4893 3183 4946 sal
3219 4903 3376 4945 terra:
3401 4893 3446 4958 ⁸,

1881 4999 2083 5041 terram
2110 5001 2314 5040 vocans
2372 4986 2586 5039 animas
2635 4985 2932 5052 proborum
2962 4985 3281 5049 hominum;
3318 4983 3451 5036 sub-

1881 5080 2265 5135 ministrabant
2316 5079 2463 5133 enim
2518 5078 2715 5133 animis
2768 5077 3048 5131 hominum
3090 5078 3166 5132 sal
3208 5076 3450 5145 Spiritus

1884 5173 2129 5236 caaleste,
2167 5172 2488 5226 condientes
2531 5170 2675 5231 illos,
2712 5177 2769 5223 et
2806 5185 2835 5222 a
2879 5168 3170 5237 putredine
3205 5182 3267 5221 ac
3305 5180 3445 5221 noxa

1883 5280 1950 5318 ex
1995 5264 2169 5316 multo
2209 5262 2379 5315 fetore
2406 5260 2774 5320 vindicantes.
2804 5260 3271 5324 Quemadmodum
3300 5257 3447 5313 enim

1882 5370 2033 5418 caro,
2059 5353 2104 5407 si
2133 5354 2243 5407 sale
2269 5367 2378 5406 non
2413 5352 2485 5406 sit
2515 5366 2835 5421 conspersa,
2875 5351 3165 5421 putrescit.
3196 5359 3251 5405 et
3277 5352 3451 5404 multo

1880 5446 2054 5499 fetore
2108 5444 2372 5513 repletur,
2426 5443 2563 5497 adeo
2585 5451 2645 5496 ut
2670 5457 2860 5496 omnes
2891 5451 3209 5496 avertantur
3230 5441 3300 5495 ob
3323 5457 3449 5510 gra-

1879 5553 2003 5591 vem
2042 5536 2302 5601 odorem;
2344 5545 2400 5590 et
2421 5549 2635 5589 vermes
2659 5534 2907 5604 irrepunt
2937 5535 2993 5587 in
3018 5549 3238 5588 carnem
3270 5532 3449 5601 putri.

1882 5627 2031 5692 dam,
2056 5626 2277 5695 illicque
2309 5635 2628 5695 pascuntur,
2664 5624 2979 5691 comedunt,
3006 5633 3061 5681 et
3096 5625 3151 5679 in
3178 5638 3448 5679 cavemu-

263 5815 287 5845 ⁸
314 5813 503 5869 Matth.
531 5828 584 5877 v,
617 5812 701 5867 M.
769 5813 789 5844 ⁸
828 5809 959 5865 ibid.
991 5808 1070 5865 lli.
1109 5810 1193 5864 16.
1255 5807 1320 5842 ⁸⁸⁷
1355 5807 1541 5863 Matth.
1573 5823 1647 5875 VI,
1673 5808 1762 5875 22,
1801 5809 1899 5875 25;
1932 5806 1948 5863 1

1121 5810 1193 5864 16.
1255 5807 1320 5842 ⁶ο⁷
1355 5807 1541 5863 Matth.
1573 5823 1647 5875 νι,
1673 5808 1762 5875 22,
1801 5809 1899 5875 25;
1932 5806 2063 5864 Luc.
2090 5824 2164 5875 ιι,
2203 5808 2290 5865 54.
2366 5809 2387 5841 ⁸
2411 5804 2600 5862 Matth.
2636 5823 2688 5873 ν,
2723 5804 2806 5862 i3.
