4266 6356
820 390 925 454 455

2049 394 2110 453 S.
2150 394 2465 454 MACARII
2502 392 2818 454 EGYPTII

3945 381 4061 446 456

824 504 891 559 lis
917 500 1273 555 delitescunt:
1336 500 1383 555 si
1424 514 1556 556 vero
1576 504 1953 573 supervenerit
2018 506 2118 570 sal,
2167 504 2378 560 interfi-
2411 508 2507 569 Αὲ

2374 536 2378 544 -
2411 514 2453 569 Α
2483 507 2599 558 ἐκεῖ
2632 503 2945 572 ὲννέμονται
2974 499 3069 553 καὶ
3116 497 3352 551 ἐσθίουσι
3399 498 3492 551 καὶ
3519 494 3873 563 φωλεύουσιν·
3912 494 4059 547 ὲπάν

822 595 1043 649 ciuntur
1094 604 1149 649 et
1201 603 1433 664 pereunt
1490 595 1604 650 illic
1661 595 2018 666 depascentes
2056 614 2289 665 vermes,
2328 607 2384 654 et

822 688 1004 756 gravis
1041 686 1179 740 odor
1220 685 1412 742 fetoris
1454 696 1634 743 cessat
1666 702 1682 742 :
1710 697 1905 744 natura
1942 690 2213 760 siquidem
2257 694 2385 747 salis

821 789 926 844 est,
962 788 1021 833 ut
1046 780 1327 834 interimat
1376 795 1608 845 vermes,
1632 788 1688 835 et
1720 780 1951 836 fetorem
1980 782 2162 836 tollat:
2188 782 2383 837 eodem

820 884 1041 938 quoque
1090 870 1252 924 modo
1282 870 1462 925 omnis
1508 873 1711 935 anima,
1760 886 1870 926 non
1901 872 2121 927 condita
2174 873 2382 943 Spiritu

819 968 1032 1024 sancto,
1082 959 1429 1029 cmlestisque
1493 961 1643 1026 salis,
1698 960 1803 1016 hoc
1850 970 1953 1027 est,
1985 962 2245 1032 potentia:
2283 963 2383 1018 Dei

821 1051 1100 1121 particeps
1153 1067 1266 1105 non
1311 1052 1472 1117 facta,
1501 1053 1792 1122 putredine
1813 1055 2061 1120 vitiatur,
2098 1070 2163 1110 ac
2209 1054 2383 1109 fetore

823 1158 1115 1212 pravarum
1167 1143 1558 1214 cogitationum
1614 1146 1836 1215 copioso
1868 1147 2132 1215 repletur,
2158 1146 2294 1201 adeo
2326 1154 2385 1199 ut

820 1244 1101 1289 avertatur
1158 1234 1325 1290 facies
1379 1236 1475 1290 Dei
1526 1252 1557 1290 a
1614 1238 1765 1307 gravi
1813 1238 1987 1292 fetore
2024 1254 2289 1292 vanarum
2320 1252 2383 1292 ac

822 1326 1239 1380 tenebrosarum
1288 1328 1702 1396 cogitationum,
1740 1338 1796 1383 et
1822 1328 2173 1385 all'ectionum
2203 1329 2383 1383 eidem

816 1415 1015 1468 anima:
1071 1414 1478 1470 inhaerentium.
1538 1417 1607 1471 Et
1645 1419 1790 1471 noxii
1819 1420 2238 1487 atqueimprobi
2266 1435 2386 1473 ver-

817 1523 953 1571 mes,
989 1507 1083 1576 qui
1107 1517 1237 1561 sunt
1278 1507 1507 1576 spiritus
1548 1510 1789 1574 malitiae,
1818 1519 1873 1564 et
1906 1521 2204 1579 potestates
2233 1520 2385 1566 tene-

816 1599 1044 1654 brarum
1087 1598 1141 1652 in
1172 1614 1235 1652 ea
1265 1598 1626 1665 inambulant,
1681 1602 1793 1656 illic
1824 1612 2142 1672 pascuntur,
2191 1603 2386 1657 delite-

819 1698 983 1744 scunt
1018 1696 1072 1741 et
1122 1693 1344 1756 repunt,
1375 1696 1543 1757 atque
1598 1706 1716 1745 eam
1764 1692 2031 1746 devorant
2060 1703 2115 1747 et
2138 1707 2386 1745 corrum-

818 1788 1010 1849 punt:
1069 1778 1307 1836 Fetorem
1372 1783 1510 1835 enim
1573 1786 1927 1852 praebuerunt,
1971 1792 2019 1836 ει
2068 1789 2384 1851 putruerunt

2481 598 2536 650 δὲ
2571 597 2698 668 ἔλθῃ
2740 595 2801 649 τὸ
2834 595 2989 661 ἃλας,
3012 593 3360 663 ἀναιροῦνται
3387 593 3481 644 καὶ⁵
3514 590 3835 644 ἀπόλλυνται
3863 588 3914 640 οί
3937 587 4065 641 ἐκεῖ

2481 690 2771 758 νεμόμενοι
2807 686 3109 757 σκώληκες,
3140 686 3231 738 καὶ
3262 685 3406 754 ὀσμὴ
3449 683 3547 753 τῆς
3575 682 3837 745 δυσωδίας
3882 680 4065 734 παύε-

2481 799 2591 845 ται,
2630 783 2684 851 (ἡ
2713 782 2820 850 γάρ
2854 779 3014 849 φύσις
3045 778 3136 831 τοῦ
3168 778 3387 840 ἆλατος,
3414 775 3731 846 ἀναιρετικὴ
3781 775 3900 827 ἐστι
3946 774 4062 826 τῶν

2484 874 2801 943 σκωλήκων,
2817 873 2908 926 καὶ
2934 872 3033 942 τῆς
3062 870 3323 934 δυσωδίας
3353 869 3708 938 ἁφανιστική)
3730 883 3745 897 ·
3775 866 3867 919 τὸν
3893 866 4065 920 αὑτὸν

2481 969 2681 1040 τρόπον
2733 967 2826 1019 καὶ
2859 967 3008 1018 πᾶσα
3052 963 3198 1033 ψυχὴ
3270 965 3305 1033 ἠ
3365 963 3440 1033 μὴ
3496 960 3767 1031 ὴλισμένη
3791 959 3868 1029 τῷ
3914 959 4064 1027 ἀγίῳ

2482 1060 2782 1128 Πνεύματι,
2816 1058 2913 1111 καὶ
2946 1056 3021 1129 μὴ
3065 1054 3369 1128 μετέχουσα
3397 1052 3496 1109 τοῦ
3537 1053 3731 1116 ἀλατος
3761 1051 3857 1105 τοῦ
3889 1052 4063 1103 ἐπου-

2486 1152 2688 1223 ρανίου,
2727 1148 2875 1201 τοῦτ’
2907 1149 3023 1201 ἐστι
3074 1147 3175 1216 τῆς
3233 1147 3517 1213 δυνάμεως
3545 1144 3642 1199 τοῦ
3687 1142 3842 1209 Θεοῦ,
3895 1144 4063 1210 σέση-

2482 1260 2637 1308 πται,
2671 1242 2765 1295 καὶ
2793 1239 3052 1301 δυσωδίας
3080 1239 3278 1309 πολλῆς
3308 1237 3580 1306 λογισμῶν
3606 1234 3855 1306 πονηρῶν
3882 1233 4063 1302 ἐμ.πέ-

2484 1335 2590 1402 πλη
2599 1333 2789 1407 [σ]ται,
2806 1332 2945 1385 ὥστε
2965 1330 3397 1400 ἀποστρέφεσθαι
3413 1329 3475 1383 τὸ
3490 1330 3778 1397 πρόσωπον
3799 1326 3892 1378 τοῦ
3918 1325 4062 1376 Θεοῦ

2482 1424 2592 1477 ἀπὸ
2634 1425 2733 1492 τῆς
2790 1422 2969 1491 δεινῆς
3024 1419 3287 1482 δυσωδίας
3329 1420 3436 1473 τῶν
3481 1419 3727 1489 ματαίων
3776 1414 4065 1485 λογισμῶν

2483 1510 2575 1567 τοῦ
2633 1515 2880 1576 σκότους,
2918 1513 3011 1566 καὶ
3060 1512 3168 1564 τῶν
3211 1512 3402 1564 παθῶν
3442 1512 3550 1564 τῶν
3601 1511 3660 1562 ὲν
3710 1513 3779 1581 τῇ
3832 1507 4066 1579 τοιαύτῃ

2482 1608 2628 1676 ψυχῇ
2652 1604 3023 1659 ἐνοικούντων.
3047 1603 3155 1657 Καὶ
3180 1604 3232 1657 οί
3257 1603 3420 1656 κακοὶ
3448 1603 3541 1656 καὶ
3561 1602 3729 1654 δεινοὶ
3751 1599 4063 1668 σκώληκες,

2486 1701 2521 1753 ἀ
2551 1700 2667 1751 ὲστι
2692 1698 2762 1750 τά
2792 1697 3077 1766 πνεύματα
3121 1696 3219 1765 τῆς
3263 1694 3549 1763 πονηρίας,
3586 1693 3681 1746 καὶ
3706 1692 3762 1745 al
3794 1692 4065 1758 δυνάμεις

2482 1788 2577 1842 τοῦ
2612 1789 2860 1851 σκότους,
2883 1788 2941 1839 ὲν
2965 1788 3099 1857 αὐτῇ
3140 1785 3595 1856 ἑμπεριπατοῦσι,
3616 1785 3776 1837 κάκεῖ
3804 1782 4063 1851 εννέμον-

817 1872 1005 1926 vibices
1029 1875 1130 1926 mei
1156 1876 1198 1928 ’.
1224 1874 1281 1929 Si
1319 1891 1454 1929 vero
1478 1874 1547 1927 ad
1570 1875 1740 1929 Deum
1784 1874 2081 1943 confugiat,
2112 1873 2299 1927 credat
2335 1882 2391 1926 et
2423 1876 2502 1930 Ba

2376 1882 2391 1926 ι
2423 1876 2465 1930 Β
2490 1898 2600 1943 ται,
2631 1881 2725 1934 καὶ
2759 1879 3082 1949 φωλεύουσι,
3101 1880 3193 1931 καὶ
3222 1879 3471 1948 ἓρπουσι,
3499 1878 3594 1930 καὶ
3622 1874 3791 1945 αὐτὴν
3814 1874 4061 1926 ἐσθίουσι

821 1972 975 2031 petat
1003 1964 1173 2017 salem
1219 1964 1364 2028 vitae,
1414 1965 1620 2018 bonum
1658 1979 1722 2018 ac
1759 1964 2065 2017 humanum
2094 1962 2380 2032 Spiritum,

820 2064 935 2109 tum
966 2055 1193 2109 veniens
1250 2056 1331 2111 sal
1370 2057 1591 2110 caeleste
1625 2055 1891 2109 interimit
1919 2063 2089 2110 tetros
2115 2055 2238 2108 illos
2265 2069 2384 2108 ver-

819 2160 958 2209 mes,
994 2154 1049 2200 et
1081 2146 1297 2200 sublato
1324 2147 1562 2216 pessimo
1611 2147 1807 2211 fetore,
1832 2146 2131 2218 exstinguit
2156 2162 2383 2219 graveo-

817 2236 1042 2291 lcntiam
1062 2237 1269 2291 virtute
1292 2238 1551 2307 potentiae
1583 2238 1711 2292 salis
1736 2256 1747 2290 :
1777 2246 1832 2293 et
1860 2239 1939 2293 sic
1966 2238 2055 2292 illa
2091 2238 2383 2293 incolumis

817 2336 877 2381 et
910 2327 1075 2381 illaesa
1107 2327 1301 2382 effecta
1328 2342 1426 2395 per
1444 2342 1634 2383 verum
1658 2328 1755 2393 sal,
1786 2328 1841 2382 iu
1874 2344 2033 2383 usum
2061 2337 2117 2382 et
2141 2328 2387 2381 ministe-

815 2420 961 2474 rium
1016 2420 1251 2475 caelestis
1301 2420 1517 2473 Domini
1547 2420 1852 2474 ordinatur.
1894 2421 2189 2489 Propterea
2219 2420 2385 2473 etiam

818 2512 871 2567 iu
938 2513 1079 2583 lege,
1117 2513 1371 2583 exemplo
1438 2523 1598 2568 utens
1646 2513 1810 2576 Deus,
1866 2513 2029 2583 jussit
2078 2527 2270 2567 omnes
2304 2512 2387 2565 vi-

812 2602 1010 2657 ctimas
1037 2601 1149 2656 sale
1170 2603 1322 2656 saliri
1365 2603 1426 2654 ".

2489 1970 2583 2022 καὶ
2617 1969 2913 2041 φθείρουσι.
2957 1968 3346 2036 Προσώζεσαν
3372 1966 3501 2037 γὰρ,
3545 1967 3711 2035 φησὶ.
3766 1965 3867 2017 καί
3913 1962 4062 2016 ἐσά-

2488 2078 2695 2130 πησαν
2740 2065 2793 2116 οι
2842 2061 3134 2132 μώλωπές
3173 2079 3311 2130 μου.
3379 2059 3548 2113 Ἐπάν
3575 2059 3632 2111 δε
3664 2057 3954 2127 προσφύγῃ
3978 2054 4064 2125 τῷ

2489 2157 2628 2228 Θεῷ,
2658 2158 2753 2211 καὶ⁵
2794 2156 3083 2227 πιστεύσῃ,
3118 2156 3211 2209 καὶ
3247 2155 3445 2224 αἰτήσῃ
3480 2152 3543 2205 τὸ
3580 2151 3715 2215 ἀλας
3743 2150 3844 2221 τῆς
3884 2148 4059 2217 ζωῆς.

2487 2250 2548 2301 τὸ
2581 2248 2785 2316 ἀγαθὸν
2820 2244 2915 2301 καὶ
2964 2249 3345 2317 φιλάνθρωπον
3382 2244 3626 2316 Πνεῦμα,
3659 2244 3783 2296 τότε
3818 2240 3972 2295 ὲλθδν
4000 2240 4064 2293 τὸ

2486 2340 2620 2400 ἃλας
2649 2340 2708 2391 τὸ
2730 2342 2982 2407 οὐράνιον
3005 2342 3219 2410 ἀναιρεῖ
3248 2340 3373 2401 τοὺς
3394 2337 3597 2399 δεινοὺς
3623 2334 3933 2405 σκώληκας,
3960 2331 4063 2385 καὶ

2486 2430 2736 2497 ἀφανίζει
2768 2431 2867 2500 τὴν
2892 2430 3136 2501 πονηρὰν
3165 2428 3447 2492 δυσωδίαν,
3481 2428 3576 2479 καὶ
3602 2424 3854 2494 καθαίρει
3882 2422 4061 2490 αὐτὴν

2489 2524 2553 2591 τῇ
2591 2522 2841 2593 ἐνεργείᾳ
2875 2521 2972 2591 τῆς
3006 2522 3285 2589 δυνάμεως
3318 2518 3505 2571 αὐτοῦ·
3552 2517 3648 2572 καὶ
3679 2515 3853 2578 οὕτως
3896 2512 4061 2583 ὑγιὴς

2498 2615 2592 2665 καὶ
2620 2615 2810 2684 ἀσινὴς
2835 2616 2938 2667 ἀπε
2949 2615 3265 2684 ργασθεῖσα,
3307 2612 3413 2664 ὑπὸ
3452 2609 3547 2662 τοῦ
3576 2608 3770 2670 ἀλατος
3798 2606 3894 2659 τοῦ
3928 2606 4061 2675 ἀλη-

818 2695 988 2758 θινοῦ,
1013 2696 1092 2758 είς
1120 2698 1317 2765 χρῆσιν
1361 2695 1457 2747 καὶ
1504 2694 1809 2764 ὑπηρεσίαν
1850 2693 1926 2763 τῷ
1970 2696 2275 2767 ἐπουρανίῳ
2310 2701 2554 2775 Δεσπότῃ
2580 2706 3037 2759 ἀποκαθίσταται.
3071 2706 3171 2757 Διά
3190 2704 3348 2758 τοῦτο
3406 2703 3516 2775 γὰρ
3567 2702 3662 2755 καὶ
3722 2702 3781 2755 tv
3805 2699 3883 2771 τῷ
3906 2699 4062 2770 νόμῳ

816 2786 1178 2855 ὑποδείγματι
1229 2784 1511 2855 χρώμενος
1544 2787 1572 2837 ὁ
1618 2785 1771 2848 Θεὸς,
1809 2786 2024 2838 ἐκέλευε
2060 2790 2239 2841 πᾶσαν
2266 2789 2453 2845 θυσίαν
2482 2793 2635 2849 ἀλατι
2683 2795 2983 2860 ἁλίζεσθαι.

885 2882 974 2937 Vl.
1009 2880 1239 2950 Oportet
1287 2879 1452 2948 igitur
1510 2880 1749 2948 primum
1782 2880 2061 2934 victimam
2102 2885 2325 2938 mactari
2350 2900 2381 2938 a

816 2974 1125 3036 sacerdote,
1154 2982 1212 3026 et
1236 2973 1398 3033 mori,
1428 2980 1484 3025 et
1522 2980 1653 3025 tunc
1684 2971 1976 3026 dissectam
2003 2975 2115 3027 sale
2146 2974 2379 3038 condiri,

815 3067 1012 3123 deinde
1059 3067 1137 3120 sic
1195 3065 1305 3135 igni
1357 3064 1587 3133 imponi.
1631 3064 1744 3119 Nisi
1787 3067 1932 3118 enim
1981 3066 2135 3134 prius
2181 3076 2383 3121 mactet

816 3171 872 3217 et
904 3160 1124 3215 occidat
1182 3175 1341 3213 ovem
1372 3157 1650 3221 sacerdos,
1700 3173 1809 3211 non
1852 3157 2067 3221 salitur,
2098 3171 2275 3225 neque
2314 3158 2380 3210 ad

816 3253 1201 3308 holocaustum
1241 3251 1475 3304 Domino
1524 3250 1855 3303 adducitur:
1909 3249 1989 3302 sic
2037 3257 2092 3301 et
2136 3257 2379 3302 nostram

814 3346 1055 3400 animam
1095 3343 1444 3398 accedentem
1490 3356 1624 3396 vero
1654 3340 1904 3396 Pontifici
1942 3339 2183 3399 Christo,
2216 3355 2379 3408 opor-

816 3439 897 3485 tet
928 3432 1152 3486 mactari
1214 3431 1281 3484 ab
1334 3445 1422 3495 eo,
1455 3438 1511 3485 et
1549 3429 1977 3500 cogitationibus
2024 3444 2089 3483 ac
2135 3429 2383 3498 pessimae

814 3523 967 3588 vitae,
999 3524 1089 3576 cui
1139 3523 1383 3587 vivebat,
1424 3524 1527 3576 hoc
1561 3531 1665 3582 est,
1721 3533 1946 3589 peccato
1974 3522 2142 3585 mori,
2175 3529 2232 3575 et
2260 3528 2381 3573 tau-

812 3628 981 3683 quam
1004 3615 1172 3667 vitam
1200 3622 1417 3682 oportet
1441 3629 1507 3668 ex
1529 3629 1593 3667 ea
1609 3613 1793 3683 egredi
1823 3628 2018 3681 pravas
2038 3613 2378 3667 affectiones.

816 3705 1293 3771 Quemadmodum
1343 3705 1490 3758 enim
1543 3720 1767 3774 corpus,
1818 3713 2104 3773 postquam
2145 3705 2384 3759 evolavit

816 3798 1022 3859 anima,
1076 3806 1354 3850 mortuum
1400 3805 1504 3861 est,
1546 3810 1650 3849 nec
1683 3797 1919 3864 amplius
1944 3796 2079 3849 vivit
2111 3797 2241 3860 vita,
2275 3811 2381 3866 qua

814 3887 1064 3950 vivebat,
1086 3902 1269 3956 neque
1291 3887 1465 3953 audit,
1481 3902 1662 3957 neque
1684 3887 1960 3941 ambulat:
1998 3888 2077 3943 sic
2097 3898 2381 3958 postquam

814 3978 1076 4033 mactavit
1126 3987 1183 4032 et
1229 3978 1403 4049 gratia
1440 3978 1664 4033 virtutis
1701 3993 1813 4033 suae
1859 3979 2137 4034 interemit
2176 3978 2382 4034 mundo

811 4071 981 4123 vitam
1011 4078 1258 4123 nostram
1290 4070 1530 4125 caelestis
1563 4070 1813 4125 Pontifex
1841 4070 2113 4135 Christus,
2148 4072 2382 4127 moritur

815 4160 908 4214 illa
932 4162 1058 4215 vita:
1088 4176 1384 4231 perversae,
1409 4163 1709 4216 secundum
1735 4179 1900 4233 quam
1927 4164 2166 4227 vivebat,
2190 4173 2247 4219 et
2269 4180 2383 4219 am-

809 4252 953 4323 plius
968 4252 1024 4322 6
1046 4268 1223 4321 neque
1240 4253 1413 4315 audit,
1438 4268 1617 4323 neque
1650 4254 1913 4325 loquitur,
1937 4271 2115 4325 neque
2132 4265 2382 4311 versatur

813 4343 868 4395 in
901 4341 1148 4397 tenebris
1188 4344 1432 4412 peccati;
1493 4345 1624 4414 quia
1672 4362 1768 4416 per
1804 4348 2033 4417 gratiam
2068 4348 2378 4413 discedunt,

2562 2893 2615 2955 (Τι’
2619 2893 2761 2944 ’.Δεῖ
2796 2886 2889 2944 οὖν
2943 2890 3159 2961 πρῶτον
3191 2888 3415 2959 τυθῆναι
3448 2888 3553 2941 ὑπὸ
3583 2886 3675 2943 τοῦ
3711 2887 3926 2958 ίερέως,
3961 2890 4060 2941 καὶ

2488 2983 2799 3047 ἀποθανεῖν,
2834 2984 2931 3036 καὶ
2958 2985 3077 3034 τότε
3122 2978 3406 3051 ἁλισθῆναι
3440 2981 3712 3051 μελισθὲν,
3756 2976 3858 3032 εἶθ’
3882 2979 4061 3042 οὕτως

2489 3070 2567 3129 εἰς
2590 3068 2652 3120 τὸ
2700 3069 2811 3140 πῦρ
2839 3070 3196 3124 ἐπιτίθεσθαι.
3231 3070 3356 3123 Ἐὰν
3378 3070 3483 3139 γὰρ
3518 3071 3592 3140 μὴ
3617 3069 3880 3141 πρότερον
3918 3068 4059 3139 θύσῃ

2489 3160 2581 3211 καὶ
2609 3158 2893 3232 θανατὼσῃ
2934 3162 2995 3214 τὸ
3026 3161 3297 3231 πρόσατον
3343 3164 3371 3215 ὁ
3417 3162 3612 3232 ἱερεὺς,
3648 3161 3745 3230 οὐχ
3784 3159 4058 3224 ἁλίζεται,

2484 3250 2607 3303 οὕτε
2636 3254 2713 3314 είς
2742 3251 3118 3321 όλοκάρπωσιν
3137 3252 3213 3323 τῷ
3240 3253 3485 3326 Δεσπότῃ
3514 3251 3866 3323 προσάγεται.
3897 3251 4061 3305 οὕτω

2485 3342 2580 3395 καὶ
2614 3342 2712 3413 τὴν
2744 3344 3017 3413 ἡμετέραν
3038 3344 3215 3415 ψυχὴν
3242 3344 3683 3415 προσερχομένην
3711 3344 3787 3413 τῷ
3815 3344 4059 3412 ἀληθινῷ

2485 3434 2735 3504 ἀρχιερεῖ
2779 3435 3019 3505 Χριστῷ,
3087 3437 3166 3489 δεῖ
3220 3437 3446 3506 τυθῆναι
3497 3436 3588 3490 ὑπ’
3631 3435 3817 3501 αὐτοῦ,
3854 3438 4058 3505 καὶτῷ

2485 3527 2791 3596 φρονήματι
2846 3528 3157 3588 ἀποθανεῖν,
3206 3529 3303 3581 καὶ⁹
3331 3532 3397 3598 τῇ
3433 3529 3664 3599 κακίστη
3693 3527 3828 3597 ζωῇ,
3929 3528 4053 3594 ἔζη,

2487 3617 2735 3669 τουτέστι
2768 3620 2834 3688 τῇ
2869 3619 3116 3689 ἁμαρτίᾳ
3137 3662 3150 3682 ,
3186 3620 3280 3672 καὶ
3312 3619 3498 3689 ὥσπερ
3531 3618 3675 3687 ζωὴν
3704 3618 3944 3686 ἐξελθεῖν
3975 3620 4059 3673 δεῖ

2484 3706 2544 3769 ἐξ
2572 3706 2760 3778 αὐτῆς,
2795 3710 2893 3775 τὴν
2920 3709 3026 3760 τῶν
3069 3708 3260 3761 παθῶν
3298 3710 3582 3779 πονηρίαν.
3616 3709 3828 3779 Ὥσπερ
3854 3708 3964 3776 γὰρ
3993 3710 4057 3761 τὸ

2486 3797 2664 3865 σῶμα,
2700 3796 2840 3849 ὲπάν
2871 3797 3064 3869 ἐξέλθῃ
3094 3800 3127 3867 ἡ
3157 3798 3323 3869 ψυχὴ,
3353 3799 3613 3861 ἀπέθανε,
3642 3798 3736 3851 καὶ
3762 3796 3948 3851 οὐκέτι
3983 3799 4053 3869 ζῇ

2483 3888 2548 3956 τῇ
2582 3886 2693 3956 ζωῇ
2728 3887 2785 3939 ὲν
2905 3888 3021 3958 ιἔζη,
3053 3888 3176 3940 οὔτε
3218 3888 3427 3952 ἀκούει,
3455 3887 3579 3941 οὔτε
3612 3891 3927 3959 περιπατιῖο
3957 3890 4055 3941 οὓ-

2481 3994 2590 4042 τως
2613 3979 2752 4033 ὲπάν
2783 3978 2920 4052 θύσῃ
2971 3982 3064 4034 καὶ
3122 3979 3406 4051 θανατώσῃ
3436 3981 3513 4051 τῷ
3552 3980 3742 4051 κόσμῳ
3763 3980 3865 4050 τὴν
3906 3980 4055 4053 ζωὴν

2482 4074 2510 4123 ὁ
2539 4074 2855 4145 ἐπουράνιος
2902 4077 3190 4145 ἀρχιερεὺς
3238 4077 3468 4149 Χριστὸς
3500 4079 3565 4146 τῇ
3609 4077 3787 4146 χάριτι
3837 4076 3939 4146 τῆς
3965 4078 4055 4129 δυ-

2480 4164 2700 4233 νάμεως
2746 4166 2931 4230 αὑτοῦ,
2985 4167 3319 4236 ἀποθνήσκει
3349 4170 3414 4236 τῇ
3452 4166 3563 4237 ζωῇ
3592 4168 3687 4236 τῆς
3726 4162 4051 4239 πονηρίαςῇ

2483 4255 2603 4325 ἔζη,
2634 4258 2732 4310 καὶ
2759 4258 2943 4311 οὐκέτι
2974 4256 3096 4311 οὗτε
3134 4258 3339 4322 ἀκούει,
3387 4256 3507 4310 οὔτε
3551 4256 3717 4322 λαλεῖ,
3748 4256 3875 4310 οὔτε
3903 4257 4055 4309 πολι-

2485 4346 2701 4426 τεύεται
2727 4347 2784 4398 ὲν
2820 4349 2898 4416 τῷ
2928 4349 3108 4401 σκότει
3133 4353 3229 4419 τῆς
3256 4349 3549 4418 ἁμαρτίας·
3582 4351 3662 4401 ὅτι
3699 4349 3785 4400 διὰ
3816 4348 3915 4417 τῆς
3950 4350 4051 4417 χά-

819 4429 972 4482 velut
1012 4430 1195 4483 anima
1236 4431 1375 4499 ejus,
1412 4433 1567 4486 mala:
1613 4433 1953 4489 affectiones.
1985 4434 2054 4488 Et
2089 4436 2383 4504 Apostolus
2491 4455 2504 4506 ε

2367 4451 2383 4489 3
2491 4454 2633 4506 ριτος
2667 4437 2968 4509 ἐξέρχεται,
2999 4438 3185 4509 ὥσπερ
3210 4440 3355 4510 ψυχὴ
3383 4441 3577 4509 αὐτῆς,
3610 4441 3643 4509 ὴ
3678 4440 3910 4509 πονηρία
3940 4442 4052 4493 τῶν

806 4522 1096 4585 exclamat,
1131 4520 1356 4577 dicens:
1388 4522 1515 4577 Mihi
1528 4526 1759 4579 mundus
1787 4526 2065 4595 cruciﬁxus
2087 4536 2181 4592 est,
2215 4537 2265 4581 et
2289 4544 2381 4598 ego
2409 4568 2460 4627 ο
2484 4548 2491 4558 ·

2368 4546 2381 4580 ι
2409 4568 2460 4627 D
2484 4530 2692 4584 παθῶν.
2729 4532 2835 4584 Καὶ
2861 4533 2890 4585 ό
2926 4532 3239 4594 Ἀπόστολος
3270 4532 3369 4603 βοᾷ
3394 4532 3585 4599 λέγων·
3629 4534 3789 4600 Ἐμοὶ
3824 4533 4053 4602 κόσμος

809 4612 1005 4665 mundo
1034 4613 1097 4665 ”.
1134 4611 1329 4667 Anima
1370 4615 1541 4679 enim,
1573 4631 1695 4685 qum
1732 4616 1787 4671 in
1825 4616 2031 4671 mundo
2050 4626 2106 4671 et
2136 4618 2381 4673 tenebris
2410 4611 2457 4627 ⁷
2483 4642 2494 4674 ι

2367 4635 2381 4673 5
2410 4611 2457 4627 ν
2483 4622 2871 4691 ἐσταύρωται,
2915 4623 3074 4691 κάγὼ
3103 4622 3183 4688 τῷ
3219 4624 3441 4692 κόσμῳ.
3484 4625 3644 4693 Ψυχὴ
3668 4624 3776 4693 γὰρ
3804 4625 3837 4693 ή
3867 4625 4052 4693 ἀκμὴν

810 4708 1159 4771 peccatorum
1204 4703 1387 4759 adhuc
1412 4706 1568 4771 vivit,
1592 4706 1661 4760 ab
1689 4721 1865 4777 eoque
1899 4722 2011 4762 non
2040 4717 2124 4763 est
2149 4710 2383 4763 mortili-
2483 4714 2495 4776 ζ

2365 4739 2383 4749 -
2483 4714 2631 4778 ζῶσα
2687 4716 2746 4766 ἐν
2792 4712 3105 4787 τῴνκόσμῳ,
3165 4714 3366 4785 καὶτῷ
3400 4715 3578 4767 σκότει
3623 4714 3721 4783 τῆς
3755 4715 4050 4787 ἁμαρτίας,

810 4801 953 4857 cata,
1001 4793 1100 4848 sed
1142 4794 1323 4849 adhuc
1369 4797 1605 4851 animam
1646 4799 1890 4864 malitiag,
1923 4800 2027 4855 hoc
2053 4810 2159 4867 est,
2190 4812 2383 4870 poten-
2484 4822 2495 4857 :

2367 4831 2383 4841 -
2484 4805 2579 4858 καὶ
2607 4806 2680 4875 μὴ
2707 4803 3079 4859 θανατωθεῖσα
3125 4808 3219 4859 ἀπ’
3266 4806 3453 4870 αὐτοῦ,
3495 4807 3608 4860 ἀλλ’
3640 4807 3720 4860 ἐτι
3751 4808 3851 4875 τὴν
3870 4808 4052 4876 ψυχὴν

812 4886 1383 4953 tiam,tenebrosarum
1408 4890 1618 4957 peccati
1650 4890 2003 4945 aﬂectionum
2026 4892 2081 4946 in
2112 4908 2170 4947 se
2196 4893 2381 4957 habet,
2481 4912 2497 4945 π

2367 4933 2381 4957 ,
2481 4896 2581 4965 τῆς
2622 4895 2840 4958 κακίας,
2892 4895 3037 4948 τοῦτ’
3089 4896 3203 4948 ἔστι
3234 4898 3334 4966 τὴν
3381 4897 3661 4967 ἐνέργειαν
3692 4896 3785 4949 τοῦ
3827 4898 4051 4960 σκότους

811 4984 868 5031 et
892 4976 962 5031 ab
990 4976 1083 5031 illa
1109 4978 1378 5043 nutritur,
1410 4994 1521 5034 non
1548 4989 1633 5034 est
1653 4979 1722 5035 de
1753 4996 1986 5048 corpore
2024 4981 2253 5047 Christi,
2281 4998 2385 5037 nec
2486 5004 2496 5020 ι

2367 4998 2385 5037 :
2486 4987 2597 5038 τῶν
2628 4986 2814 5041 παθῶν
2848 4988 2946 5057 τῆς
2981 4990 3254 5059 ἁμαρτίας
3301 4992 3359 5041 ὲν
3396 4990 3564 5061 ἑαυτῇ
3595 4989 3811 5058 ἔχουσα,
3840 4989 3936 5041 καὶ
3960 4991 4052 5041 ὑπ’

806 5077 891 5124 est
942 5068 1011 5123 de
1061 5084 1294 5139 corpore
1342 5070 1503 5136 lucis,
1544 5071 1639 5126 sed
1678 5082 1762 5126 est
1796 5087 1996 5142 corpus
2024 5073 2377 5128 tenebrarum
2486 5100 2491 5125 ‹

2368 5092 2377 5128 ι
2486 5075 2657 5146 αὐτῆς
2678 5078 3095 5147 ποιμαινομένη,
3120 5078 3218 5130 οὐκ
3246 5077 3361 5129 ἐστι
3398 5076 3491 5129 τοῦ
3526 5079 3773 5148 σώματος
3798 5076 3893 5130 τοῦ
3918 5078 4053 5148 Χρι-

807 5170 862 5215 et
912 5177 979 5217 ex
1031 5164 1286 5233 portione
1329 5164 1685 5218 tenebrarum
1732 5166 1917 5220 adhuc
1967 5175 2070 5221 est.
2110 5165 2381 5233 Quemad-
2488 5191 2492 5214 ι

2368 5195 2381 5209 -
2488 5167 2638 5233 στοῦ,
2691 5168 2790 5221 οὐκ
2845 5168 2959 5222 ἐστι
3008 5169 3099 5221 τοῦ
3154 5169 3405 5240 σώματος
3445 5170 3539 5223 τοῦ
3568 5172 3763 5237 φωτόςθ
3791 5170 3907 5223 ἀλλ’
3937 5171 4053 5226 ἐστι

807 5252 1035 5306 modum
1061 5269 1091 5307 e
1121 5269 1411 5319 converso,
1443 5257 1534 5324 qui
1578 5255 1784 5312 habent
1806 5257 2045 5310 animam
2073 5256 2233 5322 lucis,
2274 5258 2380 5312 hoc
2487 5282 2492 5307 4

2367 5273 2380 5311 :
2487 5258 2648 5329 σῶμα
2686 5260 2782 5312 τοῦ
2839 5261 3063 5323 σκότους
3098 5262 3189 5315 καὶ
3217 5264 3283 5313 ἑκ
3328 5262 3425 5331 τῆς
3456 5263 3668 5332 μερίδος
3703 5262 3797 5314 τοῦ
3826 5264 4052 5326 σκότους

806 5352 911 5409 est,
964 5343 1225 5399 virtutem
1274 5344 1514 5415 Spiritus
1567 5347 1767 5412 sancti,
1826 5363 1893 5402 ex
1945 5348 2198 5417 portione
2240 5350 2381 5404 lucis
2483 5370 2491 5403 4

2366 5365 2381 5404 Ξ
2483 5352 2671 5422 ἀκμήν
2732 5352 2897 5404 ἐστιν.
2934 5353 3143 5423 Ὠσπερ
3186 5354 3280 5405 καὶ
3342 5354 3501 5407 πάλιν
3532 5393 3547 5418 ,
3588 5355 3638 5405 of
3690 5354 3905 5424 ἔχοντες
3953 5356 4051 5426 τὴν

807 5444 956 5490 sunt.
2480 5442 2659 5514 ψυχὴν
2707 5442 2798 5496 τοῦ
2859 5444 3036 5512 φωτὸς
3068 5484 3082 5505 ,
3135 5445 3278 5498 τοῦτ’
3324 5447 3440 5498 ἐστι
3502 5447 3600 5518 τὴν
3657 5447 3886 5518 δύναμιν
3954 5449 4050 5501 τοῦ

2478 5535 2634 5603 ἁγίου
2681 5535 3019 5606 Πνεύματος,
3055 5540 3118 5590 ἐκ
3172 5539 3267 5606 τῆς
3309 5539 3525 5608 μερίδος
3566 5540 3672 5593 εἰσὶ
3709 5540 3803 5593 τοῦ
3850 5542 4046 5609 φωτός.

875 5609 989 5666 VII.
1044 5610 1153 5668 Sed
1184 5613 1331 5669 dicat
1363 5616 1583 5686 aliquis,
1628 5634 1738 5686 quo
1787 5629 1947 5688 pacto
1973 5621 2209 5675 animam
2235 5621 2373 5679 dicis
2545 5628 2560 5679 ί

2366 5640 2373 5678 ι
2545 5627 2618 5680 Ζ’.
2637 5627 2775 5681 Ἀλλ’
2798 5630 2912 5698 ἐρεῖ
2927 5642 3027 5693 τις
3052 5630 3175 5692 Πῶς
3210 5629 3366 5701 σῶμα
3389 5630 3481 5685 τοῦ
3509 5632 3729 5696 σκότους
3748 5632 3924 5701 λέγεις
3951 5632 4051 5703 τὴν

875 5799 898 5831 ’
921 5794 1063 5854 Psal.
1090 5811 1287 5862 xxxv",
1331 5796 1382 5851 6.
1463 5800 1504 5829 ¹⁰
1541 5799 1668 5853 Lev.
1695 5814 1750 5868 ιι,
1786 5802 1841 5867 2,
1880 5801 1964 5856 15.
2045 5805 2084 5834 ¹¹
2113 5804 2230 5862 Gal.
2273 5821 2347 5875 vr,
2377 5806 2461 5862 l4.
