4266 6356
236 407 347 473 457

1464 402 1830 465 HOMILIIE.
1858 427 1923 437 —
1952 401 2135 463 HOM.
2177 400 2225 460 Ι.

3375 381 3479 449 458

237 522 439 590 ψυχὴν,
476 518 551 592 μὴ
570 513 735 575 οὖσαν
765 520 928 574 αὐτοῦ
958 512 1341 590 κτίσμαςάδε
1370 520 1675 597 προσέχων,
1706 519 1800 573 καὶ
1831 525 1877 581 Α
1903 535 1922 572 ι

1789 526 1800 570 ι
1831 525 1877 581 Α
1903 534 2103 588 corpus
2146 514 2521 578 tenebrarum,
2560 526 2686 567 cum
2733 526 2841 565 non
2874 509 2944 566 sit
2988 509 3062 563 ab
3105 508 3215 563 illis
3245 506 3474 578 genita?

237 611 417 681 ὀρθῶς
444 612 635 679 νόησον
654 625 669 639 θ
700 611 907 681 ’Ὠσπερ
936 609 1138 679 ἔνδυμα
1161 610 1396 677 ἰμάτιον,
1428 608 1456 662 ὃ
1487 611 1693 680 φορεῖς,
1723 608 1811 663 ἀλ-

238 703 330 764 λος
346 700 841 766 κατισκεύασε,καὶ
874 702 938 754 σὺ
971 701 1101 755 αὐτὸ
1121 699 1462 773 ὲν[δέ]δυσαι⁶
1495 700 1696 770 ὁμοίως
1716 700 1809 754 καὶ

238 790 389 846 οἷκον
422 791 608 864 ἕτερος
642 792 959 864 ᾠκοδόμησε
984 795 1079 848 καὶ
1114 793 1317 858 ἔκτισε,
1343 794 1526 847 καὶσὺ
1557 794 1726 856 οἰκεῖς
1753 794 1810 845 ὲν

240 886 410 956 αὐτῷ·
436 888 528 939 τὸν
567 886 729 940 αὐτὸν
757 887 959 956 τρόπον
1011 887 1106 941 καὶ
1141 887 1172 940 ό
1216 886 1385 957 Ἀδὰμ
1428 885 1681 957 παραϐὰς
1712 884 1810 957 τὴν

239 977 465 1046 ἐντολὴν
497 976 590 1030 τοῦ
631 977 786 1039 Θεοῦ,
819 979 912 1030 καὶ
939 977 1176 1040 ἀκούσας
1216 977 1313 1030 τοῦ
1344 975 1581 1048 πονηροῦ
1613 977 1808 1046 ὄφεως,

240 1069 459 1138 ἐπράθη
497 1069 592 1122 καὶ
643 1069 928 1140 ὶπώλησεν
955 1069 1146 1122 ἑαυτὸν
1199 1068 1277 1138 τῷ
1316 1068 1566 1139 διαϐόλῳ·
1600 1069 1695 1121 καὶ
1726 1070 1812 1121 ὲν-

240 1158 470 1213 εδύσατο
498 1160 598 1230 τὴν
638 1159 814 1230 ψυχὴν
862 1163 890 1213 ό
944 1161 1202 1232 πονηρὸς,
1222 1160 1283 1214 τὸ
1328 1161 1490 1213 καλὸν
1534 1160 1758 1230 κτίσμα,
1784 1159 1813 1212 ό

244 1252 645 1304 κατεσκεύασεν
687 1255 717 1305 ό
750 1252 906 1315 Θεὸς,
952 1254 1091 1322 πρὸς
1135 1253 1236 1321 τὴν
1281 1252 1449 1307 αὑτοῦ
1500 1252 1706 1313 εἰκόνα,
1738 1251 1809 1313 ὼς

244 1342 342 1394 καί
382 1343 412 1393 ό
463 1341 786 1405 Ἀπόστολος
816 1343 986 1411 λέγει’
1029 1342 1541 1412 Ἀπεκδυσάμενος
1572 1342 1674 1405 τὰς
1710 1343 1812 1410 dp-

241 1434 360 1500 χὰς
406 1432 507 1485 καὶ
542 1433 847 1499 ἐξουσίας,
897 1435 1327 1503 ἐθριάμϐευσεν
1372 1434 1594 1500 αὐτοὺς
1730 1433 1813 1499 τῷ

242 1523 509 1592 σταυρῷ.
548 1525 650 1577 Διὰ
673 1525 830 1578 τοῦτο
874 1526 983 1597 γὰρ
1032 1528 1127 1580 καὶ
1169 1528 1202 1597 ἡ
1243 1527 1451 1589 ἐλευσις
1480 1528 1573 1580 τοῦ
1609 1528 1811 1598 Κυρίου

242 1615 563 1683 γεγένηται,
607 1616 696 1669 ῐνα
746 1616 952 1688 ἐκϐάλῃ
1015 1619 1233 1680 αὐτοὺς,
1293 1620 1385 1671 καὶ
1432 1619 1680 1690 ἀπολάϐῃ
1725 1621 1813 1672 τὸν

245 1707 382 1759 ἴδιον
427 1704 576 1764 οἰκον
617 1709 713 1760 καὶ
758 1709 903 1768 ναὸν,
935 1709 1025 1762 τὸν
1054 1710 1364 1778 ἄνθρωπον.
1389 1711 1593 1764 Τούτου
1635 1712 1814 1765 τοίνυν

244 1798 437 1852 ἕνεκεν
470 1800 630 1867 σῶμα
661 1800 879 1867 λέγεται
912 1802 945 1869 ή
975 1800 1122 1870 ψυχὴ
1151 1801 1245 1853 τοῦ
1275 1802 1497 1865 σκότους
1519 1803 1619 1873 τῆς
1649 1819 1816 1873 πονηο

244 1890 392 1960 ρίας,
418 1890 525 1953 ἕως
553 1883 615 1943 οῦ
658 1892 807 1944 ἐστιν
833 1892 891 1943 ὲν
919 1893 1054 1961 αὐτῇ
1082 1893 1141 1945 τὸ
1176 1893 1365 1956 σκότος
1393 1895 1489 1964 τῆς
1513 1895 1807 1965 ἁμαρτίας,

241 1981 334 2041 ὅτι,
358 1983 477 2034 ἐκεῖ
504 1980 570 2051 ζῇ
597 1984 680 2045 εἰς
720 1983 809 2035 τὸν
840 1984 1014 2036 αἰῶνα
1042 1984 1135 2037 τὸν
1169 1985 1404 2055 πονηρὸν
1435 1984 1529 2039 τοῦ
1565 1986 1810 2048 σκότους,

242 2072 345 2124 καὶ
377 2075 497 2125 ἐκεῖ
524 2074 884 2144 κεκράτηται,
936 2074 1120 2139 καθὼς
1165 2078 1257 2129 καὶ
1307 2080 1335 2129 ό
1389 2077 1619 2141 Παῦλος,
1655 2079 1813 2147 σῶμα

240 2165 543 2235 ἁμαρτίαςε
572 2165 839 2235 καὶσῶμα
861 2167 1090 2221 θανάτου
1116 2169 1290 2221 καλῶν
1323 2169 1499 2238 λέγει·
1529 2172 1649 2225 Ἵνα
1674 2190 1812 2225 κατ-

239 2256 475 2325 αρτηθῇ
533 2258 597 2311 τὸ
627 2257 797 2327 σῶμα
844 2257 955 2327 τῆς
991 2258 1299 2329 ἁμαρτίας.
1352 2262 1462 2315 Καὶ
1493 2263 1681 2327 πάλιν,
1721 2266 1813 2330 Τίς

236 2368 316 2419 με
340 2352 591 2417 ῥύσεται
619 2353 688 2405 ἐκ
718 2352 822 2406 τοῦ
845 2352 1121 2421 σώματος
1141 2354 1247 2408 τοῦ
1278 2357 1538 2410 θανάτου
1562 2358 1813 2421 τούτου;

256 2442 494 2511 Ὀμοέως
529 2444 692 2495 πάλιν
730 2446 762 2514 ἠ
807 2445 1144 2501 πιστεύσασα
1184 2446 1261 2516 τῷ
1291 2447 1411 2517 Θεῷ
1451 2448 1595 2517 ψυχὴ
1631 2450 1723 2501 κα)⁹
1753 2450 1817 2501 ἐκ

240 2535 346 2602 τῆς
390 2535 664 2603 ἁμαρτίας
700 2536 994 2607 ρυσθεῖσα,
1033 2538 1124 2591 καὶ
1174 2538 1545 2592 θανατωθείσα
1601 2540 1664 2592 ἐκ
1717 2542 1817 2603 τῆς

242 2624 390 2694 ζωῆς
425 2626 522 2679 τοῦ
559 2627 804 2691 σκότους,
843 2629 941 2680 καὶ
968 2629 1028 2680 τὸ
1049 2629 1163 2696 φῶς
1191 2628 1286 2682 τοῦ
1318 2630 1475 2697 ἁγίου
1501 2630 1817 2699 Πνεύματος

243 2717 437 2787 ὥσπερ
470 2717 616 2787 ζωὴν
645 2718 901 2782 λαϐοῦσα,
944 2722 1039 2772 καὶ
1066 2722 1275 2775 ἐκεῖθεν
1298 2722 1530 2791 ζήσασα,
1562 2724 1676 2776 ἐκεῖ
1708 2722 1816 2776 λοι-

244 2806 349 2859 πὺν
380 2806 669 2876 διατρίϐει,
715 2808 797 2861 ὅτι
856 2810 971 2861 ἐκεῖ
1017 2810 1354 2880 κεκράτηται
1413 2812 1489 2881 τῷ
1532 2815 1671 2881 φωτὶ
1721 2814 1819 2882 τῆς

244 2895 523 2964 θεότητος.
586 2893 721 2949 Οὔτε
760 2895 870 2965 γὰρ
902 2896 1117 2962 φύσεως
1166 2898 1263 2964 τῆς
1304 2896 1555 2964 θεότητός
1608 2900 1752 2949 ἐστιν
1785 2898 1818 2965 ή

241 2983 415 3052 ψυχὴ,
440 2982 564 3035 οὕτε
613 2983 829 3045 φύσεως
859 2983 951 3036 τοῦ
1001 2986 1220 3046 σκότους
1249 2986 1349 3054 τῆς
1386 2985 1668 3055 πονηρίας,
1706 2985 1818 3037 ἀλλ’

1908 609 2050 664 lluie
2074 607 2346 663 adhibens
2368 614 2608 661 mentem
2638 604 2779 659 bene
2809 600 3102 665 attendito,
3122 598 3478 668 quemadmo-

1910 700 2041 755 dum
2086 708 2295 755 vestem
2340 706 2436 753 aut
2486 697 2889 759 indumentum,
2922 691 3067 762 quod
3099 701 3296 762 gestas,
3335 691 3478 745 alius

1910 789 2170 853 confecit,
2197 797 2254 842 et
2282 795 2342 842 tu
2410 802 2477 843 eo
2529 784 2815 849 indueris;
2872 782 3127 837 similiter
3172 790 3227 835 et
3251 780 3476 835 domum

1909 880 2051 934 alius
2094 877 2386 933 mdillcavit
2414 884 2471 931 et
2496 874 2785 936 exstruxit,
2822 881 2879 927 et
2907 879 2967 925 tu
2996 868 3358 924 nihilominus
3388 868 3476 922 in-

1911 971 2127 1025 habitas
2183 970 2370 1023 illam:
2408 968 2601 1024 eodem
2656 963 2824 1019 modo
2871 962 3042 1018 Adam
3098 971 3478 1031 transgressus

1910 1063 2225 1117 mandatum
2250 1061 2369 1126 Dei,
2394 1072 2449 1115 et
2474 1061 2866 1127 obtemperans
2907 1053 3181 1109 malitioso
3209 1052 3483 1123 serpenti,

1912 1154 2162 1210 vendidit
2210 1154 2451 1223 seipsum
2491 1152 2733 1217 diabolo,
2758 1148 3048 1217 induitque
3088 1154 3204 1201 tum
3237 1146 3476 1199 animam

1913 1248 2005 1302 ille
2030 1246 2339 1301 malitiosus
2365 1262 2377 1297 :
2414 1242 2878 1313 elegantissimam
2906 1240 3117 1295 scilicet
3144 1246 3475 1299 creaturam,

1911 1353 2075 1408 quam
2121 1337 2444 1391 condiderat
2491 1336 2636 1389 Deus
2692 1334 2759 1388 ad
2806 1333 2890 1387 sui
2947 1330 3263 1399 imaginem,
3308 1336 3369 1382 ut
3424 1334 3479 1380 et

1912 1430 2206 1499 Apostolus
2253 1429 2417 1483 dicit:
2472 1426 2787 1496 Exspatians
2828 1426 3153 1495 principatus
3173 1431 3222 1474 et
3257 1428 3478 1487 potesta-

1914 1533 2039 1586 tem,
2077 1521 2417 1590 triumphavit
2437 1520 2499 1572 de
2528 1519 2636 1572 illis
2662 1520 2716 1570 in
2737 1534 2890 1570 cruce
2918 1518 2981 1568 η.
3009 1516 3304 1585 PrOpterea
3327 1512 3473 1567 enim

1914 1624 1968 1666 et
1997 1614 2266 1666 adventus
2315 1610 2528 1665 Domini
2559 1609 2787 1678 contigit
2828 1618 2888 1662 ut
2942 1608 3173 1677 ejiceret
3204 1606 3375 1674 ipsos,
3420 1610 3478 1657 et

1916 1703 2187 1771 reciperet
2219 1703 2495 1771 propriam
2530 1700 2752 1754 domum
2784 1708 2839 1753 et
2882 1698 3165 1767 templum,
3196 1697 3474 1749 hominem

1916 1798 2147 1851 scilicet.
2197 1795 2469 1861 Quocirca
2515 1792 2718 1846 dicitur
2767 1791 2946 1843 anima
2985 1803 3185 1856 corpus
3220 1787 3479 1856 tenebra-

1872 1856 1887 1903 ⁸
1916 1904 2035 1942 rum
2067 1856 2310 1950 malitiae,
2333 1884 2578 1955 quandiu
2603 1881 2767 1936 inilla
2802 1889 2931 1935 sunt
2961 1880 3201 1935 tenebrae
3228 1876 3440 1948 peccati
3464 1917 3477 1930 .

1910 1979 2037 2047 quia
2065 1979 2179 2031 illic
2206 1975 2342 2031 vivit
2380 1977 2437 2029 in
2460 1973 2663 2029 saeculo
2694 1957 3048 2026 tenebrarum
3094 1984 3380 2039 perverso,
3423 1976 3478 2021 et

1912 2071 2026 2124 illic
2055 2081 2213 2138 capta
2242 2076 2497 2123 tenetur:
2532 2062 2997 2134 quemadmodum
3033 2071 3089 2116 et
3120 2062 3325 2116 Paulus
3352 2076 3479 2114 cor-

1911 2177 2017 2232 pus
2054 2160 2268 2229 peccati
2310 2168 2368 2214 et
2414 2172 2616 2227 corpus
2644 2156 2839 2210 mortis
2871 2154 3128 2224 appellat,
3158 2153 3381 2207 dicens:
3420 2152 3482 2209 Ut

1913 2257 2217 2308 destruatur
2254 2268 2441 2321 corpus
2476 2250 2672 2320 peccati
2702 2249 2767 2301 ¹³.
2825 2248 2893 2301 Ει
2951 2262 3178 2300 rursus:
3233 2244 3359 2310 Quis
3400 2262 3481 2299 me

1915 2345 2152 2399 liberabit
2204 2360 2267 2397 ea:
2306 2358 2520 2413 corpore
2547 2341 2728 2395 mortis
2761 2340 2917 2409 hujus
2951 2338 3034 2391 “'?
3070 2337 3338 2391 Similiter
3365 2346 3421 2390 et
3450 2352 3481 2391 c

1914 2452 2180 2493 converso
2200 2438 2379 2490 anima
2414 2436 2528 2489 Deo
2553 2433 2808 2497 credens,
2842 2440 2898 2487 et
2919 2448 2950 2485 a
2980 2430 3189 2500 peccati
3224 2430 3483 2484 sordibus

1914 2527 2114 2591 soluta,
2147 2543 2212 2580 ac
2230 2542 2325 2596 per
2353 2536 2585 2579 mortem
2623 2523 2836 2578 sublata
2862 2538 2930 2578 ex
2961 2524 3069 2577 vita
3104 2522 3479 2588 tenebrarum,

1914 2629 2202 2688 postquam
2254 2619 2437 2670 lumen
2478 2616 2717 2686 Spiritus
2778 2615 2953 2670 sancti
3003 2624 3263 2683 tanquam
3312 2615 3482 2669 vitam

1916 2711 2212 2780 acceperit,
2246 2710 2357 2764 illic
2401 2710 2594 2764 vivens
2651 2708 2927 2778 reliquum
2970 2707 3093 2761 vitae
3147 2706 3296 2771 terit,
3351 2706 3481 2775 quia

1918 2804 2032 2857 illic
2078 2812 2235 2871 capta
2282 2810 2505 2856 tenetur
2552 2818 2583 2855 a
2635 2802 2845 2855 lumine
2875 2800 3081 2855 divino.
3110 2799 3299 2867 Neque
3335 2798 3482 2852 enim

1919 2904 2127 2949 natura:
2152 2894 2354 2949 divinae
2398 2903 2483 2948 est
2534 2894 2738 2958 anima,
2772 2910 2952 2964 neque
2983 2903 3194 2949 naturae
3225 2896 3483 2951 tenebra-

1921 3006 2041 3043 rum
2081 2988 2325 3050 malitiaa,
2372 2987 2465 3042 sed
2505 2996 2591 3041 est
2624 2986 2757 3056 quid
2787 2996 3053 3047 creatum,
3090 2986 3482 3049 intellectuale,

243 3076 362 3127 ἐστι
403 3074 608 3143 κτίσμα
659 3091 714 3125 τι
761 3076 966 3143 νοερὸν,
1017 3076 1110 3128 καὶ
1147 3076 1365 3144 ὡραῖον,
1400 3077 1493 3129 καὶ
1527 3077 1691 3144 μέγα,
1728 3077 1821 3129 καὶ
1920 3098 1928 3149 ι

1800 3077 1821 3129 ἰ.
1920 3081 2233 3150 pulchrum,
2262 3079 2497 3148 insigne,
2528 3088 2585 3132 et
2627 3076 3035 3139 admirandum,
3076 3087 3239 3145 atque
3264 3077 3485 3145 elegans

244 3166 581 3234 θαυμαστὸν,
641 3165 738 3219 καὶ
790 3167 952 3219 καλὸν
1001 3167 1252 3237 όμοίωμα
1294 3173 1389 3220 καὶ
1440 3167 1604 3221 εἰκὼν
1645 3168 1779 3221 Θεοῦ
1803 3186 1816 3200 ·
1844 3189 1885 3246 c
1921 3186 1929 3223 ε

1803 3186 1816 3200 ·
1844 3189 1885 3246 c
1921 3169 2225 3225 similitudo
2256 3179 2315 3224 et
2362 3172 2540 3238 imago
2587 3166 2707 3232 Dei,
2744 3166 2796 3219 in
2830 3181 2991 3235 quam
3022 3176 3249 3234 propter
3306 3174 3484 3219 trans-

244 3258 341 3309 καὶ
366 3257 454 3309 διὰ
491 3257 591 3325 τὴν
632 3257 947 3327 παράϐασιν
978 3258 1224 3328 εἰσῆλθεν
1266 3262 1346 3321 εἰς
1385 3260 1555 3327 αὐτὴν
1586 3262 1618 3326 ἠ
1650 3277 1818 3329 πονηο

248 3351 339 3417 ρία
374 3351 483 3401 τῶν
513 3348 705 3401 παθῶν
734 3347 829 3401 τοῦ
861 3348 1110 3413 σκότους.

320 3442 404 3495 H’.
442 3442 513 3493 Τὸ
546 3441 752 3502 λοιπὴν,
787 3434 830 3508 ᾧ
884 3442 1275 3511 συγκέκραται,
1312 3444 1403 3495 καὶ
1446 3447 1745 3513 συνήνωται
1788 3448 1818 3514 ἡ

242 3533 392 3601 ψυχὴ
433 3534 491 3583 ὲν
522 3535 633 3593 τοῖς
661 3532 981 3602 θελήμασιν.
1022 3535 1177 3586 Ἤτοι
1207 3531 1299 3587 οῦν
1329 3535 1388 3587 τὸ
1418 3536 1531 3601 φῶς
1562 3535 1654 3589 τοῦ
1684 3536 1818 3588 Θεοῦ

244 3625 305 3676 ὲν
351 3624 488 3693 αὐτῇ
516 3624 733 3693 ἔχουσα,
767 3626 859 3677 καὶ
889 3628 946 3678 ἐν
984 3626 1132 3694 αύτῷ
1168 3626 1320 3690 ζῶσα
1364 3629 1424 3680 ὲν
1471 3629 1671 3691 πάσαις
1698 3634 1819 3693 ταῖς

243 3716 492 3785 ἀρεταῖς,
522 3716 616 3768 τοῦ
644 3717 819 3785 φωτὸς
858 3717 957 3783 τῆς
1003 3719 1361 3778 ἀναπαύσεώς
1390 3722 1557 3773 ἐστιν’
1599 3722 1716 3792 ἦτοι
1758 3726 1819 3776 τὸ

244 3808 439 3868 σκότος
462 3806 562 3875 τῆς
586 3808 860 3876 ἁμαρτίας
889 3808 1107 3876 ἔχουσα,
1151 3812 1248 3878 τῆς
1286 3813 1664 3881 κατακρίσεως
1688 3831 1818 3881 τυγ-

244 3896 419 3965 χάνει.
445 3896 642 3965 Ψυχὴν
675 3898 782 3966 γάρ
805 3896 903 3966 τὴν
942 3896 1201 3952 θέλουσαν
1234 3899 1397 3967 ζῆσαι
1436 3903 1586 3971 παρά
1614 3902 1731 3971 Θεῷ
1759 3905 1818 3955 ὲν

242 3987 554 4041 ἀναπαύσει
612 3991 707 4041 καὶ
752 3990 893 4056 φωτὶ
941 3990 1165 4059 αἰωνίῳ,
1217 3992 1533 4061 προσελθεῖν
1593 3993 1692 4056 δεῖ,
1742 3995 1816 4057 ὡς

244 4077 592 4148 προείρηται,
638 4077 715 4146 τῷ
757 4078 1000 4147 ἀληθινῷ
1043 4080 1292 4149 ἀρχιερεῖ
1320 4080 1563 4149 Χριστῷ,
1598 4082 1694 4134 καὶ
1719 4099 1811 4133 τυ-

243 4168 403 4236 θῆναι
431 4170 526 4221 καὶ
547 4169 839 4220 ἀποθανεῖν
870 4168 949 4239 τῷ
977 4169 1184 4239 κόσμῳ,
1209 4172 1303 4223 καὶ
1332 4174 1398 4241 τῇ
1431 4173 1672 4241 προτέρᾳ
1702 4171 1814 4240 ζωῇ

240 4256 336 4309 τοῦ
361 4256 587 4318 σκότους
617 4255 717 4324 τῆς
748 4256 1031 4327 πονηρίας,
1059 4258 1151 4309 καὶ
1183 4256 1544 4326 μετατεθῆναι
1567 4258 1622 4309 ὲν
1653 4257 1816 4326 ἑτέρᾳ

241 4347 354 4414 ζωῇ
394 4348 486 4398 καὶ
514 4347 791 4416 ἀνατροφῇ
824 4346 964 4415 θείᾳ.
1006 4347 1217 4417 Ὠσπερ
1247 4348 1342 4401 ὲάν
1372 4366 1453 4411 τις
1488 4347 1732 4419 ἀποθάνῃ
1759 4351 1814 4399 ὲν

240 4439 414 4500 πόλει,
458 4436 580 4489 οὔτε
627 4440 812 4508 φωνῆς
866 4438 973 4490 τῶν
1021 4440 1138 4490 ἐκεῖ
1193 4436 1412 4503 ἀκούει,
1448 4437 1569 4491 οὔτε
1602 4438 1812 4501 λαλιᾶς,

1921 3261 2256 3330 gressionem
2298 3260 2499 3315 invasit
2552 3259 2755 3313 malitia
2791 3257 3168 3320 all‘ectionum,
3204 3272 3324 3326 qua:
3355 3264 3486 3311 sunt

1923 3352 2296 3405 tenebrarum.

1992 3441 2126 3496 V'lll.
2182 3444 2497 3511 Reliquum,
2554 3458 2681 3496 cum
2708 3456 2819 3510 quo
2845 3441 3234 3496 commisectur
3280 3440 3483 3505 anima,

1919 3537 2185 3603 cujusque
2227 3544 2455 3589 tenetur
2487 3533 2757 3593 dominio.
2789 3547 2914 3585 cum
2946 3547 3014 3586 eo
3044 3548 3262 3601 quoque
3291 3534 3485 3585 volun-

1919 3625 2123 3679 tatibus
2178 3625 2468 3695 conjuncta
2522 3634 2626 3678 est.
2658 3622 2783 3677 Sive
2812 3624 2979 3693 igitur
3006 3624 3185 3677 lucem
3211 3624 3305 3677 Dei
3332 3625 3386 3677 in
3426 3640 3485 3678 se

1918 3716 2137 3776 habeat,
2185 3725 2240 3770 et
2288 3716 2341 3768 in
2402 3716 2493 3768 illa
2533 3715 2679 3768 vivat
2709 3730 2930 3768 omnem
2987 3715 3255 3769 virtutum
3294 3715 3483 3769 orbem

1915 3808 2221 3877 complexa,
2274 3807 2399 3861 luce
2425 3806 2846 3875 acquiescentia:
2872 3805 3116 3859 abundat
3145 3822 3159 3857 :
3190 3805 3306 3860 sive
3332 3814 3487 3860 tene-

1916 3896 2031 3951 bris
2060 3894 2265 3964 peccati
2295 3895 2556 3949 obvoluta
2585 3895 2677 3958 sit,
2713 3893 3190 3948 condemnationis
3212 3893 3487 3963 particeps

1915 3994 2018 4040 est.
2046 3985 2299 4039 Animam
2326 3985 2515 4055 igitur,
2542 4000 2665 4054 qua:
2697 3985 2817 4039 vult
2844 3984 3030 4039 vivere
3062 3984 3206 4054 apud
3232 3984 3405 4039 Deum
3428 3985 3485 4038 in

1916 4076 2107 4147 requie
2130 4083 2186 4130 et
2214 4076 2335 4130 luce
2368 4084 2592 4138 aeterna,
2622 4075 2886 4130 accedere
2905 4082 3144 4143 oportet,
3180 4083 3241 4128 ut
3274 4074 3482 4128 dictum

1914 4178 2021 4231 est,
2057 4167 2124 4221 ad
2173 4182 2364 4221 verum
2414 4166 2735 4222 Pontiﬁcem
2794 4166 3098 4232 Christum,
3148 4166 3397 4228 mactari,
3428 4173 3485 4221 et

1918 4258 2055 4311 mori
2086 4256 2291 4311 mundo
2318 4272 2381 4311 ac
2410 4257 2581 4327 priori
2612 4258 2741 4311 vita:
2772 4257 3128 4311 tenebrarum
3158 4265 3214 4310 et
3243 4256 3482 4311 malitia-

1916 4363 2059 4411 rum,
2094 4357 2257 4415 atque
2298 4348 2580 4414 transponi
2638 4347 2694 4400 in
2726 4348 2953 4400 alteram
2995 4348 3163 4400 vitam
3191 4356 3245 4400 et
3276 4347 3482 4401 educa-

1919 4439 2123 4493 tionem
2148 4438 2411 4492 divinam.
2444 4437 2940 4503 Quemadmodum,
2986 4438 3031 4493 si
3066 4438 3191 4506 quis
3242 4438 3481 4491 moritur

236 4530 359 4583 οὗτε
390 4530 560 4599 ἢχων,
594 4530 729 4581 ἀλλά
762 4528 1013 4593 καθάπαξ
1044 4528 1298 4591 ἀπέθανε,
1332 4529 1427 4582 καὶ
1466 4530 1812 4599 μετατίθεται
1838 4527 1889 4586 D
1915 4530 1921 4582 ἱ

1796 4548 1812 4581 ι
1838 4527 1970 4586 Din
2004 4530 2246 4593 civitate,
2300 4544 2480 4599 neque
2514 4543 2698 4599 voces
2729 4527 2967 4585 illorum.
3019 4528 3113 4596 qui
3141 4526 3219 4580 ibi
3252 4526 3479 4595 degunt,

236 4624 295 4675 ὲν
314 4622 489 4693 ἑτέρῳ
512 4622 682 4691 τόπῳ,
721 4619 847 4672 ἔνθα
866 4621 967 4672 οὐκ
998 4620 1106 4671 εἰσὶ
1134 4622 1307 4687 φωναὶ
1333 4622 1428 4672 καὶ
1454 4622 1691 4691 κραυγαὶ
1710 4621 1813 4690 τῆς

234 4715 448 4775 πόλεως
480 4712 730 4781 ἐκείνης’
763 4711 908 4764 οὕτω
942 4713 1037 4764 καὶ
1080 4712 1113 4781 ἡ
1160 4711 1323 4781 ψυχὴ,
1379 4712 1516 4765 ἐπὰν
1551 4712 1683 4783 τυθῇ
1718 4716 1813 4765 καὶ

234 4803 505 4875 ἀποθάνῃ,
553 4804 613 4855 ὲν
721 4803 987 4871 διατρίϐει
1047 4804 1140 4854 καὶ
1183 4801 1248 4871 ζῇ
1286 4802 1439 4855 πόλει
1484 4803 1583 4872 τῆς
1614 4804 1812 4865 κακίας

232 4893 345 4945 τῶν
384 4891 595 4954 παθῶν,
629 4893 811 4944 οὐκέτι
851 4891 1037 4943 ἀκούει
1074 4894 1132 4943 ὲν
1167 4892 1332 4959 ἑαυτῇ
1356 4892 1455 4959 τῆς
1480 4890 1664 4960 φωνῆς
1702 4892 1810 4945 τῶν

232 4983 599 5054 διαλογισμῶν
623 4984 715 5037 τοῦ
742 4983 983 5045 σκότους·
1008 4985 1109 5035 οὐκ
1138 4984 1218 5035 ἔτι
1244 4984 1501 5036 ἀκούεται
1522 4982 1679 5036 λαλιὰ
1712 4984 1805 5035 καὶ

232 5076 452 5145 κραυγὴ
488 5075 719 5143 ματαίου
750 5073 1120 5143 διαλογισμοῦ,
1162 5074 1254 5126 καὶ
1288 5075 1530 5144 ταραχῆς
1561 5074 1803 5143 πνευμά-

230 5183 342 5218 των
380 5165 625 5227 σκότουςο
667 5165 802 5217 ἀλλὰ
837 5165 1186 5233 μετατίθεται
1232 5168 1312 5227 εἰς
1345 5166 1497 5219 πόλιν
1526 5167 1799 5236 ἀγαθὸτη-

228 5273 322 5317 τος
364 5256 457 5306 καὶ
500 5255 722 5324 εἰρήνης
757 5256 981 5325 μεστὴν,
1011 5258 1089 5318 είς
1126 5256 1280 5307 πόλιν
1309 5256 1483 5324 φωτὸς
1529 5257 1797 5327 θεότητος,

231 5349 396 5399 κάκεῖ
434 5348 501 5417 ζῇ
544 5346 636 5398 καὶ
668 5346 877 5407 ἀκούει,
911 5349 1073 5399 κάκεῖ
1116 5348 1452 5401 πολιτεύεται
1500 5351 1591 5402 καὶ
1631 5348 1798 5415 λαλεῖ,

231 5439 326 5491 καὶ
343 5436 734 5505 διαλογίζεται,
771 5439 933 5490 κάκεῖ
962 5438 1255 5509 ἐργάζεται
1289 5439 1425 5511 ἔργα
1452 5441 1801 5511 πνευματικά

232 5530 327 5583 καὶ
371 5528 507 5581 Θεοῦ
539 5528 683 5592 ἄξια,

297 5819 337 5848 ’ί
362 5818 569 5873 Coloss.
602 5836 658 5884 ιι,
686 5820 769 5873 15.
845 5820 885 5850 ¹³
908 5820 1064 5874 Rom.
1090 5836 1161 5885 v1,
1189 5820 1239 5873 6.
1316 5823 1357 5853 ιδ
1391 5822 1546 5877 Rom.
1588 5843 1676 5877 vn.
1708 5829 1792 5881 εἰ.

1912 4638 2089 4690 neque
2113 4636 2443 4685 sermonem,
2478 4634 2657 4688 neque
2683 4634 2881 4673 sonum
2907 4620 3078 4671 ullum
3103 4618 3346 4682 exaudit,
3384 4618 3479 4672 sed

1910 4724 2140 4777 prorsus
2176 4717 2425 4761 mortuus
2478 4718 2582 4770 est,
2619 4714 2674 4761 et
2719 4708 3099 4777 transponitur
3124 4708 3179 4762 in
3202 4708 3368 4762 alium
3401 4709 3481 4761 lo-

1909 4815 2055 4863 cum,
2099 4799 2193 4852 ubi
2248 4800 2410 4853 nulla:
2460 4811 2587 4853 sunt
2634 4814 2817 4862 voces,
2859 4800 2994 4852 nulli
3026 4800 3299 4853 clamores
3328 4799 3480 4853 illius

1908 4892 2145 4945 civitatis
2171 4907 2185 4943 :
2236 4892 2315 4945 sic
2345 4900 2399 4943 et
2424 4891 2626 4954 anima,
2654 4900 2943 4959 postquam
2977 4898 3210 4945 mactata
3242 4900 3299 4943 et
3328 4906 3477 4943 mor-

1911 4994 2003 5036 tua
2060 4983 2226 5037 fuerit
2271 4984 2476 5037 civitati
2540 4985 2807 5037 malarum
2854 4983 3229 5045 aﬂectionum,
3278 4982 3335 5036 in
3370 4997 3477 5051 qua

1911 5076 2143 5145 degebat
2176 5090 2240 5129 ac
2279 5074 2495 5129 vivebat
2544 5076 2717 5145 prius,
2746 5090 2853 5128 non
2894 5075 3131 5142 amplius
3162 5075 3387 5130 exaudit
3419 5076 3474 5127 in

1909 5182 1967 5220 se
2002 5167 2117 5236 ipsa
2149 5182 2334 5220 vocem
2370 5166 2760 5235 cogitationum
2793 5165 3165 5219 tenebrarum.
3200 5164 3319 5217 Non
3354 5179 3475 5217 am-

1909 5261 2055 5329 plius
2084 5260 2308 5314 auditur
2340 5274 2521 5313 sermo
2553 5268 2608 5313 et
2634 5260 2842 5312 clamor
2861 5257 3181 5311 frivolarum
3222 5255 3473 5326 disputa-

1908 5354 2141 5416 tionum,
2174 5353 2223 5421 7
2252 5360 2309 5405 et
2337 5352 2509 5406 turbae
2554 5351 2846 5419 spirituum
2908 5350 3261 5404 tenebrarum
3299 5366 3313 5401 :
3375 5350 3472 5402 sed

1912 5445 2242 5499 transfertur
2271 5444 2327 5497 in
2358 5444 2634 5498 civitatem
2680 5443 2945 5497 bonitatis
2976 5448 3031 5495 et
3052 5441 3204 5510 pacis
3230 5440 3471 5508 plenam,

1910 5537 1964 5589 in
1993 5536 2271 5591 civitatem
2303 5534 2503 5589 divinae
2531 5534 2670 5588 lucis
2700 5551 2713 5598 ;
2764 5534 2875 5587 illic
2906 5533 3041 5585 vivit
3068 5541 3124 5585 et
3150 5530 3323 5594 audit,
3358 5530 3471 5584 illic

1909 5636 2284 5689 conversatur,
2314 5628 2559 5695 loquitur
2583 5626 3036 5688 etratiocinatur,
3068 5623 3177 5676 illic
3208 5629 3471 5689 operatur

1911 5735 2074 5787 opera
2111 5720 2412 5786 spiritualia
2436 5727 2489 5773 ct
2516 5720 2625 5772 Deo
2666 5719 2842 5785 digna.
