4266 6356
768 394 875 463 459

1996 399 2058 459 S.
2098 396 2249 460 MAG
2260 395 2419 457 ΑΒΗ
2458 395 2779 459 ΕϐΥΡΤΙῙ

3906 391 4018 459 έϐθ

838 508 932 565 1x.
969 507 1202 566 Oremus
1230 509 1399 581 igitur
1425 521 1481 565 et
1505 525 1627 574 nos,
1655 519 1717 564 ut
1749 525 1849 580 per
1896 516 2153 565 virtutem
2207 511 2328 581 ejus
2361 510 2404 565 Α
2498 508 2523 561 ε

2361 510 2404 565 Α
2498 508 2574 561 8'.
2613 506 3092 579 Παρακαλὲσωμεν
3154 510 3335 562 τοίνυν
3389 508 3486 562 καὶ
3535 508 3720 579 ἡμεῖς,
3778 505 4015 577 τυθῆναι

768 609 1089 665 mactemur,
1126 610 1185 656 et
1216 601 1522 656 moriamur
1553 602 1758 657 saeculo
1807 602 2029 657 malitiae
2079 604 2341 660 tenebra-

769 707 915 753 rum,
974 692 1139 761 inque
1192 692 1353 747 nobis
1381 692 1764 762 exstinguatur
1818 690 2049 762 spiritus
2106 696 2339 763 peccati,

768 783 1175 855 induamurque
1220 793 1277 839 et
1332 784 1668 854 accipiamus
1690 784 1929 839 animam
1961 784 2204 854 Spiritus
2230 802 2343 842 cm-

766 874 941 941 lestis,
969 891 1034 931 ac
1068 875 1467 931 transferamur
1501 891 1570 931 ex
1622 873 1831 929 malitia
1880 875 2231 931 tenebrarum
2283 876 2337 931 in

766 965 951 1021 lumen
990 965 1218 1031 Christi,
1251 966 1318 1021 ad
1347 965 1807 1036 requiescendum
1843 967 1899 1020 in
1926 967 2041 1022 vita
2078 982 2178 1036 per
2222 983 2340 1021 om-

762 1057 855 1112 nia
885 1059 1105 1113 saacuia.
1137 1057 1316 1113 Veluti
1346 1060 1493 1114 enim
1523 1060 1581 1112 in
1606 1073 1773 1114 cursu
1806 1059 2110 1114 stadiorum
2141 1074 2339 1115 currus

762 1156 1113 1203 antevertens
1147 1150 1396 1220 impedit,
1434 1150 1685 1219 reprimit
1740 1161 1906 1221 atque
1949 1150 2208 1221 prohibet
2260 1151 2338 1205 al-

762 1247 964 1303 terum,
994 1256 1063 1296 ne
1096 1243 1482 1311 progrediatur
1510 1251 1567 1297 et
1610 1244 1848 1314 palmam
1900 1244 2181 1313 prmripiat
2213 1260 2227 1296 :
2256 1243 2337 1298 sic

761 1338 819 1383 et
848 1332 1214 1401 cogitationes
1247 1333 1443 1388 animae
1498 1344 1555 1389 et
1616 1336 1831 1404 peccati
1860 1344 2091 1388 currunt
2125 1338 2179 1388 ln
2234 1334 2334 1389 ho-

763 1421 933 1477 mine.
967 1424 1024 1479 Si
1055 1440 1191 1495 ergo
1219 1426 1500 1497 contingat
1547 1428 1936 1497 cogitationem
1960 1427 2170 1496 peccati
2196 1441 2336 1496 pre-

762 1513 979 1578 cedere,
1012 1516 1064 1569 id
1093 1517 1344 1587 impedit,
1386 1521 1589 1574 avertit
1654 1528 1712 1574 et
1761 1519 2023 1590 prohibet
2072 1519 2332 1581 animam,

761 1620 831 1658 ne
856 1607 1260 1679 appropinquet
1286 1609 1418 1673 Deo,
1446 1618 1502 1663 et
1543 1612 1832 1665 victoriam
1885 1610 2151 1664 adversus
2207 1626 2335 1680 pec-

762 1705 943 1750 catum
978 1709 1252 1767 reportet;
1288 1699 1381 1755 ubi
1420 1716 1552 1755 vero
1582 1703 1849 1757 Dominus
1887 1702 2005 1773 ipse
2048 1702 2335 1757 inscendat

759 1795 821 1840 et
846 1788 1118 1855 gubernet
1149 1791 1415 1855 animam,
1458 1808 1677 1862 semper
1708 1794 1802 1847 illa
1855 1793 2143 1847 victoriam
2197 1811 2333 1849 con-

761 1878 1034 1946 sequitur,
1068 1896 1270 1950 regens
1297 1892 1352 1937 et
1377 1882 1586 1938 ducens
1612 1884 1859 1939 scienter
1884 1900 2111 1939 currum
2136 1886 2334 1941 animae

762 1985 858 2037 per
888 1971 1071 2024 omnia
1097 1972 1166 2025 ad
1196 1974 1448 2029 caelestes
1474 1990 1538 2029 ac
1571 1975 1787 2029 divinas
1814 1978 2332 2045 contemplationes.

759 2059 877 2115 Non
922 2062 1069 2116 enim
1106 2062 1310 2118 bellum
1350 2067 1491 2135 gerit
1526 2076 1721 2121 contra
1754 2067 2043 2134 malitiam,
2080 2068 2177 2123 sed
2206 2084 2332 2123 cum

758 2165 860 2220 pro
902 2152 1137 2207 arbitrio
1192 2162 1249 2208 et
1311 2157 1644 2209 auctoritate
1704 2172 1804 2210 sua
1861 2157 2081 2226 quidvis
2135 2158 2331 2228 agendi

759 2252 1087 2312 potestatem
1126 2245 1345 2312 habeat,
1390 2249 1679 2303 victoriam
1724 2249 1841 2318 ipse
1873 2258 2048 2318 parat.
2081 2249 2333 2320 Aguntur

760 2332 930 2403 igitur
969 2333 1270 2389 Cherubim
1344 2353 1452 2391 non
1507 2353 1617 2406 quo
1670 2339 1929 2409 progredi
1984 2340 2203 2405 volunt;
2234 2340 2331 2395 sed

759 2438 869 2493 qua
896 2439 1080 2479 sessor
1106 2435 1164 2480 et
1190 2427 1438 2497 dirigens
1472 2428 1647 2490 ducit,
1689 2444 1909 2499 quoque
1963 2430 2197 2485 libuerit
2227 2430 2328 2494 illi,

759 2531 828 2570 eo
859 2518 1312 2589 progrediuntur,
1367 2530 1424 2575 et
1473 2521 1598 2576 illos
1654 2522 1883 2592 baiulat.
1940 2522 2133 2577 Manus
2168 2526 2329 2590 enim,

762 2608 965 2678 inquit,
1002 2620 1119 2665 erat
1141 2612 1235 2665 sub
1256 2611 1364 2666 illis
1391 2614 1457 2667 ¹⁸.
1485 2614 1775 2669 Ducuntur
1798 2616 1995 2670 anima:
2020 2626 2245 2680 sanctae,
2277 2628 2333 2673 et

759 2712 1030 2769 reguntur
1084 2716 1116 2755 a
1174 2700 1383 2771 Spiritu
1436 2702 1667 2769 Christi,
1698 2705 1792 2774 qui
1825 2706 2014 2777 dirigit
2048 2706 2189 2772 illas,
2223 2723 2334 2777 quo

760 2792 901 2857 vult,
938 2800 995 2846 et
1027 2792 1307 2848 interdum
1341 2810 1443 2864 pro
1472 2798 1757 2851 voluntate
1789 2813 1887 2852 sua
1933 2814 2029 2867 per
2077 2800 2333 2855 cmlestes

759 2881 1143 2951 cogitationes,
1203 2884 1485 2940 interdum
1519 2902 1618 2956 per
1650 2902 1855 2957 corpus
1889 2904 1902 2941 :
1930 2888 2024 2942 ubi
2082 2889 2331 2956 libuerit,

761 2975 876 3030 illic
935 2976 987 3031 ei
1053 2977 1389 3035 ministrant.
1426 2978 1731 3046 Quemadm
1760 2982 1902 3035 dum
1958 2982 2105 3036 enim
2162 2984 2333 3052 pedes

759 3070 1047 3125 volucrum
1092 3079 1220 3125 sunt
1270 3073 1372 3126 alte
1408 3089 1420 3125 :
1457 3074 1539 3129 sic
1587 3074 1809 3129 caeleste
1861 3076 2048 3130 lumen
2096 3075 2334 3146 Spiritus

2442 599 2531 652 διὰ
2581 599 2681 669 τῆς
2728 599 3013 670 δυνάμεως
3050 599 3241 663 αὑτοῦ,
3275 601 3371 653 καὶ
3407 598 3701 652 ἀποθανεῖν
3733 596 3815 666 τῷ
3850 596 4016 651 αίῶνι

2442 690 2540 757 τῆς
2573 691 2836 760 πονηρίας
2864 691 2959 745 τοῦ
2999 692 3247 754 σκότους,
3273 690 3370 743 καὶ
3402 689 3753 761 ἀναιρεθῆναι
3787 689 3847 740 ἐν
3881 688 4020 757 ἡμῖν

2441 780 2501 834 τὸ
2531 780 2748 851 πνεῦμα
2776 782 2878 851 τῆς
2906 783 3204 853 ἁμαρτίας,
3232 780 3329 834 καὶ
3356 780 3682 835 ἐνδύσασθαι
3709 778 3806 832 καὶ
3826 778 4019 832 λαϐεῖν

2438 873 2618 945 ψυχὴν
2646 874 2963 945 Πνεύματος
2991 876 3265 946 οὐρανίου,
3305 874 3399 927 καὶ
3426 873 3791 943 μετατεθῆναι
3824 874 3890 925 ὲκ
3917 872 4022 939 τῆς

2439 966 2637 1029 κακίας
2674 966 2768 1019 τοῦ
2814 968 3039 1031 σκότους
3084 970 3165 1030 είς
3210 968 3272 1021 τὸ
3318 967 3434 1035 φῶς
3483 966 3575 1019 τοῦ
3617 964 3879 1036 Χριστοῦ,
3920 964 4023 1017 καὶ

2438 1058 2815 1128 ἀναπαυθῆναι
2866 1060 2923 1113 ιν
2966 1060 3077 1131 ζωῇ
3122 1059 3277 1122 ὅλους
3306 1059 3531 1121 αἰῶνας.
3560 1059 3772 1128 Ὠσπερ
3808 1056 3923 1126 γάρ
3958 1057 4023 1109 ὲν

2440 1151 2640 1223 σταδίῳ
2666 1151 2736 1205 τά
2756 1150 2981 1222 ἅρματα
3005 1152 3265 1223 τρέχουσι
3295 1152 3390 1204 καὶ
3424 1150 3810 1223 προλαμϐάνον
3835 1149 4024 1218 ἐμπο-

2436 1242 2573 1307 δίζει
2603 1243 2701 1296 καὶ
2729 1243 2915 1312 ιπέχει
2955 1245 3050 1296 καὶ
3074 1243 3273 1298 κωλύει
3305 1244 3368 1298 τδ
3397 1243 3607 1313 ἓτερον,
3644 1240 3739 1295 τοῦ
3773 1240 3849 1308 μὴ
3881 1256 4048 1311 προι,

2439 1335 2624 1405 κόψαι,
2662 1336 2757 1389 καὶ
2787 1336 3087 1407 προλαϐεῖν
3131 1338 3213 1400 είς
3255 1338 3404 1399 νῖκος
3426 1351 3443 1368 ο
3486 1334 3660 1397 οῦτως
3694 1334 3744 1386 οῑ
3773 1331 4023 1398 διαλογι-

2438 1428 2567 1496 σμοὶ
2604 1427 2708 1496 τῆς
2743 1428 2921 1498 ψυχῆς
2953 1429 3047 1480 καλ⁵
3090 1428 3191 1497 τῆς
3237 1427 3515 1496 ἁμαρτίας
3541 1426 3830 1496 τρέχουσιν
3856 1426 3918 1477 ὲν
3939 1423 4023 1494 τῷ

2435 1519 2737 1591 ἀνθρώπῳ·
2768 1521 2863 1573 ἐὰν
2901 1522 3000 1590 μὲν
3029 1520 3170 1590 τύχῃ
3211 1520 3509 1590 προλαϐεῖν
3548 1518 3639 1570 τὸν
3664 1516 4023 1585 διαλογισμὸν

2436 1611 2537 1680 τῆς
2582 1612 2877 1681 ἁμαρτίας,
2924 1612 3212 1681 ἐμποδίζει
3256 1612 3351 1664 καὶ
3400 1611 3619 1679 ἀπέχει,
3665 1610 3760 1661 καὶ
3812 1608 4020 1661 κωλύει

2433 1702 2532 1771 τὴν
2576 1701 2776 1772 ψυχὴν,
2825 1700 2919 1754 τοῦ
2978 1703 3052 1771 μὴ
3104 1700 3469 1773 προσεγγίσαι
3518 1700 3597 1771 τῷ
3636 1699 3777 1765 Θεῷ.
3816 1701 3912 1753 κα)⁸
3954 1699 4022 1752 τὸ

2434 1791 2557 1845 κατ’
2594 1793 2764 1861 αὐτῆς
2796 1794 2943 1854 νῖκος
2966 1791 3202 1861 ἄρασθαι
3222 1808 3237 1822 °
3268 1792 3403 1845 ὅπου
3437 1790 3496 1843 δὲ
3544 1790 3709 1854 αὐτὸς
3737 1791 3768 1843 6
3798 1790 4018 1861 Κύριος

2437 1881 2712 1935 ἐπιϐαίνει
2729 1881 2824 1935 καὶ
2846 1882 3049 1950 ὴνιοχεῖ
3072 1881 3171 1950 τὴν
3198 1879 3398 1949 ψυχὴν,
3417 1879 3650 1933 πάντοτε
3676 1878 3839 1941 αὐτὸς
3861 1880 4017 1949 νικᾷ,

2437 1973 2669 2043 ἡνιοχῶν
2696 1973 2792 2026 καὶ
2822 1970 3032 2041 ὁδηγῶν
3072 1970 3457 2040 ἐπιστημόνως
3487 1970 3550 2021 τὸ
3583 1968 3737 2039 ἀρμα
3780 1970 3884 2039 τῆς
3912 1970 4021 2039 ψυ·

2434 2064 2536 2135 χῆς
2576 2066 2657 2127 είς
2682 2063 2745 2116 τὸ
2770 2061 3022 2133 οὐράνιον
3046 2062 3145 2115 καὶ
3174 2060 3356 2115 ἔνθεον
3385 2058 3643 2130 φρόνημα
3672 2058 3762 2112 διὰ
3790 2059 4016 2122 παντός.

2434 2156 2573 2211 Οῦτε
2600 2156 2709 2225 γὰρ
2736 2154 2967 2224 πολεμεῖ
3011 2152 3149 2223 πρὸς
3193 2154 3294 2223 τὴν
3328 2152 3550 2215 κακίαν,
3591 2150 3708 2205 ἀλλ’
3738 2151 4017 2222 αὐθέντης

2432 2250 2528 2304 καὶ
2554 2248 2908 2319 ὲξουσιαστὴς
2930 2246 3216 2317 τυγχάνων
3237 2244 3345 2311 ἀεὶ,
3362 2244 3462 2315 τὴν
3486 2244 3640 2313 νίκην
3659 2244 3821 2308 αὐτὸς
3840 2244 4018 2313 ἔργά-

2434 2340 2605 2405 ζεται.
2630 2343 2858 2408 Ἀγεται
2892 2341 3072 2392 τοίνυν
3107 2339 3177 2391 τά
3204 2338 3486 2407 Χερουϐὶμ
3514 2338 3612 2408 οὐχ
3641 2337 3775 2390 ὅπου
3798 2335 4021 2389 θέλουσι

2433 2431 2784 2503 πορεύεσθαι,
2799 2431 2914 2484 ἀλλ’
2930 2432 3062 2485 ὅπου
3084 2433 3112 2484 6
3151 2428 3497 2499 ἐπιϐεϐηκὼς
3523 2430 3618 2482 καὶ
3637 2431 3666 2482 6
3680 2428 3908 2499 ἡνιοχῶν
3925 2427 4019 2481 ὀδ-

2432 2527 2577 2597 ηγεῖ,
2594 2525 2689 2579 καὶ
2717 2526 2851 2577 ὅπου
2875 2523 3019 2576 θέλει
3041 2522 3222 2587 αὐτὸς.
3246 2524 3362 2575 ἐκεῖ
3382 2520 3724 2591 πορεύονται,
3755 2520 3849 2572 καὶ
3875 2519 4019 2572 αὺτά

2434 2618 2713 2690 βαστάζει.
2743 2617 2880 2685 Χεὶρ
2897 2618 3027 2685 γὰρ,
3047 2615 3231 2685 φησὶν,
3261 2613 3577 2681 ἀνθρώπου
3607 2612 3888 2667 ὑποκάτω
3907 2613 4021 2667 αὐ·-

2430 2712 2549 2766 τῶν
2569 2707 2667 2781 ἦν.
2696 2712 2953 2778 ’Δγονται
2987 2710 3041 2761 αἱ
3072 2706 3225 2774 ἀγιαι
3244 2706 3413 2776 ψυχαὶ
3439 2708 3534 2759 καὶ
3562 2702 3881 2774 ὁδηγοῦνται
3909 2702 4021 2756 ὑπὸ

2430 2804 2524 2858 τοῦ
2554 2802 2895 2874 ἡνιοχοῦντος
2930 2799 3244 2868 Πνεύματος
3294 2797 3387 2850 τοῦ
3426 2796 3683 2867 Χριστοῦ,
3728 2797 3862 2849 ὅπου
3885 2793 4019 2865 βού-

2432 2897 2599 2961 λεται,
2622 2896 2711 2949 ὅτε
2738 2894 3005 2965 βούλεται.
3026 2894 3084 2945 ὲν
3103 2890 3375 2961 οὐρανίοις
3395 2890 3693 2959 λογισμοῖςο
3710 2889 3798 2941 ὅτε
3824 2887 4019 2958 βούλε-

2432 3008 2521 3044 ται
2544 2993 2603 3043 ὲν
2635 2987 2715 3058 τῷ
2747 2986 2979 3057 σώματι.
3018 2984 3146 3037 ἔνθα
3192 2981 3460 3053 βούλεται,
3502 2984 3621 3035 εκεῖ
3654 2980 3804 3051 αὐτῷ
3836 2981 4022 3035 διακο-

2434 3084 2636 3136 νοῦσιν.
2661 3082 2874 3148 Ὠσπερ
2899 3078 3007 3148 γὰρ
3047 3076 3143 3129 τοῦ
3172 3074 3419 3129 πετεινοῦ
3459 3076 3508 3127 οἱ
3552 3075 3710 3136 πόδες
3734 3074 3805 3127 τά
3838 3073 4022 3144 πτερά

759 3161 963 3229 accipit
987 3161 1101 3216 alas
1119 3163 1514 3232 cogitationum
1533 3166 1821 3236 dignarum
1852 3168 2070 3233 animae,
2098 3185 2331 3240 eamque
2358 3199 2400 3255 ο
2435 3192 2444 3224 ι

2358 3199 2400 3255 C
2435 3175 2571 3225 εἰσιν
2589 3188 2604 3202 ·
2632 3171 2774 3225 οὓτω
2791 3168 2852 3221 τὸ
2876 3166 3124 3236 οὐράνιον
3155 3164 3271 3234 φῶς
3298 3163 3391 3217 τοῦ
3424 3160 3742 3255 Πνεύῗματος
3775 3160 4020 3255 ἀναλαμο

760 3251 951 3323 dirigit
984 3270 1048 3309 ac
1076 3254 1231 3310 ducit
1262 3268 1427 3326 prout
1456 3257 1571 3327 ipse
1602 3259 1777 3313 novit.

830 3429 899 3485 Χ.
941 3431 1025 3487 Tu
1059 3432 1246 3503 igitur,
1281 3434 1502 3504 quando
1550 3435 1741 3490 auditu
1790 3437 1906 3491 haec
1940 3438 2199 3507 percipis,
2240 3455 2330 3495 re-

759 3526 911 3597 spice
944 3536 997 3581 te
1047 3526 1248 3596 ipsum,
1298 3543 1368 3583 an
1417 3529 1701 3598 possideas
1750 3531 1867 3584 haec
1916 3533 2094 3600 reipsa
2140 3542 2196 3586 et
2248 3550 2334 3587 re-

758 3634 889 3673 vera
923 3618 977 3672 in
1011 3620 1193 3673 anima
1221 3628 1312 3673 tua
1345 3637 1358 3673 :
1390 3636 1501 3675 non
1528 3621 1675 3675 enim
1710 3632 1841 3675 sunt
1886 3623 2052 3677 verba
2103 3624 2333 3693 simpli-

758 3718 899 3771 citer
943 3734 1006 3772 ac
1050 3720 1198 3773 nude
1235 3719 1471 3787 prolata,
1508 3720 1604 3774 sed
1663 3735 1803 3789 Opus
1859 3738 1989 3775 vere
2041 3722 2095 3774 in
2149 3716 2331 3777 anima

757 3809 1013 3865 eiﬁcitur.
1068 3810 1135 3864 Et
1192 3809 1238 3863 si
1277 3824 1387 3863 non
1416 3810 1721 3879 possideas,
1752 3827 1817 3866 ac
1852 3819 2128 3866 tantorum
2160 3813 2328 3882 spiri-

757 3901 989 3955 tualium
1021 3901 1295 3955 bonorum
1318 3916 1524 3971 egenus
1574 3902 1671 3967 sis,
1704 3902 2009 3965 tristitiam,
2038 3919 2330 3959 mmrorem

758 4010 821 4049 ac
843 3995 1052 4049 luctum
1086 4005 1415 4065 perpetuum
1444 3998 1664 4063 habeto,
1691 3999 1843 4053 velut
1868 3998 2051 4053 adhuc
2076 4008 2332 4054 mortuus

757 4099 788 4137 a
820 4099 1010 4153 regno,
1064 4095 1121 4139 et
1165 4087 1317 4140 velut
1374 4089 1674 4153 sauciatus,
1707 4088 1973 4142 continuo
2036 4090 2210 4143 clama
2261 4090 2329 4144 ad

754 4176 1077 4239 Dominum,
1108 4184 1166 4231 et
1196 4188 1323 4247 pete
1355 4178 1723 4243 conﬁdenter,
1762 4186 1823 4231 ut
1853 4188 1903 4233 te
1932 4194 2155 4248 quoque
2201 4195 2329 4234 vera

756 4268 861 4324 hac
911 4268 1023 4323 vita
1072 4269 1349 4340 dignetur.
1413 4271 1887 4338 Quemadmodum
1954 4272 2103 4327 enim
2164 4271 2328 4337 Deus,

756 4361 849 4427 qui
881 4361 988 4415 hoc
1018 4376 1224 4431 corpus
1258 4363 1530 4428 condidit,
1560 4379 1671 4417 non
1691 4379 1757 4417 ex
1784 4379 1881 4418 sua
1905 4363 2079 4432 ipsius
2109 4371 2328 4426 natura,

755 4466 937 4520 neque
966 4467 1034 4506 ex
1067 4468 1303 4523 corpore
1333 4453 1486 4509 dedit
1534 4455 1586 4509 ei
1618 4454 1821 4510 habere
1870 4454 2064 4518 vitam,
2119 4454 2326 4517 cibum,

754 4549 982 4609 potum,
1031 4541 1352 4598 indumenta
1408 4551 1464 4598 et
1517 4544 1887 4600 calceamenta
1950 4562 1963 4599 :

754 4646 957 4699 corpus
991 4640 1233 4687 creasset
1277 4649 1374 4703 per
1427 4649 1485 4689 se
1534 4634 1768 4699 nudum,
1823 4644 1880 4690 et
1932 4636 2037 4690 tale
2080 4636 2326 4706 quidem,

754 4720 902 4789 quod
934 4720 1142 4791 absque
1168 4723 1301 4789 illis,
1337 4739 1458 4792 qua:
1485 4735 1640 4779 extra
1670 4740 1874 4796 corpus
1897 4736 2047 4791 sunt,
2079 4726 2186 4782 hoc
2215 4737 2325 4793 est,

754 4811 962 4881 absque
993 4813 1140 4877 cibo,
1183 4824 1317 4883 potu
1349 4825 1406 4869 et
1434 4816 1799 4883 vestimentis,
1836 4817 2025 4872 vivere
2054 4833 2164 4872 non
2198 4834 2327 4887 pos-

753 4914 859 4969 set,
892 4920 1110 4960 omnem
1137 4908 1597 4964 sustentationem
1637 4910 1763 4964 vita:
1812 4912 2159 4966 extrinsecus
2192 4925 2327 4966 con-

754 4998 921 5051 cessit
956 5016 969 5051 :
1006 4998 1154 5067 quod
1183 5001 1227 5053 si
1260 5001 1315 5054 in
1349 5018 1445 5055 sua
1486 5000 1658 5071 ipsius
1684 5012 1879 5056 natura
1904 5004 2081 5057 solum
2119 5002 2329 5057 consti-

756 5088 904 5150 terit,
938 5090 1090 5143 nullo
1153 5091 1413 5145 exteriori
1464 5105 1776 5161 assumpto,
1836 5095 2211 5163 corrumpitur
2265 5110 2329 5149 ac

754 5178 944 5233 interit
981 5197 993 5230 :
1030 5180 1225 5235 eodem
1277 5182 1442 5236 modo
1494 5190 1551 5236 et
1596 5184 1812 5247 anima,
1878 5183 2065 5236 divino
2124 5184 2328 5238 lumine

756 5270 1041 5331 destituta.
1090 5272 1313 5326 condita
1360 5289 1493 5328 vero
1526 5274 1831 5328 secundum
1885 5274 2180 5345 imaginem
2230 5275 2327 5329 Dei

757 5364 860 5421 (sic
890 5364 1038 5417 enim
1076 5364 1187 5418 Deo
1215 5382 1282 5420 ex
1311 5366 1726 5436 dispensatione
1784 5368 2014 5437 placuit,
2053 5383 2175 5422 eam
2235 5368 2331 5421 ha-

758 5451 890 5505 bere
924 5454 1092 5508 vitam
1140 5458 1424 5524 aeternam)
1460 5474 1570 5512 non
1622 5474 1703 5515 ex.
1721 5459 1942 5528 propria
1975 5469 2203 5526 natura,
2237 5458 2333 5513 sed

760 5561 827 5599 ex
858 5545 1029 5614 ipsius
1081 5547 1177 5601 Dei
1238 5548 1549 5613 divinitate,
1580 5566 1647 5605 ex
1686 5552 1955 5620 peculiari
1992 5551 2225 5621 Spiritu,
2270 5568 2334 5608 ac

759 5636 1025 5707 peculiari
1057 5638 1287 5698 lumine.
1319 5640 1485 5695 habet
1522 5641 1705 5697 cibum
1743 5657 1805 5696 ac
1836 5652 2025 5713 potum
2072 5642 2333 5712 spirituav

828 5815 870 5845 ⁸³
902 5816 1107 5872 Ειευιι.
1169 5836 1217 5879 x,
1271 5821 1333 5873 ἐι

2440 3267 2592 3319 ϐἀνει
2624 3262 2693 3317 τά
2737 3260 2912 3330 πτερά
2938 3259 3047 3312 τῶν
3079 3256 3353 3326 λογισμῶν
3375 3256 3484 3309 τῶν
3516 3254 3682 3319 ἀξίων
3712 3252 3911 3323 ψυχῆς,
3936 3251 4024 3307 ω.

2436 3355 2605 3426 ηγοῦν
2628 3354 2718 3407 καὶ
2744 3351 2991 3423 ήνιοχοῦν
3015 3349 3090 3413 ὡς
3121 3344 3260 3401 οἶδεν
3292 3346 3445 3402 αὑτό.

2509 3446 2563 3501 ι’.
2596 3447 2669 3498 Σὺ
2693 3444 2871 3496 τοίνυν
2910 3443 3038 3495 ὅταν
3090 3437 3300 3508 ἀκούῃς
3342 3437 3538 3501 ταῦτα,
3580 3434 3817 3503 πρόσχες
3852 3450 4021 3486 σεαυ-

2436 3538 2536 3607 τῷ.
2578 3537 2627 3588 εί
2666 3535 2935 3601 κέκτησαι
2978 3531 3153 3583 ταῦτα
3186 3532 3243 3581 ὲν
3275 3529 3423 3598 ἔργῳ
3458 3530 3551 3580 καὶ
3575 3526 3806 3596 ἀληθείᾳ⁵
3843 3525 3905 3577 ὲν
3946 3527 4016 3595 τῇ

2443 3630 2593 3699 ψυχῇ
2641 3643 2772 3679 σου*
2799 3626 2859 3679 ού
2911 3624 3019 3696 γάρ
3073 3626 3210 3675 εἰσιν
3256 3621 3443 3684 ἁπλῶς
3469 3620 3617 3688 λόγοι
3663 3617 4015 3687 λαλούμενοι.

2438 3715 2551 3769 ἀλλ’
2570 3715 2729 3785 ἔργον
2741 3712 2994 3781 ἀληθείας
3024 3713 3171 3763 ἐστὶν
3190 3712 3249 3762 ὲν
3280 3714 3345 3780 τῇ
3371 3710 3515 3780 ψυχῇ
3538 3710 3875 3778 γιγνόμενον,
3906 3708 4021 3761 Καὶ

2437 3809 2486 3861 εί
2511 3809 2570 3860 ού
2605 3807 2888 3874 κέκτησαι,
2928 3804 3062 3857 ἀλλά
3089 3802 3388 3871 πτωχεύεις
3434 3804 3497 3854 ὲκ
3539 3800 3647 3853 τῶν
3674 3801 4020 3870 τηλικούτων

2436 3898 2826 3969 πνευματικῶν
2865 3895 3113 3963 ἀγαθῶν,
3141 3894 3318 3962 λύπην
3350 3894 3445 3947 καὶ
3496 3893 3691 3955 πένθος
3721 3893 3817 3946 καὶ
3848 3893 4020 3946 πόνον

2436 3993 2776 4047 ἀδιάλειπτον
2798 3990 3033 4060 ὀφείλεις
3056 3989 3201 4058 ἔχειν
3223 4004 3235 4017 ·
3272 3987 3347 4050 ὡς
3378 3988 3563 4057 ἀκμὴν
3586 3988 3779 4057 νεκρὸς
3804 3985 3883 4038 ὢν
3906 3986 4019 4039 ἀπὸ

2434 4084 2534 4152 τῆς
2559 4082 2858 4153 βασιλείας,
2899 4081 2995 4133 καὶ
3017 4080 3093 4139 ὡς
3118 4077 3486 4149 τραυματίας,
3517 4078 3605 4130 ἀεὶ
3634 4077 3733 4147 βόα
3758 4076 3898 4146 πρὸς
3920 4076 4019 4129 τὸν

2437 4175 2661 4245 Κύριον,
2691 4173 2783 4226 καὶ
2814 4172 2951 4225 αῐτει
2986 4170 3211 4233 πιστῶς,
3243 4170 3331 4222 ῖνα
3362 4170 3460 4221 καὶ
3489 4167 3651 4230 αὐτὸς
3678 4167 3885 4238 ταύτης
3914 4168 4019 4237 τῆς

2437 4268 2698 4338 ἀληθινῆς
2742 4267 2887 4337 ζωῆς
2928 4263 3294 4333 καταξιωθῇς.
3327 4262 3541 4333 Ὠσπερ
3586 4262 3694 4332 γὰρ
3732 4261 3794 4313 τὸ
3848 4260 4013 4331 σῶμα

2434 4360 2594 4412 τοῦτο
2640 4360 2871 4427 ποιήσας
2909 4358 2938 4409 ό
2987 4356 3140 4418 Θεὸς,
3182 4356 3284 4407 οὐκ
3317 4356 3381 4407 ὲκ
3428 4354 3530 4422 τῆς
3564 4352 3731 4405 αὑτοῦ
3775 4352 4015 4421 φύσεως,

2435 4451 2557 4504 οὐδὲ
2590 4452 2654 4503 ὲκ
2685 4449 2777 4502 τοῦ
2812 4449 3061 4518 σώματος
3096 4446 3297 4499 ἔδωκεν
3330 4444 3477 4514 αὐτῷ
3511 4445 3655 4514 ἔχειν
3699 4444 3799 4513 τὴν
3843 4444 4014 4512 ζωὴν,

2027 4543 2146 4607 sed,
2203 4560 2328 4598 cum
2368 4559 2408 4612 ι)
2435 4544 2532 4612 τὴν
2566 4542 2790 4613 βρῶσιν,
2821 4542 2915 4593 καὶ
2946 4541 3044 4610 τὴν
3078 4539 3255 4603 πόσιν,
3286 4538 3381 4590 καὶ
3417 4536 3486 4591 τὰ
3511 4536 3784 4605 ἐνδύματα
3821 4534 4020 4589 καὶτὰ

2432 4636 2777 4703 ὑποδήματα,
2817 4631 2955 4688 ἀλλά
3006 4632 3185 4683 πᾶσαν
3234 4628 3333 4699 τὴν
3380 4628 3695 4697 οἰκονομίαν
3724 4627 3822 4697 τῆς
3869 4628 4020 4695 ζωῆς

2433 4726 2631 4794 ἔξωθεν
2699 4725 2901 4779 ἔδωκεν
2957 4723 3123 4793 ἔχειν,
3175 4722 3306 4775 αὐτὸ
3355 4722 3475 4774 καθ’
3540 4720 3702 4774 ἑαυτὸ
3749 4720 3812 4773 τὸ
3855 4718 4020 4789 σῶμα

2435 4818 2639 4888 γυμνὸν
2665 4820 2918 4887 ποιήσας,
2946 4818 3041 4868 καὶ
3062 4815 3231 4885 χωρὶς
3257 4814 3367 4867 τῶν
3395 4812 3593 4879 ἔξωθεν
3625 4811 3720 4864 τοῦ
3759 4814 4018 4879 σώματος

2434 4913 2605 4965 ὄντων
2651 4912 2812 4980 ζῆσαι
2860 4910 2922 4963 τὸ
2964 4909 3122 4979 σῶμα
3168 4907 3450 4970 ἀδύνατον,
3494 4905 3640 4958 τοῦτ’
3671 4904 3808 4969 ἐστι,
3841 4905 4017 4975 χωρὶς

2440 5004 2691 5077 βρώσεως
2722 5004 2817 5056 καὶ
2845 5002 3077 5064 πόσεως,
3109 5001 3203 5053 καὶ
3227 5000 3571 5069 ἐνδυμάτωνο
3606 4999 3700 5051 ἐὰν
3728 4998 3784 5051 δὲ
3808 5001 3885 5061 είς
3914 4999 4017 5067 τὴν

2437 5090 2633 5147 ἑαυτοῦ
2674 5092 2836 5161 φύσιν
2869 5092 3029 5162 μόνον
3056 5093 3177 5159 στῇ,
3214 5090 3380 5159 μηδὲν
3404 5089 3513 5142 τῶν
3535 5088 3735 5153 ἔξωθεν
3765 5088 4015 5160 προσλα-

2437 5186 2534 5238 ϐὸν
2556 5225 2572 5250 ,
2602 5183 2978 5253 διαφθείρεται
3006 5185 3099 5235 καὶ
3141 5182 3469 5233 ἀπόλλυται·
3492 5181 3587 5235 τὸν
3616 5181 3779 5234 αὑτὸν
3810 5180 4017 5251 τρόπον

2438 5279 2531 5331 καὶ
2554 5276 2699 5347 ψυχὴ
2734 5278 2767 5345 ὴ
2802 5275 2876 5345 μὴ
2903 5274 3101 5344 ἔχουσα
3150 5272 3266 5341 φῶς
3297 5273 3459 5337 θεῖον,
3490 5273 3772 5325 κτισθεῖσα
3797 5273 3853 5325 δὲ
3888 5275 4014 5325 κατ’

2434 5367 2619 5421 εἰκόνα
2650 5365 2785 5419 Θεοῦ
2805 5382 2821 5395 ⁸
2857 5365 3033 5427 οῦτως
3058 5364 3166 5433 γὰρ
3190 5363 3358 5433 αὐτὴν
3378 5363 3695 5434 ᾠκονόμησε
3729 5365 3823 5415 καὶ
3856 5363 4015 5417 εὐδό-

2434 5476 2603 5530 κησεν
2629 5458 2774 5528 ἒχειν
2806 5458 2907 5526 τὴν
2934 5455 3154 5510 αἰώνιον
3182 5456 3327 5526 ζωήν
3348 5473 3364 5487 ο
3398 5455 3497 5507 οὐκ
3517 5457 3581 5509 ἔκ
3610 5455 3711 5523 τῆς
3739 5455 3875 5518 ἰδίας
3910 5455 4015 5525 φύ-

2436 5567 2593 5613 σεως,
2645 5549 2759 5603 ἀλλ’
2809 5550 2872 5601 ὲκ
2916 5550 3015 5615 τῆς
3069 5546 3265 5600 ἑαυτοῦ
3310 5545 3585 5614 θεότητος,
3621 5547 3685 5598 ὲκ
3730 5544 3824 5599 τοῦ
3880 5545 4016 5599 ίδίου

2446 5642 2773 5712 πνεύματος,
2802 5644 2866 5695 ὲκ
2893 5640 2985 5695 τοῦ
3018 5640 3151 5695 ἰδίου
3184 5639 3381 5710 φωτὸς,
3414 5638 3525 5709 ἔχει
3552 5637 3757 5709 βρῶσιν
3786 5638 3883 5690 καὶ
3914 5637 4013 5691 πό-
