4266 6356
250 392 353 457 461

1522 405 1888 468 HOMILLE.
1922 434 1988 443 —
2021 409 2207 471 HOM.
2253 409 2299 470 Ι.

3391 421 3500 489 462

252 518 342 552 σιν
374 501 778 571 πνευματικὴν,
815 504 910 557 καὶ
951 503 1239 577 ἐνδύματα»
1260 522 1509 579 ουρανια,
1541 510 1746 566 ἆέστιν
1789 517 1820 583 ἠ
1854 520 1900 571 Α
1926 515 1937 569 Ι

1815 536 1820 583 ι
1854 520 1900 571 Α
1926 515 2054 581 lem,
2083 528 2140 574 et
2170 518 2498 577 vestimenta
2532 521 2797 585 coelestia,
2842 540 2963 595 qua:
3024 535 3151 581 sunt
3204 542 3336 582 vera
3385 531 3500 587 vita

248 591 422 654 ὗντως
451 590 564 662 ζωὴ
594 593 690 662 τῆς
711 594 912 664 ψυχῆς.

323 681 430 735 IA'.
463 682 675 752 Ὠσπερ
694 680 789 736 οὖν
820 684 899 754 τῷ
932 683 1166 754 σώματι,
1202 686 1385 750 καθὼς
1417 690 1763 762 προείρηται,
1796 693 1829 762 ή

249 774 369 846 ζωὴ
407 778 508 830 οὐκ
539 776 597 843 ἐξ
643 776 839 831 ἑαυτοῦ
872 780 1042 841 ἐστιν,
1077 779 1193 833 ἀλλ’
1224 779 1425 845 ἔξωθεν
1467 782 1655 850 αὑτοῦ,
1682 785 1828 839 τοῦτ’

247 866 402 919 ἔστιν
447 867 555 920 ἀπὸ
600 870 700 939 τῆς
742 869 869 939 γῆς,
895 870 990 923 καὶ
1042 873 1211 942 χωρὶς
1256 872 1364 925 τῶν
1411 872 1611 938 ἔξωθεν
1659 877 1826 929 αὐτοῦ

245 958 441 1019 ὄντων,
468 957 727 1012 ἀδύνατον
764 959 913 1031 αύτῷ
948 960 1148 1032 ζῆσαι’
1181 961 1326 1017 οὕτω
1350 966 1445 1018 καὶ
1478 964 1697 1038 ἡψυχὴ,
1731 968 1830 1022 ἐὰν

257 1048 335 1117 μὴ
366 1050 603 1121 γεννηθῇ
654 1051 762 1104 ἀπὸ
814 1052 907 1105 τοῦ
937 1052 1032 1106 νῦν
1080 1055 1173 1118 είς.
1205 1056 1424 1126 ἐκείνην
1464 1058 1564 1129 τήν
1592 1060 1695 1130 γῆν
1720 1059 1830 1114 τῶν

246 1137 490 1206 ζώντων,
544 1142 801 1196 κάκεῖθεν
844 1149 1026 1217 τραφῇ
1090 1148 1477 1217 πνευματικῶς
1521 1150 1599 1220 τῷ
1638 1152 1830 1223 Κυρίῳ

250 1236 658 1301 προκύπτουσα,
688 1237 779 1288 καὶ
803 1237 1087 1309 ἀμφιασθῇ
1119 1243 1181 1293 ἐκ
1214 1241 1315 1310 τῆς
1336 1242 1589 1314 θεότητος
1616 1245 1827 1316 ἄρρητα

244 1324 432 1393 ἄμφια
465 1328 717 1391 οὐρανίου
748 1330 997 1395 κάλλους,
1031 1333 1196 1403 χωρὶς
1236 1335 1453 1405 ἐκείνης
1480 1337 1578 1406 τῆς
1622 1337 1830 1407 τροφῆς

245 1417 414 1485 ζῆσαι
443 1419 614 1489 αὐτὴν
641 1421 698 1473 ἐν
724 1421 1022 1477 ἀπολαύσει
1051 1426 1145 1477 καὶ
1172 1427 1478 1481 ἀναπαύσει
1506 1429 1599 1498 ἀφ’
1629 1431 1829 1500 ἑαυτῆς

246 1508 534 1563 ἀδύνατον.
579 1513 731 1583 Ἔχει
769 1515 879 1585 γὰρ
924 1516 957 1587 ή
989 1515 1107 1570 θεία
1138 1519 1299 1586 φύσις
1339 1522 1435 1574 καὶ
1463 1520 1627 1592 ἀρτον
1660 1522 1825 1593 ζωῆς,

246 1600 343 1652 τὸν
399 1604 645 1669 εἰπόντα,
689 1605 829 1676 Ἐγώ
877 1610 994 1676 ειμι
1025 1611 1059 1663 ὁ
1086 1608 1265 1677 ἄρτος
1317 1609 1427 1680 τῆς
1476 1611 1656 1681 ζωῆς’
1710 1615 1826 1677 καὶ,

253 1691 451 1760 ’Υδωρ
486 1694 615 1754 (ὤν’
644 1696 757 1757 καὶ,
792 1693 970 1751 οἶνον
996 1702 1399 1769 εὐφραίνοντα
1444 1704 1697 1772 καρδίαν
1725 1706 1829 1759 ἁν-

240 1784 514 1851 θρὼπου·
550 1788 667 1851 καὶ,
725 1791 1159 1861 Ἀγαλλιάσεως
1189 1796 1417 1862 ἔλαιον,
1440 1799 1538 1851 καὶ
1586 1802 1829 1869 παμποί-

241 1874 397 1928 κιλον
426 1878 633 1948 τροφὴν
688 1881 941 1951 οὐρανίου
993 1886 1353 1957 Πνεύματος,
1402 1894 1495 1945 καὶ
1551 1894 1825 1964 ἐνδύματα

241 1968 425 2032 φωτὸς
455 1970 682 2041 ούράνια
709 1976 772 2027 ἐκ
806 1975 898 2029 τοῦ
925 1977 1058 2030 Θεοῦ
1093 1982 1448 2052 τυγχάνοντα.
1496 1986 1585 2040 Ἐν
1610 1988 1822 2051 τούτοις

239 2062 449 2133 ἑστὶνή
481 2065 693 2128 αἰώνιος
725 2065 838 2140 ζωὴ
894 2071 991 2143 τῆς
1024 2072 1222 2144 ψυχῆς.
1273 2076 1406 2129 Οὐαὶ
1467 2077 1697 2148 σώματι,
1733 2082 1829 2133 ὁπ-

241 2151 378 2206 όταν
418 2156 498 2219 είς
528 2159 628 2227 τὴν
660 2159 855 2213 ἐαυτοῦ
891 2163 1051 2232 φύσιν
1095 2167 1320 2238 ἑστήκῃ,
1357 2168 1435 2221 ὅτι
1462 2169 1828 2240 διαφθείρεται

239 2244 338 2297 καὶ
383 2248 720 2322 ἀποθνήσκει
744 2271 758 2285 ·
792 2256 889 2307 καὶ
932 2256 1056 2310 οὐαὶ
1087 2256 1255 2328 ψυχῇ,
1288 2259 1335 2312 εί
1364 2262 1444 2324 είς
1479 2261 1578 2332 τὴν
1624 2263 1823 2334 ἐαυτῆς

240 2336 406 2405 φύσιν
441 2343 599 2410 μόνον
642 2344 863 2416 ἕστηκε,
897 2347 991 2401 καὶ¹
1039 2351 1119 2414 είς
1161 2352 1230 2405 τέι
1263 2354 1463 2423 ἑαυτῆς
1491 2354 1627 2425 ἔργα
1661 2356 1821 2425 μόνον

239 2431 494 2496 πέποιθε,
538 2435 612 2506 μὴ
642 2436 841 2507 ἔχουσα
871 2439 1017 2494 θείου
1040 2442 1359 2515 Πνεύματος
1393 2446 1702 2512 κοινωνίαν,
1734 2450 1817 2503 ὅτι

236 2522 581 2595 ἀποθνήσκει
619 2527 765 2599 ζωῆς
791 2533 1011 2586 αἰωνίου
1051 2533 1303 2606 θεότητος
1336 2538 1410 2610 μὴ
1451 2540 1815 2605 καταξιωθεῖ-

239 2630 330 2667 σα.
360 2616 570 2689 Ὠσπερ
602 2620 710 2692 γὰρ
743 2623 835 2676 ἐπὶ
864 2625 973 2679 τῶν
1006 2626 1399 2695 ἀσθενούντων,
1430 2631 1569 2685 ἐπάν
1621 2634 1820 2704 μηκέτι

234 2707 302 2757 τὸ
331 2707 494 2778 σῶμα
537 2710 763 2783 δύνηται
801 2714 987 2768 λαϐεῖν
1021 2718 1252 2789 τροφὴν,
1297 2720 1685 2787 ἀπελπίζουσιν
1714 2727 1815 2778 αύ-

235 2796 393 2861 τοὺς,
425 2799 518 2851 καὶ
561 2801 809 2858 κλαίουσι
848 2807 1050 2871 πάντες
1095 2813 1307 2881 γνήσιοι
1338 2814 1502 2884 φίλοι,
1535 2822 1817 2886 συγγενεῖς

238 2886 339 2938 καὶ
377 2887 653 2961 ἀγαπητοί
676 2910 691 2926 ο
723 2893 863 2948 οὕτω
904 2898 1081 2951 κλαίει
1110 2903 1139 2953 6
1168 2901 1298 2967 Θεὸς
1327 2907 1432 2978 καὶ-
1454 2908 1503 2960 οι
1533 2907 1681 2976 ἆγιοι
1708 2909 1814 2978 ἀγ-

237 2979 394 3045 γελοι
422 2980 522 3045 τὰς
554 2982 733 3053 ψυχὰς
772 2986 872 3051 τὰς
904 2988 979 3060 μὴ
1018 2993 1361 3063 τρεφομένας
1655 2975 1818 3071 οὺρά”’

1931 623 2147 666 aniuue.

2001 702 2093 758 XI.
2133 702 2601 769 Quemadmodum
2635 706 2802 778 igitur
2833 723 3066 777 corpus,
3096 716 3159 763 ut
3205 725 3377 781 supra
3410 710 3499 767 di-

1931 800 2101 857 ctum,
2132 793 2300 848 vitam
2336 809 2446 849 non
2471 812 2539 851 ex
2581 812 2661 861 se,
2709 798 2803 852 sed
2856 798 3081 853 aliunde
3138 798 3327 867 habet,
3389 800 3501 858 hoc

1930 892 2015 938 est
2045 897 2073 937 a
2100 891 2267 949 terra,
2300 897 2357 941 et
2381 886 2590 957 absque
2620 887 2708 954 iis,
2740 905 2862 959 quze
2891 899 3045 945 extra
3087 899 3238 956 sunt,
3291 892 3501 963 impos-

1930 975 2092 1032 sibile
2120 987 2205 1032 est
2231 978 2282 1032 ei
2312 978 2478 1033 vitam
2509 981 2715 1037 ducere
2750 999 2762 1034 :
2792 982 2868 1037 ita
2891 991 2947 1038 et
2968 984 3173 1050 anima,
3204 985 3311 1041 nisi
3344 988 3414 1042 ab
3442 990 3501 1059 8

1930 1068 2037 1124 hoc
2073 1078 2323 1140 tempore
2350 1082 2709 1144 regeneretur
2744 1074 2800 1128 in
2848 1076 2992 1131 illam
3025 1078 3330 1135 viventium
3383 1089 3499 1136 ter-

1931 1174 2069 1225 ram,
2104 1168 2160 1216 et
2186 1161 2299 1218 illic
2351 1164 2717 1235 spiritualiter
2772 1168 2973 1235 alatur,
3034 1178 3090 1224 et
3137 1172 3501 1241 spiritualiter

1932 1253 2165 1310 Domino
2195 1254 2488 1326 proﬁciens
2513 1267 2744 1323 crescat,
2798 1269 2853 1315 et
2882 1262 3100 1329 arcanis
3156 1266 3506 1324 vestimentis

1931 1343 2176 1400 caelestis
2204 1346 2635 1417 pulchritudinis
2656 1366 2721 1406 ex
2751 1353 3045 1411 divinitate
3073 1355 3379 1428 desumptis
3413 1359 3501 1413 in.-

1931 1436 2153 1503 duatur,
2185 1440 2392 1511 absque
2424 1442 2517 1497 illo
2541 1444 2668 1499 cibo
2700 1445 2755 1499 in
2790 1448 2988 1516 gaudio
3013 1458 3069 1503 et
3096 1451 3281 1519 quiete
3326 1468 3395 1507 ex
3445 1469 3504 1509 se

1932 1525 2047 1597 ipsa
2075 1528 2262 1585 vivere
2291 1532 2451 1601 plane
2483 1548 2597 1589 non
2639 1544 2841 1605 potest.
2900 1537 3077 1594 Habet
3134 1543 3281 1596 enim
3337 1545 3503 1599 etiam

1932 1620 2115 1675 divina
2140 1632 2338 1677 natura
2375 1640 2573 1694 panem
2596 1628 2744 1692 vitaz,
2777 1630 2872 1700 qui
2899 1631 3035 1685 dicit
3066 1651 3078 1685 :
3110 1633 3225 1704 Ego
3258 1652 3375 1688 sum
3410 1654 3507 1705 pa-

1932 1713 2012 1765 nis
2035 1715 2155 1769 vita:
2183 1715 2246 1779 “,
2278 1725 2335 1771 et
2374 1734 2388 1770 :
2419 1718 2628 1787 Aquam
2656 1722 2911 1775 viventem
2942 1723 3008 1787 ¹⁷,
3035 1732 3091 1778 ει
3124 1744 3136 1778 :
3178 1726 3370 1780 Vinum
3402 1726 3503 1782 la:-

1934 1805 2142 1873 tiﬁcans
2179 1824 2270 1860 cor
2308 1808 2617 1876 hominis",
2666 1820 2724 1867 et
2759 1832 2772 1867 :
2805 1814 2989 1869 Oleum
3040 1818 3410 1875 exsultationis
3435 1824 3505 1885 ¹⁹,

1932 1900 1987 1947 ει
2022 1894 2384 1964 multiplicem
2416 1900 2657 1956 caelestis
2699 1901 2941 1972 Spiritus
2970 1906 3176 1972 cibum,
3230 1921 3287 1964 et
3331 1913 3504 1966 vesti-

1932 1994 2117 2041 menta
2149 1988 2374 2045 luminis
2404 1992 2669 2058 coelestia,
2730 2009 2761 2049 a
2827 1996 2938 2051 Deo
2970 1998 3234 2066 profecta.
3294 2001 3354 2055 ln
3414 2002 3502 2058 his

1930 2078 2185 2133 consistit
2216 2090 2419 2135 aeterna
2450 2083 2648 2139 anima:
2669 2083 2803 2140 vita.
2830 2086 2923 2142 Va:
2950 2092 3191 2158 corpori,
3239 2092 3283 2146 si
3318 2093 3374 2147 in
3403 2109 3503 2149 sua

1932 2172 2110 2242 ipsius
2136 2186 2332 2230 natura
2365 2180 2695 2247 constiterit,
2729 2183 2857 2251 quia
2892 2186 3267 2254 corrumpitur
3297 2196 3355 2243 et
3384 2203 3503 2242 mo-

1929 2265 2090 2319 ritur.
2122 2266 2215 2321 ναξ
2241 2269 2404 2323 etiam
2442 2271 2659 2337 animae,
2718 2274 2762 2327 si
2818 2274 2873 2328 in
2930 2290 3027 2330 sua
3078 2277 3251 2347 ipsius
3304 2288 3501 2336 natura

1928 2357 2213 2423 consistat,
2236 2366 2293 2414 et
2316 2360 2433 2417 suis
2460 2363 2724 2433 operibus
2751 2367 2929 2421 solum
2960 2366 3113 2433 ﬁdat,
3142 2385 3251 2425 non
3287 2370 3501 2427 habens

1927 2446 2409 2517 participationem
2439 2450 2682 2521 Spiritus
2705 2454 2903 2522 divini,
2930 2460 3059 2528 quia
3091 2461 3347 2530 moritur,
3397 2479 3502 2519 nec

1925 2539 2051 2594 vitae
2080 2549 2297 2597 aeternas
2347 2558 2413 2598 ac
2464 2544 2666 2601 divinae
2696 2547 2893 2604 idonea
2933 2561 3180 2620 putatur.
3222 2554 3492 2621 Quemad-

1925 2630 2149 2686 modum
2181 2634 2330 2689 enim
2352 2635 2588 2693 infirmis
2608 2638 2830 2705 accidit,
2859 2651 2940 2708 ut,
2972 2645 3017 2698 si
3041 2660 3243 2715 corpus
3263 2649 3500 2718 amplius

1926 2721 2109 2777 cibum
2134 2738 2331 2795 capere
2359 2737 2621 2797 nequeat,
2642 2744 2862 2785 omnem
2888 2732 2956 2787 de
2984 2750 3178 2789 eorum
3203 2736 3315 2791 vita
3346 2753 3498 2807 spem

1924 2813 2205 2885 abjiciant,
2235 2832 2537 2888 omnesque
2557 2821 2675 2875 veri
2703 2823 2886 2889 amici,
2911 2826 3125 2896 cognati
3147 2837 3313 2897 atque
3336 2829 3494 2883 fami-

1921 2905 2089 2960 liares
2117 2907 2336 2975 plorent
2366 2926 2381 2964 :
2416 2910 2498 2964 sic
2524 2909 2774 2981 deplorat
2802 2914 2947 2969 Deus
2974 2925 3031 2971 et
3077 2917 3251 2973 sancti
3311 2917 3491 2989 angeli

1923 2998 2155 3063 animas,
2196 3015 2305 3054 non
2333 3010 2620 3057 vescentes
2662 3005 2874 3060 caelesti
2924 3008 3050 3063 cibo
3086 3010 3348 3080 Spiritus,
3394 3027 3517 3068 neci

235 3087 354 3124 νιον
385 3072 478 3125 τοῦ
508 3076 841 3147 Πνεύματος,
877 3084 970 3136 καὶ
994 3083 1052 3135 ἐν
1079 3085 1361 3158 ἀφθαρσίᾳ
1393 3087 1655 3159 ζησάσας.
1676 3092 1820 3146 Ταῦ-

1811 3122 1820 3133 .
1923 3088 1979 3142 in
2015 3088 2434 3160 incorruptione
2465 3093 2738 3150 viventes.
2782 3095 2907 3153 Haec
2938 3115 3073 3154 vero
3114 3117 3307 3157 rursus
3348 3102 3496 3167 dico,

233 3179 307 3214 τα
337 3164 394 3217 δὲ
420 3168 511 3218 καὶ
547 3167 707 3221 πάλιν
732 3172 897 3244 φημὶ,
930 3175 1031 3229 ούκ
1060 3178 1197 3231 εἰσὶν
1222 3179 1408 3243 ἁπλῶς
1444 3181 1590 3250 λόγοι
1629 3183 1820 3238 λαλού-
1845 3194 1888 3253 C

1812 3194 1888 3253 ια
1920 3199 2033 3237 non
2068 3193 2198 3237 sunt
2224 3185 2391 3239 verba
2435 3186 2584 3242 nude
2638 3196 2694 3242 et
2753 3189 3081 3259 simpliciter
3131 3194 3363 3262 prolata,
3400 3164 3497 3250 sed

236 3271 416 3323 μενοι,
467 3257 583 3311 ἀλλ’
621 3260 783 3332 ἔργον
828 3269 1206 3337 πνευματικῆς
1257 3270 1425 3340 ζωῆς,
1478 3271 1640 3342 ἔργον
1692 3276 1828 3346 ἀλη-

1815 3306 1828 3319 -
1932 3290 2073 3344 opus
2099 3275 2221 3330 vitae
2267 3271 2591 3345 spiritualis,
2647 3294 2787 3348 opus
2820 3257 3038 3346 verum,
3066 3257 3211 3352 quod
3264 3257 3500 3340 edicitur

234 3346 409 3414 θείας,
443 3352 523 3415 εἰς
576 3353 675 3423 τὴν
738 3357 895 3423 ἀξίαν
929 3360 1023 3412 καὶ
1084 3362 1281 3432 πιστὴν
1330 3362 1505 3433 ψυχήν
1562 3367 1823 3437 γιγνόμε-

234 3456 346 3496 νον,

310 3535 410 3590 lB'.
448 3538 511 3591 ΕΞ
545 3538 725 3591 τοίνυν
751 3541 940 3609 ἐγένου
972 3543 1161 3614 θρόνος
1192 3546 1291 3599 τοῦ
1327 3546 1484 3611 Θεοῦ,
1513 3550 1607 3602 καὶ
1633 3551 1825 3607 ἐπιϐέ-

240 3628 415 3698 ϐηκεν
446 3631 538 3682 ἐπὶ
567 3632 625 3684 σὲ
660 3635 686 3686 6
713 3634 965 3704 οὐράνιος
986 3637 1219 3707 ἡνίοχος,
1252 3640 1345 3692 καὶ
1373 3640 1639 3712 ἐγένετοή
1670 3641 1817 3715 ψυχή

240 3736 337 3771 σου
361 3720 460 3791 ὅλη
491 3722 765 3792 ὀφθαλμὸς
790 3729 1183 3796 πνευματικὸς,
1210 3730 1305 3781 καὶ
1342 3729 1439 3799 ὅλη
1466 3732 1583 3800 φῶς
1600 3747 1614 3759 ·
1648 3736 1742 3787 καὶ
1768 3738 1818 3790 εί

234 3811 484 3881 ἐτράφης
511 3813 728 3877 ἐκείνην
767 3815 865 3885 τὴν
908 3816 1003 3869 τοῦ
1046 3817 1363 3889 Πνεύματος
1401 3821 1743 3893 τροφὴν,καὶ
1767 3827 1815 3879 εί

234 3904 534 3974 ὲποτίσθης
580 3906 646 3958 ἐκ
676 3904 770 3958 τοῦ
804 3906 1006 3972 ζῶντος
1034 3909 1246 3976 ὓδατος,
1275 3912 1369 3964 καὶ
1408 3915 1456 3965 εί
1484 3914 1717 3968 ἐνεδύσω
1748 3918 1815 3969 τὰ

234 3993 331 4046 τοῦ
366 3994 607 4066 ἀρρήτου
642 3998 821 4064 φωτὸς
856 3999 1159 4069 ἐνδύματα·
1193 4004 1241 4055 εί
1267 4002 1473 4057 τούτων
1499 4006 1753 4059 ἁπάντων
1785 4010 1813 4061 6

236 4083 347 4137 ἔσω
381 4102 475 4138 σου
509 4087 796 4158 ἄνθρωπος
851 4091 908 4144 ἐν
953 4091 1119 4162 πείρᾳ
1160 4092 1256 4146 καὶ
1302 4094 1644 4168 πληροφορίᾳ
1679 4098 1811 4152 καθ-

235 4175 489 4245 έστηκεν,
532 4178 640 4231 ίδοὺ
673 4180 771 4249 ζὶῇς
804 4181 897 4233 καὶ
926 4180 1025 4253 τὴν
1050 4183 1217 4247 ὅντως
1244 4185 1462 4239 αἰώνιον
1509 4187 1673 4257 ζωὴν,
1707 4190 1814 4243 ἀπὸ

233 4266 330 4320 τοῦ
362 4266 457 4320 νῦν
490 4274 630 4337 μετὰ
661 4270 753 4323 τοῦ
785 4272 991 4342 Κυρίου
1031 4276 1455 4348 ἀναπαυομένης
1502 4279 1600 4349 τῆς
1635 4280 1814 4351 ψυχῆς

236 4378 353 4413 σου.
398 4362 530 4414 Ἰδοὺ
584 4364 852 4433 κέκτησαι
897 4366 991 4418 καὶ
1042 4366 1237 4440 ἔλαϐες
1286 4368 1456 4423 ταῦτα
1510 4371 1663 4440 παρά
1717 4374 1811 4425 τοῦ

235 4451 446 4519 Κυρίου
502 4454 559 4504 ἐν
596 4454 825 4525 ἀληθείᾳ
875 4456 961 4508 ἵνα
1006 4456 1104 4528 ζῇς
1144 4439 1289 4529 ζωῆν
1323 4439 1605 4531 ἀληθινήν,
1644 4461 1723 4531 Εἰ(
1754 4461 1811 4513 δὲ

1930 3364 1986 3420 in
2018 3369 2201 3421 anima
2224 3368 2386 3439 digna
2412 3376 2469 3423 et
2504 3369 2673 3423 ﬁdeli.

1999 3543 2117 3599 XII.
2159 3544 2215 3600 Si
2252 3545 2419 3617 igitur
2451 3547 2688 3603 thronus
2718 3548 2814 3603 Dei
2848 3550 3080 3606 etl‘ectus
3122 3567 3205 3618 es,
3253 3561 3311 3610 et
3357 3554 3505 3611 inse-

1929 3636 2075 3692 derit
2099 3638 2155 3692 in
2186 3647 2238 3692 te
2264 3640 2506 3695 caelestis
2528 3641 2738 3712 auriga,
2766 3650 2823 3697 et
2843 3644 3031 3699 anima
3054 3654 3148 3701 tua
3168 3653 3283 3703 tota
3306 3650 3509 3704 oculus.

1929 3730 2251 3799 spiritualis,
2286 3741 2342 3787 et
2372 3742 2483 3787 tota
2509 3734 2697 3789 lumen
2727 3736 2923 3791 effecta
2979 3746 3065 3792 est
3112 3756 3126 3791 :
3186 3740 3232 3795 si
3279 3756 3503 3811 quoque

1927 3820 2139 3875 caelesti
2170 3820 2264 3876 illo
2294 3820 2534 3892 Spiritus
2565 3824 2691 3879 cibo
2723 3826 3006 3882 enutritus
3029 3841 3111 3891 es,
3154 3837 3212 3883 et
3257 3844 3323 3883 ex
3357 3844 3498 3900 aqua

1925 3910 2055 3965 vita:
2087 3910 2298 3977 bibisti,
2331 3921 2495 3982 atque
2527 3915 2857 3970 vestimenta
2890 3917 3080 3971 arcani
3134 3916 3362 3977 luminis
3412 3918 3501 3976 in-

1927 4000 2095 4056 duisti
2134 4020 2148 4056 :
2182 4004 2225 4057 si
2253 4003 2491 4073 denique
2522 4016 2653 4061 tuus
2683 4007 2916 4064 interior
2950 4010 3117 4066 homo
3155 4012 3271 4067 haec
3313 4014 3501 4070 omnia

1922 4101 2187 4161 expertus
2217 4109 2281 4148 ac
2318 4094 2375 4148 in
2424 4094 2554 4151 ﬁdei
2615 4098 2953 4155 abundantia
3004 4102 3339 4158 constitutus
3390 4115 3497 4171 est,

1925 4194 2053 4235 ecce
2075 4181 2218 4236 vivis
2242 4182 2411 4237 vitam
2432 4200 2625 4240 revera
2655 4197 2938 4253 aeternam,
2970 4192 3354 4261 requiescente
3374 4195 3465 4249 ani
3480 4225 3497 4238 ο

1925 4288 2014 4326 ma
2048 4282 2139 4327 tua
2164 4274 2233 4328 ab
2259 4274 2365 4330 hoc
2392 4288 2671 4333 momento
2706 4296 2831 4334 cum
2858 4282 3109 4338 Domino.
3154 4284 3237 4341 En
3266 4286 3500 4356 adeptus

1923 4379 1985 4418 es
2008 4373 2065 4419 et
2090 4367 2349 4434 accepisti
2381 4367 2499 4422 haec
2525 4384 2555 4422 a
2584 4370 2819 4425 Domino
2851 4371 2907 4425 in
2938 4374 3194 4439 veritate,
3242 4384 3303 4429 ut
3327 4376 3499 4433 vitam

1922 4472 2109 4511 veram
2133 4457 2305 4512 vivas.
2341 4458 2398 4513 Si
2424 4475 2560 4515 vero
2591 4461 2728 4514 nihil
2764 4462 2962 4517 borum
2989 4464 3088 4518 tibi
3122 4467 3381 4521 conscius
3410 4456 3495 4534 es,

237 4543 408 4613 μηδὲν
434 4544 639 4597 τούτων
665 4545 913 4610 σύνοιδας
939 4548 1171 4618 σεαυτῷ,
1198 4549 1353 4602 κλαῖε
1389 4551 1481 4603 καὶ
1511 4551 1681 4604 λυποῦ
1713 4554 1811 4605 καὶ
1845 4570 1889 4624 D
1919 4564 1922 4617 ξ

1845 4570 1889 4624 D
1919 4549 2097 4617 plora,
2151 4549 2480 4605 contristare
2530 4568 2592 4607 ac
2630 4568 2809 4623 geme,
2856 4556 3002 4625 quod
3052 4566 3386 4613 aaternarum
3431 4575 3498 4616 ac

230 4636 451 4705 όδύρου,
491 4638 573 4689 ὅτι
611 4637 704 4690 τοῦ
757 4638 975 4691 αίωνίου
1022 4641 1118 4693 καὶ
1163 4642 1536 4711 πνευματικοῦ
1580 4644 1814 4699 πλούτου

232 4728 423 4797 ἀκμὴν
479 4728 694 4781 ούδέπω
742 4729 1068 4800 τετύχηκας,
1135 4732 1228 4785 καὶ
1293 4734 1393 4804 τὴν
1443 4734 1613 4800 ὅντως
1668 4738 1814 4809 ζωὴν

235 4818 425 4889 ἀκμὴν
455 4820 668 4872 ούδὲπω
698 4818 885 4885 ἐδέξω.
922 4822 1091 4877 Πόνον
1118 4824 1211 4877 οὖν
1257 4823 1346 4894 ἔχε
1375 4826 1504 4895 περ)⁸
1536 4830 1635 4898 τῆς
1662 4847 1812 4882 πτω-

232 4913 393 4980 χείας
420 4928 536 4975 σου,
583 4912 837 4981 δεόμενος
870 4913 963 4966 τοῦ
999 4916 1203 4981 Κυρίου
1237 4917 1428 4975 νυκτὸς
1455 4918 1547 4970 καὶ
1578 4919 1809 4990 ἡμέρας,

232 5004 318 5053 ὅτι
372 5004 452 5064 είς
501 5005 602 5072 τὴν
646 5003 823 5075 δεινὴν
857 5004 1049 5059 πενίαν
1088 5007 1185 5075 τῆς
1224 5008 1499 5077 ἁμαρτίας
1548 5008 1807 5081 ἕστηκας.

235 5095 366 5147 Εἴθε
399 5095 457 5147 δὲ
494 5096 596 5149 κᾶν
650 5098 808 5152 πόνον
862 5115 945 5162 τις
996 5098 1278 5169 ἐκέκτητο,
1326 5100 1414 5153 διὰ
1462 5100 1561 5172 τὴν
1616 5103 1811 5156 ἐαυτοῦ

230 5188 510 5257 πτωχείαν
530 5204 543 5218 ·
570 5188 630 5241 τὸ
654 5190 726 5261 μὴ
758 5189 947 5261 ὥσπερ
980 5192 1366 5261 κεκορεσμένοι
1403 5194 1459 5246 ἐν
1515 5193 1818 5265 ἀμεριμνίᾳ

230 5282 514 5351 διήγομεν,
550 5284 630 5335 ὅτι
657 5286 684 5336 6
714 5285 874 5336 πόνον
902 5284 1063 5354 ἔχων,
1091 5287 1184 5339 καὶ
1207 5284 1384 5355 ζητῶν
1409 5286 1502 5339 καὶ
1532 5288 1699 5339 αἰτῶν
1730 5288 1820 5341 τὸν

232 5374 440 5445 Κύριον
461 5370 838 5437 ἀδιαλείπτως,
864 5378 1069 5446 ταχέως
1091 5377 1338 5442 τεύξεται
1367 5379 1468 5447 τῆς
1500 5378 1817 5451 ἀπολυτρώ-

234 5485 400 5530 σεως,
430 5469 524 5521 καὶ
553 5468 647 5521 τοῦ
679 5471 1002 5540 ἐπουρανίου
1049 5471 1304 5537 πλούτου,
1340 5472 1523 5535 καθὼς
1546 5475 1574 5525 6
1603 5474 1808 5542 Κύριος

231 5559 413 5627 ἔλεγε,
441 5560 569 5631 περὶ
600 5560 694 5614 τοῦ
722 5562 907 5615 ἀδίκου
940 5562 1125 5633 κριτοῦ
1161 5564 1254 5617 καὶ
1280 5564 1379 5635 τῆς
1406 5564 1581 5635 χήρας
1609 5565 1811 5634 διεξερε-

231 5650 465 5721 χύμενος
492 5652 583 5706 τὸν
617 5652 771 5721 λόγον
795 5669 810 5685 ο
842 5654 1019 5717 Πόσῳ
1062 5651 1303 5721 μᾶλλον
1330 5656 1365 5709 ό
1396 5654 1541 5720 Θεὸς
1571 5654 1811 5719 ποιήσει

1919 4641 2291 4711 spiritualium
2334 4643 2655 4699 divitiarum
2703 4646 2981 4716 particeps
3032 4646 3211 4704 factus
3251 4650 3498 4705 nondum

1915 4749 1998 4798 es,
2042 4744 2099 4789 et
2149 4750 2335 4789 veram
2380 4736 2550 4790 vitam
2603 4736 2853 4791 nondum
2883 4739 3164 4808 accepisti.
3214 4739 3498 4799 Sollicitus

1917 4842 2049 4897 ergo
2076 4834 2195 4881 esto
2223 4827 2291 4881 de
2322 4827 2505 4896 inopia
2539 4835 2654 4895 tua,
2685 4828 3005 4899 supplicans
3036 4832 3271 4887 Domino
3307 4842 3496 4891 noctes

1915 4927 1972 4973 et
2000 4919 2140 4982 dies,
2183 4935 2251 4973 eo
2280 4919 2427 4988 quod
2474 4920 2531 4974 in
2583 4922 2734 4991 gravi
2798 4932 3124 4992 paupertate
3166 4926 3378 4994 peccati
3434 4942 3496 4982 es

1917 5010 2270 5065 constitutus.
2298 5010 2519 5067 Utinam
2553 5028 2685 5067 vero
2713 5014 2787 5067 sit
2814 5014 3014 5084 aliquis
3042 5016 3135 5084 qui
3163 5015 3232 5069 de
3256 5017 3489 5086 penuria

1917 5116 2015 5155 sua
2048 5101 2243 5156 anxius
2271 5103 2376 5156 sit!
2412 5112 2469 5157 et
2501 5119 2616 5157 non
2648 5105 2798 5159 velut
2839 5107 3075 5160 saturati
3110 5106 3164 5160 in
3194 5108 3493 5163 securitate

1916 5194 2199 5247 vivamus!
2252 5193 2380 5263 quia
2425 5194 2520 5264 qni
2579 5193 2828 5249 laborem
2897 5196 3167 5267 ejusmodi
3234 5198 3494 5263 sustinet,

1918 5284 2115 5353 qumrit
2165 5294 2221 5338 et
2268 5284 2646 5339 indesinenter
2692 5285 2983 5339 Dominum
3030 5285 3318 5352 obsecrat,
3369 5302 3496 5347 mox

1920 5384 2290 5445 consequetur
2337 5376 2777 5445 redemptionem
2825 5392 2889 5433 ac
2933 5378 3183 5433 caelestes
3234 5378 3491 5443 divitias,

1921 5466 2385 5538 quemadmodum
2424 5466 2688 5523 Dominus
2717 5468 2885 5533 dixit,
2932 5468 3001 5523 de
3050 5468 3251 5538 injusto
3299 5468 3491 5539 judico

1919 5571 1976 5616 et
2000 5560 2168 5614 vidua
2203 5575 2515 5615 sermonem
2554 5561 2765 5627 habens
2810 5577 2825 5614 :
2867 5559 3078 5626 Quanto
3130 5560 3297 5629 magis
3352 5559 3493 5613 Deus

1918 5652 2205 5708 vindictam
2261 5649 2416 5721 faciet
2458 5652 2805 5707 clamantium
2846 5654 2918 5706 ad
2975 5669 3029 5707 se
3072 5662 3218 5708 nocte
3263 5660 3313 5706 et
3359 5648 3493 5703 die?

308 5834 353 5865 “
378 5832 535 5891 Joan.
589 5851 662 5901 vr,
698 5836 784 5891 55.
866 5837 1089 5892 "Joan.
1124 5830 1305 5903 1v,10.
1384 5837 1590 5892 l‘Psal.
1624 5852 1729 5904 ειν,
1780 5836 1864 5891 lii.
1942 5837 1981 5868 ¹⁹
2031 5836 2171 5892 Psal.
2223 5853 2342 5903 XLV,
2395 5838 2439 5891 8.
