4266 6356
761 395 867 462 ίϐ3

2003 392 2061 453 S.
2103 392 2389 452 MACARI
2399 391 2422 450 Ι
2464 390 2784 451 IEGYPTII

3893 372 4005 439 466

760 523 896 567 certe
917 511 1031 565 dico
1051 511 1213 574 vobis,
1236 511 1361 580 quia
1384 510 1485 563 cito
1521 509 1677 578 faciet
1705 509 1990 561 uindictam
2016 507 2235 562 illorum
2254 506 2319 558 '°.
2352 510 2401 565 Α
2428 523 2445 557 z

2352 510 2401 565 Α
2428 505 2542 570 τὴν
2582 504 2899 569 ἐκδίκησιν
2934 499 3054 554 τῶν
3069 498 3356 563 βοώντων
3386 496 3537 564 πρὸς
3566 492 3756 548 αὐτὸν
3776 495 4007 558 νυκτὸς

759 604 860 663 Cui
882 602 1058 676 gloria
1076 611 1132 659 et
1162 602 1406 673 potentia
1434 601 1488 656 in
1512 602 1731 656 suacula.
1769 602 1965 657 Amen.

1350 898 1633 955 HOMILIA
1676 900 1739 953 ll.

764 993 838 1046 De
886 1007 1045 1062 regno
1103 991 1456 1049 tenebrarum.
1494 992 1587 1044 hoc
1620 1000 1716 1052 est,
1748 1002 1961 1062 peccato
2000 1008 2018 1045 :
2074 1002 2123 1044 et
2158 990 2322 1044 Deum

828 1061 998 1116 solum
1029 1079 1176 1134 posse
1203 1080 1235 1115 a
1260 1063 1403 1116 nobis
1437 1071 1705 1129 peccatum
1737 1061 1970 1130 auferre,
2012 1079 2081 1134 ac,
2125 1079 2217 1116 nos
2257 1064 2325 1116 ti—

829 1133 1036 1187 berare'
1061 1151 1088 1187 e
1130 1134 1253 1202 iugo
1278 1134 1542 1187 servitutis
1572 1134 1823 1203 principis
1854 1133 2181 1205 nequissimi.

833 1384 871 1438 l.
911 1383 1161 1453 Regnum
1198 1382 1578 1447 tenebrarum,
1609 1380 1915 1436 malitiosus
1940 1382 2200 1437 nimirum
2234 1383 2325 1437 ille

2424 599 2520 650 atat
2579 595 2823 665 ἡμέρας·
2848 594 2949 647 ναὶ
2998 592 3171 661 λέγω,
3237 589 3481 658 ποιήσει
3514 585 3631 653 τὴν
3680 582 4007 649 ἐκδίκησιν

2424 688 2620 743 αὐτῶν
2662 689 2731 741 ὲν
2756 687 2922 754 τάχει
2952 703 2969 720 ο
2997 678 3041 752 ᾧ
3064 687 3097 755 ἠ
3123 684 3248 751 δόξα
3279 684 3375 736 καὶ
3411 681 3474 734 τὸ
3497 680 3700 753 κράτος
3743 677 3825 740 εἰς
3872 677 4003 739 τοὺς

2425 780 2645 841 αἰῶνας.
2677 778 2868 847 Ἀμήν.

3031 885 3272 945 ΟΜΙΛΙΑ
3316 888 3394 942 B'.

2425 989 2561 1056 Περί
2593 985 2703 1055 τῆς
2721 986 3042 1051 βασιλείας
3066 983 3173 1037 τοῦ
3205 983 3487 1056 σκότους.
3522 976 3682 1056 τοῦς
3708 975 3863 1035 ἐστι.
3889 971 4003 1056 τῆς

2496 1045 2783 1128 Zumpt-iac
2806 1074 2821 1089 ο
2880 1057 2978 1128 καί
3020 1045 3119 1109 ’ὅτι
3152 1053 3401 1128 μρνυςᾷ
3440 1049 3585 1114 Θεὸς
3611 1046 3861 1128 δύναται
3912 1045 4009 1128 ξιι-

2494 1118 2628 1197 ρὲιν
2662 1118 2961 1197 ἀφ⁹’ἡμῖ›ν
3008 1128 3125 1190 τὴν
3152 1118 3499 1197 ’ἁμαρτίαη
3543 1118 3641 1172 καὶ
3690 1118 4006 1197 ῥύσασθαι

2499 1190 2754 1278 ἦμᾶς-ἔκ
2799 1190 2910 1267 τῆς
2935 1190 3229 1260 δουλείας(
3245 1191 3354 1247 τοῦ
3396 1190 3689 1259 ἄρχοντος
3735 1190 3842 1241 τοῦ
3895 1202 4006 1241 πο-

2498 1286 2706 1337 νηρου.

2499 1384 2579 1437 A'.
2620 1384 2684 1438 Ἦ
2716 1380 2958 1453 βασιλεία
2987 1378 3080 1432 τοῦ
3136 1375 3382 1440 σκότους,
3444 1374 3473 1426 6
3511 1370 3759 1455 ,πονηρὸς
3790 1367 4007 1438 ἄρχων,

763 1473 1037 1541 princeps,
1087 1472 1309 1526 homine
1360 1472 1429 1526 ab
1474 1475 1632 1529 initio
1683 1474 1900 1544 captivo
1954 1474 2192 1540 reddito,
2248 1475 2329 1529 sic
2429 1494 2448 1530 c

2324 1496 2329 1527 :
2429 1474 2883 1546 αἰχμαλωτεύσας
2912 1473 3003 1525 τὸν
3030 1471 3319 1541 ἄνθρωπον
3361 1464 3642 1535 ἁπαρχῆς,
3678 1463 3819 1516 οὕτω
3846 1478 4009 1530 περι-

762 1563 1129 1617 circumdedit
1169 1574 1225 1617 et
1258 1564 1437 1618 induit
1470 1565 1708 1621 animam
1757 1577 2015 1637 tanquam
2048 1568 2325 1623 hominem
2431 1571 2447 1623 ὲ

2320 1588 2325 1619 ι
2431 1571 2593 1639 έθηκε
2617 1570 2709 1622 καὶ
2742 1567 2952 1621 ἐνέδυσε
2988 1567 3085 1635 τὴν
3113 1564 3289 1635 ψυχὴν
3310 1564 3367 1615 ὲν
3490 1558 3707 1629 ἐξουσίᾳ
3737 1555 3833 1609 τοῦ
3873 1554 4005 1607 σκό-

764 1663 1032 1724 potestate
1078 1656 1429 1711 tenebrarum
1472 1675 1485 1710 :
1527 1656 1594 1709 Et
1628 1669 1802 1711 creent
1848 1676 1964 1712 eum
2006 1676 2222 1729 regem,
2279 1670 2330 1714 et
2430 1681 2449 1715 ιι

2322 1670 2330 1711 ε
2430 1681 2556 1727 τους
2588 1659 2787 1715 ὡσανεὶ
2808 1658 3115 1727 ἄνθρωπονο
3151 1646 4007 1718 Καίποιήσωσιναύτὸνβασιο

762 1749 989 1801 induant
1020 1765 1137 1801 eum
1164 1750 1384 1803 vestibus
1415 1752 1697 1820 regalibus,
1722 1761 1768 1804 et
1799 1768 1831 1803 a
1854 1752 2025 1821 capite
2045 1753 2113 1805 ad
2134 1770 2329 1824 ungues
2432 1796 2447 1809 υ

2321 1772 2329 1805 ι
2432 1754 2561 1816 λέα,
2597 1752 2695 1806 καί
2743 1750 3086 1804 ὲνδύσωσιν
3139 1745 3325 1799 αὐτὸν
3354 1743 3656 1810 ἐνδύματα
3681 1738 4006 1804 βασιλικὰ,

765 1838 970 1909 regalia
1026 1841 1163 1907 ferat
1206 1841 1531 1895 vestimenta.
1591 1842 1668 1895 Ita
1728 1842 1996 1907 animam,
2046 1857 2109 1895 ac
2162 1851 2327 1897 totam
2364 1865 2404 1919 Β
2435 1865 2450 1896 2

2320 1862 2327 1897 ι
2364 1865 2404 1919 Β
2435 1847 2532 1898 καί
2589 1844 2706 1897 ἀπὸ
2760 1839 3029 1909 κεφαλῆς
3056 1838 3164 1903 ἕως
3211 1838 3446 1903 ὀνύχων
3466 1830 3774 1897 βασιλικὰ
3821 1826 4005 1897 φορῇ.

766 1934 887 2001 ejus
918 1932 1283 1986 substantiam
1312 1942 1538 2002 peccato
1570 1933 1750 1986 induit
1779 1950 2014 2002 nequam
2062 1934 2150 1988 ille
2187 1937 2335 2005 prin-

766 2040 917 2093 ceps.
946 2032 1116 2078 totam
1155 2025 1484 2093 inquinavit,
1529 2035 1584 2079 et
1632 2035 1798 2079 totam
1850 2026 2120 2096 captivam
2182 2027 2238 2081 in
2279 2028 2336 2098 9

769 2132 999 2186 regnum
1051 2132 1208 2171 suum
1261 2118 1519 2181 abduxit,
1579 2133 1681 2172 nec
1714 2118 1937 2186 reliquit
1986 2119 2156 2172 ullum
2216 2121 2335 2188 ejus

767 2208 1076 2264 membrum
1115 2224 1145 2263 a
1187 2225 1245 2265 se
1301 2210 1558 2276 liberum,
1618 2226 1724 2264 non
1778 2212 2174 2281 cogitationes,
2224 2228 2332 2266 non

770 2308 1030 2365 mentem,
1070 2316 1179 2355 non
1221 2316 1442 2372 corpus.
1489 2301 1583 2355 sed
1630 2302 1874 2356 amicivit
1920 2319 2040 2357 eam
2090 2320 2334 2374 purpura

770 2391 1147 2446 tenebrarum.
1188 2391 1660 2457 Quemadmodum
1721 2394 1868 2447 enim
1918 2395 2169 2464 corporis
2216 2392 2333 2450 non

770 2499 878 2536 una
913 2499 1060 2551 pars,
1090 2492 1185 2537 aut
1217 2500 1386 2537 unum
1432 2485 1739 2539 membrum
1777 2488 2006 2556 patitur,
2032 2488 2127 2543 sed
2158 2499 2333 2544 totum

770 2574 995 2628 omnino
1018 2576 1260 2644 passioni
1294 2577 1592 2631 obnoxium
1622 2587 1706 2631 est
1746 2597 1759 2631 :
1792 2579 1871 2632 sic
1907 2588 1963 2633 et
2007 2588 2119 2633 tota
2151 2582 2333 2637 anima

770 2663 1158 2720 all‘ectionibus
1187 2666 1405 2721 malitiae
1426 2676 1478 2721 et
1501 2668 1732 2736 peccati.
1759 2668 1941 2723 Induit
1970 2670 2137 2741 igitur
2165 2681 2331 2727 totam

771 2756 1033 2821 animam,
1056 2759 1394 2827 praecipuum
1417 2759 1658 2813 hominis
1680 2761 1989 2816 membrum
2012 2779 2074 2817 ac
2099 2776 2331 2832 partem,

773 2847 1057 2917 improbus
1102 2850 1191 2905 ille
1244 2852 1451 2906 malitia
1502 2868 1621 2915 sua,
1662 2852 1767 2906 hoc
1819 2863 1923 2917 est,
1971 2866 2243 2923 peccato:
2279 2867 2336 2913 et

773 2938 853 2995 sic
894 2954 1095 3009 corpus
1122 2942 1361 3011 passioni
1394 2956 1457 2998 ac
1483 2943 1823 3012 corruptioni
1859 2946 2165 3015 subjectum
2190 2956 2295 3002 est.

841 3113 907 3167 ll.
947 3112 1084 3169 Cum
1114 3115 1260 3168 enim
1303 3115 1597 3184 Apostolus
1648 3116 1785 3171 dicit
1817 3135 1829 3170 :
1866 3118 2059 3173 Exuite
2106 3132 2331 3178 ueterem

2435 1936 2620 1997 Οὕτως
2662 1935 2761 2004 τὴν
2798 1934 2994 2003 ψυχὴν,
3028 1932 3121 1983 καὶ
3167 1930 3295 1998 ὃλην
3327 1926 3428 1996 τὴν
3469 1924 3770 1978 ὑπόστασιν
3823 1918 4003 1988 αὐτῆς

2436 2028 2648 2081 ένέδυσε
2676 2027 2775 2095 τὴν
2807 2024 3079 2095 ἁμαρτίαν
3119 2025 3146 2075 ὁ
3189 2020 3371 2089 ἅρχων
3396 2018 3424 2069 6
3447 2015 3705 2085 πονηρὸς,
3739 2013 3835 2065 καὶ
3873 2012 4010 2081 ὅλην

2434 2121 2647 2191 ἐμίανε,
2688 2118 2781 2171 καὶ
2821 2117 2949 2187 ὅλην
3001 2112 3425 2185 ᾐχμαλώτευσεν
3468 2110 3547 2172 εἰς
3590 2108 3691 2176 τὴν
3721 2103 4004 2174 βασιλείαν

2434 2214 2619 2273 αὑτοῦ.
2661 2213 2753 2265 καὶ
2777 2212 2877 2264 οὐκ
2906 2208 3118 2279 ἀφῆκεν
3149 2204 3275 2258 οὔτε
3304 2203 3362 2256 ἓν
3398 2200 3558 2271 μέλος
3589 2199 3757 2267 αὐτῆς
3788 2195 4008 2250 ἐλεύθε-

2437 2327 2529 2380 ρον
2556 2306 2648 2362 ἀπ’
2676 2305 2864 2369 αὑτοῦ,
2887 2305 2945 2356 οὐ
2984 2300 3296 2369 λογισμοὺς,
3328 2296 3387 2347 οὐ
3420 2294 3563 2357 νοῦν,
3596 2292 3657 2347 οὐ
3681 2292 3861 2363 σῶμα,
3889 2288 4005 2342 ἀλλ’

2435 2401 2681 2455 ἐνέδυσεν
2713 2398 2883 2467 αὐτὴν
2916 2392 3223 2465 πορφυρίδα
3252 2389 3342 2442 τοῦ
3372 2387 3620 2448 σκότους.
3655 2384 3869 2450 Ὠσπερ
3894 2383 4008 2452 γὰρ

2434 2493 2495 2545 τὸ
2529 2492 2685 2561 σῶμα
2716 2489 2836 2558 οὐχὶ
2877 2488 2934 2540 έν
2980 2486 3163 2555 μέρος,
3192 2484 3223 2551 ἢ
3256 2482 3438 2553 μέλος,
3481 2478 3703 2547 πάσχει,
3736 2474 3849 2529 ἁλλ’
3884 2474 4011 2527 ὅλον

2435 2586 2494 2650 ἐξ
2533 2586 2653 2637 ὅλου
2682 2581 2924 2649 παθητόν
2948 2593 3096 2632 εστιν
3116 2593 3130 2606 ·
3164 2574 3335 2636 οὕτως
3361 2574 3457 2627 καὶ
3483 2573 3516 2641 ἡ
3544 2570 3690 2641 ψυχὴ
3712 2569 3806 2639 ὅλη
3838 2566 4012 2619 ἔπαθε

2434 2678 2501 2731 τὰ
2526 2678 2624 2745 τῆς
2647 2674 2844 2736 κακίας
2868 2671 3010 2741 πάθη
3038 2671 3132 2722 καὶ
3166 2665 3460 2738 ἁμαρτίας.
3495 2662 3771 2716 Ἐνέδυσεν
3794 2658 3886 2712 οὖν
3910 2658 4015 2729 τὴν

2434 2768 2610 2837 ψυχὴν
2641 2767 2789 2833 ὃλην,
2825 2764 2887 2815 τὸ
2915 2762 3211 2829 ἀναγκαῖον
3244 2758 3337 2810 τοῦ
3367 2754 3654 2823 ἀνθρώπου
3699 2752 3859 2820 μέλος
3911 2751 4011 2803 καὶ

2440 2864 2600 2931 μέρος
2639 2861 2667 2911 6
2710 2856 2944 2926 πονηρὸς
2971 2854 3069 2923 τὴν
3100 2851 3297 2904 κακίαν
3326 2848 3513 2913 αὑτοῦ,
3547 2844 3692 2898 τοῦτ’
3724 2844 3862 2907 ἔστι,
3900 2842 4006 2912 τὴν

2437 2945 2729 3017 ἁμαρτίαν,
2761 2943 2857 2997 καὶ
2888 2941 3060 3004 οὕτως
3088 2940 3148 2992 τὸ
3181 2938 3339 3007 σῶμα
3368 2937 3609 3005 παθητὸν
3635 2935 3728 2988 καὶ
3761 2932 4012 3003 φθαρτὸν

2438 3036 2670 3088 ἐγένετο.

2478 3085 2581 3178 VB’.
2606 3085 2783 3176 7’61“
2834 3120 2941 3189 γὰρ
2990 3119 3124 3189 λέγῃ
3162 3118 3191 3170 6
3229 3116 3594 3177 Ἀπόστολοςσ
3628 3111 4017 3167 Ἔκδύσασθε

772 3207 1028 3262 hominem
1052 3208 1121 3270 ¹¹,
1150 3207 1422 3277 integrum
1457 3207 1611 3271 dicit,
1660 3208 1953 3264 habentem
1985 3214 2174 3267 oculos
2224 3217 2336 3270 suis
2362 3214 2404 3274 C
2440 3231 2457 3264 ι

2325 3214 2404 3274 5C
2440 3213 2543 3265 τὸν
2577 3210 2839 3265 παλαιὸν
2889 3208 3225 3276 ἄνθρωπον,
3261 3206 3465 3259 τέλειον
3490 3205 3661 3273 λέγει,
3691 3201 4010 3271 ὀφθαλμοὺς

772 3297 950 3350 oculis
978 3296 1240 3367 adjectos,
1268 3308 1432 3367 caput
1456 3300 1644 3368 capiti,
1672 3316 1834 3356 aures
1859 3304 2105 3369 auribus,
2139 3322 2335 3364 manus

773 3386 1050 3451 manibus,
1099 3387 1269 3456 pedes
1314 3388 1566 3456 pedibus.
1614 3390 1810 3444 Totum
1847 3395 1992 3447 enim
2036 3396 2335 3464 hominem,

772 3478 1010 3534 animam
1031 3486 1086 3530 et
1106 3492 1327 3547 corpus,
1352 3478 1635 3547 improbus
1654 3482 1744 3535 ille
1767 3485 1962 3550 polluit
1987 3496 2042 3539 et
2063 3487 2338 3557 distraxit,

772 3570 1053 3639 subiitque
1097 3572 1395 3637 hominem,
1426 3584 1669 3629 veterem
1707 3576 2007 3645 hominem,
2044 3582 2336 3650 pollutum,

773 3662 1052 3730 impurum
1099 3672 1262 3735 atque
1300 3665 1396 3720 Dei
1444 3665 1679 3733 hostem,
1735 3686 1843 3722 non
1891 3672 2196 3743 subjectum
2232 3676 2340 3747 legi

773 3754 891 3817 Dei,
922 3753 1027 3808 hoc
1058 3763 1162 3820 est,
1196 3756 1374 3825 ipsum
1409 3767 1718 3827 peccatum,
1750 3760 1822 3813 ita
1860 3771 1919 3815 ut
1949 3765 2185 3834 amplius
2227 3784 2337 3823 non

770 3845 957 3901 videat
1005 3847 1171 3901 homo
1228 3863 1327 3916 pro
1379 3848 1557 3903 lubitu
1618 3865 1739 3914 suo,
1792 3853 1886 3907 sed
1936 3864 1997 3912 ut
2050 3873 2338 3928 perperam

771 3938 976 4004 videat,
1009 3954 1294 4009 perperam
1326 3941 1534 4007 audiat,
1571 3952 1627 3997 et
1658 3945 1826 4012 pedes
1856 3945 2053 4003 habeat
2102 3951 2168 4005 ad
2210 3968 2338 4021 per-

772 4030 1098 4100 petrandum
1134 4030 1348 4085 facinus
1394 4033 1845 4101 accelerantes",
1894 4054 1957 4094 ac
1990 4056 2184 4097 manus
2230 4044 2337 4098 ini-

770 4120 1039 4188 quitatem
1088 4134 1401 4192 operantes,
1444 4134 1499 4179 et
1538 4141 1634 4180 eor
1675 4129 1922 4198 cogitans
1963 4133 2123 4187 mala.
2161 4134 2335 4192 Obse-

771 4227 992 4266 cremus
1016 4212 1183 4281 igitur
1223 4223 1279 4267 et
1325 4231 1427 4269 nos
1470 4216 1666 4281 Deum,
1697 4228 1756 4271 ut
1785 4232 1948 4275 exuat
1978 4239 2079 4279 nos
2112 4225 2337 4283 homine

771 4301 969 4365 veteri,
1000 4302 1129 4371 quia
1162 4302 1278 4372 ipse
1306 4306 1456 4361 solus
1478 4324 1507 4361 a
1538 4308 1699 4363 nobis
1731 4310 1946 4367 auferre
1979 4325 2161 4383 potest
2206 4334 2338 4387 pec—

771 4400 954 4446 catum
982 4410 994 4446 :
1020 4395 1147 4462 quia
1174 4394 1428 4450 fortiores
1450 4407 1597 4461 sunt,
1620 4400 1713 4469 qui
1737 4416 1837 4456 nos
1878 4406 2127 4473 captivos
2163 4408 2337 4463 abdu-

2444 3303 2633 3372 ἔχοντα
2680 3300 2815 3369 πρὸς
2876 3297 3209 3369 ὀφθαλμοὺς,
3263 3295 3506 3363 κεφαλὴν
3557 3293 3692 3364 πρὸς
3745 3289 4016 3359 κεφαλὴν,

2441 3386 2552 3444 ὦτα
2590 3389 2725 3457 πρὸς
2754 3383 2889 3449 ὦτα,
2922 3388 3109 3457 χεῖρας
3140 3386 3275 3454 πρὸς
3302 3386 3511 3453 χεῖρας,
3545 3382 3709 3444 πόδας
3740 3381 3875 3451 πρὸς
3914 3379 4017 3432 πό-

2439 3486 2555 3546 δας.
2590 3481 2749 3535 Ὀλον
2802 3482 2909 3549 γὰρ
2958 3479 3049 3531 τὸν
3108 3477 3393 3546 ἄνθρωπον
3450 3475 3627 3543 ψυχὴν
3679 3473 3776 3524 καὶ
3847 3470 4020 3535 σῶμα.

2450 3575 2674 3644 ἐμίανεν
2714 3574 2741 3624 6
2773 3571 3026 3641 πονηρὸς,
3059 3570 3154 3621 καὶ
3185 3568 3517 3629 κατέσπασε,
3558 3564 3649 3617 καὶ
3677 3563 3892 3617 ἐνέδυσε
3920 3563 4017 3614 τὸν

2442 3668 2748 3735 ἄνθρωπον,
2793 3662 3019 3715 παλαιὸν
3070 3659 3376 3728 ἄνθρωπον,
3430 3658 3524 3709 καὶ
3589 3654 3805 3726 μιαρὸν,
3874 3653 4019 3706 ἁκὰ-

2446 3757 2665 3826 θαρτον,
2699 3756 2793 3806 καὶ
2844 3752 3133 3821 Θεομὰχον,
3168 3750 3260 3800 καὶ
3318 3747 3393 3815 μὴ
3455 3743 3899 3813 ὑποτασσόμενον
3936 3741 4019 3812 τῷ

2445 3850 2593 3917 νόμῳ
2643 3845 2739 3899 τοῦ
2793 3843 2949 3908 Θεοῦ,
3006 3841 3175 3911 αὐτὴν
3226 3840 3325 3910 τὴν
3363 3839 3658 3908 ἁμαρτίαν,
3696 3835 3783 3889 ῐνα
3813 3834 4019 3904 μηκέτι

2446 3942 2637 4013 βλέπῃ,
2686 3939 2762 4002 ὡς
2809 3936 2951 3989 θέλει
3008 3936 3036 3988 6
3091 3933 3395 4002 ἄνθρωπος,
3450 3930 3697 3982 ἀλλ’ἵνα
3756 3926 4018 3996 πονηρῶς

2442 4033 2562 4101 ὁρᾷ,
2595 4030 2686 4082 καὶ
2716 4028 2967 4097 πονηρῶς
2992 4026 3186 4097 ἀκούῃ,
3227 4025 3322 4077 καὶ
3354 4022 3518 4083 πόδας
3541 4021 3641 4091 έχῃ
3679 4019 4019 4081 σπεύδοντας

2443 4120 2537 4173 ἐπὶ
2571 4116 2915 4180 κακοποιίαν,
2951 4115 3045 4167 καὶ
3096 4114 3287 4182 χεῖρας
3338 4107 3711 4179 ὲργαζομένας
3760 4104 4017 4175 ἀνομίαν,

2444 4213 2536 4264 καὶ
2574 4209 2800 4279 καρδίαν
2838 4206 3050 4275 πονηρὰ
3090 4200 3557 4270 διαλογιζομένην.
3608 4197 4022 4268 Παρακαλέσω-

2446 4319 2545 4372 μεν
2586 4298 2678 4352 οὖν
2731 4300 2823 4351 καὶ
2861 4297 3023 4365 ἡμεῖς
3073 4295 3162 4346 τὸν
3195 4292 3347 4356 Θεὸν,
3372 4292 3459 4344 ἵνα
3497 4289 3699 4361 ὲκδύσῃ
3745 4287 3895 4356 ἡμᾶς
3924 4286 4019 4339 τὸν

2442 4392 2670 4447 παλαιὸν
2698 4389 3003 4460 ἄνθρωπον,
3050 4389 3128 4440 ὅτι
3162 4386 3325 4448 αὐτὸς
3366 4384 3528 4454 μόνος
3558 4379 3689 4450 ἆραι
3730 4380 3821 4445 ἀφ’
3852 4378 4015 4448 ἡμῶν

772 4490 989 4547 xerunt,
1012 4492 1067 4536 et
1091 4484 1146 4538 in
1169 4501 1338 4555 regno
1358 4502 1458 4542 suo
1482 4487 1752 4547 detinent.
1793 4491 1913 4561 Ipse
1937 4472 2067 4550 vero
2084 4500 2339 4567 promisit
2442 4502 2457 4534 π

2333 4518 2339 4554 ι
2442 4485 2541 4554 τὴν
2577 4482 2857 4553 ἁμαρτίαν
2885 4480 3143 4536 δύναταν
3180 4481 3261 4532 ὅτι
3301 4476 3638 4547 ἰσχυρότεροι
3681 4472 3837 4543 ἡμῶν
3877 4475 4018 4525 εἰσιν

770 4589 829 4627 se
855 4573 1215 4629 liberaturum
1244 4593 1348 4633 nos
1382 4593 1447 4633 ex
1498 4580 1765 4636 servitute
1794 4583 1916 4639 hac.
1971 4586 2336 4653 Quemadmo—
2368 4578 2413 4633 ο
2441 4596 2455 4629 ε

2329 4578 2413 4634 .D
2441 4578 2490 4629 οἱ
2516 4573 3059 4646 αἰχμαλωτεύσαντες
3102 4573 3272 4642 ἡμᾶς,
3320 4572 3413 4623 καὶ
3473 4568 3793 4637 κατέχοντες
3838 4568 3898 4620 ὲν
3947 4568 4014 4635 τῇ

769 4665 901 4718 dum
938 4666 1087 4721 enim
1134 4668 1214 4721 sol
1271 4683 1395 4722 cum
1448 4670 1614 4737 lucet,
1666 4682 1726 4728 et
1767 4685 1965 4732 ventus
2008 4679 2211 4750 spirat,
2254 4685 2337 4739 sol
2439 4669 2454 4737 ί

2329 4686 2337 4739 ι
2439 4667 2692 4737 βασιλεία
2742 4664 2942 4718 αὐτῶν.
2976 4664 3147 4727 Αὐτὸς
3176 4663 3232 4714 δὲ
3282 4659 3650 4730 ἐπηγγείλατο
3696 4656 3788 4709 τοῦ
3840 4657 4014 4728 ῥῦσα-

770 4755 991 4825 quidem
1046 4761 1331 4828 proprium
1386 4778 1587 4832 corpus
1634 4774 1692 4824 et
1742 4770 2022 4837 propriam
2084 4783 2335 4830 naturam

769 4850 955 4915 habet,
987 4852 1117 4905 item
1151 4862 1206 4907 et
1239 4865 1435 4908 ventus
1471 4857 1750 4926 propriam
1805 4871 2058 4918 naturam
2094 4877 2151 4921 et
2206 4885 2337 4939 pro-

769 4941 950 5009 prium
990 4956 1191 5013 corpus
1217 4944 1401 5008 habet.
1438 4956 1493 5001 et
1515 4963 1678 5005 nemo
1707 4961 1888 5021 potest
1916 4970 2173 5025 separare
2200 4977 2335 5015 ven-

773 5042 884 5085 tum
917 5047 949 5085 a
987 5034 1121 5097 sole,
1168 5034 1273 5089 nisi
1308 5036 1459 5090 solus
1504 5039 1650 5096 Deus
1676 5051 1923 5109 ventum,
1986 5064 2053 5102 ne
2098 5051 2335 5119 amplius

771 5122 963 5191 spiret,
997 5124 1271 5179 sedaverit
1305 5146 1316 5180 :
1354 5128 1431 5182 sic
1463 5138 1519 5183 et
1542 5142 1824 5200 peccatum
1868 5140 2064 5194 anima:
2108 5144 2336 5197 commi-

771 5226 916 5269 stum
970 5224 1076 5280 est,
1102 5226 1340 5287 utroque
1382 5219 1744 5279 nihilominus
1772 5229 2047 5298 propriam
2082 5241 2330 5289 naturam

772 5306 1030 5362 habente.

843 5483 925 5537 Ill.
968 5484 1311 5553 [inpossibile
1367 5487 1534 5557 igitur
1589 5502 1673 5545 est
1725 5499 2329 5562 separare-animama

771 5580 1016 5648 peccato,
1048 5573 1154 5627 nisi
1186 5574 1331 5628 Deus
1372 5577 1525 5630 sedet
1558 5589 1614 5630 et
1641 5578 1797 5633 sistat
1832 5582 2160 5636 malitiosum
2187 5585 2334 5638 hunc

768 5672 1013 5725 ventum,
1046 5662 1384 5718 habitantem
1430 5683 1484 5718 ιιι
1537 5671 1715 5720 anima
1750 5677 1803 5720 et
1837 5685 2090 5739 corpore.
2124 5672 2187 5724 Et
2224 5688 2341 5726 rur-

2439 4762 2562 4813 σϐαι
2612 4760 2759 4829 ἡμᾶς
2819 4760 2882 4810 ὲκ
2930 4757 3030 4825 τῆς
3087 4754 3327 4815 δουλείας
3374 4751 3615 4819 ταύτης·
3651 4749 3841 4820 ὥσπερ
3904 4748 4017 4819 γὰρ

2434 4852 2563 4904 ὅταν
2587 4849 2739 4918 ἥλιος
2772 4842 2827 4917 ᾖ,
2857 4847 2949 4898 καὶ
2983 4845 3186 4914 ἄνεμός
3214 4862 3296 4905 τις
3331 4843 3489 4913 πνέῃ,
3520 4842 3548 4892 6
3575 4842 3670 4910 μὲν
3702 4839 3855 4909 ἥλιος
3882 4838 4017 4891 [διον

2438 4944 2597 5011 σῶμα
2652 4941 2762 5009 ἔχει
2822 4939 2915 4991 καὶ
2970 4937 3105 4989 ἰδίαν
3161 4936 3343 5004 φύσιν,
3374 4934 3573 5002 ὁμοίως
3620 4932 3713 4983 καὶ
3753 4932 3781 4983 ὀ
3813 4930 4020 4997 ἄνεμος

2443 5034 2579 5086 ἰδίαν
2606 5032 2768 5101 φύσιν
2806 5030 2917 5100 ἔχει
2954 5030 3044 5081 καὶ
3069 5029 3198 5081 [διον
3232 5026 3387 5094 σῶμα
3413 5041 3427 5054 ⁸
3457 5025 3552 5076 καὶ
3581 5023 3754 5084 οὐδεὶς
3788 5020 4016 5074 δύναται

2442 5123 2672 5192 χωρίσαι
2712 5122 2802 5174 τὸν
2851 5120 3053 5187 ἄνεμον
3099 5116 3207 5171 ἀπὸ
3238 5115 3333 5168 τοῦ
3374 5114 3547 5182 ἡλίου,
3584 5114 3632 5163 εἰ
3686 5111 3759 5181 μὴ
3804 5110 4019 5180 μόνοςὸ

2441 5216 2574 5279 Θεὸς
2616 5214 2819 5286 παύσῃ,
2853 5213 2938 5265 ἵνα
2973 5210 3169 5282 μηκέτι
3200 5210 3336 5280 πνέῃ
3356 5224 3369 5237 ·
3394 5205 3537 5259 οὕτω
3586 5205 3680 5256 καὶ
3710 5206 3743 5273 ἡ
3767 5204 4016 5274 ἁμαρτία

2446 5311 2504 5377 τῇ
2545 5307 2688 5378 ψυχῇ
2730 5303 3041 5375 μεμιγμένη
3084 5304 3253 5367 ἐστὶν,
3292 5300 3520 5370 ἐχούσης
3584 5299 3822 5367 ἑκάστης
3873 5296 4015 5349 ἰδίαν

2443 5399 2623 5467 φύσιν.
2887 5459 2890 5462 ,

2511 5491 2586 5543 Γ’.
2652 5491 2919 5542 Αδύνατον
2969 5488 3061 5541 οὖν
3107 5491 3221 5540 ἐστι
3270 5489 3503 5556 χωρίσαι
3550 5486 3648 5553 τὴν
3686 5482 3867 5552 ψυχὴν
3904 5481 4015 5535 ἀπὸ

2445 5584 2544 5650 τῆς
2576 5582 2870 5652 ἁμαρτίας.
2907 5582 3001 5633 ἐὰν
3039 5581 3111 5648 μὴ
3141 5581 3167 5630 6
3197 5580 3326 5640 Θεὸς
3357 5578 3539 5648 παύσῃ
3570 5577 3664 5629 καὶ
3710 5576 3883 5645 στήσῃ
3923 5574 4015 5625 τὸν

2453 5674 2689 5744 πονηρὸν
2728 5674 2915 5727 τοῦτον
2954 5674 3040 5726 ἁνε
3052 5691 3169 5741 μον,
3203 5672 3291 5726 τὸν
3322 5668 3633 5725 ἐνοικοῦντα
3655 5669 3720 5739 τῇ
3745 5665 3891 5737 ψυχῇ
3922 5664 4015 5721 καὶ

838 5823 880 5855 ³η
929 5820 1062 5879 Luc.
1102 5839 1247 5885 xviu,
1284 5825 1313 5876 7
1414 5827 1452 5855 ²¹
1502 5826 1695 5895 Ephcs.
1751 5845 1819 5888 IV,
1883 5829 1967 5882 9.2.
2048 5832 2089 5861 ²²
2136 5831 2276 5889 Paul.
2341 5848 2480 5892 mn,
2517 5834 2545 5884 Β
