4266 6356
197 381 309 445 465

1446 390 1812 451 HOMILUE.
1842 413 1911 426 -
1939 391 2123 452 ΗΟΜ.
2162 391 2243 452 ΙΙ.

3332 395 3437 458 466

200 494 282 565 τῷ
312 492 546 563 σώματι.
580 496 687 548 Καὶ
724 496 909 562 πάλιν,
951 498 1140 569 ὥσπερ
1168 517 1251 562 τις
1291 499 1489 572 θεωρεῖ
1524 500 1769 553 πετεινὸν
1795 499 1885 557 At

1757 517 1769 550 ρ
1795 499 1847 557 Α
1870 514 2013 566 sum,
2034 498 2500 570 quemadmodum
2549 498 2594 555 si
2617 501 2741 569 quis
2764 500 2945 555 cernit
2964 513 3119 554 avem
3144 498 3442 565 volantem,

203 586 523 655 πετόμενον,
552 588 645 641 καὶ
672 586 914 657 βούλεται
948 591 1041 643 καὶ
1074 590 1237 655 αὐτὸς
1272 593 1492 661 πτῆναι,
1526 591 1602 662 μὴ
1632 591 1773 659 ἔχων

203 678 262 729 δέ
306 679 480 745 πτερὰ
548 680 826 743 ἀδυνάτως
875 679 987 751 ἔχει
1032 680 1332 736 πέτασθαι·
1378 680 1522 735 οὔτω
1549 684 1641 735 καὶ
1692 681 1772 751 τῷ

205 766 499 837 ἀνθρώπῳ,
535 767 597 821 τὸ
641 770 739 838 μὲν
780 769 953 824 θέλειν
991 772 1324 842 παράκειται
1371 770 1465 826 τοῦ
1510 767 1647 825 εἶναι
1678 790 1774 825 κα-

209 857 397 928 Θαρὸν,
450 858 546 911 καὶ
588 859 838 928 ἄμωμον,
890 861 989 914 καί⁵
1036 862 1284 927 ἄσπιλον,
1312 862 1406 916 καὶ
1437 867 1512 934 μη
1542 860 1687 932 ἔχειν
1714 862 1774 914 ἐν

207 950 389 1020 ἐαυτῷ
420 952 520 1021 τὴν
548 954 765 1018 κακίαν,
805 953 923 1007 ἁλλ’
954 956 1040 1008 ἀεὶ
1074 956 1211 1025 μετὰ
1238 956 1331 1010 τοῦ
1360 955 1494 1010 Θεοῦ
1524 952 1685 1021 εἶναι,
1713 956 1775 1009 τὸ

204 1042 469 1098 δύνασθαι
496 1044 555 1098 δὲ
582 1045 681 1099 οὐκ
708 1044 821 1117 ἔχει
842 1063 857 1081 ο
897 1048 1236 1119 πετασθῆναι
1281 1051 1379 1120 μὲν
1410 1051 1491 1112 είς
1522 1050 1612 1103 τὸν
1637 1049 1776 1119 ἁέρα

206 1135 302 1188 τὸν
327 1134 507 1189 θεῖκδν
539 1136 633 1191 καὶ
659 1138 760 1207 τὴν
793 1137 1107 1211 ἐλευθερίαν
1131 1138 1225 1192 τοῦ
1259 1142 1415 1208 ἁγίου
1459 1141 1777 1213 Πνεύματος

209 1228 375 1288 θέλει,
407 1228 524 1283 ἀλλ’
549 1229 644 1281 ἐὰν
678 1230 753 1301 μὴ
789 1230 931 1303 λάϐῃ
960 1232 1257 1301 πτέρυγας,
1280 1234 1342 1287 ού
1366 1233 1610 1289 δύναται.
1658 1235 1773 1288 [Ια-

211 1320 607 1389 ρακαλέσωμεν
639 1320 729 1373 οὖν
763 1322 855 1376 τὸν
886 1322 1040 1386 Θεὸν,
1080 1323 1167 1377 ἵνα
1206 1322 1281 1392 δῷ
1317 1326 1450 1394 ἡμῖν
1502 1324 1778 1395 πτέρυγας

210 1415 542 1483 περιστερᾶς
581 1412 676 1466 τοῦ
713 1414 870 1481 ἁγίου
914 1416 1252 1485 Πνεύματος,
1289 1418 1375 1471 ἴνα
1421 1417 1779 1488 πετασθῶμεν

211 1506 354 1575 πρὸς
395 1506 558 1559 αὑτὸν
607 1508 702 1559 καὶ
733 1509 1191 1580 καταπαύσωμεν,
1232 1512 1325 1564 καὶ
1353 1511 1439 1564 ῐνα
1483 1510 1780 1583 διαχωρίσῃ

210 1598 311 1651 καὶ
344 1599 527 1671 παύσῃ
569 1599 677 1654 ἀπὸ
709 1600 813 1669 τῆς
858 1601 1037 1671 ψυχῆς
1076 1602 1171 1656 καὶ
1232 1601 1328 1655 τοῦ
1356 1602 1606 1673 σώματος
1628 1600 1786 1672 ἡμῶν

210 1689 305 1741 τὸν
329 1690 564 1759 πονηρὸν
602 1691 824 1759 ἄνεμον,
846 1691 1015 1759 αὐτὴν
1046 1692 1145 1761 τὴν
1175 1692 1448 1763 ἁμαρτίαν
1470 1692 1567 1761 τὴν
1597 1707 1781 1745 κατοι-

212 1779 419 1833 κοῦσαν
462 1782 520 1833 ἐν
558 1783 671 1845 τοῖς
720 1782 903 1850 μέλεσι
947 1782 1043 1849 τῆς
1083 1781 1261 1853 ψυχῆς
1288 1782 1504 1836 καὶτοῦ
1532 1785 1783 1853 σώματος

212 1872 395 1941 ἡμῶν.
429 1873 587 1943 Δὺτῷ
618 1875 725 1944 γὰρ
792 1875 938 1944 μόνῳ
966 1874 1186 1929 δυνατὸν
1216 1876 1374 1929 τοῦτο
1398 1877 1639 1945 ποιῆσαι.
1673 1877 1785 1933 Ἴδε

212 1963 540 2034 γὰρ,φησὶν,
558 1967 592 2019 ό
619 1964 820 2033 Ἀμνὸς
834 1967 939 2020 τοῦ
958 1965 1105 2020 Θεοῦ
1121 1968 1154 2020 ὁ
1164 1966 1345 2034 αιρων
1364 1966 1477 2031 τὴν
1493 1966 1785 2036 ἁμαρτίαν

214 2057 324 2111 τοῦ
354 2059 606 2126 κόσμου.
638 2058 812 2121 Αὐτὸς
839 2059 998 2130 μόνος
1038 2062 1139 2133 τὴν
1184 2062 1551 2134 ἐλεημοσύνην
1583 2064 1785 2134 ταύτην

215 2146 440 2215 ἐποίησε
496 2148 603 2202 τῶν
642 2148 949 2220 ἀνθρώπων
981 2153 1092 2208 τοῖς
1120 2152 1465 2206 πιστεύουσιν
1497 2154 1665 2225 αὐτῷ,
1699 2157 1785 2209 ὅτι

215 2238 508 2308 λυτροῦται
540 2239 653 2293 ἀπὸ
681 2241 782 2311 τῆς
824 2242 1119 2313 ἁμαρτίας,
1153 2244 1383 2309 καὶτοῖς
1417 2246 1786 2317 προσδοκῶσιν

215 2332 308 2385 ἀεὶ
336 2333 431 2385 καὶ
461 2332 761 2402 ἐλπίζουσι,
813 2336 905 2387 καὶ
940 2335 1194 2405 ζητοῦσιν
1232 2337 1615 2405 ἀδιαλείπτως,
1645 2340 1791 2392 ποιεῖ

218 2424 322 2493 τὴν
348 2425 620 2493 σωτηρίαν
649 2425 852 2496 ταύτην
882 2426 979 2498 τὴν
1009 2427 1413 2499 ἁνεκδιήγητον.

293 2518 370 2571 A'.
409 2515 622 2585 Ὠσπερ
673 2517 732 2569 ἐν
780 2519 937 2572 νυκτὶ
970 2518 1175 2591 ζοφερᾷ
1230 2521 1323 2573 καὶ
1372 2521 1598 2595 μελαίνῃ
1638 2522 1789 2577 πνέει

220 2606 423 2676 ἁνιμός
454 2624 539 2669 τις
560 2608 773 2677 ἁγριος,
800 2610 894 2662 καὶ
920 2611 1094 2663 πάντα
1135 2612 1204 2663 τὰ
1231 2612 1375 2679 φυτὰ
1409 2614 1501 2665 καὶ
1533 2613 1600 2665 τὰ
1624 2615 1790 2682 σπέρ-

227 2720 376 2771 ματα
421 2705 582 2766 κινεῖ,
626 2706 717 2756 καὶ
762 2706 976 2775 ἐρευνᾷ,
1006 2707 1100 2759 καὶ
1150 2706 1314 2759 σείει·
1344 2706 1485 2759 οὕτω
1523 2708 1617 2759 καὶ
1642 2708 1670 2758 6
1694 2707 1788 2759 ἁν-

224 2795 445 2865 ορωπος
467 2794 647 2848 πεσὼν
670 2797 773 2848 ὑπὸ
798 2798 897 2867 τὴν
927 2797 1177 2861 ἐξουσίαν
1205 2797 1306 2863 τῆς
1330 2798 1521 2861 νυκτὸς
1543 2797 1637 2850 τοῦ
1660 2798 1789 2851 σκό-

223 2900 375 2947 τους,
430 2884 534 2940 τοῦ
581 2884 841 2951 διαϐόλου,
885 2886 978 2938 καὶ
1021 2886 1096 2938 ὢν
1138 2888 1196 2938 ἐν
1235 2888 1391 2939 νυκτὶ
1442 2886 1535 2939 καὶ
1589 2886 1789 2949 σκότει,

224 2974 497 3027 κλονεῖται
546 2975 623 3043 τῷ
676 2976 832 3045 δεινῷ
869 2977 1054 3047 ἀνέμῳ
1088 2976 1187 3045 τῆς
1231 2976 1505 3046 ἁμαρτίας
1554 2976 1790 3039 πνέοντι,

225 3068 325 3119 καὶ
357 3068 584 3131 σείεται,
614 3069 707 3121 καὶ
732 3072 975 3123 κινεῖται.
1009 3071 1116 3122 Καὶ
1144 3070 1431 3138 ἐρευνᾶται
1477 3070 1657 3122 πᾶσαν
1694 3068 1793 3138 τὴν

1872 592 1990 645 vult
2029 601 2087 646 et
2142 593 2259 661 ipse
2318 592 2535 653 volare,
2568 591 2670 647 alis
2719 606 2851 645 vero
2900 590 3199 645 destitutus
3256 591 3443 646 volare

1872 682 2063 751 nequit
2102 698 2116 736 :
2143 682 2223 736 sic
2253 697 2475 751 quoque
2500 682 2707 736 homini
2737 682 2894 737 adest
2915 682 3189 744 voluntas,
3218 696 3439 750 purum,

1873 773 2415 842 irreprehensibilem
2454 784 2512 829 et
2543 774 2891 843 impollutum
2939 790 3081 836 esse,
3130 773 3267 828 nihil
3325 791 3443 829 ma-

1872 864 2004 920 litiae
2032 864 2089 919 in
2119 880 2179 919 se
2216 865 2338 934 ipso
2362 865 2589 928 habere,
2615 865 2711 919 sed
2742 881 2961 936 semper
2986 881 3112 920 cum
3157 866 3271 920 Deo
3315 880 3446 921 con—

1873 960 2106 1024 versari,
2141 961 2454 1017 facultatem
2482 976 2615 1017 vero
2642 977 2751 1015 non
2778 961 2963 1016 habet.
3000 962 3190 1017 Volare
3218 961 3443 1033 quidem

1876 1050 1930 1104 in
1958 1064 2142 1105 aerem
2175 1050 2425 1107 divinum
2452 1059 2619 1121 atque
2644 1050 2956 1106 libertatem
3000 1051 3237 1121 Spiritus
3268 1052 3443 1108 sancti

1876 1142 2051 1212 cupit,
2078 1142 2196 1206 sed,
2224 1143 2329 1199 nisi
2358 1145 2601 1214 acceptis
2632 1143 2755 1207 alis,
2788 1160 2897 1198 non
2919 1144 3450 1213 potest..Precemur

1882 1234 2049 1305 igitur
2104 1236 2299 1301 Deum,
2349 1244 2408 1290 ut
2450 1236 2717 1291 concedat
2745 1235 2907 1291 nobis
2939 1236 3054 1308 alas
3099 1236 3371 1292 columba:
3398 1238 3447 1270 "

1879 1327 2054 1382 sancti
2107 1328 2365 1398 Spiritus,
2411 1336 2474 1382 ut
2518 1328 2768 1383 volemus
2792 1328 2859 1383 ad
2886 1343 3015 1383 eum
3040 1337 3098 1382 et
3134 1330 3450 1399 requiesca-

1880 1432 2019 1482 mus,
2053 1428 2115 1471 ut
2141 1418 2308 1473 etiam
2342 1428 2593 1491 segreget
2622 1429 2680 1475 et
2715 1420 2869 1474 tollat
2915 1421 2987 1475 ab
3018 1421 3201 1475 anima
3234 1431 3290 1476 et
3321 1437 3446 1478 cor-

1881 1524 2013 1578 pore
2041 1519 2233 1565 nostro
2268 1510 2584 1580 improbum
2608 1523 2859 1576 ventum,
2891 1513 3072 1582 ipsum
3090 1514 3302 1569 scilicet
3324 1530 3451 1583 pec-

1880 1611 2063 1655 catum
2103 1601 2159 1656 in
2192 1603 2453 1657 membris
2480 1604 2676 1659 anima:
2713 1613 2770 1658 et
2809 1606 3061 1673 corporis
3090 1607 3264 1659 nostri
3297 1606 3452 1661 habi-

1882 1697 2024 1747 tans.
2048 1692 2153 1761 lpsi
2171 1694 2319 1748 enim
2346 1694 2451 1748 hoc
2470 1694 2651 1749 facere
2682 1696 2857 1749 solum
2879 1708 2964 1751 est
2984 1697 3271 1766 possibile.
3296 1698 3450 1761 Ecce,

1883 1782 1960 1836 ait
1992 1784 2161 1846 enim,
2202 1784 2383 1854 Agnus
2423 1784 2539 1848 Dei,
2590 1786 2678 1854 qui
2732 1786 2866 1839 tollit
2921 1795 3133 1857 peccata
3182 1790 3363 1841 mundi
3382 1789 3449 1837 “.

1884 1873 2005 1943 Ipse
2055 1875 2204 1929 solus
2249 1875 2686 1930 misericordiam
2736 1877 2899 1943 banc,
2947 1878 3096 1947 quod
3149 1895 3179 1932 a
3226 1886 3455 1948 peccato

1884 1967 2137 2034 redimat,
2191 1968 2442 2023 exhibuit
2490 1970 2807 2025 hominibus
2862 1972 2923 2026 iu
2974 1988 3033 2027 se
3071 1973 3449 2037 credentibus,

1883 2066 1940 2113 et
1997 2058 2138 2113 hanc
2193 2059 2621 2115 inenarrabilem
2667 2062 2900 2115 salutem
2962 2063 3176 2118 confert
3232 2079 3453 2134 semper

1883 2152 2347 2219 exspectantibus,
2411 2161 2469 2207 et
2522 2153 2740 2208 assidue
2797 2155 3174 2211 quaerentibus
3207 2172 3358 2221 eum,
3396 2156 3453 2233 in

1885 2256 2060 2313 eoque
2089 2258 2241 2313 spem
2271 2259 2425 2299 suam
2452 2245 2788 2314 ponentibus

1958 2516 2045 2571 Ν.
2084 2516 2554 2583 Quemadmodum
2578 2518 2634 2571 in
2655 2527 2816 2572 nocte
2835 2518 3129 2588 caliginosa
3146 2530 3202 2573 et
3221 2519 3456 2574 obscura

1888 2607 2185 2663 vehemens
2220 2608 2442 2677 quidam
2472 2617 2669 2663 ventus
2696 2610 2889 2678 spirat,
2934 2618 2991 2664 et
3019 2626 3211 2665 omnes
3238 2612 3455 2680 plantas

1891 2716 1955 2755 ac
1987 2700 2195 2755 semina
2225 2702 2491 2767 concutit,
2523 2711 2832 2758 commovet
2889 2713 2945 2758 et
2971 2706 3137 2774 agitat
3170 2721 3183 2757 :
3219 2704 3300 2758 sic
3323 2720 3458 2773 quo-

1891 2806 1999 2861 que
2028 2791 2192 2845 homo
2220 2792 2405 2861 lapsus
2427 2794 2529 2847 sub
2556 2803 2883 2863 potestatem
2905 2796 3086 2849 noctis
3105 2794 3457 2849 tenebrarum

1892 2882 2117 2948 diaboli,
2179 2885 2332 2938 etin
2393 2894 2553 2941 nocte
2610 2886 2967 2957 tenebrisque
3029 2888 3254 2957 degens,
3307 2887 3459 2957 gravi

1892 2985 2057 3029 vento
2099 2977 2309 3045 peccati
2359 2975 2524 3031 ﬂante
2578 2988 2976 3042 commovetur,
3030 2980 3344 3033 concutitur
3404 2989 3462 3033 et

1894 3076 2202 3135 quassatur,
2235 3068 2329 3136 qui
2369 3084 2587 3123 omnem
2622 3079 2895 3136 naturam,
2942 3070 3179 3124 animam
3227 3069 3459 3132 scilicet,

224 3158 413 3226 φύσιν,
462 3160 564 3229 τὴν
607 3158 805 3230 ψυχὴν,
846 3161 971 3223 τοὺς
1016 3161 1308 3231 λογισμοὺς
1347 3161 1512 3215 αὑτοῦ
1562 3163 1653 3215 καὶ
1698 3163 1788 3216 τὸν
1814 3176 1858 3236 c
1901 3159 1909 3226 ξ

1777 3176 1858 3236 ρο
1901 3158 2005 3227 ιο
2060 3158 2420 3229 cogitationes
2464 3169 2521 3214 et
2569 3170 2806 3214 mentem
2835 3168 3211 3230 perscrutatur
3237 3178 3251 3214 :
3277 3160 3462 3213 omnia

224 3252 375 3305 vo-3v.
420 3252 531 3305 Kal.
567 3251 745 3305 πάντα
787 3253 991 3306 σείεται
1030 3254 1098 3306 τὰ
1144 3253 1431 3323 σωματικὰ
1477 3254 1649 3324 μέλη·
1698 3256 1792 3308 καὶ

223 3345 385 3397 οὐδὲν
410 3344 726 3414 ἐλεύθερον,
762 3345 884 3397 οὐδὲ
910 3344 1119 3409 ἀπαθὲς
1147 3346 1307 3413 μέλος
1334 3345 1509 3415 ψυχῆς
1533 3346 1565 3416 ἢ
1603 3346 1791 3414 σώμα-

225 3436 319 3497 τός
357 3437 504 3489 ἐστιν
546 3437 654 3488 ἀπὸ
694 3438 793 3505 τῆς
843 3433 1159 3505 ἐνοικούσης
1200 3437 1258 3487 ἐν
1308 3436 1440 3504 ἡμῖν
1487 3436 1791 3504 ἁμαρτίας’

225 3527 429 3595 ὁμοίως
479 3528 627 3581 ἐστὶν
672 3527 855 3597 ἡμέρα
908 3528 1085 3595 φωτὸς
1132 3528 1226 3579 καὶ
1276 3526 1473 3594 ἄνεμος
1529 3528 1669 3587 Gaio;
1701 3526 1793 3579 τοῦ

226 3618 386 3683 ἁγίου
433 3616 767 3685 Πνεύματος,
800 3617 977 3668 πνέων
1010 3617 1103 3669 καὶ
1136 3612 1427 3684 ἀναψύχων
1465 3615 1563 3677 τὰς
1600 3615 1794 3684 ψυχὰς,

226 3710 326 3772 τὰς
353 3709 518 3770 οὓσας
546 3711 605 3761 ἐν
628 3710 811 3779 ἡμέρᾳ
861 3708 954 3761 τοῦ
980 3707 1153 3774 φωτὸς
1188 3705 1280 3758 τοῦ
1334 3706 1514 3759 θεῖκοῦ
1536 3722 1549 3735 '
1578 3708 1671 3759 καὶ
1718 3707 1798 3760 δι-

231 3801 384 3855 ικνού
393 3819 551 3871 μενος
569 3802 746 3854 πᾶσαν
776 3800 874 3870 τὴν
903 3800 1198 3853 ύπότασιν
1218 3798 1317 3863 τῆς
1334 3796 1531 3867 ψυχῆς,
1551 3798 1646 3850 καὶ
1671 3799 1796 3860 τοὺς

232 3893 535 3961 λσγισμοὺς
581 3892 670 3943 καὶ
723 3892 905 3943 πᾶσαν
958 3890 1050 3958 τὴν
1111 3888 1321 3952 οὐσίαν,
1362 3889 1457 3940 καὶ
1508 3889 1686 3939 πάντα
1730 3888 1800 3939 τὰ

235 3984 375 4053 μέλη
405 3980 501 4034 τοῦ
528 3980 778 4050 σώματος
805 3979 1096 4049 ἀναψύχων
1113 3977 1206 4030 καὶ
1236 3977 1530 4032 ἀναπαύων
1558 3976 1799 4030 ἀναπαύ-

234 4090 317 4126 σει
352 4072 509 4139 Θεῖκῇ
542 4071 636 4123 καὶ
666 4070 933 4140 ἁλαλήτῳ.
977 4068 1145 4122 Τοῦτο
1176 4067 1357 4133 ἔλεγεν
1390 4070 1417 4121 6
1456 4067 1797 4130 Ἀπόστολος·

242 4163 434 4232 Ἡμεῖς
467 4162 536 4215 δὲ
564 4164 674 4215 οὐκ
692 4160 877 4228 ἐσμὲν
897 4160 1076 4213 τέκνα
1102 4160 1339 4223 νυκτός,
1362 4158 1503 4211 οὐδὲ
1523 4160 1800 4222 σκότους·

234 4257 458 4320 πάντες
490 4254 599 4322 γὰρ
626 4254 793 4322 ὑμεῖς
829 4252 945 4306 vlo!
976 4252 1165 4321 ςπθωτός
1192 4251 1352 4314 ἐστε,
1391 4250 1487 4302 καί
1520 4249 1635 4302 υίοί
1660 4247 1804 4316 ἠμέ-

226 4365 364 4415 ρας.
404 4346 511 4398 Καὶ
526 4345 713 4414 ὥσπερ
742 4346 859 4396 ἐκεί
889 4345 947 4395 ἐν
978 4344 1045 4411 τῇ
1081 4342 1254 4411 πλάνῃ
1286 4340 1568 4411 ἄνθρωπον
1600 4339 1807 4393 τέλειον

234 4438 545 4493 ἀπεδύσατο
574 4438 604 4488 ὁ
650 4435 881 4497 παλαιὸς
926 4433 1229 4498 ἄνθρωπος,
1275 4432 1368 4485 καὶ
1408 4432 1565 4500 φορεῖ
1606 4430 1808 4500 ἔνδυμα

1892 3250 2131 3320 denique
2190 3252 2588 3306 concutiuntur
2646 3252 2895 3321 corporis
2946 3251 3230 3315 membra,
3280 3266 3461 3319 neque

1894 3340 2067 3393 ullum
2097 3341 2404 3394 membrum
2435 3342 2631 3395 animae
2653 3350 2749 3396 aut
2784 3342 3034 3411 corporis
3063 3340 3327 3405 immune,
3359 3356 3463 3395 nec

1894 3432 2066 3486 ullum
2096 3433 2164 3486 ab
2196 3433 2584 3488 all‘ectionibus
2606 3434 2840 3503 peccati,
2874 3434 2931 3487 in
2957 3433 3119 3487 nobis
3142 3431 3461 3495 habitantis,

1895 3521 2133 3576 liberum
2161 3532 2245 3577 est
2281 3542 2292 3576 :
2326 3524 2525 3577 similis
2564 3524 2748 3591 itaque
2799 3524 2919 3578 dies
2971 3524 3101 3589 luci,
3155 3534 3211 3579 et
3267 3533 3466 3578 ventus

1897 3612 2118 3667 divinus
2154 3611 2383 3681 Spiritui
2432 3624 2642 3674 sancto.
2676 3614 2990 3683 perspiraus
3044 3624 3100 3667 et
3154 3613 3467 3668 rel’ocillans

1900 3702 2132 3766 animas,
2166 3718 2286 3773 quae
2316 3702 2369 3755 in
2402 3702 2491 3756 die
2534 3703 2677 3758 lucis
2714 3703 2915 3757 divina:
2962 3703 3176 3766 vivunt,
3226 3712 3280 3756 et
3337 3717 3465 3771 per-

1902 3798 2174 3853 transiens
2200 3814 2417 3853 omnem
2462 3806 2712 3852 naturam
2749 3798 2944 3852 animae
2995 3806 3051 3853 et
3080 3798 3465 3868 cogitationes,

1900 3905 1965 3944 ac
2021 3905 2237 3943 omnem
2288 3890 2670 3952 substantiam,
2705 3899 2761 3943 et
2823 3890 3008 3943 omnia
3063 3890 3306 3943 membra
3338 3903 3468 3942 cor-

1901 3979 2052 4047 poris
2076 3995 2331 4034 recreans
2360 3988 2417 4033 et
2453 3979 2769 4033 refocillans
2798 3978 2987 4033 divina
3029 3985 3086 4032 et
3112 3977 3470 4032 inenarrabili

1904 4068 2112 4136 requie.
2156 4068 2213 4121 Id
2265 4069 2411 4137 quod
2448 4068 2586 4121 dixit
2628 4068 2921 4136 Apostolus
2958 4084 2971 4119 :
3004 4066 3110 4121 Nos
3159 4084 3261 4119 non
3292 4084 3472 4119 sumus

1903 4161 2003 4229 ﬁlii
2033 4164 2218 4225 noctis,
2252 4179 2415 4230 neque
2456 4162 2787 4214 tenebrarum
2817 4176 2835 4214 :
2860 4176 3038 4213 omnes
3077 4162 3217 4213 enim
3254 4176 3341 4213 vos
3372 4158 3475 4228 [itii

1908 4254 2037 4307 lucis
2060 4254 2181 4307 estis
2208 4262 2254 4303 ct
2292 4252 2389 4317 ﬁlii
2412 4251 2597 4305 diei".
2641 4252 2708 4305 Et
2741 4250 3203 4318 quemadmodum
3235 4250 3369 4313 illic,
3410 4249 3467 4303 in

1904 4346 1992 4399 via
2022 4359 2274 4407 erronca,
2302 4344 2580 4396 hominem
2610 4344 2879 4410 integrum
2903 4357 2967 4395 ac
2992 4341 3295 4411 perfectum
3324 4341 3477 4395 exuit

1908 4436 2074 4489 homo
2102 4444 2279 4497 vetus,
2309 4442 2366 4487 et
2409 4442 2584 4503 gestat
2612 4433 2993 4486 indumentum
3036 4432 3187 4501 regni
3223 4430 3476 4485 tenebra-

238 4531 521 4603 βασιλείας
568 4530 815 4591 σκότους,
866 4526 1067 4595 ἔνδυμα
1104 4525 1471 4594 βλασφημίας,
1521 4524 1797 4611 ἀπιστίας,
1831 4520 1875 4575 D
1908 4543 1923 4579 ι

1787 4520 1875 4591 ,1)
1908 4541 2051 4586 rum,
2107 4524 2500 4578 vestimentum
2554 4523 2926 4591 blaSphemiaa,
2988 4521 3325 4584 dillitleutiaa,
3373 4537 3472 4575 au-

234 4622 493 4692 αφοὸίας,
554 4620 895 4685 κενοδοξίας,
948 4616 1355 4685 ὑπερηφανίας,
1400 4614 1804 4685 φιλαργυρίας,

235 4712 566 4781 ἐπιθυμίαςο
600 4712 692 4762 καὶ
734 4710 799 4762 τὰ
852 4706 988 4761 ἄλλα
1036 4706 1240 4775 ὁμοίως
1274 4705 1377 4775 τῆς
1405 4704 1680 4775 βασιλείας
1714 4704 1808 4757 τοῦ

238 4807 468 4865 σκότους
487 4803 768 4871 φορέματα
799 4798 1015 4869 ρακώδη
1040 4800 1135 4851 καὶ
1156 4798 1461 4865 ἀκάθαρτα,
1487 4800 1581 4850 καὶ
1608 4798 1801 4867 μιαρὰ-

237 4897 385 4948 οὕτω
420 4894 582 4947 πάλιν
625 4891 857 4945 ἐνταῦθα
894 4890 1008 4942 ὅσοι
1059 4886 1398 4941 ἁπεδύσαντο
1441 4888 1534 4939 τὸν
1576 4888 1805 4940 παλαιὸν

238 4984 339 5035 καὶ
378 4981 733 5049 καταχθόνιον
770 4978 1073 5049 ἄνθρωπον,
1111 4977 1201 5029 καὶ
1222 4978 1379 5040 ὅσους
1409 4977 1474 5029 ἁν
1504 4976 1753 5043 ἐξέδυσεν
1781 4980 1808 5029 6

251 5072 464 5142 Ἰησοῦς
517 5072 585 5124 τὰ
634 5072 907 5140 ἐνδύματα
960 5070 1060 5137 τῆς
1101 5068 1374 5137 βασιλείας
1412 5067 1507 5120 τοῦ
1562 5069 1809 5131 σκότους,

239 5164 563 5219 ἐνεδύσαντο
596 5164 683 5217 τὸν
727 5168 845 5215 νέον
886 5163 981 5215 καὶ
1026 5162 1343 5229 ἐπουράνιον
1381 5160 1665 5230 ἄνθρωπον
1709 5161 1812 5230 Ἰη-

242 5256 375 5310 σοῦν
398 5256 654 5325 Χριστὸν,
690 5255 852 5307 πὰλιν
883 5253 1083 5324 ὁμοίως
1116 5252 1425 5321 ὀφθαλμοὺς
1453 5250 1588 5320 πρὸς
1618 5251 1814 5319 ὀφθαλ-

245 5350 405 5418 μοὺς,
441 5342 557 5401 ὦτα
599 5348 735 5416 πρὸς
774 5341 911 5409 ὦτα,
952 5344 1193 5413 κεφαλὴν
1235 5344 1371 5413 πρὸς
1416 5342 1677 5414 κεφαλὴν,
1727 5344 1813 5397 ἵνα

242 5440 365 5503 ὅλος
396 5439 634 5509 καθαρὸς
662 5434 719 5509 ᾖ,
758 5438 851 5491 καὶ
883 5438 1061 5508 φορῶν
1089 5436 1187 5506 τὴν
1212 5434 1530 5506 ἐπουράνιον
1561 5435 1765 5489 είκόνα.

318 5530 397 5584 Ε’.
430 5531 540 5583 Καὶ
578 5530 824 5581 ἐνέδυσεν
852 5527 1050 5589 αὐτοὺς
1080 5526 1108 5577 6
1141 5524 1343 5597 Κύριος
1368 5524 1641 5594 ἐνδύματα
1669 5524 1815 5593 βασι-

243 5628 398 5691 λείας
440 5627 616 5697 φωτὸς
655 5625 918 5697 ἁρῤήτου,
961 5622 1232 5691 ἐνδύματα
1270 5621 1523 5685 πίστεως,
1578 5619 1812 5683 ἐλπίδος,

325 5813 370 5841 "'
397 5809 534 5867 I’sal.
566 5826 629 5865 ιν
682 5815 728 5864 7.
808 5812 852 5844 “
888 5811 1043 5867 Joan.
1078 5827 1112 5870 ι,
1148 5806 1235 5860 ‘29.
1315 5806 1360 5836 "
1396 5804 1413 5857 1
1443 5803 1633 5859 Thess.
1667 5819 1715 5866 ν,
1751 5801 1797 5854 5.

1908 4615 2097 4679 dacize,
2132 4613 2309 4666 inanis
2342 4612 2546 4681 gloriae,
2601 4610 2893 4679 superbiat,
2930 4610 3172 4664 avaritia:
3236 4619 3291 4664 et
3339 4624 3472 4662 con-

1907 4705 2277 4777 cupiscentia,
2310 4714 2362 4756 et
2396 4703 2499 4757 alia
2531 4702 2734 4757 similia
2792 4700 2947 4771 regni
2996 4700 3345 4755 tenebrarum
3378 4715 3474 4769 ge-

1908 4797 2140 4852 stamina
2176 4809 2417 4865 pannosa
2438 4833 2452 4857 ,
2486 4794 2701 4861 impura
2749 4800 2805 4846 et
2855 4791 3226 4845 contaminata
3259 4808 3273 4842 :
3307 4791 3387 4843 sic
3443 4804 3475 4844 ο

1908 4902 2174 4942 converso
2204 4885 2518 4955 quicunque
2568 4890 2841 4936 exuerunt
2893 4890 3136 4935 veterem
3188 4888 3245 4935 et
3296 4890 3473 4933 tcrre-

1909 4991 2080 5033 strem
2111 4978 2410 5034 hominem.
2436 4984 2491 5029 et
2520 4988 2877 5043 quoscunque
2908 4973 3058 5026 exuit
3092 4972 3251 5026 Jesus
3300 4971 3466 5024 vcsti-

1909 5070 2110 5125 mentis
2143 5068 2291 5138 regni
2345 5066 2718 5127 tenebrarum,
2750 5064 3048 5117 induerunt
3081 5062 3159 5116 illi
3187 5076 3391 5115 novum
3422 5071 3479 5115 ct

1909 5163 2187 5217 caelestem
2236 5156 2512 5211 hominem
2570 5156 2756 5209 Jesum
2792 5153 3109 5215 Christum,
3164 5160 3224 5205 ut
3284 5166 3513 5205 rursus.

1910 5254 2055 5309 oculi
2084 5251 2279 5313 oculis,
2314 5266 2476 5304 aures
2519 5247 2769 5309 auribus,
2807 5252 2975 5313 caput
3024 5244 3188 5313 capiti
3244 5243 3475 5312 conjun-

1914 5354 2131 5416 gantur,
2164 5352 2224 5397 ut
2261 5351 2405 5397 totus
2435 5356 2609 5411 purus
2634 5340 2725 5404 sit,
2752 5348 2970 5407 gestans
3018 5336 3310 5405 imaginem
3363 5349 3471 5390 ca;-

1918 5438 2134 5491 lestem.

1990 5529 2052 5582 γ.
2094 5528 2159 5580 Et
2205 5525 2385 5579 induit
2414 5523 2562 5592 ipsos
2615 5520 2879 5575 Dominus
2928 5513 3266 5574 indumentis
3318 5510 3471 5581 regni

1920 5620 2057 5675 lucis
2088 5632 2317 5678 arcanae,
2364 5611 2698 5670 indumentis
2744 5608 2892 5677 ﬁdei,
2949 5608 3087 5681 spei,
3139 5601 3471 5666 dilectionis,
