4266 6356
804 390 906 454 ιθτ

2029 398 2091 460 S.
2131 398 2448 460 MACARII
2488 401 2805 461 EGYPTII

3928 389 4036 454 468

804 502 1012 573 gaudii,
1059 503 1228 573 pacis,
1264 504 1547 572 bonitatis,
1601 507 1959 565 humanitatis
2009 520 2065 565 et
2116 512 2373 567 omnibus
2406 532 2489 584 Α(

2356 529 2373 567 ε
2406 533 2447 584 Α
2478 515 2718 584 ἀγάπης.
2741 529 2932 583 χαραςι
2964 514 3205 584 εἰρήνης.
3240 507 3618 578 ἀγαθωσύνης.
3652 504 4041 577 χρηστότητοςι

806 593 1019 648 ceteris
1042 593 1376 649 indumentis
1407 594 1570 660 lucis,
1600 598 1748 663 vitae,
1782 599 2005 659 divinis.
2036 601 2370 666 viventibus,

804 686 1015 757 requiei
1061 688 1444 745 inenarrabilis
1472 708 1486 743 τ
1524 700 1586 745 ut
1617 692 1847 760 perinde
1876 709 1940 748 ac
1976 695 2120 749 Deus
2150 696 2375 751 dilectio

803 785 907 836 est.
940 777 1297 845 etgaudium,
1324 789 1378 833 et
1416 796 1541 850 pax,
1582 791 1637 835 et
1681 782 2007 855 benignitas,
2041 795 2098 840 et
2131 787 2372 854 bonitas,

806 866 1012 922 taliSIet
1038 884 1210 923 novus
1244 870 1407 925 homo
1441 873 1535 927 tiat
1569 890 1667 943 per
1695 877 1948 944 gratiam.
1999 878 2067 932 Et
2106 880 2373 948 quemad-

807 958 1033 1012 modum
1067 975 1293 1029 regnum
1321 963 1676 1019 tenebrarum
1706 974 1762 1021 et
1790 976 2080 1036 peccatum
2108 970 2164 1024 in
2193 971 2375 1025 anima

808 1065 982 1117 usque
1032 1050 1104 1105 ad
1162 1051 1306 1105 diem
1358 1056 1779 1111 resurrectionis
1838 1058 2219 1115 absconditum
2267 1070 2373 1127 est,

809 1140 1028 1208 quando
1069 1142 1248 1211 ipsum
1303 1160 1505 1214 corpus
1538 1156 1894 1216 peccatorum
1946 1167 2071 1205 cum
2135 1153 2379 1208 tenebris

811 1246 955 1285 nunc
979 1232 1033 1285 in
1053 1232 1232 1287 anima
1254 1236 1543 1290 occultatis
1568 1239 1904 1293 revelabitur
1929 1258 1941 1293 :
1965 1242 2042 1295 sic
2067 1251 2122 1296 et
2148 1258 2377 1313 regnum

807 1324 967 1389 lucis,
997 1333 1054 1379 et
1098 1327 1341 1382 caelestis
1385 1330 1582 1401 imago,
1637 1334 1797 1390 Jesus
1828 1334 2102 1400 Christus,
2152 1338 2379 1407 mystice

812 1432 958 1471 nunc
984 1418 1221 1474 animam
1262 1421 1555 1489 illuminat,
1588 1435 1642 1479 et
1682 1426 1999 1481 dominatur
2029 1429 2227 1483 animis
2249 1445 2378 1484 san—

811 1517 1048 1562 ctorum.
1106 1510 1474 1567 Absconditus
1552 1531 1685 1569 vero
1742 1518 1809 1571 ab
1864 1519 2039 1572 oculis
2094 1520 2380 1575 hominum

811 1597 1085 1664 Christus,
1111 1603 1242 1657 solis
1269 1606 1442 1659 oculis
1470 1608 1663 1662 anima:
1683 1624 1811 1662 vere
1833 1610 2176 1678 conspicitur
2204 1627 2380 1680 usque

811 1689 879 1741 ad
911 1690 1056 1745 diem
1091 1696 1519 1751 resurrectionis
1543 1738 1556 1760 ,
1588 1700 1811 1766 quando
1860 1711 1916 1754 et
1952 1700 2130 1768 ipsum
2179 1718 2381 1772 corpus

813 1782 1169 1847 revelabitur,
1225 1795 1281 1839 et
1338 1787 1738 1856 glorificabitur
1782 1793 1907 1848 luce
1957 1795 2210 1859 Domini,
2259 1812 2382 1865 qua:

2477 608 2570 659 aut
2611 609 2789 659 πάντα
2830 606 3033 676 ὁμοίως
3057 607 3124 659 τὰ
3171 604 3297 672 ἑξῆς
3324 601 3598 670 ἐνδύματα
3637 598 3836 667 φωτδςν
3872 596 4042 662 ζωῆς.

2476 694 2652 756 θεῖκὰ,
2689 695 2886 760 ζῶντα,
2912 694 3279 756 ἀναπαύσεως
3307 693 3696 761 ἁνεκλαλήτου,
3727 689 3812 741 Eva
3853 687 4047 755 ὥσπερ

2475 792 2503 843 ὀ
2534 786 2664 851 Θεὸς
2698 792 2882 859 ἀγάπη
2914 791 3049 856 ἐστὶ,
3084 790 3177 843 καὶ
3205 788 3369 858 χαρὰ,
3402 789 3495 840 καὶ
3528 786 3746 857 είρήνη,
3773 783 3869 836 καὶ
3907 798 4049 851 χρη-

2479 883 2690 951 στότης,
2718 886 2811 937 καὶ
2842 884 3194 953 ἀγαθωσύνηο
3222 882 3365 937 οὕτω
3410 881 3505 933 καὶ
3541 881 3569 932 ὀ
3598 878 3715 940 νέος
3755 877 4049 946 ἄνθρωπος

2477 978 2699 1045 γένηται
2753 977 2893 1029 κατά
2947 977 3132 1045 χάριν.
3177 975 3285 1027 Καὶ
3331 972 3520 1041 ὥσπερ
3570 973 3603 1042 ἠ
3653 968 3904 1039 βασιλεία
3954 964 4051 1017 τοῦ

2480 1069 2705 1130 σκότους
2758 1070 2850 1121 καὶ
2896 1071 2927 1136 ἡ
2975 1068 3217 1137 ἁμαρτία
3254 1065 3563 1135 κέκρυπται
3607 1064 3686 1124 εἰς
3732 1062 3831 1130 τὴν
3864 1058 4053 1128 ψυχὴν

2478 1158 2581 1220 ἕως
2613 1159 2820 1227 ἡμέρας
2859 1161 2959 1227 τῆς
2986 1156 3352 1218 ἀναστάσεως,
3375 1156 3503 1208 ὅταν
3527 1153 3620 1205 καὶ
3646 1150 3777 1203 αὐτὸ
3802 1149 3864 1200 τὸ
3890 1148 4055 1216 σῶμα

2480 1252 2587 1303 τῶν
2619 1250 2957 1319 ἁμαρτωλῶν
2995 1249 3073 1319 τῷ
3110 1249 3288 1303 σκότει
3311 1245 3559 1316 καλυφθῇ
3593 1244 3672 1313 τῷ
3699 1242 3806 1297 ἀπὸ
3837 1242 3936 1294 τοῦ
3957 1239 4057 1292 νῦν

2480 1345 2848 1413 κεκρυμμένῳ
2899 1347 2976 1405 είς
3025 1344 3125 1411 τὴν
3177 1340 3554 1411 ψυχήν·οὒτω
3587 1339 3681 1391 καὶ
3729 1340 3764 1406 ἠ
3804 1335 4058 1405 βασιλεία

2479 1434 2574 1488 τοῦ
2598 1436 2796 1504 φωτὸς,
2825 1436 2918 1487 καὶ
2944 1436 2978 1504 ἡ
3009 1435 3327 1504 ἐπουράνιος
3374 1432 3540 1485 ειίκὼν
3581 1430 3787 1498 Ἰησοῦς
3817 1426 4060 1498 Χριστὸς

2485 1526 2763 1594 μυστικῶς
2797 1526 2890 1579 νῦν
2915 1526 3011 1597 τὴν
3045 1524 3225 1596 ψυχὴν
3269 1525 3515 1592 φωτίζει,
3551 1523 3646 1576 καὶ
3679 1522 3955 1592 βασιλεύει
3976 1521 4063 1581 είς

2480 1616 2577 1685 τὴν
2632 1616 2812 1685 ψυχῆν
2860 1614 2968 1668 τῶν
3019 1616 3224 1682 ἁγίων*
3275 1612 3655 1682 κεκρυμμένος
3699 1610 3757 1663 δὲ
3803 1610 3914 1663 άπὸ
3949 1609 4062 1661 τῶν

2482 1707 2775 1776 ὀφθαλμῶν
2806 1709 2912 1760 τῶν
2952 1706 3276 1774 ἀνθρώπων,
3312 1705 3495 1773 μόνοις
3527 1703 3645 1756 ἐστὶ
3683 1701 3919 1772 Χριστὸς
3946 1702 4063 1761 τοῖς

2482 1799 2579 1865 τῆς
2611 1798 2788 1868 ψυχῆς
2816 1798 3111 1867 ὀφθαλμοῖς
3142 1796 3513 1866 θεωρούμενος
3561 1796 3620 1848 ὲν
3670 1792 3899 1861 ἀληθείᾳ
3953 1790 4063 1853 ἕως

812 1886 960 1926 nunc
996 1882 1080 1929 est
1132 1875 1188 1929 in
1242 1878 1423 1932 anima
1456 1883 1719 1947 hominis,
1751 1893 1811 1937 ut
1862 1894 1919 1939 et
1966 1887 2144 1955 ipsum
2178 1903 2381 1957 corpus
2415 1905 2453 1958 Β
2482 1892 2497 1941 i

2375 1905 2453 1958 i3
2482 1891 2695 1960 ἡμέρας
2747 1891 2847 1959 τῆς
2905 1890 3277 1953 ἀναστάσεως,
3314 1889 3402 1940 ὅτε
3459 1886 3553 1939 καὶ
3597 1884 3726 1938 αὐτὸ
3776 1884 3837 1935 τὸ
3897 1881 4060 1950 σῶμα

813 1974 1003 2018 τρινηει
1067 1981 1192 2020 cum
1250 1970 1453 2034 anima,
1513 1989 1634 2042 quae
1681 1990 1830 2031 nunc
1885 1994 2113 2048 regnum
2175 1978 2378 2034 Christi
2484 2000 2498 2034 π

2373 1981 2378 2034 ἱ
2484 1979 2887 2050 καλυφθήσεται
2915 1982 3007 2033 καὶ
3032 1978 3417 2048 δοξασθήσεται
3438 1977 3516 2046 τῷ
3538 1976 3631 2029 τοῦ
3654 1974 3863 2047 Κυρίου
3895 1973 4058 2043 φωτὶ,

812 2066 1126 2120 consecuta,
1163 2061 1459 2129 requiescit
1518 2074 1573 2119 et
1623 2066 1745 2121 luce
1795 2068 1981 2123 divina
2010 2070 2373 2125 illuminatur.
2482 2090 2497 2123 π

2482 2071 2557 2141 τῷ
2585 2072 2696 2125 ὄντι
2724 2074 2831 2127 ἀπὸ
2852 2071 2945 2124 τοῦ
2977 2070 3069 2123 νῦν
3099 2073 3156 2123 ὲν
3202 2070 3279 2141 τῷ
3304 2068 3575 2141 ἀνθρώπῳ
3601 2069 3680 2131 είς
3708 2067 3805 2138 τὴν
3855 2065 4059 2135 ψυχὴν,

810 2146 992 2238 Cloria
1018 2156 1087 2206 sit
1110 2156 1573 2213 commiserationi
1592 2170 1648 2215 et
1670 2162 2065 2220 misericordiae
2088 2167 2229 2236 ejus,
2249 2167 2379 2237 quia
2486 2166 2495 2216 ἲ

2376 2214 2379 2221 .
2486 2165 2575 2219 Eva
2620 2164 2715 2217 καὶ
2768 2164 2899 2217 αὐτὸ
2943 2164 3002 2216 τὸ
3051 2163 3208 2234 σῶμα
3261 2160 3670 2234 συμϐασιλεύσῃ
3699 2158 3963 2229 τῇψυχῇ,
3993 2158 4061 2226 τῇ

812 2240 1102 2295 miseretur
1148 2259 1429 2302 servorum
1465 2266 1713 2317 suorum,
1748 2254 2043 2318 illuminat,
2096 2269 2151 2312 et
2182 2258 2382 2313 liberat
2487 2276 2497 2309 ι

2375 2274 2382 2312 ’.
2487 2257 2594 2309 ἀπὸ
2617 2256 2711 2308 τοῦ
2741 2254 2835 2309 νῦν
2866 2255 3218 2325 λαμὸανούσῃ
3245 2254 3342 2325 τὴν
3367 2252 3646 2324 βασιλείαν
3677 2250 3771 2305 τοῦ
3794 2248 4060 2320 Χριστοῦ,

811 2344 906 2383 eos
938 2346 1005 2385 ex
1036 2349 1207 2405 regno
1233 2340 1617 2408 tenebrarum,
1656 2360 1719 2399 ac
1761 2346 1928 2401 donat
1960 2364 2055 2402 eos
2089 2349 2299 2404 lumine
2327 2358 2384 2405 et
2489 2371 2496 2400 ε

2378 2366 2384 2403 '.
2489 2347 2875 2419 ἀναπαυομένη
2909 2347 3005 2401 καὶ
3039 2345 3382 2417 φωτιζομένῃ
3438 2344 3579 2414 φωτὶ
3625 2343 3856 2410 αἰωνίῳ.
3921 2337 4063 2401 Δόξα

813 2434 979 2489 regno
1000 2439 1118 2489 suo,
1144 2428 1230 2480 cui
1257 2430 1427 2497 gloria
1460 2440 1515 2485 et
1551 2436 1794 2501 potentia
1828 2438 1881 2490 in
1919 2440 2137 2494 saecula.
2173 2440 2367 2494 Amen.
2489 2457 2498 2472 '

2489 2440 2599 2499 τοῖς
2629 2439 2932 2507 οίκτιρμοῖς
2957 2437 3052 2488 καὶ
3077 2438 3142 2503 τῇ
3181 2433 3554 2502 εὐσπλαγχνίᾳ
3583 2430 3771 2494 αὐτοῦ,
3802 2431 3884 2481 ὅτι
3920 2425 4063 2478 ἐλεεῖ

810 2516 934 2577 τοὺς
956 2515 1172 2580 δούλους
1194 2522 1409 2583 ἑαυτοῦ,
1442 2526 1534 2576 καὶ
1562 2527 1802 2592 φωτίζει,
1832 2530 1925 2581 καὶ
1956 2531 2142 2599 ῥύεται
2168 2533 2364 2595 αὐτοὺς
2402 2531 2466 2584 ἐκ
2489 2532 2587 2601 τῆς
2619 2530 2893 2600 βασιλείας
2933 2527 3026 2580 τοῦ
3076 2526 3321 2589 σκότους,
3346 2527 3439 2577 καλ⁵
3471 2522 3753 2593 χαρίζεται
3781 2521 3968 2583 αὐτοῖς
4002 2517 4066 2571 τδ

813 2610 1002 2663 ἑαυτοῦ
1036 2613 1171 2680 φῶς,
1204 2615 1297 2666 καὶ
1328 2616 1425 2685 τὴν
1457 2618 1647 2670 ἑαυτοῦ
1712 2620 1985 2689 βασιλείαν
2034 2616 2079 2691 ᾧ
2136 2625 2171 2694 ἡ
2197 2624 2345 2691 δόξα,
2381 2625 2475 2676 καὶ
2507 2624 2568 2676 τὸ
2597 2624 2813 2693 κράτος,
2850 2622 2931 2684 εἰς
2958 2621 3084 2682 τοὺς
3116 2618 3339 2680 αἰῶνας·
3389 2618 3585 2686 Ἀμήνο

1395 2727 1679 2786 lIOMlLlA
1716 2733 1805 2786 lll.

816 2810 965 2876 Quod
1004 2813 1194 2890 fratres
1245 2818 1299 2869 in
1350 2820 1679 2885 sinceritate,
1715 2825 2069 2890 simplicitate,
2111 2826 2382 2879 dilectione

885 2899 947 2963 ac
985 2901 1110 2966 pace
1140 2887 1293 2966 lin-ter
1346 2905 1400 2941 se
1433 2895 1749 2966 conversari,
1788 2887 1849 2946 ac
1876 2896 1931 2947 in
1987 2898 2382 2966 cogitationibus

889 2954 1107 3008 internis
1134 2955 1325 3009 bellum
1350 2975 1527 3028 gerere
1554 2962 1794 3015 debeant.

3114 2732 3351 2786 OMIMA
3388 2731 3464 2788 1".

2487 2833 2608 2903 Ὅτι
2638 2833 2691 2903 o_l
2715 2826 3060 2903 ἀδελφοὶ
3085 2825 3551 2903 ειλικριγεζᾳηέῂ
3574 2821 3971 2903 ἀκεραιόςητι,
3995 2816 4067 2869 ἐν

2556 2900 2779 2967 ἀγάπῃ,
2810 2891 2908 2951 udi
2938 2895 3143 2963 εἰρήνῃ
3188 2896 3311 2962 μετ’
3351 2895 3637 2967 ἀλλήέῑων
3678 2891 4064 2967 σον-διάγειν,

2558 2961 2657 3023 κάι
2684 2961 2912 3031 circa
2941 2961 3062 3019 ἔσω
3090 2961 3402 3034 λογισμοῖς
3426 2965 3627 3036 ἀγῶνα
3667 2963 3765 3015 και
3792 2961 4067 3026 ,πόλεμον

2558 3039 2751 3093 ποιεῖν
2780 3039 3153 3106 ὀφείλουσιν.

883 3140 925 3198 Ι.
953 3141 1170 3198 Fratres
1195 3144 1251 3198 in
1279 3160 1489 3202 summa
1515 3147 1807 3205 dilectione
1826 3152 2057 3207 invicem
2075 3155 2388 3209 conversari
2418 3145 2462 3203 C
2563 3199 2568 3208 ι

2378 3155 2388 3208 i
2418 3145 2462 3203 C
2563 3157 2642 3209 A’.
2682 3156 2746 3207 Οί
2775 3153 2991 3222 ἀδελφοὶ
3020 3152 3322 3221 ὀφείλουσιν
3346 3152 3404 3204 ὲν
3431 3150 3619 3224 ἀγάπῃ
3659 3150 3827 3221 πολλῆ
3861 3152 4063 3205 συνεῖ-

818 3234 1041 3299 dcbent,
1069 3234 1188 3289 sive
1218 3251 1409 3303 preces
1438 3237 1660 3299 faciant.
1693 3240 1808 3294 sive
1840 3241 2023 3310 legant
2046 3241 2387 3310 Scripturas,

819 3326 934 3379 sive
956 3329 1139 3395 operis
1162 3325 1299 3395 quid
1324 3325 1545 3393 faciant,
1577 3338 1638 3382 ut
1660 3329 2081 3383 fundamentum
2107 3331 2393 3386 charitatis

821 3427 1072 3470 mutuum
1124 3418 1394 3485 habeant;
1433 3428 1489 3472 et
1536 3419 1612 3473 ila
1653 3420 1943 3488 approbari
1976 3429 2236 3489 poterunt
2268 3421 2391 3476 illo-

821 3524 945 3562 rum
978 3510 1228 3564 instituta
1256 3528 1351 3566 seu
1383 3511 1586 3575 studia,
1624 3520 1679 3565 et
1724 3512 1816 3580 qui
1865 3514 2126 3581 precibus
2170 3530 2393 3583 operam

822 3598 978 3663 dant,
1009 3608 1066 3655 et
1093 3602 1186 3670 qui
1214 3602 1423 3672 legunt,
1456 3613 1510 3659 et
1541 3603 1634 3673 qui
1664 3615 1998 3673 operantur,
2031 3620 2223 3659 omnes
2264 3621 2391 3675 pos-

827 3701 955 3745 sunt
1007 3694 1064 3747 in
1108 3696 1429 3751 sinceritate
1486 3704 1543 3750 et
1594 3696 1943 3765 simplicitate
1978 3696 2238 3765 degentes
2267 3714 2296 3751 a
2336 3714 2394 3753 se

824 3784 1057 3838 invicem
1115 3785 1382 3855 adjuvari.
1442 3785 1554 3841 Cur
1605 3787 1751 3841 enim
1798 3786 2064 3855 scriptum
2105 3795 2220 3851 est,
2276 3787 2395 3841 Fiat

823 3876 1069 3931 voluntas
1098 3886 1189 3933 tua
1206 3882 1340 3934 sicut
1376 3883 1431 3935 in
1460 3880 1586 3935 ca'lo
1616 3890 1664 3935 et
1683 3884 1737 3935 in
1763 3892 1905 3935 terra
1931 3882 2006 3934 1‘?
2049 3883 2146 3951 ιι
2168 3894 2227 3937 ut
2249 3899 2391 3953 quo-

824 3968 989 4023 modo
1029 3971 1207 4039 angeli
1255 3972 1310 4025 in
1361 3973 1515 4027 caelis
1549 3974 1693 4027 inter
1741 3990 1800 4028 se
1851 3974 2285 4043 congrediuntur
2337 3975 2391 4028 in

826 4060 1187 4116 unanimitate
1211 4078 1443 4126 summa,
1471 4065 1523 4117 in
1546 4081 1679 4133 pace
1704 4075 1759 4119 et
1779 4066 2074 4119 dilectione
2104 4065 2390 4135 degentes,

823 4166 927 4204 nec
951 4158 1037 4204 est
1063 4152 1207 4205 ullus
1256 4153 1369 4207 illic
1416 4154 1589 4208 fastus
1617 4163 1709 4207 aut
1737 4154 1978 4219 invidia;
2023 4155 2115 4209 sed
2163 4156 2217 4209 in
2251 4155 2390 4209 dile-

824 4240 1006 4295 ctione
1029 4250 1086 4295 ct
1123 4242 1442 4297 sinceritate
1473 4254 1661 4297 mutua
1712 4254 2114 4299 conversantur
2146 4264 2159 4299 :
2194 4246 2389 4301 eodem

824 4330 987 4383 modo
1012 4330 1210 4384 fratres
1239 4333 1384 4385 inter
1430 4347 1488 4385 se
1539 4333 1668 4386 sint.
1718 4334 1997 4403 Contingit
2027 4337 2291 4403 quosdam
2323 4338 2390 4391 ad

826 4420 1047 4489 triginta
1078 4421 1135 4474 in
1160 4437 1331 4475 unum
1358 4426 1674 4486 convenire,
1700 4434 1877 4478 totum
1898 4425 2042 4479 diem
2072 4441 2137 4480 ac
2166 4437 2383 4482 noctem

2491 3266 2578 3303 ναι
2610 3248 2879 3319 ἀλλήλοις,
2905 3248 3016 3300 εἴτε
3050 3246 3320 3317 εὔχονται,
3353 3246 3462 3299 εῐτε
3493 3244 3928 3313 ἀναγινώσκουσι
3960 3245 4069 3308 τὰς

2494 3341 2739 3411 Γραφὰς,
2768 3340 2877 3393 εἴτε
2906 3338 3065 3408 ἔργον
3092 3356 3143 3391 τι
3190 3338 3453 3401 ποιοῦσιν,
3484 3338 3569 3390 ἵνα
3598 3337 3761 3405 ἔχωσι
3784 3336 3874 3389 τὸν
3903 3335 4073 3406 θεμέ-

2490 3432 2601 3484 λιον
2630 3431 2729 3501 τῆς
2756 3430 2976 3499 ἀγάπης
3003 3430 3140 3498 πρὸς
3184 3429 3445 3499 ἀλλήλους
3463 3445 3476 3459 ⁸
3516 3428 3611 3481 καὶ
3638 3428 3811 3489 οὕτως
3839 3427 4069 3480 δύναται

2492 3523 2708 3575 εὐδοκία
2736 3521 2988 3589 γενέσθαι
3018 3524 3097 3583 είς
3136 3521 3351 3585 ὲκείνας
3397 3522 3496 3583 τάς
3549 3522 3920 3589 προαιρέσεις,
3972 3520 4073 3571 καὶ

2492 3614 2541 3665 οί
2568 3612 2869 3681 εὐχόμενοι,
2901 3611 2995 3663 καὶ
3019 3610 3068 3662 οί
3099 3609 3585 3674 ἀναγινώσκοντες,
3617 3608 3710 3659 καὶ
3749 3607 3799 3658 oi
3830 3605 4069 3675 ἐργαζό-

2497 3721 2666 3775 μενοι,
2697 3704 2898 3764 πάντες
2928 3701 3180 3754 δύνανται
3205 3704 3264 3753 ὲν
3297 3702 3649 3771 ἀκεραιότητι
3670 3700 3765 3751 καὶ
3799 3698 4071 3768 ἁπλότητι

2492 3796 2771 3863 διάγοντες
2798 3795 2915 3864 μετ’
2954 3793 3199 3863 ἀλλήλων
3224 3792 3598 3863 ὠφεληθῆναι.
3626 3792 3689 3843 Τί
3720 3791 3829 3861 γὰρ
3871 3790 4072 3860 γέγρα-

2499 3903 2654 3949 πται,
2671 3885 2990 3951 Γενηθήτω
3004 3884 3071 3937 τό
3099 3883 3326 3954 θέλημά
3355 3901 3473 3937 σου
3507 3884 3584 3947 ὡς
3618 3884 3687 3935 ὲν
3716 3879 3950 3949 οὐρανῷ
3966 3879 4073 3933 καὶ

2494 3977 2592 4031 ἐπὶ
2622 3976 2733 4044 τῆς
2756 3975 2867 4045 γῆς
2898 3994 2917 4040 ;
2950 3976 3035 4028 ἵνα
3059 3977 3118 4030 ὃν
3146 3992 3345 4045 τροπον
3378 3977 3428 4028 οί
3473 3977 3529 4026 ὲν
3558 3975 3805 4043 οὐρανοῖς
3840 3972 4067 4039 ἄγγελοι

2496 4068 2735 4121 σύνεισιν
2773 4068 3042 4139 ἀλλήλοις,
3082 4069 3139 4119 ὲν
3185 4065 3405 4136 ὁμονοίᾳ
3436 4066 3626 4136 πολλῇ,
3658 4069 3714 4117 ἐν
3736 4066 3929 4135 εἰρήνῃ
3963 4067 4063 4118 καὶ

2493 4157 2681 4227 ἀγάπῃ
2697 4156 2993 4225 διάγοντες,
3016 4156 3108 4207 καὶ
3129 4157 3228 4208 οὐκ
3256 4156 3400 4208 ἔστιν
3428 4158 3544 4209 ἐκεῖ
3572 4156 3828 4223 ἔπαρσις,
3860 4155 3892 4224 ἢ
3926 4155 4065 4221 φθό-

2492 4266 2610 4312 νοςο
2653 4250 2849 4301 ἁλλ’ὲν
2900 4248 3088 4319 ἁγάπῃ
3133 4250 3229 4300 καὶ
3290 4247 3610 4318 εἰλικρινείᾳ
3653 4248 3770 4316 μετ’
3816 4247 4069 4317 ἀλλήλων

2491 4344 2649 4405 εἰσὶν,
2681 4341 2853 4404 οὕτως
2887 4341 2973 4393 Eva
3016 4342 3108 4393 καὶ
3146 4341 3195 4391 oi
3244 4340 3464 4407 ἀδελφοὶ
3500 4338 3601 4391 ὦσι
3655 4338 3772 4408 μετ’
3797 4338 4066 4406 ἀλλήλων.

2492 4433 2788 4503 Συμϐαίνει
2814 4432 2963 4494 τινὰς
2998 4427 3137 4484 εἶναι
3164 4431 3455 4501 τριάκοντα
3481 4431 3583 4482 ὑπὸ
3610 4431 3671 4482 τὸ
3703 4430 3783 4494 ἒν,
3810 4432 3938 4497 ὃλην
3969 4428 4071 4499 τὴν

826 4528 931 4565 una
966 4527 1319 4581 perseverare
1356 4529 1467 4567 non
1496 4523 1751 4583 possunt;
1805 4516 1899 4571 sed
1931 4518 2152 4586 quidam
2183 4534 2385 4573 eorum
2420 4516 2511 4575 Di

2380 4541 2385 4573 ι
2420 4516 2464 4570 D
2490 4525 2701 4594 ἡμέραν
2735 4524 2828 4576 καὶ
2860 4523 2961 4593 τὴν
2998 4523 3168 4575 νύκτα
3197 4522 3255 4575 οὐ
3289 4522 3541 4575 δύνανται
3583 4525 4020 4593 προσκαρτερεῖν
4052 4540 4065 4554 ·

824 4600 957 4653 dant
981 4616 1200 4670 operam
1234 4604 1489 4672 precibus
1515 4620 1609 4658 sex
1637 4605 1820 4669 horas,
1857 4615 1912 4661 et
1940 4610 2133 4661 volunt
2160 4609 2341 4679 legere
2371 4627 2385 4664 :

822 4692 1043 4760 quidam
1100 4708 1234 4746 vero
1296 4705 1542 4764 prompte
1608 4712 1671 4750 ac
1730 4698 1995 4753 benevole
2049 4700 2385 4766 ministrant,

822 4781 1006 4835 cmteri
1034 4797 1097 4834 ex
1126 4782 1256 4850 ipsis
1289 4784 1471 4851 Operis
1504 4785 1634 4853 quid
1658 4785 1887 4842 faciunt.

889 4873 954 4925 ll.
987 4874 1197 4928 Debent
1225 4876 1391 4945 igitur
1425 4876 1642 4944 fratres,
1673 4880 1718 4933 si
1757 4880 1889 4949 quid
1936 4880 2122 4950 operis
2156 4881 2385 4947 faciunt,

822 4963 878 5017 in
911 4964 1181 5020 charitate
1212 4977 1267 5021 et
1296 4969 1483 5023 latitia
1517 4970 1660 5024 inter
1688 4987 1745 5025 se
1783 4974 2128 5039 conversari;
2186 4984 2240 5029 et
2292 4975 2388 5044 qui

820 5063 1103 5122 operatur,
1141 5055 1209 5111 de
1243 5073 1328 5122 eo,
1370 5058 1465 5127 qm
1500 5076 1694 5129 preces
1721 5061 1869 5128 facit,
1923 5064 2001 5116 sic
2036 5064 2223 5117 dicat:
2254 5066 2383 5118 The-

819 5162 1037 5199 saurum
1056 5164 1209 5218 quem
1237 5150 1401 5218 frater
1428 5168 1568 5204 meus
1592 5154 1837 5221 possidet,
1872 5156 2119 5223 quoniam
2157 5172 2388 5208 commu-

822 5240 903 5291 nis
931 5247 1028 5304 est,
1076 5251 1125 5293 et
1154 5257 1245 5311 ego
1273 5243 1433 5295 habeo
1458 5261 1476 5307 ;
1499 5254 1554 5298 et
1585 5246 1679 5313 qui
1718 5258 1996 5315 precatur,
2056 5247 2125 5301 de
2148 5264 2234 5313 eo,
2291 5248 2384 5318 qui

820 5329 974 5398 legit,
1008 5331 1090 5385 sic
1115 5332 1262 5386 dicat
1309 5351 1324 5387 :
1368 5319 1517 5397 Quod
1554 5335 1643 5388 ille
1688 5340 1906 5408 percipit
1948 5340 2277 5393 commodum
2325 5358 2387 5395 ea:

824 5421 1060 5489 lectione,
1086 5425 1141 5477 in
1178 5442 1350 5479 meum
1382 5428 1514 5480 cedit
1558 5427 1783 5482 lucrum.
1836 5431 1904 5484 Et
1950 5432 2043 5501 qui
2099 5442 2385 5501 operatur,

822 5532 1012 5571 rursus
1094 5520 1175 5574 sic
1247 5521 1427 5575 dicat:
1471 5524 1826 5579 Ministerium
1882 5523 2019 5597 quod
2068 5540 2280 5597 prauo,
2331 5532 2385 5583 in

821 5623 1144 5661 communem
1195 5612 1329 5663 cedit
1374 5612 1672 5667 utilitatem.
1728 5614 2200 5681 Quemadmodum
2237 5619 2385 5673 enim

825 5698 1068 5753 membra
1103 5702 1349 5769 corporis
1404 5704 1573 5758 multa
1612 5721 1733 5760 cum
1788 5708 1918 5771 sint,
1986 5725 2154 5763 unum
2186 5725 2387 5779 corpus

895 5813 941 5841 “
965 5813 1152 5870 Matth.
1186 5832 1258 5881 τι,
1290 5816 1373 5871 10.

2494 4616 2629 4669 άλλὰ
2658 4617 2800 4678 τινὲς
2836 4615 2933 4683 μὲν
2974 4614 3153 4667 αὐτῶν
3195 4614 3514 4683 σχολάζουσι
3537 4615 3602 4681 τῇ
3645 4613 3775 4681 εὐχῇ
3799 4612 3951 4682 ὧρας
3985 4612 4066 4676 ἒξ,

2492 4707 2586 4759 καὶ
2638 4703 2916 4773 βούλονται
2953 4701 3259 4770 ἀναγνῶναι
3281 4718 3295 4732 ο
3338 4701 3571 4755 anon-6t
3608 4701 3905 4768 προθύμως
3943 4701 4067 4752 δια-

2491 4796 2758 4860 κονοῦσιν,
2787 4795 2936 4849 ἄλλοι
2961 4794 3002 4845 δ’
3030 4794 3087 4859 ἐξ
3112 4793 3292 4847 αὐτῶν
3319 4791 3645 4862 ἐργάζονταί
3679 4808 3733 4843 τι
3763 4791 3944 4862 ἔργον.

2563 4889 2635 4940 Β’.
2684 4886 3016 4954 Ὀφείλουσιν
3058 4881 3152 4937 οὖν
3201 4886 3249 4936 οἱ
3290 4883 3530 4951 ἀδελφοὶ,
3562 4885 3614 4935 εί
3654 4899 3704 4933 τι
3731 4882 3968 4944 ποιοῦσι,
4009 4884 4069 4933 ὲν

2496 4979 2686 5051 ἀγάπῃ
2717 4979 2813 5031 καὶ
2853 4979 2996 5047 χαρᾷ
3034 4974 3171 5028 εἶναι
3204 4978 3321 5045 μετ’
3352 4975 3616 5043 ἀλλήλων⁸
3651 4975 3743 5027 καὶ
3775 4976 3803 5026 ὀ
3832 4974 4069 5043 ἐργαζό-

2494 5087 2654 5140 μενος
2695 5071 2822 5139 περὶ
2870 5068 2960 5121 τοῦ
3010 5068 3301 5136 εὐχομένου
3347 5066 3488 5119 οὕτω
3530 5066 3752 5133 λεγέτω,
3785 5068 3867 5120 ὅτι
3896 5069 4006 5119 Ὃν
4033 5070 4068 5121 ὁ

2490 5162 2752 5230 ἀδελφός
2762 5178 2880 5229 μου
2904 5158 3115 5231 ⁸κτᾶται
3146 5160 3468 5227 θησαυρὸς,
3493 5158 3619 5211 ἐπεὶ
3642 5158 3843 5223 κοινός
3870 5158 4063 5221 ἐστιν,

2491 5252 2652 5323 κάγὼ
2692 5253 2828 5319 ἔχω.
2867 5251 3027 5302 Καὶό
3054 5250 3346 5319 εὐχόμενος
3368 5250 3495 5318 περὶ
3527 5249 3622 5302 τοῦ
3658 5247 4065 5316 ἀναγινώσκον-

2489 5361 2579 5405 τος
2635 5342 2777 5394 οὕτω
2831 5340 3032 5408 λεγέτω
3060 5382 3073 5403 ,
3116 5342 3195 5392 ὅτι
3249 5343 3315 5395 Ὃ
3341 5340 3570 5405 ἐκεῖνος
3619 5341 3931 5409 ὠφελεῖται
3973 5344 4066 5404 είς

2490 5432 2603 5498 τὴν
2632 5430 2995 5498 ἀνάγνωσιν,
3024 5432 3111 5493 είς
3138 5430 3285 5497 ἐμὸν
3311 5430 3650 5497 προσχωρεῖ
3684 5429 3915 5496 κέρδος.
3950 5430 4063 5483 Καὶ

2488 5526 2516 5577 ὀ
2562 5524 2926 5594 ἐργαζόμενος
2955 5518 3111 5584 αὖθις
3139 5521 3297 5574 τοῦτο
3335 5521 3556 5588 λεγέτω,
3590 5523 3674 5574 ὅτι
3710 5522 3829 5585 Τὴν
3857 5522 4062 5574 διακο-

2489 5615 2627 5669 νίαν
2687 5613 2768 5681 ἢν
2802 5612 2967 5675 ποιῶ,
3008 5611 3177 5678 κοινή
3212 5613 3382 5664 ἐστιν
3410 5611 3684 5680 ὠφέλεια.
3720 5613 3927 5681 Ὥσπερ
3953 5614 4060 5680 γὰρ

2492 5706 2559 5758 τὰ
2605 5704 2741 5775 μέλη
2766 5703 2861 5757 τοῦ
2886 5703 3136 5772 σώματος
3163 5703 3329 5755 πολλὰ
3367 5703 3496 5756 ὄντα
3524 5704 3581 5756 ἓν
3615 5706 3730 5757 ἐστι
3756 5703 3934 5773 σῶμα,
3964 5703 4061 5755 καὶ
