4266 6356
218 397 331 463 469

1440 405 1804 470 ΗΟΜῙΙᾸΒ.
1830 432 1900 447 -
1917 407 2104 470 ΗΟΜ.
2130 406 2246 470 III.

3363 403 3471 468 4'10

220 511 514 585 βοηθοῦσιν
548 513 838 585 ἀλλήλοις,
873 517 971 572 καὶ
1011 515 1241 573 ἔκαστον
1284 518 1415 575 ῐδιον
1455 521 1664 576 ικτελεῖ
1706 521 1795 591 ἔρ·
1820 524 1864 582 Α
1896 536 1905 574 ι

1782 551 1795 563 -
1820 524 1864 582 Α
1896 530 2044 586 sunt,
2092 529 2149 577 et
2180 536 2241 577 se
2274 528 2467 576 mutuo
2493 518 2774 592 adjuvant,
2810 528 2868 576 et
2900 518 3335 591 unumquodque
3367 535 3467 576 suo

217 622 336 673 γον·
360 604 502 675 πλὴν
523 607 551 659 ὀ
581 606 859 676 ὀφθαλμὸς
885 608 1027 679 ὑπὲρ
1048 608 1170 662 ὅλου
1191 607 1287 663 τοῦ
1313 608 1564 679 σώματος
1587 611 1794 682 βλέπει,

218 696 319 749 καὶ
353 698 534 767 ήχεὶρ
565 697 706 768 ὑπερ
748 698 883 752 ὅλων
911 698 1022 751 τῶν
1072 699 1251 770 μελῶν
1295 700 1608 771 ἔργάζεται,
1643 704 1739 756 καὶ
1766 704 1796 757 ό

220 791 357 852 ποὺς
416 791 731 858 περιπατεῖ,
783 790 880 845 ὅλα
933 791 1003 846 τά
1062 792 1202 864 μέρη
1247 792 1659 864 ἔπιφερόμενος.
1702 795 1797 849 καὶ

214 881 347 936 ἀλλο
372 880 707 951 συμπάσχει·
752 881 898 937 οὕτω
936 885 1029 937 καὶ
1062 886 1111 937 οί
1148 884 1366 955 ἀδελφοὶ
1404 887 1521 956 μετ’
1552 886 1797 957 ἀλλήλων

213 972 490 1035 εστωσαν.
519 973 630 1026 Καὶ
666 974 803 1043 μήτε
843 975 871 1028 ὀ
908 974 1200 1046 εὐχόμενος
1240 977 1470 1046 κρινέτω
1496 975 1587 1030 τὸν
1626 979 1796 1049 ἔργα·

217 1063 471 1132 ζόμενον,
498 1062 631 1117 διότι
653 1065 753 1118 οὐκ
774 1064 1011 1136 εὔχεται*
1053 1068 1193 1137 μήτε
1224 1067 1252 1119 ὀ
1277 1066 1640 1139 ἔργαζόμενος
1670 1086 1793 1140 κρι-

215 1155 358 1209 νέτω
399 1156 492 1210 τὸν
532 1157 846 1227 εὐχόμενον,
892 1160 974 1212 ὅτι
1024 1159 1232 1222 ικεῖνος
1286 1159 1611 1231 παραμένει,
1640 1160 1796 1228 κάγὼ

216 1248 549 1318 ἔργάζομαυ
581 1250 719 1321 μήτε
767 1252 797 1304 ὀ
845 1249 1118 1305 διακονῶν
1169 1251 1402 1321 κρινέτω
1449 1251 1543 1305 τὸν
1582 1250 1792 1322 ἔτερον.

228 1338 376 1392 Ἀλλ’
404 1339 635 1404 ἔκαστος
684 1339 740 1394 εί
772 1359 827 1395 τι
862 1344 1007 1396 ποιεῖ
1047 1344 1128 1406 είς
1173 1342 1330 1406 δόξαν
1369 1342 1507 1397 Θεοῦ
1550 1343 1791 1399 ποιείτω.

228 1430 291 1485 '0
322 1430 713 1500 ἀναγινώσκων
762 1434 855 1486 τὸν
889 1434 1181 1503 εὐχόμενον
1237 1434 1337 1507 ἔχῃ
1373 1436 1432 1489 ὲν
1478 1435 1672 1507 ἀγάπῃ
1700 1438 1794 1490 καὶ

218 1522 390 1592 χαρᾷ,
420 1522 579 1575 τοῦτο
612 1523 993 1593 λογιζόμενος,
1030 1525 1110 1578 ὅτι
1150 1525 1320 1597 Ὑπὲρ
1348 1526 1482 1596 ἐμοῦ
1535 1526 1749 1597 εὔχεται
1775 1544 1809 1564 ο-

217 1611 315 1662 καὶ
346 1613 375 1664 ὀ
423 1612 714 1681 εὐχόμενος
748 1616 879 1684 περὶ
918 1613 1014 1667 τοῦ
1068 1615 1436 1686 ἐργαζομένου
1468 1616 1627 1671 τοῦτο
1655 1617 1794 1687 λογι-

217 1701 421 1767 ζέσθω,
449 1704 534 1756 ὅτι
564 1702 593 1755 ὀ
633 1706 797 1769 ποιεῖ,
829 1706 910 1768 είς
940 1706 1126 1776 κοινὴν
1153 1706 1419 1775 ὠφέλειαν
1449 1710 1614 1764 ποιεῖ.

292 1790 367 1847 1".
399 1793 511 1847 Καὶ
542 1792 684 1846 οὕτω
706 1794 926 1848 δύναται
953 1798 1233 1866 ὀμοφωνία
1264 1799 1454 1870 πολλὴ.
1482 1801 1577 1855 καὶ
1597 1802 1789 1874 εἰρήνη

216 1883 315 1936 καὶ
356 1884 646 1953 συμφωνία
674 1886 734 1939 ἔν
767 1885 844 1955 τῷ
872 1887 1153 1959 συνδέσμῳ
1182 1888 1284 1957 τῆς
1307 1892 1531 1963 είρήνης
1566 1896 1788 1965 κρατεῖν

219 1971 512 2043 ἀλλήλους,
542 1974 637 2027 καὶ
680 1975 986 2043 συνδιάγειν
1023 1979 1141 2048 μετ’
1170 1980 1416 2051 ἀλλήλων
1442 1985 1502 2036 ιν
1535 1985 1793 2054 ἀκεραιόο

216 2064 487 2132 τητι,καὶ
515 2064 842 2136 ἀφελότητι,
880 2068 974 2121 καὶ
1016 2069 1242 2142 εὐδοκία
1288 2072 1445 2129 Θεοῦ.
1488 2075 1562 2127 Τὸ
1596 2074 1655 2129 δὲ
1702 2093 1794 2130 κε-

220 2154 690 2227 φαλαιωδέστερον
744 2158 962 2213 πάντων
986 2201 1001 2224 ,
1049 2161 1290 2231 δηλονότι
1339 2167 1372 2234 ή
1428 2167 1566 2237 πρὸς
1604 2170 1792 2240 καιρὸν

219 2246 555 2317 καρτέρησίς
600 2248 717 2300 ἔστι
760 2249 857 2320 τῆς
905 2251 1093 2322 εὐχῆς
1146 2253 1288 2325 πλὴν
1332 2254 1389 2308 δὲ
1428 2256 1486 2310 ἓν
1523 2258 1788 2330 ζητεῖται,

220 2338 311 2391 ῖνα
343 2336 442 2410 ἔχῃ
474 2355 559 2401 τις
598 2338 868 2411 Θησαυρὸν
909 2342 968 2394 ἔν
1019 2346 1083 2414 τῇ
1135 2344 1303 2415 ψυχῇ.
1358 2348 1451 2401 καὶ
1494 2347 1592 2418 τὴν
1620 2350 1788 2419 ζωὴν,

218 2430 343 2498 ἦτις
380 2429 527 2482 ἐστὶν
556 2431 585 2483 ὀ
614 2429 817 2501 Κύριος
845 2434 903 2485 ἔν
931 2432 1007 2505 τῷ
1038 2434 1133 2504 νῷ’
1166 2436 1275 2489 εῖτε
1317 2437 1610 2508 ἔργάζεται
1631 2479 1646 2504 ,
1680 2440 1792 2495 εἴτε

218 2517 463 2588 εὔχεται,
494 2519 605 2573 είτε
636 2522 1019 2591 ἀναγινώσκει,
1052 2526 1141 2579 ῖνα
1178 2526 1278 2599 ἔχῃ
1315 2528 1489 2582 ἐκεῖνο
1518 2532 1580 2583 τὸ
1608 2532 1792 2602 κτῆμα

218 2612 281 2664 τὸ
324 2611 401 2683 μὴ
430 2614 860 2684 παρερχόμενον,
896 2616 924 2669 ὅ
950 2618 1063 2669 ἔστι
1093 2617 1154 2671 τὸ
1185 2619 1339 2687 ἆγιον
1373 2621 1619 2693 Πνεῦμα.
1669 2626 1791 2678 Εἰσὶ

216 2703 278 2758 δέ
306 2721 451 2768 τινες
473 2704 633 2758 τοῦτο
663 2706 931 2774 λέγοντες,
981 2710 1063 2762 ὁτι
1097 2710 1125 2762 ὀ
1152 2711 1357 2781 Κύριος
1389 2715 1589 2784 μόνους
1624 2733 1789 2785 φανε-

219 2797 352 2869 ροὺς
386 2799 635 2867 καρποὺς
679 2801 904 2853 ἀπαιτεῖ
948 2803 1099 2872 παρά
1139 2806 1249 2858 τῶν
1275 2806 1598 2878 ἀνθρώταυνο
1640 2810 1710 2865 τά
1734 2811 1792 2865 δὲ

220 2887 444 2958 κρυπτά
472 2890 500 2941 ὀ
531 2888 661 2950 Θεὸς
688 2889 961 2961 κατορθοῖ.
991 2892 1100 2961 Οὐχ
1122 2892 1296 2958 οὕτως
1324 2895 1379 2949 δέ
1419 2899 1522 2951 είσι
1549 2900 1618 2955 τὰ
1650 2901 1793 2971 πρά-

218 2997 431 3050 γματα,
460 2982 574 3034 ἀλλ’
605 2983 793 3053 ὥσπερ
829 2985 909 3047 είς
952 2985 1043 3037 τὸν
1081 2985 1186 3051 ἔξω
1232 2986 1517 3058 ἄνθρωπον
1557 2991 1791 3060 ἀσφαλί-

218 3074 400 3137 ζεται,
436 3073 611 3138 οὕτως
656 3075 861 3142 ὀφείλει
912 3077 1005 3128 καὶ⁵
1042 3078 1100 3130 ἔν
1147 3080 1263 3141 τοῖς
1309 3080 1589 3149 λογισμοῖς
1617 3086 1794 3139 ποιεῖν

218 3162 409 3231 ἀγῶνα
441 3164 531 3217 καὶ
576 3164 835 3235 πόλεμον·
879 3166 1103 3220 ἀπαιτεῖ
1144 3184 1203 3220 σε
1237 3169 1346 3240 γὰρ
1384 3171 1414 3222 ὀ
1445 3171 1670 3241 Κύριος,
1705 3174 1792 3227 ῖνα

219 3252 481 3324 ὀργισθῇς
508 3255 740 3326 σεαυτῷ,
784 3254 877 3309 καὶ
912 3256 1093 3327 μάχην
1122 3260 1354 3329 ποιήσῃς
1385 3262 1525 3330 μετά
1549 3263 1643 3316 τοῦ
1674 3266 1793 3329 νοός

218 3362 339 3412 σου,
379 3348 516 3417 μήτε
565 3353 951 3422 συμφωνήσῃς,
1000 3354 1137 3423 μήτε
1184 3354 1516 3427 συνηδυνθῇς
1554 3359 1669 3421 τοῖς
1702 3358 1794 3412 λο-

217 3441 442 3508 γισμοῖς
466 3439 564 3509 τῆς
593 3440 811 3504 κακίας.

289 3532 366 3586 A'.
390 3533 589 3585 Λοιπὸν
644 3535 706 3587 τὸ
756 3535 1052 3605 ὲκριζῶσαι
1108 3538 1206 3609 τὴν
1254 3540 1533 3611 ἁμαρτίαν
1586 3548 1679 3594 καὶ
1730 3543 1791 3595 τὸ

218 3624 379 3678 συνὸν
414 3626 604 3691 κακὸν,
636 3626 795 3680 τοῦτο
833 3629 899 3697 τῇ
929 3626 1057 3699 θείᾳ
1105 3630 1330 3699 δυνάμει
1366 3632 1527 3701 μόνον
1563 3632 1791 3688 δυνατόν

217 3722 340 3773 ἔστι
370 3721 734 3791 κατορθῶσαι.
762 3723 877 3775 Οὐκ
906 3722 1081 3786 ἔξεστι
1118 3722 1226 3793 γὰρ
1260 3724 1383 3777 οὔτε
1427 3726 1647 3779 δυνατὸν
1690 3728 1791 3780 ἀν-

220 3812 426 3884 θρώπῳ
446 3814 506 3878 ἐξ
541 3814 672 3878 ίδίας
704 3814 984 3884 δυνάμεως
1007 3816 1305 3889 ἔκριζῶσαι
1346 3818 1446 3890 τὴν
1469 3820 1779 3891 ἁμαρτίαν·

217 3906 280 3958 τὸ
306 3906 710 3971 ἀντιπαλαῖσαι,
744 3907 805 3960 τὸ
828 3909 1309 3980 ἀντιμαχεσθῆναι,
1335 3911 1531 3981 δεῖραι,
1562 3913 1791 3984 δαρῆναι

220 3998 315 4050 σόν
348 4000 519 4051 ἔστιν’
556 3999 854 4069 ἐκριζῶσαι
904 4001 997 4065 δὲ,
1035 4000 1169 4056 Θεοῦ
1220 4004 1388 4057 ἔστιν.
1454 4006 1518 4057 ΕΞ
1571 4005 1679 4076 γὰρ
1724 4008 1789 4059 σὺ

217 4090 401 4160 ἠδύνω
443 4091 603 4144 τοῦτο
658 4092 903 4161 ποιῆσαι,
943 4093 1027 4156 τίς
1071 4095 1229 4163 χρεία
1274 4097 1371 4167 τῆς
1400 4097 1664 4161 ἐλεύσεως
1694 4100 1789 4153 τοῦ

219 4182 465 4250 κυρίους
494 4183 583 4247 Ὠς
616 4184 725 4252 γὰρ
754 4185 852 4237 οὐκ
885 4185 1001 4239 ἔστι
1021 4188 1112 4239 τὸν
1152 4186 1429 4257 ὀφθαλμὸν
1461 4190 1589 4243 ἀνευ
1615 4194 1790 4259 φωτδς

221 4273 444 4342 βλέπειν
470 4315 485 4340 ,
518 4276 551 4344 ἢ
603 4276 787 4329 λαλεῖν
834 4278 960 4331 ἄνευ
1002 4279 1268 4348 γλώττης,
1333 4282 1365 4350 ἣ
1409 4283 1626 4335 ἀκούειν
1661 4283 1788 4337 ἄνευ

220 4363 453 4434 ὥτων,ἢ
493 4370 817 4434 περιπατεῖν
852 4368 981 4421 ἄνευ
1013 4371 1208 4433 ποδῶν,
1233 4363 1631 4440 ἠ’ὲργάζεσθαι
1660 4374 1788 4426 ἀνευ

218 4456 422 4525 χειρῶν
445 4472 460 4485 ·
480 4457 652 4520 οὕτως
677 4458 737 4510 οὗ
767 4459 994 4513 δύνασαι
1028 4461 1156 4514 ἄνευ
1183 4463 1274 4515 τοῦ
1316 4463 1488 4533 Ἰησοῦ
1529 4465 1785 4535 σωθῆναι,

1897 612 2145 683 fungitur
2168 608 2367 675 oﬂicio,
2414 610 2568 664 velut
2603 610 2800 665 oculus
2832 625 2931 679 pro
2957 618 3070 664 toto
3103 624 3335 679 corpore
3383 610 3469 664 vi-

1898 703 2011 767 det,
2073 712 2132 758 et
2165 716 2361 757 manus
2394 716 2495 771 pro
2530 701 2788 773 omnibus
2824 701 3089 755 membris
3136 701 3377 761 laborat.
3411 712 3470 757 et

1898 810 1993 864 pes
2039 792 2286 848 ambulat
2324 792 2509 848 omnia
2563 791 2809 845 membra
2854 790 3160 853 sustinens,
3226 799 3284 845 et
3318 790 3467 843 aliud

1896 886 2206 941 membrum
2235 884 2569 954 compatitur
2604 899 2617 935 :
2656 882 2736 936 sic
2757 890 2816 937 et
2844 882 3041 936 fratres
3072 882 3217 935 inter
3242 896 3301 937 se
3330 882 3463 935 sint.

1895 979 2083 1050 Itaque
2109 978 2203 1048 qui
2234 991 2425 1048 preces
2466 975 2621 1038 facit,
2685 988 2798 1028 non
2844 974 3056 1044 iudicet
3097 973 3463 1034 laborantem,

1894 1070 2041 1142 quod
2073 1084 2183 1125 non
2205 1077 2463 1140 precetur
2491 1086 2505 1123 :
2544 1082 2725 1137 neque
2756 1065 2851 1137 qui
2881 1065 3119 1129 laborat,
3138 1064 3470 1121 condemnet

1894 1170 2233 1233 precantem,
2249 1160 2396 1230 quod
2419 1159 2508 1213 ille
2523 1157 2793 1228 quiescat,
2814 1157 2929 1226 ipse
2946 1171 3081 1212 vero
3096 1156 3311 1210 laboret
3331 1173 3345 1209 :
3366 1170 3467 1209 ne-

1894 1269 2002 1324 que
2033 1254 2128 1322 qui
2158 1253 2460 1316 ministrat,
2483 1252 2715 1307 alterum
2745 1251 2991 1305 damnet.
3043 1249 3150 1303 Sed
3174 1248 3469 1318 unusquis-

1893 1361 2024 1415 que,
2046 1345 2090 1401 si
2118 1344 2249 1415 quid
2280 1344 2430 1409 facit,
2468 1343 2524 1398 in
2562 1343 2659 1398 Dei
2694 1343 2923 1413 gloriam
2960 1340 3143 1397 faciat.
3181 1340 3284 1407 Qui
3310 1341 3465 1410 legit,

1893 1450 2082 1491 amore
2114 1444 2172 1491 et
2212 1434 2417 1505 gaudio
2461 1441 2832 1505 prosequatur
2866 1442 3207 1503 precantem,
3271 1431 3353 1485 sic
3387 1445 3472 1484 se-

1892 1543 2019 1583 cum
2052 1527 2336 1597 colligens,
2384 1526 2515 1595 quia
2556 1540 2657 1595 pro
2692 1539 2779 1579 me
2805 1533 2944 1578 orat.
2993 1524 3062 1577 Et
3099 1524 3193 1592 qui
3214 1531 3355 1587 orat,
3400 1522 3470 1577 de

1892 1618 2177 1673 laborante
2198 1618 2304 1671 hoc
2336 1625 2561 1680 statuat,
2583 1617 2711 1686 quia
2729 1614 2878 1685 quod
2904 1623 3189 1685 operatur,
3222 1614 3290 1669 ad
3320 1629 3471 1668 com—

1892 1724 2113 1765 munem
2149 1708 2445 1763 utilitatem
2468 1707 2622 1762 facit.

1960 1796 2049 1851 lll.
2076 1796 2144 1850 Et
2164 1795 2243 1850 sic
2268 1809 2481 1849 summa
2532 1793 2830 1848 concordia
2859 1801 2915 1847 et
2944 1807 3072 1863 pax,
3129 1790 3467 1847 animarum-

1896 1904 2004 1954 que
2027 1903 2332 1943 consensus
2372 1887 2427 1941 in
2450 1886 2675 1942 vinculo
2700 1887 2856 1956 pacis
2879 1902 2975 1942 eos
3010 1888 3157 1941 inter
3194 1901 3253 1940 se
3289 1884 3470 1940 conti-

1894 1993 2024 2037 nere
2042 1980 2190 2050 potis
2234 1980 2362 2043 erit,
2393 1987 2454 2033 ut
2507 1987 2912 2035 conversentur
2964 1978 3019 2032 in
3056 1979 3372 2033 sinceritate
3416 1989 3474 2032 et

1892 2072 2245 2141 simplicitate
2264 2080 2322 2126 et
2348 2071 2732 2126 benevolentia
2772 2071 2893 2125 Dei.
2944 2070 3237 2124 Maximum
3284 2080 3471 2124 autem

1891 2166 2137 2220 omnium
2166 2174 2270 2229 est,
2299 2162 2576 2224 videlicet.
2595 2170 2903 2232 opportuna
2932 2177 3159 2231 precum
3177 2163 3468 2216 continua-

1892 2257 1991 2313 tio.
2027 2257 2297 2313 Praaterea
2318 2271 2488 2311 unum
2516 2255 2846 2325 requiritur,
2878 2266 2938 2310 ut
2969 2256 3093 2324 quis
3122 2256 3323 2309 habeat
3352 2254 3468 2309 the-

1891 2364 2117 2405 saurum
2152 2348 2206 2403 in
2237 2348 2439 2413 anima,
2474 2357 2531 2404 et
2560 2348 2752 2412 vitam,
2806 2364 2927 2417 qua:
2970 2355 3055 2403 est
3103 2348 3369 2402 Dominus
3412 2347 3471 2401 in

1892 2440 2075 2495 animo
2111 2457 2124 2493 :
2156 2439 2271 2495 sive
2304 2439 2540 2500 laboret.
2594 2438 2711 2494 sive
2738 2446 3019 2508 precetur.
3064 2441 3179 2494 sive
3212 2439 3375 2509 legat,
3410 2449 3472 2493 ut

1892 2531 2096 2586 habeat
2129 2531 2277 2585 illam
2302 2530 2709 2600 possessionem
2741 2544 2851 2583 non
2882 2529 3207 2601 perituram,
3242 2544 3364 2598 qua:
3384 2538 3471 2583 est

1892 2623 2133 2696 Spiritus
2166 2631 2407 2681 sanctus.
2460 2624 2579 2679 Non
2633 2622 2855 2685 desunt,
2921 2622 3016 2691 qui
3063 2622 3249 2677 dicant
3278 2621 3471 2676 Domi-

1891 2735 2024 2773 num
2056 2718 2373 2773 manifestos
2417 2717 2565 2771 solos
2605 2716 2819 2771 fructus
2848 2715 3137 2785 requirere
3184 2714 3254 2769 ab
3287 2714 3469 2768 homi-

1891 2812 2055 2867 nibus
2083 2828 2097 2865 :
2128 2810 2387 2865 interiora
2421 2824 2553 2864 vero
2584 2806 2758 2863 Deum
2788 2807 3089 2877 corrigere.
3130 2806 3253 2861 Non
3283 2814 3467 2861 autem

1892 2920 1981 2959 res
2027 2905 2107 2959 sic
2158 2918 2219 2958 se
2274 2902 2441 2957 habet
2493 2901 2639 2957 :sed
2698 2900 3161 2965 quemadmodum
3209 2900 3471 2954 adversus

1890 2996 2217 3051 exteriorem
2245 2995 2520 3049 hominem
2548 3009 2607 3047 se
2637 2993 2840 3055 munit,
2879 2994 2958 3048 sic
2988 3001 3045 3048 et
3072 2990 3342 3045 adversus
3373 3005 3467 3043 co-

1893 3088 2185 3158 gitationes
2228 3086 2432 3140 bellum
2492 3085 2633 3139 inire
2675 3092 2733 3139 et
2787 3099 2980 3155 gerere
3031 3083 3217 3137 debet.
3283 3080 3471 3150 Exigit

1895 3178 2041 3233 enim
2070 3191 2100 3231 a
2129 3184 2181 3231 te
2209 3175 2488 3241 Dominus,
2514 3183 2575 3229 ut
2596 3175 2691 3231 tibi
2722 3172 3133 3245 ipseirascaris,
3149 3181 3206 3227 et
3227 3186 3465 3241 pugnam

1894 3268 2206 3325 committas
2233 3283 2357 3323 cum
2400 3274 2585 3321 mente
2631 3276 2748 3328 tua,
2783 3282 2963 3336 neque
3006 3263 3328 3320 assentiaris
3370 3271 3465 3316 aut

1899 3363 2189 3418 delecteris
2212 3361 2637 3431 cogitationibus
2659 3360 2862 3431 pravis.

1961 3543 2048 3597 Ν.
2082 3542 2239 3609 Quod
2267 3550 2537 3612 superest,
2600 3551 2887 3610 peccatum
2938 3541 3129 3611 illique
3178 3540 3469 3594 adhaerens

1892 3636 2095 3690 malum
2146 3633 2411 3688 radicitus
2454 3633 2713 3699 evellere,
2748 3632 2855 3687 hoc
2904 3632 3091 3687 divina
3136 3632 3314 3686 solum
3351 3630 3467 3683 vir-

1892 3735 2012 3782 tute
2046 3727 2325 3781 cmendari
2350 3733 2552 3795 potest.
2582 3725 2703 3779 Non
2732 3724 2863 3779 licet
2890 3724 3061 3789 enim,
3084 3738 3266 3792 nequc
3295 3722 3442 3791 possi

1891 3820 1998 3874 bile
2018 3826 2102 3871 est
2120 3817 2329 3871 homini
2349 3816 2586 3886 propriis
2603 3816 2814 3870 viribus
2830 3816 3133 3885 exstirpare
3152 3822 3459 3885 peccatum.

1891 3910 2167 3965 Reluctari
2192 3908 2436 3978 quidem,
2465 3923 2792 3977 repugnare,
2825 3906 3059 3969 caedere,
3093 3906 3374 3960 vulnerari
3400 3905 3461 3959 in

1891 4002 1999 4057 tuis
2028 4001 2245 4055 viribus
2281 4008 2400 4065 est;
2436 4000 2719 4055 eradicare
2753 4014 2887 4054 vero
2934 3998 3105 4053 solius
3146 3998 3241 4052 Dei
3274 4006 3377 4052 est.
3410 3996 3466 4051 Si

1889 4094 2091 4149 etenim
2133 4093 2238 4147 hoc
2268 4101 2526 4161 praestare
2563 4093 2617 4144 in
2650 4100 2741 4145 tua
2781 4098 3054 4160 potestate
3084 4089 3299 4153 fuisset,
3333 4088 3468 4158 quid

1890 4201 2029 4255 opus
2053 4184 2246 4239 fuisset
2261 4183 2529 4237 adventus
2555 4182 2809 4237 Domini?
2832 4181 3067 4236 Perinde
3084 4180 3255 4243 enim,
3283 4188 3343 4233 ut
3362 4194 3472 4233 non

1890 4277 2023 4330 licet
2047 4276 2266 4329 oculum
2291 4273 2499 4341 absque
2538 4273 2661 4327 luce
2693 4272 2901 4338 videre,
2930 4283 3026 4327 aut
3067 4272 3217 4341 loqui
3263 4271 3473 4339 absque

1893 4368 2099 4437 lingua,
2152 4374 2247 4419 aut
2290 4365 2481 4419 audire
2524 4365 2731 4433 absque
2777 4364 3026 4427 auribus,
3068 4372 3165 4417 aut
3208 4362 3472 4417 incedere

1896 4461 2105 4530 absque
2140 4460 2391 4530 pedibus,
2418 4469 2510 4513 aut
2537 4460 2753 4514 labores
2784 4460 3030 4529 perferre
3060 4461 3266 4529 absque
3293 4458 3474 4513 mani-

221 4547 255 4616 ἢ
290 4546 556 4599 εἰσελθεῖν
593 4549 670 4611 εἰς
704 4549 981 4618 βασιλείαν
1018 4552 1282 4623 οὐρανῶν.
1317 4556 1379 4607 El
1408 4554 1463 4607 δὲ
1486 4554 1684 4623 λέγεις.
1712 4558 1793 4610 ὅτι
1830 4562 1871 4615 D
1900 4554 1906 4608 l

1789 4595 1793 4608 .
1830 4562 1871 4615 ι)
1900 4554 2005 4609 bus
2038 4573 2051 4607 :
2086 4554 2165 4608 sic
2185 4570 2289 4609 nec
2308 4554 2513 4622 absque
2534 4554 2661 4609 Jesu
2690 4553 2911 4617 salvari,
2936 4562 3029 4607 aut
3056 4568 3283 4623 regnum
3306 4554 3474 4609 caelo-

230 4638 323 4691 Ἐν
354 4640 470 4702 τοῖς
523 4641 867 4708 φαινομένοις
908 4642 972 4694 οὐ
1001 4643 1267 4713 πορνεύω,
1293 4646 1353 4697 οὐ
1384 4646 1617 4716 μοιχεύω
1641 4688 1656 4710 ,
1692 4649 1789 4701 οὐκ

214 4730 336 4800 είμὶ
387 4730 745 4801 φιλάργυρος.
781 4732 962 4785 λοιπὸν
1010 4734 1215 4798 δίκαιός
1258 4736 1374 4806 είμι
1404 4753 1419 4767 ·
1447 4738 1789 4809 πεπλάνησαι

215 4823 278 4874 ὲν
305 4820 506 4891 τούτῳ,
539 4825 767 4892 νομίσας
811 4824 894 4877 ὅτι
939 4825 1115 4878 πάντα
1163 4828 1499 4893 ἑξετέλεσας.
1531 4831 1645 4883 Οὐκ
1686 4832 1791 4884 είσ¹ι

220 4914 388 4980 μόνον
414 4914 541 4984 τρία
564 4916 703 4984 μέρη
728 4916 825 4984 τῆς
842 4917 1113 4985 ἁμαρτίας
1138 4922 1216 4982 είς
1232 4920 1267 4973 ἃ
1283 4921 1485 4988 ὀφείλει
1506 4939 1589 4985 τις
1615 4924 1791 4990 ἀσφα-

215 5001 493 5067 λίσασθαι,
510 5004 647 5058 ἀλλά
672 5008 906 5077 μυρία’ή
930 5008 1233 5079 τύφωσις.ἡ
1255 5011 1473 5079 ἀφοδία,
1492 5014 1523 5079 ἡ
1544 5013 1791 5079 ἀπιστία,

214 5094 280 5146 τὸ
324 5097 503 5163 μῖσος,
530 5097 790 5164 όφοόνος,
830 5100 863 5167 ἡ
911 5100 1169 5169 ὼλιότης,
1210 5103 1242 5172 ή
1287 5102 1592 5173 ὑπόκρισις,
1630 5103 1792 5157 πόθεν

217 5184 375 5237 ἐστίν
394 5201 408 5250 ;
425 5185 524 5237 οὐκ
545 5187 778 5256 ὀφείλεις
792 5189 927 5259 πρὸς
946 5191 1117 5245 ταῦτα
1135 5192 1277 5261 ἔχειν
1293 5193 1390 5262 τὴν
1406 5193 1581 5265 πάλην
1600 5194 1793 5247 καὶτὸν

218 5276 414 5345 ἀγῶνα
446 5279 506 5330 ἔν
548 5283 660 5343 τοῖς
700 5282 980 5352 λεληθόσιν
1021 5286 1079 5335 ὲν
1120 5286 1230 5347 τοῖς
1260 5285 1577 5354 λογισμοῖς;
1607 5287 1793 5357 ὥσπερ

219 5371 321 5424 ἐὰν
363 5366 399 5443 ᾗ
436 5370 639 5443 λῃστὴς
679 5374 737 5426 ἑν
770 5377 836 5444 τῇ
871 5374 1041 5445 οίκίᾳ,
1068 5374 1132 5426 τὸ
1168 5375 1352 5428 λοιπὸν
1388 5375 1667 5429 ὑποθλίδει
1710 5394 1790 5440 σε,

219 5465 318 5518 καὶ
342 5466 445 5519 οὐκ
473 5466 538 5537 ιᾷ
573 5482 633 5519 σε
670 5466 1015 5538 ἀμεριμνείν,
1050 5469 1193 5540 ἀρχῃ
1238 5469 1295 5522 δὲ
1347 5469 1442 5521 καὶ
1476 5469 1540 5522 σὺ
1578 5467 1795 5523 ἀντηύ-

219 5574 381 5612 πτειν
418 5558 605 5623 αὐτὸν,
649 5558 824 5630 δέρεις
877 5561 972 5614 καὶ
1021 5560 1183 5632 δερῃι
1232 5561 1404 5625 οὔτως
1442 5561 1646 5630 ὀφείλει
1700 5563 1797 5614 καὶ

217 5650 252 5719 ἠ
290 5649 445 5719 ψυχὴ
497 5650 846 5705 ἀντιτύπτειν
896 5653 991 5707 καὶ
1040 5653 1473 5725 ἀπιμάχεσθαι,
1522 5654 1616 5709 καὶ
1648 5654 1797 5707 ἀντι-

218 5758 465 5812 κρουειν.

1891 4660 2012 4698 rum
2036 4644 2247 4713 ingredi
2272 4652 2449 4714 potes.
2479 4644 2635 4710 Quod
2661 4644 2706 4698 si
2736 4644 2908 4709 dicas,
2944 4645 3237 4700 manifesto
3275 4654 3473 4716 stupro

1900 4745 1995 4789 aut
2034 4733 2304 4788 adulterio
2332 4748 2418 4788 me
2442 4749 2554 4787 non
2606 4734 2816 4801 polluo,
2845 4749 2950 4789 nec
2983 4736 3227 4790 avaritiae
3259 4734 3472 4792 crimen

1901 4825 2146 4887 incurro,
2178 4838 2520 4891 consequens
2557 4830 2663 4886 est,
2691 4831 2751 4877 ut
2785 4824 2965 4894 justus
2998 4825 3104 4879 sim
3135 4842 3148 4878 :
3185 4834 3302 4881 toto
3330 4827 3472 4882 caelo

1892 4916 1983 4970 hic
2010 4916 2252 4978 aberras,
2287 4923 2484 4984 putans
2522 4921 2574 4968 te
2612 4915 2800 4967 omnia
2832 4915 3146 4983 perfecisse.
3184 4916 3303 4971 Non
3339 4926 3470 4972 sunt

1897 5007 1998 5074 12
2016 5005 2188 5058 solum
2214 5014 2325 5058 tres
2340 5004 2551 5073 species
2566 5005 2798 5073 peccati,
2821 5004 3089 5061 adversus
3110 5023 3245 5077 quas
3261 5008 3387 5077 quis
3410 5023 3471 5063 se

1895 5098 2109 5153 muniat
2136 5106 2375 5168 oportet,
2420 5098 2517 5153 sed
2566 5098 2815 5153 inﬁnite.
2857 5101 3202 5171 Arrogantia,
3250 5102 3471 5156 temeri-

1895 5200 1998 5254 tas,
2042 5190 2362 5255 difﬁdentia,
2418 5190 2629 5255 odium,
2678 5190 2903 5255 invidia,
2941 5192 3111 5256 fraus,
3157 5192 3467 5264 hypocrisis

1895 5283 2040 5337 unde
2071 5284 2235 5337 sunt?
2271 5283 2464 5337 Nonne
2510 5283 2608 5337 tibi
2644 5282 2910 5337 adversus
2942 5284 3059 5339 lucc
3093 5294 3373 5339 certamen
3413 5296 3472 5339 et

1896 5391 2074 5445 pugna
2108 5375 2163 5428 in
2207 5376 2436 5430 secretis
2465 5376 2574 5431 tuis
2609 5375 3038 5446 cogitationibus
3074 5376 3318 5431 ineunda
3344 5378 3469 5432 est?

1894 5466 2386 5533 Quemadmodum,
2438 5468 2485 5522 si
2536 5468 2677 5522 latro
2720 5467 2944 5522 domum
2980 5475 3129 5523 tuam
3178 5469 3464 5533 invaserit,

1891 5560 2003 5629 jam
2036 5565 2089 5612 te
2119 5558 2364 5612 molestia
2395 5572 2589 5628 magna
2622 5556 2786 5613 allicit
2810 5599 2825 5622 ,
2863 5574 2964 5613 nec
2996 5568 3049 5613 te
3091 5573 3323 5613 vacuum
3346 5572 3467 5612 esse

1897 5652 2046 5707 curis
2071 5651 2240 5717 sinit;
2270 5650 2465 5719 incipis
2494 5667 2625 5705 vero
2656 5658 2711 5705 et
2743 5660 2799 5703 tu
2835 5665 3139 5719 repugnare
3170 5648 3271 5711 illi,
3302 5648 3466 5702 caedis

1898 5752 2061 5813 atque
2087 5743 2311 5798 czederis
2345 5758 2360 5796 :
2402 5742 2478 5798 ita
2511 5752 2567 5798 et
2596 5742 2778 5799 anima
2808 5742 2971 5797 debet
3000 5741 3226 5797 referire
3252 5780 3267 5803 .
3302 5754 3460 5807 repu-

1900 5849 2064 5905 gnare
2094 5842 2150 5889 ct
2174 5833 2485 5891 retundere.
