4266 6356
821 402 919 467 471

2042 415 2102 479 S.
2137 420 2197 480 Μ
2198 420 2454 482 ACARII
2495 422 2815 485 [EGYPTII

3939 416 4049 481 472

893 516 955 571 V.
1011 513 1241 570 Demum
1289 532 1421 571 vero
1463 518 1719 576 voluntas
1757 537 2087 595 repugnans,
2139 529 2385 584 molestia
2411 531 2463 589 A
2558 533 2578 585 l

2366 546 2385 584 ι
2411 531 2463 589 Α
2558 533 2633 587 E'.
2665 532 2865 585 Λοιπὸν
2892 532 2924 602 ἡ
2953 530 3271 603 προαίρεσις
3309 531 3735 600 ἀντιμαχομὲνη,
3769 533 3863 584 καὶ
3892 531 4051 600 ἐχου-

820 616 984 679 atque
1012 607 1304 665 afﬂictione
1339 611 1559 677 obruta,
1587 613 1783 683 incipit
1830 618 2083 686 superior
2118 619 2256 685 fieri,
2288 636 2382 675 ca-

821 700 925 765 dit,
955 701 1205 771 erigitur.
1231 702 1422 757 Denuo
1469 714 1752 773 peccatum
1798 709 2278 779 conjicitanimam
2324 716 2381 769 in

822 789 1012 845 decem
1044 792 1347 863 autviginti
1378 808 1734 866 congressus;
1759 798 1930 853 vincit
1956 802 2190 857 animam
2217 814 2382 874 atque

817 884 1162 951 prosternit:
1218 894 1273 939 et
1308 887 1486 941 anima
1519 888 1744 957 quidem
1797 893 2060 960 temporis
2096 894 2381 951 intervallo

817 972 1120 1027 decretoria
1146 990 1327 1045 pugna
1342 985 1567 1046 superat
1594 988 1902 1048 peccatum.
1933 982 2171 1036 Rursum
2197 984 2383 1053 siper-

821 1063 1022 1117 stiterit
1043 1065 1249 1129 anima,
1275 1082 1379 1121 nec
1413 1067 1729 1139 languidior
1768 1071 1823 1125 in
1858 1080 2009 1141 parte
2047 1073 2228 1141 aliqua
2259 1073 2383 1129 fue-

824 1157 915 1219 rit,
952 1155 1146 1226 incipit
1174 1160 1428 1227 superior
1459 1160 1712 1226 evadere,
1744 1170 1800 1216 et
1824 1162 2163 1227 discernere,
2192 1180 2383 1235 repor-

820 1254 935 1299 tare
968 1248 1175 1317 palmas
1196 1250 1454 1305 adversus
1494 1260 1800 1321 peccatum.
1851 1254 1957 1309 Sed
1990 1256 2045 1309 in
2079 1257 2183 1320 his,
2219 1259 2262 1311 si
2291 1272 2380 1312 re-

816 1345 903 1390 cte
933 1353 1020 1391 res
1043 1339 1157 1394 suis
1186 1342 1520 1409 ponderibus
1551 1343 1745 1397 librata
1778 1346 2137 1412 examinetur,
2173 1348 2379 1402 tamdiu

816 1436 1100 1493 peccatum
1130 1429 1405 1483 hominem
1434 1433 1721 1499 subvertit,
1766 1436 1943 1491 donec
1972 1438 2164 1492 evadat
2216 1441 2270 1493 in
2299 1441 2378 1493 vi-

818 1535 934 1570 rum
982 1522 1289 1588 perfectum,
1332 1524 1387 1576 in
1442 1542 1744 1579 mensuram
1768 1530 2029 1593 artatis",
2072 1538 2126 1583 et
2155 1533 2378 1585 omnino

816 1620 1034 1677 superet
1077 1624 1329 1668 mortem.
1372 1615 1647 1684 Scriptum
1687 1620 1829 1672 enim
1866 1631 1949 1675 est
1998 1640 2009 1674 :
2054 1622 2377 1678 Nouissimas

812 1700 971 1751 hostis
997 1700 1233 1754 aboletur
1257 1720 1395 1757 mors
1417 1706 1481 1757 ’⁸.
1516 1707 1581 1759 Ει
1612 1708 1690 1762 sic
1715 1712 2025 1779 superiores
2053 1714 2291 1768 evadunt
2323 1726 2378 1771 et

810 1790 1049 1845 victores
1091 1792 1314 1848 diaboli.
1371 1797 1427 1849 Si
1467 1813 1618 1861 vero,
1671 1810 1732 1853 ut
1772 1802 1881 1871 jam
1923 1803 2177 1870 diximus,
2230 1807 2376 1861 dicat

2486 640 2554 677 σα
2597 623 2759 676 πόνον
2824 623 2919 675 καὶ
2967 622 3167 692 θλίψιν,
3210 621 3437 693 ἄρχεται
3495 622 3741 692 ἁνωτέρα
3776 624 4047 690 γίνεσθαιο

2482 714 2704 780 πίπτει,
2730 714 3019 785 ἱγείρεται·
3047 715 3208 767 πάλιν
3250 714 3435 783 ῥίπτει
3456 716 3490 784 ἡ
3518 713 3763 784 ἁμαρτία
3802 716 3885 777 είς
3912 715 4052 767 δέκα

2480 806 2513 876 ἢ
2558 794 2641 868 ἐίς
2678 806 2850 860 εἴκοσι
2881 807 3115 875 ἀγῶναςο
3148 809 3277 879 νικᾷ
3320 808 3417 877 τὴν
3474 806 3652 876 ψυχὴν
3695 808 3789 859 καὶ
3840 808 4055 877 ῥίπτει,

2481 902 2574 955 καὶ
2618 901 2827 973 ἡψυχὴ
2861 902 2949 956 διὰ
3001 902 3194 972 χρόνου
3240 904 3318 965 είς
3368 903 3495 973 μίαν
3537 902 3758 973 ἀγωγὴν
3783 905 3910 973 νικᾷ
3951 903 4059 973 τὴν

2482 994 2773 1062 ἁμαρτίαψ
2800 994 2965 1048 πάλιν
2988 996 3082 1049 ὲᾶν
3132 997 3168 1066 ἡ
3198 995 3343 1066 ψυχὴ
3376 996 3645 1067 ὑπομείνῃ
3673 996 3767 1047 καὶ
3810 996 3887 1065 μὴ
3916 1013 4052 1064 χαυ-

2480 1084 2623 1155 νωθῆ
2652 1084 2793 1139 κατὰ
2814 1087 3004 1157 μέρος,
3029 1086 3255 1159 ἄρχεται
3272 1087 3585 1151 πλεονάζειν
3608 1087 3701 1139 καὶ
3722 1086 4053 1156 διακρίνειν,

2480 1176 2576 1229 καὶ
2610 1176 2983 1248 ἀποφέρεσθαι
3015 1178 3085 1231 τὰ
3114 1179 3402 1249 νικητήρια
3431 1179 3570 1231 κατὰ
3596 1182 3697 1247 τῆς
3741 1179 4051 1247 ἁμαρτίας,

2480 1269 2593 1322 ἀλλ’
2626 1272 2676 1323 εἱ
2710 1271 2805 1323 καὶ
2833 1272 2891 1323 ὲν
2918 1269 3128 1332 τούτοις
3165 1272 3495 1337 ἐξετάζεται,
3522 1272 3706 1340 ἀκμὴν
3737 1272 3770 1341 ἡ
3799 1272 4053 1341 ἁμαρτία

2480 1364 2842 1433 καταστρέφει
2870 1365 2959 1416 τὸν
3007 1363 3309 1433 ἄνθρωπον,
3341 1363 3446 1427 ἓως
3480 1358 3542 1415 οὗ
3594 1362 3721 1433 ἔλθῃ
3751 1366 3837 1429 είς
3856 1362 4051 1431 ἄνδρα

2478 1456 2730 1521 τέλειον,
2766 1458 2852 1520 εἰς
2894 1455 3111 1525 μέτρον
3152 1456 3411 1522 ἡλικίας,
3454 1456 3549 1508 καὶ
3587 1454 3805 1517 τελείως
3844 1457 4050 1527 νικήσῃ

2478 1547 2568 1600 τὸν
2586 1546 2811 1600 θάνατον
2836 1563 2849 1576 ·
2870 1548 3172 1615 γέγραπται
3204 1547 3332 1615 γὰρ,
3360 1548 3648 1614 Ἕσχατος
3674 1547 3885 1615 ἐχθρὸς
3908 1563 4052 1601 κατ-

2476 1640 2732 1707 αργεῖται
2765 1641 2797 1692 ὁ
2825 1638 3100 1703 θάνατος·
3168 1639 3260 1690 καὶ
3294 1638 3465 1700 οὕτως
3485 1638 3746 1708 ἀνώτεροι
3784 1638 4049 1703 γίνονται,

2477 1731 2570 1784 καὶ
2595 1731 2810 1800 νικηταὶ
2838 1729 2931 1782 τοῦ
2956 1729 3225 1781 διαϐόλου.
3254 1730 3315 1780 Ei
3340 1729 3417 1792 δὲ,
3455 1727 3636 1790 καθὼς
3684 1727 4047 1797 προείπομεν,

2476 1822 2621 1889 λέγει
2658 1839 2763 1885 τις,
2796 1822 2869 1875 Οὐ
2910 1821 3179 1892 πορνεύω,
3210 1821 3272 1874 ού
3310 1822 3565 1891 μοιχεύω,
3594 1820 3653 1873 οὐ
3700 1820 4046 1890 φιλαργυρῶ,

809 1881 954 1948 quis,
985 1898 1086 1936 nec
1136 1895 1368 1950 scortor,
1417 1904 1519 1943 nec
1571 1890 1841 1948 adulterio
1889 1910 1974 1950 me
2027 1898 2231 1965 polluo,
2270 1915 2372 1954 nec
2407 1875 2494 1965 Βέ

2363 1918 2372 1954 ⁵
2407 1875 2446 1927 Β
2475 1875 2634 1982 ἀρκεῖ
2662 1875 2771 1982 μοίἰ
2803 1875 3085 1975 οὕτωςιείς
3111 1875 3240 1981 τρία
3284 1875 3434 1982 μέρὴ
3472 1875 3804 1981 ἠγωνίσατο.
3833 1875 4048 1976 litat-sig:

808 1986 1003 2026 avarus
1035 1988 1176 2038 sum,
1205 1976 1309 2030 hoc
1336 1977 1532 2032 sufﬁcit
1560 1980 1731 2046 mihi;
1764 1983 2046 2039 dimicavit
2079 1988 2123 2041 is
2151 1989 2369 2057 quidem

806 2063 911 2117 hoc
950 2065 1112 2120 modo
1160 2067 1420 2122 adversus
1471 2079 1584 2126 tces
1628 2075 1838 2142 peccati
1891 2077 2139 2145 species:
2176 2088 2371 2136 contra

805 2156 1046 2224 reliquas
1073 2174 1202 2212 vero
1232 2160 1445 2229 viginti,
1473 2179 1609 2231 quas
1633 2176 1915 2233 peccatum
1961 2169 2224 2224 adversus
2250 2173 2371 2226 ani-

805 2264 948 2303 mam
982 2251 1167 2317 habet,
1200 2270 1308 2309 non
1340 2258 1619 2326 pugnavit,
1654 2260 1747 2313 sed
1781 2262 1958 2314 victus
1990 2270 2092 2315 est.
2118 2264 2371 2335 Pugnan-

804 2341 933 2394 dum
963 2343 1127 2411 igitur
1158 2354 1212 2399 et
1240 2346 1614 2403 dimicandum
1644 2361 1730 2404 est
1768 2352 1845 2407 illi
1884 2353 2151 2409 adversus
2183 2371 2373 2411 omnes

802 2434 1012 2499 peccati
1046 2439 1275 2505 species.
1306 2438 1457 2493 Mens
1479 2441 1648 2503 enim,
1685 2451 1747 2495 ut
1774 2444 1972 2512 saepius
1999 2444 2254 2510 diximus,
2275 2446 2372 2501 ad-

802 2525 1045 2579 versaria
1074 2536 1177 2591 est,
1207 2535 1262 2582 et
1285 2545 1467 2598 aequas
1506 2532 1670 2585 habet
1698 2532 1845 2586 vires
1874 2534 2135 2590 adversus
2176 2551 2370 2606 pecca-

804 2624 940 2680 tum,
968 2627 1029 2670 ut
1054 2621 1395 2675 contradicat
1419 2631 1474 2676 et
1500 2625 1720 2678 resistat
1753 2626 2195 2696 cogitationibus.

875 2706 962 2761 Vl.
1000 2707 1157 2773 Quod
1216 2711 1261 2764 si
1315 2710 1484 2777 dicas,
1548 2716 1887 2782 potentiores
1944 2732 2064 2772 esse
2115 2719 2373 2775 adversas

804 2798 974 2864 vires,
1006 2811 1061 2854 et
1110 2802 1370 2856 malitiam
1405 2806 1632 2859 omnino
1662 2807 1871 2862 homini
1898 2810 2186 2875 dominari,
2227 2812 2371 2882 inju-

804 2900 949 2943 stum
982 2892 1117 2946 facis
1159 2894 1351 2958 Deum,
1384 2911 1476 2964 qui
1502 2898 1831 2953 condemnet
1870 2901 2163 2955 humanam
2206 2913 2371 2957 natu-

804 2996 941 3044 ram,
973 2997 1039 3034 eo
1088 2983 1233 3050 quod
1292 2983 1507 3040 Satanae
1543 2988 1836 3053 obcdierit,
1889 2993 2106 3059 quando
2151 2994 2370 3061 quidem

804 3071 1000 3125 fortior
1047 3082 1151 3136 est,
1203 3082 1258 3127 et
1291 3075 1343 3128 vi
1387 3086 1612 3146 cogente
1645 3079 1919 3132 hominem
1958 3081 2060 3134 sibi
2103 3082 2318 3152 subjicit
2352 3101 2367 3136 :

804 3163 1065 3231 maiorem
1116 3173 1171 3217 et
1202 3165 1483 3221 fortiorem
1530 3184 1657 3222 eum
1688 3172 1868 3225 anima
1904 3173 2212 3227 constituis.
2263 3175 2367 3229 Sed

806 3253 1024 3307 tandem
1064 3271 1151 3310 me
1180 3258 1389 3313 audies.
1433 3259 1904 3324 Quemadmodum
1950 3264 1996 3317 si
2021 3266 2238 3334 juvenis
2274 3266 2367 3330 sit,

806 3347 899 3414 qui
932 3348 1129 3401 luclam
1175 3350 1320 3404 ineat
1345 3367 1468 3405 cum
1497 3353 1699 3421 puello.
1730 3361 1787 3407 et
1816 3353 1863 3407 si
1892 3354 2128 3422 puellus,
2165 3355 2211 3408 si
2244 3369 2371 3409 suc-

805 3438 1075 3501 cubuerit,
1096 3440 1515 3505 condemnetur,
1532 3443 1674 3510 quod
1702 3442 1928 3496 inferior
1951 3445 2205 3508 evaserit,
2227 3445 2371 3499 mul-

807 3537 921 3581 tum
950 3529 1053 3583 hoc
1078 3529 1240 3583 habet
1274 3530 1580 3600 iniquitatis
1608 3550 1620 3585 :
1654 3533 1883 3601 perinde
1913 3533 2145 3587 dicimus
2170 3544 2225 3588 et
2249 3550 2370 3596 nos,

806 3630 1041 3673 mentem
1073 3621 1441 3676 adversariam
1471 3638 1613 3687 esse,
1646 3632 1701 3677 et
1728 3626 1900 3693 aequis
1934 3624 2145 3679 viribus
2176 3626 2372 3695 pradi-

807 3718 938 3763 tam.
987 3712 1056 3766 Et
1105 3714 1420 3783 hujusmodi
1465 3715 1668 3779 anima,
1712 3731 1869 3784 opem
1904 3724 1959 3769 et
2004 3717 2288 3780 auxilium,
2325 3718 2370 3771 si

805 3805 950 3858 serio
978 3814 1207 3872 quaerat,
1236 3805 1289 3858 id
1316 3806 1693 3875 consequitur,
1727 3815 1781 3860 et
1823 3807 1983 3877 digna
2006 3817 2260 3861 censetur
2283 3826 2370 3863 re-

804 3895 1135 3965 demptione.
1170 3894 1458 3950 Certamen
1494 3897 1640 3950 enim
1673 3907 1727 3951 et
1762 3914 1940 3967 pugna
1975 3898 2030 3952 in
2059 3900 2370 3967 aequalitate

801 3988 1002 4040 virium
1047 3988 1317 4042 consistit.
1347 3988 1729 4043 Gloriﬁcemus
1759 3991 1973 4045 Patrem
1996 3999 2051 4045 et
2087 3992 2283 4046 Filium
2316 4001 2371 4047 et

806 4077 1068 4146 Spiritum
1094 4091 1342 4134 sanctum
1374 4080 1429 4133 in
1458 4081 1676 4134 secula.
1707 4082 1898 4135 Amen.

1383 4214 1668 4270 HOMILIA
1707 4216 1799 4270 IV.

805 4305 1029 4360 Cursum
1056 4306 1215 4359 stadii
1241 4307 1395 4364 huius
1427 4308 1609 4359 mundi
1637 4317 1833 4361 attente
1849 4318 1897 4361 et
1929 4319 2172 4363 accurate
2198 4312 2368 4364 absol-

872 4393 991 4449 uere
1031 4384 1246 4449 oportet;
1275 4376 1620 4439 Christianos,
1666 4386 1723 4428 ut
1755 4378 1954 4432 caeleste
1988 4384 2307 4449 praeconium
2334 4400 2365 4434 α

872 4445 978 4497 Deo
999 4454 1046 4497 et
1072 4445 1273 4515 angelis
1298 4454 1702 4514 consequantur.

870 4644 914 4700 Ι.
953 4644 1057 4710 Qui
1083 4645 1251 4697 vitam
1294 4644 1660 4700 Christianam
1703 4645 1885 4700 studio
1916 4655 2172 4700 accurato
2213 4656 2365 4700 tran-

800 4737 975 4807 sigere
1024 4736 1336 4800 intendunt,
1369 4753 1463 4791 eos
1509 4753 1620 4807 pne
1648 4739 1857 4792 caeteris
1901 4738 2169 4793 facultatis
2202 4739 2363 4793 intel-

801 4827 1005 4897 ligendi
1034 4837 1091 4881 et
1137 4827 1507 4891 discernendi,
1535 4844 1655 4897 quae
1682 4828 1736 4881 in
1763 4829 1940 4881 anima
1960 4838 2063 4890 est,
2094 4844 2364 4883 summam

802 4934 986 4974 curam
1021 4918 1224 4973 habere
1260 4928 1498 4987 oportet,
1528 4928 1609 4982 ut,
1651 4934 1773 4973 cum
1804 4929 2048 4973 exactam
2089 4919 2218 4973 boni
2250 4936 2364 4973 ma-

800 5009 949 5078 lique
998 5009 1446 5078 dijudicationem
1485 5011 1631 5065 nacti
1677 5026 1762 5074 ea,
1814 5026 1933 5080 qum
1975 5020 2174 5079 prater
2207 5020 2365 5064 natu-

801 5115 918 5153 ram
950 5115 1103 5169 pura:
1126 5110 1334 5154 naturae
1353 5101 1714 5171 undequaque
1734 5102 2082 5165 invehantur,
2104 5101 2366 5156 distinxe-

802 5192 1021 5257 rimus,.
1046 5200 1196 5247 recte
1241 5199 1297 5247 et
1342 5193 1545 5261 absque
1582 5193 1913 5247 oil‘endiculo
1943 5208 2364 5259 conversemur;

801 5295 863 5339 ut
883 5285 1030 5339 velut
1053 5285 1403 5340 discernendi
1425 5286 1684 5341 facultate
1706 5288 1866 5342 oculo
1893 5297 2127 5350 utentes,
2152 5288 2207 5342 id
2229 5304 2363 5343 con-

804 5390 1120 5443 sequamur,
1153 5385 1213 5429 ut
1237 5376 1419 5432 idonei
1447 5392 1556 5431 non
1592 5378 1781 5441 simus,
1816 5377 1907 5446 qui
1940 5394 2065 5431 eum
2097 5380 2363 5448 pravitate

800 5476 859 5520 et
888 5468 1093 5522 malitia
1120 5467 1298 5524 foedus
1318 5480 1604 5538 percutere
1628 5470 1900 5539 possimus
1924 5488 1938 5535 ;
1973 5471 2158 5539 sicque
2178 5471 2364 5525 divino

806 5573 1034 5613 munere
1074 5560 1253 5613 ornati
1312 5558 1461 5630 digni
1512 5560 1741 5615 Domino
1780 5561 1989 5615 fiamus.
2029 5561 2128 5631 l3
2170 5561 2364 5615 Exem-

804 5651 955 5721 plum
982 5651 1265 5723 capiamus
1293 5652 1474 5715 abiis,
1506 5669 1625 5723 quze
1658 5654 1801 5707 visui
1832 5654 2075 5723 subjecta
2101 5664 2247 5709 sunt.
2280 5653 2365 5707 Si-

876 5826 920 5857 "
959 5826 1157 5895 l'ipbcs.
1195 5842 1268 5891 ιν,
1295 5826 1344 5879 9.
1422 5826 1465 5857 ³⁸
1503 5823 1524 5879 1
1556 5824 1679 5879 Cor.
1714 5842 1800 5890 xv,
1834 5826 1922 5883 26.

2470 2007 2605 2060 ἄλλα
2636 2007 2827 2069 εῐκοσι,
2857 2004 3003 2072 ἅπερ
3038 2005 3151 2074 ἔχει
3183 2006 3217 2074 ἡ
3254 2004 3497 2074 ἁμαρτία
3534 2005 3675 2058 κατὰ
3716 2006 3816 2074 τῆς
3838 2004 4046 2075 ψυχῆς,

2469 2096 2566 2148 οὐκ
2594 2096 2919 2164 ἠγωνίσατο,
2957 2096 3070 2148 ἀλλ’
3100 2095 3327 2166 ἡττήθη,
3370 2094 3604 2163 Ὀφείλει
3640 2090 3733 2149 οὖν
3763 2097 3842 2158 είς
3864 2096 4046 2149 πάντα

2468 2188 2863 2257 ἀγωνίσασθαι,
2904 2189 2998 2242 καὶ
3046 2187 3244 2240 ἀθλεῖν·
3287 2191 3315 2241 ό
3357 2190 3465 2259 γὰρ
3494 2187 3640 2251 νοῦς.
3688 2188 3873 2251 καθὼς
3913 2189 4045 2241 πολ-

2470 2274 2626 2339 λάκις
2660 2276 2903 2343 εἴπομεν,
2960 2276 3251 2340 άντίπαλός
3282 2278 3397 2330 ἐστι
3418 2319 3432 2343 ,
3467 2278 3561 2331 καὶ
3593 2277 3705 2347 ἔχει
3753 2279 4053 2350 ίσόρροπον

2468 2367 2696 2437 δύναμιν
2720 2368 2853 2440 πρὸς
2875 2369 2974 2438 τὴν
3005 2370 3275 2440 ἁμαρτίαν
3296 2370 3392 2423 τοῦ
3442 2369 3741 2439 ἀντιλέγειν
3762 2371 3858 2424 καὶ
3893 2373 4051 2424 ἐναν-

2470 2458 2718 2512 τιοῦσθαι
2746 2462 2861 2523 τοῖς
2891 2461 3193 2530 λογισμοῖς.

2539 2722 2629 2786 (Γ.
2666 2722 2729 2774 Et
2772 2720 2831 2774 δὲ
2863 2722 3040 2789 λέγεις
3078 2721 3432 2793 ἰσχυροτέραν
3482 2722 3621 2776 εἶναι
3654 2723 3754 2793 τὴν
3784 2723 4043 2778 ἐναντίαν

2470 2813 2723 2881 δύναμιν,
2748 2811 2843 2865 καὶ
2867 2811 3176 2879 βασιλεύειν
3204 2810 3265 2862 τὸ
3290 2810 3409 2863 ὅλον
3439 2811 3536 2882 τὴν
3570 2813 3765 2865 κακίαν
3787 2812 3929 2865 κατὰ
3947 2811 4046 2866 τοῦ

2470 2906 2784 2975 ἀνθρώπου,
2844 2904 3031 2958 ἄδικον
3068 2908 3247 2966 ποιεῖς
3300 2905 3392 2957 τδν
3431 2904 3583 2968 Θεὸν,
3642 2906 4048 2972 κατακρίνοντα

2469 2996 2567 3066 τὴν
2590 2995 3007 3065 ἀνθρωπὸτητα,
3032 2994 3164 3047 διότι
3204 2997 3482 3065 ὑπήκουσε
3508 2996 3587 3065 τῷ
3619 2996 3848 3066 Σατανᾷ,
3878 2997 4044 3049 ὁπότε

2474 3085 2690 3154 ἰσχυρός
2740 3087 2896 3149 ἐστι,
2948 3086 3039 3137 καὶ
3079 3086 3453 3155 ἀναγκαστικῇ
3485 3104 3591 3137 τινι
3640 3086 3867 3155 δυνάμει
3916 3086 4049 3139 ὑπο-

2469 3177 2679 3229 τάσσεισ
2713 3174 2882 3244 μείζω
2927 3177 3018 3228 καὶ
3059 3176 3405 3247 ἰσχυρότερον
3455 3177 3617 3230 αὐτὸν
3650 3177 3910 3246 ἐποίησας
3942 3177 4048 3245 τῆς

2470 3270 2667 3339 ψυχῆς.
2705 3270 2817 3323 Καὶ
2861 3270 2917 3321 ὲν
2948 3268 3091 3321 τέλει
3130 3286 3217 3337 μοι
3250 3268 3600 3330 ὐπακούσεις·
3647 3267 3834 3337 ὥσπερ
3879 3267 3977 3321 ἐὰν

2472 3360 2771 3425 νεανίσκος,
2823 3360 2916 3412 καὶ
2976 3360 3073 3429 ἔχῃ
3126 3359 3306 3429 πάλην
3361 3358 3498 3427 πρὸς
3546 3358 3915 3421 παιδίον,κα“ι
3945 3357 4048 3410 ἐὰν

2473 3452 2676 3523 ἡττηθῇ
2709 3452 2769 3503 τὸ
2834 3452 3086 3517 παιδίον,
3148 3451 3569 3519 κατακρίνηται,
3621 3449 3754 3502 διότι
3806 3450 4045 3517 ἡττήθη,

2472 3545 2628 3597 τοῦτο
2659 3544 2857 3613 πολλῆς
2890 3544 3107 3605 ἀδικίας
3141 3542 3307 3594 ἐστίν’
3340 3542 3462 3593 ὅθεν
3501 3542 3659 3610 ἡμεῖς
3688 3540 3920 3609 λέγομεν
3951 3541 4049 3593 άν-

2472 3636 2695 3689 τίπαλον
2727 3631 2865 3687 εἶναι
2886 3635 2976 3687 τὸν
3001 3634 3124 3687 νοῦν
3160 3633 3253 3686 καὶ
3282 3633 3590 3703 ίσόῤῥοπον.
3617 3633 3727 3684 Καὶ
3758 3632 3791 3699 ἡ
3813 3631 4047 3701 τοιαύτη

2471 3727 2618 3795 ψυχὴ
2670 3724 3036 3792 ἐπιζητοῦσα,
3086 3722 3347 3790 τυγχάνει
3388 3720 3641 3789 βοηθείας
3682 3718 3775 3771 καὶ
3827 3718 4052 3787 ἀντιλὴ-

2470 3816 2636 3885 ψεως,
2665 3815 2758 3866 καὶ
2782 3811 3131 3875 καταξιοῦται
3159 3812 3254 3877 τῆς
3279 3809 3620 3879 λυτρώσεως.
3657 3808 3723 3859 Ἢ
3747 3808 3858 3875 γὰρ
3893 3806 4045 3874 πάλη

2471 3908 2564 3958 καὶ
2612 3909 2640 3959 ό
2671 3904 2820 3973 ἀγὼν
2867 3906 2960 3957 ἐπὶ
3002 3905 3067 3974 τῇ
3109 3900 3427 3970 ίσοδυναμίᾳ
3472 3902 3671 3953 κεῖται.
3714 3896 4050 3965 Δοξάζωμεν

2472 3997 2713 4067 Πατέρα,
2754 3996 2849 4049 καὶ
2872 3997 3025 4061 Υίὸν,
3057 3995 3151 4047 καὶ
3191 3994 3347 4061 ἆγιον
3384 3991 3612 4060 Πνεῦμα
3644 3990 3725 4052 είς
3750 3990 3877 4052 τοὺς
3908 3988 4047 4041 αἰῶ-

2470 4105 2585 4149 νας.
2641 4087 2835 4157 Ἀμήν.

3067 4217 3307 4271 ΟΜΙᾹΙΑ
3365 4220 3437 4269 Δ’.

2476 4314 2583 4368 Τὸν
2628 4314 2849 4385 δρόμον
2906 4311 3012 4364 τοῦ
3068 4309 3327 4385 -σζαδίοιέ
3380 4309 3485 4385 (at?
3538 4306 3803 4385 κόίγμου⁸
3823 4304 4045 4385 {autem

2542 4374 2955 4454 προσεχόντως
2972 4381 3082 4454 “xui
3115 4378 3365 4454 ᾀκριϐὡς
3393 4377 3730 4454 διέρχεσθαι
3768 4375 3861 4454 δεῖ
3897 4374 4045 4454 τοὺς

2536 4446 2947 4519 Χριστιανοὺς,
2971 4451 3071 4501 ἵνα
3105 4449 3368 4501 ἐπαίνων
3387 4446 3679 4513 οὐρανίων
3706 4446 3864 4511 παρὰ
3887 4446 4041 4497 Θεοῦ

2401 4542 2445 4596 ι)
2543 4522 2641 4575 καὶ
2673 4522 2942 4591 ἀγγέλων
2980 4522 3223 4588 τύχωσι.

2537 4658 2614 4708 Α’.
2652 4656 2716 4707 Oi
2760 4654 2850 4706 τδν
2874 4653 2983 4722 βίον
3005 4651 3099 4705 τοῦ
3140 4648 3570 4721 Χριστιανισμοῦ
3594 4649 3652 4699 ὲν
3673 4647 3840 4716 πολλῇ
3877 4647 4044 4715 ἀκριο

2467 4749 2589 4818 ὗείᾳ
2621 4747 2965 4818 κατορθῶσαι
3020 4745 3351 4815 βουλόμενοι,
3389 4743 3496 4814 πρὸ
3538 4742 3759 4795 πάντων
3790 4738 3885 4790 τοῦ
3925 4738 4045 4790 δια-

2467 4838 2717 4907 νοητικοῢ
2744 4840 2838 4893 καὶ
2866 4837 3201 4908 διακριτικοῦ
3230 4836 3427 4905 μέλους
3459 4836 3557 4903 τῆς
3592 4834 3769 4903 ψυχῆς
3797 4834 3853 4884 ὲν
3888 4833 4046 4902 πάσῃ

2467 4932 2693 5001 δυνάμει
2742 4929 3118 4999 ἐπιμελεῖσθαι
3155 4928 3483 4997 ὀφείλουσιν,
3513 4926 3600 4977 ἵνα
3627 4925 3728 4993 τὴν
3765 4922 4043 4991 διάκρισιν

2466 5020 2559 5072 τοῦ
2614 5020 2782 5073 καλοῦ
2830 5020 2925 5072 καὶ
2956 5018 3052 5072 τοῦ
3092 5017 3267 5071 κακοῦ
3299 5019 3355 5068 ἐν
3389 5014 3642 5085 ἀκριϐείᾳ
3674 5012 4037 5080 κτησάμενοι,

2466 5117 2559 5167 καὶ
2618 5116 2686 5167 τὰ
2738 5114 2887 5183 παρὰ
2938 5114 3100 5183 φύσιν
3145 5112 3468 5181 εἰσαχθέντα
3522 5111 3589 5178 τῇ
3627 5106 3843 5176 καθαρᾷ
3873 5105 4042 5175 φύσει

2468 5202 2695 5254 πάντοτε
2730 5202 3115 5273 διακρίνοντες,
3146 5201 3347 5262 εὐθέως
3370 5200 3465 5252 καλ⁸
3510 5198 3906 5267 ἀπροσκόπτως
3940 5212 4044 5246 πο-

2465 5294 2835 5363 λιτευσώμεθα
2860 5311 2874 5326 ο
2909 5294 2993 5347 ἵνα
3033 5294 3109 5357 ὡς
3141 5292 3405 5362 ὀφθαλμῷ
3454 5291 3532 5360 τῷ
3574 5291 3673 5359 τῆς
3707 5287 4040 5359 διακρίσεως

2469 5386 2647 5455 μέλει
2676 5387 2967 5456 χρώμενοι,
3002 5386 3381 5452 ὰσυνδύαστοι,
3437 5385 3529 5435 καὶ
3574 5381 3854 5435 άσύνθετοι
3894 5378 4039 5448 πρὸς

2464 5476 2562 5538 τὰς
2592 5479 2689 5545 τῆς
2719 5460 2917 5539 κακίας
2947 5477 3233 5539 ὑποθέσεις
3266 5473 3403 5529 εἶναι
3432 5473 3769 5543 δυνηθῶμεν,
3807 5471 3905 5523 καὶ
3939 5468 4035 5521 οὒ-

2462 5585 2571 5629 τως
2600 5569 2698 5637 τῆς
2731 5570 2878 5633 θείας
2921 5569 3125 5637 δωρεᾶς
3157 5566 3607 5632 καταξιωθέντες,
3638 5564 3777 5629 ἄξιοι
3806 5560 3901 5614 τοῦ
3930 5561 4039 5612 Ku-

2469 5656 2582 5726 ρίου
2636 5658 2939 5729 γενώμεθα.
2986 5660 3117 5711 Ἀπὸ
3148 5658 3205 5710 δὲ
3257 5657 3363 5710 τῶν
3402 5656 3692 5726 ὁρωμένων
3725 5652 4036 5718 ὑπόδειγμα
