4266 6356
848 384 956 452 475

2091 381 2153 443 S.
2187 380 2504 444 MACARII
2538 378 2855 442 )EGYPTII

3999 375 4099 438 476

854 495 1159 565 diligenter
1192 502 1249 547 et
1274 501 1483 548 attente
1510 490 1800 548 continens
1838 490 2083 545 membra
2122 490 2369 560 corporis
2399 506 2429 544 a
2460 500 2505 553 Α
2533 512 2539 542 ι

2411 500 2505 553 ιΑ
2533 493 2735 561 έχουσα
2782 490 3047 545 πάντοθεν
3094 490 3152 542 ἐν
3202 489 3371 561 πολλῇ
3419 492 3661 561 προσοχῇ
3720 488 3789 543 τά
3826 489 3961 562 μέλη
4004 493 4096 545 τοῦ

856 585 1089 647 malitia,
1123 584 1192 639 ab
1218 585 1391 638 omni.
1432 584 1790 647 laceratione,
1833 582 2212 637 combustione
2250 592 2306 637 et
2346 581 2433 635 in-

851 679 1191 749 quinatione,
1229 676 1546 746 praeclaram
1576 675 1824 744 corporis
1852 675 2113 738 tunicam,
2136 673 2433 727 immunem

853 777 1163 823 conservat.
1209 768 1300 820 Illa
1335 769 1450 836 ipsa
1486 766 1724 835 denique
1756 781 1853 834 per
1880 778 2034 818 suam
2071 764 2431 831 voluntatem,

862 875 982 928 quae
995 859 1378 928 cognoscendi,
1405 856 1746 926 intelligendi
1772 864 1829 911 et
1850 855 2198 909 discernendi
2222 857 2273 908 vi
2298 872 2430 925 ρηο-

853 949 975 1001 dita
1013 957 1118 1010 est,
1148 962 1210 999 ac
1235 946 1465 1000 omnino
1492 956 1553 1000 ut
1582 946 1781 1010 dicam,
1806 962 1904 1015 per
1928 947 2143 1000 Domini
2172 948 2433 1001 virtutem

859 1038 1298 1102 conservabitur,
1346 1053 1465 1106 qua:
1524 1048 1579 1091 et
1613 1053 1668 1091 se
1693 1038 1864 1105 ipsam
1911 1052 2009 1106 pro
2069 1037 2276 1091 viribus
2318 1037 2431 1091 suis

851 1131 1069 1182 cohibet
1106 1140 1160 1183 et
1189 1130 1259 1182 ab
1298 1128 1447 1181 omni
1486 1128 1932 1196 concupiscentia
1986 1129 2267 1182 mundana
2296 1130 2430 1182 sub-

851 1221 1036 1273 ducit:
1072 1220 1175 1290 ιίι
1203 1230 1365 1288 atque
1391 1220 1470 1273 sic
1490 1220 1752 1272 auxilium
1784 1220 2057 1274 aDomino
2075 1221 2426 1283 nanciscitur,

855 1322 915 1363 ut
942 1326 1132 1363 revera
1162 1309 1507 1363 custodiatur
1530 1325 1561 1362 a
1590 1310 1769 1374 malis,
1804 1326 1926 1380 qua:
1958 1320 2116 1365 antea
2138 1326 2428 1365 enumera-

856 1404 1051 1455 virnus.
1092 1402 1147 1455 Si
1170 1403 1388 1470 quando
1411 1401 1557 1455 enim
1588 1402 1851 1455 Dominus
1878 1403 2426 1471 quempiamviderit,

854 1492 947 1558 qui
975 1491 1223 1559 gnaviter
1253 1490 1321 1543 ab
1362 1490 1523 1559 hUjus
1548 1490 1736 1542 mundi
1762 1492 2160 1560 voluptatibus,
2222 1492 2421 1546 distra-

854 1582 1132 1635 ctionibus
1158 1592 1213 1635 et
1235 1582 1386 1634 curis
1416 1582 1615 1634 crassis
1647 1596 1710 1633 ac
1740 1584 1976 1635 terrenis
2012 1583 2245 1636 vinculis
2266 1594 2427 1652 atque

853 1689 1115 1726 vanarum
1154 1674 1547 1742 cogitationum
1599 1674 2059 1741 occupationibus
2110 1690 2168 1728 se
2212 1683 2423 1737 avocet,

854 1775 1075 1832 praestat
1110 1766 1187 1817 illi
1232 1766 1507 1833 peculiare
1556 1764 1744 1833 gratia:
1774 1765 2057 1830 auxilium,
2092 1765 2424 1834 illazsamque

2537 587 2787 657 σώματος
2822 585 2930 638 ἀπὸ
2958 582 3161 643 κακῶν,
3198 581 3473 650 ἄσχιστον,
3530 582 3627 634 καὶ
3665 580 3959 646 Ξκαυστσν,
4007 582 4100 635 καὶ

2535 679 2765 733 ἄσπιλον
2792 675 2883 729 τὸν
2907 676 3070 727 καλὸν
3099 673 3299 745 χιτῶνα
3328 672 3422 725 τοῦ
3448 672 3696 741 σώματος
3724 673 4096 741 διαφυλάσσει·

2536 772 2631 824 κα)⁸
2655 768 2794 841 αὑτὴ
2830 768 2918 821 διά
2966 767 3059 819 τοῦ
3103 765 3406 835 γνωστικοῦ
3456 764 3551 816 καὶ
3589 765 3951 831 διανοητικοῦ,
4007 768 4101 819 καὶ

2533 860 2871 930 διακριτικοῦ
2906 860 3211 931 θελήματος
3240 859 3408 925 αὐτῆς
3425 898 3439 921 ,
3474 857 3534 910 τὸ
3566 856 3622 909 δὲ
3646 858 3753 909 πᾶν
3773 856 3860 908 διὰ
3884 857 3985 925 τῆς
4008 858 4099 909 τοῦ

2533 954 2740 1024 Κυρίου
2773 954 3074 1023 δυνάμεως,
3108 952 3515 1020 φυλαχθήσεται
3538 989 3553 1011 ,
3588 949 3727 1012 αὑτὴ
3769 950 3970 1017 ἑαυτὴν
4001 950 4099 1017 ὅση

2531 1044 2756 1113 δύναμις
2778 1044 3172 1112 συσφίγγουσα,
3201 1043 3294 1093 καὶ
3316 1042 3494 1109 πάσης
3510 1038 3802 1107 ἐπιθυμίας
3830 1040 4102 1108 κοσμικῆς

2531 1133 2972 1203 ἀποστρέφουσα·
2997 1131 3088 1183 καὶ
3108 1130 3277 1190 οὕτως
3299 1130 3402 1181 ὑπὸ
3417 1128 3507 1181 τοῦ
3536 1130 3745 1199 Κυρίου.
3759 1130 4101 1199 βοηθουμένη

2531 1225 2610 1287 είς
2636 1224 2695 1277 τὸ
2721 1222 2779 1289 ἐξ
2805 1221 3061 1290 ἀληθείας
3090 1219 3429 1288 φυλαχθῆναι
3455 1220 3624 1289 αὐτὴν
3657 1220 3765 1270 ἀπὸ
3778 1220 3887 1271 τῶν
3916 1236 4101 1288 προει-

2533 1314 2783 1383 ρημένων
2830 1309 3038 1363 κακῶν.
3068 1310 3240 1362 Ἐπάν
3273 1309 3380 1377 γὰρ
3410 1308 3491 1376 ἴδῃ
3523 1310 3549 1359 ὁ
3584 1307 3785 1378 Κύριός
3820 1326 3944 1360 τινα
3976 1326 4102 1375 γεν-

2529 1404 2693 1467 ναίως
2743 1401 3214 1471 ἀποστρεφόμενον
3258 1402 3357 1461 τὰς
3408 1399 3502 1453 τοῦ
3555 1400 3669 1467 βίου
3720 1401 3957 1468 ἡδονὰς,
4009 1402 4103 1453 καὶ

2528 1495 2944 1564 περισπασμοὺς
2993 1492 3087 1545 καὶ
3150 1493 3421 1563 μερίμνας
3470 1492 3658 1554 ὑλικὰς
3716 1492 3812 1543 καὶ
3862 1492 4098 1559 δεσμοὺς

2527 1588 2767 1656 γηῖνους,
2800 1588 2896 1638 καὶ
2932 1584 3283 1653 ρεμὸασμοὺς
3312 1584 3585 1653 λογισμῶν
3619 1584 3881 1652 ματαίων,
3921 1584 4101 1636 δίδωσι

2512 1682 2623 1752 -τὴν
2668 1683 2799 1735 ίδίαν
2833 1684 2930 1751 τῆς
2965 1682 3184 1751 χάριτος
3222 1679 3493 1749 βοήθειαν,
3532 1678 3776 1731 ἄπτωτον
3818 1678 4094 1746 διατηρῶν

2526 1776 2622 1845 τὴν
2647 1774 2822 1843 ψυχὴν
2849 1774 3062 1843 ἐκείνην
3089 1772 3226 1837 διεξε
3237 1790 3329 1841 ρχο
3339 1772 3504 1841 μένην
3521 1771 3698 1832 καλῶς
3717 1771 3809 1822 τὸν
3826 1770 4101 1822 ἐνεστῶτα

852 1866 1091 1911 animam
1118 1856 1286 1917 illam,
1320 1872 1440 1924 quae
1470 1856 1685 1908 fortiter
1718 1872 1959 1924 praisens
2005 1857 2111 1910 hoc
2162 1858 2420 1923 saeculum
2451 1836 2497 1893 B
2528 1886 2537 1919 τ

2415 1876 2420 1909 ι
2451 1836 2497 1893 Β
2528 1836 2761 1935 πονηρὸν
2780 1836 2981 1918 ἀίῶνα.
3012 1836 3121 1917 Καὶ
3401 1836 3543 1932 ψυχὴ
3567 1862 3803 1914 ἐπαίνων
3829 1860 4100 1930 οὐρανίων

852 1964 1174 2017 perversum
1246 1949 1566 2017 pertransit,
1634 1958 1943 2001 conservat.
1992 1948 2061 2001 Et
2110 1949 2189 2002 sic
2245 1948 2423 2001 anima

853 2043 1073 2095 caeleste
1098 2048 1431 2110 prmconium
1470 2058 1499 2094 a
1530 2042 1641 2095 Deo
1670 2052 1727 2095 et
1759 2042 1967 2110 angelis
1988 2043 2107 2109 ejus
2133 2041 2425 2109 consequi-

853 2148 962 2190 tur.
996 2133 1143 2200 quod
1176 2147 1378 2185 veSteni
1411 2132 1659 2200 corporis
1688 2133 1770 2185 sui
1796 2142 1851 2186 et
1884 2148 1941 2186 se
1970 2132 2139 2202 ipsam
2170 2141 2423 2185 accurate

857 2224 1216 2285 conservarit,
1253 2235 1308 2278 et
1343 2223 1512 2292 quod,
1548 2232 1811 2292 quantum
1842 2223 1896 2276 in
1921 2238 1979 2277 se
2017 2222 2143 2289 fuit,
2175 2224 2242 2277 ab
2272 2224 2421 2276 omni

852 2314 1300 2383 concupiscentia
1352 2316 1622 2366 mundana
1668 2329 1856 2367 aversa
1910 2321 1964 2366 et
2001 2326 2233 2377 remota,
2267 2314 2423 2367 auxi-

852 2404 1038 2472 lioque
1104 2405 1290 2457 divino
1349 2405 1541 2472 petita,
1599 2418 1822 2456 cursum
1878 2401 2038 2455 stadii
2094 2403 2256 2472 hujus
2299 2404 2423 2457 vitae

856 2494 1093 2548 feliciter
1126 2493 1442 2547 absolverit.

925 2585 988 2637 V.
1031 2583 1087 2637 Si
1127 2585 1250 2652 quis
1278 2592 1458 2637 autem
1501 2584 1717 2652 pigritia
1767 2593 1823 2638 et
1876 2585 2106 2654 segnitie
2141 2584 2416 2649 diffluens,

855 2686 1018 2729 caute
1068 2678 1122 2728 in
1181 2674 1283 2728 hac
1340 2676 1448 2729 vita
1500 2691 1607 2729 non
1634 2675 1897 2740 ambulet,
1926 2685 1981 2729 et
2023 2692 2089 2729 ex
2127 2691 2222 2729 sua
2256 2676 2426 2743 ipsius

859 2771 1142 2822 voluntate
1170 2784 1388 2821 omnem
1418 2769 1917 2843 concupiscentiam
1958 2768 2286 2821 mundanam
2318 2783 2425 2821 non

865 2872 1171 2922 aversetur.
1231 2876 1331 2914 nec
1357 2861 1645 2913 Dominum
1678 2861 1853 2913 solum
1887 2860 1941 2912 in
1978 2860 2124 2913 omni
2152 2858 2427 2913 desiderio

857 2948 1139 3018 requirat.
1206 2949 1263 3002 in
1328 2950 1515 3018 spinas
1585 2957 1641 3002 et
1714 2965 1938 3005 nemora
2001 2951 2165 3020 hujus
2236 2950 2427 3004 mundi

857 3041 1172 3110 conjicitur,
1225 3049 1281 3093 et
1337 3042 1405 3095 ab
1436 3042 1546 3111 igni
1598 3044 2051 3113 concupiscentiae.
2102 3044 2271 3097 vestis
2309 3058 2431 3097 cor-

867 3135 1022 3203 poris
1051 3133 1418 3198 comburitur,
1452 3142 1509 3188 et
1534 3150 1690 3188 emno
1711 3137 2052 3205 voluptatum
2076 3136 2423 3205 inquinatur:
2454 3172 2497 3233 C

857 3233 915 3279 et
934 3226 1012 3277 sic
1047 3225 1255 3289 timida,
1285 3240 1347 3277 ac
1368 3228 1485 3280 sine
1529 3225 1727 3279 fiducia
1777 3227 1833 3277 in
1877 3226 1965 3279 die
1998 3225 2191 3295 judicii
2244 3226 2424 3279 anima

860 3316 1314 3385 deprehenditur,
1347 3331 1412 3369 eo
1442 3316 1616 3384 quod,
1644 3332 1765 3370 cum
1793 3332 1947 3369 suam
2002 3326 2205 3371 vestem
2234 3318 2429 3370 imma-

860 3409 1097 3461 culatam
1150 3422 1475 3461 conservare
1539 3423 1649 3461 non
1698 3409 1963 3477 potuerit,
2016 3424 2135 3462 eam
2201 3408 2431 3463 fallaciis

864 3501 1027 3571 hujus
1051 3500 1235 3554 saeculi
1261 3501 1606 3569 corruperit:
1636 3509 1692 3553 et
1722 3509 2009 3568 propterea
2045 3516 2211 3569 regno
2247 3509 2433 3552 extru-

863 3593 1035 3646 ditur.
1061 3592 1200 3655 Quid
1236 3590 1382 3644 enim
1423 3592 1671 3645 facturus
1700 3592 1845 3645 Deus
1867 3599 1951 3645 est
1980 3590 2080 3657 illi,
2114 3593 2207 3660 qui
2239 3601 2431 3660 sponte

862 3702 921 3740 se
975 3685 1152 3752 ipsum
1200 3684 1405 3737 mundo
1457 3683 1767 3748 tradiderit,
1806 3684 2288 3752 voluptatibusque
2339 3684 2433 3738 de-

863 3786 1067 3844 ceptus
1104 3790 1166 3827 ac
1198 3775 1435 3829 terrenis
1494 3775 1948 3843 occupationibus
1979 3775 2240 3828 seductus
2272 3775 2433 3828 ober-

876 3864 1002 3917 rat?
1051 3864 1134 3918 llli
1190 3863 1411 3932 quidem
1450 3863 1713 3915 auxilium
1752 3872 1991 3932 praastat,
2048 3863 2142 3932 qui
2184 3862 2435 3917 sordidas

873 3957 1199 4026 voluptates,
1230 3966 1286 4009 ct
1318 3955 1527 4024 priores
1554 3969 1735 4008 mores
1769 3962 2067 4020 aversatus,
2102 3954 2249 4008 omni
2291 3954 2342 4006 vi
2371 3970 2435 4009 ac

864 4051 1077 4119 impetu
1141 4048 1504 4117 cogitationes
1574 4063 1699 4101 suas
1751 4064 1966 4117 semper
2026 4048 2091 4100 ad
2144 4048 2432 4101 Dominum

862 4142 1070 4212 dirigit,
1102 4150 1158 4195 et
1203 4157 1262 4196 se
1294 4141 1472 4209 ipsum
1524 4140 1777 4209 abnegat,
1818 4140 2102 4209 solumque
2144 4140 2433 4193 Dominum

872 4238 1139 4289 ardenter
1162 4234 1375 4301 quaerit.
1404 4234 1558 4287 llunc
1578 4240 1883 4294 conservat,
1913 4232 2005 4299 qui
2036 4246 2094 4285 se
2125 4230 2365 4285 custodit
2404 4244 2436 4284 a

862 4328 1075 4392 laqueis
1118 4342 1182 4379 ac
1225 4326 1462 4379 restibus
1505 4327 1651 4379 silva:
1691 4326 1853 4395 hujus
1889 4324 2099 4389 mundi,
2141 4324 2233 4393 qui
2271 4324 2435 4377 etiam

863 4437 981 4474 cum
1027 4430 1207 4471 timore
1241 4427 1289 4470 et
1340 4427 1537 4471 terrore
1570 4435 1722 4471 suam
1769 4419 1931 4487 ipsius
1976 4417 2197 4470 salutem
2246 4433 2435 4481 opera-

2525 1958 2679 2029 παρὰ
2705 1957 2838 2010 Θεοῦ
2864 1958 2957 2009 καὶ
2979 1957 3222 2024 ἀγγέλων
3247 1955 3518 2018 τεύξεται,
3544 1955 3623 2007 ὅτι
3656 1954 3747 2005 τὸν
3776 1952 3985 2023 χιτῶνα
4003 1951 4097 2004 τοῦ

2526 2051 2775 2120 σώματος
2800 2051 2969 2120 αὐτῆς
2998 2049 3177 2111 καλῶς
3204 2048 3489 2116 διεφύλαξε
3518 2047 3608 2099 καὶ
3640 2045 3858 2115 ἑαυτὴν,
3886 2045 4015 2097 ὅσον
4039 2044 4099 2096 τὸ

2524 2143 2582 2193 ἐν
2612 2142 2747 2211 αὐτῇ
2778 2142 3021 2204 δυνατὸν,
3054 2142 3235 2191 πᾶσαν
3265 2138 3561 2208 ἐπιθυμίαν
3588 2136 3681 2190 τοῦ
3709 2139 3918 2206 κόσμου
3950 2139 4093 2189 ἀπο-

2526 2232 2847 2303 στραφεῖσα,
2908 2231 3003 2283 καὶ
3054 2229 3145 2284 ὑπ’
3208 2229 3373 2282 αὑτοῦ
3434 2227 3782 2299 βοηθηθετσα,
3828 2226 3924 2280 τὸν
3978 2227 4098 2297 δρό-

2527 2338 2627 2389 μον
2654 2320 2745 2373 τοῦ
2782 2320 2995 2374 σταδίου
3031 2319 3127 2373 τοῦ
3159 2321 3368 2390 κόσμου
3399 2318 3592 2372 τούτου
3632 2317 3813 2381 καλῶς
3859 2316 4098 2389 διεξελή·

2524 2410 2680 2463 λυθεν

2592 2588 2667 2641 E'.
2693 2589 2751 2641 El
2768 2587 2826 2641 δέ
2842 2605 2923 2649 τις
2940 2590 2997 2639 ἐν
3013 2585 3299 2657 χαυνότητι
3317 2586 3410 2638 καὶ
3436 2585 3675 2656 ῥᾳθυμίᾳ
3707 2584 3780 2654 μὴ
3806 2586 4101 2655 προσεχόν-

2530 2698 2639 2742 τως
2675 2682 2731 2731 ἐν
2766 2679 2842 2748 τῷ
2884 2679 2984 2748 βίῳ
3011 2678 3186 2748 τούτῳ
3210 2678 3540 2748 πορεύεται,
3575 2679 3667 2729 καὶ
3702 2680 3767 2729 ἐκ
3798 2676 4102 2746 θελήματος

2530 2772 2657 2823 ἰδίου
2687 2772 2785 2823 οὐκ
2812 2772 3215 2839 ἀποστρέφεται
3233 2772 3411 2822 πᾶσαν
3440 2769 3729 2838 ἐπιθυμίαν
3749 2768 3843 2821 τοῦ
3868 2771 4102 2839 κόσμου,

2528 2864 2729 2916 καὶτὸν
2758 2864 2961 2934 Κύριον
2999 2865 3158 2933 μόνον
3185 2866 3241 2915 ὲν
3273 2865 3421 2934 πάσῃ
3452 2862 3717 2932 ἐπιθυμία
3738 2862 4101 2931 {rubr-cenet;

2528 2958 2627 3018 τὰς
2671 2956 2910 3017 ἀκάνθας
2940 2956 3034 3006 καὶ
3063 2954 3191 3017 ὕλας
3237 2954 3427 3006 τούτου
3459 2953 3551 3005 τοῦ
3593 2955 3796 3022 κόσμου
3841 2953 4102 3023 περιπεί-

2531 3064 2683 3118 ρεται
2714 3085 2729 3109 ,
2768 3046 2862 3097 καὶ
2895 3045 2999 3097 ὑπὸ
3042 3044 3135 3096 τοῦ
3174 3045 3345 3112 πυρὸς
3392 3044 3493 3111 τῆς
3542 3042 3839 3110 ἐπιθυμίας
3870 3043 3898 3092 ὁ
3932 3042 4102 3111 χιτὼν

2529 3137 2623 3191 τοῦ
2678 3136 2929 3207 σώματος
2980 3136 3383 3206 παρακαίεται,
3426 3136 3518 3187 καὶ
3552 3136 3657 3186 ὑπὸ
3700 3132 3795 3185 τοῦ
3834 3132 4101 3204 βορϐόρου

2529 3228 2637 3281 τῶν
2669 3227 2870 3297 ἡδονῶν
2904 3221 3210 3289 σπιλοῦτάι,
3237 3227 3329 3278 καὶ
3368 3225 3540 3288 οὕτως
3568 3225 4021 3295 ἀπαρρησίαστος
4070 3227 4103 3295 ἡ

2529 3320 2674 3391 ψυχὴ
2701 3324 2757 3372 ἐν
2788 3318 2969 3389 ἡμέρᾳ
2994 3319 3224 3388 κρίσεως
3245 3320 3581 3387 εὑρίσκεται,
3612 3316 3673 3369 τὸ
3707 3316 3910 3385 ἔνδυμα
3932 3318 4104 3383 αὐτῆς

2532 3415 2757 3469 ἄσπιλον
2788 3414 2859 3482 μὴ
2897 3409 3184 3480 δυνηθεῖσα
3220 3411 3456 3479 τηρῆσαι
3476 3451 3489 3474 ,
3521 3410 3656 3461 ἀλλά
3685 3409 4104 3478 καταφθείρασα

2536 3506 2667 3559 αὐτὸ
2698 3508 2817 3568 ταῖς
2845 3505 3082 3566 ἀπάταις
3110 3501 3203 3555 τοῦ
3228 3502 3419 3564 αἰῶνος
3446 3501 3637 3553 τούτου
3660 3518 3675 3531 ·
3706 3503 3803 3554 καὶ
3826 3501 3917 3554 διὰ
3942 3500 4105 3554 τοῦτο

2532 3595 2837 3663 ἀπόὸλητος
2868 3594 2967 3661 τῆς
3016 3592 3295 3661 βασιλείας
3345 3592 3590 3659 γίγνεται
3616 3608 3630 3621 ·
3656 3593 3708 3643 τί
3736 3592 3843 3662 γὰρ
3881 3579 4104 3663 ποιήσει

2533 3688 2561 3738 ὁ
2586 3685 2717 3749 Θεὸς
2744 3686 2822 3753 τῷ
2854 3685 3118 3754 θελήματι
3151 3683 3229 3753 τῷ
3263 3684 3379 3752 ίδίῳ
3414 3683 3764 3751 παραδιδόντι
3796 3684 3991 3734 ἐαυτὸν
4025 3682 4102 3750 τῷ

2534 3778 2743 3846 κόσμῳ,
2775 3779 2869 3828 καὶ
2901 3778 3248 3846 ἁπατωμένῳ
3278 3778 3398 3837 ταῖς
3429 3776 3641 3844 ἡδοναῖς
3673 3774 3861 3839 αὑτοῦ,
3893 3775 3926 3845 ἢ
3961 3777 4101 3845 ῥεμ-

2535 3868 2765 3938 6ασμοῖς
2789 3868 2995 3929 ὑλικοίς
3015 3868 3451 3937 ἐκπλανωμένῳ;
3485 3868 3678 3935 ἐκείνῳ
3705 3868 3812 3934 γάρ
3846 3866 4102 3936 βοήθειαν

2532 3961 2734 4026 δίδωσι,
2762 3961 2838 4031 τῷ
2872 3960 3333 4029 ἀποστρεφομένῳ
3371 3958 3469 4021 τὰς
3502 3959 3691 4021 ὑλικὰς
3738 3958 3955 4024 ήδονάς.
4007 3957 4103 4010 καὶ

2536 4056 2808 4123 προτέρας
2856 4051 3143 4120 συνηθείας
3178 4066 3191 4079 ’
3226 4052 3317 4102 καὶ
3345 4050 3435 4119 βίᾳ
3463 4050 3562 4119 τὴν
3590 4048 3828 4100 διάνοιαν
3866 4047 4102 4099 πάντοτε

2535 4145 2673 4214 πρὸς
2706 4144 2909 4213 Κύριον
2934 4144 3163 4205 ἐλκοντι,
3188 4142 3499 4211 ἀρνουμένῳ
3526 4157 3585 4192 τε
3614 4139 3825 4201 ἐαυτὸν,
3864 4139 3965 4191 καὶ
4012 4138 4103 4190 τὸν

2535 4236 2739 4304 Κύριον
2776 4235 2933 4303 μόνον
2957 4232 3297 4302 ἐπιζητοῦντι
3324 4250 3336 4261 ·
3368 4231 3556 4283 τοῦτον
3584 4232 3847 4299 διατηρεῖ,
3878 4229 3972 4282 τὸν
4006 4248 4106 4297 (pu-

2535 4323 2865 4392 λασσόμενον
2888 4322 3221 4391 πανταχόθεν
3250 4324 3313 4373 ἐκ
3342 4322 3450 4373 τῶν
3490 4320 3730 4387 παγίδων
3763 4321 3856 4371 καὶ
3890 4320 4103 4389 βρόχων

2538 4414 2636 4481 τῆς
2662 4413 2795 4481 ὕλης
2826 4410 2921 4463 τοῦ
2956 4411 3184 4481 κόσμου,
3212 4412 3322 4464 τὸν
3357 4410 3505 4481 μετὰ
3530 4412 3718 4479 φόϐου
3750 4410 3850 4463 καί
3880 4413 4105 4489 τρόμου

865 4524 954 4564 tur
986 4511 1050 4573 ",
1088 4511 1347 4576 omnique
1383 4509 1687 4562 intentione
1717 4524 1811 4577 per
1867 4508 2114 4575 laqueos,
2162 4516 2336 4561 restes
2376 4515 2433 4560 et
2465 4505 2508 4559 Ι)
2538 4520 2550 4556 1

2421 4515 2433 4559 ι
2465 4505 2508 4559 D
2538 4503 2653 4569 τὴν
2678 4502 2899 4556 ἑαυτοῦ
2930 4504 3236 4568 σωτηρίαν
3261 4501 3797 4570 κατεργαζόμενον,
3837 4499 3934 4552 καὶ
3968 4500 4106 4569 μετά

865 4602 1339 4671 concupiscentias
1364 4601 1527 4668 hujus
1556 4600 1737 4654 sazculi
1758 4600 1971 4663 transit,
1987 4599 2308 4668 Dominique
2333 4613 2433 4651 au-

868 4696 1059 4748 ailium
1090 4693 1352 4762 requirit,
1402 4708 1465 4746 ac
1504 4708 1601 4762 per
1637 4692 1863 4761 gratiam
1892 4691 2287 4746 misericordiae
2318 4690 2438 4760 ejus

869 4786 1067 4838 salvari
1086 4792 1269 4841 snerat

938 4963 1024 5017 Vl.
1049 4963 1189 5016 Ecce
1204 4963 1349 5015 enim
1372 4962 1416 4993 ³ο
1442 4961 1682 5031 quinque
1702 4962 1998 5032 prudentes
2026 4977 2089 5017 ac
2112 4962 2310 5018 Sobria:
2332 4965 2439 5018 vir-

873 5054 1049 5125 gines,
1084 5054 1341 5106 alacriter
1372 5064 1719 5109 accersentes
1768 5054 2036 5123 hospitem
2062 5066 2271 5110 natura:
2306 5071 2435 5121 sum,

872 5156 1096 5216 accepto
1130 5148 1184 5200 in
1231 5146 1452 5200 vasibus
1502 5146 1687 5200 cordis
1726 5146 1810 5200 sui
1844 5147 1987 5210 oleo,
2046 5146 2148 5199 hoc
2193 5156 2296 5213 est,
2344 5163 2437 5201 su-

870 5256 1037 5309 perna
1072 5240 1242 5308 gratia
1296 5238 1553 5308 Spiritus,
1584 5247 1885 5307 potuerunt
1928 5237 2136 5307 ingredi
2182 5254 2287 5292 una
2315 5255 2438 5292 cum

875 5332 1087 5400 Sponso
1118 5332 1170 5383 in
1197 5331 1471 5384 ccelestem
1506 5330 1821 5383 thalamum.
1853 5330 2097 5398 Reliqua:
2118 5346 2249 5383 vero
2284 5330 2444 5384 fatua:

874 5424 928 5477 in
959 5440 1057 5479 sua
1102 5424 1273 5494 ipsius
1304 5433 1499 5476 natura
1535 5434 1941 5493 permanentes,
1986 5438 2094 5476 non
2126 5422 2442 5493 vigilarunt,

875 5532 977 5570 nec
1006 5531 1225 5585 operam
1284 5515 1572 5580 dederunt,
1625 5524 1685 5569 ut
1739 5516 1917 5568 oleum
1948 5514 2327 5569 exs’ultationis
2353 5531 2444 5569 ac-

876 5608 1122 5678 ciperent
1146 5607 1200 5661 in
1240 5608 1383 5661 vasis
1429 5606 1564 5672 suis,
1619 5606 1712 5661 sed
1754 5606 1905 5659 velut
1956 5605 2011 5659 in
2058 5620 2223 5659 carne
2269 5605 2447 5661 adhuc

978 5783 1023 5819 ³⁹
1055 5783 1251 5853 Philip.
1290 5800 1345 5849 ll,
1379 5784 1465 5838 12.
1540 5784 1582 5817 ³⁰
1610 5782 1798 5837 Matth.
1827 5799 1950 5849 xxx,
1994 5782 2015 5834 1
2048 5798 2197 5851 seqq.

2539 4595 2721 4664 πάσης
2745 4594 3065 4666 προσεχείας
3097 4594 3184 4646 διά
3226 4593 3332 4645 τῶν
3363 4593 3606 4661 παγίδων
3644 4594 3740 4646 καὶ
3771 4592 3985 4664 βρόχων
4016 4592 4107 4645 καὶ

2538 4686 2841 4754 ἐπιθυμιῶν
2870 4687 2963 4738 τοῦ
2997 4685 3189 4747 αίῶνος
3224 4684 3411 4738 τούτου
3438 4686 3863 4756 παρερχόμενον,
3882 4686 3981 4739 καὶ
4008 4687 4107 4757 τὴν

2537 4777 2633 4830 τοῦ
2659 4777 2861 4847 Κυρίου
2900 4776 3151 4847 βοήθειαν
3170 4777 3550 4845 ἐπιζητοῦντα,
3572 4778 3664 4830 καί
3679 4777 3755 4848 τῷ
3778 4777 3918 4830 ἐλέει
3940 4779 4108 4832 αὑτὸν

2538 4870 2628 4923 διὰ
2666 4870 2764 4939 τῆς
2796 4870 3017 4939 χάριτος
3048 4869 3314 4932 σώζεσθαι
3337 4870 3646 4933 ἐλπίζοντα.

2612 4963 2700 5027 (ζ’.
2718 4960 2844 5013 Ἰδοὺ
2860 4960 3033 5029 γάραί
3048 4962 3205 5013 πέντε
3222 4961 3479 5030 παρθένοι
3501 4963 3555 5015 al
3583 4960 3852 5032 φρόνιμοι,
3868 4962 4109 5032 νήψασαι

2540 5054 2634 5105 καὶ
2667 5054 3100 5123 γοργευσάμεναι
3126 5052 3185 5105 τὸ
3217 5053 3363 5116 ξένον
3388 5054 3483 5123 τῆς
3512 5054 3721 5107 ἑαυτῶν
3744 5054 3983 5122 φύσεως,
4019 5057 4113 5108 λα-

2541 5144 2732 5197 ὀοῦσαι
2761 5145 2818 5197 τὸ
2844 5144 3019 5197 ἔλαιον
3048 5147 3106 5198 ἐν
3131 5149 3243 5207 τοῖς
3272 5147 3513 5213 ἀγγείοις
3537 5146 3633 5215 τῆς
3656 5146 3881 5217 καρδίας
3904 5148 4113 5213 αὐτῶν,

2540 5239 2783 5289 τουτέστι
2808 5238 2905 5303 τὴν
2934 5236 3135 5290 ἀνωθεν
3170 5240 3327 5308 χάριν
3356 5238 3447 5290 τοῦ
3485 5238 3820 5309 Πνεύματος,
3852 5239 4118 5311 ἠδυνήθη-

2546 5346 2641 5380 σαν
2683 5327 3037 5379 συνεισελθεῖν
3065 5328 3141 5395 τῶ
3158 5329 3391 5399 Νυμφίῳ
3416 5331 3493 5393 είς
3522 5331 3612 5383 τὸν
3634 5331 3955 5401 ἐπουράνιον
3976 5351 4116 5402 νυμ-

2548 5422 2717 5489 φῶνα.
2774 5421 2837 5472 Ai
2876 5420 2932 5472 δὲ
2967 5420 3121 5473 ἄλλαι
3153 5423 3207 5473 αἱ
3254 5424 3469 5493 μωραὶ,
3498 5424 3557 5477 αἱ
3604 5426 3661 5476 ἐν
3698 5428 3763 5496 τῇ
3813 5426 3919 5497 ίδία
3951 5428 4116 5493 φύσει

2549 5512 2931 5583 ἁπομείνασαι,
2961 5512 3059 5565 οὐκ
3098 5512 3302 5583 ἕνηψαν
3338 5516 3431 5568 κα)⁸
3476 5516 3814 5571 ἐσπούδασαν
3857 5518 4116 5587 δέχεσθαι

2551 5605 2607 5659 τὸ
2634 5605 2812 5658 ἔλαιον
2830 5606 2927 5674 τῆς
2949 5602 3321 5671 ἀγαλλιάσεως
3360 5608 3417 5660 ἐν
3455 5610 3566 5671 τοῖς
3598 5608 3842 5677 ἀγγείοις
3886 5608 4067 5663 αὐτῶν
4100 5650 4116 5676 ,
