4266 6356
146 367 250 431 47⁵1

1377 362 2029 429 ΗΟΜῙΠΙΕ.-·ΗΟΜ.
2075 366 2170 427 ιν.

3273 369 3382 435 478

142 484 217 544 ὠς
251 482 333 534 ἔτι
358 482 416 534 ἐν
450 481 613 550 σαρκὶ
634 476 792 551 ἦσαν,
820 480 935 536 ἀλλ’
964 481 1150 551 ὥσπερ
1178 480 1630 551 ἀπεκοιμήθησαν
1647 478 1714 531 δι’
1742 485 1790 541 Α
1817 496 1827 531 ι

1698 478 1714 497 ⁸
1742 485 1790 541 Α
1817 486 2022 543 essent,
2069 493 2172 549 per
2215 477 2623 548 negligentiam,
2689 477 2997 549 segnitiem.
3051 480 3380 544 socordiam.

142 571 427 639 ἀμέλειαν,
456 573 550 623 καὶ
577 573 901 643 χαυνότητα,
932 572 1028 624 καὶ
1054 570 1343 643 ρᾳθυμίαν,
1387 572 1481 625 καὶ
1532 571 1711 639 ἀγνω-

145 663 289 725 σίαν,
317 662 352 731 ἢ
382 661 477 715 καὶ
508 662 686 731 οίησιν
714 663 1061 731 δικαιοσύνης
1088 678 1104 693 ·
1127 662 1209 714 διὸ
1237 662 1332 716 καὶ
1360 662 1451 715 τοῦ
1484 660 1710 730 νυμφῶ-

144 772 229 818 νος
284 755 386 824 τῆς
436 754 712 824 βασιλείας
735 754 1214 823 ἀπεκλείσθησαν,
1276 754 1351 825 μὴ
1401 753 1712 823 δυνηθεῖσαι

142 847 507 916 εὐαρεστῆσαι
566 845 645 915 τῷ
695 846 997 917 ἐπουρανίῳ
1047 845 1302 916 Νυμφίῳ.
1356 844 1550 915 Δεσμῷ
1603 846 1713 914 γὰρ

142 938 377 1007 κόσμου,
410 938 504 990 καὶ
541 937 731 1009 ἀγάπῃ
763 936 875 989 τινὶ
919 936 1084 1008 γηῖνῃ
1124 935 1562 1005 κατασχεθεῖσαι,
1615 934 1713 1003 τὴν

142 1032 371 1099 ἀγάπην
401 1028 581 1082 αὐτῶν
608 1028 759 1098 ὃλην,
793 1028 889 1083 καὶ
920 1028 1012 1082 τὸν
1038 1029 1217 1099 ἔρωτα
1253 1026 1389 1098 πρὸς
1413 1026 1504 1079 τὸν
1547 1025 1714 1096 οὑράο

141 1141 254 1177 νιον
283 1124 540 1194 Νυμφίον
553 1124 654 1177 οὐκ
670 1123 896 1191 ἔδωκαν,
928 1122 1054 1178 οὗτε
1080 1124 1140 1177 τὸ
1166 1124 1341 1177 ἔλαιον
1366 1122 1709 1193 ἐκομίσαντο.

143 1216 259 1267 Καὶ
288 1216 397 1285 γὰρ
422 1217 478 1267 αί
507 1214 568 1267 τὸ
609 1214 759 1281 ξένον
784 1216 884 1284 τῆς
932 1214 1150 1283 φύσεως
1178 1214 1270 1269 τὸν
1305 1214 1574 1284 ἀγιασμὸν
1618 1212 1713 1266 τοῦ

144 1305 289 1359 Πνεύ
295 1323 467 1375 ματος
498 1305 755 1374 ζητοῦσαι
778 1305 948 1375 ψυχαὶ
968 1344 983 1369 ,
1012 1306 1141 1375 ὃλην
1161 1304 1258 1375 τὴν
1290 1305 1511 1374 ἀγάπην
1539 1303 1715 1357 αὐτῶν

144 1397 288 1466 πρὸς
318 1396 523 1467 Κύριον
548 1397 936 1466 ἁποδεσμοῦσι,
961 1400 1121 1451 κακεῖ
1144 1395 1526 1469 περιπατοῦσι,
1558 1398 1718 1449 κάκεῖ

146 1489 423 1557 εὔχονται,
482 1492 643 1542 κακεῖ
668 1489 972 1557 λογίζονται
1001 1490 1179 1543 πάντα
1206 1488 1713 1559 ἀποστρεφόμεναι·

145 1580 227 1633 διὸ
246 1579 342 1631 καὶ
378 1578 758 1644 καταξιοῦνται
780 1578 962 1631 λαϐεῖν
995 1578 1054 1631 τὸ
1092 1578 1265 1631 ἔλαιον
1285 1578 1717 1649 τῆςέπουρανίου

147 1670 372 1740 χάριτος
396 1686 413 1702 ’
447 1670 544 1723 καὶ
592 1668 765 1732 οὔτως
816 1669 1056 1723 ἀπτωτοι
1089 1668 1377 1733 διεξελθεῖν
1427 1670 1677 1723 δύνανται
1701 1708 1716 1731 .

1810 568 2191 638 ignorantiam,
2241 576 2338 622 aut
2367 568 2532 623 etiam
2560 568 2876 639 opinionem
2904 572 3151 641 iustitiae,
3183 574 3385 628 obdor-

1808 662 2103 716 miverunt.
2132 661 2427 731 Propterea
2464 661 2627 715 etiam
2660 662 2899 717 thalamo
2952 665 3102 734 regni
3149 666 3385 720 exclusa:

1809 759 1957 815 sunt,
2007 766 2134 805 eum
2190 751 2407 820 placere
2455 766 2569 805 non
2612 758 2838 821 possent
2888 752 3099 807 caelesti
3147 753 3381 823 Sponso.

1810 844 2044 899 Vineulo
2088 843 2236 897 enim
2281 844 2496 909 mundi,
2550 854 2606 900 et
2647 853 2870 901 terreno
2910 845 3147 915 quodam
3196 862 3383 903 amore

1811 937 2044 992 detenta:
2054 950 2272 990 omnem
2292 936 2636 992 dilectionem
2658 946 2713 992 et
2734 953 2973 993 amorem
2996 954 3154 994 suum
3172 940 3383 994 caelesti

1813 1029 2026 1099 Sponso
2057 1042 2168 1082 non
2188 1026 2529 1093 obtulerunt,
2564 1043 2745 1097 neque
2791 1028 2972 1082 oleum
3018 1044 3204 1084 secum
3234 1044 3385 1084 sum-

1814 1128 2063 1191 pserunt.
2098 1120 2230 1187 Quas
2277 1120 2425 1175 enim
2457 1121 2651 1174 anima;
2679 1128 2889 1174 natura:
2927 1135 3039 1175 sua:
3088 1121 3381 1191 hospitem,

1812 1210 2299 1266 sanetilicationem
2331 1210 2547 1265 scilicet
2575 1209 2835 1280 Spiritus,
2861 1220 3134 1280 quaerunt,
3152 1221 3260 1266 tota
3286 1226 3384 1267 sua

1814 1304 2105 1359 dilectione
2153 1303 2388 1357 Domino
2444 1303 2852 1367 devinciuntur,
2916 1297 3031 1358 illic
3076 1303 3384 1366 ambulant,

1815 1393 1929 1448 illic
1958 1402 2276 1463 precantur,
2308 1392 2529 1461 illicque
2562 1392 2921 1462 cogitationes
2957 1408 3082 1446 suas
3116 1392 3381 1462 deﬁgunt,

1817 1484 2028 1538 caeteris
2060 1483 2317 1537 omnibus
2362 1482 2584 1551 spretis.
2629 1482 2925 1550 Propterea
2974 1482 3139 1535 etiam
3206 1482 3386 1551 digna;

1817 1576 2111 1639 habentur,
2144 1590 2263 1644 quae
2288 1574 2559 1642 accipiant
2586 1573 2767 1627 oleum
2802 1573 3000 1627 divinae
3033 1572 3219 1642 gratiae
3262 1588 3275 1624 :
3330 1580 3385 1625 et

1819 1668 1898 1722 sic
1914 1667 2120 1736 absque
2147 1667 2253 1720 ulla
2271 1665 2576 1719 offensione
2602 1665 2766 1718 vitam
2797 1666 3097 1730 transigere
3119 1674 3373 1733 possunt,

144 1761 371 1825 τελείως
421 1762 501 1830 τῷ
542 1761 897 1831 πνευματικῷ
929 1761 1165 1830 Νυμφίῳ
1213 1761 1621 1831 εὐαρεστοῦσαι.
1650 1762 1718 1815 Δί
1746 1819 1789 1831 ,ἢ
1822 1774 1829 1795 π

1702 1762 1718 1813 ί
1746 1819 1789 1831 τῇ
1822 1758 1980 1812 valde
2023 1757 2293 1826 spirituali
2351 1756 2565 1825 Sponso
2611 1766 2847 1825 accepta:
2870 1765 2924 1810 et
2952 1766 3139 1826 gratae.
3175 1756 3387 1810 Anima:

145 1852 255 1922 γὰρ
282 1819 366 1913 εἰς
520 1819 884 1920 φύσιν-αὑτῶν
902 1819 1267 1921 ἀπομένόυσαι
1295 1819 1466 1921 ᾧυχαὶ
1504 1850 1582 1921 τῷ
1625 1850 1714 1903 λο-
1745 1819 1792 1877 Β
1822 1864 1830 1892 t

1700 1881 1714 1892 -
1745 1819 1792 1877 B
1822 1862 1950 1902 vero
1966 1846 2021 1900 in
2054 1860 2151 1900 sua
2167 1854 2358 1899 natura
2377 1854 2759 1915 permanentes
2788 1844 3208 1913 cogitationibus
3232 1844 3385 1898 humi

144 1940 336 2011 γισμῷ
358 1940 451 1992 ἐπὶ
470 1941 571 2010 τῆς
598 1942 699 2011 γῆς
722 1942 999 2012 ἕρπουσιν,
1028 1942 1121 1994 ἐπὶ
1148 1942 1251 2012 γῆς
1277 1941 1603 2010 λογίζονται,
1626 1940 1719 1994 ἐπὶ

146 2031 255 2100 γῆς
289 2030 391 2101 τὴν
420 2032 629 2084 δίαιταν
669 2034 698 2088 ὁ
737 2032 858 2095 νοῦς
888 2034 1069 2087 αὐτῶν
1098 2033 1212 2104 ἔχει
1236 2050 1250 2064 ’
1274 2032 1368 2086 καὶ
1397 2032 1472 2103 τῷ
1505 2033 1603 2102 μὲν
1635 2032 1720 2086 δο-

146 2126 268 2175 κεῖν
308 2121 587 2193 νομίζουσι
625 2124 718 2177 τοῦ
766 2124 1021 2193 Νυμφίου
1067 2120 1227 2190 εἶναι,
1270 2126 1364 2179 καὶ
1392 2124 1718 2194 δικαιώμασι

148 2218 531 2286 κεκοσμῆσθαι
582 2215 782 2283 σαρκός
815 2233 830 2248 ο
862 2216 1067 2271 ἄνωθεν
1101 2217 1158 2271 δὲ
1185 2219 1249 2271 ἐκ
1275 2216 1369 2269 τοῦ
1406 2215 1719 2286 Πνεύματος

146 2308 251 2359 οὐκ
285 2307 674 2377 ἐγεννήθησαν,
714 2306 776 2360 τὸ
810 2306 989 2361 ἐλαιον
1012 2308 1113 2377 τῆς
1139 2308 1507 2377 ἀγαλλιάσεως
1542 2306 1616 2378 μὴ
1636 2308 1721 2360 δε-

150 2400 404 2469 ξάμεναι.

222 2493 301 2545 Z’.
346 2492 412 2544 Al
451 2492 562 2562 γὰρ
606 2490 765 2545 πέντε
803 2491 1019 2559 λογικαὶ
1062 2491 1342 2560 αίσθήσεις
1384 2492 1483 2560 τῆς
1518 2491 1718 2561 ψυχῆς,

150 2590 251 2641 ἐὰν
296 2587 555 2650 δέξωνται
599 2587 697 2659 τὴν
740 2588 944 2642 ἀνωθεν
986 2589 1176 2659 χάριν,
1221 2589 1316 2640 καὶ
1341 2588 1431 2641 τὸν
1453 2589 1721 2659 ἁγιασμὸν

150 2679 249 2733 τοῦ
295 2680 611 2749 Πνεύματος
630 2722 645 2746 ,
694 2679 910 2751 άληθῶς
944 2680 1203 2750 παρθένοι
1235 2679 1487 2749 φρόνιμοι
1518 2682 1721 2750 τυγχά-

152 2788 344 2837 νουσι,
388 2773 489 2841 τὴν
522 2772 728 2826 ἀνωθεν
757 2772 857 2838 τῆς
881 2773 1099 2844 χάριτος
1128 2771 1416 2842 δεξάμεναι
1443 2772 1720 2843 φρόνησιν.

154 2863 220 2916 Εἰ
250 2862 309 2915 δὲ
337 2864 417 2925 είς
445 2865 544 2932 τὴν
572 2863 733 2932 φύσιν
760 2865 938 2917 αὐτῶν
970 2865 1137 2933 μόνην
1164 2864 1518 2933 ἀπομείνωσι,
1545 2863 1725 2933 μωραὶ

154 2954 541 3024 εὑρίσκονται,
594 2954 689 3007 καὶ
721 2955 883 3007 τέκνα
917 2953 1009 3006 τοῦ
1040 2954 1243 3025 κόσμου
1276 2953 1685 3008 ἀποδείκνυνται
1708 2969 1721 2983 ⁸

152 3045 257 3097 οὐκ
284 3044 623 3097 ἀπεδύσαντο
649 3046 753 3117 γὰρ
782 3046 843 3098 τὸ
872 3045 1086 3114 πνεῦμα
1114 3046 1206 3098 τοῦ
1240 3046 1443 3116 κόσμου
1463 3087 1478 3111 ,
1522 3044 1626 3097 κᾶν
1647 3045 1726 3115 τῷ

153 3137 335 3188 δοκεῖν
360 3136 636 3205 νομίζωσι
658 3176 673 3199 ,
697 3137 763 3189 δι’
784 3137 1169 3206 εὐλογοφανίας
1192 3136 1343 3200 τινὰς
1385 3137 1480 3190 καὶ
1519 3138 1719 3206 σχῆμα,
1748 3157 1793 3219 c

152 3225 250 3279 τοῦ
279 3225 528 3295 Νυμφίου
558 3220 693 3279 εἶναι
718 3227 944 3296 νύμφαι.
967 3228 1172 3298 Ὠσπερ
1193 3228 1300 3297 γάρ
1321 3230 1376 3281 αί
1398 3228 1514 3281 ὅλαι
1533 3229 1591 3293 ἐξ
1607 3228 1726 3283 ὅλου

155 3314 239 3385 τῷ
269 3315 461 3385 Κυρίῳ
500 3316 975 3387 προσκολλώμεναι
1004 3319 1209 3388 ψυχαὶ,
1259 3320 1377 3372 ἐκεῖ
1403 3320 1509 3371 είσι
1536 3318 1615 3389 τῷ
1638 3320 1726 3372 λο-

157 3402 379 3473 γισμῷ,
428 3404 588 3457 κάκεῖ
635 3403 914 3474 εὔχονται,
962 3406 1123 3459 κάκεῖ
1155 3406 1533 3477 περιπατοῦσι,
1570 3410 1731 3461 κάκεῖ

159 3494 519 3549 ἐπιποθοῦσιν
549 3498 627 3561 είς
655 3497 753 3567 τὴν
776 3496 870 3550 τοῦ
899 3497 1103 3568 Κυρίου
1132 3499 1370 3569 ἀγάπην·
1401 3499 1543 3553 οὔτω
1569 3500 1730 3554 πάλιν

159 3588 354 3657 ψυχαὶ,
390 3589 445 3639 αἱ
496 3589 553 3640 ἐν
582 3592 648 3658 τῇ
681 3589 868 3658 ἀγάπῃ
898 3589 989 3641 τοῦ
1018 3589 1222 3658 κόσμου
1247 3591 1516 3653 δοθεῖσαι,
1550 3593 1643 3644 καὶ
1672 3593 1729 3643 ἐν

160 3684 229 3751 τῇ
257 3683 328 3751 γῇ
358 3680 459 3751 τὴν
483 3681 690 3735 δίαιταν
717 3680 860 3751 ἔχειν
890 3680 1225 3750 βουλόμεναι,
1260 3684 1376 3735 ἐκεῖ
1404 3683 1731 3752 περιπατοῦ-

162 3788 238 3836 σι,
277 3774 375 3823 καὶ
406 3773 523 3824 ἐκεῖ
547 3770 871 3841 λογίζονται,
915 3775 1031 3825 ἐκεῖ
1056 3775 1083 3825 ὁ
1108 3773 1233 3835 νοῦς
1257 3774 1603 3828 ἐνδιαιτᾶται.
1639 3776 1729 3828 Διὸ

162 3864 257 3915 καὶ
287 3864 691 3933 ἀμετάτρεπτοι
722 3866 856 3936 πρὸς
881 3864 942 3917 τὸ
962 3864 1164 3933 ἀγαθὸν
1186 3866 1436 3936 φρόνημα
1458 3866 1550 3919 τοῦ
1574 3866 1731 3919 πνεύ-

165 3972 340 4024 ματος
388 3955 751 4023 τυγχάνουσι,
803 3955 951 4020 ξένον
996 3956 1056 4007 δν
1088 3973 1141 4008 τι
1178 3956 1277 4026 τῆς
1305 3958 1520 4025 φύσεως
1550 3958 1727 4028 ἡμῶν,

161 4046 312 4111 λέγω
334 4046 393 4098 δὲ
439 4044 538 4117 τὴν
572 4047 891 4114 ἐπουράνιον
920 4046 1099 4116 χάριν,
1134 4046 1309 4117 χρεὼν
1339 4048 1599 4117 συστῆναι
1636 4050 1730 4102 καὶ¹

164 4136 558 4206 συμπλακῆναι
589 4140 653 4207 τῇ
686 4138 846 4205 φύσει
872 4138 1047 4207 ἡμῶν,
1082 4140 1167 4191 ῖνα
1192 4139 1508 4210 δυνηθῶμεν
1538 4144 1617 4203 είς
1639 4142 1729 4193 τὸν

162 4230 493 4298 ἐπουράνιον
513 4228 774 4299 νυμφῶνα
797 4230 897 4299 τῆς
919 4229 1193 4299 βασιλείας
1213 4229 1290 4299 τῷ
1315 4231 1500 4301 Κυρίῳ
1526 4248 1729 4283 συνεισ-

164 4316 367 4380 ελθεῖν,
401 4317 496 4368 καὶ
522 4318 621 4383 τῆς
646 4318 866 4369 αίωνίου
895 4316 1165 4387 σωτηρίας
1192 4318 1395 4386 τυχεῖν.

238 4408 324 4460 Η’.
358 4406 522 4458 Ξένον
548 4407 657 4477 γάρ
684 4407 782 4475 τῆς
807 4407 1019 4476 φύσεως
1043 4407 1199 4476 ἡμῶν
1217 4447 1233 4470 ,
1268 4407 1367 4475 τὴν
1397 4406 1592 4459 κακίαν
1620 4406 1729 4459 τῶν

1819 1948 2039 2008 repunt,
2072 1939 2312 1993 humana
2344 1938 2608 2007 cogitant,
2655 1937 2807 1991 humi
2854 1937 3067 1990 illarum
3109 1952 3264 1991 mens
3290 1936 3389 1989 do-

1817 2030 2080 2084 micilium
2111 2029 2307 2084 habet:
2337 2038 2393 2084 et
2415 2028 2636 2097 quidem
2678 2027 2933 2097 opinione
2964 2042 3059 2081 sua
3088 2041 3385 2096 persuasae,

1818 2134 1878 2174 se
1932 2119 2000 2173 ad
2050 2118 2319 2188 Sponsum
2374 2126 2644 2187 spectare,
2691 2126 2853 2187 atque
2902 2117 3390 2188 justiﬁeationihus

1819 2210 2000 2266 carnis
2022 2218 2312 2265 exornatas
2337 2225 2396 2264 se
2443 2208 2543 2279 15
2569 2223 2688 2263 esse
2726 2217 2954 2278 putant;
2990 2209 3226 2278 desuper
3253 2224 3388 2263 vero

1819 2316 1888 2356 ex
1913 2301 2120 2372 Spiritu
2142 2308 2282 2355 nata:
2305 2314 2416 2355 non
2442 2310 2589 2366 sunt,
2609 2314 2735 2354 cum
2774 2299 2955 2353 oleum
3005 2299 3390 2355 exsultationis

1832 2409 1944 2448 non
1970 2392 2301 2462 acceperint.

1888 2495 2005 2550 VII.
2032 2494 2286 2565 Quinque
2314 2494 2463 2550 enim
2496 2496 2692 2551 anima:
2729 2496 3014 2552 rationalis
3056 2512 3272 2561 sensus,
3298 2512 3390 2551 ac-

1820 2598 1979 2657 cepta
2001 2602 2237 2656 superna
2258 2587 2431 2656 gratia
2461 2595 2516 2641 et
2551 2588 2984 2643 sanctiﬁcatione
3025 2588 3265 2659 Spiritus
3298 2606 3387 2643 re-

1822 2692 1951 2732 vera
1973 2684 2102 2731 sunt
2124 2675 2422 2745 prudentes
2434 2676 2695 2745 virgines,
2716 2677 2919 2746 quippe
2938 2692 3058 2745 quae
3083 2677 3393 2745 acceperint

1824 2782 2061 2837 superne
2089 2767 2411 2836 sapientiam
2445 2766 2652 2833 gratiae.
2694 2766 2751 2820 Si
2780 2781 2917 2821 vero
2955 2767 3012 2820 in
3040 2768 3153 2821 sola
3187 2775 3385 2822 natura

1833 2874 1931 2913 sua
1952 2858 2443 2929 persistantJatua
2467 2858 2982 2928 deprehenduntur,
3010 2868 3065 2915 et
3085 2860 3208 2914 tilia:
3227 2876 3391 2914 mun-

1825 2951 1881 3005 di
1901 2966 2021 3005 esse
2046 2951 2493 3006 demonstrantur
2512 2968 2525 3004 :
2544 2967 2653 3006 non
2671 2951 2819 3005 enim
2848 2960 3119 3006 exuerunt
3138 2953 3392 3021 spiritum

1826 3044 2038 3109 mundi,
2069 3042 2319 3113 quamvis
2365 3042 2642 3098 exteriore
2696 3057 2970 3107 sermone,
3016 3042 3275 3111 Opinione
3330 3059 3396 3098 ac

1825 3133 2000 3188 forma
2026 3142 2206 3197 mota,
2236 3148 2295 3189 se
2320 3148 2440 3188 esse
2461 3132 2660 3203 Sponsi
2691 3148 2941 3202 sponsas,
2972 3133 3111 3188 falso
3135 3134 3238 3188 sibi
3265 3149 3397 3203 per-

1834 3226 2117 3281 suadeant.
2164 3224 2637 3291 Quemadmodum
2674 3224 2820 3278 enim
2852 3226 3066 3290 anima},
3117 3240 3238 3295 qua:
3270 3233 3397 3279 totae

1833 3318 2057 3372 omnino
2091 3318 2328 3372 Domino
2378 3317 2647 3371 devinctae
2685 3325 2834 3380 sunt,
2873 3317 2985 3372 illic
3032 3317 3418 3387 cogitationes

1834 3425 1983 3475 suas,
2017 3417 2183 3479 atque
2208 3409 2319 3463 illic
2341 3424 2536 3479 preces
2563 3425 2692 3464 suas
2738 3418 3015 3474 exercent,
3054 3409 3167 3463 illic
3204 3410 3402 3463 ambu-

1834 3499 1968 3566 lant,
1999 3511 2054 3556 et
2090 3500 2202 3555 illic
2227 3500 2503 3555 desiderio
2533 3500 2845 3555 dilectionis
2878 3501 2973 3554 Dei
2999 3508 3253 3554 tenentur
3278 3517 3291 3553 :
3319 3500 3398 3555 sic

1833 3609 1863 3649 e
1890 3606 2155 3648 converso
2197 3592 2412 3655 animae,
2457 3606 2580 3660 quae
2630 3589 2912 3644 dilectioni
2960 3589 3150 3645 mundi
3199 3589 3398 3645 dedita:

1834 3690 1982 3745 sunt,
2029 3690 2085 3736 et
2135 3682 2191 3735 in
2231 3692 2379 3736 terra
2419 3681 2757 3735 domicilium
2804 3681 3008 3735 habere
3027 3681 3239 3747 volunt,
3284 3681 3399 3736 illic

1834 3772 2136 3835 ambulant,
2182 3771 2295 3825 illic
2330 3770 2588 3840 cogitant,
2611 3770 2724 3824 illic
2750 3786 2939 3825 earum
2974 3786 3125 3825 mens
3161 3771 3395 3826 habitat.

1834 3862 2133 3932 Propterea
2183 3862 2349 3916 etiam
2404 3861 2473 3916 ad
2522 3860 2724 3914 bonam
2760 3861 2986 3931 spiritus
3019 3861 3394 3931 prudentiam,

1834 3968 1955 4023 quae
1977 3961 2062 4007 est
2085 3952 2285 4021 hospes
2310 3958 2519 4005 natura:
2550 3959 2769 4016 nostra,
2800 3951 3241 4021 consequendam
3262 3967 3398 4007 con-

1832 4044 1975 4099 verti
2016 4051 2315 4113 nequeunt,
2342 4043 2642 4106 caelestem,
2674 4043 2917 4111 inquam.
2949 4044 3199 4113 gratiam,
3230 4059 3394 4113 quam

1837 4146 2039 4190 nostra:
2060 4135 2313 4205 conjungi
2359 4142 2416 4188 et
2458 4134 2783 4204 agglutinari
2830 4145 3039 4188 natura:
3058 4142 3296 4203 oportet,
3335 4144 3397 4188 ut

1833 4228 2107 4298 possimus
2154 4227 2211 4280 in
2243 4226 2519 4280 caelestem
2577 4226 2875 4279 thalamum
2920 4226 3069 4296 regni
3115 4242 3224 4280 una
3271 4242 3395 4281 cum

1833 4320 2065 4373 Domino
2095 4318 2329 4388 ingredi,
2349 4327 2403 4371 et
2422 4328 2681 4371 aeternam
2713 4318 2940 4372 salutem
2969 4320 3252 4388 consequi.

1904 4411 2042 4467 VIII.
2066 4411 2212 4465 Loco
2242 4410 2387 4463 enim
2413 4407 2645 4477 hospitis
2661 4416 2868 4462 natura:
2897 4410 3395 4473 nostrae,malitiam

166 4496 359 4549 παθῶν
412 4497 502 4549 διὰ
549 4496 649 4564 τῆς
693 4496 980 4565 παρακοῆς
1038 4495 1132 4549 τοῦ
1180 4496 1397 4565 πρώτου
1445 4494 1731 4565 ἀνθρώπου
1758 4492 1851 4557 Βε

1713 4514 1731 4546 δ
1758 4492 1811 4551 D
1836 4502 2187 4557 aﬂ'ectionum
2203 4515 2301 4569 per
2314 4498 2738 4553 inobedientiam
2755 4498 2917 4568 primi
2940 4497 3180 4553 hominis
3205 4501 3260 4552 in
3295 4514 3398 4554 nos

165 4590 225 4641 ἐν
269 4590 488 4650 ἑαυτοῖς
532 4586 869 4657 ἐδεξάμεθα,
924 4590 988 4658 ἢν
1034 4588 1128 4639 καὶ
1168 4584 1356 4653 ὥσπερ
1388 4584 1549 4652 φύσιν
1579 4583 1731 4653 ἡμῶν

167 4681 521 4734 καταστᾶσαν
572 4680 827 4750 συνηθείᾳ
868 4681 963 4732 καὶ
1002 4678 1267 4748 προλήψει
1298 4677 1496 4747 πολλῇ,
1528 4676 1613 4728 διά
1638 4675 1731 4727 τοῦ

167 4773 323 4839 ξένου
344 4774 442 4843 τῆς
463 4772 677 4842 φύσεως
700 4775 732 4843 ἡ
743 4772 857 4842 μῶν
880 4813 894 4837 ,
921 4775 1019 4840 τῆς
1045 4768 1367 4840 ἐπουρανίου
1395 4769 1599 4839 δωρεᾶς
1638 4768 1734 4821 τοῦ

170 4866 489 4935 Ππύματος
531 4862 889 4935 ἐξω[σ]θῆναι
906 4864 1066 4915 πάλιν
1087 4861 1231 4932 χρὴ,
1273 4861 1365 4913 καὶ
1390 4860 1468 4923 είς
1503 4861 1735 4931 ἀρχαίαν

170 4952 525 5022 καθαρότητα
580 4952 1043 5021 ἀποκαταστῆναι.
1104 4952 1213 5001 Καὶ
1263 4950 1359 5002 ἐὰν
1409 4949 1483 5020 μὴ
1522 4950 1736 5018 ἐκείνην

170 5044 270 5113 τὴν
324 5044 382 5108 ἐξ
424 5041 655 5110 οὐρανοῦ
706 5042 923 5111 ἀγάπην
965 5040 1059 5092 τοῦ
1102 5039 1415 5110 Πνεύματος
1458 5038 1737 5108 δεξώμεθα

172 5137 268 5189 νῦν
316 5140 376 5189 ἐν
421 5136 590 5207 πολλῇ
628 5137 839 5206 αἰτήσει
861 5175 875 5199 ,
922 5136 1015 5187 καὶ⁵
1046 5134 1248 5205 δεήσει,
1281 5134 1375 5187 καὶ
1405 5132 1607 5196 πίστει,
1643 5135 1738 5186 καὶ

173 5232 478 5298 προσευχῇ,
517 5229 609 5279 καὶ
640 5229 956 5298 ἀποστροφῇ
983 5224 1075 5278 τοῦ
1100 5224 1328 5294 κόσμου·
1362 5223 1456 5277 καὶ
1476 5223 1739 5293 προσκολ-

173 5318 313 5389 ληθῇ
343 5322 411 5388 τῇ
444 5320 653 5391 ἀγάπῃ,
688 5319 810 5389 ἥτις
838 5318 986 5370 ἐστὶν
1013 5320 1041 5371 ὁ
1069 5314 1270 5385 Κύριος
1293 5355 1308 5377 ,
1364 5317 1459 5368 καὶ
1501 5316 1734 5386 ἀγιασθῇ

175 5413 208 5480 ἠ
241 5410 533 5480 μιανθεῖσα
580 5410 685 5463 ὑπὸ
724 5410 826 5478 τῆς
857 5409 1051 5472 κακίας
1081 5410 1241 5477 φύσις
1268 5408 1420 5479 ἡμῶν
1443 5448 1459 5473 ,
1509 5409 1613 5461 ὑπὸ
1642 5412 1740 5479 τῆς

175 5505 401 5571 ἀγάπης
447 5501 661 5570 ἐκείνης
708 5500 803 5554 τοῦ
849 5501 1162 5571 Πνεύματος
1188 5516 1202 5531 ο
1262 5501 1356 5552 καὶ
1405 5499 1509 5562 ἕως
1556 5500 1741 5564 τέλους

176 5594 262 5646 δια
271 5592 547 5663 μείνωμεν
569 5593 830 5657 ἀπτωτοι,
859 5594 918 5646 ἐν
944 5592 1145 5652 πάσαις
1173 5592 1294 5654 ταῖς
1317 5588 1557 5654 ἐντολαῖς
1578 5590 1740 5644 αὑτοῦ

177 5682 424 5754 ἀκριϐῶς
456 5682 950 5755 ἀναστρεφόμενοι,
986 5684 1084 5754 τῆς
1112 5680 1435 5752 ἐπουρανίου
1465 5681 1743 5752 βασιλείας

178 5778 361 5847 τυχεῖν
392 5775 454 5828 οὐ
480 5776 842 5847 δυνησόμεθα.

1837 4594 2165 4664 recepimus,
2194 4606 2355 4660 quam
2374 4590 2429 4643 in
2459 4589 2619 4643 nobis
2644 4588 2814 4643 veluti
2835 4589 3123 4657 quamdam
3140 4600 3396 4644 naturam

1840 4682 2243 4739 consuetudine
2271 4691 2326 4735 et
2352 4682 2515 4750 longo
2544 4694 2646 4733 usu
2680 4678 3075 4744 conﬁrmatam,
3093 4695 3193 4750 per
3210 4681 3398 4751 hospi-

1838 4787 1948 4832 tem
1966 4784 2165 4829 nostrae
2184 4782 2412 4837 naturae,
2429 4773 2651 4825 caeleste
2679 4771 2889 4826 scilicet
2910 4771 3115 4826 donum
3138 4772 3399 4843 Spiritus,

1840 4882 2059 4923 rursum
2086 4866 2287 4932 expelli
2323 4872 2381 4918 et
2424 4862 2665 4932 pristinae
2693 4862 2917 4931 puritati
2956 4864 3171 4918 restitui
3201 4880 3401 4922 conve-

1844 4968 1945 5015 mt.
1976 4960 2045 5015 Et
2066 4959 2171 5012 nisi
2199 4972 2347 5011 nunc
2385 4956 2595 5011 ardenti
2626 4956 2911 5025 petitione,
2938 4964 2994 5011 et
3019 4958 3321 5028 rogatione,
3345 4968 3403 5014 et

1841 5052 1967 5115 ﬁde,
1995 5066 2057 5105 ac
2088 5050 2332 5103 oratione
2355 5055 2517 5117 atque
2534 5048 2874 5102 aversatione
2896 5049 3108 5113 mundi,
3126 5050 3400 5105 caelestem

1840 5143 2189 5198 dilectionem
2215 5140 2458 5218 Spiritus
2488 5140 2884 5209 acceperimus,
2907 5149 2963 5195 et
2996 5151 3190 5195 natura
3215 5152 3403 5197 nostra

1838 5238 2026 5308 juncta
2058 5235 2223 5290 fuerit
2239 5233 2540 5297 dilectioni,
2564 5248 2684 5302 qua:
2717 5241 2800 5286 est
2829 5233 3112 5298 Dominus,
3144 5245 3200 5289 et
3229 5250 3259 5288 a
3286 5250 3403 5287 ma-

1844 5329 1983 5392 litia,
2009 5341 2113 5396 qua
2140 5335 2224 5379 est
2258 5325 2567 5393 inquinata,
2592 5338 2690 5392 per
2731 5324 2878 5377 illam
2903 5324 3248 5380 dilectionem
3282 5325 3403 5396 Spi-

1845 5420 1984 5473 ritus
2034 5415 2371 5471 sanetiﬁcata
2426 5414 2615 5479 fuerit,
2657 5424 2712 5469 et
2744 5415 2848 5469 nisi
2890 5415 2957 5469 ad
3016 5416 3173 5471 ﬁnem
3207 5432 3398 5487 usque,

1846 5508 2051 5576 absque
2084 5506 2205 5560 labe
2252 5514 2307 5560 et
2352 5504 2705 5571 oﬂendiculo,
2734 5504 2789 5559 in
2833 5506 3091 5561 omnibus
3133 5507 3405 5565 mandatis

1844 5599 1966 5669 ejus
2007 5595 2299 5667 diligenter
2348 5594 2548 5650 versati
2588 5596 3146 5665 perseveraverimus,
3183 5597 3404 5655 coaleste

1846 5704 2075 5761 regnum
2109 5685 2373 5758 consequi
2402 5700 2512 5741 non
2538 5684 2861 5756 poterimus.
