4266 6356
838 379 947 442 479

2086 380 2146 437 S.
2186 378 2378 436 MACA
2389 378 2500 436 ltll
2541 376 2648 435 {EG
2663 378 2850 436 YPTIl

3991 375 4097 437 480

930 486 1019 546 ΙΧ.
1058 491 1221 561 Atqui
1260 490 1517 544 subtilius
1562 499 1616 541 et
1658 486 1986 557 promndius
2016 502 2116 554 pro
2161 500 2420 540 concessa
2448 491 2498 548 Α
2593 487 2615 537 ε

2413 491 2498 548 ιΛ
2593 487 2668 539 Θ¹.
2723 487 2931 538 Λεπτὸν
2974 485 3028 537 δέ
3079 502 3199 538 τινα
3245 486 3398 551 λόγον
3446 485 3540 537 καὶ
3590 486 3755 554 βαθὺν
3806 489 3945 539 κατὰ
3997 492 4098 560 τὴν

849 583 985 635 mihi
1011 582 1270 636 facultate
1288 582 1579 637 disseram.
1600 580 1944 648 Quapropter
1972 589 2177 633 attente
2202 579 2412 632 audite.

850 674 1123 735 inﬁnitus,
1152 676 1466 729 inaccessus
1495 681 1551 727 et
1587 674 1863 726 inereatus
1895 672 2057 733 Deus,
2095 686 2294 739 corpus
2333 686 2419 723 as-

845 767 1099 833 sumpsit,
1115 776 1337 835 propter
1355 766 1673 819 immensam
1691 774 1747 817 et
1770 762 2098 817 ineffabilem
2118 763 2415 816 bonitatem

847 874 1024 921 suam,
1056 870 1132 924 et,
1169 870 1229 912 ut
1268 860 1342 912 ita
1391 860 1603 927 loquar,
1636 858 1780 911 velut
1829 857 2104 909 imminuit
2148 873 2204 910 se
2240 857 2415 924 ipsum

844 950 915 1003 ab
946 952 1222 1005 inaccessa
1252 951 1445 1021 gloria;
1472 961 1531 1003 ut
1573 949 1715 1003 uniri
1755 956 1940 1018 posset
1966 948 2277 1003 visibilibus
2303 948 2419 1002 suis

847 1040 1141 1104 creaturis,
1179 1039 1352 1094 veluti
1380 1040 1580 1094 animis
1609 1050 1924 1094 sanctorum
1967 1048 2023 1093 ct
2058 1040 2395 1109 angelorum,

846 1140 907 1183 ut
937 1132 1149 1199 possint
1181 1132 1305 1185 vitae
1346 1131 1545 1185 divinae
1575 1133 1869 1200 participes
1904 1132 2043 1186 ﬁeri.
2064 1132 2420 1200 Unumquod-

848 1238 957 1291 que
992 1224 1139 1276 enim
1170 1224 1391 1285 horum,
1419 1225 1718 1277 secundum
1748 1234 1995 1276 naturam
2031 1240 2181 1277 suam
2218 1238 2419 1291 corpus

849 1326 954 1378 est,
1001 1315 1227 1383 angelus
1287 1316 1518 1376 scilicet,
1570 1316 1751 1369 anima
1788 1325 1843 1369 et
1868 1316 2079 1369 daemon
2124 1334 2136 1367 :
2172 1317 2419 1384 quamvis

848 1406 997 1459 enim
1048 1408 1267 1463 subtilia
1307 1408 1437 1471 sint,
1474 1417 1655 1461 tamen
1712 1410 1767 1461 in
1804 1410 2130 1471 substantia,
2164 1409 2335 1463 forma
2364 1418 2420 1460 et

850 1495 1021 1565 ﬁgura
1052 1499 1353 1551 secundum
1385 1500 1707 1551 tenuitatem
1745 1509 1953 1552 natum
1982 1514 2195 1560 eorum,
2222 1514 2417 1566 corpo-

849 1603 908 1641 ra
962 1599 1090 1642 sunt
1135 1590 1324 1642 tenuia
1363 1610 1374 1643 :
1410 1588 1870 1659 quemadmodum
1905 1589 2083 1643 ethoc
2125 1604 2323 1656 corpus
2365 1589 2417 1641 in

846 1677 1155 1730 substantia
1184 1694 1279 1731 sua
1298 1695 1541 1733 crassum
1574 1688 1628 1731 et
1659 1678 1894 1731 solidum
1919 1690 2020 1731 est.
2044 1678 2133 1731 Sic
2158 1690 2213 1732 et
2239 1678 2419 1731 anima

848 1770 1068 1823 subtilis
1097 1787 1222 1823 eum
1278 1772 1367 1835 sit,
1408 1770 1827 1839 comprehendit
1879 1770 1932 1821 in
1964 1785 2019 1823 se
2050 1770 2292 1833 oculum,
2322 1785 2419 1838 per

848 1879 1012 1931 quem
1059 1863 1231 1923 videt,
1266 1880 1479 1927 aurem,
1512 1879 1610 1931 per
1643 1877 1803 1931 quam
1839 1862 1993 1915 audit
2022 1878 2035 1914 :
2070 1863 2325 1916 similiter
2363 1873 2419 1914 et

850 1951 1115 2019 linguam,
1147 1968 1246 2021 per
1286 1969 1449 2021 quam
1486 1964 1792 2005 sermonem
1827 1950 2069 2019 profert:
2109 1967 2321 2017 manus,
2363 1962 2419 2006 ct

852 2039 907 2092 in
930 2056 1140 2093 summa
1194 2051 1368 2095 totum
1401 2056 1623 2111 corpus,
1658 2048 1714 2093 et
1740 2041 1982 2094 membra
2021 2045 2139 2113 ejus
2178 2044 2419 2112 comple-

847 2138 1005 2185 ctens
1032 2132 1232 2197 anima,
1274 2136 1664 2187 commiscetur
1691 2146 1814 2184 cum
1840 2149 1926 2199 eo,
1946 2152 2042 2205 per
2064 2135 2210 2204 quod
2233 2150 2422 2189 omnes

849 2222 1014 2290 hujus
1048 2224 1293 2279 actiones
1326 2242 1421 2279 seu
1455 2243 1622 2295 opera
1655 2230 1769 2285 edit
1798 2240 1853 2285 et
1882 2238 2118 2283 exercet.

924 2314 988 2368 Χ.
1018 2318 1226 2372 Eodem
1264 2320 1425 2373 modo
1458 2322 1621 2382 Deus,
1657 2323 1749 2391 qui
1792 2322 1927 2376 ﬁnes
1977 2331 2032 2375 et
2084 2319 2423 2373 intellectum

847 2415 1099 2459 nostrum
1138 2408 1297 2478 longe
1324 2412 1683 2475 transcendit,
1710 2428 1807 2481 per
1839 2412 2137 2465 bonitatem
2169 2427 2319 2465 suam
2366 2426 2424 2464 se

851 2496 1032 2565 ipsum
1062 2498 1357 2565 imminuit,
1380 2510 1435 2554 et
1470 2502 1645 2555 induit
1673 2503 1917 2558 membra
1954 2502 2199 2572 corporis
2239 2502 2421 2571 hujus,

852 2595 908 2639 et
945 2590 1175 2642 retraxit
1214 2606 1272 2643 se
1320 2592 1499 2659 ipsum
1554 2592 1622 2644 ab
1675 2594 1951 2646 inaccessa
1972 2593 2145 2661 gloria
2179 2607 2283 2645 :ac
2329 2607 2425 2660 per

857 2680 1296 2735 benevolentiam
1348 2692 1405 2736 et
1433 2683 1830 2738 humanitatem
1860 2700 2033 2748 suam,
2060 2694 2422 2737 transmutata

858 2773 1054 2837 forma,
1083 2776 1379 2844 assumpsit
1407 2792 1607 2844 corpus
1634 2786 1689 2830 et
1712 2777 2119 2841 commiscetur,
2147 2786 2309 2845 atque
2340 2792 2425 2831 as“

856 2865 1026 2918 sumit
1051 2866 1261 2918 animas
1289 2876 1507 2918 sanctas
1540 2866 1644 2920 sibi
1678 2882 1839 2935 quam
1866 2876 2119 2935 acceptas
2139 2876 2194 2919 et
2215 2866 2423 2929 ﬁdeles,

851 2966 910 3009 et
932 2954 990 3009 ﬁt
1010 2971 1133 3008 cum
1162 2956 1244 3009 eis
1264 2972 1398 3009 unus
1416 2955 1667 3026 Spiritus,
1683 2956 1985 3011 secundum
2010 2956 2219 3010 dictum
2241 2956 2420 3010 Pauli:

854 3047 1061 3109 anima,
1090 3055 1150 3100 ut
1174 3048 1249 3100 ita
1272 3048 1487 3115 loquar,
1514 3048 1699 3101 evadit
1727 3048 1780 3101 in
1811 3049 2071 3112 animam,
2101 3048 2425 3103 etsubstan-

858 3138 932 3189 tia
965 3136 1020 3189 in
1066 3136 1427 3201 subtantiam,
1457 3146 1517 3190 ut
1540 3138 1713 3207 possit
1746 3138 1924 3191 anima
1954 3138 2008 3191 in
2056 3138 2299 3191 novitate
2321 3137 2424 3206 16
2450 3156 2494 3217 ρ

858 3226 1045 3280 vivere
1092 3236 1149 3281 et
1195 3227 1557 3281 immortalem
1608 3229 1773 3281 vitam
1824 3229 2054 3292 sentire,
2101 3243 2165 3282 ac
2209 3239 2425 3281 aeterna:

856 3316 1043 3383 pluria:
1070 3316 1349 3384 particeps
1381 3316 1519 3379 ﬁeri,
1560 3332 1646 3382 ea,
1675 3318 1922 3385 inquam,
1949 3318 2150 3381 anima,
2184 3334 2304 3386 quae
2335 3333 2423 3382 eo,

857 3407 969 3459 Deo
996 3406 1225 3469 scilicet,
1263 3408 1424 3476 digna
1481 3418 1586 3472 est,
1637 3408 1799 3477 eique
1857 3410 2151 3477 perplacet.
2193 3408 2249 3463 Si
2278 3409 2427 3462 enim

859 3495 1004 3549 Deus
1031 3512 1097 3549 ex
1142 3498 1230 3559 iis,
1283 3514 1402 3556 qua:
1448 3514 1558 3550 non
1598 3510 1777 3561 erant,
1820 3509 1880 3551 ut
1913 3510 2116 3562 essent,
2182 3499 2428 3553 condidit

860 3594 1001 3647 hanc
1036 3594 1308 3648 visibilem
1351 3605 1680 3656 creaturam,
1707 3611 1900 3664 magna
1947 3611 2070 3650 cum
2114 3593 2426 3648 diﬂ‘erentia

858 3694 915 3737 et
934 3685 1215 3747 varietate,
1247 3700 1389 3753 quae,
1420 3694 1711 3753 antequam
1739 3685 1913 3750 ﬁeret,
1946 3700 2055 3738 non
2087 3686 2297 3748 erat";
2332 3699 2427 3735 vo-

858 3774 965 3828 luit
994 3775 1183 3835 etiam,
1209 3784 1264 3828 et
1294 3776 1446 3828 nullo
1478 3790 1601 3827 cum
1631 3776 1815 3828 labore
1847 3776 2175 3829 condiditex
2200 3776 2287 3837 iis,
2308 3792 2428 3843 quae

865 3880 979 3919 non
1008 3874 1186 3929 erant,
1222 3866 1555 3919 substantias
1585 3865 1791 3919 solidas
1824 3875 1876 3919 et
1916 3867 2102 3931 duras,
2139 3868 2288 3919 velut
2320 3876 2428 3919 ter-

865 3972 1006 4022 ram,
1063 3966 1299 4022 montes,
1350 3958 1579 4011 arbores
1636 3960 1779 4027 (quae
1836 3958 2066 4011 durities
2110 3970 2318 4012 naturae
2360 3961 2429 4013 sit

865 4049 1067 4116 vides),
1099 4059 1153 4102 et
1191 4064 1381 4102 rursus
1426 4050 1631 4102 medias
1667 4065 1856 4117 aquas,
1885 4058 1939 4103 et
1978 4050 2135 4103 exiis
2180 4051 2430 4104 volucres

862 4138 1014 4191 nasci
1050 4138 1330 4191 mandavit
1365 4156 1377 4191 :
1409 4147 1464 4191 et
1494 4139 1675 4192 denuo
1711 4139 1979 4201 tenuiora,
2014 4140 2190 4208 ignem
2215 4155 2277 4192 ac
2301 4156 2431 4194 ven-

865 4238 973 4291 tos,
1023 4236 1078 4281 et
1133 4237 1351 4291 caetera,
1401 4244 1520 4297 quae
1575 4238 1797 4297 propter
1844 4230 2202 4284 subtilitatem
2257 4232 2430 4285 aciem

865 4319 1011 4372 oculi
1045 4318 1297 4387 corporei
1332 4317 1619 4387 eﬁ‘ugiunt.

932 4404 1026 4462 XI.
1060 4408 1177 4474 Quo
1216 4418 1375 4476 pacto
1432 4408 1645 4462 inﬁnita
1689 4418 1745 4463 et
1788 4410 2084 4465 inell‘abilis
2114 4412 2430 4480 multiplicis

2522 578 2833 645 προσοῦσάν
2867 595 2957 646 μοι
2984 578 3211 646 δύναμιν
3240 578 3413 631 εἰπεῖν
3440 578 3721 647 βούλομαι·
3753 578 3835 630 διὸ
3859 584 4101 645 συνετῶς

2520 667 2787 721 ἀκούσατε
2820 685 2835 697 ο
2885 668 3394 737 Ἐσωματοποίησεν
3444 669 3635 719 ἑαυτὸν
3665 670 3693 721 6
3730 670 3957 741 ἄπειρος
4005 675 4100 725 καὶ

2520 758 2817 822 ἀπρόσιτος
2839 797 2853 819 ,
2907 757 3002 809 καὶ
3030 759 3294 828 ἀποίητος
3322 759 3475 821 Θεὸς,
3509 758 3596 811 διὰ
3624 760 3848 829 ἄπειρον
3877 764 3969 813 καὶ
4000 766 4099 814 ἀνι

2520 849 2766 917 εννόητον
2799 851 3137 921 χρηστότητα
3160 890 3174 912 ,
3226 851 3319 903 καὶ
3360 851 3433 915 ὠς
3463 854 3634 905 εἰπεῖν
3664 852 3739 916 ὡς
3767 854 4100 923 ὲσμίκρυνεν

2520 942 2682 994 αὐτὸν
2717 945 2782 995 ἐκ
2805 945 2903 1013 τῆς
2926 945 3222 1015 ἀπροσίτου
3250 946 3407 1014 δόξης
3432 985 3445 1007 ,
3484 948 3571 998 ἴνα
3604 949 3976 1017 συνενωθῆναι
4003 950 4099 1001 δυ-

2520 1035 2655 1104 νηθῇ
2705 1038 2817 1097 τοῖς
2868 1037 3081 1104 ὁρατοῖς
3131 1037 3298 1089 αὑτοῦ
3350 1038 3682 1107 κτίσμασιν,
3736 1035 3847 1093 οἷον
3895 1041 4100 1110 ψυχαῖς

2520 1127 2689 1191 ἁγίων
2726 1144 2817 1179 και
2849 1129 3094 1195 ἀγγέλων
3129 1129 3306 1196 λέγω,
3364 1130 3448 1181 ἶνα
3490 1130 3761 1201 δυνηθῶσι
3792 1132 3942 1202 ζωῆς
3973 1135 4100 1187 θεό-

2519 1234 2681 1286 τητος
2717 1222 3029 1287 μετασχεῖν.
3063 1221 3331 1273 Ἔκαστον
3362 1223 3472 1290 γάρ
3519 1224 3661 1275 κατά
3690 1225 3789 1292 τὴν
3824 1224 3964 1276 ἰδίαν
3994 1226 4101 1293 φύ-

2522 1324 2607 1361 σιν
2643 1310 2802 1378 σῶμά
2829 1311 3007 1376 ἐστιν,
3055 1313 3083 1364 ὁ
3114 1313 3364 1380 ἄγγελος,
3401 1315 3433 1382 ή
3465 1314 3633 1383 ψυχὴ,
3662 1315 3691 1366 6
3720 1315 3963 1385 δαίμωνο
4016 1318 4099 1369 ὅτι

2522 1400 2623 1451 κᾶν
2655 1400 2823 1455 λεπτά
2851 1396 3008 1465 ὦσιν,
3044 1406 3192 1472 ὅμως
3223 1408 3278 1456 ἐν
3308 1406 3610 1459 ὑποστάσει
3642 1408 3735 1459 καὶ
3763 1409 4099 1478 χαρακτῆρι,

2521 1491 2615 1541 καὶ
2665 1493 2830 1545 εἰκόνι
2885 1496 3024 1547 κατὰ
3069 1496 3166 1565 τὴν
3193 1496 3493 1565 λεπτότητα
3526 1501 3623 1567 τῆς
3650 1498 3865 1565 φύσεως
3890 1500 4099 1563 αὐτῶν,

2522 1578 2748 1647 σώματα.
2779 1586 3036 1653 τυγχάνει
3066 1586 3234 1637 λεπτὰ
3258 1628 3271 1650 ,
3308 1587 3496 1655 ὥσπερ
3526 1590 3581 1639 ὲν
3608 1588 3905 1641 ὑποστάσει
3938 1588 4101 1642 τοῦτο

2521 1671 2581 1723 τὸ
2616 1673 2776 1741 σῶμα
2823 1677 2968 1743 παχύ
3002 1678 3171 1734 ἐστιν.
3210 1678 3366 1730 Οὑτω
3395 1681 3489 1730 καὶ
3523 1682 3556 1748 ἡ
3585 1679 3729 1751 ψυχὴ
3762 1680 3937 1751 λεπτὴ
3962 1681 4100 1734 οὖσα

2525 1765 2817 1831 περιέλαϐε
2869 1768 2959 1817 τὸν
3006 1769 3283 1835 ὀφθαλμὸν
3328 1769 3397 1822 δι’
3426 1764 3485 1823 οὗ
3535 1772 3637 1841 ὁρᾷ
3660 1813 3674 1836 ,
3715 1772 3775 1823 τὸ
3809 1768 3903 1835 οὖς
3936 1774 4006 1825 δι’
4036 1770 4098 1827 οὗ

2524 1857 2731 1909 ἀκούει.
2773 1858 3007 1927 Ὁμοίως
3052 1860 3151 1929 τὴν
3183 1862 3432 1927 γλῶσσαν
3457 1862 3526 1915 δι’
3552 1860 3619 1933 ἦς
3648 1864 3817 1926 λαλεῖ,
3849 1865 3950 1932 τὴν
3980 1870 4100 1934 χεί-

2526 1964 2591 2015 ρα
2621 1987 2635 2010 ,
2681 1949 2774 2000 καὶ
2803 1950 3159 2015 ἁπαξαπλῶς,
3193 1955 3302 2005 πᾶν
3336 1956 3516 2023 σῶμα,
3550 1956 3641 2006 καὶ
3668 1956 3736 2008 τά
3764 1957 3899 2027 μέλη
3929 1959 4099 2011 αὑτοῦ

2522 2040 2893 2108 περιλαϐοῦσα
2937 2045 2969 2112 ἡ
3000 2043 3149 2112 ψυχὴ
3169 2087 3181 2106 ,
3221 2046 3620 2114 συγκέκραται,
3656 2047 3723 2100 δι’
3751 2042 3813 2101 οὗ
3844 2050 4099 2120 ἀπεργά-

2523 2132 2678 2192 ζεται
2711 2134 2889 2187 πάντα
2920 2137 2987 2188 τὰ
3012 2136 3107 2189 τοῦ
3136 2137 3253 2206 βίου
3285 2139 3709 2210 ἐπιτηδεύματα.

2596 2311 2653 2367 l'.
2717 2313 2821 2365 Τὸν
2865 2313 3029 2366 αὐτὸν
3074 2315 3275 2384 τρόπον
3323 2315 3351 2366 6
3391 2315 3617 2385 ἄπειρος
3654 2317 3741 2369 καὶ
3776 2319 4099 2389 ἀνεννόητος

2523 2401 2656 2463 Θεὸς
2712 2405 2777 2470 τῇ
2828 2403 3157 2473 χρηστότητι
3204 2405 3368 2457 αὐτοῦ
3413 2405 3743 2475 ὲσμίκρυνεν
3783 2409 3969 2471 αὑτὸν,
4004 2415 4099 2462 καὶ

2527 2494 2813 2545 ἐνεδύσατο
2858 2495 2925 2546 τὰ
2973 2494 3109 2564 μέλη
3144 2494 3234 2547 τοῦ
3269 2496 3521 2565 σώματος
3552 2496 3773 2563 τούτου,
3811 2498 3907 2551 καὶ
3937 2516 4097 2571 περι-ι

2527 2584 2719 2635 έλαόεν
2766 2586 2957 2637 ἑαυτὸν
3006 2586 3114 2637 ἀπὸ
3153 2587 3253 2653 τῆς
3294 2588 3587 2656 ἀπροσίτου
3630 2589 3828 2659 δόξηςο
3882 2593 3978 2644 καὶ
4011 2593 4099 2645 διὰ

2526 2673 2839 2742 ἡμερότητα
2876 2674 2970 2726 καὶ
3002 2675 3406 2745 φιλανθρωπίαν
3438 2678 3959 2749 μεταμορφούμενος
3991 2699 4100 2735 σω-

2529 2768 2814 2832 ματοποιεῖ
2842 2766 3051 2831 ἑαυτὸν,
3084 2769 3174 2819 καὶ
3199 2770 3585 2836 ἀναμίγνυται,
3615 2771 3709 2821 καὶ
3734 2772 4101 2841 ⁴παραλαμὸἀ-

2526 2871 2603 2906 νει
2639 2854 2737 2916 τάς
2764 2856 2923 2923 ἁγίας
2954 2858 3047 2909 καὶ
3076 2859 3399 2927 εὐαρέστους
3432 2862 3523 2913 καὶ
3549 2862 3747 2923 πιστὰς
3772 2861 3977 2932 ψυχὰς,
4007 2868 4102 2917 καὶ

2525 2945 2770 3011 γίγνεται
2804 2948 2920 3015 μετ’
2954 2948 3131 3000 αὐτῶν
3164 2951 3243 3011 είς
3272 2949 3340 3001 ἐν
3363 2950 3624 3017 Πνεῦμα,
3658 2953 3800 3004 κατά
3828 2954 3890 3004 τὸ
3920 2953 4101 3021 λόγιον

2527 3039 2738 3091 Παύλου
2760 3055 2774 3067 ⁸
2823 3039 2968 3109 ψυχὴ
3014 3043 3090 3103 ὡς
3123 3042 3300 3093 εἰπεῖν
3331 3044 3410 3104 είς
3438 3043 3636 3113 ψυχὴν,
3672 3046 3767 3097 καὶ
3800 3046 4102 3108 ὑπόστασις

2526 3131 2606 3192 είς
2637 3130 2956 3193 ὑπόστασιν,
2994 3132 3082 3186 ἵνα
3116 3133 3149 3202 ἡ
3176 3132 3321 3203 ψυχὴ
3350 3133 3549 3203 δυνηθῇ
3584 3137 3642 3188 ὲν
3670 3138 3734 3205 τῇ
3761 3136 3977 3205 νεότητι
4007 3138 4102 3207 ζῆ-

2530 3237 2638 3283 σαι,
2669 3220 2764 3272 καὶ
2792 3220 3073 3273 αἰσθέσθαι
3100 3222 3372 3276 ἀθανάτου
3400 3223 3566 3292 ζωῆς,
3593 3226 3687 3277 καὶ
3710 3225 3868 3295 δόξης
3892 3227 4105 3297 ἀφθάρ-

2524 3329 2620 3363 του
2651 3312 2875 3380 μέτοχος
2901 3313 3147 3381 γένηται,
3171 3315 3206 3383 ἦ
3234 3332 3297 3381 γε
3324 3316 3450 3379 ἀξία
3471 3317 3638 3369 αὐτοῦ
3666 3318 3758 3370 καὶ
3782 3318 4101 3387 εὐάρεστος.

2528 3403 2589 3454 Et
2619 3403 2727 3473 γάρ
2758 3403 2818 3467 ἐξ
2846 3406 2943 3454 οὐκ
2972 3404 3142 3456 ὄντων
3176 3408 3253 3465 είς
3284 3406 3342 3457 τὸ
3367 3402 3506 3458 εἶναι
3538 3407 3805 3477 πεποίηκε
3832 3410 3935 3479 τὴν
3962 3413 4105 3481 δρω-

2531 3493 2698 3561 μένην
2747 3495 2925 3547 κτίσιν
2967 3495 3255 3564 τοιαύτην,
3318 3498 3376 3549 ἐν
3410 3498 3576 3568 πολλῇ
3606 3516 3709 3551 τινι
3741 3500 3976 3571 διαφορᾷ
4009 3506 4104 3553 καὶ

2528 3586 2790 3655 ποικιλίᾳ,
2808 3587 2902 3638 καὶ
2936 3588 3061 3656 πρὶν
3088 3589 3338 3654 γενέσθαι
3367 3590 3465 3641 οὐκ
3490 3586 3559 3660 ἦν
3578 3608 3590 3620 ·
3626 3591 3856 3659 ἠθέλησε
3884 3592 3967 3655 δὲ,
4002 3594 4099 3644 καὶ

2529 3678 2761 3739 εὐκόλως
2826 3680 3077 3747 εποίησεν
3148 3684 3211 3733 ὲκ
3267 3680 3375 3732 τῶν
3430 3682 3507 3749 μὴ
3555 3683 3722 3735 ὄντων
3770 3684 4102 3747 ὑποστάσεις

2530 3770 2761 3837 παχείας
2812 3771 2905 3821 καὶ
2953 3770 3192 3838 σκληράς
3214 3810 3228 3831 ,
3277 3764 3387 3823 οἷον
3421 3773 3523 3841 γῆν
3556 3773 3716 3839 λέγω,
3754 3774 3877 3843 ὅρη,
3909 3776 4105 3847 δένδρα

2531 3860 2683 3925 (ὁρᾷς
2710 3859 2796 3909 οἵα
2823 3858 3124 3927 σκληρότης
3150 3860 3406 3927 φύσεως)·
3430 3861 3531 3913 καὶ
3557 3862 3716 3913 πάλιν
3745 3864 3885 3932 μέσα
3910 3864 4101 3920 ὕδατα·

2530 3953 2623 4001 καὶ
2654 3950 2712 4013 ἐξ
2743 3952 2919 4002 αὐτῶν
2949 3952 3240 4018 γεννᾶσθαι
3270 3954 3489 4005 πετεινά
3517 3955 3837 4024 προσέταξε·
3873 3959 3972 4009 καὶ
3997 3962 4105 4011 πά-

2530 4047 2611 4095 λιν
2640 4046 2962 4115 λεπτότερα,
2995 4046 3127 4114 πῦρ,
3158 4048 3252 4098 καὶ
3279 4048 3531 4111 ἀνέμους,
3557 4050 3650 4100 καὶ
3677 4049 3765 4101 διὰ
3795 4049 4104 4120 λεπτότητα

2534 4136 2607 4203 μὴ
2633 4136 2883 4205 ὁρώμενα
2915 4135 2991 4205 τῷ
3021 4136 3114 4188 τοῦ
3146 4137 3397 4207 σώματος
3422 4138 3702 4225 ὀφθαλμῷ.

2602 4398 2703 4450 IA'.
2761 4398 2883 4458 Πῶς
2920 4400 2952 4466 ἠ
2988 4398 3212 4467 ἄπειρος
3253 4400 3347 4450 καὶ
3378 4399 3767 4468 ἀνεκδιήγητος
3800 4402 3902 4470 τῆς
3934 4404 4101 4455 πολυ-

862 4500 1147 4569 sapientiae
1173 4499 1374 4553 divina:
1399 4500 1627 4553 scientia
1667 4500 1911 4555 condidit
1940 4516 2007 4555 ex
2047 4501 2134 4565 iis,
2166 4517 2286 4570 qua:
2315 4516 2425 4554 non
2462 4482 2505 4536 D
2535 4503 2547 4539 τ

2420 4522 2425 4554 ι
2462 4482 2505 4536 D
2535 4488 2778 4540 ποικίλου
2812 4488 3005 4555 σοφίας
3036 4488 3129 4540 τοῦ
3158 4488 3291 4540 Θεοῦ
3322 4491 3483 4557 τέχνη
3512 4490 3725 4542 ἔκτισεν
3746 4491 3811 4542 ὲκ
3836 4491 3912 4560 μὴ
3936 4492 4105 4546 ὄντων

864 4601 1044 4652 erant,
1102 4598 1158 4642 et
1208 4591 1500 4653 crassiora,
1551 4600 1606 4644 et
1658 4592 1962 4656 subtiliora,
1985 4604 2041 4646 et
2096 4593 2428 4661 simpliciora

876 4698 1129 4752 corpora,
1163 4698 1283 4751 qua:
1328 4683 1693 4737 subsisterent
1732 4685 2010 4738 voluntate
2044 4700 2140 4738 sua
2178 4703 2189 4737 :
2223 4696 2427 4753 quanto

868 4773 1041 4841 magis
1103 4773 1238 4840 ipse,
1276 4772 1369 4836 qui
1425 4781 1507 4824 est
1576 4783 1635 4824 ut
1695 4774 1830 4837 vult,
1874 4782 1928 4827 et
1972 4773 2118 4841 quod
2162 4774 2292 4836 vult,
2332 4790 2427 4841 per

868 4862 1296 4916 inenarrabilem
1332 4862 1677 4914 clementiam
1722 4870 1777 4914 et
1826 4862 2427 4929 incomprehensibilcm

866 4953 1163 5006 bonitatem
1191 4967 1248 5005 se
1278 4954 1391 5019 ipse
1420 4951 2112 5003 transmutatetimminuit
2153 4966 2317 5019 seque
2345 4967 2429 5004 as-

868 5044 1093 5106 similat,
1148 5052 1449 5111 assumpto,
1514 5042 1691 5110 quoad
1759 5058 1926 5109 capax
1989 5042 2125 5105 fuit,
2175 5058 2427 5110 corpore,

869 5135 1094 5195 sanctis,
1117 5134 1295 5203 dignis
1321 5149 1382 5187 ac
1413 5133 1667 5186 ﬁdelibus
1689 5134 2003 5197 animabus;
2037 5141 2095 5185 ut
2119 5134 2426 5201 conspicia-

871 5232 959 5276 tur
989 5223 1055 5275 ab
1084 5224 1150 5275 iis
1180 5224 1225 5275 is
1255 5222 1346 5291 qui
1371 5223 1470 5275 sub
1496 5230 1775 5289 aspectum
1802 5238 1908 5275 non
1931 5222 2095 5286 cadit,
2125 5232 2182 5276 et
2209 5233 2428 5276 centre-

870 5323 1054 5369 thtur
1084 5314 1390 5367 secundum
1429 5322 1681 5366 naturam
1714 5313 1994 5366 tenuitatis
2018 5314 2231 5379 animae,
2263 5314 2307 5365 is
2334 5315 2428 5382 qui

868 5416 1074 5461 tactum
1126 5422 1342 5460 omnem
1376 5406 1569 5475 cﬁugit
1603 5423 1616 5457 :
1654 5417 1708 5459 et
1732 5405 1811 5457 sic
1853 5405 2144 5473 degustent
2185 5403 2288 5472 ipsi
2312 5405 2429 5473 ejus

868 5500 1217 5563 suavitatem,
1254 5508 1309 5551 et
1358 5498 1696 5567 benignitate
1747 5496 1972 5549 luminis
2010 5494 2301 5549 ineﬂabilis
2335 5510 2431 5547 vo-

868 5590 1092 5660 luptatis
1124 5590 1242 5660 ipso
1277 5590 1649 5658 experimento
1679 5587 1951 5641 fruantur.
1987 5584 2431 5653 Quandocunque

946 5769 985 5797 "
1017 5768 1172 5821 Rom.
1235 5782 1303 5829 tv,
1334 5764 1418 5817 l7.

2534 4579 2813 4647 παχύτερα
2867 4580 2961 4630 καὶ
3008 4578 3309 4648 λεπτότερα
3360 4581 3455 4631 καὶ
3501 4579 3829 4650 ἁπαλώτερα
3874 4582 4105 4652 σώματα

2532 4668 2867 4719 ὲνυπόστατα
2896 4667 2973 4736 τῷ
3000 4667 3263 4735 θελήματι
3291 4667 3486 4732 αὐτοῦς
3527 4670 3677 4738 πόσῳ
3710 4670 3910 4738 μᾶλλον
3943 4675 4104 4737 αὐτὸς

2533 4758 2607 4811 ὣν
2640 4758 2712 4819 ὡς
2743 4759 2906 4821 θέλει,
2938 4759 3033 4811 καὶ
3060 4759 3087 4809 ὂ
3119 4758 3280 4820 θέλει,
3314 4758 3400 4809 διὰ
3429 4760 3772 4827 χρηστότητα
3799 4760 4100 4830 ἄφραστον,

2532 4851 2626 4901 καὶ
2655 4852 2965 4918 ἀγαθότητα
2984 4851 3297 4919 ἀνεννόητον
3330 4850 3651 4918 μεταὸάλλει
3672 4853 3765 4903 καὶ
3786 4855 4099 4923 σμικρύνει,

2532 4944 2625 4995 καὶ
2674 4944 2908 5010 ἐξομοιοῖ
2954 4942 3144 4995 ἑαυτὸν
3170 4982 3184 5005 ,
3242 4944 3635 5010 σωματοποιῶν
3669 4946 3806 4995 κατά
3836 4945 4099 5015 χώρησιν,

2532 5038 2649 5096 ταῖς
2698 5034 2880 5100 ἁγίαις
2934 5035 3027 5085 καὶ
3065 5033 3241 5097 ἀξίαις
3291 5036 3505 5095 πισταῖς
3548 5033 3775 5101 ψυχαῖς·
3816 5036 3902 5087 ἵνα
3930 5038 4102 5107 ὁραθῇ

2528 5128 2719 5189 αὐταῖς
2768 5129 2795 5179 6
2839 5128 3068 5197 ἀόρατος
3096 5170 3110 5191 ,
3165 5127 3257 5178 καὶ
3304 5125 3599 5195 ψηλαφηθῇ
3639 5127 3780 5178 κατά
3812 5128 3909 5197 τὴν
3941 5130 4104 5195 φύσιν

2530 5222 2627 5287 τῆς
2660 5220 2983 5288 λεπτότητος
3024 5220 3123 5287 τῆς
3153 5218 3329 5286 ψυχῆς
3379 5220 3405 5270 6
3436 5217 3787 5287 ἀψηλάφητος
3814 5237 3827 5249 ·
3878 5223 3972 5272 καὶ
4016 5221 4102 5273 αῖ-

2533 5312 2764 5363 σθωνται
2796 5309 2959 5363 αὐτοῦ
2987 5309 3082 5377 τῆς
3112 5308 3465 5377 γλυκύτητος,
3494 5310 3588 5360 καὶ
3608 5308 3708 5376 τῆς
3734 5313 4102 5380 χρηστότητος

2528 5404 2622 5456 τοῦ
2667 5404 2843 5472 φωτὸς
2896 5403 2995 5471 τῆς
3046 5403 3285 5472 ἀρρήτου
3334 5400 3689 5462 ἀπολαύσεως
3745 5404 3882 5472 αὐτῇ
3934 5404 4103 5473 πείρᾳ

2528 5495 2929 5548 ἀπολαύσωσιν.
2966 5495 3093 5545 Ὅτε
3128 5494 3373 5563 βούλεται
3407 5493 3517 5563 πῦρ
3547 5494 3780 5561 γίνεται,
3816 5496 3926 5548 πᾶν
3959 5497 4103 5564 φαῦ-

2531 5588 2619 5640 λον
2654 5588 2747 5639 καὶ
2776 5586 3097 5639 ἐπείσακτον
3125 5586 3294 5650 πάθος
3325 5587 3421 5656 τῆς
3450 5586 3626 5656 ψυχῆς
3656 5590 3976 5641 κατακαῖονο
4012 5591 4104 5641 καὶ
