4266 6356
235 387 340 451 L81

1455 375 1823 439 HOMILI/E.
1859 400 1922 411 -
1954 375 2141 437 ΙῙΟΜ,
2184 377 2279 438 IV.

3373 375 3482 440 482

237 495 349 564 γάρ
382 495 416 548 ὀ
444 490 586 556 Θεὸς
616 484 787 558 ἡμῶν
816 487 937 556 πῦρ
965 486 1446 550 καταναλίσκον,
1482 485 1668 555 φησιν.
1687 483 1815 537 ’Ὅτε
1845 488 1891 543 Α
1920 498 1922 505 ί

1803 500 1815 534 ε
1845 488 1891 543 Α
1920 482 2039 536 vult
2073 482 2133 535 ﬁt
2166 482 2326 551 ignis,
2360 494 2578 537 onmem
2634 478 2936 549 improbam
2976 486 3031 533 et
3077 478 3219 532 ultro
3249 482 3488 536 accersi-

241 583 514 653 βούλεται,
541 580 847 640 ἀνάπαυσις
872 578 1109 648 άρῤητος
1132 576 1227 629 καὶ
1248 575 1545 645 ἄφραστος,
1576 573 1663 627 ἵνα
1682 573 1812 624 ἀνα-

236 677 354 744 παῇ
378 670 684 726 ἀναπαύσει
716 669 965 738 θεότητος
993 670 1024 738 ὴ
1052 666 1229 737 ψυχή’
1261 667 1349 719 ὅτε
1373 664 1642 735 βούλεται,
1666 661 1812 733 χαρά

234 770 332 819 καὶ
361 765 573 835 εἰρήνη,
609 762 830 816 θάλπων
864 761 959 814 καὶ
985 759 1265 830 περιέπων
1289 759 1481 823 αὑτήν.

309 1024 413 1082 IB'.
454 1026 517 1079 Εί
549 1024 606 1078 δὲ
639 1023 735 1077 καὶ
781 1022 859 1085 είς
889 1022 947 1074 ἒν
975 1021 1087 1073 τῶν
1129 1019 1445 1090 κτισμάτων
1478 1018 1672 1073 ἐαυτὸν
1709 1022 1813 1087 ἀφ-

239 1116 511 1190 ομοιῶσαι
558 1112 843 1183 βούλεται,
880 1109 949 1161 δι’
974 1108 1292 1176 ἁγαλλίασιν
1339 1106 1433 1159 καὶ⁵
1475 1104 1814 1176 εὐφροσύνην

234 1210 351 1263 τῶν
383 1206 587 1277 νοερῶν
618 1203 934 1273 κτισμάτων
960 1241 975 1267 ,
1014 1195 1126 1254 οἷον
1155 1200 1189 1270 ἢ
1219 1199 1372 1263 πόλις
1399 1199 1575 1269 φωτὸς
1616 1199 1815 1267 Ἰερου-

238 1299 455 1369 σαλὴμ,
511 1298 544 1365 ἢ
586 1296 711 1366 ὅρος
749 1291 886 1346 Σιὼν
927 1290 1269 1362 ἐπουράνιον,
1306 1288 1524 1342 δύναται
1566 1287 1641 1351 ὡς
1673 1287 1817 1339 θέλει

236 1390 424 1444 πάντα
469 1386 650 1449 καθὼς
684 1383 899 1454 εἴρηται
925 1398 940 1414 ο
993 1379 1191 1450 ’Υμεῒς
1217 1378 1287 1433 δὲ
1319 1379 1816 1448 προσεληλύθατε

237 1481 399 1536 Σιὼν
434 1479 555 1547 ὄρει
578 1515 594 1543 ,
630 1476 730 1531 καί
763 1476 937 1529 πόλει
969 1472 1117 1527 Θεοῦ
1146 1471 1378 1537 ζῶντος,
1422 1471 1818 1539 Ἰερουσαλὴμ

236 1569 594 1639 ἐπουρανίῳ.
622 1566 808 1619 Πάντα
830 1564 1028 1617 εὔκολα
1045 1564 1193 1632 αὑτῷ
1221 1564 1315 1615 καὶ
1337 1561 1555 1631 εὐχερῆ,
1575 1562 1653 1623 είς
1674 1559 1709 1613 ἀ
1730 1558 1818 1612 θέ-

236 1663 321 1714 λει
357 1656 868 1730 μεταμορφουμένῳ
911 1656 1030 1717 ταῖς
1068 1653 1247 1719 ἀξίαις
1282 1650 1447 1705 αὑτοῦ
1480 1652 1575 1703 καὶ
1599 1651 1818 1711 πισταῖς

233 1752 437 1820 ψυχαῖς
458 1765 473 1780 ο
515 1747 675 1817 μόνον
708 1762 790 1809 τις
824 1744 1179 1811 ἀγωνιζέσθω
1212 1741 1364 1812 φίλος
1399 1739 1495 1794 καὶ
1524 1740 1818 1810 εὐάρεστος

235 1840 390 1907 αὐτῷ
416 1837 696 1903 γίνεσθαι,
730 1838 825 1888 καὶ
854 1836 991 1903 αὐτῇ
1024 1834 1191 1903 πείρα
1222 1834 1318 1886 καὶ
1345 1832 1591 1902 αἰσθήσει
1622 1830 1813 1899 bii/erat

236 1929 422 1997 ἀγαθὰ
469 1927 813 1997 ἐπουράνια,
875 1926 967 1978 καὶ
1018 1923 1231 1995 τρυφὴν
1278 1923 1681 1993 ἀνὲκφραστον,
1718 1924 1813 1977 καὶ

239 2021 471 2074 πλοῦτον
509 2018 735 2088 ἄπειρον
780 2017 1033 2087 θεότητος
1061 2015 1296 2086 άληθῶς,
1337 2014 1374 2068 ἃ.
1405 2013 1680 2083 ὀφθαλμὸς
1712 2013 1815 2067 οὐκ

243 2113 321 2165 ίδε
342 2151 359 2177 ,
396 2112 490 2165 καὶ
522 2106 614 2174 οὖς
647 2110 746 2162 οὐκ
769 2110 966 2179 ἢκουσε
984 2149 999 2173 ,
1033 2108 1127 2161 καὶ
1153 2107 1247 2158 ἐπὶ
1276 2105 1502 2175 καρδίαν
1526 2104 1813 2175 ἀνθρώπου

235 2204 339 2257 οὐκ
382 2201 586 2271 ἀνέϐη,
638 2200 698 2253 τὸ
748 2200 971 2268 Πνεῦμα
1014 2196 1107 2251 τοῦ
1144 2198 1352 2269 Κυρίου
1388 2196 1707 2267 γιγνόμενον
1734 2198 1815 2259 είς

239 2294 548 2347 ἀνάπαυσιν
595 2290 706 2344 τῶν
749 2290 916 2356 ἀξίων
960 2288 1185 2359 ψυχῶν,
1225 2286 1320 2341 καὶ
1354 2288 1686 2357 άγαλλίασιν,
1721 2286 1815 2340 καὶ

237 2384 478 2456 τρυφὴν,
515 2383 609 2436 καὶ
642 2382 787 2452 ζωὴν
817 2381 1055 2435 αἰώνιον.
1094 2381 1464 2451 Σωματοποιεῖ
1488 2379 1596 2450 γὰρ
1626 2378 1816 2432 ἑαυτὸν

240 2477 339 2531 καὶ
369 2477 449 2539 είς
474 2474 677 2545 βρῶσιν
703 2475 795 2527 καὶ
816 2474 972 2528 πόσιν
1002 2476 1029 2527 ὁ
1052 2473 1277 2544 Κύριος,
1302 2472 1482 2535 καθὼς
1506 2472 1815 2542 γέγραπται

240 2571 301 2623 ἐν
323 2567 402 2637 τῷ
425 2566 762 2635 Εὐαγγελίῳ·
799 2564 863 2619 '0
890 2563 1128 2635 τρώγων
1148 2564 1255 2617 τὸν
1277 2563 1457 2631 ἄρτον
1476 2561 1711 2627 τοῦτον,
1725 2559 1818 2627 (1i-

239 2675 416 2714 σεται
468 2661 556 2722 εὶς
602 2658 712 2711 τὸν
746 2657 950 2721 αἰῶνα,
986 2657 1071 2709 ἵνα
1099 2655 1393 2728 ἀναπαύσῃ
1416 2653 1816 2724 ἀνεκλαλήτως,

241 2752 339 2805 καὶ
389 2748 645 2820 ἐμπλήσῃ
692 2749 1034 2820 εὐφροσύνης
1078 2746 1456 2817 πνευματικῆς
1483 2745 1581 2817 τὴν
1608 2744 1814 2815 ψυχήν·

241 2842 340 2892 καὶ
364 2840 473 2909 γάρ
500 2854 683 2908 φησιν⁸
704 2839 848 2906 Ἐγώ
871 2840 986 2906 ειμι
1018 2840 1050 2891 ό
1072 2836 1247 2906 ἄρτος
1272 2835 1382 2905 τῆς
1405 2836 1572 2905 ζωῆς.
1589 2834 1818 2906 Ὁμοίως

240 2930 342 2985 καὶ
389 2932 470 2993 είς
520 2930 677 2982 πόσιν
721 2929 962 2999 νάματος
1005 2928 1358 2999 ἐπουρανίου,
1395 2925 1577 2988 καθώς
1612 2941 1773 2995 φησιν
1800 2964 1815 2988 ,

249 3020 312 3074 '0
336 3022 528 3074 πίνων
553 3021 622 3075 ἐκ
646 3019 753 3075 τοῦ
775 3019 992 3086 ὕδατος
1022 3015 1094 3076 οὗ
1118 3019 1233 3089 ἐγὼ
1254 3018 1425 3073 δώσω
1449 3016 1629 3083 αὐτῷ,
1650 3017 1820 3088 γενή-

1918 583 2031 627 tam
2083 572 2434 627 aﬂ‘ectionem
2477 571 2737 626 adurens.
2782 570 2922 625 Deus
2957 570 3095 623 enim
3143 579 3319 623 noster
3348 572 3485 639 ignis

1913 678 2219 717 consumam
2242 663 2393 729 est",
2426 661 2633 731 inquit;
2666 661 2885 729 quando
2911 660 3028 714 vult
3076 660 3133 714 ﬁt
3192 660 3485 716 ineﬂ‘abilis

1912 763 1969 807 et
1996 770 2192 808 arcana
2218 754 2457 824 requies,
2509 761 2570 807 ut
2611 754 2920 822 requiescat
2969 752 3151 807 anima
3197 753 3251 807 in
3296 751 3485 820 requie

1915 842 2099 896 divina
2138 860 2149 894 :
2186 843 2406 910 quando
2431 842 2570 906 vult,
2599 840 2660 895 tit
2688 841 2947 911 gaudium
2973 850 3030 896 et
3059 856 3185 912 pax,
3209 841 3401 897 fovens
3427 848 3485 896 et

1915 938 2208 1001 protegens
2233 932 2494 986 animam.

1982 1023 2098 1078 XII.
2142 1022 2198 1078 Si
2234 1039 2363 1078 vero
2394 1025 2539 1079 Deus
2565 1023 2721 1090 velit,
2750 1023 2847 1078 uni
2887 1032 3196 1079 creaturam
3249 1023 3486 1081 similem

1916 1132 1975 1173 se
2006 1118 2262 1184 reddere,
2301 1128 2527 1189 propter
2579 1119 3002 1173 exsultationem
3040 1130 3096 1175 et
3122 1120 3368 1176 laititiam
3399 1122 3487 1177 in-

1916 1211 2285 1282 telliginilium
2307 1222 2709 1275 creaturarum,
2733 1211 2883 1267 velut
2908 1220 2986 1266 est
3016 1222 3111 1265 aut
3133 1212 3325 1268 civitas
3346 1214 3493 1270 lucis

1915 1300 2237 1367 Jerusalem,
2295 1312 2391 1356 aut
2465 1316 2625 1358 mons
2686 1301 2817 1355 Sion
2865 1300 3123 1365 caelestis,
3163 1312 3343 1371 potest
3386 1319 3490 1372 pro

1916 1391 2199 1446 voluntate
2231 1392 2437 1455 omnia,
2470 1391 2932 1461 quemadmodum
2965 1392 3173 1447 dictum
3207 1402 3293 1448 est
3330 1410 3344 1446 :
3388 1394 3488 1449 Vos

1919 1489 2097 1535 autem
2136 1482 2421 1534 accessistis
2465 1483 2534 1533 ad
2580 1479 2705 1534 Sion
2728 1492 2975 1545 montem,
3001 1490 3051 1533 et
3094 1483 3360 1535 civitatem
3394 1484 3489 1537 Dei

1922 1571 2164 1633 viventis,
2187 1569 2485 1624 Jerusalem
2500 1569 2755 1623 caelestem
2774 1570 2839 1635 ³³;
2858 1570 3041 1625 omnia
3064 1570 3117 1625 ei
3150 1581 3278 1625 sunt
3304 1571 3489 1627 {acilia

1920 1668 1979 1714 et
2014 1659 2301 1729 proclivia,
2328 1661 2524 1729 quise,
2565 1662 2620 1713 in
2652 1675 2812 1729 quam
2843 1648 2959 1715 vult
3006 1661 3263 1730 speciem,
3302 1670 3490 1717 trans-

1920 1757 2116 1813 mutat,
2149 1749 2203 1803 in
2235 1750 2462 1817 gratiam
2520 1765 2587 1804 eo
2638 1750 2924 1819 dignarum
2968 1760 3025 1805 et
3077 1750 3320 1805 ﬁdelium
3372 1754 3493 1807 ani-

1923 1855 2136 1895 marum
2166 1858 2178 1893 :
2216 1841 2381 1895 modo
2413 1842 2538 1910 quis
2567 1841 2814 1895 intendat
2850 1841 2901 1895 ei
2935 1852 3122 1911 gratus
3153 1854 3209 1897 et
3234 1852 3493 1912 acceptus

1919 1926 2039 1981 ﬁeri
2070 1942 2083 1978 :
2112 1936 2168 1983 et
2209 1928 2433 1997 quidem
2463 1930 2583 1997 ipso
2616 1928 2761 1983 facto
2794 1937 2849 1983 et
2896 1944 3062 1983 sensu
3096 1929 3308 1984 videbit
3347 1929 3494 1985 bona

1919 2017 2187 2079 caelestia,
2238 2027 2294 2073 et
2334 2017 2562 2073 delicias
2618 2016 2946 2083 ineffabiles,
2980 2027 3146 2088 atque
3197 2018 3495 2074 immensas

1918 2124 2051 2164 vere
2082 2109 2303 2164 divitias
2335 2109 2641 2164 divinitatis
2659 2111 2725 2174 “,
2753 2125 2873 2179 qua:
2912 2120 3062 2165 certe
3087 2109 3271 2164 omnia
3298 2112 3495 2165 oculus

1919 2214 2031 2254 non
2053 2199 2214 2264 vidit,
2268 2216 2373 2255 nec
2418 2201 2570 2256 auris
2615 2202 2845 2267 audivit,
2897 2217 2999 2256 nec
3024 2217 3146 2270 qua:
3172 2203 3228 2257 in
3263 2217 3359 2257 cor
3392 2202 3496 2257 bo-

1918 2291 2083 2346 minis
2104 2291 2493 2347 ascenderunt.
2542 2292 2737 2362 Fitque
2790 2292 3029 2363 Spiritus
3053 2294 3267 2348 Domini
3312 2293 3380 2349 ad
3406 2310 3495 2351 re-

1920 2384 2103 2454 quiem
2129 2385 2436 2439 animarum
2482 2385 2794 2456 dignarum,
2839 2396 2895 2442 et
2937 2387 3384 2451 exsultationem,
3435 2397 3494 2443 et

1922 2472 2171 2537 delicias,
2200 2482 2258 2528 et
2287 2474 2453 2528 vitam
2495 2482 2780 2529 aeternam.
2826 2474 3077 2545 Seipsum
3106 2477 3254 2531 enim
3310 2486 3489 2532 trans-

1918 2563 2119 2619 format
2147 2564 2411 2619 Dominus
2437 2564 2492 2619 in
2516 2564 2702 2620 cibum
2727 2574 2782 2620 et
2811 2574 3021 2635 potum,
3058 2568 3200 2622 sicut
3224 2569 3492 2639 scriptum

1918 2662 2003 2710 est
2038 2655 2094 2709 iu
2120 2655 2457 2726 Evangelio:
2490 2654 2594 2721 Qui
2624 2658 2908 2711 manduca!
2948 2675 3136 2728 panem
3169 2661 3325 2725 hunc,
3358 2662 3493 2714 vivet

1918 2747 1975 2800 in
2005 2748 2355 2814 aeternum";
2390 2758 2451 2802 ut
2501 2758 2716 2804 recreet
2777 2749 2943 2805 modo
2980 2750 3265 2817 ineﬂ'abili,
3299 2761 3355 2808 et
3393 2752 3490 2805 lie-

1923 2840 2042 2894 titia
2076 2840 2349 2910 Spirituali
2381 2842 2592 2913 repleat
2629 2844 2890 2898 animam.
2935 2845 3119 2914 lnquit
3156 2847 3301 2900 enim
3335 2863 3349 2899 :
3381 2846 3492 2917 Ego

1916 2947 2034 2985 sum
2061 2933 2214 2997 panis
2239 2934 2358 2987 vitae
2381 2933 2445 2987 ³⁸.
2470 2933 2734 2989 Similiter
2759 2935 3105 2990 transformat
3125 2952 3183 2991 se
3216 2938 3269 2991 in
3299 2946 3493 3007 potum

1920 3023 2157 3078 omlestis
2179 3024 2549 3095 scaturiginis,
2575 3026 2719 3080 sicut
2784 3027 2861 3080 ait
2892 3043 2905 3079 :
2942 3025 3184 3097 Quisquis
3210 3029 3386 3083 biberit
3428 3045 3496 3084 ea:

241 3128 418 3168 σεται
458 3113 527 3165 ἐν
558 3109 721 3175 αὐτῷ
753 3109 916 3180 πηγὴ
945 3110 1165 3176 ὕδατος
1190 3108 1529 3177 ἁλλομένου
1557 3110 1643 3173 εις
1666 3105 1819 3176 ζωὴν
1843 3136 1887 3192 c
1909 3139 1926 3164 ιι

1809 3126 2084 3192 ὀπίμια,
2121 3130 2281 3183 quam
2326 3131 2419 3184 ego
2471 3116 2517 3169 ei
2559 3116 2719 3180 dabo,
2768 3115 2860 3184 ﬁet
2888 3118 2943 3170 in
2972 3133 3031 3171 eo
3057 3119 3172 3187 fons
3208 3134 3361 3189 aqua:
3403 3135 3494 3173 sa-

240 3204 522 3259 αἰώνιον·
572 3205 669 3257 καὶ
712 3202 955 3269 πάντες,
986 3200 1143 3273 φησὶ,
1174 3201 1240 3255 τὸ
1265 3200 1409 3255 αὐτὸ
1434 3200 1596 3271 πόμα
1621 3201 1819 3254 ἐποτί-

240 3296 497 3361 σθημεν.

320 3382 423 3438 ll“.
465 3382 650 3446 Οὕτως
683 3382 896 3451 ἑκάστῳ
923 3381 1031 3434 τῶν
1057 3381 1226 3449 ἁγίων
1252 3380 1509 3451 Πατάρων
1536 3378 1714 3449 ὤφθη,
1744 3379 1821 3441 ὡς

242 3475 502 3545 ἠθέλησε,
540 3474 633 3527 καὶ
662 3473 737 3536 ὼς
765 3472 1081 3542 συνέφερενο
1118 3471 1293 3532 ἄλλως
1321 3469 1398 3539 τῷ
1431 3469 1703 3543 Ἀϐραάμ,
1727 3468 1821 3523 άλ-

242 3566 355 3629 λως
401 3565 479 3634 τῷ
514 3564 698 3617 Ίσαάκ
718 3603 732 3627 ,
789 3562 963 3625 άλλως
1008 3562 1085 3631 τῷ
1112 3560 1328 3627 Ἰακὼϐ,
1362 3560 1535 3623 άλλως
1566 3560 1644 3630 τῷ
1676 3559 1820 3625 Νῶε,

242 3657 325 3728 τῷ
350 3656 569 3727 Δανιὴλ,
601 3654 677 3725 τῷ
704 3654 889 3719 Δαϐὶδ,
921 3653 1000 3724 τῷ
1023 3652 1349 3722 Σολομῶντι,
1376 3652 1453 3720 τῷ
1487 3652 1698 3721 Ἡσαΐᾳ,
1727 3650 1824 3703 καὶ⁵

244 3750 463 3816 ἑκάστῳ
482 3747 771 3814 τῶνξάγίων
798 3742 1331 3814 προφητῶν.”Αλλως
1355 3742 1433 3812 τῷ
1448 3742 1625 3811 Ἠλίᾳ,
1648 3742 1822 3803 άλλως

242 3841 327 3911 τῷ
354 3841 561 3908 Μωῡσῇ
580 3855 595 3871 ·
646 3839 742 3891 καὶ
772 3834 884 3903 ἐγὼ
910 3832 1134 3904 νομίζω,
1171 3834 1252 3886 ὅτι
1282 3833 1520 3902 Μωῦσῆς
1546 3832 1684 3885 κατά
1712 3833 1821 3884 πᾶ-

246 3949 348 3986 σαν
376 3932 527 4001 ὥραν
562 3933 619 3982 ἐν
642 3929 721 3998 τῷ
747 3929 862 3998 ὄρει
883 3967 899 3993 ,
937 3929 994 3979 ἐν
1022 3928 1089 3996 τῇ
1118 3926 1226 3978 τῶν
1249 3925 1655 3994 τεσσαράκοντα
1680 3925 1821 3993 ἡμεο

248 4023 360 4094 ρῶν
394 4020 617 4091 νηστείᾳ
663 4021 742 4080 είς
772 4016 989 4085 ἐκείνην
1019 4016 1117 4085 τὴν
1146 4016 1523 4082 πνευματικὴν
1547 4011 1823 4083 τράπεζαν

245 4115 630 4186 εἰσερχόμενος
681 4108 950 4180 ἐνετρύφα
999 4109 1095 4160 καὶ
1137 4107 1426 4160 ἀπέλαυεν.
1456 4106 1704 4175 Ἐκάστῳ
1732 4104 1824 4158 οὖν

247 4208 360 4260 τῶν
392 4207 562 4273 ἁγίων
592 4204 666 4265 ὠς
696 4202 962 4271 ⁴ἠθέλησεν
990 4198 1169 4268 ὤφθη,
1200 4200 1281 4261 είς
1306 4198 1367 4250 τὸ
1391 4197 1702 4251 ἀναπαῦσαι
1730 4197 1823 4249 καὶ

249 4299 453 4363 σῶσαι,
492 4296 585 4348 καὶ
618 4296 696 4356 είς
726 4293 1022 4360 ἐπίγνωσιν
1050 4290 1184 4343 Θεοῦ
1216 4290 1465 4357 ἀγαγεῖν.
1502 4288 1686 4341 Πάντα
1715 4282 1823 4358 γὰρ

246 4386 399 4457 αὐτῷ
428 4384 626 4454 εὐχερῆ
662 4385 809 4434 ἐστιν
839 4382 874 4433 ἃ
901 4379 1180 4449 βούλεται,
1219 4380 1309 4430 καὶ
1340 4377 1415 4439 ὡς
1443 4377 1585 4429 θέλει
1623 4376 1823 4445 μικρύ-

1922 3204 2092 3257 lientis
2123 3206 2179 3258 in
2226 3206 2389 3258 vitam
2412 3214 2666 3260 aeternam
2699 3207 2765 3261 ⁸“¹.
2798 3208 2867 3262 Ει
2894 3224 3093 3273 omnes,
3124 3208 3223 3275 ait,
3256 3210 3496 3264 eumdem

1921 3301 2101 3364 potum
2134 3292 2353 3347 bibimus
2367 3295 2430 3346 ³⁸.

1987 3383 2129 3437 XIII.
2150 3383 2240 3439 Sic
2266 3384 2501 3456 singulis
2527 3385 2731 3439 sanctis
2750 3386 3000 3441 Patribus
3031 3389 3306 3458 apparuit,
3330 3397 3498 3459 prout

1921 3474 2142 3529 volebat
2175 3484 2232 3530 et
2260 3476 2315 3529 in
2344 3491 2459 3531 rem
2497 3477 2807 3543 videbatur,
2857 3479 3019 3532 aliter
3047 3480 3301 3546 Abrahm,
3332 3481 3498 3537 aliter

1920 3564 2088 3630 Isaae,
2145 3566 2305 3619 aliter
2346 3564 2537 3630 Jacob,
2585 3566 2748 3619 aliter
2823 3566 2963 3631 Noe,
3026 3567 3240 3632 Daniel,
3298 3567 3494 3636 David,

1926 3656 2205 3720 Salomon,
2242 3658 2413 3721 Isaiae,
2442 3666 2497 3711 et
2526 3657 2822 3727 unicuique
2852 3666 3167 3713 sanctorum
3194 3658 3495 3728 propheta-

1929 3763 2071 3801 rum.
2110 3747 2281 3799 Aliter
2309 3748 2461 3811 Eliae,
2497 3758 2553 3801 et
2580 3748 2739 3801 aliter
2777 3748 2969 3818 Moysi.
2996 3749 3063 3801 Et
3086 3758 3237 3803 certe
3269 3750 3495 3819 quidem

1922 3852 2022 3907 ego
2052 3846 2253 3902 statuo,
2271 3837 2476 3903 Mosen,
2496 3853 2563 3891 eo
2575 3847 2818 3907 tempore
2844 3854 2953 3907 quo
2976 3839 3160 3911 eratin
3176 3841 3493 3909 17monte,

1923 3929 1977 3982 in
2019 3929 2228 3998 jejunio
2268 3928 2629 3998 quadraginta
2681 3929 2921 3994 dierum,
2962 3930 3234 3999 spirituali
3291 3946 3494 3986 mensa:

1922 4020 2240 4084 accessisse,
2288 4034 2352 4073 ac
2404 4020 2592 4073 multis
2644 4020 2857 4074 deliciis
2918 4022 3251 4075 oblectatum
3296 4021 3489 4077 fuisse.

1923 4111 2234 4179 Unicuique
2262 4110 2427 4181 igitur
2450 4120 2765 4165 sanctorum
2810 4120 2872 4165 ut
2908 4112 3084 4165 voluit
3124 4113 3396 4181 apparuit,
3430 4120 3495 4167 ut

1923 4204 2258 4257 refoeillaret
2290 4218 2352 4255 ac
2389 4209 2636 4255 servaret
2682 4216 2799 4266 eos,
2828 4210 2884 4255 et
2922 4201 2978 4256 in
3003 4203 3368 4272 cognitionem
3394 4202 3494 4259 Dei

1924 4292 2243 4346 deduceret.
2278 4288 2472 4343 Omnia
2500 4288 2645 4343 enim
2682 4288 2861 4342 facilia
2887 4289 2938 4341 ei
2981 4298 3129 4354 sunt,
3157 4306 3278 4359 quae
3328 4290 3496 4345 modo

1922 4383 2058 4445 vult,
2090 4389 2144 4434 ct
2173 4379 2391 4448 quando
2414 4379 2464 4431 ei
2496 4379 2694 4449 placet,
2725 4381 2967 4447 seipsum
2996 4380 3327 4435 imminuens
3359 4396 3493 4435 cor-

246 4493 355 4531 νων
381 4474 573 4527 ἐαυτὸν
600 4471 986 4538 σωματοποιεῖ,
1012 4467 1106 4520 καὶ
1135 4465 1576 4536 μεταμορφοῦται
1596 4465 1819 4517 όπτανό-
1848 4465 1892 4521 D
1924 4489 1931 4542 1

1806 4494 1819 4505 -
1848 4465 1892 4521 D
1924 4486 2155 4542 poreum
2211 4470 2485 4525 redditae
2543 4469 2918 4532 transformat,
2946 4480 3002 4526 et
3046 4471 3378 4540 conspicuus
3429 4471 3491 4525 ﬁt

251 4583 413 4637 μενος
437 4565 549 4623 τοῖς
574 4561 862 4630 ἀγαπῶσιν
888 4558 1069 4619 αὑτὸν,
1094 4559 1151 4609 ἐν
1174 4558 1451 4626 ἀπροσίτῳ
1471 4556 1593 4626 δόξῃ
1618 4556 1811 4626 φωτὸς,

248 4657 391 4711 κατά
439 4653 639 4722 πολλὴν
689 4652 785 4704 καὶ
830 4650 1105 4719 ἄφραστον
1151 4649 1373 4717 ἀγάπην
1420 4647 1816 4717 φανερούμενος

246 4750 363 4811 τοῖς
413 4745 582 4809 ἀξίοις
638 4742 779 4796 κατά
832 4740 930 4811 τὴν
976 4739 1139 4791 αὑτοῦ
1190 4738 1439 4807 δύναμιν.
1502 4738 1662 4808 Ψυχὴ
1708 4739 1816 4809 γὰρ

247 4843 283 4914 ἡ
320 4836 719 4903 καταξιωθεῖσα
759 4837 815 4885 ἐν
849 4832 1015 4901 πολλῇ
1049 4830 1337 4900 ἐπιθυμίᾳ,
1371 4830 1465 4882 καὶ
1494 4830 1811 4899 προσδοκίᾳ,

244 4934 342 4987 καὶ
387 4931 600 4991 πίστει,
657 4927 751 4979 καὶ
802 4924 990 4993 ἀγάπῃ
1039 4920 1293 4984 δέξασθαι
1344 4920 1557 4989 ἐκείνην
1607 4920 1705 4989 τὴν
1760 4920 1816 4984 ἐξ

246 5023 420 5091 ὕψους
447 5020 697 5088 δύναμιν,
731 5016 831 5086 τὴν
860 5013 1183 5083 ἐπουράνιον
1213 5010 1305 5063 τοῦ
1338 5010 1650 5079 Πνεύματος
1681 5012 1816 5078 ἁγά-

243 5131 390 5183 πην,
444 5111 538 5164 καὶ
590 5108 651 5161 τὸ
696 5105 1015 5175 ἐπουράνιον
1063 5102 1175 5173 πῦρ
1223 5101 1323 5171 τῆς
1366 5101 1631 5153 ἀθανάτου
1672 5100 1816 5169 ζωῆς

242 5204 485 5260 λαϐοῦσα
509 5243 522 5267 ,
555 5201 732 5269 πάσης
772 5198 990 5265 ἀγάπης
1022 5192 1290 5264 κοσμικῆς
1324 5192 1381 5255 ἐξ
1412 5192 1667 5261 ἀληθείας
1697 5192 1809 5245 λύε·

242 5315 360 5361 ται,
399 5296 493 5348 καὶ
523 5293 721 5355 παντὸς
747 5288 947 5359 δεσμοῦ
975 5287 1175 5348 κακίας
1204 5283 1603 5354 ἐλευθεροῦται.

316 5390 417 5440 IA’.
474 5386 681 5453 Ὠσπερ
724 5384 831 5451 γάρ
872 5380 1120 5448 σίδηρος,
1164 5377 1197 5446 ἢ
1235 5376 1502 5446 μόλιϐδος,
1537 5376 1567 5444 ἢ
1599 5378 1814 5445 χρυσὶς,

241 5483 276 5549 ἦ
310 5480 550 5549 ἄργυρος
600 5478 691 5528 ἐπὶ
722 5475 832 5543 πῦρ
864 5470 1079 5542 βληθεὶς
1121 5468 1342 5530 λύεται,
1392 5470 1455 5521 ὲκ
1482 5469 1580 5537 τῆς
1606 5469 1818 5537 φύσεως

238 5574 341 5641 τῆς
391 5570 630 5639 σκληρᾶς
682 5568 762 5628 είς
809 5562 1123 5629 ἁπαλότητα
1174 5558 1674 5629 μεταϐαλλόμενος,
1725 5561 1818 5614 καὶ

319 5695 361 5723 ³³
394 5691 555 5743 Deut.
583 5702 653 5743 ιν,
694 5685 795 5746 ίὶιί;
827 5680 991 5734 lIebr.
1018 5696 1113 5740 xu.
1150 5678 1241 5732 ‘29.

244 5765 287 5795 ε⁷
324 5762 481 5816 .Iouu.
516 5774 587 5819 ιν,
620 5757 699 5808 Η.
764 5753 805 5783 ³⁸
836 5752 853 5804 l
881 5750 1008 5804 Cor.
1042 5765 1093 5809 Χ,
1130 5751 1178 5800 4-

578 5847 846 5905 ΡΑτιιοι..
893 5845 1007 5903 Gn.
1054 5840 1318 5901 XXXIV.

1348 5678 1388 5709 ³³
1422 5677 1585 5732 llcbr.
1634 5695 1725 5744 xu,
1757 5679 1845 5741 2'2,
1878 5678 1965 5731 ‘23.

1921 4562 2276 4633 diligentibus
2323 4576 2473 4625 eum,
2515 4560 2570 4613 in
2609 4560 2885 4615 inaccessa
2922 4563 3401 4631 gloria‘luminis;
3435 4572 3490 4617 et

1922 4666 2149 4724 apparet
2187 4669 2254 4707 ex
2277 4653 2541 4705 immensa
2570 4659 2625 4705 et
2659 4650 2926 4705 ineffabili
2956 4653 3251 4707 dilectione
3285 4653 3371 4715 iis,
3394 4654 3491 4722 qui

1923 4748 2075 4816 digni
2103 4755 2230 4799 sunt
2252 4743 2551 4797 secundum
2578 4742 2878 4810 potentiam
2906 4758 3080 4797 suam.
3104 4742 3298 4797 Anima
3318 4745 3491 4809 enim,

1922 4851 2045 4904 quae
2077 4836 2240 4904 digna
2274 4834 2379 4887 fuit
2407 4832 2595 4886 habita
2640 4832 2697 4886 in
2737 4848 2952 4887 summo
2985 4834 3284 4899 desiderio,
3314 4844 3369 4889 et
3396 4851 3491 4890 ex-

1923 4926 2283 4995 spectatione,
2316 4932 2371 4978 et
2397 4923 2523 4987 ﬁde,
2550 4932 2608 4978 et
2635 4923 2950 4989 dilectione,
2984 4933 3045 4978 ut
3084 4926 3314 4994 recipiat
3345 4926 3489 4979 illam

1923 5031 1954 5069 e
1998 5014 2223 5069 sublimi
2266 5014 2549 5075 virtutem,
2608 5013 2889 5066 emlestem
2949 5012 3185 5081 Spiritus-
3236 5015 3493 5068 dilectio-

1924 5120 2069 5169 nem,
2095 5114 2151 5159 et
2180 5120 2299 5172 qua:
2322 5105 2595 5157 caelestem
2628 5102 2806 5172 ignem
2834 5113 3054 5158 aeternae
3076 5104 3201 5158 vita:
3224 5104 3327 5157 fuit
3355 5120 3495 5159 con-

1925 5208 2132 5259 secuta,
2165 5196 2309 5250 omni
2342 5195 2633 5249 dilectione
2674 5195 2946 5249 mundana
2992 5196 3313 5261 exsolvitur,
3337 5206 3392 5250 et
3421 5197 3494 5250 ab

1924 5290 2073 5342 omni
2110 5290 2328 5342 vinculo
2359 5286 2578 5341 malitiae
2610 5287 2903 5341 liberatur.

1995 5380 2128 5434 XIV.
2154 5377 2623 5444 Quemadmodum
2652 5379 2798 5432 enim
2827 5378 3033 5431 ferrum
3060 5386 3155 5431 aut
3178 5379 3488 5447 plumbum,

1926 5481 2019 5524 aut
2050 5485 2266 5535 aurum,
2291 5477 2384 5521 aut
2412 5478 2699 5537 argentum
2732 5467 2787 5521 in
2821 5468 3001 5537 ignem
3031 5471 3299 5538 conjecta,
3324 5484 3353 5522 a
3382 5468 3489 5521 du-

1927 5562 2051 5615 ritie
2085 5570 2297 5614 natura:
2333 5574 2444 5613 suae
2477 5560 2787 5624 solvuntur,
2818 5559 2873 5612 in
2909 5560 3194 5613 mollitiem
3230 5568 3436 5614 mutata
3472 5578 3486 5612 :

2073 5683 2112 5711 ⁵*
2148 5680 2164 5732 l
2194 5678 2319 5733 Cor.
2354 5695 2405 5730 ιι.
2450 5679 2496 5730 8.
2604 5679 2642 5709 ³⁵
2690 5678 2842 5731 Joan.
2877 5696 2944 5731 τι.
2990 5678 3075 5731 55.
3156 5680 3197 5709 ’⁸
3232 5678 3362 5730 ibid.
3400 5678 3488 5733 58.

3025 5836 3093 5898 16
