4266 6356
713 331 838 446 ’483

1978 374 2036 432 S.
2078 367 2394 431 MACARII
2429 365 2748 428 AEG'Y‘PTII

3875 362 3987 428 484

733 504 789 548 et
818 498 1023 563 quanto
1042 486 1252 543 diutius
1280 485 1334 540 in
1365 485 1487 555 igne
1514 483 1736 546 fuerim,
1764 490 1914 536 tanto
1937 483 2107 552 magis
2131 481 2304 535 resol-
2337 486 2376 540 Α
2406 481 2418 530 t

2299 513 2304 521 μ
2337 486 2376 540 Α
2406 480 2489 547 ἐφ’
2517 481 2640 532 ὅσον
2669 480 2728 530 ἐν
2751 476 2830 547 τῷ
2859 474 2991 549 πυρὶ
3017 470 3274 545 τύγχάνει
3295 515 3311 539 ,
3345 474 3532 527 λύεται
3566 476 3659 529 καὶ
3691 473 3984 543 ἠλλοίωται

734 586 883 640 νίιυι·
905 591 960 638 et
989 581 1254 636 alteratur
1284 593 1472 632 eorum
1506 575 1772 630 naturalis
1801 574 2057 640 durities,
2082 582 2305 643 propter

735 673 968 728 calidam
1011 669 1153 740 ignis
1188 669 1448 722 virtutem
1495 683 1508 720 :
1549 665 1742 719 eodem
1790 665 1955 718 modo
1995 674 2050 719 et
2093 667 2303 726 anima,

735 779 860 834 quae
906 762 1183 831 abnegans
1230 758 1494 812 mundum
1546 757 1719 810 solius
1767 756 1987 809 Domini
2034 754 2308 809 desiderio

737 863 963 910 tenetur
1001 853 1054 905 in
1098 864 1289 919 magna
1330 849 1504 902 animi
1545 846 2041 916 pervestigatione.
2076 853 2307 899 conten-

739 945 888 998 tione
929 957 992 995 ac
1029 940 1246 1003 labore;
1291 951 1456 1005 atque
1497 936 1873 990 indesinenter
1903 936 1958 988 in
1996 949 2092 1005 spe
2122 943 2178 988 et
2203 933 2309 987 fide

739 1048 866 1088 eum
918 1039 1196 1098 exspectat
1242 1046 1256 1081 :
1308 1044 1536 1096 (IURBQUC
1586 1027 1864 1081 cmlestem
1924 1027 2075 1080 illum
2131 1027 2308 1096 ignem

739 1119 1049 1176 divinitatis
1089 1127 1146 1172 et
1185 1117 1497 1170 dilectionis
1543 1116 1786 1184 Spiritus
1825 1123 2126 1168 consecuta
2170 1122 2252 1166 est
2293 1129 2306 1164 :

741 1225 859 1270 tum
891 1226 1083 1266 revera
1119 1209 1265 1263 omni
1286 1209 1581 1261 dilectione
1602 1205 2130 1270 mundiexsolvitur,
2157 1213 2211 1257 et
2245 1203 2313 1256 ab

743 1304 894 1360 omni
939 1303 1078 1356 mala
1117 1299 1407 1354 affectione
1450 1298 1734 1360 liberatur,
1767 1307 1822 1350 et
1855 1296 2038 1348 omnia
2083 1296 2240 1364 longe
2285 1311 2312 1347 a

744 1411 804 1451 se
846 1394 1068 1464 projicit
1097 1432 1112 1457 ,
1149 1400 1311 1459 atque
1354 1389 1589 1443 naturali
1634 1404 1734 1441 suo
1775 1387 1962 1440 habitu
2007 1401 2070 1438 ac
2112 1386 2315 1440 duritie

745 1485 954 1557 peccati
992 1484 1236 1544 mutatis,
1265 1493 1460 1535 canora
1485 1481 1666 1532 omnia
1705 1477 1976 1546 superflua
2004 1477 2176 1538 ducit,
2203 1478 2318 1529 solo

748 1573 960 1628 cmlesti
1007 1573 1240 1640 Sponso,
1271 1585 1432 1639 quem
1470 1570 1697 1638 recepit,
1733 1568 2083 1636 requiescens
2118 1567 2172 1620 in
2205 1566 2316 1620 fer-

748 1665 900 1718 venti
930 1675 982 1716 ct
1013 1662 1276 1715 ineffabili
1311 1664 1425 1730 ejus
1454 1660 1771 1714 dilectione.

822 1853 934 1907 XV.
984 1851 1115 1904 Dico
1164 1859 1348 1903 autem
1400 1847 1532 1911 tibi,
1577 1847 1722 1915 quod
1775 1848 1876 1900 hos
1928 1846 2039 1899 Deo
2086 1845 2318 1898 dilectos

751 1941 972 2002 fratres,
1006 1953 1145 2007 quos
1175 1945 1300 1990 ante
1324 1935 1514 1989 oculos
1543 1935 1726 1996 habet,
1755 1935 1798 1987 si
1829 1933 2139 1987 subducant
2166 1947 2220 1986 se
2253 1934 2320 1986 ab

755 2033 848 2086 illa
888 2031 1215 2092 dilectione,
1253 2036 1314 2080 ut
1356 2027 1428 2080 ita
1460 2026 1668 2088 dicam,
1706 2025 1941 2095 rejiciat.
1981 2025 2138 2078 Illam
2182 2026 2321 2078 enim

757 2123 951 2175 anima’
977 2123 1082 2174 vita
1113 2131 1185 2172 est
1217 2128 1264 2171 ct
1289 2119 1519 2186 requies,
1552 2118 1767 2186 mystica
1798 2132 1984 2186 nempe
2012 2125 2060 2168 et
2089 2116 2324 2184 ineffabi-

759 2212 823 2266 lis
852 2213 995 2282 regni
1023 2211 1239 2264 caelestis
1265 2209 1620 2278 participatio.
1654 2207 1708 2261 Si
1738 2208 1883 2260 enim
1911 2207 2150 2260 carnalis
2173 2222 2324 2258 corn—

759 2301 1040 2356 munionis
1066 2301 1292 2353 dilectio
1323 2308 1539 2366 separat
1567 2313 1594 2350 a
1623 2305 1796 2366 patre,
1820 2296 2008 2358 fratre,
2035 2295 2323 2356 matribus,

759 2401 817 2447 et.
846 2392 1029 2446 omnia
1071 2398 1335 2442 extranea
1369 2387 1506 2439 fiunt
1537 2386 1752 2449 animo,
1783 2395 1839 2438 et
1873 2385 1914 2437 si
1952 2384 2082 2452 quid
2120 2383 2325 2452 diligit,

761 2483 830 2537 ad
864 2482 1088 2536 modum
1122 2487 1476 2532 externorum
1511 2475 1688 2544 diligit
1724 2493 1736 2527 :
1773 2489 1989 2527 omnem
2023 2488 2157 2526 vero
2193 2474 2328 2526 atl‘e-

764 2575 1002 2629 ctioncm
1042 2585 1171 2639 erga
1218 2569 1507 2638 conjugem
1555 2582 1707 2621 suam
1756 2566 1957 2619 retinet
1995 2583 2008 2617 :
2042 2565 2327 2634 Propterea

765 2667 931 2727 enim,
968 2662 1176 2732 inquit,
1209 2660 1464 2729 relinquet
1497 2661 1649 2711 homo
1685 2665 1890 2726 patrem
1922 2665 1970 2708 et
2004 2665 2256 2718 matrem,
2283 2663 2330 2706 et

767 2755 1048 2812 adhwrebit
1097 2753 1249 2805 uxori
1295 2767 1437 2814 sum,
1485 2759 1532 2801 et
1575 2757 1726 2800 erunt
1775 2749 1825 2800 hi
1871 2749 1974 2798 duo
2017 2747 2070 2798 in
2119 2763 2332 2798 carnem

767 2865 928 2902 unam
950 2850 1012 2899 ³³.
1040 2845 1096 2899 Si
1127 2843 1292 2913 igitur
1313 2841 1540 2895 dilectio
1567 2840 1752 2894 carnis
1776 2839 1856 2892 sic
1885 2839 1952 2892 ab
1979 2838 2126 2890 omni
2150 2853 2333 2890 amore

768 2940 961 3003 solvit,
991 2946 1196 3006 quanto
1230 2935 1400 3003 magis
1435 2934 1503 2996 ii,
1531 2933 1625 2999 qui
1661 2930 1808 3000 digni
1844 2929 2013 2983 habiti
2048 2937 2175 2982 sunt
2207 2943 2336 2982 vera

769 3029 1189 3102 participatione
1223 3025 1463 3094 Spiritus
1495 3024 1643 3075 illius
1671 3020 1839 3074 sancti
1859 3061 1873 3084 ,
1899 3020 2135 3072 caelestis
2164 3034 2227 3072 ac
2253 3019 2336 3071 di-

2350 1815 2396 1872 B

2405 572 2502 640 τῆς
2529 570 2762 638 φυσικῆς
2795 567 3185 638 σκληρότητος,
3216 567 3304 620 διά
3332 566 3432 636 τὴν
3457 565 3552 618 τοῦ
3578 565 3747 634 πυρὸς
3773 563 3988 634 θερμὴν

2405 661 2668 730 δύναμινο
2709 659 2800 712 τὸν
2830 659 2994 712 αὑτὸν
3025 659 3226 729 τρόπον
3257 660 3290 728 ἡ
3318 656 3468 727 ψυχὴ
3499 657 3858 726 ἀρνησαμένη
3893 656 3990 707 τὶν

2407 755 2647 825 κόσμον,
2695 756 2790 808 καὶ
2836 755 2927 808 τὸν
2960 757 3163 826 Κύριον
3195 755 3354 824 μόνον
3385 753 3690 823 ποθήσασα,
3725 755 3782 802 ἐν
3813 748 3988 815 πολλῇ

2407 847 2583 917 ψυχῆς
2613 847 2866 917 ζητήσει,
2919 846 3012 899 καὶ
3055 850 3200 917 πόνῳ
3228 849 3321 899 καὶ
3346 846 3537 914 ἀγῶνι,
3573 847 3666 896 καὶ
3694 844 3792 912 τὴν
3819 852 3986 910 προσ-

2407 938 2592 991 δοκίαν
2622 939 2960 992 ἀδιάλειπτον
2988 938 3184 1006 ἔχουσα
3216 937 3350 1008 πρὸς
3377 936 3540 990 αὑτὸν
3567 934 3739 987 ἐλπίδι
3771 934 3867 985 καὶ
3897 931 3990 981 πί⁶

2414 1047 2549 1082 στειο
2577 1030 2670 1083 καὶ
2691 1031 2961 1101 δεξαμένη
2990 1031 3165 1082 ἐκεῖνο
3191 1030 3250 1082 τὸ
3272 1031 3597 1100 ἐπουράνιον
3619 1027 3728 1096 πῦρ
3751 1027 3851 1096 τῆς
3872 1025 3993 1077 θεό-

2411 1140 2573 1192 τητος
2608 1125 2700 1175 καὶ
2729 1125 2949 1193 ἀγάπης
2978 1125 3071 1175 τοῦ
3099 1122 3415 1192 Πνεύματος
3442 1139 3456 1153 ·
3492 1123 3612 1174 τότε
3643 1119 3701 1184 ἐξ
3726 1119 3994 1189 ἀληθέίας

2414 1215 2594 1281 πάσης
2640 1214 2857 1282 ἀγάπης
2901 1214 3104 1282 κόσμου
3153 1213 3375 1277 λύεται,
3425 1213 3518 1265 καὶ
3564 1213 3744 1278 πάσης
3787 1211 4000 1272 κακίας

2415 1303 2602 1355 παθῶν
2626 1303 3024 1373 ἐλευθεροῦται,
3049 1303 3143 1354 καὶ
3161 1303 3336 1355 πάντα
3360 1304 3516 1364 ἐκτὸς
3540 1305 3774 1355 ποιεῖται
3791 1298 3992 1367 αὐτῆς,

2418 1396 2509 1445 καὶ
2536 1395 2592 1459 ἐξ
2615 1395 2780 1462 αὐτῆς
2803 1395 2900 1462 τῆς
2924 1395 3156 1462 φυσικῆς
3178 1394 3340 1460 ἕξεως
3369 1393 3462 1445 καὶ
3493 1393 3859 1462 σκληρότητος
3893 1391 3996 1458 τῆς

2417 1486 2688 1554 ἁμαρτίας
2729 1484 3122 1552 μεταϐάλλεται
3151 1523 3165 1546 ,
3223 1486 3318 1535 καὶ
3366 1485 3543 1536 πάντα
3576 1483 3810 1550 περισσά
3841 1482 3997 1550 ἠγεῖ-

2419 1595 2541 1638 ται,
2599 1577 2732 1645 πρὸς
2779 1576 2937 1644 μόνον
2989 1577 3079 1628 τὸν
3121 1576 3445 1644 ἐπουράνιον
3487 1574 3737 1642 Νυμφίον
3779 1574 3839 1625 ὃν
3880 1571 3999 1624 ἐδέ-

2424 1667 2552 1730 ξατο
2576 1706 2588 1728 ,
2639 1666 3026 1736 ἀναπαυομένη
3058 1667 3116 1719 ἐν
3139 1669 3204 1736 τῇ
3232 1664 3429 1734 ζεούσῃ
3459 1666 3552 1716 καὶ
3580 1663 3805 1734 ἀρρήτῳ
3828 1661 3998 1715 αὑτοῦ

2424 1758 2631 1828 ἀγάπῃ.

2497 1851 2596 1901 1Ε’.
2648 1848 2805 1915 Λέγω
2853 1865 2934 1899 σοι
2979 1847 3056 1913 δέ,
3093 1849 3172 1899 ὅτι
3205 1847 3404 1910 αὐτοὺς
3435 1848 3563 1908 τοὺς
3589 1843 3997 1914 περιποθήτους

2423 1940 2710 2006 ἀδελφοὺς,
2747 1937 2839 2000 οὓς
2871 1937 2981 2007 ἔχει
3015 1938 3120 2007 πρὸ
3146 1937 3470 2007 ὀφθαλμῶν,
3509 1936 3604 1988 ἐὰν
3630 1935 4002 2004 ἐμποδίζωσιν

2425 2031 2516 2083 ἀπ’
2552 2029 2764 2094 ἐκείνης
2813 2028 2910 2094 τῆς
2954 2028 3208 2095 ἀγάπης,
3256 2025 3442 2096 ῶσπερ
3491 2025 3686 2086 εἰπεῖν,
3727 2025 4004 2093 ἀποστρέο

2427 2137 2604 2190 (perac
2625 2120 2847 2172 Ἐκεῖνο
2867 2118 2975 2186 γάρ
3000 2119 3168 2171 ἐστιν
3188 2116 3376 2185 αὐτῆς
3392 2117 3501 2184 ζωὴ
3524 2115 3618 2168 καὶ
3636 2115 4002 2181 ἀνάπαυσις,

2425 2215 2464 2279 ἡ
2491 2213 2595 2264 τοῦ
2619 2212 2978 2278 dumpar-Iov
3002 2211 3306 2274 βασιλέως
3335 2207 3593 2275 μυστικὴ
3625 2207 3720 2261 καί
3743 2207 4005 2274 ἇρρητος

2428 2306 2724 2359 κοινωνία.
2753 2305 2816 2356 Et
2840 2303 2948 2373 γὰρ
2975 2303 3239 2372 σαρκικῆς
3265 2302 3545 2364 κοινωνίας
3569 2301 3758 2368 ἀγάπη
3778 2299 4006 2368 χωρίζει

2431 2397 2652 2464 πατρὸς,
2693 2395 2916 2464 μητρὸς,
2949 2393 3213 2461 ἀδελφῶν,
3239 2393 3333 2444 καὶ
3361 2392 3535 2443 πάντα
3561 2391 3800 2460 ἐξώτερα
3823 2389 4007 2442 αὐτῶν

2431 2489 2677 2554 γίγνεται
2709 2487 2766 2536 ἐν
2795 2484 2871 2552 τῷ
2895 2481 2971 2552 νῷ
2992 2497 3005 2510 ’
3043 2481 3137 2535 καὶ
3167 2484 3215 2533 εί
3240 2482 3451 2551 ἀγαπᾷ,
3481 2480 3760 2548 ἐξωτέρως
3789 2479 4002 2546 ἀγαπᾷ·

2432 2579 2528 2647 τὴν
2559 2577 2614 2629 δὲ
2649 2577 2886 2629 διάθεσιν
2917 2574 3082 2628 αὐτοῦ
3114 2575 3292 2628 πᾶσαν
3330 2575 3409 2636 είς
3441 2573 3539 2643 τὴν
3567 2571 3811 2625 σύνοικον
3836 2569 4008 2624 αὑτοῦ

2434 2669 2716 2737 κέκτηται·
2762 2667 2919 2722 Ἀντί
2950 2667 3163 2720 τούτου
3193 2666 3322 2735 γὰρ,
3349 2665 3503 2735 φησὶ,
3534 2663 3880 2729 καταλείψει
3905 2661 4011 2713 ἀνι

2435 2763 2662 2826 θρωπος
2684 2759 2788 2810 τὸν
2809 2757 3053 2823 πατέρα,
3075 2754 3172 2807 καί
3195 2753 3308 2820 τὴν
3322 2752 3568 2822 μητέρα,
3583 2751 3676 2802 καὶ
3703 2753 4011 2816 προσκολ-

2435 2847 2764 2916 ληθήσεται
2783 2846 2856 2913 τῇ
2874 2845 3127 2914 γυναικί,
3156 2845 3251 2897 καὶ
3283 2845 3526 2899 ἔσονται
3553 2845 3606 2894 οι
3631 2841 3736 2894 δύο
3764 2844 3846 2906 είς
3871 2840 4014 2905 σάρ-

2439 2955 2513 2990 κα
2539 2939 2703 3005 μίαν.
2742 2937 2804 2988 Et
2833 2935 2924 2987 οῦν
2955 2937 2988 3004 ἡ
3024 2934 3120 3002 τῆς
3150 2935 3348 3003 σαρκὸς
3376 2935 3563 3000 ἀγάπη
3593 2931 3734 2982 οῦτω
3760 2929 3874 2980 λύει
3903 2929 4014 2979 πάι

2441 3045 2534 3095 σης
2561 3027 2797 3094 ἀγάπης,
2822 3025 2974 3094 πόσῳ
2999 3024 3197 3093 μᾶλλον
3220 3024 3332 3074 ὅσοι
3351 3022 3764 3089 κατηξιώθησαν
3793 3020 4007 3072 ἐκείνου

771 3122 923 3182 lecti,
953 3120 1020 3172 ab
1047 3116 1194 3170 omni
1224 3130 1408 3168 amore
1443 3111 1632 3165 mundi
1665 3109 2048 3177 expedientur,
2074 3117 2126 3160 et
2158 3109 2336 3160 omnia
2369 3146 2412 3204 C
2442 3133 2456 3163 π

2326 3124 2336 3158 I
2369 3146 2412 3204 C
2442 3115 2533 3165 τοῦ
2562 3115 2715 3181 ἀγίου
2745 3111 3069 3180 [Ινεύματος
3100 3111 3194 3163 τοῦ
3239 3111 3562 3178 ἐπουρανίου
3599 3111 3690 3164 καὶ
3717 3108 4011 3178 ἀγαπητοῦ

773 3213 909 3280 ipsis
934 3207 1207 3276 superflua
1231 3205 1593 3267 videbuntur;
1619 3217 1685 3256 eo
1709 3200 1853 3269 quod
1882 3200 2091 3254 caelesti
2120 3199 2334 3253 deside-

775 3303 857 3356 rio
889 3301 1015 3352 victi
1051 3307 1106 3350 et
1144 3295 1313 3365 lapsui
1350 3295 1468 3364 ejus
1500 3293 1636 3346 uniti
1673 3291 1834 3345 sunt?
1868 3291 1979 3344 Illic
2011 3291 2156 3342 enim
2193 3289 2340 3343 desi-

776 3390 948 3453 deria,
978 3389 1088 3442 illic
1115 3386 1473 3455 cogitationes
1505 3398 1631 3438 suas
1661 3382 1960 3450 deponunt,
1992 3382 2101 3434 illic
2128 3380 2340 3443 vivunt,

777 3482 890 3537 illic
913 3477 1275 3548 cogitationes
1297 3492 1489 3530 eorum
1519 3476 2017 3542 circumvagantur,
2041 3482 2204 3541 atque
2234 3472 2343 3525 illic

777 3585 935 3624 mens
954 3568 1170 3622 assidue
1192 3565 1360 3634 degit,
1383 3564 1569 3618 divino
1589 3578 1654 3617 ac
1677 3563 1885 3616 cmlesti
1914 3576 2099 3615 amore
2123 3569 2177 3616 et
2198 3560 2344 3616 desi-

778 3660 934 3714 derio
960 3658 1230 3728 spirituali
1257 3663 1531 3726 superata.

851 3837 989 3892 XVI.
1021 3835 1296 3899 Tandem,
1329 3832 1518 3886 dilecti
1563 3830 1789 3893 fratres,
1823 3844 1946 3882 cuin
1992 3836 2139 3881 tanta
2188 3825 2346 3880 nobis

781 3931 894 3987 sint
913 3930 1094 3984 oblata
1117 3929 1283 3990 bona,
1304 3934 1360 3979 et
1386 3936 1546 3978 tantae
1571 3922 1965 3992 promissiones
1989 3920 2161 3984 facta,
2181 3919 2344 3988 agite,

782 4023 966 4077 omnia
1016 4018 1404 4089 impedimenta
1454 4032 1484 4068 a
1534 4014 1695 4067 nobis
1740 4013 2082 4083 rejiciamus,
2127 4026 2347 4065 omnem

779 4127 1025 4170 amorem
1074 4108 1264 4162 mundi
1308 4122 1645 4168 aversemur,
1677 4113 1838 4173 atque
1887 4104 2017 4157 huic
2059 4103 2159 4157 soli
2204 4103 2348 4156 bono

783 4202 1247 4276 pervestigatione
1281 4209 1335 4252 et
1366 4197 1640 4252 desiderio
1673 4212 1779 4250 nos
1808 4196 2105 4259 dedamus,
2133 4203 2194 4247 ut
2221 4208 2347 4262 pos-

785 4298 962 4350 simus
990 4292 1285 4362 participes
1314 4288 1429 4342 fieri
1461 4303 1672 4341 arcana!
1704 4287 1854 4341 illius
1879 4285 2191 4340 dilectionis
2224 4284 2349 4353 Spi-

787 4387 950 4447 ritus,
974 4381 1040 4435 ad
1071 4394 1234 4448 quam
1265 4378 1426 4430 divus
1451 4377 1654 4429 Paulus
1681 4391 1781 4429 nos
1811 4375 2131 4428 adhortatus
2161 4383 2262 4434 est,
2291 4381 2350 4424 ut

2442 3203 2502 3268 ἐξ
2525 3204 2777 3274 ἀληθείας
2797 3201 3141 3271 κοινωνῆσαι,
3162 3203 3342 3268 πάσης
3367 3202 3585 3269 ἀγάπης
3611 3200 3816 3268 κόσμου
3846 3199 4015 3268 λυθή-

2444 3314 2644 3360 σονται,
2661 3295 2753 3347 καὶ
2777 3294 2951 3346 πάντα
2976 3294 3208 3363 περισσά
3234 3294 3415 3354 αὐτοῖς
3442 3293 3911 3360 καταφανήσεται,
3937 3291 4018 3361 τῷ

2442 3386 2750 3455 νενικῆσθαι
2780 3385 2977 3446 αὐτοὺς
3003 3385 3078 3452 τῷ
3102 3383 3335 3453 οὐρανίῳ
3363 3383 3510 3452 πόθῳ
3529 3423 3544 3446 ,
3584 3383 3677 3434 καὶ
3713 3385 3776 3451 τῇ
3806 3383 4016 3434 πτώσει

2443 3478 2605 3531 αὐτοῦ
2637 3476 2902 3547 ήνῶσθαιί
2932 3477 3078 3528 Ἑκεί
3100 3477 3206 3545 γὰρ
3230 3474 3602 3541 ἐπιποθοῦσιν,
3634 3476 3749 3526 ἐκεῖ
3771 3475 4018 3540 λογίζονο

2443 3586 2552 3632 ται,
2573 3570 2689 3621 ἐκεῖ
2717 3567 2901 3632 ζῶσιν,
2922 3569 3036 3620 ἐκεῖ
3057 3569 3102 3618 oi
3128 3566 3375 3635 λογισμοὶ
3395 3565 3575 3618 αὐτῶν
3599 3565 3898 3636 περιπατοῦ
3910 3582 4016 3624 σιν.

2445 3660 2608 3711 ἐκεῖὸ
2631 3657 2753 3718 νοῦς
2782 3657 3012 3708 πάντοτε
3038 3655 3137 3718 τὴν
3163 3653 3447 3724 διατριϐὴν
3477 3653 3588 3722 ἔχει
3605 3695 3620 3719 ,
3659 3655 4018 3721 νενικημένος

2444 3750 2521 3819 τῷ
2551 3749 2678 3819 θείῳ
2707 3749 2799 3802 καὶ
2825 3747 3059 3818 οὐρανίῳ
3085 3747 3280 3815 ἔρωτι,
3329 3746 3423 3798 καὶ
3460 3746 3607 3814 πόθῳ
3635 3746 4016 3814 πνευματικᾷλ

2518 3841 2633 3907 ις’.
2688 3839 2762 3890 Τὸ
2800 3839 3016 3902 λοιπὸν,
3064 3831 3108 3890 ὦ
3159 3837 3434 3907 ἀγαπητοὶ
3466 3835 3720 3902 ἀδελφοὶ,
3755 3836 4021 3890 τοιούτων

2447 3932 2666 4000 ἀγαθῶν
2687 3931 3083 4001 προκειμένων,
3110 3931 3205 3982 καὶ
3227 3929 3497 3980 τοσούτων
3521 3927 3864 3996 ἐπαγγελιῶν
3883 3931 4021 3997 ἡμῖν

2450 4025 2556 4076 ὑπὸ
2598 4023 2689 4076 τοῦ
2731 4023 2936 4090 Κυρίου
2984 4021 3444 4090 ἐπηγγελμένων,
3483 4021 3660 4072 πάντα
3686 4020 3755 4071 τά
3785 4020 4021 4088 ἐμπόδια

2451 4117 2542 4185 ἀφ’
2569 4114 2775 4168 ἑαυτῶν
2803 4113 3218 4184 ἀποῤῥίψωμεν,
3247 4113 3338 4163 καὶ
3365 4113 3544 4163 πᾶσαν
3570 4111 3790 4180 ἀγάπην
3812 4109 3907 4161 τοῦ
3936 4111 4025 4160 κό-

2452 4224 2591 4276 σμομ
2626 4205 3088 4273 ἀποστραφῶμεν,
3122 4205 3213 4254 καὶ
3245 4203 3378 4271 πρὸς
3411 4204 3587 4253 ἐκεῖνο
3617 4202 3776 4271 μόνον
3801 4204 3859 4254 τὸ
3885 4205 4025 4270 ἀγα-

2453 4297 2542 4348 θὸν
2578 4298 2640 4364 τῇ
2678 4294 2920 4364 ζητήσει,
2959 4295 3049 4345 καὶ
3082 4293 3158 4361 τῷ
3189 4293 3338 4361 πόοῳ
3370 4294 3592 4353 ἑαυτοὺς
3621 4292 3895 4361 ἐκόῶμεν,
3935 4295 4024 4346 ἵνα

2451 4385 2767 4454 δυνηθῶμεν
2800 4385 2981 4452 τυχεῖν
3025 4383 3240 4449 ἐκείνης
3282 4382 3378 4450 τῆς
3408 4383 3646 4452 ἀρρήτου
3679 4383 3898 4453 ἀγάπης
3927 4383 4022 4436 τοῦ

786 4475 1191 4533 acceleremus;
1233 4467 1549 4529 Sectamini,
1589 4467 1874 4535 inquiens,
1912 4464 2239 4517 dilectionem
2257 4464 2300 4493 ⁴⁰
2334 4479 2347 4516 :
2385 4473 2471 4528 οι

2337 4479 2347 4516 ε
2385 4473 2426 4526 D
2456 4476 2771 4544 Πνεύματος
2797 4513 2812 4537 ,
2865 4473 2993 4542 περὶ
3025 4468 3092 4543 ἦς
3142 4475 3170 4525 ὁ
3207 4472 3472 4542 μακάριος
3506 4472 3716 4536 Παῦλος
3746 4475 4022 4544 παρῄνεσε

787 4573 850 4619 ut
878 4563 1024 4629 digni
1053 4560 1240 4614 haberi
1272 4559 1566 4627 possimus.
1591 4571 1825 4625 quorum
1855 4563 2097 4609 mutetur
2119 4554 2354 4607 durities

787 4671 888 4725 per
909 4656 1153 4708 dextram
1183 4651 1470 4712 Altissimi,
1491 4657 1547 4702 et
1576 4659 1636 4702 ut
1659 4649 2047 4718 perveniamus
2077 4646 2142 4699 ad
2176 4646 2358 4699 suavi-

790 4755 955 4800 tatem
983 4751 1035 4798 et
1057 4744 1297 4810 requiem
1321 4741 1683 4810 spiritualem,
1709 4755 1894 4792 amore
1919 4737 2091 4791 divini
2119 4737 2358 4806 Spiritus

791 4835 1042 4891 sauciati.
1076 4835 1182 4902 18
1214 4833 1478 4886 Dominus
1503 4831 1650 4884 enim
1679 4831 1848 4884 multa
1881 4830 1934 4882 in
1971 4829 2219 4882 homines
2248 4829 2358 4882 fer-

791 4937 881 4981 tur
913 4924 1274 4992 benignitate,
1300 4930 1356 4973 et
1387 4920 1577 4973 intima
1613 4919 1990 4973 misericordia
2026 4919 2282 4987 tangitur,
2311 4919 2352 4971 si

792 5016 1013 5086 quando
1036 5014 1134 5066 toti
1162 5026 1388 5081 prorsus
1413 5011 1480 5063 ad
1505 5026 1629 5064 eum
1655 5019 2060 5072 convertamur,
2085 5011 2152 5062 ab
2178 5011 2357 5063 omni-

791 5108 926 5170 bus,
958 5121 1079 5174 qua:
1114 5103 1390 5156 contraria
1427 5111 1582 5162 sunt,
1616 5117 1716 5154 nos
1749 5102 2063 5169 eripientes.
2099 5102 2356 5166 Quamvis

793 5199 941 5252 enim
990 5212 1087 5248 nos
1125 5210 1221 5263 per
1249 5207 1514 5246 summam
1553 5193 1944 5260 ignorantiam,
1978 5192 2256 5244 infantiam
2297 5209 2358 5245 ac

797 5287 1149 5355 anticipatam
1177 5286 1242 5338 de
1269 5285 1473 5336 malitia
1498 5283 1810 5351 opinionem
1837 5298 2155 5335 aversemur
2179 5299 2358 5335 veram

795 5382 996 5443 vitam,
1024 5393 1086 5431 ac
1119 5377 1507 5444 impedimenta
1542 5374 1708 5427 multa
1741 5374 1898 5427 nobis
1930 5375 2028 5442 ipsi
2060 5390 2357 5444 ponamus,

795 5484 990 5523 revera
1031 5468 1352 5536 resipiscere
1393 5469 1646 5521 nolentes
1689 5485 1702 5521 :
1750 5469 1863 5535 ipse
1911 5478 2090 5521 tamen
2131 5469 2359 5521 multum

800 5559 1096 5614 miseretur
1126 5561 1327 5623 nostri,
1358 5562 1742 5628 longanimiter
1768 5569 2106 5628 exspectans,
2145 5561 2363 5630 quando

875 5743 916 5774 ’⁵
940 5741 1126 5794 Matth.
1158 5756 1264 5806 XIX,
1291 5741 1347 5805 Γ»,
1378 5741 1572 5810 ιίιιΙιρε.
1600 5756 1649 5802 v,
1676 5741 1757 5793 31.
1841 5739 1925 5792 ⁸⁸1
1956 5738 2077 5794 Cor.
2105 5755 2211 5806 xw,
2238 5742 2277 5793 l.

2453 4565 2699 4618 σπεύδειν
2726 4566 2872 4633 ἡμᾶς
2898 4565 3032 4634 πρὸς
3057 4564 3248 4631 αὐτὴν,
3274 4563 3466 4631 λέγων⁹
3491 4563 3733 4616 Διώκετε
3752 4563 4026 4633 τὴνάγὰο

2453 4670 2576 4723 πην
2599 4673 2611 4687 ο
2654 4656 2741 4708 ῐνα
2774 4655 3090 4725 δυνηθῶμεν
3125 4657 3188 4707 ἐκ
3217 4656 3314 4725 τῆς
3349 4655 3713 4724 σκληρότητος
3740 4656 3895 4725 ἡμῶν
3926 4660 4026 4728 τῆς

2454 4744 2790 4808 ἀλλοιώσεως
2821 4745 2918 4814 τῆς
2959 4745 3138 4809 δεξιᾶς
3182 4745 3275 4796 τοῦ
3304 4744 3559 4813 Ὑψίστου
3593 4745 4026 4815 καταξιωθῆναι,

2456 4840 2550 4892 καὶ
2623 4841 2703 4900 εἰς
2766 4839 3079 4908 ἡμερότητα
3141 4839 3236 4890 καὶ
3289 4840 3596 4890 ἀνάπαυσιν
3651 4839 4029 4910 πνευματικὴν

2457 4929 2650 4993 ἐλθεῖν,
2677 4929 2838 4997 ἔρωτι
2864 4929 3008 4987 θείου
3034 4927 3344 4997 Πνεῦματος
3368 4929 3684 4996 τρωθέντες.
3704 4929 3762 4980 Ὀ
3787 4929 3895 4998 γὰρ
3919 4930 4031 4981 Κύ-

2461 5038 2573 5088 ριος
2610 5021 2742 5071 πολὺ
2781 5020 3284 5089 φιλανθρωπεύεται
3321 5021 3820 5088 σπλαγχνιζόμενος
3844 5062 3857 5082 ,
3901 5023 4030 5073 πότε

2459 5111 2877 5179 ἐπιστρέψωμεν
2906 5111 3015 5162 ὅλοι
3046 5109 3104 5173 ἐξ
3129 5110 3248 5162 ὅλου
3283 5111 3416 5181 πρὸς
3445 5111 3606 5162 αὑτὸν
3625 5150 3638 5171 ,
3678 5111 3893 5162 πάντων
3923 5112 4033 5163 τῶν

2463 5202 2719 5253 ἐναντίων
2768 5202 2993 5264 ἑαυτοὺς
3028 5201 3352 5270 ἐξαίροντες.
3394 5203 3452 5253 El
3487 5201 3594 5270 γὰρ
3625 5203 3718 5253 καὶ
3745 5204 3902 5269 ⁷ἡμεῖς
3945 5201 4032 5254 διὰ

2465 5293 2663 5361 πολλὴν
2682 5292 2956 5359 ἀγνωσίαν
2983 5293 3075 5344 καὶ
3099 5293 3402 5361 νηπιότητα
3425 5293 3518 5345 xai
3542 5292 3809 5362 πρόληψιν
3833 5293 4034 5353 κακίας

2465 5383 2922 5452 ἀποστρεφόμεθα
2972 5383 3068 5450 τὴν
3118 5382 3300 5455 ζωὴν,
3360 5385 3446 5434 καὶ
3486 5383 3716 5450 ἐμπόδια
3746 5381 3915 5434 πολλά
3949 5382 4026 5433 τί·

2467 5473 2631 5540 θεμεν
2664 5475 2894 5537 ἑαυτοῖς,
2929 5471 3002 5542 μὴ
3029 5472 3338 5542 βουλόμενοι
3367 5473 3424 5538 ἐξ
3445 5473 3700 5542 ἀληθείας
3727 5475 4031 5541 μετανοεῖν·

2467 5565 2581 5618 ἀλλ’
2631 5565 2790 5627 αὐτὸς
2844 5565 2978 5618 πολὺ
3027 5563 3448 5633 σπλαγχνίζεται
3487 5564 3570 5634 ἐφ’
3629 5566 3774 5634 ἡμᾶς
3825 5580 4034 5636 μακρο-
