4266 6356
256 365 363 430 485

1492 374 1853 437 HOMILUE.
1879 401 1947 413 -
1967 380 2149 445 HOM.
2191 385 2280 444 IV.

3415 390 3515 451 486

256 482 469 551 θυμῶν,
490 482 618 534 πότε
642 481 1068 552 ἐπιστρέψαντες
1090 481 1477 555 προσέλθωμεν
1496 486 1632 555 πρὸς
1648 487 1833 549 αὐτὸν,
1861 486 1913 545 Α
1938 516 1941 529 ‹

1821 486 2190 549 .Aeonversi
2236 491 2560 548 accedamus
2605 490 2670 545 ad
2719 508 2874 556 eum,
2911 500 2967 547 et
3010 493 3189 561 quoad
3235 495 3506 551 internum

255 576 352 628 καὶ
401 574 493 627 τὸν
537 573 646 626 ἔσω
692 576 848 643 ἡμῶν
888 575 1173 646 ἄνθρωπον
1206 576 1589 647 φωτισθῶμεν,
1632 578 1719 631 ῖνα
1755 578 1830 649 μὴ

253 666 694 735 καταισχυνθῶσι
724 666 790 718 τά
817 668 1084 737 πρόσωπα
1107 666 1266 737 ἡμῶν
1293 668 1351 721 ἐν
1374 668 1555 740 ἡμέρᾳ
1575 670 1827 739 κρίσεως.

325 758 427 810 ιζ’.
464 758 525 809 Ei
553 757 610 809 δέ
637 758 729 809 κα)⁸
758 756 1016 809 δύσκολον
1045 759 1174 827 ἡμῖν
1203 759 1596 826 καταφαίνεται
1624 761 1713 814 διὰ
1733 760 1830 830 τὴν

256 848 505 919 σκληρὰν
528 849 629 915 τῆς
655 848 856 918 ἀρετῆς
880 849 1138 916 ἄσκησιν,
1172 850 1370 920 μᾶλλον
1392 852 1448 905 δέ
1472 851 1560 905 διὰ
1580 851 1679 921 τὴν
1699 853 1834 905 ὑπό-

255 941 409 995 θεσιν
442 942 537 994 καὶ
570 940 906 1010 συμϐουλίαν
940 940 1034 994 τοῦ
1068 942 1449 1012 ἀντικειμένου
1472 984 1487 1008 ,
1528 944 1637 998 ίδοὺ
1671 945 1832 1007 αὐτὸς

255 1032 684 1103 σπλαγχνίζεται
762 1032 856 1085 καὶ
925 1034 1272 1105 μακροθυμεῖ
1324 1035 1679 1105 ἐκδεχόμενος
1735 1036 1834 1107 τὴν

254 1122 533 1193 ἡμετέραν
591 1122 930 1191 ἐπιστροφὴν
961 1160 976 1186 ,
1043 1124 1140 1177 καὶ
1197 1124 1620 1194 ἁμαρτανόντων
1675 1125 1833 1195 ἡμῶν

252 1214 551 1283 ἀνέχεται,
601 1214 889 1282 ἀναμένων
935 1214 1036 1286 τὴν
1080 1216 1373 1283 μετάνοιαν
1407 1216 1587 1285 ἡμῶν,
1624 1218 1718 1270 καὶ
1745 1217 1836 1269 πί-

256 1322 493 1367 πτοντας
544 1305 691 1374 ἡμᾶς
743 1306 842 1358 οὐκ
887 1306 1273 1374 ἐπαισχύνεται
1326 1308 1489 1363 πάλιν
1539 1308 1830 1377 δέχεσθαι,

255 1395 445 1457 καθὼς
473 1391 625 1449 εἶπεν
644 1398 672 1447 ό
698 1397 987 1466 Προφήτης
1008 1413 1022 1427 ·
1045 1396 1142 1463 Μὴ
1157 1400 1189 1451 ὀ
1206 1399 1438 1453 πίπτων
1454 1400 1565 1453 οὐκ
1592 1400 1837 1454 ἀνίστα-

254 1503 375 1552 ται,
414 1487 453 1553 ἢ
490 1486 885 1554 ἀποστρέφων
926 1488 1039 1542 οὐκ
1078 1489 1457 1557 ἐπιστρέφει;
1478 1491 1654 1545 Μόνον
1679 1492 1838 1561 ἡμεῖς

254 1574 609 1645 διανήψωμεν
634 1576 843 1628 ἔννοιαν
870 1578 1079 1647 ἀγαθὴν
1102 1579 1455 1649 κτησάμενοι,
1474 1580 1566 1633 καὶ
1588 1582 1840 1650 ἐπιστρέ-

255 1665 453 1736 ψωμεν
505 1665 705 1729 εὐθέως
767 1667 862 1721 καὶ
912 1667 1125 1737 ὀρθῶς,
1184 1669 1435 1739 βοήθειαν
1484 1672 1626 1742 παρ’
1675 1669 1836 1725 αύτοῦ

257 1755 647 1826 ἐπιζητοῦντες
669 1774 681 1786 ·
722 1757 815 1809 καὶ
852 1757 1012 1821 αὐτός
1044 1759 1159 1811 ἐστι
1196 1760 1366 1813 σῶσαι
1393 1762 1541 1830 ἡμᾶς
1581 1761 1833 1831 ἐτοιμος³

258 1846 545 1915 ἐκδέχεται
590 1847 697 1915 γάρ
742 1844 838 1898 τοῦ
874 1846 1175 1917 θελήματος
1196 1848 1357 1919 ἡμῶν
1382 1850 1481 1921 τὴν
1510 1850 1647 1921 πρὸς
1674 1850 1838 1905 αὐτὸν

257 1936 495 2002 ζέουσαν
524 1937 728 2007 ὀρμὴν,
764 1938 890 1991 ὅσον
922 1938 1118 2008 ἔχομεν
1146 1939 1429 2010 δυνάμεως
1451 1956 1466 1973 ο
1520 1942 1614 1995 καὶ
1644 1942 1743 2013 τὴν
1772 1945 1838 1997 ἐκ

258 2027 636 2097 προαιρέσεως
675 2028 886 2098 ἀγαθὴν
926 2029 1108 2082 πίστιν
1154 2030 1249 2084 καὶ
1282 2031 1613 2101 προθυμίαν,
1651 2033 1748 2102 τὴν
1779 2032 1837 2086 δέ

259 2117 606 2188 κατόρθωσιν
643 2120 822 2171 πᾶσαν
856 2119 1017 2183 αὐτὸς
1054 2122 1111 2174 ἐν
1139 2123 1273 2192 ἡμῖν
1300 2122 1612 2193 ἐργάζεται.
1663 2126 1839 2178 Σπου-

254 2206 511 2276 δάσωμεν
538 2208 743 2273 τοίνυν,
773 2210 1068 2280 ἀγαπητοὶ,
1096 2210 1171 2275 ὡς
1195 2211 1364 2266 τέκνα
1387 2208 1546 2280 Θεοῦ,
1566 2214 1837 2268 ἀποδυσά-

262 2315 417 2367 μενοι
452 2299 634 2353 πᾶσαν
668 2300 939 2371 πρόληψιν
984 2302 1079 2355 καί
1112 2302 1376 2371 ἀμέλειαν
1414 2305 1511 2357 καὶ
1541 2304 1837 2374 χαύνωσιν,

257 2391 499 2457 γενναῖοι
565 2390 661 2443 καὶ
715 2390 928 2461 ἕτοιμοι
979 2393 1236 2461 γενέσθαι
1287 2396 1606 2449 ἀκολουθεῖν
1664 2396 1839 2451 ὀπίσω

260 2480 432 2533 αὐτοῦ
453 2521 468 2545 ,
522 2481 596 2552 μὴ
641 2482 1004 2553 άναόάλωμεν
1034 2486 1249 2555 ἡμέραν
1274 2486 1334 2551 ἐξ
1357 2488 1569 2557 ἡμέρας
1608 2489 1713 2542 ὑπὸ
1740 2490 1840 2559 τῆς

256 2572 464 2634 κακίας
493 2573 959 2644 ύποκλεπτόμενοι
984 2590 998 2606 ο
1028 2576 1091 2629 οὐ
1115 2577 1225 2645 γάρ
1250 2577 1495 2647 οἴδαμεν,
1519 2580 1647 2633 πότε
1675 2581 1709 2651 ἡ
1734 2582 1840 2634 ἀπὸ

255 2664 361 2733 τῆς
415 2664 619 2732 σαρκὸς
687 2665 844 2735 ἡμῶν
902 2665 1080 2733 ἔξοδος
1134 2668 1363 2736 γίνεται.
1423 2670 1673 2739 Μεγάλαι
1730 2673 1839 2743 γὰρ

258 2756 360 2809 καὶ
393 2756 627 2825 ἀρρητοί
663 2756 803 2810 είσιν
852 2758 909 2810 αί
955 2757 1063 2811 τῶν
1100 2759 1443 2829 Χριστιανῶν
1492 2762 1840 2831 ἐπαγγελίαι,

256 2843 519 2897 τοσοῦτον
541 2882 558 2909 ,
608 2845 690 2897 ὅτι
743 2847 872 2915 μιᾶς
913 2845 1092 2916 ψυχῆς
1140 2848 1323 2901 πίστιν
1355 2850 1451 2902 καὶ
1480 2850 1709 2905 πλοῦτον
1740 2853 1840 2905 οὐκ

258 2936 521 3002 ἀναλογεῖ
572 2938 723 2990 πᾶσα
770 2938 804 3007 ἡ
846 2937 973 3003 δόξα
1022 2939 1120 2993 καὶ
1160 2939 1222 2993 τὸ
1262 2941 1456 3005 κάλλος
1484 2942 1579 2995 τοῦ
1608 2943 1839 3015 οὐρανοῦ

259 3026 362 3079 καὶ
409 3027 508 3097 τῆς
547 3028 678 3097 γῆς,
733 3030 829 3079 καὶ
866 3030 900 3097 ἡ
924 3029 1090 3100 λοιπὴ
1119 3030 1481 3101 διακόσμησις
1504 3051 1563 3086 τε
1595 3036 1689 3088 καὶ
1714 3053 1837 3088 ποι-

261 3116 414 3171 κιλία
436 3158 453 3184 ,
506 3119 601 3171 καὶ
650 3118 879 3183 πλοῦτος
919 3116 1027 3173 ’καὶ
1071 3120 1363 3193 ὼραιότης,
1399 3126 1494 3178 καὶ
1520 3124 1701 3198 τρυφὴ
1730 3128 1838 3181 τῶν
1865 3148 1908 3205 C

260 3208 577 3280 ὁρωμένων.

336 3389 450 3444 ιη’.
506 3389 632 3452 Πῶς
674 3388 856 3442 τοίνυν
905 3389 966 3442 οὐ
1017 3390 1316 3461 θελήσομεν
1361 3393 1654 3457 τοσαύταις
1702 3414 1837 3465 προ-

260 3480 493 3550 τροπαῖς
539 3478 634 3532 καὶ
678 3477 1033 3547 ἐπαγγελίαις
1070 3481 1165 3534 τοῦ
1206 3483 1442 3552 Κυρίου,
1488 3484 1597 3538 ὅλοι
1629 3486 1689 3550 ἐξ
1716 3487 1837 3540 ὅλου

262 3569 604 3639 προσελθεῖν,
643 3569 738 3621 καὶ
769 3569 1018 3633 ἐκδότους
1048 3571 1273 3635 ἑαυτοὺς
1302 3572 1450 3643 αύτῷ
1475 3576 1835 3645 καταστῆσαι,

263 3657 660 3727 ἀρνησάμενοι,
694 3656 832 3709 κατά
860 3659 920 3710 τὸ
947 3659 1301 3727 Εύαγγέλιον,
1329 3661 1470 3731 μετά
1495 3662 1711 3717 πάντων
1745 3668 1838 3717 καὶ

262 3743 368 3810 τὴν
402 3742 611 3795 ἑαυτῶν
640 3742 817 3813 ψυχὴν
839 3784 853 3807 ,
907 3746 1000 3798 καὶ
1031 3747 1193 3815 μόνον
1218 3749 1379 3803 αὐτὸν
1409 3751 1715 3821 ἀγαπῆσαι,
1746 3755 1840 3807 καί¹

268 3831 369 3884 σὺν
406 3830 555 3901 αύτῷ
599 3831 727 3885 ἀλλο
767 3832 957 3898 ούδέν;
1005 3834 1145 3887 Ἀλλ’
1185 3836 1291 3890 nos
1327 3838 1617 3894 καὶταῦτα
1641 3830 1836 3908 πάντα,

264 3921 366 3974 καὶ
410 3921 547 3992 πόση
578 3921 701 3986 δόξα
743 3924 940 3993 ἐδόθη;
985 3926 1149 3979 πόσαι
1183 3928 1486 3998 οίκονομίαι
1511 3930 1605 3983 τοῦ
1632 3933 1837 4002 Κυρίου

264 4011 377 4065 ἀπὸ
423 4012 533 4065 τῶν
580 4014 837 4083 Πατέρων
888 4017 982 4068 καὶ
1022 4018 1318 4087 προφητῶν
1356 4019 1642 4088 γεγόνασι;
1675 4023 1837 4077 πόσαι

266 4102 595 4169 ἐπαγγελίαι
641 4105 1095 4175 ἐπηγγέλθησαν;
1152 4108 1245 4160 καὶ
1296 4109 1459 4163 πόσαι
1501 4114 1835 4181 προτροπαί;

267 4193 410 4261 πόση
448 4193 822 4263 εὐσπλαγχνία
861 4196 955 4249 τοῦ
989 4197 1261 4250 Δεσπότου
1297 4197 1355 4262 ἐξ
1378 4202 1550 4270 ἀρχῆς
1581 4202 1666 4269 ἐφ’
1694 4204 1839 4272 ἡμᾶς

266 4283 533 4353 γέγονενς
588 4285 813 4354 ἔσχατον
858 4286 949 4352 δέ,
1000 4288 1097 4341 καὶ
1140 4287 1227 4341 διά
1258 4291 1356 4360 τῆς
1388 4290 1521 4353 ἰδίας
1548 4292 1839 4364 ἐπιδημίας

266 4376 368 4445 τὴν
399 4376 638 4446 ἄρρητον
668 4377 1015 4447 χρηστότητα
1059 4378 1144 4447 ἐφ’
1174 4381 1319 4449 ἡμᾶς
1351 4380 1437 4434 διὰ
1463 4382 1563 4451 τῆς
1590 4385 1836 4451 σταυρώ-

1937 590 2186 637 nostrum
2233 584 2510 638 hominem
2557 583 2953 649 illuminemur,
2989 599 3059 639 ne
3105 585 3511 641 confundantur

1936 672 2106 728 facies
2136 683 2337 729 nostra:
2362 674 2415 727 in
2442 674 2529 728 die
2553 672 2767 743 judicii.

2005 761 2166 815 XVII.
2214 761 2369 827 Quod
2425 763 2469 815 si
2523 760 2740 816 difﬁcile
2788 776 2853 815 ac
2902 760 3193 815 molestum
3244 761 3405 816 nobis
3457 766 3507 815 ίίί

1936 851 2185 917 videtur,
2234 863 2463 922 propter
2510 852 2703 907 duram
2752 852 2973 907 virtutis
3020 853 3505 915 exercitationem.

1937 945 2111 1015 magis
2138 959 2271 999 vero
2303 953 2526 1014 propter
2559 945 2965 1015 suggestionem
2998 959 3061 998 ac
3093 944 3381 1000 consilium
3416 946 3480 999 ad

1936 1036 2198 1101 versarii;
2242 1035 2600 1091 nihilominus
2636 1038 2752 1105 ipse
2788 1051 2999 1089 summa
3033 1035 3508 1091 commiseratione

1938 1137 2121 1181 motus
2162 1126 2273 1181 leni
2315 1135 2371 1181 et
2406 1127 2633 1197 patienti
2672 1127 2857 1181 animo
2901 1137 3013 1191 est,
3046 1136 3366 1195 exspectans
3405 1142 3507 1180 no-

1938 1228 2110 1274 stram
2144 1218 2593 1283 conversionem,
2620 1228 2784 1286 atque
2821 1226 3113 1286 peccantes
3145 1230 3248 1271 nos
3282 1217 3507 1282 tolerat,

1939 1323 2005 1363 ac
2040 1316 2285 1363 nostram
2328 1308 2709 1378 pamitentiam
2756 1306 3063 1369 desiderat.
3096 1316 3152 1361 et
3187 1307 3371 1376 lapsos
3409 1322 3512 1361 nos

1940 1398 2187 1468 recipere
2214 1414 2324 1454 non
2350 1398 2649 1463 erubescit,
2675 1408 2736 1451 ut
2765 1397 2901 1452 dixit
2928 1396 3193 1466 propheta
3222 1415 3235 1450 :
3263 1397 3511 1467 Nunquid

1939 1487 2031 1556 qui
2059 1487 2228 1552 cadit,
2253 1502 2358 1540 non
2387 1488 2642 1556 resurgit,
2672 1495 2764 1539 aut
2795 1488 2883 1555 qui
2913 1502 3123 1539 aversus
3150 1495 3257 1549 est,
3288 1503 3391 1539 non
3425 1503 3511 1538 rc-

1939 1578 2161 1631 vertitur
2175 1577 2242 1630 δι.
2270 1577 2431 1632 Modo
2458 1592 2560 1631 nos
2586 1577 2733 1631 bono
2759 1576 2925 1631 corde
2953 1577 3191 1646 pmditi,
3220 1577 3273 1630 in
3304 1578 3513 1630 sobrie-

1942 1676 2053 1723 tate
2078 1669 2350 1733 vivamus,
2373 1676 2429 1723 et
2451 1669 2634 1723 statim
2661 1684 2725 1723 ac
2745 1683 2875 1723 vere
2901 1668 3194 1737 implorato
3218 1668 3337 1739 ejus
3362 1670 3514 1722 auxi-

1941 1757 2017 1812 lio
2049 1766 2438 1813 convertamur
2474 1774 2489 1813 :
2526 1758 2972 1827 promptissimus
3006 1774 3138 1813 vero
3173 1766 3258 1813 est
3290 1760 3405 1829 ipse
3443 1760 3511 1813 ad

1938 1856 2182 1903 nostram
2213 1849 2468 1903 salutem.
2497 1849 2713 1918 Excipit
2738 1849 2884 1904 enim
2917 1849 3183 1903 benevole
3212 1850 3510 1905 ferventem

1936 1938 2239 1992 voluntatis
2262 1946 2465 1993 nostra:
2491 1938 2556 1993 ad
2588 1938 2763 2003 illum,
2787 1948 3050 2008 quantum
3076 1939 3130 1992 in
3154 1940 3357 1994 nostris
3380 1939 3511 1993 viri-

1936 2027 2043 2083 bus
2068 2037 2171 2094 est,
2200 2027 2490 2099 impetum,
2530 2037 2586 2084 et
2616 2028 2815 2083 bonam
2847 2029 3007 2083 fidem
3039 2045 3101 2083 ac
3126 2030 3511 2099 promptitudi-

1938 2133 2063 2173 nem
2098 2133 2166 2174 ex
2189 2119 2471 2173 voluntate
2498 2128 2685 2173 nostra
2714 2130 3024 2173 manantem
3062 2136 3074 2172 :
3108 2120 3509 2174 correctionem

1939 2224 2072 2264 vero
2117 2224 2335 2264 omnem
2387 2211 2503 2280 ipse
2550 2210 2607 2265 in
2656 2212 2817 2267 nobis
2858 2222 3139 2283 operatur.
3178 2215 3508 2270 lndustriam

1939 2302 2109 2374 igitur
2141 2304 2500 2360 adhibeamus
2520 2348 2532 2370 ,
2558 2320 2592 2359 ο
2622 2306 2842 2370 dilecti,
2872 2318 3127 2375 tanquam
3164 2306 3260 2362 filii
3294 2308 3419 2371 Dei,
3452 2318 3515 2362 ut

1940 2408 2157 2450 omnem
2207 2397 2658 2466 occupationem,
2694 2397 3080 2467 negligentiam
3128 2416 3191 2453 ac
3236 2401 3510 2471 pigritiam

1939 2495 2236 2551 ementes,
2268 2487 2478 2542 alacres
2520 2503 2583 2543 ae
2625 2490 2864 2559 prompti
2908 2491 3101 2546 fiamus
3143 2493 3211 2545 ad
3251 2507 3377 2546 eum
3423 2508 3514 2549 se-

1939 2574 2252 2644 quendum;
2291 2590 2362 2630 ne
2404 2575 2472 2630 de
2509 2575 2598 2630 die
2638 2576 2691 2629 in
2732 2576 2877 2631 diem
2920 2593 3035 2632 rem
3068 2579 3419 2645 differamus,
3449 2596 3514 2635 ac

1942 2680 1973 2719 a
2009 2665 2217 2720 malitia
2250 2665 2668 2736 praveniamur.
2699 2666 2986 2722 Nescimus
3016 2668 3195 2732 enim,
3229 2684 3334 2737 qua
3377 2669 3511 2723 hora

1941 2755 2123 2811 exitus
2167 2770 2197 2809 e
2242 2770 2408 2810 carne
2456 2757 2528 2811 sit
2568 2756 2807 2811 futurus.
2842 2757 3047 2827 Magna:
3090 2759 3235 2812 enim
3287 2769 3415 2813 sunt
3454 2770 3511 2813 et

1943 2844 2249 2899 ineffabiles
2284 2844 2617 2900 Christianis
2652 2845 2807 2901 facta:
2842 2848 3261 2916 promissiones,
3295 2849 3349 2901 in
3394 2858 3515 2902 tan-

1943 2947 2057 2992 tum
2099 2937 2352 3006 quidem,
2379 2948 2440 2991 ut
2471 2953 2597 2991 cum
2632 2938 2797 2993 unius
2830 2939 3026 2993 anima:
3059 2940 3163 2995 fide
3199 2956 3263 2995 ac
3301 2941 3513 2996 divitiis

1940 3026 2145 3080 nullam
2188 3026 2415 3080 omnino
2453 3028 2866 3096 proportionem
2902 3029 3100 3083 habeat
3131 3030 3315 3085 omnis
3342 3032 3515 3101 gloria

1941 3125 1998 3172 et
2026 3116 2381 3187 pulchritudo
2409 3118 2531 3173 caali
2564 3128 2618 3173 et
2647 3128 2824 3183 terraa,
2851 3129 2906 3174 et
2934 3120 3180 3189 reliquus
3208 3131 3434 3174 ornatus
3459 3131 3516 3174 et

1939 3208 2209 3273 varietas,
2235 3216 2292 3264 et
2320 3208 2555 3275 divitiae,
2584 3220 2640 3264 et
2681 3210 2848 3265 decor
2887 3225 2952 3265 ac
2990 3210 3201 3265 deliciae
3239 3211 3514 3280 spectabi-

1938 3298 2094 3353 lium.

2010 3390 2194 3445 XVlIl.
2222 3390 2325 3457 Qui
2360 3391 2420 3446 fit
2452 3406 2614 3461 ergo,
2639 3390 2785 3460 quod
2828 3391 2995 3445 tantis
3035 3391 3517 3446 exhortationibus

1939 3489 1995 3535 et
2020 3482 2485 3550 promissionibus
2519 3482 2760 3550 impulsi,
2790 3482 2889 3536 toti
2921 3482 3149 3535 omnino
3179 3496 3307 3536 eum
3335 3483 3511 3543 adire.

1938 3580 1994 3626 et
2026 3588 2127 3627 nos
2160 3582 2303 3628 totos
2333 3572 2384 3628 ei
2415 3571 2650 3638 dedere,
2678 3571 2963 3642 abnegatis
2994 3571 3299 3627 secundum
3331 3571 3511 3625 Evan-

1940 3661 2146 3730 gelium
2192 3677 2317 3715 cum
2370 3661 2631 3715 omnibus
2675 3670 2731 3714 et
2781 3658 2963 3713 anima
3014 3667 3236 3725 nostra,
3277 3675 3515 3730 eumque

1941 3750 2118 3805 solum
2150 3766 2338 3805 amore
2372 3749 2632 3820 prosequi
2671 3757 2728 3803 et
2765 3748 2904 3802 nihil
2941 3748 3092 3801 aliud
3133 3763 3260 3803 cum
3294 3762 3393 3812 eo,
3427 3764 3516 3803 re-

1938 3843 2209 3897 nuamus?
2247 3841 2356 3897 Sed
2392 3855 2521 3896 ecce
2552 3841 2669 3895 haec
2702 3839 2889 3893 omnia
2920 3847 2978 3894 et
3007 3847 3212 3909 quanta
3244 3848 3519 3908 praeterea

1939 3933 2111 4003 gloria
2154 3933 2281 3987 data
2326 3934 2445 3987 esti
2496 3940 2633 4001 quot
2677 3931 3071 4001 dispositiones
3112 3944 3143 3984 a
3186 3930 3412 3985 Patrum
3459 3938 3517 3985 et

1940 4025 2338 4095 prophetarum
2372 4024 2713 4093 temporibus
2742 4023 2899 4077 factae
2923 4022 3091 4077 sunt?
3116 4029 3251 4091 quot
3279 4020 3514 4089 promis-

1940 4116 2168 4179 siones?,
2186 4124 2243 4171 et
2267 4125 2403 4185 quot
2425 4114 2869 4171 exhortationes?
2897 4121 3101 4183 quanta
3136 4112 3516 4167 misericordia

1939 4208 2157 4262 Domini
2199 4207 2254 4261 in
2300 4222 2401 4262 nos
2440 4206 2509 4261 ab
2550 4206 2707 4260 initio
2741 4205 2876 4260 fuit?
2911 4204 3127 4259 tandem
3164 4219 3295 4258 vero
3326 4212 3384 4257 et
3414 4218 3518 4258 suo

1940 4296 2116 4366 ipsius
2157 4296 2393 4350 adventu
2434 4296 2766 4350 ineffabilem
2808 4310 2935 4364 erga
2977 4309 3077 4348 nos
3118 4292 3513 4362 benignitatem

1940 4402 2039 4457 per
2086 4387 2494 4442 crucifixionem
2547 4386 2818 4451 ostendit,
2866 4394 2925 4439 ut.
2973 4400 3071 4438 nos
3113 4398 3409 4437 conversos
3454 4383 3513 4436 in

268 4482 409 4528 σεως
440 4466 751 4530 ἐπεδείξατο
771 4506 785 4528 ,
835 4466 923 4521 ἵνα
959 4468 1107 4537 ἡμᾶς
1137 4470 1218 4531 είς
1243 4468 1386 4539 ζωὴν
1411 4470 1840 4542 ἐπιστρέψαντας
1865 4466 1919 4525 D
1944 4493 1953 4517 π

1827 4466 1919 4537 ῖῙ)
1944 4478 2111 4530 vitam
2151 4476 2443 4532 transferat
2488 4494 2501 4529 :
2542 4492 2643 4531 nos
2683 4487 2866 4531 tamen
2905 4492 2933 4529 a
2973 4475 3253 4529 voluntate
3291 4482 3512 4537 nostra,

268 4556 574 4626 μετενέγκῃ
593 4573 606 4587 ·
644 4556 737 4609 καὶ
766 4558 924 4626 ἡμεῖς
952 4558 1062 4610 τῶν
1090 4556 1409 4629 θελημάτων
1439 4561 1595 4629 ἡμῶν
1625 4564 1719 4617 καὶ
1745 4565 1841 4635 τῆς

265 4648 493 4717 ἀγάπης
538 4646 631 4700 τοῦ
666 4648 904 4716 κόσμου,
943 4648 1172 4702 καὶτῶν
1222 4650 1543 4721 προλήψεων
1586 4658 1681 4708 καὶ
1711 4673 1836 4710 συν-

267 4737 472 4807 ηθειῶν
502 4736 718 4801 κακῶν,
753 4737 852 4789 ούκ
888 4737 1296 4809 ἀναχωροῢμεν.
1336 4740 1449 4805 Διὸ,
1485 4742 1835 4811 ὀλιγόπιστοι,

266 4829 300 4898 ἤ
348 4832 443 4880 καὶ
486 4827 705 4880 ἄπιστοι
751 4827 1111 4897 δεικνύμεθα’
1168 4834 1261 4883 καὶ
1295 4832 1387 4885 ἐπὶ
1416 4835 1625 4897 τούτοις
1652 4838 1835 4901 πᾶσιν,

264 4922 380 4993 ,ἰδοὺ
435 4919 633 4981 αὐτοὺς
688 4918 1093 4989 χρηστεύεται,
1151 4921 1396 4991 ἀοράτως
1446 4926 1699 4995 φρουρῶν
1748 4929 1840 4981 καί⁵

267 5007 623 5078 περιθάλπων
650 5048 664 5071 ,
721 5009 796 5077 μὴ
841 5008 982 5061 κατὰ
1014 5009 1083 5062 τὰ
1116 5010 1489 5081 ἁμαρτήματα
1517 5016 1840 5084 παραδιδοὺς

263 5102 417 5172 ἡμᾶς
450 5102 529 5162 είς
558 5100 709 5161 τέλος
739 5102 802 5168 τῇ
829 5099 997 5170 κακίᾳ
1018 5140 1033 5165 ,
1073 5102 1167 5153 καὶ
1199 5104 1265 5171 τῇ
1300 5102 1395 5155 τοῦ
1422 5104 1629 5172 κόσμου
1658 5106 1843 5177 ἀπάτῃ

263 5190 446 5261 ἀφιὼν
479 5192 623 5259 ἡμᾶς
657 5189 953 5243 ἀπολέσθαι
980 5230 995 5254 ,
1027 5189 1113 5243 διά
1146 5190 1344 5262 πολλὴν
1374 5195 1717 5264 χρηστότητα
1748 5199 1841 5250 καὶ

266 5280 655 5353 μακροθυμίαν
685 5280 1035 5347 ἀποσκοπῶν,
1073 5282 1203 5334 πότε
1235 5284 1370 5354 πρὸς
1394 5284 1557 5339 αὐτὸν
1583 5287 1838 5357 ἐπιστρέ-

402 5390 479 5425 εν.

402 5390 479 5425 εν.

492 5464 651 5517 Ἀλλά
698 5463 912 5517 δέδοικα
967 5464 1040 5534 μή
1089 5481 1219 5517 ποτε
1270 5465 1330 5519 τὸ
1374 5466 1466 5520 τοῦ
1517 5467 1839 5522 Ἀποστόλου

269 5552 436 5623 ῥητὸν
486 5551 745 5622 πληρωθῇ
783 5554 873 5616 -είς
910 5553 1057 5622 ἡμᾶς
1090 5555 1155 5623 τῇ
1188 5560 1633 5629 καταφρονητικῇ
1663 5558 1841 5629 ἐννοίᾳ

341 5726 387 5757 ⁸⁸
411 5725 610 5781 Jerem.
634 5741 751 5792 vm,
777 5728 830 5781 4.

1942 4566 2237 4621 dilectione
2265 4566 2476 4630 mundi,
2502 4566 2989 4635 anticipationibus
3017 4572 3072 4619 et
3095 4563 3512 4617 consuetudini-

1939 4655 2043 4709 bus
2081 4655 2265 4723 pravis
2304 4669 2414 4709 non
2454 4654 2780 4709 secedimus.
2806 4653 2988 4718 Quare
3028 4666 3130 4706 nos
3168 4659 3262 4704 aut
3293 4651 3513 4721 exigua,

1939 4754 2034 4799 aut
2064 4745 2216 4798 nulla
2251 4745 2477 4798 omnino
2509 4743 2615 4797 fide
2650 4742 2906 4812 prazditos
2936 4756 3057 4797 esse
3088 4741 3218 4794 hinc
3250 4750 3507 4808 apparet.

1940 4836 2009 4889 Et
2030 4844 2229 4904 prteter
2258 4834 2375 4888 haec
2409 4833 2623 4897 omnia,
2650 4833 2948 4902 benignum
2985 4848 3043 4886 se
3076 4831 3301 4885 exhibet
3326 4830 3507 4894 nobis,

1940 4930 2177 4999 protegit
2205 4944 2268 4983 ac
2298 4929 2444 4983 fovet
2474 4943 2575 4981 nos
2608 4928 2979 4992 invisibiliter,
3010 4942 3111 4980 nec
3143 4941 3275 4987 nos,
3309 4940 3511 4979 secun-

1939 5020 2069 5073 dum
2099 5029 2324 5090 peccata
2355 5029 2577 5085 nostra,
2604 5019 2826 5072 malitia:
2856 5027 2912 5071 et
2945 5017 3138 5070 mundi
3168 5016 3511 5083 deceptioni-

1938 5110 2044 5165 bus
2094 5111 2147 5164 in
2196 5118 2522 5181 perpetuum
2576 5110 2840 5173 traditos,
2884 5109 3016 5162 sinit
3060 5108 3243 5176 perire
3290 5116 3515 5175 propter

1939 5216 2204 5255 summam
2245 5200 2590 5255 clementiam
2627 5210 2683 5253 et
2715 5198 3184 5267 longanimitatem
3231 5212 3383 5249 suam
3406 5235 3418 5258 ,
3446 5196 3514 5249 ab

1945 5293 2054 5346 alto
2084 5291 2402 5362 dispiciens,
2431 5292 2651 5361 quando
2680 5291 2746 5345 ad
2774 5305 2897 5345 cum
2931 5297 3337 5342 convertamur.

2020 5466 2161 5521 XIX.
2190 5467 2356 5537 Atqui
2384 5482 2598 5529 vereor,
2626 5482 2694 5521 ne
2724 5466 2931 5519 dictum
2962 5462 3202 5533 Apostoli
3238 5460 3293 5514 in
3323 5459 3517 5523 nobis,

1950 5560 2045 5630 qui
2094 5559 2277 5615 animo
2322 5560 2387 5613 ad
2430 5559 2612 5615 omnia
2657 5555 3056 5613 contemnenda
3092 5552 3325 5623 proclivi
3368 5549 3519 5607 vivi-
