4266 6356
728 382 832 445 487

1966 377 2025 437 S.
2065 374 2386 437 MACARII
2424 372 2744 434 EGYPTII

3864 371 3979 437 488

732 508 886 558 mus,
911 500 967 547 et
998 490 1302 560 anteceptis
1331 490 1686 560 opinionibus
1712 488 2039 560 abripimur,
2070 491 2301 559 implca-
2330 493 2372 547 A
2402 505 2417 540 c

2295 518 2301 530 ι
2330 493 2372 547 Α
2402 488 2677 552 συζῶντας
2698 526 2713 549 ,
2750 486 2845 538 καὶ
2886 486 3005 548 ταῖς
3042 484 3343 556 προλήψεσι
3375 488 3882 556 συναπαγομινους,
3917 484 3980 538 τὸ

730 594 843 648 tur,
869 581 1019 652 quod
1054 581 1131 635 ait
1166 598 1179 633 :
1216 582 1296 635 An
1333 580 1541 633 divitias
1578 580 1823 633 bonitatis
1857 578 2032 644 illius,
2064 598 2125 633 ac
2164 580 2297 633 tole-

729 677 923 728 rantiae
948 673 1280 741 lenitatisque
1302 672 1609 735 contemnis,
1635 671 1904 739 ignorans,
1930 671 2067 740 quod
2094 670 2299 725 bonitas

734 764 843 833 l9
871 763 970 817 Dei
1003 763 1072 816 ad
1105 762 1464 833 paenitentiam
1500 768 1549 813 te
1580 760 1862 814 invitat“?
1893 760 2050 827 Quod
2089 761 2134 815 si
2176 762 2299 815 lon-

733 854 1078 924 ganimitate,
1111 853 1354 906 bonitate
1384 859 1439 905 et
1465 852 1753 906 tolerantia
1783 853 1904 922 ejus
1935 853 2112 918 abusi,
2141 852 2300 921 plura

729 944 1112 997 addiderimus
1146 951 1391 1011 peccata,
1417 950 1472 994 et
1496 942 1747 1010 graviora
1769 940 1998 1010 judicia,
2023 940 2297 1011 negligen-

732 1036 806 1089 tia
831 1045 886 1088 et
909 1042 1229 1101 contemptu
1263 1042 1450 1086 nostro
1474 1031 1634 1085 nobis
1663 1033 1796 1100 ipsis
1824 1032 2298 1097 accersiverimus,

728 1126 1049 1195 implebitur
1090 1125 1222 1178 illud
1267 1124 1476 1177 dictum
1523 1141 1536 1175 :
1578 1122 1679 1177 Sed
1722 1125 2006 1176 secundum
2049 1125 2301 1177 duritiam

731 1232 911 1285 tuam,
940 1229 985 1272 et
1015 1235 1103 1272 cor
1129 1220 1378 1289 pmnitere
1408 1221 1666 1284 nesciens,
1694 1219 1894 1289 colligis
1922 1220 2013 1273 tibi
2041 1220 2138 1289 ipsi
2162 1220 2302 1272 iram

729 1315 784 1365 in
816 1314 896 1364 die
923 1314 1018 1365 ira:
1046 1310 1380 1363 reuelationis
1403 1311 1537 1379 justi
1557 1311 1748 1379 judicii
1779 1311 1874 1362 Dei
1892 1310 1954 1362 ⁸³.
1988 1310 2131 1363 Deus
2156 1310 2301 1363 enim

732 1419 943 1457 summa
967 1411 1023 1456 et
1048 1402 1403 1456 inenarrabili
1432 1401 1677 1455 bonitate
1700 1417 1763 1455 ac
1783 1402 2012 1455 lenitate
2039 1401 2303 1455 ineffabili

732 1509 862 1562 erga
904 1508 1078 1561 genus
1116 1492 1414 1545 humanum
1463 1493 1656 1553 utitur,
1690 1492 1734 1545 si
1777 1493 1942 1546 modo
1980 1494 2304 1560 resipiscere

734 1584 991 1645 velimus,
1022 1592 1075 1636 et
1099 1584 1321 1651 penitus
1354 1583 1421 1635 ad
1450 1598 1576 1635 eum
1606 1584 1850 1637 converti
1878 1583 2218 1645 Studeamus,
2245 1592 2306 1637 ut

734 1673 929 1727 salutis
958 1672 1259 1742 participes
1287 1672 1405 1727 ﬁeri
1433 1672 1733 1726 valeamus.

806 1932 923 1986 XX.
954 1932 1109 1997 Quod
1146 1932 1192 1986 si
1236 1946 1565 2001 cognoscere
1604 1931 1889 1986 desideres
1926 1932 2022 1987 Dei
2062 1932 2311 2002 longani-

741 2026 987 2078 mitatem
1017 2034 1074 2077 et
1102 2040 1369 2077 summam
1398 2024 1731 2087 bonitatem,
1758 2024 1811 2077 id
1838 2034 1923 2077 est
1949 2024 2313 2078 sacrosanctis

736 2113 1026 2167 codicibus
1067 2113 1365 2166 discamus.
1401 2112 1634 2182 Respice
1674 2112 1977 2175 lsraelitas,
2009 2128 2075 2166 ex
2111 2112 2314 2180 quibus

738 2213 868 2258 sunt
916 2214 1136 2273 patres,
1173 2205 1377 2272 quibus
1421 2205 1815 2273 promissiones
1859 2204 2012 2258 factae
2054 2217 2213 2269 sunt,
2247 2219 2316 2258 ex

738 2296 944 2364 quibus
978 2294 1236 2348 Christus
1270 2295 1576 2349 secundum
1611 2310 1863 2359 carnem,
1895 2296 2098 2364 quibus
2134 2296 2315 2349 cultus

738 2396 795 2439 et
827 2394 1215 2439 testamentum
1253 2386 1460 2449 erat“,
1494 2395 1696 2455 quanta
1739 2387 2136 2455 peccaverunt?
2174 2402 2315 2455 quo-

739 2476 845 2528 ties
879 2474 1055 2528 aversi
1088 2474 1247 2528 sunt?
1284 2475 1400 2543 ipse
1436 2482 1614 2529 tamen
1650 2477 1795 2529 Deus
1828 2491 1936 2529 non
1969 2476 2192 2545 reliquit
2220 2491 2317 2531 eos

739 2567 797 2619 in
844 2574 1203 2633 perpetuum,
1238 2568 1333 2620 sed
1368 2568 1434 2620 ad
1474 2577 1681 2620 certum
1720 2576 1936 2636 tempus
1969 2566 2037 2621 ad
2073 2567 2317 2636 ipsorum

743 2659 1093 2711 commodum
1120 2671 1215 2711 eos
1247 2658 1699 2727 castigationibus
1724 2659 1955 2728 subjecit
1985 2676 1998 2713 :
2035 2658 2320 2713 duritiem-

742 2732 850 2817 que
880 2747 1062 2801 cordis
1086 2762 1277 2799 eorum
1303 2763 1400 2815 per
1421 2746 1768 2800 alllictionem
1794 2749 2041 2801 emollire
2067 2750 2315 2818 cupiens,

744 2837 1121 2900 convertebat,
1148 2836 1498 2899 admonebat,
1524 2838 1820 2905 prophetas
1843 2839 2113 2893 mittebat.
2161 2841 2321 2893 lnsu-

747 2945 847 2999 per
890 2929 1130 2996 quandiu
1187 2928 1535 2997 longanimus
1579 2938 1694 2982 erat
1738 2945 1866 2999 erga
1912 2942 2228 2997 peccatores
2267 2942 2320 2985 et

746 3022 1091 3075 ollendentes
1122 3035 1179 3073 se
1198 3060 1211 3083 ,
1239 3030 1295 3073 et
1324 3020 1683 3074 nihilominus
1713 3036 2007 3077 conversos
2031 3038 2153 3075 cum
2184 3040 2322 3093 gau~

745 3112 839 3164 dio
876 3110 1178 3179 recipiebat
1211 3127 1222 3161 :
1260 3118 1315 3163 et
1347 3124 1470 3163 cum
1502 3110 1685 3164 denuo
1714 3126 1834 3165 sese
1862 3120 2199 3177 averterent,
2226 3128 2321 3166 eos

746 3203 865 3270 ipse
896 3217 996 3255 nos
1025 3201 1298 3263 destituit,
1330 3202 1423 3255 sed
1453 3217 1552 3271 per
1579 3204 1880 3271 prOphelas
1905 3204 1972 3256 ad
2002 3207 2321 3258 conversio-

748 3309 871 3347 nem
914 3292 1187 3345 revocavit
1231 3310 1243 3343 :
1284 3303 1449 3360 atque
1490 3292 1787 3360 saepissime
1827 3310 1855 3347 a
1895 3310 1954 3348 se
1992 3310 2239 3359 aversos,
2270 3306 2327 3350 et

750 3383 1103 3453 postmodum
1148 3397 1480 3438 conversos.
1524 3383 1790 3437 benevole
1840 3384 2119 3449 toleravit,
2163 3396 2326 3455 atque

749 3474 1066 3527 humaniter
1091 3474 1320 3539 recepit,
1346 3472 1520 3527 donec
1549 3474 1767 3529 tandem
1794 3474 1847 3526 in
1878 3489 2074 3543 magno
2101 3486 2326 3542 peccato

753 3566 1085 3633 deprehensi
1114 3574 1243 3618 sunt
1270 3580 1462 3619 manus
1487 3565 1795 3635 injicientes
1824 3567 2049 3635 proprio
2073 3568 2323 3631 Domino,

754 3673 917 3725 quem
954 3657 1345 3724 exspectabant
1381 3657 1685 3710 secundum
1722 3657 2071 3712 traditionem
2105 3659 2326 3713 Patrum

751 3762 813 3800 ac
842 3748 1231 3816 prophetarum
1265 3756 1581 3800 sanctorum
1614 3746 2048 3816 redemptorem,
2073 3748 2323 3804 Salvato-

750 3854 905 3903 rem,
938 3853 1123 3906 regem
1172 3846 1227 3891 et
1267 3838 1617 3907 prophetam.
1655 3838 1976 3893 Venientem
2025 3839 2168 3891 enim
2213 3854 2327 3892 non

751 3929 988 3998 amplexi
1022 3938 1171 3993 sunt,
1204 3928 1300 3982 sed
1334 3944 1363 3982 e
1395 3929 1675 3982 contrario
1704 3943 1896 3999 magna
1929 3943 2056 3982 eum
2090 3930 2325 3998 ignomi-

752 4021 843 4074 nia
885 4030 939 4074 et
980 4020 1206 4073 inlamia
1249 4029 1532 4083 notatum,
1572 4020 1790 4073 tandem
1836 4021 2016 4074 crucis
2057 4021 2329 4090 supplicio

754 4110 1080 4164 affecerunt.
1111 4110 1179 4163 Et
1214 4110 1268 4162 in
1306 4110 1408 4163 hac
1443 4118 1548 4163 tam
1581 4110 1770 4179 grandi
1801 4110 2009 4164 oﬂ‘ensa
2036 4120 2092 4165 et
2121 4111 2327 4182 ingenti

752 4202 930 4269 lapsu,
967 4210 1191 4269 peccata
1239 4201 1478 4263 illorum,
1510 4216 1634 4269 qua:
1673 4202 1741 4254 ad
1780 4216 2053 4255 summum
2100 4202 2328 4256 adaucta

752 4301 933 4357 erant,
965 4294 1239 4361 completa
1278 4300 1427 4354 sunt,
1457 4301 1511 4345 et
1554 4292 1626 4345 ita
1670 4292 1889 4346 tandem
1929 4302 2197 4361 perpetuo
2237 4293 2332 4347 de-

754 4384 885 4436 serti
921 4392 1069 4445 sunt,
1102 4383 1307 4452 Spiritu
1340 4390 1532 4437 sancto
1565 4383 1633 4436 ab
1669 4384 1735 4437 iis
1767 4383 2080 4449 recedente,
2109 4386 2329 4454 quando

2400 580 2572 647 λέγον·
2603 580 2675 630 Ἦ
2693 577 2799 630 τοῦ
2827 578 3094 630 πλούτου
3114 572 3224 644 τῆς
3240 579 3646 644 χρηστότητος
3668 576 3854 632 αὑτοῦ
3880 575 3985 629 καὶ

2400 670 2510 737 τῆς
2541 668 2771 737 ἀνοχῆς
2820 669 2921 721 καὶ
2969 668 3078 735 τῆς
3113 669 3524 737 μακροθυμίας
3561 666 3985 735 καταφρονεῖς,

2400 760 2633 828 ἀγνοῶν
2670 761 2758 813 ὅτι
2794 760 2860 813 τὸ
2893 761 3165 827 χρηστὸν
3206 760 3314 813 τοῦ
3352 760 3500 813 Θεοῦ
3539 762 3627 825 είς
3654 757 3988 828 μετάνοιάν·

2401 869 2475 907 σε
2501 853 2661 921 arsi;
2689 854 2750 906 Εἰ
2775 853 2831 905 δὲ
2850 854 2917 922 τῇ
2940 852 3297 922 μακροθυμίᾳ
3323 853 3415 905 καὶ
3442 856 3507 923 τῇ
3536 853 3862 922 χρηστότητι
3888 854 3986 904 καὶ

2400 948 2467 1014 τῇ
2510 946 2676 1014 ἀνοχῇ
2718 944 2883 997 αὑτοῦ
2925 941 3151 997 πλείονα
3185 943 3545 1013 προστίθεμεν
3579 944 3982 1013 ἁμαρτήματα,

2402 1038 2495 1091 καὶ
2527 1037 2883 1107 κατακρίσεις
2914 1035 3134 1107 μείζους
3161 1036 3250 1088 διὰ
3275 1036 3374 1104 τῆς
3400 1035 3657 1104 ἀμελείας
3690 1036 3785 1088 καὶ
3812 1052 3990 1087 κατα-

2404 1126 2723 1196 φρονήσεως
2753 1125 2912 1195 ἡμῶν
2941 1128 3153 1189 ἑαυτοῖς
3180 1126 3538 1195 πορισόμεθα,
3564 1124 3989 1194 πληρωθήσεται

2402 1218 2463 1270 τὸ
2486 1218 2691 1284 λόγιονο
2724 1216 2886 1271 Κατὰ
2913 1217 2981 1269 δὲ
3010 1216 3124 1284 τὴν
3148 1216 3533 1283 σκληρότητά
3559 1232 3677 1269 σου
3712 1215 3809 1268 καὶ
3838 1214 3980 1282 ἁμεο

2408 1308 2701 1374 τανόητον
2751 1306 3045 1374 καρδίαν,
3099 1307 3475 1373 θησαυρίζεις
3521 1306 3756 1371 σεαυτῷ
3796 1308 3991 1374 ὀργὴν

2404 1398 2475 1452 ἐν
2514 1398 2703 1467 ᾑμέρᾳ
2747 1398 2930 1467 ὀργῆς
2950 1438 2965 1463 ,
3020 1399 3118 1451 καὶ
3150 1399 3589 1466 ἀποκαλύψεως
3618 1398 3727 1464 τῆς
3758 1397 3989 1451 δικαιο-

2405 1491 2645 1559 κρισίας
2672 1491 2777 1544 τοῦ
2807 1491 2976 1544 Θεοῦ.
3008 1490 3183 1559 Πολλῇ
3209 1490 3316 1560 γὰρ
3341 1490 3637 1559 ἀγαθότητι
3661 1490 3995 1559 ἀνεκδιηγή-

2406 1588 2517 1650 τῳ,
2568 1583 2665 1634 καὶ
2702 1581 3054 1652 μακροθυμίᾳ
3095 1581 3454 1650 ἁνεκφρὰστῳ
3498 1582 3763 1650 κέχρηται
3790 1582 3819 1633 6
3845 1580 3984 1642 Θεὸς

2408 1673 2538 1743 περὶ
2567 1674 2627 1725 τὸ
2650 1673 2803 1739 γένος
2835 1672 2942 1724 τῶν
2973 1671 3295 1740 ἀνθρώπων,
3332 1673 3491 1740 μόνον
3522 1674 3570 1724 εἰ
3598 1672 3757 1741 ἡμεῖς
3784 1673 3994 1739 ἀνανῆσ

2408 1764 2508 1832 ψαι
2563 1763 2905 1831 θελήσομεν,
2970 1762 3064 1813 καὶ
3123 1762 3182 1824 ἐξ
3222 1762 3343 1814 ὅλου
3398 1761 3799 1829 ἐπιστραφῆναι
3850 1763 3995 1831 πρὸς

2335 1828 2382 1887 Β
2411 1855 2571 1905 αὑτὸν
2599 1854 2995 1921 σπουδάσομεν,
3030 1852 3117 1903 ἵνα
3148 1851 3422 1921 σωτηρίας
3444 1855 3627 1921 τυχεῖν
3648 1851 3990 1920 δυνηθῶμεν.

2484 1944 2569 1996 Κ’.
2626 1944 2686 1995 Εἰ
2717 1943 2771 1994 δὲ
2805 1940 2979 2010 βούλει
3015 1941 3312 2007 ἐπιγνῶναι
3353 1941 3450 2008 τὴν
3491 1939 3587 1991 τοῦ
3612 1940 3745 1993 Θεοῦ
3778 1956 3997 2009 μακροο

2413 2034 2616 2101 θυμίαν
2642 2074 2655 2094 ,
2697 2033 2791 2084 καὶ
2825 2035 2923 2101 τὴν
2958 2035 3157 2103 πολλὴν
3188 2033 3555 2102 χρηστότητα,
3591 2032 3700 2085 ἀπὸ
3732 2032 3841 2083 τῶν
3870 2020 3997 2084 θεο-

2414 2125 2696 2176 πνεύστων
2723 2124 2954 2193 Γραφῶν
2983 2143 3119 2177 κατα
3131 2125 3413 2193 μάθωμεν.
3446 2123 3778 2192 ’Λπόόλεψον
3802 2124 3883 2184 είς
3902 2122 4000 2173 τὸν

2427 2214 2642 2285 Ἰσραὴλ
2666 2257 2679 2279 ,
2717 2214 2778 2279 ἐξ
2806 2209 2878 2268 ὧν
2914 2218 2961 2267 oi.
2998 2217 3238 2286 Πατὲρες
3261 2255 3276 2281 ,
3313 2210 3393 2277 οἷς
3426 2217 3481 2268 αἱ
3511 2216 3830 2283 ἐπαγγελίαι
3861 2216 4000 2285 ὠρίη

2417 2306 2643 2375 σθησαν,
2683 2305 2743 2370 ἐξ
2774 2302 2849 2360 ὧν
2881 2308 2908 2358 6
2937 2307 3171 2377 Χριστὸς
3205 2308 3266 2360 τὸ
3294 2308 3434 2359 κατά
3464 2309 3663 2377 σάρκα,
3698 2303 3779 2369 οἷς
3810 2309 3870 2360 αἱ
3897 2309 3998 2361 λα-

2415 2400 2591 2467 τρεῖαι
2642 2396 2738 2450 καὶ
2785 2398 2818 2467 ὴ
2854 2399 3120 2467 διαθήκη,
3158 2401 3300 2451 πόσα
3328 2401 3617 2468 ἦμαρτονς
3651 2400 3886 2462 ποσάκις
3912 2400 4001 2463 ἐξ·

2417 2491 2773 2561 ετρὰπησαν;
2811 2494 2904 2543 καὶ
2937 2493 3098 2553 αὐτὸς
3135 2493 3233 2544 οὐκ
3266 2493 3449 2544 εἴασεν
3480 2492 3678 2554 αὐτοὺς
3709 2494 3789 2554 είς
3815 2492 3997 2552 τέλος,

2416 2579 2552 2633 ἀλλά
2607 2582 2940 2648 πρόσκαιρον
2989 2581 3180 2649 χρόνον
3229 2580 3365 2648 πρὸς
3402 2580 3462 2632 τὸ
3498 2581 3780 2651 συμφέρον
3812 2581 4003 2642 αὐτοῖς

2420 2672 2657 2733 παιδιαῖς
2702 2672 2991 2740 παρεδίδου
3018 2710 3033 2733 ,
3083 2672 3145 2723 τὸ
3179 2671 3411 2741 σκληρὸν
3440 2672 3538 2740 τῆς
3564 2671 3789 2741 καρδίας
3818 2670 4004 2724 αὐτῶν

2419 2762 2507 2814 διὰ
2526 2762 2621 2830 τῆς
2639 2762 2869 2830 θλίψεως
2896 2762 3132 2832 μαλάξαι
3158 2762 3499 2832 βουλόμενος,
3523 2764 4005 2833 ὲπέστρεφε,παρο

2421 2853 2606 2905 εκάλει
2636 2892 2650 2914 ,
2712 2855 2993 2924 προφήτας
3052 2855 3367 2909 ἀπέστελλε.
3425 2857 3535 2907 Καὶ
3571 2856 3756 2916 πόσοις
3786 2850 4007 2924 χρόνοις

2422 2944 2799 3013 ὲμακροθύμει
2832 2946 3255 3014 ἁμαρτανόντων
3288 2947 3383 2998 καὶ
3414 2946 3869 3015 προσκοπτόντων
3900 2947 4007 2997 αὑ-

2423 3035 2571 3100 τῶν;
2628 3039 2722 3089 καὶ
2770 3038 3200 3107 ἐπιστρέφοντας
3245 3040 3382 3106 μετὰ
3422 3040 3594 3106 χαρᾶς
3623 3038 4006 3106 προσεδέχετο,

2427 3128 2520 3179 καὶ
2552 3128 2718 3179 πάλιν
2746 3130 3163 3198 ἐκτρεπομένων
3190 3130 3370 3182 αὐτῶν
3397 3130 3558 3192 αὐτὸς
3584 3130 3683 3182 οὐκ
3709 3131 4005 3195 ἀφίστατο,

2426 3218 2563 3271 ἀλλά
2591 3219 2676 3272 διὰ
2710 3221 2818 3272 τῶν
2847 3221 3140 3290 προφητῶν
3172 3224 3250 3283 εἰς
3278 3224 3611 3291 ἐπιστροφὴν
3642 3224 3841 3284 αὐτοὺς
3873 3240 4009 3292 μετ-

2427 3310 2702 3361 εκαλεῖτο’
2757 3312 2854 3362 καὶ
2893 3311 3178 3373 πλεονάκις
3210 3313 3593 3381 ἐκτραπέντων
3623 3313 3718 3364 καὶ
3747 3316 4007 3383 ἐπιστρε-

2429 3401 2683 3468 φομένων
2716 3401 2883 3468 ἡδέως
2916 3403 3195 3471 ἀντείχετο
3222 3442 3237 3466 ,
3280 3405 3370 3456 καὶ
3409 3404 3805 3471 φιλανθρώπως
3833 3422 4010 3474 προσ-

2428 3490 2643 3559 εδέχετο
2668 3533 2683 3555 ,
2738 3490 2843 3553 ἓως
2890 3488 2950 3545 οὗ
2992 3493 3217 3565 ὕστερον
3251 3496 3308 3546 ὲν
3336 3494 3413 3563 τῷ
3446 3496 3668 3563 μεγάλῳ
3700 3497 4012 3565 παραπτώ-

2431 3598 2561 3650 ματι
2609 3582 2944 3653 εὑρέθησαν,
2996 3587 3186 3653 χεῖρας
3229 3586 3579 3651 ἐπιϐαλόντες
3625 3585 3719 3637 ἐπὶ
3755 3587 3845 3639 τὸν
3873 3587 4012 3640 ἴδιον

2428 3672 2735 3741 Δεσπότην,
2786 3673 2844 3726 δν
2880 3675 3224 3743 προσεδόκων
3254 3676 3341 3728 διὰ
3369 3677 3719 3746 παραδόσεων
3745 3678 4014 3748 Πατέρων

2430 3766 2521 3817 καὶ
2553 3764 2848 3834 προφητῶν
2876 3766 3047 3833 ἁγίων
3078 3765 3362 3837 λυτρωτὴν
3393 3768 3488 3818 καὶ
3510 3767 3760 3836 Σωτῆρα,
3792 3769 3886 3819 καὶ
3916 3768 4015 3837 βα-

2431 3854 2604 3918 σιλέα,
2642 3856 2733 3906 καὶ
2757 3856 3069 3926 προφήτην.
3109 3858 3363 3909 Ἐλθόντα
3395 3859 3502 3926 γὰρ
3533 3859 3592 3909 οὐ
3619 3858 4011 3928 παρεδέξαντο,

2427 3943 2567 3996 ἀλλά
2611 3944 2923 3997 τούναντίον
2969 3945 3140 3999 πολλά
3191 3948 3340 4016 αὐτῷ
3382 3949 3745 4016 ὲνδειξὰμενοι
3785 3949 4015 4017 ἀτιμίας

2430 4034 2592 4101 ἀξια,
2635 4034 2862 4106 ὕστερον
2905 4038 3125 4108 σταυρῷ
3160 4037 3390 4091 θανάτου
3426 4040 3874 4109 ἐτιμωρήσαντο,
3918 4040 4016 4091 καὶ

2430 4129 2489 4178 ὲν
2533 4126 2709 4197 τούτῳ
2757 4129 2835 4198 τῷ
2883 4129 3102 4199 μεγάλῳ
3148 4131 3566 4199 προσκόμματι,
3606 4132 3696 4183 καὶ
3729 4131 4011 4201 ὑπερϐἀλο

2431 4218 2575 4269 λοντι
2602 4217 3035 4287 παραπτώματι,
3073 4221 3129 4271 αἱ
3158 4220 3421 4288 ἁμαρτίαι
3452 4219 3631 4273 αὐτῶν
3656 4221 4011 4289 ὑπερπληθύ-

2431 4324 2591 4358 νασαι
2641 4308 3146 4378 ἀνεπληρώθησαν,
3208 4311 3304 4361 καὶ
3349 4310 3490 4363 οὕτω
3536 4311 3719 4363 λοιπὸν
3750 4314 3830 4372 είς
3860 4313 4014 4373 τέλος

2428 4398 2770 4467 ἀφείθησαν,
2825 4398 2919 4451 τοῦ
2956 4400 3111 4466 ἁγίου
3142 4399 3455 4469 Πνεύματος
3486 4401 3696 4454 ἐκεῖθεν
3719 4404 4013 4471 ἀναχωρή-

752 4468 936 4525 velum
966 4473 1154 4540 templi
1184 4473 1476 4526 discissum
1502 4474 1692 4527 est.Et
1714 4476 1794 4527 sic
1820 4474 2033 4528 illorum
2064 4478 2325 4547 templum
2359 4495 2403 4547 Ῑ)
2436 4514 2437 4521 η

2359 4495 2403 4547 D
2436 4504 2623 4549 σαντος
2644 4530 2658 4552 ,
2697 4489 2784 4540 ὅτε
2819 4488 2879 4539 τὸ
2907 4488 3315 4557 καταπέτασμα
3345 4489 3435 4541 τοῦ
3462 4489 3591 4542 ναοῦ
3618 4488 3867 4559 ἐσχίσθη.
3906 4490 4015 4540 Καὶ

754 4564 1014 4631 gentibus
1059 4564 1355 4629 traditum,
1388 4566 1719 4619 subversum
1763 4575 1819 4618 et
1860 4566 2166 4621 desolatum
2213 4578 2325 4632 est,

754 4658 1055 4710 secundum
1083 4657 1299 4710 Domini
1325 4658 1530 4711 dictum
1570 4677 1580 4710 :
1608 4658 1723 4712 Non
1743 4658 2066 4729 relinquetur
2088 4663 2169 4715 hic
2194 4662 2328 4731 lapis

754 4764 915 4816 super
943 4747 1198 4815 lapidem,
1228 4752 1319 4819 qui
1365 4767 1469 4803 non
1499 4751 1797 4804 destruetur
1815 4753 1879 4804 ³⁵³.
1909 4753 1976 4807 Ει
2007 4753 2087 4808 sic
2119 4755 2173 4807 in
2203 4771 2330 4823 per-

754 4847 980 4905 petuum
1010 4837 1195 4891 traditi
1220 4848 1346 4891 sunt
1370 4840 1645 4907 gentibus,
1684 4851 1738 4895 et
1766 4842 1997 4911 dispersi
2029 4844 2083 4897 in
2110 4859 2328 4899 omnem

756 4938 959 4981 terram
995 4944 1022 4980 a
1059 4928 1310 4995 regibus,
1342 4946 1438 4985 eos
1480 4940 1608 4985 tunc
1650 4934 1704 4986 in
1748 4934 2121 5002 captivitatem
2156 4936 2330 4989 abdu-

756 5020 1038 5083 centibus,
1069 5020 1207 5073 adeo
1243 5030 1301 5073 ut
1337 5022 1389 5075 in
1429 5024 1649 5093 propria
1687 5026 1803 5079 loca
1847 5026 2083 5096 amplius
2126 5028 2329 5082 reverti

755 5113 981 5163 omnino
1009 5111 1075 5164 iis
1101 5111 1442 5180 prohibitum
1473 5116 1561 5168 sit.

825 5200 963 5254 ΧρΧΙ.
1001 5201 1089 5255 Sic
1127 5203 1295 5271 igitur
1320 5214 1376 5257 et
1406 5221 1551 5259 nunc
1587 5206 1729 5260 Deus
1764 5206 1941 5261 bonus
1972 5218 2027 5263 et
2059 5210 2330 5279 benignus

757 5292 1121 5362 longanimem
1172 5309 1230 5347 se
1284 5305 1506 5364 prmslat
1554 5313 1681 5367 erga
1734 5315 2182 5369 unumquemque
2234 5316 2331 5354 no-

757 5392 969 5446 strum,
1028 5381 1220 5434 videns
1286 5393 1552 5451 quantum
1618 5387 1849 5455 quisque
1911 5388 2213 5458 impingat;
2276 5402 2332 5444 et

756 5471 990 5538 quiescit
1015 5480 1358 5541 exspectans,
1385 5476 1604 5544 quando
1637 5478 1943 5545 resipiscat,
1969 5488 2025 5533 et
2048 5490 2331 5533 avertatur

2433 4580 2605 4641 οὓτως
2633 4579 2811 4632 αὐτῶν
2841 4581 2868 4632 6
2908 4580 3033 4642 ναὸς
3084 4580 3259 4633 ἔθνεσι
3302 4580 3623 4651 παραδοθεὶς
3664 4585 4013 4648 κατεσκάφη,

2433 4672 2527 4724 καὶ
2556 4670 2827 4740 ἠρημώθη
2862 4670 3001 4722 κατά
3030 4671 3131 4738 τὴν
3158 4671 3250 4723 τοῦ
3278 4672 3481 4739 Κυρίου
3512 4672 3806 4739 ἀπόφασιν·
3830 4675 3912 4724 Οὐ
3926 4672 4013 4740 μὴ

2427 4763 2605 4831 μείνῃ
2632 4763 2799 4828 λίθος
2826 4764 2924 4816 ἐπὶ
2950 4766 3123 4817 ,λίθον
3144 4758 3281 4825 ὧδε,
3313 4765 3381 4829 ὃς
3409 4768 3479 4817 οὐ
3507 4766 4013 4827 καταλυθήσεται.

2433 4856 2543 4907 Καὶ
2589 4855 2763 4917 οὕτως
2808 4859 2889 4917 εἰς
2927 4856 3078 4918 τέλος
3116 4856 3495 4925 παρεδόθησαν
3532 4860 3641 4919 τοῖς
3672 4855 3887 4917 ἔθνεσι,
3923 4858 4017 4908 καὶ

2432 4946 2927 5016 διεσκορπίσθησαν
2974 4948 3032 5000 ὲν
3078 4948 3226 5018 πάσῃ
3265 4951 3330 5018 τῇ
3362 4951 3429 5018 γῇ
3465 4948 3570 4999 ὑπὸ
3601 4948 3707 4999 τῶν
3735 4946 4017 5015 αἰχμαλω-

2433 5038 2698 5090 τισὰντων
2746 5039 2941 5101 αὐτοὺς
2992 5040 3113 5091 τότε
3156 5038 3452 5107 βασιλέων,
3515 5040 3711 5108 μηκέτι
3763 5039 3844 5098 εἰς
3887 5037 4017 5098 ’τοὺς

2435 5128 2597 5189 ίδίους
2626 5128 2948 5196 ἀνακάμψαι
2981 5131 3176 5189 τόπους
3209 5128 3607 5191 κελευσθέντες.

2507 5219 2636 5272 KA'.
2682 5219 2868 5280 Οὕτως
2890 5216 2985 5273 οὖν
3013 5220 3105 5271 καὶ
3128 5219 3221 5271 νῦν
3251 5220 3337 5287 ἐφ’
3362 5220 3573 5287 ἑκάστῳ
3599 5218 3755 5287 ἡμῶν
3784 5220 4018 5288 χρηστὸς

2436 5304 2512 5357 ὢν
2572 5308 2664 5357 καὶ
2709 5307 2949 5374 ἀγαθὸς,
3005 5307 3380 5377 μακροθυμεῖ,
3432 5308 3575 5376 ὁρῶν
3615 5309 3755 5359 πόσα
3786 5308 4020 5368 ἕκαστος

2440 5397 2792 5464 προσκόπτει,
2820 5400 2911 5451 καὶ
2932 5397 3191 5467 ἡσυχάζει
3217 5399 3585 5466 ἐκδεχόμενος,
3601 5399 3728 5449 πότε
3747 5397 4017 5467 διανήψει,

2438 5486 2529 5538 καὶ
2584 5490 3063 5557 ἀποστραφήσεται
3116 5489 3211 5542 τοῦ
3266 5491 3463 5559 μηκέτι
3507 5489 3910 5557 προσκόπτειν,
3960 5489 4019 5539 ὲν

763 5578 794 5617 a
834 5562 1240 5618 committendis
1280 5569 1550 5633 peccatis,
1589 5568 1857 5637 recipiens
1890 5584 2017 5624 eum
2053 5586 2082 5623 ιι
2118 5582 2341 5639 peccato
2419 5593 2448 5626 π

2333 5592 2341 5624 ι
2419 5578 2586 5643 πολλῇ
2630 5579 2815 5651 ἀγάπῃ
2868 5583 2962 5633 καλ⁵
3008 5584 3150 5651 χαρᾷ
3199 5584 3291 5635 τὸν
3334 5582 3735 5651 ἐπιστρέφοντα
3782 5580 3890 5635 ἀπὸ
3921 5581 4018 5647 τῆς

830 5749 873 5780 δ’
896 5751 1053 5804 Rom.
1081 5767 1138 5817 ιι,
1163 5753 1215 5804 Il.
1291 5752 1334 5783 "’
1360 5751 1497 5806 ibid.
1538 5754 1586 5807 5.
1666 5754 1709 5787 ⁸⁸
1734 5756 1892 5810 Rom.
1918 5773 1989 5822 ix,
2020 5759 2069 5822 4,
2098 5760 2147 5811 5.
2226 5764 2265 5793 κδ
2292 5759 2480 5813 Matth.
2509 5777 2649 5825 xxiv,
2674 5763 2705 5815 Ξ
