  <div class='ocr_page' id='page_1' title='image "/cluster/home/n/w/nwhite01/storage/ocr_20150623/34/nnc1.0046978860/254.png"; bbox 0 0 4266 6356; ppageno 0'>
   <div class='ocr_carea' id='block_1_1' title="bbox 269 364 377 429">
    <p class='ocr_par' dir='ltr' id='par_1_1' title="bbox 269 364 377 429">
     <span class='ocr_line' id='line_1_1' title="bbox 269 364 377 429; baseline 0.019 -2"><span class='ocrx_word' id='word_1_1' title='bbox 269 364 377 429; x_wconf 68' lang='lat'><strong>£89</strong></span> 
     </span>
    </p>
   </div>
   <div class='ocr_carea' id='block_1_2' title="bbox 1510 374 2323 447">
    <p class='ocr_par' dir='ltr' id='par_1_2' title="bbox 1510 374 2323 447">
     <span class='ocr_line' id='line_1_2' title="bbox 1510 374 2323 447; baseline 0.004 -9"><span class='ocrx_word' id='word_1_2' title='bbox 1510 378 1877 442; x_wconf 73' lang='lat' dir='ltr'><strong>HOMILIIE.</strong></span> <span class='ocrx_word' id='word_1_3' title='bbox 1908 408 1973 418; x_wconf 90' lang='lat'><em>-</em></span> <span class='ocrx_word' id='word_1_4' title='bbox 1997 378 2205 447; x_wconf 49' lang='grc' dir='ltr'><strong>ΗΟΜΣ</strong></span> <span class='ocrx_word' id='word_1_5' title='bbox 2226 374 2323 444; x_wconf 76' lang='grc' dir='ltr'><strong>Ν.</strong></span> 
     </span>
    </p>
   </div>
   <div class='ocr_carea' id='block_1_3' title="bbox 3433 394 3538 461">
    <p class='ocr_par' dir='ltr' id='par_1_3' title="bbox 3433 394 3538 461">
     <span class='ocr_line' id='line_1_3' title="bbox 3433 394 3538 461; baseline 0.057 -6"><span class='ocrx_word' id='word_1_6' title='bbox 3433 394 3538 461; x_wconf 75' lang='lat'><strong>490</strong></span> 
     </span>
    </p>
   </div>
   <div class='ocr_carea' id='block_1_4' title="bbox 272 472 1957 568">
    <p class='ocr_par' dir='ltr' id='par_1_4' title="bbox 272 472 1931 568">
     <span class='ocr_line' id='line_1_4' title="bbox 272 472 1931 568; baseline 0.011 -42"><span class='ocrx_word' id='word_1_7' title='bbox 272 472 881 568; x_wconf 47' lang='lat' dir='ltr'><strong>enuptiag_bsx6pevo;.</strong></span> <span class='ocrx_word' id='word_1_8' title='bbox 921 476 1080 535; x_wconf 77' lang='grc' dir='ltr'>Οὕτω</span> <span class='ocrx_word' id='word_1_9' title='bbox 1109 482 1214 553; x_wconf 87' lang='grc' dir='ltr'><strong>γάρ</strong></span> <span class='ocrx_word' id='word_1_10' title='bbox 1246 501 1400 556; x_wconf 79' lang='grc' dir='ltr'>φησιο</span> <span class='ocrx_word' id='word_1_11' title='bbox 1441 486 1606 554; x_wconf 82' lang='grc' dir='ltr'>Χαρὰ</span> <span class='ocrx_word' id='word_1_12' title='bbox 1634 488 1857 557; x_wconf 77' lang='grc' dir='ltr'>γίνεται</span> <span class='ocrx_word' id='word_1_13' title='bbox 1889 490 1931 545; x_wconf 80' lang='lat' dir='ltr'><strong>A</strong></span> 
     </span>
    </p>
   </div>
   <div class='ocr_carea' id='block_1_5' title="bbox 1855 472 3540 568">
    <p class='ocr_par' dir='ltr' id='par_1_5' title="bbox 1855 490 3540 568">
     <span class='ocr_line' id='line_1_5' title="bbox 1855 490 3540 568; baseline 0.008 -23"><span class='ocrx_word' id='word_1_14' title='bbox 1855 490 1931 545; x_wconf 22' lang='lat' dir='ltr'><strong>VA</strong></span> <span class='ocrx_word' id='word_1_15' title='bbox 1960 509 2289 549; x_wconf 89' lang='lat' dir='ltr'><strong>conversum</strong></span> <span class='ocrx_word' id='word_1_16' title='bbox 2336 509 2463 548; x_wconf 90' lang='lat' dir='ltr'><strong>cum</strong></span> <span class='ocrx_word' id='word_1_17' title='bbox 2513 508 2705 566; x_wconf 88' lang='lat' dir='ltr'><strong>magna</strong></span> <span class='ocrx_word' id='word_1_18' title='bbox 2748 494 3044 551; x_wconf 82' lang='lat' dir='ltr'><strong>dilectione</strong></span> <span class='ocrx_word' id='word_1_19' title='bbox 3089 504 3146 551; x_wconf 89' lang='lat' dir='ltr'><strong>et</strong></span> <span class='ocrx_word' id='word_1_20' title='bbox 3189 499 3408 568; x_wconf 86' lang='lat' dir='ltr'><strong>gaudio.</strong></span> <span class='ocrx_word' id='word_1_21' title='bbox 3450 504 3540 559; x_wconf 90' lang='lat' dir='ltr'><strong>Sic</strong></span> 
     </span>
    </p>
   </div>
   <div class='ocr_carea' id='block_1_6' title="bbox 269 564 1859 641">
    <p class='ocr_par' dir='ltr' id='par_1_6' title="bbox 269 564 1859 641">
     <span class='ocr_line' id='line_1_6' title="bbox 269 564 1859 641; baseline 0.011 -24"><span class='ocrx_word' id='word_1_22' title='bbox 269 564 371 619; x_wconf 73' lang='grc' dir='ltr'><strong>ἐπὶ</strong></span> <span class='ocrx_word' id='word_1_23' title='bbox 395 565 484 619; x_wconf 76' lang='grc' dir='ltr'><strong>ἐνί</strong></span> <span class='ocrx_word' id='word_1_24' title='bbox 531 566 855 636; x_wconf 79' lang='grc' dir='ltr'>ἁμαρτωλῷ</span> <span class='ocrx_word' id='word_1_25' title='bbox 876 575 1271 641; x_wconf 74' lang='grc' dir='ltr'><strong>μετανοοῦντι</strong></span> <span class='ocrx_word' id='word_1_26' title='bbox 1291 592 1305 603; x_wconf 92' lang='grc'><strong>·</strong></span> <span class='ocrx_word' id='word_1_27' title='bbox 1367 579 1461 633; x_wconf 81' lang='grc' dir='ltr'>καὶ</span> <span class='ocrx_word' id='word_1_28' title='bbox 1503 579 1664 633; x_wconf 85' lang='grc' dir='ltr'>πάλιν</span> <span class='ocrx_word' id='word_1_29' title='bbox 1694 597 1708 613; x_wconf 72' lang='grc' dir='ltr'>ν</span> <span class='ocrx_word' id='word_1_30' title='bbox 1738 582 1859 635; x_wconf 79' lang='grc' dir='ltr'><strong>Οὐκ</strong></span> 
     </span>
    </p>
   </div>
   <div class='ocr_carea' id='block_1_7' title="bbox 270 656 1861 740">
    <p class='ocr_par' dir='ltr' id='par_1_7' title="bbox 270 656 1861 740">
     <span class='ocr_line' id='line_1_7' title="bbox 270 656 1861 740; baseline 0.012 -31"><span class='ocrx_word' id='word_1_31' title='bbox 270 656 405 711; x_wconf 66' lang='grc' dir='ltr'>ἔστι</span> <span class='ocrx_word' id='word_1_32' title='bbox 451 657 679 727; x_wconf 69' lang='grc' dir='ltr'>θέλημα</span> <span class='ocrx_word' id='word_1_33' title='bbox 723 660 829 715; x_wconf 86' lang='grc' dir='ltr'><strong>τοῦ</strong></span> <span class='ocrx_word' id='word_1_34' title='bbox 855 665 1085 732; x_wconf 82' lang='grc' dir='ltr'><strong>Πατρός</strong></span> <span class='ocrx_word' id='word_1_35' title='bbox 1130 684 1272 735; x_wconf 82' lang='grc' dir='ltr'>μου,</span> <span class='ocrx_word' id='word_1_36' title='bbox 1316 670 1419 724; x_wconf 74' lang='grc' dir='ltr'><strong>ἵνα</strong></span> <span class='ocrx_word' id='word_1_37' title='bbox 1447 673 1746 740; x_wconf 77' lang='grc' dir='ltr'><strong>ἀπόληται</strong></span> <span class='ocrx_word' id='word_1_38' title='bbox 1773 669 1861 740; x_wconf 73' lang='grc' dir='ltr'>εἷς</span> 
     </span>
    </p>
   </div>
   <div class='ocr_carea' id='block_1_8' title="bbox 272 749 1861 835">
    <p class='ocr_par' dir='ltr' id='par_1_8' title="bbox 272 749 1861 835">
     <span class='ocr_line' id='line_1_8' title="bbox 272 749 1861 835; baseline 0.013 -34"><span class='ocrx_word' id='word_1_39' title='bbox 272 749 398 803; x_wconf 79' lang='grc' dir='ltr'><strong>τῶν</strong></span> <span class='ocrx_word' id='word_1_40' title='bbox 417 751 650 820; x_wconf 79' lang='grc' dir='ltr'>μικρῶν</span> <span class='ocrx_word' id='word_1_41' title='bbox 676 755 903 809; x_wconf 80' lang='grc' dir='ltr'>τούτων</span> <span class='ocrx_word' id='word_1_42' title='bbox 930 758 1052 812; x_wconf 83' lang='grc' dir='ltr'><strong>τῶν</strong></span> <span class='ocrx_word' id='word_1_43' title='bbox 1074 760 1433 831; x_wconf 73' lang='grc' dir='ltr'><strong>ἐλαχίστων.</strong></span> <span class='ocrx_word' id='word_1_44' title='bbox 1472 766 1535 819; x_wconf 77' lang='grc' dir='ltr'><strong>Εἰ</strong></span> <span class='ocrx_word' id='word_1_45' title='bbox 1561 766 1618 819; x_wconf 85' lang='grc' dir='ltr'><strong>δέ</strong></span> <span class='ocrx_word' id='word_1_46' title='bbox 1650 785 1733 831; x_wconf 84' lang='grc' dir='ltr'><strong>τις</strong></span> <span class='ocrx_word' id='word_1_47' title='bbox 1759 768 1861 835; x_wconf 81' lang='grc' dir='ltr'>τῆς</span> 
     </span>
    </p>
   </div>
   <div class='ocr_carea' id='block_1_9' title="bbox 273 843 1860 929">
    <p class='ocr_par' dir='ltr' id='par_1_9' title="bbox 273 843 1860 929">
     <span class='ocr_line' id='line_1_9' title="bbox 273 843 1860 929; baseline 0.013 -37"><span class='ocrx_word' id='word_1_48' title='bbox 273 843 647 912; x_wconf 81' lang='grc' dir='ltr'><strong>χρηστότητος</strong></span> <span class='ocrx_word' id='word_1_49' title='bbox 680 845 777 899; x_wconf 76' lang='grc' dir='ltr'>καὶ</span> <span class='ocrx_word' id='word_1_50' title='bbox 803 849 1189 922; x_wconf 82' lang='grc' dir='ltr'><strong>μακροθυμίας</strong></span> <span class='ocrx_word' id='word_1_51' title='bbox 1217 854 1310 907; x_wconf 87' lang='grc' dir='ltr'><strong>τοῦ</strong></span> <span class='ocrx_word' id='word_1_52' title='bbox 1338 856 1473 910; x_wconf 87' lang='grc' dir='ltr'>Θεοῦ</span> <span class='ocrx_word' id='word_1_53' title='bbox 1509 858 1705 929; x_wconf 82' lang='grc' dir='ltr'>πολλῆς</span> <span class='ocrx_word' id='word_1_54' title='bbox 1738 862 1860 912; x_wconf 86' lang='grc' dir='ltr'>ἐπι-</span> 
     </span>
    </p>
   </div>
   <div class='ocr_carea' id='block_1_10' title="bbox 272 934 1860 1018">
    <p class='ocr_par' dir='ltr' id='par_1_10' title="bbox 272 934 1860 1018">
     <span class='ocr_line' id='line_1_10' title="bbox 272 934 1860 1018; baseline 0.01 -31"><span class='ocrx_word' id='word_1_55' title='bbox 272 934 561 1005; x_wconf 29' lang='grc' dir='ltr'>κειμένης,</span> <span class='ocrx_word' id='word_1_56' title='bbox 590 934 678 988; x_wconf 84' lang='grc' dir='ltr'>ἐπ’</span> <span class='ocrx_word' id='word_1_57' title='bbox 719 938 899 1009; x_wconf 83' lang='grc' dir='ltr'>αὐτῷ,</span> <span class='ocrx_word' id='word_1_58' title='bbox 956 940 1032 1012; x_wconf 82' lang='grc' dir='ltr'>μὴ</span> <span class='ocrx_word' id='word_1_59' title='bbox 1070 943 1502 1017; x_wconf 73' lang='grc' dir='ltr'>ἐπεξεργομένου</span> <span class='ocrx_word' id='word_1_60' title='bbox 1536 950 1614 1011; x_wconf 76' lang='grc' dir='ltr'><strong>εἰς</strong></span> <span class='ocrx_word' id='word_1_61' title='bbox 1646 949 1860 1018; x_wconf 79' lang='grc' dir='ltr'><strong>ἄμυναν</strong></span> 
     </span>
    </p>
   </div>
   <div class='ocr_carea' id='block_1_11' title="bbox 268 1024 1857 1109">
    <p class='ocr_par' dir='ltr' id='par_1_11' title="bbox 268 1024 1857 1109">
     <span class='ocr_line' id='line_1_11' title="bbox 268 1024 1857 1109; baseline 0.012 -35"><span class='ocrx_word' id='word_1_62' title='bbox 268 1024 389 1086; x_wconf 74' lang='grc' dir='ltr'>τοῖς</span> <span class='ocrx_word' id='word_1_63' title='bbox 434 1026 578 1080; x_wconf 81' lang='grc' dir='ltr'>κατὰ</span> <span class='ocrx_word' id='word_1_64' title='bbox 626 1027 793 1099; x_wconf 80' lang='grc' dir='ltr'><strong>μέρος</strong></span> <span class='ocrx_word' id='word_1_65' title='bbox 832 1029 941 1083; x_wconf 82' lang='grc' dir='ltr'><strong>τῶν</strong></span> <span class='ocrx_word' id='word_1_66' title='bbox 970 1032 1385 1105; x_wconf 83' lang='grc' dir='ltr'><strong>ἁμαρτημάτων</strong></span> <span class='ocrx_word' id='word_1_67' title='bbox 1412 1040 1857 1109; x_wconf 88' lang='grc' dir='ltr'>προσκόμμασιν,</span> 
     </span>
    </p>
   </div>
   <div class='ocr_carea' id='block_1_12' title="bbox 271 1111 1862 1197">
    <p class='ocr_par' dir='ltr' id='par_1_12' title="bbox 271 1111 1862 1197">
     <span class='ocr_line' id='line_1_12' title="bbox 271 1111 1862 1197; baseline 0.011 -34"><span class='ocrx_word' id='word_1_68' title='bbox 271 1111 387 1165; x_wconf 82' lang='grc' dir='ltr'>εἴτε</span> <span class='ocrx_word' id='word_1_69' title='bbox 440 1118 740 1183; x_wconf 75' lang='grc' dir='ltr'><strong>κρυπτοῖς,</strong></span> <span class='ocrx_word' id='word_1_70' title='bbox 792 1118 905 1171; x_wconf 83' lang='grc' dir='ltr'>εῐτε</span> <span class='ocrx_word' id='word_1_71' title='bbox 951 1125 1224 1190; x_wconf 80' lang='grc' dir='ltr'>φανεροῖς,</span> <span class='ocrx_word' id='word_1_72' title='bbox 1262 1124 1498 1193; x_wconf 84' lang='grc' dir='ltr'>ὁρῶντος</span> <span class='ocrx_word' id='word_1_73' title='bbox 1532 1126 1625 1179; x_wconf 78' lang='grc' dir='ltr'><strong>καὶ</strong></span> <span class='ocrx_word' id='word_1_74' title='bbox 1655 1126 1862 1197; x_wconf 73' lang='grc' dir='ltr'>ἡσυχά-</span> 
     </span>
    </p>
   </div>
   <div class='ocr_carea' id='block_1_13' title="bbox 273 1201 1861 1282">
    <p class='ocr_par' dir='ltr' id='par_1_13' title="bbox 273 1201 1861 1282">
     <span class='ocr_line' id='line_1_13' title="bbox 273 1201 1861 1282; baseline 0.009 -29"><span class='ocrx_word' id='word_1_75' title='bbox 273 1201 463 1268; x_wconf 78' lang='grc' dir='ltr'>ζοντος</span> <span class='ocrx_word' id='word_1_76' title='bbox 492 1204 567 1265; x_wconf 85' lang='grc' dir='ltr'>ὡς</span> <span class='ocrx_word' id='word_1_77' title='bbox 596 1206 674 1268; x_wconf 84' lang='grc' dir='ltr'><strong>είς</strong></span> <span class='ocrx_word' id='word_1_78' title='bbox 707 1207 996 1276; x_wconf 84' lang='grc' dir='ltr'>μετάνοιαν</span> <span class='ocrx_word' id='word_1_79' title='bbox 1024 1210 1380 1282; x_wconf 73' lang='grc' dir='ltr'>ἐκδεχομένου</span> <span class='ocrx_word' id='word_1_80' title='bbox 1410 1214 1502 1268; x_wconf 80' lang='grc' dir='ltr'><strong>τοῦ</strong></span> <span class='ocrx_word' id='word_1_81' title='bbox 1520 1214 1678 1277; x_wconf 83' lang='grc' dir='ltr'>Θεοῦ,</span> <span class='ocrx_word' id='word_1_82' title='bbox 1700 1216 1861 1279; x_wconf 82' lang='grc' dir='ltr'>αὐτὸς</span> 
     </span>
    </p>
   </div>
   <div class='ocr_carea' id='block_1_14' title="bbox 275 1291 1861 1377">
    <p class='ocr_par' dir='ltr' id='par_1_14' title="bbox 275 1291 1861 1377">
     <span class='ocr_line' id='line_1_14' title="bbox 275 1291 1861 1377; baseline 0.01 -34"><span class='ocrx_word' id='word_1_83' title='bbox 275 1291 359 1355; x_wconf 78' lang='grc' dir='ltr'><strong>είς</strong></span> <span class='ocrx_word' id='word_1_84' title='bbox 388 1294 793 1365; x_wconf 81' lang='grc' dir='ltr'><strong>καταφρόνησιν</strong></span> <span class='ocrx_word' id='word_1_85' title='bbox 823 1298 1022 1370; x_wconf 84' lang='grc' dir='ltr'>πολλὴν</span> <span class='ocrx_word' id='word_1_86' title='bbox 1051 1300 1219 1356; x_wconf 85' lang='grc' dir='ltr'>ἐλθὼν</span> <span class='ocrx_word' id='word_1_87' title='bbox 1238 1343 1257 1367; x_wconf 93' lang='grc'><strong>,</strong></span> <span class='ocrx_word' id='word_1_88' title='bbox 1291 1304 1664 1377; x_wconf 80' lang='grc' dir='ltr'>ἁμαρτήματα</span> <span class='ocrx_word' id='word_1_89' title='bbox 1694 1324 1861 1377; x_wconf 87' lang='grc' dir='ltr'>προσ-</span> 
     </span>
    </p>
   </div>
   <div class='ocr_carea' id='block_1_15' title="bbox 276 1382 1860 1471">
    <p class='ocr_par' dir='ltr' id='par_1_15' title="bbox 276 1382 1860 1471">
     <span class='ocr_line' id='line_1_15' title="bbox 276 1382 1860 1471; baseline 0.013 -38"><span class='ocrx_word' id='word_1_90' title='bbox 276 1382 494 1450; x_wconf 88' lang='grc' dir='ltr'>τίθησιν</span> <span class='ocrx_word' id='word_1_91' title='bbox 547 1386 641 1439; x_wconf 80' lang='grc' dir='ltr'><strong>ἐπὶ</strong></span> <span class='ocrx_word' id='word_1_92' title='bbox 684 1388 1099 1459; x_wconf 82' lang='grc' dir='ltr'>ἁμαρτήματα,</span> <span class='ocrx_word' id='word_1_93' title='bbox 1155 1395 1252 1447; x_wconf 75' lang='grc' dir='ltr'><strong>καὶ</strong></span> <span class='ocrx_word' id='word_1_94' title='bbox 1304 1396 1577 1469; x_wconf 81' lang='grc' dir='ltr'>ρᾳθυμίαν</span> <span class='ocrx_word' id='word_1_95' title='bbox 1628 1398 1720 1449; x_wconf 77' lang='grc' dir='ltr'><strong>ἐπὶ</strong></span> <span class='ocrx_word' id='word_1_96' title='bbox 1763 1400 1860 1471; x_wconf 79' lang='grc' dir='ltr'><strong>ρᾳ-</strong></span> 
     </span>
    </p>
   </div>
   <div class='ocr_carea' id='block_1_16' title="bbox 278 1474 1863 1561">
    <p class='ocr_par' dir='ltr' id='par_1_16' title="bbox 278 1474 1863 1561">
     <span class='ocr_line' id='line_1_16' title="bbox 278 1474 1863 1561; baseline 0.011 -34"><span class='ocrx_word' id='word_1_97' title='bbox 278 1474 485 1545; x_wconf 87' lang='grc' dir='ltr'>θυμίαν</span> <span class='ocrx_word' id='word_1_98' title='bbox 534 1481 835 1547; x_wconf 85' lang='grc' dir='ltr'>συνάπτει,</span> <span class='ocrx_word' id='word_1_99' title='bbox 890 1484 985 1537; x_wconf 76' lang='grc' dir='ltr'><strong>καὶ</strong></span> <span class='ocrx_word' id='word_1_100' title='bbox 1029 1486 1363 1558; x_wconf 82' lang='grc' dir='ltr'>πρόσκομμα</span> <span class='ocrx_word' id='word_1_101' title='bbox 1401 1490 1495 1542; x_wconf 76' lang='grc' dir='ltr'>ἐπὶ</span> <span class='ocrx_word' id='word_1_102' title='bbox 1530 1491 1863 1561; x_wconf 86' lang='grc' dir='ltr'>πρόσκομμα</span> 
     </span>
    </p>
   </div>
   <div class='ocr_carea' id='block_1_17' title="bbox 276 1566 1863 1651">
    <p class='ocr_par' dir='ltr' id='par_1_17' title="bbox 276 1566 1863 1651">
     <span class='ocr_line' id='line_1_17' title="bbox 276 1566 1863 1651; baseline 0.012 -34"><span class='ocrx_word' id='word_1_103' title='bbox 276 1566 574 1635; x_wconf 78' lang='grc' dir='ltr'>οἰκοδομεῖ,</span> <span class='ocrx_word' id='word_1_104' title='bbox 617 1570 817 1641; x_wconf 82' lang='grc' dir='ltr'>πληροῖ</span> <span class='ocrx_word' id='word_1_105' title='bbox 844 1574 969 1637; x_wconf 82' lang='grc' dir='ltr'>τοὺς</span> <span class='ocrx_word' id='word_1_106' title='bbox 997 1578 1156 1646; x_wconf 84' lang='grc' dir='ltr'>ὄρους</span> <span class='ocrx_word' id='word_1_107' title='bbox 1184 1578 1293 1631; x_wconf 88' lang='grc' dir='ltr'><strong>τῶν</strong></span> <span class='ocrx_word' id='word_1_108' title='bbox 1320 1580 1623 1651; x_wconf 82' lang='grc' dir='ltr'>ἁμαρτιῶν,</span> <span class='ocrx_word' id='word_1_109' title='bbox 1664 1584 1755 1636; x_wconf 75' lang='grc' dir='ltr'>καὶ</span> <span class='ocrx_word' id='word_1_110' title='bbox 1783 1585 1863 1647; x_wconf 85' lang='grc' dir='ltr'><strong>είς</strong></span> 
     </span>
    </p>
   </div>
   <div class='ocr_carea' id='block_1_18' title="bbox 275 1658 1862 1739">
    <p class='ocr_par' dir='ltr' id='par_1_18' title="bbox 275 1658 1862 1739">
     <span class='ocr_line' id='line_1_18' title="bbox 275 1658 1862 1739; baseline 0.013 -31"><span class='ocrx_word' id='word_1_111' title='bbox 275 1658 535 1711; x_wconf 71' lang='grc' dir='ltr'>τοσοῦτον</span> <span class='ocrx_word' id='word_1_112' title='bbox 581 1660 769 1716; x_wconf 89' lang='grc' dir='ltr'>λοιπὸν</span> <span class='ocrx_word' id='word_1_113' title='bbox 817 1666 1154 1737; x_wconf 77' lang='grc' dir='ltr'>πρόσκομμα</span> <span class='ocrx_word' id='word_1_114' title='bbox 1205 1669 1456 1739; x_wconf 84' lang='grc' dir='ltr'>ἔρχεται,</span> <span class='ocrx_word' id='word_1_115' title='bbox 1498 1672 1556 1738; x_wconf 77' lang='grc' dir='ltr'>ἐξ</span> <span class='ocrx_word' id='word_1_116' title='bbox 1586 1667 1647 1727; x_wconf 76' lang='grc' dir='ltr'><strong>οῦ</strong></span> <span class='ocrx_word' id='word_1_117' title='bbox 1679 1674 1862 1727; x_wconf 79' lang='grc' dir='ltr'>οὐκέτι</span> 
     </span>
    </p>
   </div>
   <div class='ocr_carea' id='block_1_19' title="bbox 276 1746 1862 1829">
    <p class='ocr_par' dir='ltr' id='par_1_19' title="bbox 276 1746 1862 1829">
     <span class='ocr_line' id='line_1_19' title="bbox 276 1746 1862 1829; baseline 0.013 -31"><span class='ocrx_word' id='word_1_118' title='bbox 276 1746 504 1801; x_wconf 79' lang='grc' dir='ltr'>δύναται</span> <span class='ocrx_word' id='word_1_119' title='bbox 548 1750 883 1818; x_wconf 81' lang='grc' dir='ltr'>ἀνανεῦσαι,</span> <span class='ocrx_word' id='word_1_120' title='bbox 934 1756 1071 1810; x_wconf 80' lang='grc' dir='ltr'><strong>ἀλλά</strong></span> <span class='ocrx_word' id='word_1_121' title='bbox 1110 1759 1455 1829; x_wconf 88' lang='grc' dir='ltr'>συντρίϐεται</span> <span class='ocrx_word' id='word_1_122' title='bbox 1488 1762 1580 1815; x_wconf 78' lang='grc' dir='ltr'>καὶ</span> <span class='ocrx_word' id='word_1_123' title='bbox 1608 1766 1687 1826; x_wconf 87' lang='grc' dir='ltr'><strong>είς</strong></span> <span class='ocrx_word' id='word_1_124' title='bbox 1714 1764 1862 1828; x_wconf 86' lang='grc' dir='ltr'>τέλος</span> 
     </span>
    </p>
   </div>
   <div class='ocr_carea' id='block_1_20' title="bbox 275 1838 1316 1913">
    <p class='ocr_par' dir='ltr' id='par_1_20' title="bbox 275 1838 1316 1913">
     <span class='ocr_line' id='line_1_20' title="bbox 275 1838 1316 1913; baseline 0.014 -24"><span class='ocrx_word' id='word_1_125' title='bbox 275 1838 357 1907; x_wconf 82' lang='grc' dir='ltr'>τῷ</span> <span class='ocrx_word' id='word_1_126' title='bbox 386 1840 611 1911; x_wconf 86' lang='grc' dir='ltr'>πονηρῷ</span> <span class='ocrx_word' id='word_1_127' title='bbox 641 1843 967 1913; x_wconf 79' lang='grc' dir='ltr'>παραδοθεὶς</span> <span class='ocrx_word' id='word_1_128' title='bbox 999 1847 1316 1905; x_wconf 87' lang='grc' dir='ltr'>ἀπόλλυται.</span> 
     </span>
    </p>
   </div>
   <div class='ocr_carea' id='block_1_21' title="bbox 350 1930 1861 2015">
    <p class='ocr_par' dir='ltr' id='par_1_21' title="bbox 350 1930 1861 2015">
     <span class='ocr_line' id='line_1_21' title="bbox 350 1930 1861 2015; baseline 0.011 -32"><span class='ocrx_word' id='word_1_129' title='bbox 350 1930 478 1986; x_wconf 79' lang='lat' dir='ltr'><strong>KB&#39;.</strong></span> <span class='ocrx_word' id='word_1_130' title='bbox 495 1931 680 1995; x_wconf 85' lang='grc' dir='ltr'>Οῦτως</span> <span class='ocrx_word' id='word_1_131' title='bbox 694 1936 785 1988; x_wconf 77' lang='grc' dir='ltr'><strong>ἐπὶ</strong></span> <span class='ocrx_word' id='word_1_132' title='bbox 802 1937 1050 2007; x_wconf 85' lang='grc' dir='ltr'>Σοδόμων</span> <span class='ocrx_word' id='word_1_133' title='bbox 1066 1940 1276 2009; x_wconf 83' lang='grc' dir='ltr'>γέγονε.</span> <span class='ocrx_word' id='word_1_134' title='bbox 1294 1941 1471 1997; x_wconf 86' lang='grc' dir='ltr'>Πολλά</span> <span class='ocrx_word' id='word_1_135' title='bbox 1486 1944 1592 2014; x_wconf 86' lang='grc' dir='ltr'>γὰρ</span> <span class='ocrx_word' id='word_1_136' title='bbox 1610 1946 1861 2015; x_wconf 80' lang='grc' dir='ltr'>ἀμαρτάο</span> 
     </span>
    </p>
   </div>
   <div class='ocr_carea' id='block_1_22' title="bbox 274 2024 1860 2107">
    <p class='ocr_par' dir='ltr' id='par_1_22' title="bbox 274 2024 1860 2107">
     <span class='ocr_line' id='line_1_22' title="bbox 274 2024 1860 2107; baseline 0.011 -34"><span class='ocrx_word' id='word_1_137' title='bbox 274 2037 462 2084; x_wconf 83' lang='grc' dir='ltr'>νοντες</span> <span class='ocrx_word' id='word_1_138' title='bbox 507 2024 604 2076; x_wconf 78' lang='grc' dir='ltr'><strong>καὶ</strong></span> <span class='ocrx_word' id='word_1_139' title='bbox 645 2025 746 2078; x_wconf 81' lang='grc' dir='ltr'><strong>οὐκ</strong></span> <span class='ocrx_word' id='word_1_140' title='bbox 774 2026 1228 2099; x_wconf 85' lang='grc' dir='ltr'>ἐπιστρέφοντες,</span> <span class='ocrx_word' id='word_1_141' title='bbox 1265 2032 1489 2105; x_wconf 80' lang='grc' dir='ltr'>ὕστερον</span> <span class='ocrx_word' id='word_1_142' title='bbox 1520 2034 1663 2088; x_wconf 75' lang='grc' dir='ltr'>οὕτω</span> <span class='ocrx_word' id='word_1_143' title='bbox 1690 2054 1860 2107; x_wconf 83' lang='grc' dir='ltr'>προσ·</span> 
     </span>
    </p>
   </div>
   <div class='ocr_carea' id='block_1_23' title="bbox 278 2116 1859 2204">
    <p class='ocr_par' dir='ltr' id='par_1_23' title="bbox 278 2116 1859 2204">
     <span class='ocr_line' id='line_1_23' title="bbox 278 2116 1859 2204; baseline 0.011 -36"><span class='ocrx_word' id='word_1_144' title='bbox 278 2116 484 2185; x_wconf 70' lang='grc' dir='ltr'>έκοψαν</span> <span class='ocrx_word' id='word_1_145' title='bbox 534 2119 628 2172; x_wconf 79' lang='grc' dir='ltr'>ἐπὶ</span> <span class='ocrx_word' id='word_1_146' title='bbox 669 2124 734 2191; x_wconf 76' lang='grc' dir='ltr'><strong>τῇ</strong></span> <span class='ocrx_word' id='word_1_147' title='bbox 780 2122 889 2177; x_wconf 88' lang='grc' dir='ltr'><strong>τῶν</strong></span> <span class='ocrx_word' id='word_1_148' title='bbox 928 2125 1177 2192; x_wconf 86' lang='grc' dir='ltr'>ἀγγέλων</span> <span class='ocrx_word' id='word_1_149' title='bbox 1219 2132 1362 2199; x_wconf 79' lang='grc' dir='ltr'>κακῇ</span> <span class='ocrx_word' id='word_1_150' title='bbox 1397 2128 1596 2200; x_wconf 82' lang='grc' dir='ltr'>βουλῇ,</span> <span class='ocrx_word' id='word_1_151' title='bbox 1634 2133 1859 2204; x_wconf 81' lang='grc' dir='ltr'>ὁρρενο-</span> 
     </span>
    </p>
   </div>
   <div class='ocr_carea' id='block_1_24' title="bbox 276 2214 1860 2293">
    <p class='ocr_par' dir='ltr' id='par_1_24' title="bbox 276 2214 1860 2293">
     <span class='ocr_line' id='line_1_24' title="bbox 276 2214 1860 2293; baseline 0.011 -30"><span class='ocrx_word' id='word_1_152' title='bbox 276 2214 491 2265; x_wconf 89' lang='grc' dir='ltr'>κοιτίαν</span> <span class='ocrx_word' id='word_1_153' title='bbox 543 2215 625 2278; x_wconf 80' lang='grc' dir='ltr'><strong>είς</strong></span> <span class='ocrx_word' id='word_1_154' title='bbox 670 2217 866 2284; x_wconf 78' lang='grc' dir='ltr'>αὐτοὺς</span> <span class='ocrx_word' id='word_1_155' title='bbox 915 2220 1255 2290; x_wconf 79' lang='grc' dir='ltr'>ἐργάσασθαι</span> <span class='ocrx_word' id='word_1_156' title='bbox 1304 2223 1668 2293; x_wconf 86' lang='grc' dir='ltr'>θελήσαντες,</span> <span class='ocrx_word' id='word_1_157' title='bbox 1720 2226 1860 2281; x_wconf 79' lang='grc' dir='ltr'>ὥστε</span> 
     </span>
    </p>
   </div>
   <div class='ocr_carea' id='block_1_25' title="bbox 279 2303 1861 2382">
    <p class='ocr_par' dir='ltr' id='par_1_25' title="bbox 279 2303 1861 2382">
     <span class='ocr_line' id='line_1_25' title="bbox 279 2303 1861 2382; baseline 0.011 -27"><span class='ocrx_word' id='word_1_158' title='bbox 279 2303 482 2372; x_wconf 82' lang='grc' dir='ltr'>μηκέτι</span> <span class='ocrx_word' id='word_1_159' title='bbox 535 2307 732 2371; x_wconf 79' lang='grc' dir='ltr'>αὐτοὺς</span> <span class='ocrx_word' id='word_1_160' title='bbox 794 2309 937 2379; x_wconf 86' lang='grc' dir='ltr'>ἔχειν</span> <span class='ocrx_word' id='word_1_161' title='bbox 991 2313 1323 2381; x_wconf 85' lang='grc' dir='ltr'>μετάνοιαν,</span> <span class='ocrx_word' id='word_1_162' title='bbox 1392 2315 1524 2371; x_wconf 86' lang='grc' dir='ltr'>ἀλλ’</span> <span class='ocrx_word' id='word_1_163' title='bbox 1580 2320 1659 2381; x_wconf 82' lang='grc' dir='ltr'><strong>είς</strong></span> <span class='ocrx_word' id='word_1_164' title='bbox 1708 2319 1861 2382; x_wconf 85' lang='grc' dir='ltr'>τέλος</span> 
     </span>
    </p>
   </div>
   <div class='ocr_carea' id='block_1_26' title="bbox 276 2395 1860 2480">
    <p class='ocr_par' dir='ltr' id='par_1_26' title="bbox 276 2395 1860 2480">
     <span class='ocr_line' id='line_1_26' title="bbox 276 2395 1860 2480; baseline 0.011 -33"><span class='ocrx_word' id='word_1_165' title='bbox 276 2395 822 2469; x_wconf 84' lang='grc' dir='ltr'>ἀπεδοκιμάσθησαν.</span> <span class='ocrx_word' id='word_1_166' title='bbox 875 2401 1300 2475; x_wconf 79' lang='grc' dir='ltr'>’Δνεπλήρωσαν</span> <span class='ocrx_word' id='word_1_167' title='bbox 1329 2412 1439 2478; x_wconf 82' lang='grc' dir='ltr'>γὰρ</span> <span class='ocrx_word' id='word_1_168' title='bbox 1478 2411 1570 2465; x_wconf 89' lang='grc' dir='ltr'><strong>τὸν</strong></span> <span class='ocrx_word' id='word_1_169' title='bbox 1595 2411 1723 2480; x_wconf 84' lang='grc' dir='ltr'>ὅρον</span> <span class='ocrx_word' id='word_1_170' title='bbox 1751 2411 1860 2464; x_wconf 89' lang='grc' dir='ltr'><strong>τῶν</strong></span> 
     </span>
    </p>
   </div>
   <div class='ocr_carea' id='block_1_27' title="bbox 275 2490 1861 2573">
    <p class='ocr_par' dir='ltr' id='par_1_27' title="bbox 275 2490 1861 2573">
     <span class='ocr_line' id='line_1_27' title="bbox 275 2490 1861 2573; baseline 0.009 -32"><span class='ocrx_word' id='word_1_171' title='bbox 275 2490 595 2559; x_wconf 84' lang='grc' dir='ltr'>ἁμαρτιῶν.</span> <span class='ocrx_word' id='word_1_172' title='bbox 649 2493 747 2546; x_wconf 67' lang='grc' dir='ltr'><strong>καὶ</strong></span> <span class='ocrx_word' id='word_1_173' title='bbox 791 2494 1170 2566; x_wconf 79' lang='grc' dir='ltr'>ὑπερέϐησαν·</span> <span class='ocrx_word' id='word_1_174' title='bbox 1228 2500 1309 2553; x_wconf 89' lang='grc' dir='ltr'><strong>διὸ</strong></span> <span class='ocrx_word' id='word_1_175' title='bbox 1359 2502 1455 2555; x_wconf 78' lang='grc' dir='ltr'><strong>καὶ</strong></span> <span class='ocrx_word' id='word_1_176' title='bbox 1498 2504 1861 2573; x_wconf 78' lang='grc' dir='ltr'>πυρίκαυστοι</span> 
     </span>
    </p>
   </div>
   <div class='ocr_carea' id='block_1_28' title="bbox 275 2580 1860 2656">
    <p class='ocr_par' dir='ltr' id='par_1_28' title="bbox 275 2580 1860 2656">
     <span class='ocr_line' id='line_1_28' title="bbox 275 2580 1860 2656; baseline 0.011 -24"><span class='ocrx_word' id='word_1_177' title='bbox 275 2580 384 2633; x_wconf 85' lang='grc' dir='ltr'><strong>ὑπὸ</strong></span> <span class='ocrx_word' id='word_1_178' title='bbox 416 2584 517 2652; x_wconf 80' lang='grc' dir='ltr'>τῆς</span> <span class='ocrx_word' id='word_1_179' title='bbox 551 2583 702 2647; x_wconf 87' lang='grc' dir='ltr'>θείας</span> <span class='ocrx_word' id='word_1_180' title='bbox 731 2584 886 2655; x_wconf 87' lang='grc' dir='ltr'>δίκης</span> <span class='ocrx_word' id='word_1_181' title='bbox 919 2588 1209 2655; x_wconf 84' lang='grc' dir='ltr'>γεγόνασιν</span> <span class='ocrx_word' id='word_1_182' title='bbox 1232 2606 1246 2620; x_wconf 76' lang='grc' dir='ltr'><strong><em>ο</em></strong></span> <span class='ocrx_word' id='word_1_183' title='bbox 1289 2592 1461 2656; x_wconf 71' lang='grc' dir='ltr'>οὕτως</span> <span class='ocrx_word' id='word_1_184' title='bbox 1491 2595 1586 2647; x_wconf 60' lang='grc' dir='ltr'><strong>καὶ⁵</strong></span> <span class='ocrx_word' id='word_1_185' title='bbox 1616 2595 1708 2648; x_wconf 77' lang='grc' dir='ltr'>ἐπὶ</span> <span class='ocrx_word' id='word_1_186' title='bbox 1737 2595 1860 2648; x_wconf 81' lang='grc' dir='ltr'>Νῶε</span> 
     </span>
    </p>
   </div>
   <div class='ocr_carea' id='block_1_29' title="bbox 273 2673 1862 2754">
    <p class='ocr_par' dir='ltr' id='par_1_29' title="bbox 273 2673 1862 2754">
     <span class='ocr_line' id='line_1_29' title="bbox 273 2673 1862 2754; baseline 0.009 -30"><span class='ocrx_word' id='word_1_187' title='bbox 273 2673 500 2740; x_wconf 74' lang='grc' dir='ltr'>γέγονε,</span> <span class='ocrx_word' id='word_1_188' title='bbox 537 2676 973 2746; x_wconf 84' lang='grc' dir='ltr'>προσκόπτοντες</span> <span class='ocrx_word' id='word_1_189' title='bbox 1006 2679 1179 2734; x_wconf 86' lang='grc' dir='ltr'>πολλά</span> <span class='ocrx_word' id='word_1_190' title='bbox 1210 2683 1302 2735; x_wconf 74' lang='grc' dir='ltr'><strong>καὶ</strong></span> <span class='ocrx_word' id='word_1_191' title='bbox 1333 2685 1747 2754; x_wconf 85' lang='grc' dir='ltr'>μετανοοῦντες,</span> <span class='ocrx_word' id='word_1_192' title='bbox 1782 2688 1862 2751; x_wconf 84' lang='grc' dir='ltr'><strong>είς</strong></span> 
     </span>
    </p>
   </div>
   <div class='ocr_carea' id='block_1_30' title="bbox 272 2765 1861 2841">
    <p class='ocr_par' dir='ltr' id='par_1_30' title="bbox 272 2765 1861 2841">
     <span class='ocr_line' id='line_1_30' title="bbox 272 2765 1861 2841; baseline 0.009 -25"><span class='ocrx_word' id='word_1_193' title='bbox 272 2765 582 2837; x_wconf 84' lang='grc' dir='ltr'>τηλικαῦτα</span> <span class='ocrx_word' id='word_1_194' title='bbox 629 2768 1011 2841; x_wconf 84' lang='grc' dir='ltr'>ἁμαρτήματα</span> <span class='ocrx_word' id='word_1_195' title='bbox 1064 2772 1339 2841; x_wconf 75' lang='grc' dir='ltr'>ἔφθασαν,</span> <span class='ocrx_word' id='word_1_196' title='bbox 1399 2775 1539 2830; x_wconf 85' lang='grc' dir='ltr'>ὥστε</span> <span class='ocrx_word' id='word_1_197' title='bbox 1588 2779 1668 2840; x_wconf 86' lang='grc' dir='ltr'><strong>είς</strong></span> <span class='ocrx_word' id='word_1_198' title='bbox 1707 2778 1861 2841; x_wconf 81' lang='grc' dir='ltr'>τέλος</span> 
     </span>
    </p>
   </div>
   <div class='ocr_carea' id='block_1_31' title="bbox 275 2858 1859 2933">
    <p class='ocr_par' dir='ltr' id='par_1_31' title="bbox 275 2858 1859 2933">
     <span class='ocr_line' id='line_1_31' title="bbox 275 2858 1859 2933; baseline 0.009 -25"><span class='ocrx_word' id='word_1_199' title='bbox 275 2859 459 2910; x_wconf 80' lang='grc' dir='ltr'>πᾶσαν</span> <span class='ocrx_word' id='word_1_200' title='bbox 506 2858 603 2928; x_wconf 83' lang='grc' dir='ltr'>τὴν</span> <span class='ocrx_word' id='word_1_201' title='bbox 647 2859 753 2929; x_wconf 88' lang='grc' dir='ltr'><strong>γῆν</strong></span> <span class='ocrx_word' id='word_1_202' title='bbox 802 2862 1245 2933; x_wconf 85' lang='grc' dir='ltr'>καταφθαρῆναι.</span> <span class='ocrx_word' id='word_1_203' title='bbox 1285 2864 1474 2930; x_wconf 79' lang='grc' dir='ltr'>Οῦτως</span> <span class='ocrx_word' id='word_1_204' title='bbox 1503 2868 1599 2920; x_wconf 74' lang='grc' dir='ltr'>καὶ</span> <span class='ocrx_word' id='word_1_205' title='bbox 1631 2870 1723 2922; x_wconf 80' lang='grc' dir='ltr'>ἐπὶ</span> <span class='ocrx_word' id='word_1_206' title='bbox 1751 2870 1859 2923; x_wconf 82' lang='grc' dir='ltr'><strong>τῶν</strong></span> 
     </span>
    </p>
   </div>
   <div class='ocr_carea' id='block_1_32' title="bbox 273 2947 1861 3023">
    <p class='ocr_par' dir='ltr' id='par_1_32' title="bbox 273 2947 1861 3023">
     <span class='ocr_line' id='line_1_32' title="bbox 273 2947 1861 3023; baseline 0.009 -25"><span class='ocrx_word' id='word_1_207' title='bbox 273 2947 591 3015; x_wconf 79' lang='grc' dir='ltr'>Αἰγυπτίων</span> <span class='ocrx_word' id='word_1_208' title='bbox 642 2950 814 3002; x_wconf 82' lang='grc' dir='ltr'>πολλὰ</span> <span class='ocrx_word' id='word_1_209' title='bbox 861 2952 1323 3023; x_wconf 74' lang='grc' dir='ltr'>προσκοψάντων,</span> <span class='ocrx_word' id='word_1_210' title='bbox 1368 2956 1463 3009; x_wconf 78' lang='grc' dir='ltr'><strong>καὶ</strong></span> <span class='ocrx_word' id='word_1_211' title='bbox 1499 2958 1579 3019; x_wconf 81' lang='grc' dir='ltr'><strong>είς</strong></span> <span class='ocrx_word' id='word_1_212' title='bbox 1613 2959 1703 3011; x_wconf 91' lang='grc' dir='ltr'><strong>τὸν</strong></span> <span class='ocrx_word' id='word_1_213' title='bbox 1732 2958 1861 3013; x_wconf 88' lang='grc' dir='ltr'>λαὸν</span> 
     </span>
    </p>
   </div>
   <div class='ocr_carea' id='block_1_33' title="bbox 272 3038 1858 3121">
    <p class='ocr_par' dir='ltr' id='par_1_33' title="bbox 272 3038 1858 3121">
     <span class='ocr_line' id='line_1_33' title="bbox 272 3038 1858 3121; baseline 0.01 -32"><span class='ocrx_word' id='word_1_214' title='bbox 272 3038 371 3090; x_wconf 83' lang='grc' dir='ltr'><strong>τοῦ</strong></span> <span class='ocrx_word' id='word_1_215' title='bbox 417 3038 552 3092; x_wconf 82' lang='grc' dir='ltr'>Θεοῦ</span> <span class='ocrx_word' id='word_1_216' title='bbox 604 3040 1079 3113; x_wconf 84' lang='grc' dir='ltr'>ἁμαρτησάντων,</span> <span class='ocrx_word' id='word_1_217' title='bbox 1131 3046 1493 3116; x_wconf 87' lang='grc' dir='ltr'>ἐχρηστεύετο</span> <span class='ocrx_word' id='word_1_218' title='bbox 1536 3050 1567 3101; x_wconf 92' lang='lat'><strong>6</strong></span> <span class='ocrx_word' id='word_1_219' title='bbox 1604 3050 1736 3114; x_wconf 85' lang='grc' dir='ltr'>Θεὸς</span> <span class='ocrx_word' id='word_1_220' title='bbox 1785 3052 1858 3121; x_wconf 80' lang='grc' dir='ltr'>μὴ</span> 
     </span>
    </p>
   </div>
   <div class='ocr_carea' id='block_1_34' title="bbox 1891 1825 1938 1882">
    <p class='ocr_par' dir='ltr' id='par_1_34' title="bbox 1891 1825 1938 1882">
     <span class='ocr_line' id='line_1_34' title="bbox 1891 1825 1938 1882; baseline 0 0"><span class='ocrx_word' id='word_1_221' title='bbox 1891 1825 1938 1882; x_wconf 93' lang='grc' dir='ltr'><strong>Β</strong></span> 
     </span>
    </p>
   </div>
   <div class='ocr_carea' id='block_1_35' title="bbox 1961 585 3541 659">
    <p class='ocr_par' dir='ltr' id='par_1_35' title="bbox 1961 585 3541 659">
     <span class='ocr_line' id='line_1_35' title="bbox 1961 585 3541 659; baseline 0.004 -18"><span class='ocrx_word' id='word_1_222' title='bbox 1961 586 2109 641; x_wconf 90' lang='lat' dir='ltr'><strong>enim</strong></span> <span class='ocrx_word' id='word_1_223' title='bbox 2142 586 2322 655; x_wconf 77' lang='lat' dir='ltr'><strong>inquit</strong></span> <span class='ocrx_word' id='word_1_224' title='bbox 2355 601 2369 639; x_wconf 90' lang='lat'><strong>:</strong></span> <span class='ocrx_word' id='word_1_225' title='bbox 2406 585 2669 641; x_wconf 81' lang='lat' dir='ltr'><strong>Gaudium</strong></span> <span class='ocrx_word' id='word_1_226' title='bbox 2698 586 2759 653; x_wconf 74' lang='lat' dir='ltr'><strong>ﬁt</strong></span> <span class='ocrx_word' id='word_1_227' title='bbox 2788 600 2947 657; x_wconf 78' lang='lat' dir='ltr'><strong>super</strong></span> <span class='ocrx_word' id='word_1_228' title='bbox 2973 604 3078 642; x_wconf 79' lang='lat' dir='ltr'><strong>uno</strong></span> <span class='ocrx_word' id='word_1_229' title='bbox 3110 599 3381 659; x_wconf 75' lang='lat' dir='ltr'><strong>peccatore</strong></span> <span class='ocrx_word' id='word_1_230' title='bbox 3412 596 3541 647; x_wconf 79' lang='lat' dir='ltr'><strong>resi-</strong></span> 
     </span>
    </p>
   </div>
   <div class='ocr_carea' id='block_1_36' title="bbox 1961 678 3539 746">
    <p class='ocr_par' dir='ltr' id='par_1_36' title="bbox 1961 678 3539 746">
     <span class='ocr_line' id='line_1_36' title="bbox 1961 678 3539 746; baseline 0.005 -15"><span class='ocrx_word' id='word_1_231' title='bbox 1961 678 2269 746; x_wconf 78' lang='lat' dir='ltr'><strong>piscente“.</strong></span> <span class='ocrx_word' id='word_1_232' title='bbox 2294 678 2360 733; x_wconf 84' lang='lat' dir='ltr'><strong>Et</strong></span> <span class='ocrx_word' id='word_1_233' title='bbox 2384 693 2603 732; x_wconf 84' lang='lat' dir='ltr'><strong>rursum</strong></span> <span class='ocrx_word' id='word_1_234' title='bbox 2635 694 2649 731; x_wconf 90' lang='lat'><strong>:</strong></span> <span class='ocrx_word' id='word_1_235' title='bbox 2676 678 2794 733; x_wconf 82' lang='lat' dir='ltr'><strong>Non</strong></span> <span class='ocrx_word' id='word_1_236' title='bbox 2818 681 2956 733; x_wconf 83' lang='lat' dir='ltr'><strong>enim</strong></span> <span class='ocrx_word' id='word_1_237' title='bbox 2989 690 3063 735; x_wconf 78' lang='lat' dir='ltr'><strong>est</strong></span> <span class='ocrx_word' id='word_1_238' title='bbox 3087 680 3331 736; x_wconf 82' lang='lat' dir='ltr'><strong>voluntas</strong></span> <span class='ocrx_word' id='word_1_239' title='bbox 3361 682 3539 739; x_wconf 75' lang='lat' dir='ltr'><strong>Patris</strong></span> 
     </span>
    </p>
   </div>
   <div class='ocr_carea' id='block_1_37' title="bbox 1963 767 3537 838">
    <p class='ocr_par' dir='ltr' id='par_1_37' title="bbox 1963 767 3537 838">
     <span class='ocr_line' id='line_1_37' title="bbox 1963 767 3537 838; baseline 0.006 -18"><span class='ocrx_word' id='word_1_240' title='bbox 1963 768 2093 832; x_wconf 87' lang='lat' dir='ltr'><strong>mei,</strong></span> <span class='ocrx_word' id='word_1_241' title='bbox 2127 774 2185 819; x_wconf 77' lang='lat' dir='ltr'><strong>ut</strong></span> <span class='ocrx_word' id='word_1_242' title='bbox 2216 774 2399 836; x_wconf 80' lang='lat' dir='ltr'><strong>pereat</strong></span> <span class='ocrx_word' id='word_1_243' title='bbox 2435 783 2568 820; x_wconf 81' lang='lat' dir='ltr'><strong>unus</strong></span> <span class='ocrx_word' id='word_1_244' title='bbox 2605 782 2668 820; x_wconf 76' lang='lat' dir='ltr'><strong>ea:</strong></span> <span class='ocrx_word' id='word_1_245' title='bbox 2709 767 2943 838; x_wconf 77' lang='lat' dir='ltr'><strong>parvulis</strong></span> <span class='ocrx_word' id='word_1_246' title='bbox 2977 770 3089 824; x_wconf 72' lang='lat' dir='ltr'><strong>istis</strong></span> <span class='ocrx_word' id='word_1_247' title='bbox 3127 772 3357 826; x_wconf 79' lang='lat' dir='ltr'><strong>minimis</strong></span> <span class='ocrx_word' id='word_1_248' title='bbox 3380 773 3447 826; x_wconf 75' lang='lat'><strong>“.</strong></span> <span class='ocrx_word' id='word_1_249' title='bbox 3480 774 3537 830; x_wconf 90' lang='lat' dir='ltr'><strong>Si</strong></span> 
     </span>
    </p>
   </div>
   <div class='ocr_carea' id='block_1_38' title="bbox 1962 858 3534 929">
    <p class='ocr_par' dir='ltr' id='par_1_38' title="bbox 1962 858 3534 929">
     <span class='ocr_line' id='line_1_38' title="bbox 1962 858 3534 929; baseline 0.004 -16"><span class='ocrx_word' id='word_1_250' title='bbox 1962 873 2093 913; x_wconf 86' lang='lat' dir='ltr'><strong>vero</strong></span> <span class='ocrx_word' id='word_1_251' title='bbox 2120 858 2246 927; x_wconf 86' lang='lat' dir='ltr'><strong>quis</strong></span> <span class='ocrx_word' id='word_1_252' title='bbox 2280 858 2487 929; x_wconf 91' lang='lat' dir='ltr'><strong>ingenti</strong></span> <span class='ocrx_word' id='word_1_253' title='bbox 2521 874 2650 929; x_wconf 87' lang='lat' dir='ltr'><strong>erga</strong></span> <span class='ocrx_word' id='word_1_254' title='bbox 2680 874 2741 915; x_wconf 89' lang='lat' dir='ltr'><strong>se</strong></span> <span class='ocrx_word' id='word_1_255' title='bbox 2772 860 3018 915; x_wconf 85' lang='lat' dir='ltr'><strong>bonitate</strong></span> <span class='ocrx_word' id='word_1_256' title='bbox 3051 876 3116 915; x_wconf 90' lang='lat' dir='ltr'><strong>ac</strong></span> <span class='ocrx_word' id='word_1_257' title='bbox 3150 863 3379 918; x_wconf 76' lang='lat' dir='ltr'><strong>lenitate</strong></span> <span class='ocrx_word' id='word_1_258' title='bbox 3413 866 3534 927; x_wconf 86' lang='lat' dir='ltr'><strong>Dei.</strong></span> 
     </span>
    </p>
   </div>
   <div class='ocr_carea' id='block_1_39' title="bbox 1962 951 3537 1023">
    <p class='ocr_par' dir='ltr' id='par_1_39' title="bbox 1962 951 3537 1023">
     <span class='ocr_line' id='line_1_39' title="bbox 1962 951 3537 1023; baseline 0.004 -18"><span class='ocrx_word' id='word_1_259' title='bbox 1962 951 2056 1021; x_wconf 87' lang='lat' dir='ltr'><strong>qui</strong></span> <span class='ocrx_word' id='word_1_260' title='bbox 2114 951 2171 1005; x_wconf 93' lang='lat' dir='ltr'><strong>in</strong></span> <span class='ocrx_word' id='word_1_261' title='bbox 2221 951 2522 1005; x_wconf 70' lang='lat' dir='ltr'><strong>vindictam</strong></span> <span class='ocrx_word' id='word_1_262' title='bbox 2580 954 2919 1021; x_wconf 87' lang='lat' dir='ltr'><strong>singulorum</strong></span> <span class='ocrx_word' id='word_1_263' title='bbox 2982 964 3369 1023; x_wconf 85' lang='lat' dir='ltr'><strong>peccatorum,</strong></span> <span class='ocrx_word' id='word_1_264' title='bbox 3426 964 3537 1012; x_wconf 91' lang='lat' dir='ltr'><strong>tam</strong></span> 
     </span>
    </p>
   </div>
   <div class='ocr_carea' id='block_1_40' title="bbox 1963 1039 3538 1110">
    <p class='ocr_par' dir='ltr' id='par_1_40' title="bbox 1963 1039 3538 1110">
     <span class='ocr_line' id='line_1_40' title="bbox 1963 1039 3538 1110; baseline 0.001 -15"><span class='ocrx_word' id='word_1_265' title='bbox 1963 1041 2305 1097; x_wconf 89' lang='lat' dir='ltr'><strong>occultorum</strong></span> <span class='ocrx_word' id='word_1_266' title='bbox 2334 1055 2497 1108; x_wconf 88' lang='lat' dir='ltr'><strong>quam</strong></span> <span class='ocrx_word' id='word_1_267' title='bbox 2530 1039 2971 1104; x_wconf 80' lang='lat' dir='ltr'><strong>manifestorum,</strong></span> <span class='ocrx_word' id='word_1_268' title='bbox 3000 1056 3109 1095; x_wconf 93' lang='lat' dir='ltr'><strong>non</strong></span> <span class='ocrx_word' id='word_1_269' title='bbox 3136 1040 3410 1110; x_wconf 90' lang='lat' dir='ltr'><strong>procedit,</strong></span> <span class='ocrx_word' id='word_1_270' title='bbox 3440 1041 3538 1096; x_wconf 87' lang='lat' dir='ltr'><strong>sed</strong></span> 
     </span>
    </p>
   </div>
   <div class='ocr_carea' id='block_1_41' title="bbox 1962 1132 3539 1203">
    <p class='ocr_par' dir='ltr' id='par_1_41' title="bbox 1962 1132 3539 1203">
     <span class='ocr_line' id='line_1_41' title="bbox 1962 1132 3539 1203; baseline 0 -16"><span class='ocrx_word' id='word_1_271' title='bbox 1962 1140 2206 1201; x_wconf 87' lang='lat' dir='ltr'><strong>spectat,</strong></span> <span class='ocrx_word' id='word_1_272' title='bbox 2238 1137 2413 1193; x_wconf 86' lang='lat' dir='ltr'><strong>tacet,</strong></span> <span class='ocrx_word' id='word_1_273' title='bbox 2440 1146 2505 1186; x_wconf 90' lang='lat' dir='ltr'><strong>ac</strong></span> <span class='ocrx_word' id='word_1_274' title='bbox 2542 1140 2800 1201; x_wconf 80' lang='lat' dir='ltr'><strong>tanquam</strong></span> <span class='ocrx_word' id='word_1_275' title='bbox 2838 1132 3217 1201; x_wconf 78' lang='lat' dir='ltr'><strong>pamitentiam</strong></span> <span class='ocrx_word' id='word_1_276' title='bbox 3254 1134 3539 1203; x_wconf 65' lang='lat' dir='ltr'><strong>praestola-</strong></span> 
     </span>
    </p>
   </div>
   <div class='ocr_carea' id='block_1_42' title="bbox 1966 1223 3537 1293">
    <p class='ocr_par' dir='ltr' id='par_1_42' title="bbox 1966 1223 3537 1293">
     <span class='ocr_line' id='line_1_42' title="bbox 1966 1223 3537 1293; baseline 0 -14"><span class='ocrx_word' id='word_1_277' title='bbox 1966 1234 2078 1290; x_wconf 92' lang='lat' dir='ltr'><strong>tur,</strong></span> <span class='ocrx_word' id='word_1_278' title='bbox 2108 1224 2342 1289; x_wconf 89' lang='lat' dir='ltr'><strong>abusus,</strong></span> <span class='ocrx_word' id='word_1_279' title='bbox 2374 1238 2443 1278; x_wconf 92' lang='lat' dir='ltr'><strong>eo</strong></span> <span class='ocrx_word' id='word_1_280' title='bbox 2484 1223 2846 1278; x_wconf 58' lang='lat' dir='ltr'><strong>contumaciae</strong></span> <span class='ocrx_word' id='word_1_281' title='bbox 2889 1224 3182 1293; x_wconf 84' lang='lat' dir='ltr'><strong>procedat,</strong></span> <span class='ocrx_word' id='word_1_282' title='bbox 3213 1234 3275 1278; x_wconf 90' lang='lat' dir='ltr'><strong>ut</strong></span> <span class='ocrx_word' id='word_1_283' title='bbox 3310 1234 3537 1293; x_wconf 88' lang='lat' dir='ltr'><strong>peccata</strong></span> 
     </span>
    </p>
   </div>
   <div class='ocr_carea' id='block_1_43' title="bbox 1964 1315 3534 1387">
    <p class='ocr_par' dir='ltr' id='par_1_43' title="bbox 1964 1315 3534 1387">
     <span class='ocr_line' id='line_1_43' title="bbox 1964 1315 3534 1387; baseline -0.003 -14"><span class='ocrx_word' id='word_1_284' title='bbox 1964 1317 2209 1387; x_wconf 83' lang='lat' dir='ltr'><strong>peccatis</strong></span> <span class='ocrx_word' id='word_1_285' title='bbox 2236 1325 2501 1385; x_wconf 89' lang='lat' dir='ltr'><strong>apponat,</strong></span> <span class='ocrx_word' id='word_1_286' title='bbox 2527 1324 2580 1369; x_wconf 88' lang='lat' dir='ltr'><strong>et</strong></span> <span class='ocrx_word' id='word_1_287' title='bbox 2612 1315 2920 1369; x_wconf 87' lang='lat' dir='ltr'><strong>socordiam</strong></span> <span class='ocrx_word' id='word_1_288' title='bbox 2954 1315 3221 1371; x_wconf 71' lang='lat' dir='ltr'><strong>socordia:</strong></span> <span class='ocrx_word' id='word_1_289' title='bbox 3244 1325 3501 1370; x_wconf 87' lang='lat' dir='ltr'><strong>annectat</strong></span> <span class='ocrx_word' id='word_1_290' title='bbox 3520 1356 3534 1379; x_wconf 94' lang='lat'><strong>,</strong></span> 
     </span>
    </p>
   </div>
   <div class='ocr_carea' id='block_1_44' title="bbox 1963 1405 3539 1475">
    <p class='ocr_par' dir='ltr' id='par_1_44' title="bbox 1963 1405 3539 1475">
     <span class='ocr_line' id='line_1_44' title="bbox 1963 1405 3539 1475; baseline -0.001 -14"><span class='ocrx_word' id='word_1_291' title='bbox 1963 1418 2020 1462; x_wconf 91' lang='lat' dir='ltr'><strong>et</strong></span> <span class='ocrx_word' id='word_1_292' title='bbox 2048 1407 2311 1462; x_wconf 78' lang='lat' dir='ltr'><strong>otl‘ensam</strong></span> <span class='ocrx_word' id='word_1_293' title='bbox 2345 1407 2568 1461; x_wconf 77' lang='lat' dir='ltr'><strong>oﬂ‘ensae</strong></span> <span class='ocrx_word' id='word_1_294' title='bbox 2601 1406 3031 1475; x_wconf 61' lang='lat' dir='ltr'><strong>superadiﬁcet,</strong></span> <span class='ocrx_word' id='word_1_295' title='bbox 3059 1407 3149 1461; x_wconf 89' lang='lat' dir='ltr'><strong>ille</strong></span> <span class='ocrx_word' id='word_1_296' title='bbox 3175 1421 3367 1460; x_wconf 89' lang='lat' dir='ltr'><strong>omnes</strong></span> <span class='ocrx_word' id='word_1_297' title='bbox 3400 1405 3539 1460; x_wconf 82' lang='lat' dir='ltr'><strong>ﬁnes</strong></span> 
     </span>
    </p>
   </div>
   <div class='ocr_carea' id='block_1_45' title="bbox 1963 1498 3537 1570">
    <p class='ocr_par' dir='ltr' id='par_1_45' title="bbox 1963 1498 3537 1570">
     <span class='ocr_line' id='line_1_45' title="bbox 1963 1498 3537 1570; baseline 0 -17"><span class='ocrx_word' id='word_1_298' title='bbox 1963 1500 2170 1570; x_wconf 89' lang='lat' dir='ltr'><strong>peccati</strong></span> <span class='ocrx_word' id='word_1_299' title='bbox 2206 1499 2416 1569; x_wconf 88' lang='lat' dir='ltr'><strong>implet,</strong></span> <span class='ocrx_word' id='word_1_300' title='bbox 2441 1507 2495 1552; x_wconf 90' lang='lat' dir='ltr'><strong>et</strong></span> <span class='ocrx_word' id='word_1_301' title='bbox 2522 1502 2577 1553; x_wconf 91' lang='lat' dir='ltr'><strong>in</strong></span> <span class='ocrx_word' id='word_1_302' title='bbox 2609 1508 2814 1553; x_wconf 81' lang='lat' dir='ltr'><strong>tantam</strong></span> <span class='ocrx_word' id='word_1_303' title='bbox 2844 1498 3193 1569; x_wconf 85' lang='lat' dir='ltr'><strong>iniquitatem</strong></span> <span class='ocrx_word' id='word_1_304' title='bbox 3223 1498 3440 1563; x_wconf 90' lang='lat' dir='ltr'><strong>incidit,</strong></span> <span class='ocrx_word' id='word_1_305' title='bbox 3468 1513 3537 1553; x_wconf 80' lang='lat' dir='ltr'><strong>ex</strong></span> 
     </span>
    </p>
   </div>
   <div class='ocr_carea' id='block_1_46' title="bbox 1963 1590 3537 1662">
    <p class='ocr_par' dir='ltr' id='par_1_46' title="bbox 1963 1590 3537 1662">
     <span class='ocr_line' id='line_1_46' title="bbox 1963 1590 3537 1662; baseline -0.001 -17"><span class='ocrx_word' id='word_1_306' title='bbox 1963 1608 2072 1662; x_wconf 91' lang='lat' dir='ltr'><strong>qua</strong></span> <span class='ocrx_word' id='word_1_307' title='bbox 2112 1606 2393 1661; x_wconf 86' lang='lat' dir='ltr'><strong>emergere</strong></span> <span class='ocrx_word' id='word_1_308' title='bbox 2431 1605 2538 1644; x_wconf 91' lang='lat' dir='ltr'><strong>non</strong></span> <span class='ocrx_word' id='word_1_309' title='bbox 2583 1591 2786 1659; x_wconf 87' lang='lat' dir='ltr'><strong>possit,</strong></span> <span class='ocrx_word' id='word_1_310' title='bbox 2814 1590 2907 1646; x_wconf 89' lang='lat' dir='ltr'><strong>sed</strong></span> <span class='ocrx_word' id='word_1_311' title='bbox 2953 1591 3278 1656; x_wconf 88' lang='lat' dir='ltr'><strong>conteritur,</strong></span> <span class='ocrx_word' id='word_1_312' title='bbox 3306 1599 3361 1646; x_wconf 91' lang='lat' dir='ltr'><strong>et</strong></span> <span class='ocrx_word' id='word_1_313' title='bbox 3393 1592 3537 1645; x_wconf 89' lang='lat' dir='ltr'><strong>malo</strong></span> 
     </span>
    </p>
   </div>
   <div class='ocr_carea' id='block_1_47' title="bbox 1966 1683 2868 1754">
    <p class='ocr_par' dir='ltr' id='par_1_47' title="bbox 1966 1683 2868 1754">
     <span class='ocr_line' id='line_1_47' title="bbox 1966 1683 2868 1754; baseline -0.002 -15"><span class='ocrx_word' id='word_1_314' title='bbox 1966 1685 2018 1739; x_wconf 92' lang='lat' dir='ltr'><strong>in</strong></span> <span class='ocrx_word' id='word_1_315' title='bbox 2052 1693 2378 1754; x_wconf 85' lang='lat' dir='ltr'><strong>perpetuum</strong></span> <span class='ocrx_word' id='word_1_316' title='bbox 2410 1683 2674 1747; x_wconf 87' lang='lat' dir='ltr'><strong>traditus,</strong></span> <span class='ocrx_word' id='word_1_317' title='bbox 2704 1684 2868 1753; x_wconf 88' lang='lat' dir='ltr'><strong>perit.</strong></span> 
     </span>
    </p>
   </div>
   <div class='ocr_carea' id='block_1_48' title="bbox 2038 1950 3533 2022">
    <p class='ocr_par' dir='ltr' id='par_1_48' title="bbox 2038 1950 3533 2022">
     <span class='ocr_line' id='line_1_48' title="bbox 2038 1950 3533 2022; baseline 0 -17"><span class='ocrx_word' id='word_1_318' title='bbox 2038 1952 2146 2021; x_wconf 75' lang='grc' dir='ltr'><strong>2ο</strong></span> <span class='ocrx_word' id='word_1_319' title='bbox 2192 1950 2356 2005; x_wconf 80' lang='lat' dir='ltr'><strong>XXll.</strong></span> <span class='ocrx_word' id='word_1_320' title='bbox 2394 1950 2487 2006; x_wconf 87' lang='lat' dir='ltr'><strong>Sic</strong></span> <span class='ocrx_word' id='word_1_321' title='bbox 2537 1950 2835 2005; x_wconf 89' lang='lat' dir='ltr'><strong>Sodomitis</strong></span> <span class='ocrx_word' id='word_1_322' title='bbox 2883 1952 3136 2022; x_wconf 80' lang='lat' dir='ltr'><strong>contigit.</strong></span> <span class='ocrx_word' id='word_1_323' title='bbox 3177 1952 3342 2007; x_wconf 84' lang='lat' dir='ltr'><strong>Multa</strong></span> <span class='ocrx_word' id='word_1_324' title='bbox 3387 1952 3533 2006; x_wconf 87' lang='lat' dir='ltr'><strong>enim</strong></span> 
     </span>
    </p>
   </div>
   <div class='ocr_carea' id='block_1_49' title="bbox 1966 2044 3534 2120">
    <p class='ocr_par' dir='ltr' id='par_1_49' title="bbox 1966 2044 3534 2120">
     <span class='ocr_line' id='line_1_49' title="bbox 1966 2044 3534 2120; baseline -0.006 -14"><span class='ocrx_word' id='word_1_325' title='bbox 1966 2066 2092 2107; x_wconf 90' lang='lat' dir='ltr'><strong>cum</strong></span> <span class='ocrx_word' id='word_1_326' title='bbox 2118 2057 2457 2120; x_wconf 88' lang='lat' dir='ltr'><strong>peccassent,</strong></span> <span class='ocrx_word' id='word_1_327' title='bbox 2484 2063 2585 2103; x_wconf 90' lang='lat' dir='ltr'><strong>nec</strong></span> <span class='ocrx_word' id='word_1_328' title='bbox 2613 2045 2865 2101; x_wconf 85' lang='lat' dir='ltr'><strong>conversi</strong></span> <span class='ocrx_word' id='word_1_329' title='bbox 2893 2045 3147 2106; x_wconf 83' lang='lat' dir='ltr'><strong>fuissent,</strong></span> <span class='ocrx_word' id='word_1_330' title='bbox 3175 2059 3242 2097; x_wconf 91' lang='lat' dir='ltr'><strong>eo</strong></span> <span class='ocrx_word' id='word_1_331' title='bbox 3270 2044 3534 2107; x_wconf 87' lang='lat' dir='ltr'><strong>criminis,</strong></span> 
     </span>
    </p>
   </div>
   <div class='ocr_carea' id='block_1_50' title="bbox 1966 2133 3535 2209">
    <p class='ocr_par' dir='ltr' id='par_1_50' title="bbox 1966 2133 3535 2209">
     <span class='ocr_line' id='line_1_50' title="bbox 1966 2133 3535 2209; baseline -0.006 -14"><span class='ocrx_word' id='word_1_332' title='bbox 1966 2141 2037 2195; x_wconf 86' lang='lat' dir='ltr'><strong>ob</strong></span> <span class='ocrx_word' id='word_1_333' title='bbox 2087 2140 2384 2209; x_wconf 89' lang='lat' dir='ltr'><strong>pessimum</strong></span> <span class='ocrx_word' id='word_1_334' title='bbox 2435 2139 2489 2191; x_wconf 92' lang='lat' dir='ltr'><strong>in</strong></span> <span class='ocrx_word' id='word_1_335' title='bbox 2538 2137 2761 2205; x_wconf 83' lang='lat' dir='ltr'><strong>angelos</strong></span> <span class='ocrx_word' id='word_1_336' title='bbox 2806 2133 3135 2196; x_wconf 88' lang='lat' dir='ltr'><strong>consilium,</strong></span> <span class='ocrx_word' id='word_1_337' title='bbox 3173 2133 3535 2186; x_wconf 87' lang='lat' dir='ltr'><strong>masculinum</strong></span> 
     </span>
    </p>
   </div>
   <div class='ocr_carea' id='block_1_51' title="bbox 1965 2225 3537 2296">
    <p class='ocr_par' dir='ltr' id='par_1_51' title="bbox 1965 2225 3537 2296">
     <span class='ocr_line' id='line_1_51' title="bbox 1965 2225 3537 2296; baseline -0.007 -8"><span class='ocrx_word' id='word_1_338' title='bbox 1965 2236 2172 2288; x_wconf 90' lang='lat' dir='ltr'><strong>coitum</strong></span> <span class='ocrx_word' id='word_1_339' title='bbox 2212 2246 2336 2286; x_wconf 92' lang='lat' dir='ltr'><strong>cum</strong></span> <span class='ocrx_word' id='word_1_340' title='bbox 2376 2230 2485 2283; x_wconf 90' lang='lat' dir='ltr'><strong>illis</strong></span> <span class='ocrx_word' id='word_1_341' title='bbox 2521 2226 2846 2291; x_wconf 83' lang='lat' dir='ltr'><strong>exercituri,</strong></span> <span class='ocrx_word' id='word_1_342' title='bbox 2874 2225 3115 2296; x_wconf 84' lang='lat' dir='ltr'><strong>prolapsi</strong></span> <span class='ocrx_word' id='word_1_343' title='bbox 3157 2233 3315 2288; x_wconf 89' lang='lat' dir='ltr'><strong>sunt,</strong></span> <span class='ocrx_word' id='word_1_344' title='bbox 3343 2232 3403 2278; x_wconf 93' lang='lat' dir='ltr'><strong>ut</strong></span> <span class='ocrx_word' id='word_1_345' title='bbox 3434 2239 3537 2278; x_wconf 92' lang='lat' dir='ltr'><strong>nec</strong></span> 
     </span>
    </p>
   </div>
   <div class='ocr_carea' id='block_1_52' title="bbox 1965 2317 3535 2393">
    <p class='ocr_par' dir='ltr' id='par_1_52' title="bbox 1965 2317 3535 2393">
     <span class='ocr_line' id='line_1_52' title="bbox 1965 2317 3535 2393; baseline -0.006 -14"><span class='ocrx_word' id='word_1_346' title='bbox 1965 2324 2203 2393; x_wconf 85' lang='lat' dir='ltr'><strong>amplius</strong></span> <span class='ocrx_word' id='word_1_347' title='bbox 2235 2321 2559 2391; x_wconf 69' lang='lat' dir='ltr'><strong>paenitentia</strong></span> <span class='ocrx_word' id='word_1_348' title='bbox 2591 2320 2945 2381; x_wconf 87' lang='lat' dir='ltr'><strong>ducerentur,</strong></span> <span class='ocrx_word' id='word_1_349' title='bbox 2978 2317 3073 2371; x_wconf 88' lang='lat' dir='ltr'><strong>sed</strong></span> <span class='ocrx_word' id='word_1_350' title='bbox 3119 2317 3173 2370; x_wconf 92' lang='lat' dir='ltr'><strong>in</strong></span> <span class='ocrx_word' id='word_1_351' title='bbox 3210 2325 3535 2386; x_wconf 88' lang='lat' dir='ltr'><strong>perpetuum</strong></span> 
     </span>
    </p>
   </div>
   <div class='ocr_carea' id='block_1_53' title="bbox 1966 2410 3532 2489">
    <p class='ocr_par' dir='ltr' id='par_1_53' title="bbox 1966 2410 3532 2489">
     <span class='ocr_line' id='line_1_53' title="bbox 1966 2410 3532 2489; baseline -0.01 -14"><span class='ocrx_word' id='word_1_352' title='bbox 1966 2419 2417 2489; x_wconf 87' lang='lat' dir='ltr'><strong>reprobarentur.</strong></span> <span class='ocrx_word' id='word_1_353' title='bbox 2440 2414 2812 2484; x_wconf 88' lang='lat' dir='ltr'><strong>lmpleverunt</strong></span> <span class='ocrx_word' id='word_1_354' title='bbox 2836 2412 2983 2467; x_wconf 89' lang='lat' dir='ltr'><strong>enim</strong></span> <span class='ocrx_word' id='word_1_355' title='bbox 3015 2410 3277 2465; x_wconf 85' lang='lat' dir='ltr'><strong>terminos</strong></span> <span class='ocrx_word' id='word_1_356' title='bbox 3302 2410 3532 2477; x_wconf 86' lang='lat' dir='ltr'><strong>peccati,</strong></span> 
     </span>
    </p>
   </div>
   <div class='ocr_carea' id='block_1_54' title="bbox 1965 2498 3536 2584">
    <p class='ocr_par' dir='ltr' id='par_1_54' title="bbox 1965 2498 3536 2584">
     <span class='ocr_line' id='line_1_54' title="bbox 1965 2498 3536 2584; baseline -0.01 -17"><span class='ocrx_word' id='word_1_357' title='bbox 1965 2512 2215 2584; x_wconf 84' lang='lat' dir='ltr'><strong>quinitno</strong></span> <span class='ocrx_word' id='word_1_358' title='bbox 2264 2508 2593 2578; x_wconf 76' lang='lat' dir='ltr'><strong>transgressi</strong></span> <span class='ocrx_word' id='word_1_359' title='bbox 2641 2513 2791 2560; x_wconf 88' lang='lat' dir='ltr'><strong>sunt.</strong></span> <span class='ocrx_word' id='word_1_360' title='bbox 2835 2503 3016 2569; x_wconf 83' lang='lat' dir='ltr'><strong>Quare</strong></span> <span class='ocrx_word' id='word_1_361' title='bbox 3066 2500 3177 2571; x_wconf 83' lang='lat' dir='ltr'><strong>igni</strong></span> <span class='ocrx_word' id='word_1_362' title='bbox 3228 2514 3296 2553; x_wconf 80' lang='lat' dir='ltr'><strong>ex</strong></span> <span class='ocrx_word' id='word_1_363' title='bbox 3346 2498 3536 2553; x_wconf 88' lang='lat' dir='ltr'><strong>divino</strong></span> 
     </span>
    </p>
   </div>
   <div class='ocr_carea' id='block_1_55' title="bbox 1958 2590 3537 2676">
    <p class='ocr_par' dir='ltr' id='par_1_55' title="bbox 1958 2590 3537 2676">
     <span class='ocr_line' id='line_1_55' title="bbox 1958 2590 3537 2676; baseline -0.011 -16"><span class='ocrx_word' id='word_1_364' title='bbox 1958 2604 2171 2676; x_wconf 84' lang='lat' dir='ltr'><strong>judicio</strong></span> <span class='ocrx_word' id='word_1_365' title='bbox 2228 2599 2541 2669; x_wconf 87' lang='lat' dir='ltr'><strong>consumpti</strong></span> <span class='ocrx_word' id='word_1_366' title='bbox 2595 2604 2744 2651; x_wconf 89' lang='lat' dir='ltr'><strong>sunt.</strong></span> <span class='ocrx_word' id='word_1_367' title='bbox 2794 2595 2874 2650; x_wconf 89' lang='lat' dir='ltr'><strong>Ita</strong></span> <span class='ocrx_word' id='word_1_368' title='bbox 2925 2602 2982 2649; x_wconf 88' lang='lat' dir='ltr'><strong>et</strong></span> <span class='ocrx_word' id='word_1_369' title='bbox 3033 2590 3373 2662; x_wconf 84' lang='lat' dir='ltr'><strong>temporibus</strong></span> <span class='ocrx_word' id='word_1_370' title='bbox 3422 2590 3537 2644; x_wconf 87' lang='lat' dir='ltr'><strong>Noe</strong></span> 
     </span>
    </p>
   </div>
   <div class='ocr_carea' id='block_1_56' title="bbox 1963 2689 3539 2766">
    <p class='ocr_par' dir='ltr' id='par_1_56' title="bbox 1963 2689 3539 2766">
     <span class='ocr_line' id='line_1_56' title="bbox 1963 2689 3539 2766; baseline -0.01 -15"><span class='ocrx_word' id='word_1_371' title='bbox 1963 2697 2222 2766; x_wconf 73' lang='lat' dir='ltr'><strong>contigit,</strong></span> <span class='ocrx_word' id='word_1_372' title='bbox 2248 2693 2417 2747; x_wconf 88' lang='lat' dir='ltr'><strong>multa</strong></span> <span class='ocrx_word' id='word_1_373' title='bbox 2447 2707 2573 2745; x_wconf 89' lang='lat' dir='ltr'><strong>cum</strong></span> <span class='ocrx_word' id='word_1_374' title='bbox 2604 2689 2811 2744; x_wconf 88' lang='lat' dir='ltr'><strong>scelera</strong></span> <span class='ocrx_word' id='word_1_375' title='bbox 2840 2691 3283 2756; x_wconf 86' lang='lat' dir='ltr'><strong>perpetrassent,</strong></span> <span class='ocrx_word' id='word_1_376' title='bbox 3312 2695 3416 2735; x_wconf 87' lang='lat' dir='ltr'><strong>nec</strong></span> <span class='ocrx_word' id='word_1_377' title='bbox 3454 2696 3539 2735; x_wconf 87' lang='lat' dir='ltr'><strong>re-</strong></span> 
     </span>
    </p>
   </div>
   <div class='ocr_carea' id='block_1_57' title="bbox 1964 2771 3538 2863">
    <p class='ocr_par' dir='ltr' id='par_1_57' title="bbox 1964 2771 3538 2863">
     <span class='ocr_line' id='line_1_57' title="bbox 1964 2771 3538 2863; baseline -0.015 -16"><span class='ocrx_word' id='word_1_378' title='bbox 1964 2791 2294 2863; x_wconf 89' lang='lat' dir='ltr'><strong>sipuissent,</strong></span> <span class='ocrx_word' id='word_1_379' title='bbox 2326 2787 2380 2840; x_wconf 92' lang='lat' dir='ltr'><strong>in</strong></span> <span class='ocrx_word' id='word_1_380' title='bbox 2415 2792 2561 2839; x_wconf 87' lang='lat' dir='ltr'><strong>tanta</strong></span> <span class='ocrx_word' id='word_1_381' title='bbox 2595 2789 2815 2852; x_wconf 88' lang='lat' dir='ltr'><strong>peccata</strong></span> <span class='ocrx_word' id='word_1_382' title='bbox 2850 2778 3190 2840; x_wconf 84' lang='lat' dir='ltr'><strong>inciderunt,</strong></span> <span class='ocrx_word' id='word_1_383' title='bbox 3226 2783 3287 2828; x_wconf 92' lang='lat' dir='ltr'><strong>ut</strong></span> <span class='ocrx_word' id='word_1_384' title='bbox 3318 2771 3538 2828; x_wconf 90' lang='lat' dir='ltr'><strong>tandem</strong></span> 
     </span>
    </p>
   </div>
   <div class='ocr_carea' id='block_1_58' title="bbox 1964 2864 3539 2946">
    <p class='ocr_par' dir='ltr' id='par_1_58' title="bbox 1964 2864 3539 2946">
     <span class='ocr_line' id='line_1_58' title="bbox 1964 2864 3539 2946; baseline -0.015 -7"><span class='ocrx_word' id='word_1_385' title='bbox 1964 2884 2222 2939; x_wconf 85' lang='lat' dir='ltr'><strong>universa</strong></span> <span class='ocrx_word' id='word_1_386' title='bbox 2266 2890 2417 2934; x_wconf 88' lang='lat' dir='ltr'><strong>terra</strong></span> <span class='ocrx_word' id='word_1_387' title='bbox 2467 2875 2692 2946; x_wconf 88' lang='lat' dir='ltr'><strong>periret.</strong></span> <span class='ocrx_word' id='word_1_388' title='bbox 2735 2872 2826 2927; x_wconf 90' lang='lat' dir='ltr'><strong>Sic</strong></span> <span class='ocrx_word' id='word_1_389' title='bbox 2872 2872 2929 2925; x_wconf 94' lang='lat' dir='ltr'><strong>in</strong></span> <span class='ocrx_word' id='word_1_390' title='bbox 2974 2866 3257 2939; x_wconf 62' lang='lat' dir='ltr'><strong>[Egyptios</strong></span> <span class='ocrx_word' id='word_1_391' title='bbox 3305 2864 3539 2919; x_wconf 89' lang='lat' dir='ltr'><strong>multum</strong></span> 
     </span>
    </p>
   </div>
   <div class='ocr_carea' id='block_1_59' title="bbox 1966 2954 3543 3036">
    <p class='ocr_par' dir='ltr' id='par_1_59' title="bbox 1966 2954 3543 3036">
     <span class='ocr_line' id='line_1_59' title="bbox 1966 2954 3543 3036; baseline -0.015 -5"><span class='ocrx_word' id='word_1_392' title='bbox 1966 2974 2311 3030; x_wconf 79' lang='lat' dir='ltr'><strong>ofl‘cndentes</strong></span> <span class='ocrx_word' id='word_1_393' title='bbox 2332 2980 2389 3024; x_wconf 85' lang='lat' dir='ltr'><strong>et</strong></span> <span class='ocrx_word' id='word_1_394' title='bbox 2412 2970 2467 3024; x_wconf 91' lang='lat' dir='ltr'><strong>in</strong></span> <span class='ocrx_word' id='word_1_395' title='bbox 2495 2967 2591 3022; x_wconf 89' lang='lat' dir='ltr'><strong>Dei</strong></span> <span class='ocrx_word' id='word_1_396' title='bbox 2616 2964 2879 3036; x_wconf 89' lang='lat' dir='ltr'><strong>populum</strong></span> <span class='ocrx_word' id='word_1_397' title='bbox 2918 2968 3209 3031; x_wconf 89' lang='lat' dir='ltr'><strong>peccantes</strong></span> <span class='ocrx_word' id='word_1_398' title='bbox 3248 2954 3543 3011; x_wconf 89' lang='lat' dir='ltr'><strong>clementia</strong></span> 
     </span>
    </p>
   </div>
   <div class='ocr_carea' id='block_1_60' title="bbox 1967 3047 3545 3125">
    <p class='ocr_par' dir='ltr' id='par_1_60' title="bbox 1967 3047 3545 3125">
     <span class='ocr_line' id='line_1_60' title="bbox 1967 3047 3545 3125; baseline -0.016 -3"><span class='ocrx_word' id='word_1_399' title='bbox 1967 3068 2113 3121; x_wconf 87' lang='lat' dir='ltr'><strong>Deus</strong></span> <span class='ocrx_word' id='word_1_400' title='bbox 2145 3078 2280 3119; x_wconf 90' lang='lat' dir='ltr'><strong>usus</strong></span> <span class='ocrx_word' id='word_1_401' title='bbox 2315 3071 2428 3124; x_wconf 88' lang='lat' dir='ltr'><strong>est,</strong></span> <span class='ocrx_word' id='word_1_402' title='bbox 2454 3073 2565 3113; x_wconf 90' lang='lat' dir='ltr'><strong>non</strong></span> <span class='ocrx_word' id='word_1_403' title='bbox 2600 3056 2767 3111; x_wconf 88' lang='lat' dir='ltr'><strong>tantis</strong></span> <span class='ocrx_word' id='word_1_404' title='bbox 2804 3051 2982 3125; x_wconf 71' lang='lat' dir='ltr'><strong>poenis</strong></span> <span class='ocrx_word' id='word_1_405' title='bbox 3020 3050 3143 3104; x_wconf 88' lang='lat' dir='ltr'><strong>illos</strong></span> <span class='ocrx_word' id='word_1_406' title='bbox 3177 3047 3448 3109; x_wconf 80' lang='lat' dir='ltr'><strong>aﬂleiens,</strong></span> <span class='ocrx_word' id='word_1_407' title='bbox 3484 3054 3545 3098; x_wconf 90' lang='lat' dir='ltr'><strong>ut</strong></span> 
     </span>
    </p>
   </div>
   <div class='ocr_carea' id='block_1_61' title="bbox 272 3130 1957 3223">
    <p class='ocr_par' dir='ltr' id='par_1_61' title="bbox 272 3130 1927 3223">
     <span class='ocr_line' id='line_1_61' title="bbox 272 3130 1927 3223; baseline 0.01 -42"><span class='ocrx_word' id='word_1_408' title='bbox 272 3130 532 3194; x_wconf 87' lang='grc' dir='ltr'>τοιαύτας</span> <span class='ocrx_word' id='word_1_409' title='bbox 585 3133 769 3198; x_wconf 82' lang='grc' dir='ltr'>αὐτοῖς</span> <span class='ocrx_word' id='word_1_410' title='bbox 821 3136 1091 3206; x_wconf 87' lang='grc' dir='ltr'>μάστιγας</span> <span class='ocrx_word' id='word_1_411' title='bbox 1138 3140 1450 3209; x_wconf 87' lang='grc' dir='ltr'>ἐπιφέρειν,</span> <span class='ocrx_word' id='word_1_412' title='bbox 1487 3140 1627 3195; x_wconf 82' lang='grc' dir='ltr'>ὥστε</span> <span class='ocrx_word' id='word_1_413' title='bbox 1662 3144 1743 3207; x_wconf 81' lang='grc' dir='ltr'><strong>είς</strong></span> <span class='ocrx_word' id='word_1_414' title='bbox 1774 3144 1857 3197; x_wconf 85' lang='grc' dir='ltr'>τέ·</span> <span class='ocrx_word' id='word_1_415' title='bbox 1882 3161 1927 3223; x_wconf 78' lang='lat' dir='ltr'>C</span> 
     </span>
    </p>
   </div>
   <div class='ocr_carea' id='block_1_62' title="bbox 1860 3130 3545 3223">
    <p class='ocr_par' dir='ltr' id='par_1_62' title="bbox 1882 3135 3545 3223">
     <span class='ocr_line' id='line_1_62' title="bbox 1882 3135 3545 3223; baseline -0.015 -12"><span class='ocrx_word' id='word_1_416' title='bbox 1882 3161 1927 3223; x_wconf 84' lang='lat' dir='ltr'>C</span> <span class='ocrx_word' id='word_1_417' title='bbox 1961 3154 2188 3211; x_wconf 91' lang='lat' dir='ltr'><strong>omnino</strong></span> <span class='ocrx_word' id='word_1_418' title='bbox 2216 3150 2463 3221; x_wconf 89' lang='lat' dir='ltr'><strong>perirent</strong></span> <span class='ocrx_word' id='word_1_419' title='bbox 2494 3165 2508 3201; x_wconf 90' lang='lat'>:</span> <span class='ocrx_word' id='word_1_420' title='bbox 2541 3146 2634 3201; x_wconf 90' lang='lat' dir='ltr'><strong>sed</strong></span> <span class='ocrx_word' id='word_1_421' title='bbox 2664 3143 2731 3198; x_wconf 91' lang='lat' dir='ltr'><strong>ad</strong></span> <span class='ocrx_word' id='word_1_422' title='bbox 2757 3140 3194 3210; x_wconf 88' lang='lat' dir='ltr'><strong>castigationem,</strong></span> <span class='ocrx_word' id='word_1_423' title='bbox 3222 3135 3545 3190; x_wconf 88' lang='lat' dir='ltr'><strong>conversio-</strong></span> 
     </span>
    </p>
   </div>
   <div class='ocr_carea' id='block_1_63' title="bbox 273 3223 1861 3299">
    <p class='ocr_par' dir='ltr' id='par_1_63' title="bbox 273 3223 1861 3299">
     <span class='ocr_line' id='line_1_63' title="bbox 273 3223 1861 3299; baseline 0.008 -25"><span class='ocrx_word' id='word_1_424' title='bbox 273 3223 367 3286; x_wconf 88' lang='grc' dir='ltr'><strong>λος</strong></span> <span class='ocrx_word' id='word_1_425' title='bbox 402 3223 600 3288; x_wconf 76' lang='grc' dir='ltr'>αὐτοὺς</span> <span class='ocrx_word' id='word_1_426' title='bbox 626 3224 935 3297; x_wconf 86' lang='grc' dir='ltr'>διαφθεῖραι</span> <span class='ocrx_word' id='word_1_427' title='bbox 962 3244 977 3260; x_wconf 75' lang='grc' dir='ltr'><strong>ο</strong></span> <span class='ocrx_word' id='word_1_428' title='bbox 1002 3231 1006 3237; x_wconf 87' lang='grc'><em>’</em></span> <span class='ocrx_word' id='word_1_429' title='bbox 1030 3228 1146 3283; x_wconf 86' lang='grc' dir='ltr'>ἀλλ’</span> <span class='ocrx_word' id='word_1_430' title='bbox 1187 3231 1268 3294; x_wconf 82' lang='grc' dir='ltr'><strong>είς</strong></span> <span class='ocrx_word' id='word_1_431' title='bbox 1308 3232 1577 3299; x_wconf 83' lang='grc' dir='ltr'>παιδείαν,</span> <span class='ocrx_word' id='word_1_432' title='bbox 1611 3234 1706 3286; x_wconf 84' lang='grc' dir='ltr'>καὶ</span> <span class='ocrx_word' id='word_1_433' title='bbox 1739 3235 1861 3287; x_wconf 89' lang='grc' dir='ltr'>ἐπι-</span> 
     </span>
    </p>
   </div>
   <div class='ocr_carea' id='block_1_64' title="bbox 275 3316 1859 3393">
    <p class='ocr_par' dir='ltr' id='par_1_64' title="bbox 275 3316 1859 3393">
     <span class='ocr_line' id='line_1_64' title="bbox 275 3316 1859 3393; baseline 0.008 -26"><span class='ocrx_word' id='word_1_434' title='bbox 275 3316 550 3386; x_wconf 80' lang='grc' dir='ltr'>στροφὴν,</span> <span class='ocrx_word' id='word_1_435' title='bbox 599 3319 696 3371; x_wconf 81' lang='grc' dir='ltr'>καὶ</span> <span class='ocrx_word' id='word_1_436' title='bbox 748 3320 1034 3389; x_wconf 88' lang='grc' dir='ltr'>μετάνοιαν</span> <span class='ocrx_word' id='word_1_437' title='bbox 1073 3320 1269 3393; x_wconf 87' lang='grc' dir='ltr'>ἔφερεν</span> <span class='ocrx_word' id='word_1_438' title='bbox 1302 3324 1487 3387; x_wconf 84' lang='grc' dir='ltr'>αὐτοῖς</span> <span class='ocrx_word' id='word_1_439' title='bbox 1522 3325 1735 3388; x_wconf 87' lang='grc' dir='ltr'>ἐκείνας</span> <span class='ocrx_word' id='word_1_440' title='bbox 1762 3328 1859 3390; x_wconf 85' lang='grc' dir='ltr'>τὰς</span> 
     </span>
    </p>
   </div>
   <div class='ocr_carea' id='block_1_65' title="bbox 276 3411 1865 3487">
    <p class='ocr_par' dir='ltr' id='par_1_65' title="bbox 276 3411 1865 3487">
     <span class='ocr_line' id='line_1_65' title="bbox 276 3411 1865 3487; baseline 0.006 -25"><span class='ocrx_word' id='word_1_441' title='bbox 276 3412 484 3481; x_wconf 82' lang='grc' dir='ltr'>μικρὰς</span> <span class='ocrx_word' id='word_1_442' title='bbox 510 3411 723 3482; x_wconf 84' lang='grc' dir='ltr'>πληγὰς</span> <span class='ocrx_word' id='word_1_443' title='bbox 755 3413 863 3467; x_wconf 87' lang='grc' dir='ltr'><strong>τῶν</strong></span> <span class='ocrx_word' id='word_1_444' title='bbox 893 3415 1194 3483; x_wconf 86' lang='grc' dir='ltr'>μαστίγων,</span> <span class='ocrx_word' id='word_1_445' title='bbox 1233 3416 1624 3487; x_wconf 83' lang='grc' dir='ltr'>μακροθυμῶν,</span> <span class='ocrx_word' id='word_1_446' title='bbox 1662 3422 1757 3471; x_wconf 71' lang='grc' dir='ltr'><strong>καὶ</strong></span> <span class='ocrx_word' id='word_1_447' title='bbox 1785 3421 1865 3483; x_wconf 81' lang='grc' dir='ltr'><strong>είς</strong></span> 
     </span>
    </p>
   </div>
   <div class='ocr_carea' id='block_1_66' title="bbox 276 3500 1867 3583">
    <p class='ocr_par' dir='ltr' id='par_1_66' title="bbox 276 3500 1867 3583">
     <span class='ocr_line' id='line_1_66' title="bbox 276 3500 1867 3583; baseline 0.008 -31"><span class='ocrx_word' id='word_1_448' title='bbox 276 3500 570 3572; x_wconf 86' lang='grc' dir='ltr'>μετάνοιαν</span> <span class='ocrx_word' id='word_1_449' title='bbox 597 3504 794 3567; x_wconf 80' lang='grc' dir='ltr'>αὐτοὺς</span> <span class='ocrx_word' id='word_1_450' title='bbox 822 3506 1197 3575; x_wconf 86' lang='grc' dir='ltr'>ἐκδεχόμενος.</span> <span class='ocrx_word' id='word_1_451' title='bbox 1230 3509 1293 3561; x_wconf 74' lang='lat' dir='ltr'><strong>Oi</strong></span> <span class='ocrx_word' id='word_1_452' title='bbox 1317 3509 1395 3571; x_wconf 82' lang='grc' dir='ltr'><strong>δὲ,</strong></span> <span class='ocrx_word' id='word_1_453' title='bbox 1423 3510 1593 3563; x_wconf 86' lang='grc' dir='ltr'>πολλά</span> <span class='ocrx_word' id='word_1_454' title='bbox 1617 3512 1867 3583; x_wconf 81' lang='grc' dir='ltr'>ἁμαρτὴ-</span> 
     </span>
    </p>
   </div>
   <div class='ocr_carea' id='block_1_67' title="bbox 275 3595 1862 3674">
    <p class='ocr_par' dir='ltr' id='par_1_67' title="bbox 275 3595 1862 3674">
     <span class='ocr_line' id='line_1_67' title="bbox 275 3595 1862 3674; baseline 0.008 -29"><span class='ocrx_word' id='word_1_455' title='bbox 275 3612 471 3656; x_wconf 90' lang='grc' dir='ltr'>σαντες</span> <span class='ocrx_word' id='word_1_456' title='bbox 525 3595 606 3658; x_wconf 87' lang='grc' dir='ltr'><strong>είς</strong></span> <span class='ocrx_word' id='word_1_457' title='bbox 646 3596 737 3649; x_wconf 86' lang='grc' dir='ltr'><strong>τὸν</strong></span> <span class='ocrx_word' id='word_1_458' title='bbox 783 3597 909 3650; x_wconf 86' lang='grc' dir='ltr'>λαὸν</span> <span class='ocrx_word' id='word_1_459' title='bbox 941 3599 1034 3651; x_wconf 82' lang='grc' dir='ltr'><strong>τοῦ</strong></span> <span class='ocrx_word' id='word_1_460' title='bbox 1067 3599 1238 3664; x_wconf 86' lang='grc' dir='ltr'>Θεοῦ,</span> <span class='ocrx_word' id='word_1_461' title='bbox 1278 3603 1373 3654; x_wconf 78' lang='grc' dir='ltr'><strong>καὶ</strong></span> <span class='ocrx_word' id='word_1_462' title='bbox 1408 3604 1862 3674; x_wconf 78' lang='grc' dir='ltr'>ἐπιστρέφοντες,</span> 
     </span>
    </p>
   </div>
   <div class='ocr_carea' id='block_1_68' title="bbox 271 3688 1867 3769">
    <p class='ocr_par' dir='ltr' id='par_1_68' title="bbox 271 3688 1867 3769">
     <span class='ocr_line' id='line_1_68' title="bbox 271 3688 1867 3769; baseline 0.008 -30"><span class='ocrx_word' id='word_1_463' title='bbox 271 3688 368 3739; x_wconf 83' lang='grc' dir='ltr'><strong>καὶ</strong></span> <span class='ocrx_word' id='word_1_464' title='bbox 426 3688 588 3740; x_wconf 87' lang='grc' dir='ltr'>πάλιν</span> <span class='ocrx_word' id='word_1_465' title='bbox 653 3691 1127 3760; x_wconf 85' lang='grc' dir='ltr'>μεταμελόμενοι,</span> <span class='ocrx_word' id='word_1_466' title='bbox 1208 3695 1301 3747; x_wconf 75' lang='grc' dir='ltr'>καὶ</span> <span class='ocrx_word' id='word_1_467' title='bbox 1371 3698 1450 3757; x_wconf 86' lang='grc' dir='ltr'><strong>είς</strong></span> <span class='ocrx_word' id='word_1_468' title='bbox 1505 3697 1599 3769; x_wconf 79' lang='grc' dir='ltr'>τὴν</span> <span class='ocrx_word' id='word_1_469' title='bbox 1639 3700 1867 3768; x_wconf 86' lang='grc' dir='ltr'>ἀρχαίαν</span> 
     </span>
    </p>
   </div>
   <div class='ocr_carea' id='block_1_69' title="bbox 271 3780 1868 3855">
    <p class='ocr_par' dir='ltr' id='par_1_69' title="bbox 271 3780 1868 3855">
     <span class='ocr_line' id='line_1_69' title="bbox 271 3780 1868 3855; baseline 0.007 -23"><span class='ocrx_word' id='word_1_470' title='bbox 271 3780 534 3832; x_wconf 85' lang='grc' dir='ltr'>ἀπιστίαν</span> <span class='ocrx_word' id='word_1_471' title='bbox 568 3781 665 3851; x_wconf 85' lang='grc' dir='ltr'><strong>τῆς</strong></span> <span class='ocrx_word' id='word_1_472' title='bbox 693 3781 873 3851; x_wconf 83' lang='grc' dir='ltr'>κακῆς</span> <span class='ocrx_word' id='word_1_473' title='bbox 904 3784 1279 3855; x_wconf 83' lang='grc' dir='ltr'>προαιρέσεως</span> <span class='ocrx_word' id='word_1_474' title='bbox 1308 3786 1735 3855; x_wconf 86' lang='grc' dir='ltr'>καθιστάμενοι,</span> <span class='ocrx_word' id='word_1_475' title='bbox 1773 3790 1868 3843; x_wconf 76' lang='grc' dir='ltr'><strong>καὶ</strong></span> 
     </span>
    </p>
   </div>
   <div class='ocr_carea' id='block_1_70' title="bbox 270 3873 1869 3951">
    <p class='ocr_par' dir='ltr' id='par_1_70' title="bbox 270 3873 1869 3951">
     <span class='ocr_line' id='line_1_70' title="bbox 270 3873 1869 3951; baseline 0.005 -26"><span class='ocrx_word' id='word_1_476' title='bbox 270 3874 362 3926; x_wconf 83' lang='grc' dir='ltr'><strong>τὸν</strong></span> <span class='ocrx_word' id='word_1_477' title='bbox 389 3874 517 3926; x_wconf 82' lang='grc' dir='ltr'>λαὸν</span> <span class='ocrx_word' id='word_1_478' title='bbox 548 3873 640 3926; x_wconf 91' lang='grc' dir='ltr'><strong>τοῦ</strong></span> <span class='ocrx_word' id='word_1_479' title='bbox 676 3874 810 3927; x_wconf 88' lang='grc' dir='ltr'>Θεοῦ</span> <span class='ocrx_word' id='word_1_480' title='bbox 847 3879 1345 3947; x_wconf 84' lang='grc' dir='ltr'>καταπονήσαντες,</span> <span class='ocrx_word' id='word_1_481' title='bbox 1384 3878 1630 3951; x_wconf 76' lang='grc' dir='ltr'>ὕστερον,</span> <span class='ocrx_word' id='word_1_482' title='bbox 1667 3881 1752 3933; x_wconf 74' lang='grc' dir='ltr'>ὅτε</span> <span class='ocrx_word' id='word_1_483' title='bbox 1782 3882 1869 3934; x_wconf 78' lang='grc' dir='ltr'>διὰ</span> 
     </span>
    </p>
   </div>
   <div class='ocr_carea' id='block_1_71' title="bbox 275 3963 1868 4039">
    <p class='ocr_par' dir='ltr' id='par_1_71' title="bbox 275 3963 1868 4039">
     <span class='ocr_line' id='line_1_71' title="bbox 275 3963 1868 4039; baseline 0.006 -24"><span class='ocrx_word' id='word_1_484' title='bbox 275 3963 597 4033; x_wconf 74' lang='grc' dir='ltr'>θαυμασίων</span> <span class='ocrx_word' id='word_1_485' title='bbox 625 3966 830 4019; x_wconf 79' lang='grc' dir='ltr'>πολλῶν</span> <span class='ocrx_word' id='word_1_486' title='bbox 867 3970 895 4021; x_wconf 98' lang='lat'><strong>6</strong></span> <span class='ocrx_word' id='word_1_487' title='bbox 932 3968 1064 4031; x_wconf 83' lang='grc' dir='ltr'>Θεὸς</span> <span class='ocrx_word' id='word_1_488' title='bbox 1107 3970 1200 4022; x_wconf 86' lang='grc' dir='ltr'><strong>τὸν</strong></span> <span class='ocrx_word' id='word_1_489' title='bbox 1223 3970 1351 4023; x_wconf 88' lang='grc' dir='ltr'>λαὸν</span> <span class='ocrx_word' id='word_1_490' title='bbox 1383 3970 1440 4035; x_wconf 82' lang='grc' dir='ltr'>ἐξ</span> <span class='ocrx_word' id='word_1_491' title='bbox 1467 3972 1742 4039; x_wconf 85' lang='grc' dir='ltr'>Αἰγύπτου</span> <span class='ocrx_word' id='word_1_492' title='bbox 1782 3974 1868 4025; x_wconf 75' lang='grc' dir='ltr'><strong>διὰ</strong></span> 
     </span>
    </p>
   </div>
   <div class='ocr_carea' id='block_1_72' title="bbox 275 4054 1870 4130">
    <p class='ocr_par' dir='ltr' id='par_1_72' title="bbox 275 4054 1870 4130">
     <span class='ocr_line' id='line_1_72' title="bbox 275 4054 1870 4130; baseline 0.004 -21"><span class='ocrx_word' id='word_1_493' title='bbox 275 4054 519 4117; x_wconf 84' lang='grc' dir='ltr'>Μωσέως</span> <span class='ocrx_word' id='word_1_494' title='bbox 559 4056 808 4122; x_wconf 80' lang='grc' dir='ltr'>ἐξέϐαλε,</span> <span class='ocrx_word' id='word_1_495' title='bbox 846 4059 987 4129; x_wconf 79' lang='grc' dir='ltr'>μέγα</span> <span class='ocrx_word' id='word_1_496' title='bbox 1034 4061 1409 4130; x_wconf 81' lang='grc' dir='ltr'>προσέκοψαν,</span> <span class='ocrx_word' id='word_1_497' title='bbox 1440 4062 1870 4129; x_wconf 77' lang='grc' dir='ltr'>καταδιώξαντες</span> 
     </span>
    </p>
   </div>
   <div class='ocr_carea' id='block_1_73' title="bbox 273 4146 1868 4225">
    <p class='ocr_par' dir='ltr' id='par_1_73' title="bbox 273 4146 1868 4225">
     <span class='ocr_line' id='line_1_73' title="bbox 273 4146 1868 4225; baseline 0.006 -29"><span class='ocrx_word' id='word_1_498' title='bbox 273 4146 452 4200; x_wconf 83' lang='grc' dir='ltr'>ὀπίσω</span> <span class='ocrx_word' id='word_1_499' title='bbox 472 4147 569 4200; x_wconf 89' lang='grc' dir='ltr'><strong>τοῦ</strong></span> <span class='ocrx_word' id='word_1_500' title='bbox 591 4149 718 4202; x_wconf 91' lang='grc' dir='ltr'>λαοῦ</span> <span class='ocrx_word' id='word_1_501' title='bbox 738 4150 830 4203; x_wconf 91' lang='grc' dir='ltr'><strong>τοῦ</strong></span> <span class='ocrx_word' id='word_1_502' title='bbox 853 4151 1008 4205; x_wconf 86' lang='grc' dir='ltr'>Θεοῦ.</span> <span class='ocrx_word' id='word_1_503' title='bbox 1044 4152 1134 4204; x_wconf 87' lang='grc' dir='ltr'>Διὸ</span> <span class='ocrx_word' id='word_1_504' title='bbox 1156 4154 1247 4205; x_wconf 75' lang='grc' dir='ltr'>καὶ</span> <span class='ocrx_word' id='word_1_505' title='bbox 1269 4156 1348 4216; x_wconf 84' lang='grc' dir='ltr'><strong>είς</strong></span> <span class='ocrx_word' id='word_1_506' title='bbox 1371 4154 1523 4217; x_wconf 85' lang='grc' dir='ltr'>τέλος</span> <span class='ocrx_word' id='word_1_507' title='bbox 1552 4156 1583 4220; x_wconf 86' lang='grc' dir='ltr'>ἡ</span> <span class='ocrx_word' id='word_1_508' title='bbox 1610 4154 1728 4208; x_wconf 83' lang='grc' dir='ltr'>θεία</span> <span class='ocrx_word' id='word_1_509' title='bbox 1748 4156 1868 4225; x_wconf 91' lang='grc' dir='ltr'>δίκη</span> 
     </span>
    </p>
   </div>
   <div class='ocr_carea' id='block_1_74' title="bbox 271 4237 1872 4310">
    <p class='ocr_par' dir='ltr' id='par_1_74' title="bbox 271 4237 1872 4310">
     <span class='ocr_line' id='line_1_74' title="bbox 271 4237 1872 4310; baseline 0.006 -22"><span class='ocrx_word' id='word_1_510' title='bbox 271 4237 497 4300; x_wconf 82' lang='grc' dir='ltr'>τούτους</span> <span class='ocrx_word' id='word_1_511' title='bbox 525 4239 771 4308; x_wconf 77' lang='grc' dir='ltr'>ἀνήλωσε</span> <span class='ocrx_word' id='word_1_512' title='bbox 800 4241 891 4293; x_wconf 73' lang='grc' dir='ltr'><strong>καὶ</strong></span> <span class='ocrx_word' id='word_1_513' title='bbox 912 4241 1204 4310; x_wconf 84' lang='grc' dir='ltr'>διέφθειρε,</span> <span class='ocrx_word' id='word_1_514' title='bbox 1227 4243 1318 4294; x_wconf 76' lang='grc' dir='ltr'><strong>καὶ</strong></span> <span class='ocrx_word' id='word_1_515' title='bbox 1343 4243 1399 4294; x_wconf 85' lang='grc' dir='ltr'><strong>ἐν</strong></span> <span class='ocrx_word' id='word_1_516' title='bbox 1420 4246 1531 4304; x_wconf 83' lang='grc' dir='ltr'>τοῖς</span> <span class='ocrx_word' id='word_1_517' title='bbox 1559 4242 1717 4295; x_wconf 79' lang='grc' dir='ltr'>ὕδασι</span> <span class='ocrx_word' id='word_1_518' title='bbox 1740 4260 1872 4297; x_wconf 87' lang='grc' dir='ltr'>κατ·</span> 
     </span>
    </p>
   </div>
   <div class='ocr_carea' id='block_1_75' title="bbox 273 4329 1868 4404">
    <p class='ocr_par' dir='ltr' id='par_1_75' title="bbox 273 4329 1868 4404">
     <span class='ocr_line' id='line_1_75' title="bbox 273 4329 1868 4404; baseline 0.005 -24"><span class='ocrx_word' id='word_1_519' title='bbox 273 4329 525 4381; x_wconf 82' lang='grc' dir='ltr'>επόντισε</span> <span class='ocrx_word' id='word_1_520' title='bbox 546 4368 561 4392; x_wconf 88' lang='grc'><strong>,</strong></span> <span class='ocrx_word' id='word_1_521' title='bbox 608 4331 741 4400; x_wconf 78' lang='grc' dir='ltr'>μηδὲ</span> <span class='ocrx_word' id='word_1_522' title='bbox 779 4331 879 4401; x_wconf 77' lang='grc' dir='ltr'>τῆς</span> <span class='ocrx_word' id='word_1_523' title='bbox 907 4333 1190 4402; x_wconf 85' lang='grc' dir='ltr'>ὁρωμένης</span> <span class='ocrx_word' id='word_1_524' title='bbox 1219 4332 1364 4403; x_wconf 79' lang='grc' dir='ltr'>ζωῆς</span> <span class='ocrx_word' id='word_1_525' title='bbox 1400 4334 1586 4398; x_wconf 80' lang='grc' dir='ltr'>ἀξίους</span> <span class='ocrx_word' id='word_1_526' title='bbox 1614 4335 1868 4404; x_wconf 86' lang='grc' dir='ltr'>κρίνασα.</span> 
     </span>
    </p>
   </div>
   <div class='ocr_carea' id='block_1_76' title="bbox 348 4423 1861 4497">
    <p class='ocr_par' dir='ltr' id='par_1_76' title="bbox 348 4423 1861 4497">
     <span class='ocr_line' id='line_1_76' title="bbox 348 4423 1861 4497; baseline 0.003 -22"><span class='ocrx_word' id='word_1_527' title='bbox 348 4423 479 4476; x_wconf 78' lang='lat' dir='ltr'><strong>KF&#39;.</strong></span> <span class='ocrx_word' id='word_1_528' title='bbox 533 4423 769 4493; x_wconf 85' lang='grc' dir='ltr'>Ὁμοίως</span> <span class='ocrx_word' id='word_1_529' title='bbox 820 4425 847 4476; x_wconf 90' lang='lat'><strong>6</strong></span> <span class='ocrx_word' id='word_1_530' title='bbox 883 4425 1127 4495; x_wconf 83' lang='grc' dir='ltr'>Ἰσραὴλ,</span> <span class='ocrx_word' id='word_1_531' title='bbox 1178 4424 1254 4489; x_wconf 83' lang='grc' dir='ltr'>ὡς</span> <span class='ocrx_word' id='word_1_532' title='bbox 1302 4428 1657 4497; x_wconf 89' lang='grc' dir='ltr'>προείρηται,</span> <span class='ocrx_word' id='word_1_533' title='bbox 1694 4428 1861 4480; x_wconf 86' lang='grc' dir='ltr'>πολλά</span> 
     </span>
    </p>
   </div>
   <div class='ocr_carea' id='block_1_77' title="bbox 276 4494 1937 4589">
    <p class='ocr_par' dir='ltr' id='par_1_77' title="bbox 276 4494 1937 4589">
     <span class='ocr_line' id='line_1_77' title="bbox 276 4494 1937 4589; baseline 0.005 -26"><span class='ocrx_word' id='word_1_534' title='bbox 276 4512 642 4581; x_wconf 84' lang='grc' dir='ltr'>προσκόπτων</span> <span class='ocrx_word' id='word_1_535' title='bbox 695 4517 791 4566; x_wconf 79' lang='grc' dir='ltr'><strong>καὶ</strong></span> <span class='ocrx_word' id='word_1_536' title='bbox 841 4494 1204 4585; x_wconf 84' lang='grc' dir='ltr'>ἁμαρτάνων,</span> <span class='ocrx_word' id='word_1_537' title='bbox 1258 4494 1387 4580; x_wconf 78' lang='grc' dir='ltr'>τοῦς</span> <span class='ocrx_word' id='word_1_538' title='bbox 1434 4494 1720 4589; x_wconf 80' lang='grc' dir='ltr'>προφήτας</span> <span class='ocrx_word' id='word_1_539' title='bbox 1766 4518 1859 4571; x_wconf 87' lang='grc' dir='ltr'><strong>τοῦ</strong></span> <span class='ocrx_word' id='word_1_540' title='bbox 1895 4494 1937 4546; x_wconf 77' lang='lat' dir='ltr'><strong>D</strong></span> 
     </span>
    </p>
   </div>
   <div class='ocr_carea' id='block_1_78' title="bbox 273 4601 1864 4673">
    <p class='ocr_par' dir='ltr' id='par_1_78' title="bbox 273 4601 1864 4673">
     <span class='ocr_line' id='line_1_78' title="bbox 273 4601 1864 4673; baseline 0.006 -20"><span class='ocrx_word' id='word_1_541' title='bbox 273 4601 411 4653; x_wconf 83' lang='grc' dir='ltr'>Θεοῦ</span> <span class='ocrx_word' id='word_1_542' title='bbox 444 4602 782 4657; x_wconf 83' lang='grc' dir='ltr'>ἀποκτείνων</span> <span class='ocrx_word' id='word_1_543' title='bbox 804 4644 818 4669; x_wconf 94' lang='grc'><strong>,</strong></span> <span class='ocrx_word' id='word_1_544' title='bbox 855 4606 951 4659; x_wconf 76' lang='grc' dir='ltr'>καὶ</span> <span class='ocrx_word' id='word_1_545' title='bbox 974 4606 1107 4659; x_wconf 88' lang='grc' dir='ltr'>ἄλλα</span> <span class='ocrx_word' id='word_1_546' title='bbox 1132 4608 1302 4662; x_wconf 85' lang='grc' dir='ltr'>πολλά</span> <span class='ocrx_word' id='word_1_547' title='bbox 1332 4609 1476 4661; x_wconf 86' lang='grc' dir='ltr'><strong>κακά</strong></span> <span class='ocrx_word' id='word_1_548' title='bbox 1500 4610 1670 4662; x_wconf 87' lang='grc' dir='ltr'>ποιῶν</span> <span class='ocrx_word' id='word_1_549' title='bbox 1689 4650 1702 4673; x_wconf 95' lang='grc'><strong>,</strong></span> <span class='ocrx_word' id='word_1_550' title='bbox 1743 4612 1864 4663; x_wconf 80' lang='grc' dir='ltr'>ἐπεὶ</span> 
     </span>
    </p>
   </div>
   <div class='ocr_carea' id='block_1_79' title="bbox 272 4694 1861 4771">
    <p class='ocr_par' dir='ltr' id='par_1_79' title="bbox 272 4694 1861 4771">
     <span class='ocr_line' id='line_1_79' title="bbox 272 4694 1861 4771; baseline 0.006 -27"><span class='ocrx_word' id='word_1_551' title='bbox 272 4696 302 4745; x_wconf 91' lang='lat'><strong>6</strong></span> <span class='ocrx_word' id='word_1_552' title='bbox 334 4694 467 4756; x_wconf 81' lang='grc' dir='ltr'>Θεὸς</span> <span class='ocrx_word' id='word_1_553' title='bbox 518 4696 896 4766; x_wconf 88' lang='grc' dir='ltr'>ἐμακροθύμει</span> <span class='ocrx_word' id='word_1_554' title='bbox 945 4698 1233 4769; x_wconf 79' lang='grc' dir='ltr'>ἡσυχάζων</span> <span class='ocrx_word' id='word_1_555' title='bbox 1258 4742 1272 4764; x_wconf 94' lang='grc'><strong>,</strong></span> <span class='ocrx_word' id='word_1_556' title='bbox 1325 4701 1419 4754; x_wconf 81' lang='grc' dir='ltr'>καὶ</span> <span class='ocrx_word' id='word_1_557' title='bbox 1457 4704 1537 4765; x_wconf 80' lang='grc' dir='ltr'>εις</span> <span class='ocrx_word' id='word_1_558' title='bbox 1570 4702 1861 4771; x_wconf 84' lang='grc' dir='ltr'>μετάνοιαν</span> 
     </span>
    </p>
   </div>
   <div class='ocr_carea' id='block_1_80' title="bbox 273 4783 1861 4861">
    <p class='ocr_par' dir='ltr' id='par_1_80' title="bbox 273 4783 1861 4861">
     <span class='ocr_line' id='line_1_80' title="bbox 273 4783 1861 4861; baseline 0.007 -26"><span class='ocrx_word' id='word_1_559' title='bbox 273 4783 478 4846; x_wconf 77' lang='grc' dir='ltr'>αὐτοὺς</span> <span class='ocrx_word' id='word_1_560' title='bbox 509 4784 885 4856; x_wconf 86' lang='grc' dir='ltr'>ἐκδεχόμενος,</span> <span class='ocrx_word' id='word_1_561' title='bbox 923 4788 1151 4858; x_wconf 85' lang='grc' dir='ltr'>ἔσχατον</span> <span class='ocrx_word' id='word_1_562' title='bbox 1180 4789 1323 4847; x_wconf 81' lang='grc' dir='ltr'>οὕτω</span> <span class='ocrx_word' id='word_1_563' title='bbox 1349 4792 1715 4861; x_wconf 69' lang='grc' dir='ltr'>προσέκοψαν,</span> <span class='ocrx_word' id='word_1_564' title='bbox 1740 4792 1861 4846; x_wconf 84' lang='grc' dir='ltr'>ὅθεν</span> 
     </span>
    </p>
   </div>
   <div class='ocr_carea' id='block_1_81' title="bbox 275 4878 1861 4954">
    <p class='ocr_par' dir='ltr' id='par_1_81' title="bbox 275 4878 1861 4954">
     <span class='ocr_line' id='line_1_81' title="bbox 275 4878 1861 4954; baseline 0.003 -22"><span class='ocrx_word' id='word_1_565' title='bbox 275 4878 659 4949; x_wconf 82' lang='grc' dir='ltr'>συντριϐέντες</span> <span class='ocrx_word' id='word_1_566' title='bbox 704 4881 889 4936; x_wconf 79' lang='grc' dir='ltr'>οὐκέτι</span> <span class='ocrx_word' id='word_1_567' title='bbox 934 4884 1267 4954; x_wconf 80' lang='grc' dir='ltr'>ἠγέρθησαν.</span> <span class='ocrx_word' id='word_1_568' title='bbox 1310 4886 1404 4947; x_wconf 62' lang='lat' dir='ltr'><strong>Et:</strong></span> <span class='ocrx_word' id='word_1_569' title='bbox 1435 4885 1496 4937; x_wconf 87' lang='grc' dir='ltr'><strong>τὸ</strong></span> <span class='ocrx_word' id='word_1_570' title='bbox 1527 4885 1861 4938; x_wconf 85' lang='grc' dir='ltr'>Δεσποτικὸν</span> 
     </span>
    </p>
   </div>
   <div class='ocr_carea' id='block_1_82' title="bbox 274 4970 1865 5046">
    <p class='ocr_par' dir='ltr' id='par_1_82' title="bbox 274 4970 1865 5046">
     <span class='ocr_line' id='line_1_82' title="bbox 274 4970 1865 5046; baseline 0.004 -24"><span class='ocrx_word' id='word_1_571' title='bbox 274 4971 389 5041; x_wconf 84' lang='grc' dir='ltr'><strong>γάρ</strong></span> <span class='ocrx_word' id='word_1_572' title='bbox 434 4970 653 5042; x_wconf 74' lang='grc' dir='ltr'>ἀξίωμα</span> <span class='ocrx_word' id='word_1_573' title='bbox 701 4974 799 5037; x_wconf 77' lang='grc' dir='ltr'><strong>τὰς</strong></span> <span class='ocrx_word' id='word_1_574' title='bbox 844 4974 1058 5046; x_wconf 29' lang='grc' dir='ltr'>ἑαυτῶν,</span> <span class='ocrx_word' id='word_1_575' title='bbox 1095 4978 1285 5046; x_wconf 77' lang='grc' dir='ltr'>χεῖρας</span> <span class='ocrx_word' id='word_1_576' title='bbox 1324 4976 1608 5031; x_wconf 85' lang='grc' dir='ltr'>ἐπέϐαλον.</span> <span class='ocrx_word' id='word_1_577' title='bbox 1646 4976 1737 5029; x_wconf 86' lang='grc' dir='ltr'>Διὸ</span> <span class='ocrx_word' id='word_1_578' title='bbox 1768 4976 1865 5029; x_wconf 61' lang='grc' dir='ltr'><strong>καὶ⁷</strong></span> 
     </span>
    </p>
   </div>
   <div class='ocr_carea' id='block_1_83' title="bbox 273 5058 1862 5139">
    <p class='ocr_par' dir='ltr' id='par_1_83' title="bbox 273 5058 1862 5139">
     <span class='ocr_line' id='line_1_83' title="bbox 273 5058 1862 5139; baseline 0.003 -25"><span class='ocrx_word' id='word_1_579' title='bbox 273 5065 359 5125; x_wconf 76' lang='grc' dir='ltr'><strong>εἰς</strong></span> <span class='ocrx_word' id='word_1_580' title='bbox 403 5062 556 5127; x_wconf 81' lang='grc' dir='ltr'>τέλος</span> <span class='ocrx_word' id='word_1_581' title='bbox 606 5058 1061 5135; x_wconf 80' lang='grc' dir='ltr'>καταλειφθέντες</span> <span class='ocrx_word' id='word_1_582' title='bbox 1102 5067 1529 5139; x_wconf 87' lang='grc' dir='ltr'>ἀπεϐλήθησαν,</span> <span class='ocrx_word' id='word_1_583' title='bbox 1576 5067 1675 5121; x_wconf 71' lang='grc' dir='ltr'>καὶ</span> <span class='ocrx_word' id='word_1_584' title='bbox 1722 5067 1862 5138; x_wconf 77' lang='grc' dir='ltr'>ήρθη</span> 
     </span>
    </p>
   </div>
   <div class='ocr_carea' id='block_1_84' title="bbox 273 5154 1864 5233">
    <p class='ocr_par' dir='ltr' id='par_1_84' title="bbox 273 5154 1864 5233">
     <span class='ocr_line' id='line_1_84' title="bbox 273 5154 1864 5233; baseline 0.004 -27"><span class='ocrx_word' id='word_1_585' title='bbox 273 5154 373 5207; x_wconf 86' lang='grc' dir='ltr'>ἀπ’</span> <span class='ocrx_word' id='word_1_586' title='bbox 403 5155 583 5207; x_wconf 86' lang='grc' dir='ltr'>αὐτῶν</span> <span class='ocrx_word' id='word_1_587' title='bbox 628 5158 661 5226; x_wconf 84' lang='grc' dir='ltr'>ἠ</span> <span class='ocrx_word' id='word_1_588' title='bbox 706 5160 1042 5229; x_wconf 87' lang='grc' dir='ltr'>προφητεία,</span> <span class='ocrx_word' id='word_1_589' title='bbox 1088 5160 1183 5213; x_wconf 72' lang='grc' dir='ltr'><strong>καὶ</strong></span> <span class='ocrx_word' id='word_1_590' title='bbox 1220 5162 1253 5233; x_wconf 78' lang='grc' dir='ltr'>ἠ</span> <span class='ocrx_word' id='word_1_591' title='bbox 1296 5161 1561 5231; x_wconf 82' lang='grc' dir='ltr'>ίερατεία,</span> <span class='ocrx_word' id='word_1_592' title='bbox 1590 5161 1682 5213; x_wconf 78' lang='grc' dir='ltr'>καὶ</span> <span class='ocrx_word' id='word_1_593' title='bbox 1710 5161 1742 5230; x_wconf 84' lang='grc' dir='ltr'>ἡ</span> <span class='ocrx_word' id='word_1_594' title='bbox 1774 5160 1864 5212; x_wconf 89' lang='grc' dir='ltr'>λα-</span> 
     </span>
    </p>
   </div>
   <div class='ocr_carea' id='block_1_85' title="bbox 272 5247 1867 5319">
    <p class='ocr_par' dir='ltr' id='par_1_85' title="bbox 272 5247 1867 5319">
     <span class='ocr_line' id='line_1_85' title="bbox 272 5247 1867 5319; baseline 0.003 -19"><span class='ocrx_word' id='word_1_595' title='bbox 272 5247 456 5318; x_wconf 77' lang='grc' dir='ltr'>τρεία,</span> <span class='ocrx_word' id='word_1_596' title='bbox 474 5250 568 5302; x_wconf 74' lang='grc' dir='ltr'>καὶ</span> <span class='ocrx_word' id='word_1_597' title='bbox 598 5248 754 5319; x_wconf 84' lang='grc' dir='ltr'>ἐδόθη</span> <span class='ocrx_word' id='word_1_598' title='bbox 776 5252 890 5314; x_wconf 80' lang='grc' dir='ltr'>τοῖς</span> <span class='ocrx_word' id='word_1_599' title='bbox 913 5251 1266 5305; x_wconf 83' lang='grc' dir='ltr'>πιστεύσασιν</span> <span class='ocrx_word' id='word_1_600' title='bbox 1295 5251 1523 5314; x_wconf 86' lang='grc' dir='ltr'>ἔθνεσιν,</span> <span class='ocrx_word' id='word_1_601' title='bbox 1553 5250 1628 5312; x_wconf 84' lang='grc' dir='ltr'>ὥς</span> <span class='ocrx_word' id='word_1_602' title='bbox 1656 5268 1820 5319; x_wconf 86' lang='grc' dir='ltr'>φησιν</span> <span class='ocrx_word' id='word_1_603' title='bbox 1840 5253 1867 5304; x_wconf 91' lang='lat'><strong>6</strong></span> 
     </span>
    </p>
   </div>
   <div class='ocr_carea' id='block_1_86' title="bbox 275 5338 1866 5410">
    <p class='ocr_par' dir='ltr' id='par_1_86' title="bbox 275 5338 1866 5410">
     <span class='ocr_line' id='line_1_86' title="bbox 275 5338 1866 5410; baseline 0 -19"><span class='ocrx_word' id='word_1_604' title='bbox 275 5338 513 5408; x_wconf 84' lang='grc' dir='ltr'>Κύριος·</span> <span class='ocrx_word' id='word_1_605' title='bbox 554 5338 894 5407; x_wconf 77' lang='grc' dir='ltr'>Ἄρθήσεται</span> <span class='ocrx_word' id='word_1_606' title='bbox 907 5340 1007 5409; x_wconf 76' lang='grc' dir='ltr'>ἀφ’</span> <span class='ocrx_word' id='word_1_607' title='bbox 1020 5338 1189 5410; x_wconf 82' lang='grc' dir='ltr'>ὑμῶν</span> <span class='ocrx_word' id='word_1_608' title='bbox 1202 5340 1561 5409; x_wconf 75' lang='grc' dir='ltr'>ἡβασιλεία,</span> <span class='ocrx_word' id='word_1_609' title='bbox 1577 5339 1676 5392; x_wconf 77' lang='grc' dir='ltr'>καὶ</span> <span class='ocrx_word' id='word_1_610' title='bbox 1692 5338 1866 5405; x_wconf 83' lang='grc' dir='ltr'>δοθή-</span> 
     </span>
    </p>
   </div>
   <div class='ocr_carea' id='block_1_87' title="bbox 274 5428 1863 5501">
    <p class='ocr_par' dir='ltr' id='par_1_87' title="bbox 274 5428 1863 5501">
     <span class='ocr_line' id='line_1_87' title="bbox 274 5428 1863 5501; baseline 0 -19"><span class='ocrx_word' id='word_1_611' title='bbox 274 5444 449 5482; x_wconf 81' lang='grc' dir='ltr'>σεται</span> <span class='ocrx_word' id='word_1_612' title='bbox 465 5428 624 5484; x_wconf 82' lang='grc' dir='ltr'>ἐθνει</span> <span class='ocrx_word' id='word_1_613' title='bbox 636 5430 907 5485; x_wconf 75' lang='grc' dir='ltr'>ποιοῦντι</span> <span class='ocrx_word' id='word_1_614' title='bbox 919 5431 1062 5497; x_wconf 87' lang='grc' dir='ltr'>τοὺς</span> <span class='ocrx_word' id='word_1_615' title='bbox 1072 5432 1340 5500; x_wconf 83' lang='grc' dir='ltr'>καρποὺς</span> <span class='ocrx_word' id='word_1_616' title='bbox 1352 5430 1745 5501; x_wconf 72' lang='grc' dir='ltr'>αῠτῆςΜέχρι</span> <span class='ocrx_word' id='word_1_617' title='bbox 1756 5430 1863 5501; x_wconf 89' lang='grc' dir='ltr'>γὰρ</span> 
     </span>
    </p>
   </div>
   <div class='ocr_carea' id='block_1_88' title="bbox 276 5500 1859 5593">
    <p class='ocr_par' dir='ltr' id='par_1_88' title="bbox 276 5500 1859 5593">
     <span class='ocr_line' id='line_1_88' title="bbox 276 5500 1859 5593; baseline 0 -20"><span class='ocrx_word' id='word_1_618' title='bbox 276 5519 403 5573; x_wconf 83' lang='grc' dir='ltr'>τότε</span> <span class='ocrx_word' id='word_1_619' title='bbox 451 5519 696 5591; x_wconf 80' lang='grc' dir='ltr'>ἠνείχετο</span> <span class='ocrx_word' id='word_1_620' title='bbox 740 5522 952 5587; x_wconf 78' lang='grc' dir='ltr'>αὐτῶν,</span> <span class='ocrx_word' id='word_1_621' title='bbox 988 5524 1080 5575; x_wconf 76' lang='grc' dir='ltr'>καὶ</span> <span class='ocrx_word' id='word_1_622' title='bbox 1112 5525 1141 5575; x_wconf 92' lang='lat'><strong>6</strong></span> <span class='ocrx_word' id='word_1_623' title='bbox 1162 5522 1294 5585; x_wconf 89' lang='grc' dir='ltr'>Θεὸς</span> <span class='ocrx_word' id='word_1_624' title='bbox 1320 5500 1731 5593; x_wconf 73' lang='grc' dir='ltr'>ὲμακροθύμει,</span> <span class='ocrx_word' id='word_1_625' title='bbox 1766 5500 1859 5573; x_wconf 60' lang='grc' dir='ltr'><strong>καὶ</strong></span> 
     </span>
    </p>
   </div>
   <div class='ocr_carea' id='block_1_89' title="bbox 278 5610 1858 5689">
    <p class='ocr_par' dir='ltr' id='par_1_89' title="bbox 278 5610 1858 5689">
     <span class='ocr_line' id='line_1_89' title="bbox 278 5610 1858 5689; baseline -0.001 -25"><span class='ocrx_word' id='word_1_626' title='bbox 278 5610 381 5664; x_wconf 77' lang='grc' dir='ltr'><strong>ιύκ</strong></span> <span class='ocrx_word' id='word_1_627' title='bbox 403 5610 669 5689; x_wconf 84' lang='grc' dir='ltr'>ἀφίστατο</span> <span class='ocrx_word' id='word_1_628' title='bbox 693 5612 1159 5683; x_wconf 75' lang='grc' dir='ltr'>σπλαγχιζόμενος</span> <span class='ocrx_word' id='word_1_629' title='bbox 1205 5614 1292 5667; x_wconf 82' lang='grc' dir='ltr'>ἐπ’</span> <span class='ocrx_word' id='word_1_630' title='bbox 1306 5612 1504 5676; x_wconf 79' lang='grc' dir='ltr'>αὐτούς</span> <span class='ocrx_word' id='word_1_631' title='bbox 1526 5630 1538 5643; x_wconf 82' lang='grc'><em>’</em></span> <span class='ocrx_word' id='word_1_632' title='bbox 1562 5614 1645 5667; x_wconf 78' lang='grc' dir='ltr'>ὅτι</span> <span class='ocrx_word' id='word_1_633' title='bbox 1674 5612 1728 5665; x_wconf 78' lang='grc' dir='ltr'>δὲ</span> <span class='ocrx_word' id='word_1_634' title='bbox 1762 5612 1858 5664; x_wconf 84' lang='grc' dir='ltr'>ἀν-</span> 
     </span>
    </p>
   </div>
   <div class='ocr_carea' id='block_1_90' title="bbox 1964 3224 3549 3311">
    <p class='ocr_par' dir='ltr' id='par_1_90' title="bbox 1964 3224 3549 3311">
     <span class='ocr_line' id='line_1_90' title="bbox 1964 3224 3549 3311; baseline -0.015 -11"><span class='ocrx_word' id='word_1_635' title='bbox 1964 3260 2089 3299; x_wconf 92' lang='lat' dir='ltr'><strong>nem</strong></span> <span class='ocrx_word' id='word_1_636' title='bbox 2126 3250 2181 3298; x_wconf 92' lang='lat' dir='ltr'><strong>et</strong></span> <span class='ocrx_word' id='word_1_637' title='bbox 2218 3238 2599 3311; x_wconf 66' lang='lat' dir='ltr'><strong>paenitentiam</strong></span> <span class='ocrx_word' id='word_1_638' title='bbox 2640 3232 2838 3288; x_wconf 79' lang='lat' dir='ltr'><strong>inﬂixit</strong></span> <span class='ocrx_word' id='word_1_639' title='bbox 2880 3231 3015 3299; x_wconf 91' lang='lat' dir='ltr'><strong>ipsis</strong></span> <span class='ocrx_word' id='word_1_640' title='bbox 3053 3228 3277 3296; x_wconf 69' lang='lat' dir='ltr'><strong>exiguas</strong></span> <span class='ocrx_word' id='word_1_641' title='bbox 3318 3226 3417 3279; x_wconf 89' lang='lat' dir='ltr'><strong>has</strong></span> <span class='ocrx_word' id='word_1_642' title='bbox 3454 3224 3549 3278; x_wconf 82' lang='lat' dir='ltr'><strong>ila-</strong></span> 
     </span>
    </p>
   </div>
   <div class='ocr_carea' id='block_1_91' title="bbox 1964 3324 3547 3406">
    <p class='ocr_par' dir='ltr' id='par_1_91' title="bbox 1964 3324 3547 3406">
     <span class='ocr_line' id='line_1_91' title="bbox 1964 3324 3547 3406; baseline -0.013 -16"><span class='ocrx_word' id='word_1_643' title='bbox 1964 3337 2230 3406; x_wconf 88' lang='lat' dir='ltr'><strong>gellorum</strong></span> <span class='ocrx_word' id='word_1_644' title='bbox 2261 3333 2474 3401; x_wconf 82' lang='lat' dir='ltr'><strong>plagas,</strong></span> <span class='ocrx_word' id='word_1_645' title='bbox 2508 3325 2739 3397; x_wconf 87' lang='lat' dir='ltr'><strong>patienti</strong></span> <span class='ocrx_word' id='word_1_646' title='bbox 2771 3324 2958 3378; x_wconf 91' lang='lat' dir='ltr'><strong>animo</strong></span> <span class='ocrx_word' id='word_1_647' title='bbox 2992 3329 3318 3388; x_wconf 82' lang='lat' dir='ltr'><strong>exspectans</strong></span> <span class='ocrx_word' id='word_1_648' title='bbox 3350 3332 3547 3371; x_wconf 89' lang='lat' dir='ltr'><strong>eorum</strong></span> 
     </span>
    </p>
   </div>
   <div class='ocr_carea' id='block_1_92' title="bbox 1968 3409 3550 3497">
    <p class='ocr_par' dir='ltr' id='par_1_92' title="bbox 1968 3409 3550 3497">
     <span class='ocr_line' id='line_1_92' title="bbox 1968 3409 3550 3497; baseline -0.014 -14"><span class='ocrx_word' id='word_1_649' title='bbox 1968 3424 2424 3497; x_wconf 83' lang='lat' dir='ltr'><strong>resipiscentiam.</strong></span> <span class='ocrx_word' id='word_1_650' title='bbox 2468 3422 2669 3476; x_wconf 84' lang='lat' dir='ltr'><strong>Verum</strong></span> <span class='ocrx_word' id='word_1_651' title='bbox 2717 3417 2807 3481; x_wconf 88' lang='lat' dir='ltr'><strong>hi,</strong></span> <span class='ocrx_word' id='word_1_652' title='bbox 2849 3430 2974 3470; x_wconf 91' lang='lat' dir='ltr'><strong>cum</strong></span> <span class='ocrx_word' id='word_1_653' title='bbox 3023 3412 3215 3466; x_wconf 89' lang='lat' dir='ltr'><strong>multis</strong></span> <span class='ocrx_word' id='word_1_654' title='bbox 3262 3409 3441 3463; x_wconf 90' lang='lat' dir='ltr'><strong>modis</strong></span> <span class='ocrx_word' id='word_1_655' title='bbox 3492 3410 3550 3461; x_wconf 90' lang='lat' dir='ltr'><strong>in</strong></span> 
     </span>
    </p>
   </div>
   <div class='ocr_carea' id='block_1_93' title="bbox 1966 3504 3551 3589">
    <p class='ocr_par' dir='ltr' id='par_1_93' title="bbox 1966 3504 3551 3589">
     <span class='ocr_line' id='line_1_93' title="bbox 1966 3504 3551 3589; baseline -0.013 -17"><span class='ocrx_word' id='word_1_656' title='bbox 1966 3517 2227 3589; x_wconf 87' lang='lat' dir='ltr'><strong>populum</strong></span> <span class='ocrx_word' id='word_1_657' title='bbox 2277 3513 2374 3567; x_wconf 90' lang='lat' dir='ltr'><strong>Dei</strong></span> <span class='ocrx_word' id='word_1_658' title='bbox 2422 3515 2775 3580; x_wconf 87' lang='lat' dir='ltr'><strong>peccassent,</strong></span> <span class='ocrx_word' id='word_1_659' title='bbox 2810 3514 2865 3559; x_wconf 86' lang='lat' dir='ltr'><strong>et</strong></span> <span class='ocrx_word' id='word_1_660' title='bbox 2913 3504 2981 3558; x_wconf 88' lang='lat' dir='ltr'><strong>ad</strong></span> <span class='ocrx_word' id='word_1_661' title='bbox 3032 3504 3206 3557; x_wconf 88' lang='lat' dir='ltr'><strong>Deum</strong></span> <span class='ocrx_word' id='word_1_662' title='bbox 3251 3513 3551 3555; x_wconf 89' lang='lat' dir='ltr'><strong>conversos</strong></span> 
     </span>
    </p>
   </div>
   <div class='ocr_carea' id='block_1_94' title="bbox 1967 3590 3549 3677">
    <p class='ocr_par' dir='ltr' id='par_1_94' title="bbox 1967 3590 3549 3677">
     <span class='ocr_line' id='line_1_94' title="bbox 1967 3590 3549 3677; baseline -0.013 -16"><span class='ocrx_word' id='word_1_663' title='bbox 1967 3603 2317 3677; x_wconf 90' lang='lat' dir='ltr'><strong>postmodum</strong></span> <span class='ocrx_word' id='word_1_664' title='bbox 2345 3596 2725 3656; x_wconf 87' lang='lat' dir='ltr'><strong>conversionis</strong></span> <span class='ocrx_word' id='word_1_665' title='bbox 2749 3593 3063 3667; x_wconf 63' lang='lat' dir='ltr'><strong>paeniteret,</strong></span> <span class='ocrx_word' id='word_1_666' title='bbox 3079 3600 3135 3645; x_wconf 90' lang='lat' dir='ltr'><strong>et</strong></span> <span class='ocrx_word' id='word_1_667' title='bbox 3159 3591 3214 3643; x_wconf 89' lang='lat' dir='ltr'><strong>in</strong></span> <span class='ocrx_word' id='word_1_668' title='bbox 3242 3590 3549 3643; x_wconf 87' lang='lat' dir='ltr'><strong>inveterata</strong></span> 
     </span>
    </p>
   </div>
   <div class='ocr_carea' id='block_1_95' title="bbox 1967 3682 3547 3768">
    <p class='ocr_par' dir='ltr' id='par_1_95' title="bbox 1967 3682 3547 3768">
     <span class='ocr_line' id='line_1_95' title="bbox 1967 3682 3547 3768; baseline -0.013 -16"><span class='ocrx_word' id='word_1_669' title='bbox 1967 3712 2149 3768; x_wconf 65' lang='lat' dir='ltr'><strong>pravae</strong></span> <span class='ocrx_word' id='word_1_670' title='bbox 2192 3692 2495 3749; x_wconf 86' lang='lat' dir='ltr'><strong>voluntatis</strong></span> <span class='ocrx_word' id='word_1_671' title='bbox 2545 3688 2847 3744; x_wconf 73' lang='lat' dir='ltr'><strong>dilﬁdentia</strong></span> <span class='ocrx_word' id='word_1_672' title='bbox 2896 3685 2999 3755; x_wconf 91' lang='lat' dir='ltr'><strong>ipsi</strong></span> <span class='ocrx_word' id='word_1_673' title='bbox 3050 3682 3547 3743; x_wconf 90' lang='lat' dir='ltr'><strong>constituerentur,</strong></span> 
     </span>
    </p>
   </div>
   <div class='ocr_carea' id='block_1_96' title="bbox 1970 3776 3548 3861">
    <p class='ocr_par' dir='ltr' id='par_1_96' title="bbox 1970 3776 3548 3861">
     <span class='ocr_line' id='line_1_96' title="bbox 1970 3776 3548 3861; baseline -0.013 -17"><span class='ocrx_word' id='word_1_674' title='bbox 1970 3790 2343 3861; x_wconf 89' lang='lat' dir='ltr'><strong>populumque</strong></span> <span class='ocrx_word' id='word_1_675' title='bbox 2386 3784 2481 3837; x_wconf 87' lang='lat' dir='ltr'><strong>Dei</strong></span> <span class='ocrx_word' id='word_1_676' title='bbox 2523 3780 2791 3835; x_wconf 90' lang='lat' dir='ltr'><strong>molestiis</strong></span> <span class='ocrx_word' id='word_1_677' title='bbox 2829 3778 2944 3832; x_wconf 83' lang='lat' dir='ltr'><strong>iere</strong></span> <span class='ocrx_word' id='word_1_678' title='bbox 2984 3776 3393 3845; x_wconf 83' lang='lat' dir='ltr'><strong>Opprimerent,</strong></span> <span class='ocrx_word' id='word_1_679' title='bbox 3425 3780 3548 3825; x_wconf 85' lang='lat' dir='ltr'><strong>tan-</strong></span> 
     </span>
    </p>
   </div>
   <div class='ocr_carea' id='block_1_97' title="bbox 1968 3863 3548 3945">
    <p class='ocr_par' dir='ltr' id='par_1_97' title="bbox 1968 3863 3548 3945">
     <span class='ocr_line' id='line_1_97' title="bbox 1968 3863 3548 3945; baseline -0.013 -8"><span class='ocrx_word' id='word_1_680' title='bbox 1968 3884 2127 3945; x_wconf 89' lang='lat' dir='ltr'><strong>dem,</strong></span> <span class='ocrx_word' id='word_1_681' title='bbox 2172 3894 2296 3934; x_wconf 90' lang='lat' dir='ltr'><strong>cum</strong></span> <span class='ocrx_word' id='word_1_682' title='bbox 2342 3892 2441 3945; x_wconf 86' lang='lat' dir='ltr'><strong>per</strong></span> <span class='ocrx_word' id='word_1_683' title='bbox 2489 3872 2733 3944; x_wconf 83' lang='lat' dir='ltr'><strong>ingentia</strong></span> <span class='ocrx_word' id='word_1_684' title='bbox 2780 3869 3047 3923; x_wconf 89' lang='lat' dir='ltr'><strong>miracula</strong></span> <span class='ocrx_word' id='word_1_685' title='bbox 3094 3869 3239 3926; x_wconf 89' lang='lat' dir='ltr'><strong>Deus</strong></span> <span class='ocrx_word' id='word_1_686' title='bbox 3284 3863 3548 3934; x_wconf 88' lang='lat' dir='ltr'><strong>populum</strong></span> 
     </span>
    </p>
   </div>
   <div class='ocr_carea' id='block_1_98' title="bbox 1971 3954 3551 4038">
    <p class='ocr_par' dir='ltr' id='par_1_98' title="bbox 1971 3954 3551 4038">
     <span class='ocr_line' id='line_1_98' title="bbox 1971 3954 3551 4038; baseline -0.013 -11"><span class='ocrx_word' id='word_1_687' title='bbox 1971 3988 2129 4028; x_wconf 91' lang='lat' dir='ltr'><strong>suum</strong></span> <span class='ocrx_word' id='word_1_688' title='bbox 2186 3987 2251 4025; x_wconf 79' lang='lat' dir='ltr'><strong>ex</strong></span> <span class='ocrx_word' id='word_1_689' title='bbox 2297 3968 2531 4038; x_wconf 50' lang='lat' dir='ltr'><strong>{Egypto</strong></span> <span class='ocrx_word' id='word_1_690' title='bbox 2582 3980 2679 4034; x_wconf 88' lang='lat' dir='ltr'><strong>per</strong></span> <span class='ocrx_word' id='word_1_691' title='bbox 2726 3963 2912 4017; x_wconf 88' lang='lat' dir='ltr'><strong>Mosen</strong></span> <span class='ocrx_word' id='word_1_692' title='bbox 2957 3959 3258 4022; x_wconf 85' lang='lat' dir='ltr'><strong>educeret,</strong></span> <span class='ocrx_word' id='word_1_693' title='bbox 3308 3954 3551 4025; x_wconf 85' lang='lat' dir='ltr'><strong>graviter</strong></span> 
     </span>
    </p>
   </div>
   <div class='ocr_carea' id='block_1_99' title="bbox 1972 4042 3547 4133">
    <p class='ocr_par' dir='ltr' id='par_1_99' title="bbox 1972 4042 3547 4133">
     <span class='ocr_line' id='line_1_99' title="bbox 1972 4042 3547 4133; baseline -0.015 -16"><span class='ocrx_word' id='word_1_694' title='bbox 1972 4068 2311 4133; x_wconf 90' lang='lat' dir='ltr'><strong>peccarunt,</strong></span> <span class='ocrx_word' id='word_1_695' title='bbox 2355 4062 2751 4127; x_wconf 81' lang='lat' dir='ltr'><strong>persequentes</strong></span> <span class='ocrx_word' id='word_1_696' title='bbox 2806 4066 2837 4104; x_wconf 86' lang='lat' dir='ltr'><strong>a</strong></span> <span class='ocrx_word' id='word_1_697' title='bbox 2893 4058 3045 4117; x_wconf 87' lang='lat' dir='ltr'><strong>tergo</strong></span> <span class='ocrx_word' id='word_1_698' title='bbox 3106 4045 3367 4116; x_wconf 86' lang='lat' dir='ltr'><strong>populum</strong></span> <span class='ocrx_word' id='word_1_699' title='bbox 3427 4042 3547 4133; x_wconf 91' lang='lat' dir='ltr'><strong>Dei.</strong></span> 
     </span>
    </p>
   </div>
   <div class='ocr_carea' id='block_1_100' title="bbox 1972 4132 3550 4221">
    <p class='ocr_par' dir='ltr' id='par_1_100' title="bbox 1972 4132 3550 4221">
     <span class='ocr_line' id='line_1_100' title="bbox 1972 4132 3550 4221; baseline -0.012 -14"><span class='ocrx_word' id='word_1_700' title='bbox 1972 4132 2315 4221; x_wconf 73' lang='lat' dir='ltr'><strong>Quapropter</strong></span> <span class='ocrx_word' id='word_1_701' title='bbox 2347 4149 2567 4203; x_wconf 89' lang='lat' dir='ltr'><strong>demum</strong></span> <span class='ocrx_word' id='word_1_702' title='bbox 2596 4143 2864 4216; x_wconf 83' lang='lat' dir='ltr'><strong>judicium</strong></span> <span class='ocrx_word' id='word_1_703' title='bbox 2894 4140 3144 4194; x_wconf 88' lang='lat' dir='ltr'><strong>divinum</strong></span> <span class='ocrx_word' id='word_1_704' title='bbox 3175 4137 3299 4190; x_wconf 88' lang='lat' dir='ltr'><strong>illos</strong></span> <span class='ocrx_word' id='word_1_705' title='bbox 3331 4132 3550 4203; x_wconf 86' lang='lat' dir='ltr'><strong>penitus</strong></span> 
     </span>
    </p>
   </div>
   <div class='ocr_carea' id='block_1_101' title="bbox 1972 4224 3547 4312">
    <p class='ocr_par' dir='ltr' id='par_1_101' title="bbox 1972 4224 3547 4312">
     <span class='ocr_line' id='line_1_101' title="bbox 1972 4224 3547 4312; baseline -0.015 -11"><span class='ocrx_word' id='word_1_706' title='bbox 1972 4243 2315 4312; x_wconf 86' lang='lat' dir='ltr'><strong>consumpsit</strong></span> <span class='ocrx_word' id='word_1_707' title='bbox 2338 4252 2393 4295; x_wconf 89' lang='lat' dir='ltr'><strong>et</strong></span> <span class='ocrx_word' id='word_1_708' title='bbox 2420 4238 2651 4301; x_wconf 89' lang='lat' dir='ltr'><strong>delevit,</strong></span> <span class='ocrx_word' id='word_1_709' title='bbox 2677 4245 2733 4290; x_wconf 92' lang='lat' dir='ltr'><strong>et</strong></span> <span class='ocrx_word' id='word_1_710' title='bbox 2759 4232 2917 4303; x_wconf 89' lang='lat' dir='ltr'><strong>aquis</strong></span> <span class='ocrx_word' id='word_1_711' title='bbox 2943 4232 3172 4287; x_wconf 88' lang='lat' dir='ltr'><strong>obrutos</strong></span> <span class='ocrx_word' id='word_1_712' title='bbox 3200 4244 3267 4283; x_wconf 90' lang='lat' dir='ltr'><strong>ne</strong></span> <span class='ocrx_word' id='word_1_713' title='bbox 3295 4227 3397 4281; x_wconf 86' lang='lat' dir='ltr'><strong>hac</strong></span> <span class='ocrx_word' id='word_1_714' title='bbox 3420 4224 3547 4295; x_wconf 89' lang='lat' dir='ltr'><strong>qui-</strong></span> 
     </span>
    </p>
   </div>
   <div class='ocr_carea' id='block_1_102' title="bbox 1973 4331 2649 4399">
    <p class='ocr_par' dir='ltr' id='par_1_102' title="bbox 1973 4331 2649 4399">
     <span class='ocr_line' id='line_1_102' title="bbox 1973 4331 2649 4399; baseline -0.018 -9"><span class='ocrx_word' id='word_1_715' title='bbox 1973 4336 2097 4390; x_wconf 89' lang='lat' dir='ltr'><strong>dem</strong></span> <span class='ocrx_word' id='word_1_716' title='bbox 2123 4334 2233 4387; x_wconf 89' lang='lat' dir='ltr'><strong>vita</strong></span> <span class='ocrx_word' id='word_1_717' title='bbox 2262 4331 2517 4399; x_wconf 84' lang='lat' dir='ltr'><strong>dignatus</strong></span> <span class='ocrx_word' id='word_1_718' title='bbox 2546 4334 2649 4381; x_wconf 89' lang='lat' dir='ltr'><strong>est.</strong></span> 
     </span>
    </p>
   </div>
   <div class='ocr_carea' id='block_1_103' title="bbox 2044 4406 3550 4486">
    <p class='ocr_par' dir='ltr' id='par_1_103' title="bbox 2044 4406 3550 4486">
     <span class='ocr_line' id='line_1_103' title="bbox 2044 4406 3550 4486; baseline -0.017 -4"><span class='ocrx_word' id='word_1_719' title='bbox 2044 4425 2234 4482; x_wconf 76' lang='lat' dir='ltr'><strong>XXIII.</strong></span> <span class='ocrx_word' id='word_1_720' title='bbox 2254 4421 2461 4477; x_wconf 88' lang='lat' dir='ltr'><strong>Eodem</strong></span> <span class='ocrx_word' id='word_1_721' title='bbox 2490 4418 2651 4473; x_wconf 91' lang='lat' dir='ltr'><strong>modo</strong></span> <span class='ocrx_word' id='word_1_722' title='bbox 2675 4415 2912 4486; x_wconf 86' lang='lat' dir='ltr'><strong>populus</strong></span> <span class='ocrx_word' id='word_1_723' title='bbox 2935 4409 3121 4473; x_wconf 85' lang='lat' dir='ltr'><strong>Israel,</strong></span> <span class='ocrx_word' id='word_1_724' title='bbox 3140 4416 3200 4461; x_wconf 88' lang='lat' dir='ltr'><strong>ut</strong></span> <span class='ocrx_word' id='word_1_725' title='bbox 3222 4406 3550 4476; x_wconf 61' lang='lat' dir='ltr'><strong>praedictum</strong></span> 
     </span>
    </p>
   </div>
   <div class='ocr_carea' id='block_1_104' title="bbox 1966 4496 3543 4584">
    <p class='ocr_par' dir='ltr' id='par_1_104' title="bbox 1966 4496 3543 4584">
     <span class='ocr_line' id='line_1_104' title="bbox 1966 4496 3543 4584; baseline -0.018 -9"><span class='ocrx_word' id='word_1_726' title='bbox 1966 4530 2070 4584; x_wconf 82' lang='lat' dir='ltr'><strong>est,</strong></span> <span class='ocrx_word' id='word_1_727' title='bbox 2097 4533 2225 4573; x_wconf 89' lang='lat' dir='ltr'><strong>cum</strong></span> <span class='ocrx_word' id='word_1_728' title='bbox 2256 4513 2446 4569; x_wconf 89' lang='lat' dir='ltr'><strong>multis</strong></span> <span class='ocrx_word' id='word_1_729' title='bbox 2478 4507 2861 4578; x_wconf 87' lang='lat' dir='ltr'><strong>iniquitatibus</strong></span> <span class='ocrx_word' id='word_1_730' title='bbox 2892 4511 2947 4556; x_wconf 90' lang='lat' dir='ltr'><strong>et</strong></span> <span class='ocrx_word' id='word_1_731' title='bbox 2974 4499 3211 4571; x_wconf 88' lang='lat' dir='ltr'><strong>peccatis</strong></span> <span class='ocrx_word' id='word_1_732' title='bbox 3242 4512 3299 4552; x_wconf 89' lang='lat' dir='ltr'><strong>se</strong></span> <span class='ocrx_word' id='word_1_733' title='bbox 3329 4496 3543 4566; x_wconf 81' lang='lat' dir='ltr'><strong>pollue-</strong></span> 
     </span>
    </p>
   </div>
   <div class='ocr_carea' id='block_1_105' title="bbox 1964 4586 3542 4671">
    <p class='ocr_par' dir='ltr' id='par_1_105' title="bbox 1964 4586 3542 4671">
     <span class='ocr_line' id='line_1_105' title="bbox 1964 4586 3542 4671; baseline -0.017 -7"><span class='ocrx_word' id='word_1_734' title='bbox 1964 4619 2067 4671; x_wconf 87' lang='lat' dir='ltr'><strong>ret,</strong></span> <span class='ocrx_word' id='word_1_735' title='bbox 2096 4605 2433 4661; x_wconf 85' lang='lat' dir='ltr'><strong>interﬁciens</strong></span> <span class='ocrx_word' id='word_1_736' title='bbox 2466 4599 2765 4671; x_wconf 88' lang='lat' dir='ltr'><strong>prophetas</strong></span> <span class='ocrx_word' id='word_1_737' title='bbox 2794 4594 2912 4657; x_wconf 84' lang='lat' dir='ltr'><strong>Dei,</strong></span> <span class='ocrx_word' id='word_1_738' title='bbox 2938 4602 2993 4647; x_wconf 90' lang='lat' dir='ltr'><strong>et</strong></span> <span class='ocrx_word' id='word_1_739' title='bbox 3023 4592 3128 4645; x_wconf 88' lang='lat' dir='ltr'><strong>alia</strong></span> <span class='ocrx_word' id='word_1_740' title='bbox 3156 4589 3420 4650; x_wconf 81' lang='lat' dir='ltr'><strong>facinora,</strong></span> <span class='ocrx_word' id='word_1_741' title='bbox 3452 4586 3542 4638; x_wconf 87' lang='lat' dir='ltr'><strong>in-</strong></span> 
     </span>
    </p>
   </div>
   <div class='ocr_carea' id='block_1_106' title="bbox 1964 4679 3542 4766">
    <p class='ocr_par' dir='ltr' id='par_1_106' title="bbox 1964 4679 3542 4766">
     <span class='ocr_line' id='line_1_106' title="bbox 1964 4679 3542 4766; baseline -0.015 -14"><span class='ocrx_word' id='word_1_742' title='bbox 1964 4698 2117 4751; x_wconf 86' lang='lat' dir='ltr'><strong>ﬁnita</strong></span> <span class='ocrx_word' id='word_1_743' title='bbox 2151 4704 2504 4766; x_wconf 78' lang='lat' dir='ltr'><strong>perpetratis,</strong></span> <span class='ocrx_word' id='word_1_744' title='bbox 2538 4690 2665 4758; x_wconf 90' lang='lat' dir='ltr'><strong>quia</strong></span> <span class='ocrx_word' id='word_1_745' title='bbox 2702 4688 2847 4741; x_wconf 89' lang='lat' dir='ltr'><strong>Deus</strong></span> <span class='ocrx_word' id='word_1_746' title='bbox 2882 4684 3171 4753; x_wconf 86' lang='lat' dir='ltr'><strong>quiescens</strong></span> <span class='ocrx_word' id='word_1_747' title='bbox 3192 4721 3205 4745; x_wconf 97' lang='lat'><strong>,</strong></span> <span class='ocrx_word' id='word_1_748' title='bbox 3234 4689 3289 4734; x_wconf 92' lang='lat' dir='ltr'><strong>et</strong></span> <span class='ocrx_word' id='word_1_749' title='bbox 3321 4679 3542 4731; x_wconf 86' lang='lat' dir='ltr'><strong>illorum</strong></span> 
     </span>
    </p>
   </div>
   <div class='ocr_carea' id='block_1_107' title="bbox 1962 4772 3543 4862">
    <p class='ocr_par' dir='ltr' id='par_1_107' title="bbox 1962 4772 3543 4862">
     <span class='ocr_line' id='line_1_107' title="bbox 1962 4772 3543 4862; baseline -0.015 -17"><span class='ocrx_word' id='word_1_750' title='bbox 1962 4788 2345 4862; x_wconf 68' lang='lat' dir='ltr'><strong>paenitentiam</strong></span> <span class='ocrx_word' id='word_1_751' title='bbox 2385 4789 2739 4852; x_wconf 87' lang='lat' dir='ltr'><strong>exspectans,</strong></span> <span class='ocrx_word' id='word_1_752' title='bbox 2774 4777 2999 4832; x_wconf 90' lang='lat' dir='ltr'><strong>lenitate</strong></span> <span class='ocrx_word' id='word_1_753' title='bbox 3046 4775 3220 4827; x_wconf 87' lang='lat' dir='ltr'><strong>multa</strong></span> <span class='ocrx_word' id='word_1_754' title='bbox 3260 4772 3543 4831; x_wconf 88' lang='lat' dir='ltr'><strong>utebatur,</strong></span> 
     </span>
    </p>
   </div>
   <div class='ocr_carea' id='block_1_108' title="bbox 1966 4862 3544 4947">
    <p class='ocr_par' dir='ltr' id='par_1_108' title="bbox 1966 4862 3544 4947">
     <span class='ocr_line' id='line_1_108' title="bbox 1966 4862 3544 4947; baseline -0.016 -9"><span class='ocrx_word' id='word_1_755' title='bbox 1966 4881 2186 4938; x_wconf 87' lang='lat' dir='ltr'><strong>tandem</strong></span> <span class='ocrx_word' id='word_1_756' title='bbox 2212 4880 2285 4932; x_wconf 90' lang='lat' dir='ltr'><strong>ita</strong></span> <span class='ocrx_word' id='word_1_757' title='bbox 2308 4872 2623 4947; x_wconf 78' lang='lat' dir='ltr'><strong>peccaram,</strong></span> <span class='ocrx_word' id='word_1_758' title='bbox 2644 4880 2704 4926; x_wconf 94' lang='lat' dir='ltr'><strong>ut</strong></span> <span class='ocrx_word' id='word_1_759' title='bbox 2724 4868 2944 4926; x_wconf 88' lang='lat' dir='ltr'><strong>contriti</strong></span> <span class='ocrx_word' id='word_1_760' title='bbox 2973 4883 3084 4921; x_wconf 92' lang='lat' dir='ltr'><strong>non</strong></span> <span class='ocrx_word' id='word_1_761' title='bbox 3112 4862 3544 4923; x_wconf 82' lang='lat' dir='ltr'><strong>resurrexerint;</strong></span> 
     </span>
    </p>
   </div>
   <div class='ocr_carea' id='block_1_109' title="bbox 1963 4954 3548 5044">
    <p class='ocr_par' dir='ltr' id='par_1_109' title="bbox 1963 4954 3548 5044">
     <span class='ocr_line' id='line_1_109' title="bbox 1963 4954 3548 5044; baseline -0.017 -14"><span class='ocrx_word' id='word_1_762' title='bbox 1963 4972 2236 5044; x_wconf 83' lang='lat' dir='ltr'><strong>siquidem</strong></span> <span class='ocrx_word' id='word_1_763' title='bbox 2269 4970 2325 5023; x_wconf 89' lang='lat' dir='ltr'><strong>in</strong></span> <span class='ocrx_word' id='word_1_764' title='bbox 2357 4964 2697 5021; x_wconf 86' lang='lat' dir='ltr'><strong>Dominicam</strong></span> <span class='ocrx_word' id='word_1_765' title='bbox 2732 4963 3074 5031; x_wconf 85' lang='lat' dir='ltr'><strong>majestatem</strong></span> <span class='ocrx_word' id='word_1_766' title='bbox 3111 4972 3305 5010; x_wconf 88' lang='lat' dir='ltr'><strong>manus</strong></span> <span class='ocrx_word' id='word_1_767' title='bbox 3337 4954 3548 5023; x_wconf 68' lang='lat' dir='ltr'><strong>iniece-</strong></span> 
     </span>
    </p>
   </div>
   <div class='ocr_carea' id='block_1_110' title="bbox 1964 5044 3543 5129">
    <p class='ocr_par' dir='ltr' id='par_1_110' title="bbox 1964 5044 3543 5129">
     <span class='ocr_line' id='line_1_110' title="bbox 1964 5044 3543 5129; baseline -0.015 -9"><span class='ocrx_word' id='word_1_768' title='bbox 1964 5073 2109 5121; x_wconf 90' lang='lat' dir='ltr'><strong>rant.</strong></span> <span class='ocrx_word' id='word_1_769' title='bbox 2155 5060 2422 5129; x_wconf 88' lang='lat' dir='ltr'><strong>Quocirca</strong></span> <span class='ocrx_word' id='word_1_770' title='bbox 2477 5056 2532 5111; x_wconf 93' lang='lat' dir='ltr'><strong>in</strong></span> <span class='ocrx_word' id='word_1_771' title='bbox 2584 5062 2911 5125; x_wconf 89' lang='lat' dir='ltr'><strong>perpetuum</strong></span> <span class='ocrx_word' id='word_1_772' title='bbox 2971 5048 3174 5103; x_wconf 89' lang='lat' dir='ltr'><strong>deserti</strong></span> <span class='ocrx_word' id='word_1_773' title='bbox 3232 5062 3299 5099; x_wconf 91' lang='lat' dir='ltr'><strong>ac</strong></span> <span class='ocrx_word' id='word_1_774' title='bbox 3352 5044 3543 5114; x_wconf 89' lang='lat' dir='ltr'><strong>rejecti</strong></span> 
     </span>
    </p>
   </div>
   <div class='ocr_carea' id='block_1_111' title="bbox 1966 5134 3540 5220">
    <p class='ocr_par' dir='ltr' id='par_1_111' title="bbox 1966 5134 3540 5220">
     <span class='ocr_line' id='line_1_111' title="bbox 1966 5134 3540 5220; baseline -0.018 -8"><span class='ocrx_word' id='word_1_775' title='bbox 1966 5163 2114 5220; x_wconf 88' lang='lat' dir='ltr'><strong>sunt,</strong></span> <span class='ocrx_word' id='word_1_776' title='bbox 2144 5162 2199 5208; x_wconf 90' lang='lat' dir='ltr'><strong>et</strong></span> <span class='ocrx_word' id='word_1_777' title='bbox 2227 5151 2404 5206; x_wconf 88' lang='lat' dir='ltr'><strong>ablata</strong></span> <span class='ocrx_word' id='word_1_778' title='bbox 2440 5147 2507 5201; x_wconf 92' lang='lat' dir='ltr'><strong>ab</strong></span> <span class='ocrx_word' id='word_1_779' title='bbox 2543 5146 2651 5200; x_wconf 89' lang='lat' dir='ltr'><strong>illis</strong></span> <span class='ocrx_word' id='word_1_780' title='bbox 2684 5152 2769 5198; x_wconf 91' lang='lat' dir='ltr'><strong>est</strong></span> <span class='ocrx_word' id='word_1_781' title='bbox 2799 5139 3111 5212; x_wconf 85' lang='lat' dir='ltr'><strong>prophetia,</strong></span> <span class='ocrx_word' id='word_1_782' title='bbox 3144 5134 3540 5193; x_wconf 85' lang='lat' dir='ltr'><strong>sacerdotium,</strong></span> 
     </span>
    </p>
   </div>
   <div class='ocr_carea' id='block_1_112' title="bbox 1966 5227 3541 5307">
    <p class='ocr_par' dir='ltr' id='par_1_112' title="bbox 1966 5227 3541 5307">
     <span class='ocr_line' id='line_1_112' title="bbox 1966 5227 3541 5307; baseline -0.017 -2"><span class='ocrx_word' id='word_1_783' title='bbox 1966 5258 2023 5305; x_wconf 89' lang='lat' dir='ltr'><strong>et</strong></span> <span class='ocrx_word' id='word_1_784' title='bbox 2046 5248 2229 5304; x_wconf 86' lang='lat' dir='ltr'><strong>cultus</strong></span> <span class='ocrx_word' id='word_1_785' title='bbox 2258 5242 2376 5307; x_wconf 89' lang='lat' dir='ltr'><strong>Dei,</strong></span> <span class='ocrx_word' id='word_1_786' title='bbox 2402 5250 2458 5295; x_wconf 88' lang='lat' dir='ltr'><strong>et</strong></span> <span class='ocrx_word' id='word_1_787' title='bbox 2485 5241 2610 5294; x_wconf 89' lang='lat' dir='ltr'><strong>data</strong></span> <span class='ocrx_word' id='word_1_788' title='bbox 2642 5244 2770 5292; x_wconf 88' lang='lat' dir='ltr'><strong>sunt</strong></span> <span class='ocrx_word' id='word_1_789' title='bbox 2793 5252 2855 5289; x_wconf 86' lang='lat' dir='ltr'><strong>ea</strong></span> <span class='ocrx_word' id='word_1_790' title='bbox 2882 5232 3139 5304; x_wconf 85' lang='lat' dir='ltr'><strong>gentibus</strong></span> <span class='ocrx_word' id='word_1_791' title='bbox 3164 5227 3541 5287; x_wconf 88' lang='lat' dir='ltr'><strong>credentibus,</strong></span> 
     </span>
    </p>
   </div>
   <div class='ocr_carea' id='block_1_113' title="bbox 1974 5323 3551 5399">
    <p class='ocr_par' dir='ltr' id='par_1_113' title="bbox 1974 5323 3551 5399">
     <span class='ocr_line' id='line_1_113' title="bbox 1974 5323 3551 5399; baseline -0.02 -2"><span class='ocrx_word' id='word_1_792' title='bbox 1974 5342 2120 5398; x_wconf 89' lang='lat' dir='ltr'><strong>sicut</strong></span> <span class='ocrx_word' id='word_1_793' title='bbox 2158 5338 2235 5393; x_wconf 90' lang='lat' dir='ltr'><strong>ait</strong></span> <span class='ocrx_word' id='word_1_794' title='bbox 2270 5334 2537 5390; x_wconf 86' lang='lat' dir='ltr'><strong>Dominus</strong></span> <span class='ocrx_word' id='word_1_795' title='bbox 2582 5351 2596 5385; x_wconf 89' lang='lat'><strong>:</strong></span> <span class='ocrx_word' id='word_1_796' title='bbox 2639 5329 2920 5399; x_wconf 78' lang='lat' dir='ltr'><strong>Auferetur</strong></span> <span class='ocrx_word' id='word_1_797' title='bbox 2958 5343 2988 5377; x_wconf 87' lang='lat' dir='ltr'><strong>a</strong></span> <span class='ocrx_word' id='word_1_798' title='bbox 3033 5323 3173 5376; x_wconf 76' lang='lat' dir='ltr'><strong>vobis</strong></span> <span class='ocrx_word' id='word_1_799' title='bbox 3216 5334 3466 5389; x_wconf 84' lang='lat' dir='ltr'><strong>regnum,</strong></span> <span class='ocrx_word' id='word_1_800' title='bbox 3503 5324 3551 5367; x_wconf 82' lang='lat' dir='ltr'><strong>ct</strong></span> 
     </span>
    </p>
   </div>
   <div class='ocr_carea' id='block_1_114' title="bbox 1974 5404 3551 5498">
    <p class='ocr_par' dir='ltr' id='par_1_114' title="bbox 1974 5404 3551 5498">
     <span class='ocr_line' id='line_1_114' title="bbox 1974 5404 3551 5498; baseline -0.019 -12"><span class='ocrx_word' id='word_1_801' title='bbox 1974 5433 2184 5487; x_wconf 82' lang='lat' dir='ltr'><strong>dabitur</strong></span> <span class='ocrx_word' id='word_1_802' title='bbox 2212 5427 2353 5498; x_wconf 81' lang='lat' dir='ltr'><strong>genti</strong></span> <span class='ocrx_word' id='word_1_803' title='bbox 2384 5425 2584 5494; x_wconf 78' lang='lat' dir='ltr'><strong>fructus</strong></span> <span class='ocrx_word' id='word_1_804' title='bbox 2618 5422 2729 5491; x_wconf 81' lang='lat' dir='ltr'><strong>ejus</strong></span> <span class='ocrx_word' id='word_1_805' title='bbox 2765 5416 2978 5487; x_wconf 76' lang='lat' dir='ltr'><strong>facienti</strong></span> <span class='ocrx_word' id='word_1_806' title='bbox 2998 5412 3063 5467; x_wconf 76' lang='lat'><strong>“&#39;.</strong></span> <span class='ocrx_word' id='word_1_807' title='bbox 3095 5412 3373 5465; x_wconf 84' lang='lat' dir='ltr'><strong>Hactenus</strong></span> <span class='ocrx_word' id='word_1_808' title='bbox 3402 5404 3551 5498; x_wconf 77' lang='lat' dir='ltr'><strong>enim</strong></span> 
     </span>
    </p>
   </div>
   <div class='ocr_carea' id='block_1_115' title="bbox 1976 5492 3550 5576">
    <p class='ocr_par' dir='ltr' id='par_1_115' title="bbox 1976 5492 3550 5576">
     <span class='ocr_line' id='line_1_115' title="bbox 1976 5492 3550 5576; baseline -0.017 -3"><span class='ocrx_word' id='word_1_809' title='bbox 1976 5492 2315 5573; x_wconf 72' lang='lat' dir='ltr'><strong>sustinuerat</strong></span> <span class='ocrx_word' id='word_1_810' title='bbox 2342 5492 2466 5571; x_wconf 85' lang='lat' dir='ltr'><strong>illos</strong></span> <span class='ocrx_word' id='word_1_811' title='bbox 2492 5514 2658 5576; x_wconf 90' lang='lat' dir='ltr'><strong>Deus,</strong></span> <span class='ocrx_word' id='word_1_812' title='bbox 2684 5524 2788 5564; x_wconf 90' lang='lat' dir='ltr'><strong>nec</strong></span> <span class='ocrx_word' id='word_1_813' title='bbox 2818 5506 3144 5562; x_wconf 87' lang='lat' dir='ltr'><strong>destituerat</strong></span> <span class='ocrx_word' id='word_1_814' title='bbox 3172 5498 3294 5555; x_wconf 90' lang='lat' dir='ltr'><strong>illos</strong></span> <span class='ocrx_word' id='word_1_815' title='bbox 3317 5513 3386 5553; x_wconf 74' lang='lat' dir='ltr'><strong>ex</strong></span> <span class='ocrx_word' id='word_1_816' title='bbox 3414 5492 3550 5549; x_wconf 88' lang='lat' dir='ltr'><strong>inti-</strong></span> 
     </span>
    </p>
   </div>
   <div class='ocr_carea' id='block_1_116' title="bbox 1969 5590 3540 5665">
    <p class='ocr_par' dir='ltr' id='par_1_116' title="bbox 1969 5590 3540 5665">
     <span class='ocr_line' id='line_1_116' title="bbox 1969 5590 3540 5665; baseline -0.017 0"><span class='ocrx_word' id='word_1_817' title='bbox 1969 5611 2076 5665; x_wconf 89' lang='lat' dir='ltr'><strong>mis</strong></span> <span class='ocrx_word' id='word_1_818' title='bbox 2115 5606 2423 5663; x_wconf 81' lang='lat' dir='ltr'><strong>visceribus</strong></span> <span class='ocrx_word' id='word_1_819' title='bbox 2468 5619 2659 5661; x_wconf 85' lang='lat' dir='ltr'><strong>eorum</strong></span> <span class='ocrx_word' id='word_1_820' title='bbox 2709 5599 2985 5655; x_wconf 87' lang='lat' dir='ltr'><strong>misertus.</strong></span> <span class='ocrx_word' id='word_1_821' title='bbox 3032 5590 3307 5660; x_wconf 86' lang='lat' dir='ltr'><strong>Quoniam</strong></span> <span class='ocrx_word' id='word_1_822' title='bbox 3355 5596 3540 5642; x_wconf 83' lang='lat' dir='ltr'><strong>autem</strong></span> 
     </span>
    </p>
   </div>
   <div class='ocr_carea' id='block_1_117' title="bbox 351 5788 2005 5858">
    <p class='ocr_par' dir='ltr' id='par_1_117' title="bbox 351 5788 2005 5858">
     <span class='ocr_line' id='line_1_117' title="bbox 351 5788 2005 5858; baseline -0.001 -15"><span class='ocrx_word' id='word_1_823' title='bbox 351 5788 398 5821; x_wconf 69' lang='grc' dir='ltr'><strong>δ’</strong></span> <span class='ocrx_word' id='word_1_824' title='bbox 423 5788 557 5844; x_wconf 86' lang='lat' dir='ltr'><strong>Luc.</strong></span> <span class='ocrx_word' id='word_1_825' title='bbox 584 5805 672 5856; x_wconf 79' lang='lat' dir='ltr'><strong>xv,</strong></span> <span class='ocrx_word' id='word_1_826' title='bbox 703 5789 784 5845; x_wconf 83' lang='lat' dir='ltr'><strong>lt).</strong></span> <span class='ocrx_word' id='word_1_827' title='bbox 862 5790 906 5821; x_wconf 64' lang='grc' dir='ltr'><strong><em>υ</em></strong></span> <span class='ocrx_word' id='word_1_828' title='bbox 930 5789 1121 5845; x_wconf 84' lang='lat' dir='ltr'><strong>Matth.</strong></span> <span class='ocrx_word' id='word_1_829' title='bbox 1150 5806 1301 5858; x_wconf 83' lang='lat' dir='ltr'><strong>xvul,</strong></span> <span class='ocrx_word' id='word_1_830' title='bbox 1327 5790 1411 5847; x_wconf 70' lang='grc'><strong>14.</strong></span> <span class='ocrx_word' id='word_1_831' title='bbox 1492 5791 1536 5823; x_wconf 74' lang='grc'><strong><em>⁵³</em></strong></span> <span class='ocrx_word' id='word_1_832' title='bbox 1560 5790 1751 5846; x_wconf 81' lang='lat' dir='ltr'><strong>Matth.</strong></span> <span class='ocrx_word' id='word_1_833' title='bbox 1780 5806 1892 5858; x_wconf 75' lang='lat' dir='ltr'><strong>ut,</strong></span> <span class='ocrx_word' id='word_1_834' title='bbox 1916 5788 2005 5843; x_wconf 68' lang='grc'><strong>45.</strong></span> 
     </span>
    </p>
   </div>
  </div>
