4266 6356
749 401 842 467 491
1986 405 2050 471 8.
2088 405 2409 470 MACARII

2327 405 2409 468 lII
2448 398 2768 470 EGYP’I’II
3905 398 4012 461 492

750 514 1117 584 nnpleverunt
1140 513 1434 571 terminum
1460 516 1695 586 peccati,
1718 516 1829 574 imo
1854 520 2111 577 manibus
2137 522 2325 577 Domi-
2357 526 2406 583 Α

2357 526 2406 583 Α
2436 522 2764 593 επλήρωσαν
2793 520 2886 575 τὸν
2927 522 3051 592 ὅρον
3078 517 3187 575 τῶν
3215 516 3523 592 ἀμαρτιῶν,
3549 516 3645 572 καὶ
3677 514 4014 586 ὑπερεπλεό-

750 607 886 661 nica:
918 606 1185 677 majestati
1221 606 1441 678 injectis
1475 612 1800 681 transgressi
1837 622 1995 677 sunt,
2030 613 2088 668 in
2126 628 2327 684 perpe-
2431 634 2435 646 ·

2431 630 2620 680 νασαν,
2645 616 2726 679 είς
2773 614 2836 667 τὸ
2880 613 3209 668 Δεσποτικὸν
3234 612 3453 683 ἀξίωμα
3473 610 3573 674 τάς
3616 610 3804 680 χεῖρας
3833 606 4018 660 αὐτῶν

753 706 905 752 ιυιιιη
936 714 967 753 a
999 700 1108 752 Deo
1138 706 1268 753 sunt
1291 698 1518 754 deserti.
2430 708 2438 758 l

2430 705 2800 770 ἐπιϐαλόντες,
2840 706 2920 768 είς
2946 705 3098 766 τέλος
3129 702 3237 758 ύπδ
3262 702 3355 756 τοῦ
3382 702 3521 756 Θεοῦ
3552 698 4015 777 κατελείφθησαν.

820 789 1007 845 XXIV.
1036 788 1337 854 Caeterum,
1365 790 1584 859 dilecti,
1612 792 1727 848 haec
1757 794 2035 863 copiosius
2063 794 2329 851 disserul—
2501 796 2505 805 '

2501 794 2629 849 KA'.
2670 794 2859 848 Ταῦτα
2894 793 2950 846 δέ
3006 793 3098 847 διά
3132 792 3397 845 πλειόνων
3429 788 3783 860 διεξήλθομεν
3806 826 3822 852 ,
3873 788 4016 854 ἀγα-

751 896 904 945 mus,
940 897 1007 934 ex
1052 880 1225 935 sacris
1270 881 1498 938 Litteris
1543 893 1886 951 astruentes,
1920 893 2177 954 oportere
2228 901 2329 941 nos
2430 906 2436 921 ε

2430 887 2615 956 πητοὶ,
2648 886 2756 939 ἀπὸ
2783 885 3075 957 Γραφικῶν
3100 883 3321 939 ἐννοιῶν
3352 881 3753 946 συνιστῶντες,
3799 879 3864 933 τὸ
3907 878 4020 931 δεῖν

750 972 998 1027 converti
1046 971 1312 1037 celerius,
1346 981 1402 1027 et
1440 972 1705 1029 festinare
1749 975 1819 1029 ad
1871 975 2193 1039 Dominum,
2233 976 2329 1046 qui
2431 996 2435 1007 ⁴

2431 980 2580 1049 ἡμᾶς
2613 978 2964 1049 ἐπιστρέφειν
2992 977 3204 1047 τάχιον,
3236 976 3331 1029 καὶ
3356 974 3606 1028 σπεύδειν
3635 972 3775 1043 πρὸς
3793 970 4021 1024 τδνΚύ·

751 1064 1053 1117 clementer
1096 1070 1378 1132 exspectat
1418 1079 1549 1128 nos,
1581 1072 1638 1120 et
1674 1066 1743 1119 ab
1783 1067 1931 1119 omni
1972 1069 2240 1137 pravitate
2275 1076 2332 1123 et

753 1154 1231 1223 przeoceupatione
1288 1156 1428 1209 mala
1480 1157 1700 1226 penitus
1754 1158 2079 1215 recedentes
2131 1175 2330 1231 magno

751 1259 876 1297 cum
920 1244 1122 1313 gaudio
1166 1246 1391 1315 recipit,
1421 1262 1490 1301 ne
1529 1258 1865 1319 exaugeatur
1905 1250 1958 1304 in
1993 1250 2153 1305 nobis
2194 1266 2330 1306 con-

755 1345 995 1405 temptus
1038 1335 1105 1391 de
1152 1336 1240 1391 die
1281 1338 1335 1391 in
1379 1338 1553 1401 diem,
1590 1348 1645 1394 et
1687 1350 1909 1410 peccata
1951 1343 2232 1397 cumulata
2275 1342 2328 1395 in

755 1443 854 1481 nos
894 1427 1236 1492 redundent,
1267 1438 1323 1483 et
1357 1429 1428 1483 ob
1462 1429 1515 1483 id
1554 1430 1689 1484 iram
1724 1431 1965 1485 divinam
2000 1434 2162 1486 nobis
2197 1433 2331 1502 ipsis

754 1507 1122 1574 accersamus.
1151 1520 1351 1573 Demus
1378 1521 1542 1591 igitur
1565 1537 1809 1591 operam,
1838 1532 1897 1576 ut
1922 1526 2175 1579 conversi
2206 1540 2331 1579 cum

755 1625 885 1663 vero
912 1610 1079 1664 corde
1106 1610 1175 1664 ad
1204 1626 1330 1665 eum
1362 1611 1711 1676 accedamus,
1737 1629 1845 1667 non
1874 1613 2234 1682 desperantes
2262 1614 2332 1667 de

756 1700 932 1753 salute
958 1699 1128 1768 (quod
1153 1700 1375 1755 malitiae
1398 1709 1453 1753 et
1475 1701 1765 1770 pravitatis
1790 1704 2073 1772 proprium
2100 1702 2206 1772 est)
2236 1719 2333 1773 per

760 1790 1197 1844 recordationem
1250 1792 1705 1860 praevenientinm
1763 1801 2156 1861 peccatorum,
2210 1810 2333 1864 quae

760 1881 1035 1933 hominem
1070 1882 1137 1934 ad
1170 1880 1633 1951 desperationem.
1667 1884 1734 1937 ad
1768 1884 2098 1948 socordiam,
2130 1886 2197 1939 ad
2234 1902 2331 1941 ne-
2367 1855 2407 1913 Β

759 1972 1073 2041 gligentiam
1115 1982 1171 2027 et
1204 1971 1269 2026 ad
1308 1973 1594 2043 segnitiem
1632 1974 1896 2044 adigunt,
1928 1990 1996 2029 ne
2035 1991 2336 2032 conversus

759 2063 824 2117 ad
853 2064 1144 2118 Dominum
1175 2065 1420 2128 accedat,
1450 2072 1507 2119 et
1538 2066 1731 2120 salutis
1766 2068 2039 2137 particeps
2066 2068 2178 2133 ﬁat,
2208 2084 2334 2124 eum

761 2165 942 2209 tamen
984 2170 1199 2210 summa
1244 2156 1557 2225 benignitas
1606 2159 1793 2228 generi
1847 2160 2090 2215 humano
2140 2176 2171 2215 a
2222 2162 2337 2216 Deo

760 2247 1040 2319 proposita
1076 2249 1166 2304 sit.

834 2442 996 2497 XXV.
1030 2442 1185 2509 Quod
1219 2442 1263 2497 si
1302 2457 1436 2498 vero
1471 2442 1621 2498 velut
1654 2441 1874 2499 ditlicile
1909 2454 1965 2499 et
1999 2445 2338 2514 impossibile

763 2537 923 2591 nobis
947 2535 1224 2599 videatur,
1249 2549 1349 2589 nos
1373 2550 1402 2588 a
1425 2549 1616 2605 magna
1646 2534 1995 2605 peccatorum
2024 2538 2165 2593 mole
2189 2539 2340 2593 velut

764 2638 1173 2699 prmoccupatos
1198 2628 1472 2692 converti,
1502 2627 1675 2698 quod,
1707 2636 1768 2681 ut
1792 2627 2168 2698 praediximus,
2200 2629 2343 2685 indi-

765 2719 909 2773 cium
945 2717 1187 2783 malitiae,
1217 2726 1273 2772 et
1307 2718 1760 2787 impedimentum
1795 2719 1988 2775 salutis
2018 2728 2338 2787 nostmest,

765 2812 1120 2867 recordemur
1148 2819 1203 2866 et
1230 2811 1661 2881 perpendamus,
1683 2812 1964 2881 quomodo
1994 2812 2259 2869 Dominus
2286 2813 2340 2868 in

765 2902 970 2956 mundo
1014 2903 1144 2956 dum
1192 2912 1369 2968 esset,
1414 2904 1575 2958 caecis
1615 2904 1792 2957 visum
1841 2905 2183 2971 restituerit,
2234 2908 2338 2976 21

764 2994 1093 3065 paralyticos
1132 2995 1437 3060 curaverit,
1470 3010 1691 3051 omnem
1731 2996 1986 3051 morbum
2030 3000 2341 3061 sanaverit,

764 3094 1013 3139 mortuos
1036 3084 1147 3157 jam
1174 3086 1288 3140 fere
1316 3096 1629 3156 corruptos,
1653 3094 1710 3142 et
1739 3086 1797 3140 in
1829 3088 2108 3143 oblivione
2139 3090 2345 3144 consti-

2436 1086 2549 1141 ριον
2574 1070 3009 1140 χρηστευόμενον
3031 1069 3125 1123 καὶ
3149 1066 3507 1137 ἐκδεχόμενον
3528 1065 3677 1136 ἡμᾶς
3702 1062 3813 1116 ἀπὸ
3834 1060 4021 1132 πάσης

2434 1162 2700 1233 πονηρίας
2734 1161 2829 1214 καὶ
2862 1160 3188 1231 προλήψεως
3216 1158 3395 1228 κακῆς
3425 1157 3645 1219 τελείως
3669 1154 4021 1225 ἀναχωροῦν·

2431 1270 2549 1317 τας,
2567 1254 2659 1305 καὶ
2682 1250 3107 1322 ἐπιστρέφοντας
3127 1248 3264 1318 μετά
3289 1245 3497 1315 πολλῆς
3514 1243 3690 1314 χαρᾶς
3713 1240 4020 1313 προσδεχό-

2436 1362 2619 1415 μενον,
2656 1342 2744 1397 ἵνα
2777 1342 2852 1412 μὴ
2883 1340 3169 1410 ἐπαυξήσῃ
3198 1340 3231 1409 ἡ
3262 1337 3668 1407 καταφρόνησις
3692 1332 3851 1404 ήμῶν
3878 1333 4023 1402 ἠμέ-

2437 1454 2537 1505 ραν
2568 1435 2628 1500 ἐξ
2653 1434 2886 1505 ἡμέρας,
2905 1432 2998 1485 καὶ
3026 1432 3096 1485 τά
3121 1430 3531 1503 προσκόμματα
3555 1426 3820 1496 τιθέμενα
3854 1424 4023 1477 πλεο-

2434 1528 2572 1599 νάσῃ
2627 1529 2705 1591 είς
2746 1526 2894 1596 ἡμᾶς
2919 1566 2931 1585 .
2968 1524 3062 1577 καὶ
3091 1523 3178 1577 διά
3208 1521 3368 1575 τοῦτο
3396 1522 3496 1589 τὴν
3525 1518 3694 1590 όργὴν
3742 1515 3835 1569 τοῦ
3882 1510 4021 1568 Θεοῦ

2437 1622 2825 1690 ἐπενέγκαιμεν
2893 1620 3128 1677 ἑαυτοῖς.
3200 1612 3603 1680 Σπουδάσωμεν
3654 1608 3837 1661 τοίνυν
3896 1607 4025 1659 ἐπι-

2436 1714 2767 1783 στραφέντες
2805 1714 2863 1765 ἐν
2897 1711 3126 1780 ἀληθινῇ
3163 1707 3360 1777 καρδίᾳ
3394 1701 3711 1774 προσελθεῖν
3740 1698 3912 1769 αὐτῷ,
3947 1698 4024 1768 μὴ

2438 1805 2831 1867 ἀπελπίζοντες
2853 1802 2951 1872 τὴν
2972 1800 3266 1871 σωτηρίαν,
3281 1799 3419 1869 ὅπερ
3441 1797 3534 1849 καὶ
3557 1792 3689 1848 αὐτὸ
3707 1793 3805 1860 τῆς
3821 1790 4024 1852 κακίας

2441 1900 2535 1953 καὶ
2574 1894 2914 1968 πανουργίας
2946 1893 3241 1963 τυγχάνει,
3290 1887 3598 1957 ὑπομνήσει
3632 1881 4025 1957 προλαϐουσῶν

2437 1987 2724 2059 ἁμαρτιῶν
2743 2026 2759 2050 ,
2795 1987 2874 2048 είς
2902 1982 3251 2051 ἀπελπισμὸν
3281 1976 3565 2050 φερουσῶν
3590 1976 3683 2029 τὸν
3709 1974 4022 2044 ἄνθρωπον,

2436 2080 2531 2133 καλ⁹
2562 2081 2642 2142 είς
2668 2077 2942 2149 χαύνωσιν
2975 2075 3068 2128 καὶ⁵
3096 2073 3414 2141 ὀλιγωρίαν,
3448 2071 3543 2123 καὶ
3571 2065 3881 2139 ρᾳθυμίαν
3934 2063 4025 2117 ἵνα

2440 2173 2516 2243 μὴ
2547 2170 2882 2242 ἐπιστρέψας
2913 2168 3006 2222 καὶ
3034 2164 3351 2237 προσελθὼν
3379 2163 3458 2233 τῷ
3482 2162 3710 2233 Κυρίῳ,
3747 2157 4026 2229 σωτηρίας

2437 2263 2605 2334 τύχῃ,
2654 2261 2858 2331 πολλῆς
2902 2259 3275 2331 χρηστότητος
3304 2255 3401 2310 τοῦ
3427 2254 3633 2327 Κυρίου
3661 2248 4027 2321 ἐπικειμένης

2437 2356 2515 2424 τῷ
2548 2353 2645 2410 ἀνθ
2655 2351 2875 2424 ρωπίνφ
2898 2351 3067 2419 γένει.

2511 2446 2643 2501 κε’.
2702 2445 2764 2498 El
2810 2443 2866 2496 δὲ
2912 2442 3100 2513 ῶσπερ
3142 2439 3400 2495 δύσκολον
3435 2438 3568 2507 ἡμῖν
3597 2438 4024 2504 καταφαίνεται,

2441 2540 2536 2594 καὶ
2582 2537 2844 2593 ἀδύνατον
2885 2536 2949 2588 ἐκ
2980 2531 3192 2587 πολλῶν
3224 2529 3645 2602 ἁμαρτημάτων
3669 2525 4024 2597 ἐπιστρέψαι,

2441 2627 3024 2701 ῶςπροειλημμένους,
3040 2626 3139 2679 ὅπε
3149 2640 3200 2695 ρ,
3214 2625 3290 2686 ὡς
3304 2621 3742 2693 προειρήκαμεν,
3766 2616 4028 2678 ὑπόθεσις

2441 2722 2696 2793 τυγχάνει
2730 2722 2831 2791 τῆς
2860 2717 3083 2782 κακίας,
3118 2716 3215 2769 καὶ
3241 2714 3341 2784 τῆς
3368 2712 3643 2783 σωτηρίας
3669 2709 3829 2781 ἡμῶν
3852 2707 4031 2779 ἐμπό-

2443 2816 2555 2869 διον
2575 2830 2588 2843 ·
2647 2810 3116 2883 μνημονεύσωμεν
3148 2806 3244 2861 καὶ
3270 2805 3580 2873 ἀπίδωμεν,
3618 2803 3737 2865 πῶς
3766 2805 3796 2857 ό
3822 2801 4030 2873 Κύριος

2445 2904 2795 2974 ἐπιδημήσας
2828 2904 2893 2971 τῇ
2927 2899 3226 2968 ἀγαθότητι
3259 2895 3427 2950 αὐτοῦ
3460 2894 3696 2964 τυφλοὺς
3724 2894 4032 2962 ἀναϐλέψαι

2446 2995 2698 3064 ἐποίησε,
2730 2991 3141 3064 παραλυτικούς
3166 2989 3530 3059 ἐθεράπευσε,
3563 2988 3745 3040 πᾶσαν
3766 2986 3925 3039 νόσον
3949 2984 4033 3037 ld-

2449 3102 2600 3149 σατο,
2634 3085 2863 3155 νεκροὺς
2892 3083 3019 3146 τοὺς
3046 3084 3127 3144 είς
3151 3078 3451 3148 διαφθορὰν
3478 3078 3572 3131 καὶ
3594 3076 3905 3146 ἀφανισμὸν
3927 3076 4032 3146 ήδη

766 3185 934 3241 tutos,
953 3177 1598 3244 resuscitaverit,surdos
1625 3177 1819 3233 audire
1842 3177 2052 3245 fecerit,
2072 3180 2340 3250 legionem
2370 3191 2415 3249 ο
2445 3198 2451 3211 ε

2370 3191 2415 3249 ο
2445 3178 2817 3247 τυγχάνοντας
2850 3173 3119 3244 ἀνέστησε
3140 3212 3158 3239 ,
3204 3171 3426 3241 κωφοὺς
3471 3167 3703 3224 ἀκοῦσαι
3733 3166 4031 3237 πεποίηκε,

764 3265 1111 3321 diabolorum
1154 3282 1222 3321 ex
1273 3267 1498 3322 homine
1541 3268 1796 3337 eiecerit,
1831 3280 1889 3325 et
1936 3278 2083 3325 tanta
2130 3272 2341 3329 insania

765 3356 1111 3412 laborantem
1157 3359 1360 3411 mentis
1403 3358 1705 3428 integritati
1745 3361 2087 3415 restituerit?
2127 3362 2344 3428 Quanto

766 3447 940 3518 magis
964 3448 1131 3519 igitur
1154 3448 1391 3502 animam
1425 3450 1491 3503 ad
1526 3465 1652 3505 eum
1678 3464 2025 3517 conversam,
2049 3463 2103 3507 et
2130 3455 2347 3511 miseri-

766 3540 1012 3594 cordiam
1036 3541 1105 3595 ab
1129 3555 1197 3596 eo
1221 3540 1614 3610 requirentem,
1639 3550 1694 3595 et
1715 3543 1835 3612 ejus
1859 3557 1960 3612 ope
1987 3544 2343 3615 indigentem,

766 3639 1081 3695 convertet,
1109 3640 1164 3686 et
1198 3632 1253 3685 in
1288 3632 1465 3685 laetam
1510 3632 1865 3686 atl'eetionum
1901 3636 2259 3702 vacuitatem,
2288 3646 2345 3693 et

765 3730 967 3775 statum
1001 3722 1181 3776 omnis
1209 3721 1428 3777 virtutis
1465 3738 1527 3777 ac
1564 3723 1765 3777 mentis
1806 3726 2218 3782 renovationem
2252 3744 2342 3784 re-

765 3812 985 3879 atituet;
1027 3824 1192 3884 atque
1232 3815 1468 3869 sanitate
1506 3823 1562 3869 et
1599 3823 1822 3883 aspectu
1862 3816 2062 3871 mentis
2096 3826 2153 3871 et
2193 3826 2344 3875 tran-

766 3905 1037 3973 quillitate
1070 3905 1464 3977 cegitationum
1500 3906 1762 3971 redditis,
1793 3922 1824 3962 a
1856 3910 2132 3975 caecitate,
2159 3913 2343 3969 surdi—

769 4005 896 4059 tate,
924 4007 1099 4051 morte
1127 3997 1486 4061 inﬁdelitatis,
1513 4006 1568 4051 et
1598 3998 1906 4067 ignorantia
1933 4007 2099 4067 atque
2128 4003 2347 4057 temeri-

766 4101 877 4147 tate
901 4093 968 4147 ad
996 4096 1319 4164 sapientiam
1346 4094 1589 4157 virtutis,
1611 4104 1666 4148 et
1692 4094 1987 4162 puritatem
2012 4092 2197 4147 cordis
2221 4109 2342 4149 eam

766 4182 1055 4236 tradueet?
1101 4182 1203 4249 Qui
1253 4184 1402 4238 enim
1450 4182 1701 4237 condidit
1749 4196 1983 4250 corpus,
2032 4182 2177 4236 idem
2226 4182 2343 4253 ipse

764 4270 1011 4325 condidit
1063 4287 1282 4341 quoque
1342 4272 1603 4327 animam.
1648 4271 1719 4325 Et
1765 4270 2228 4339 quemadmodum
2285 4272 2340 4327 in

766 4362 931 4416 terris
957 4363 1087 4416 dum
1116 4372 1450 4427 versaretur,
1473 4362 1865 4418 accedentibus
1892 4362 1961 4416 ad
1992 4379 2071 4427 se,
2097 4372 2153 4418 et
2177 4364 2248 4419 ab
2273 4380 2341 4419 eo

766 4453 1085 4521 petentibus
1133 4452 1397 4507 auxilium
1456 4462 1512 4507 et
1564 4453 1887 4518 sanitatem;
1934 4453 2240 4509 liberaliter
2285 4464 2342 4509 et

2444 3269 2685 3339 λεγεῶνα
2717 3266 2991 3337 δαιμόνων
3023 3265 3135 3319 ἀπὸ
3164 3264 3283 3327 ἐνὸς
3315 3261 3607 3333 ἀνθρώπου
3640 3259 3898 3326 ἐξέϐαλε,
3936 3259 4035 3312 καὶ

2445 3364 2525 3425 είς
2557 3358 2914 3432 σωφροσύνην
2945 3357 3253 3424 κατέστησε
3298 3355 3394 3408 τὸν
3423 3354 3505 3416 είς
3528 3352 3799 3420 τοσαύτην
3828 3350 4035 3420 μανίαν

2446 3451 2829 3524 κεχωρηκότα.
2855 3446 3133 3520 Πόσῳόῦν
3162 3445 3364 3518 μᾶλλον
3391 3444 3570 3516 ψυχὴν
3592 3443 4037 3512 ἐπιστρέφουσαν

2449 3546 2586 3616 πρὸς
2619 3544 2783 3596 αὐτὸν
2810 3582 2827 3608 ,
2869 3540 2967 3595 καὶ
3000 3542 3129 3610 παρ’
3161 3538 3330 3593 αὑτοῦ
3365 3539 3425 3590 τὸ
3455 3538 3606 3599 Ελεος
3635 3534 4035 3603 ἐπιζητοῦσαν,

2446 3635 2544 3689 καὶ
2592 3633 2856 3703 δεομένην
2900 3633 3001 3701 τῆς
3039 3631 3205 3684 αὑτοῦ
3239 3628 3515 3700 βοηθείας,
3550 3628 3653 3681 οὐκ
3685 3625 4035 3697 ἐπιστρέψει,

2445 3727 2540 3779 καὶ
2573 3727 2655 3788 είς
2679 3724 3023 3794 εὐφροσύνην
3052 3721 3345 3787 ἀπαθείας,
3377 3721 3471 3773 καὶ
3494 3720 3830 3774 κατάστασιν
3850 3718 4039 3787 πάσης

2444 3817 2680 3886 ἀρετῆς,
2732 3815 2831 3867 καὶ
2875 3813 2995 3876 νοὸς
3027 3813 3424 3883 ἀνακαινισμὸν
3454 3813 3691 3879 ἐνεγκεί,
3730 3809 3827 3863 καὶ
3864 3826 4039 3877 μετα-

2444 3907 2600 3961 ϐαλεῖ
2628 3909 2708 3971 είς
2734 3905 2996 3975 ὑγιότητα
3020 3946 3037 3969 ,
3074 3905 3169 3957 καὶ
3199 3902 3496 3971 ἀνάϐλεψιν
3520 3900 3781 3965 διανοίας,
3817 3901 3919 3953 καὶ
3943 3900 4037 3953 λο-

2444 3999 2657 4070 γισμῶν
2682 3999 2927 4069 είρήνην,
2957 3995 3068 4049 ἀπὸ
3090 3996 3189 4064 τῆς
3213 3994 3568 4063 τυφλώσεως,
3596 3994 3691 4045 καὶ
3715 3990 4038 4061 κωφῶσεως

2444 4093 2539 4161 τῆς
2568 4091 2828 4153 ἀπιστίας
2858 4090 2953 4142 καὶ
2979 4086 3273 4155 ἀγνωσίας,
3310 4087 3404 4139 καὶ
3429 4084 3686 4154 ἀφοϐίας,
3710 4084 3791 4145 είς
3819 4100 4039 4153 σωφρο-

2445 4183 2633 4253 νισμὸν
2663 4181 2866 4253 ἀρετῆς
2894 4182 2990 4235 καὶ
3016 4179 3367 4249 καθαρότητα
3397 4177 3625 4247 καρδίας
3651 4175 3989 4242 ἐνενεγκώνί
4008 4176 4038 4228 ὁ

2444 4275 2550 4344 γὰρ
2577 4274 2767 4337 κτίσας
2795 4274 2855 4326 τὸ
2879 4273 3038 4341 σῶμα
3056 4313 3070 4336 ,
3111 4270 3207 4323 καὶ
3228 4272 3328 4339 τὴν
3353 4270 3531 4341 ψυχὴν
3556 4269 3717 4331 αὐτὸς
3739 4267 4038 4337 πεποίηκε.

2443 4366 2552 4419 Καὶ
2584 4365 2773 4434 ῶσπερ
2802 4366 3151 4433 ἐπιδημήσας
3186 4365 3243 4414 ἐν
3270 4365 3338 4432 τῇ
3370 4365 3440 4430 γῇ
3463 4402 3476 4426 ,
3511 4364 3623 4423 τοϊς
3651 4359 4039 4429 προσερχομέ-

2442 4475 2555 4521 νοις
2591 4456 2687 4511 καὶ
2718 4456 2944 4526 ζητοῦσι
2971 4458 3071 4524 τὴν
3103 4453 3231 4525 παρ’
3258 4452 3423 4507 αὐτοῦ
3455 4451 3707 4522 βοήθειαν
3739 4449 3836 4503 καὶ
3866 4451 4037 4516 τάσιν,

769 4514 1003 4613 benigne
1034 4543 1289 4610 praestitit
1322 4550 1377 4597 et
1407 4540 1681 4604 exhibuit,
1711 4514 2071 4596 velut'bonus
2102 4555 2159 4597 et
2191 4543 2342 4597 solus
2374 4514 2418 4571 θ

2374 4514 2418 4571 D
2454 4514 2701 4617 ἀφθόνως
2870 4514 3202 4619 χρηστότητί
3251 4543 3416 4598 αὑτοῦ
3455 4514 3795 4614 παρείχετο,
3847 4514 4038 4605 καθὼς

770 4634 1045 4699 medicus;
1081 4634 1273 4688 eodem
1311 4633 1473 4687 modo
1503 4633 1559 4686 in
1589 4631 1987 4703 spiritualibus.

836 4809 1021 4865 XXVI.
1061 4808 1118 4864 Si
1158 4809 1305 4863 enim
1334 4822 1462 4879 erga
1502 4823 1756 4878 corpora,
1804 4824 1927 4879 qua:
1966 4807 2345 4863 dissolvuntur

763 4912 820 4957 et
840 4911 1015 4957 morte
1044 4908 1297 4970 pereunt,
1332 4911 1481 4955 tanta
1503 4910 1810 4955 commotus
1828 4908 1912 4955 est
1942 4900 2340 4966 misericordia,

762 5001 819 5047 et
862 4993 1161 5061 unicuique
1200 4991 1349 5061 quod
1394 4992 1675 5062 quaerebat
1708 5001 1961 5062 prompte
1990 5000 2045 5047 et
2076 4992 2343 5046 benevole

760 5083 1043 5153 praestitit;
1070 5091 1277 5150 quanto
1311 5082 1483 5152 magis
1525 5084 1721 5137 anima:
1753 5082 2069 5145 immortali,
2110 5083 2344 5138 indisso-

760 5177 918 5231 lubili
940 5185 997 5231 et
1025 5175 1452 5244 incorruptibili,
1475 5190 1752 5245 oppressae
1777 5176 1969 5230 morbo
1997 5176 2339 5246 ignorantiae,

760 5268 1016 5328 malitiae,
1073 5266 1444 5331 infidelitatis,
1514 5267 1840 5322 temeritatis
1891 5276 1946 5322 et
2002 5269 2338 5338 reliquarum

758 5360 968 5431 peccati
1010 5358 1385 5423 aﬂ‘eetionnm,
1419 5360 1697 5414 accedenti
1732 5360 1799 5413 ad
1846 5361 2160 5424 Dominum,
2191 5369 2245 5415 et
2271 5361 2340 5416 ab

760 5468 827 5506 eo
882 5452 1146 5505 auxilium
1196 5453 1531 5521 requirenti,
1584 5467 1648 5505 ac
1698 5452 1753 5506 in
1805 5453 2185 5508 misericordia
2220 5455 2341 5524 ejus

761 5542 1019 5605 intuenti,
1058 5557 1159 5597 nec
1188 5557 1297 5595 non
1325 5543 1553 5610 gratiam
1588 5542 1827 5612 Spiritus
1871 5544 1940 5597 ab
1979 5536 2055 5599 eo.
2091 5545 2340 5615 recipere

760 5633 1093 5688 desideranti
1126 5633 1193 5687 ad
1228 5634 1663 5703 redemptionem
1699 5644 1756 5690 et
1786 5636 2017 5689 salutem
2070 5652 2245 5700 suam,
2283 5644 2339 5691 et

758 5727 832 5781 ab
865 5726 1014 5780 omni
1047 5726 1251 5780 malitia
1285 5737 1341 5782 et
1374 5728 1572 5783 atl'ectu
1616 5728 2038 5791 liberationem,
2071 5729 2338 5784 concedet

764 5835 925 5886 quam
954 5819 1241 5873 celerrime
1273 5829 1327 5874 et
1354 5821 1758 5891 promptissime
1792 5823 1937 5876 velut
1972 5822 2234 5877 medicam
2268 5822 2332 5876 li-

2451 4641 2701 4713 ἔχρῃζον,
2737 4641 2813 4704 ὼς
2844 4639 3046 4708 ἀγαθὸς
3077 4639 3171 4692 καὶ
3206 4638 3367 4708 μόνος
3399 4635 3601 4707 ἰατρός·
3639 4633 3785 4688 οῦτω
3816 4632 3919 4697 καὶ
3944 4634 4041 4686 ἐπὶ

2449 4732 2560 4785 τῶν
2594 4731 2997 4801 πνευματικῶν.

2524 4825 2668 4891 KG’.
2703 4822 2763 4876 Εἰ
2791 4822 2900 4893 γὰρ
2952 4824 3045 4877 ἐπὶ
3096 4822 3167 4875 τὰ
3210 4818 3448 4891 λυόμενα
3492 4821 3586 4872 καὶ
3618 4817 4041 4887 ἀποθνήσκοντα

2454 4916 2615 4969 πάλιν
2652 4913 2899 4984 σώματα,
2930 4913 3105 4977 οὕτως
3133 4910 3594 4980 εὐσπλαγχνίσθη,
3624 4910 3717 4962 καὶ
3748 4908 3972 4977 ἐκάοτῳ
4002 4906 4032 4959 δ

2450 5009 2704 5078 ἐπεζήτει
2754 5006 3021 5077 πεποίηκε
3070 5004 3386 5074 προθύμως,
3421 5003 3514 5054 καὶ
3568 4997 3839 5071 χρηστῶς,
3883 4996 4041 5063 πόσῳ

2452 5099 2652 5169 μᾶλλον
2690 5102 2756 5169 τῆ
2788 5098 3040 5168 ἀθανάτῳ
3064 5098 3209 5167 ψυχῇ
3239 5097 3332 5148 καὶ
3357 5092 3626 5162 ἀδιαλύτῳ
3647 5092 3741 5144 καὶ
3768 5089 4039 5159 ἀφθάρτῳ

2449 5187 2788 5257 τυγχανούσῃ
2824 5190 2882 5239 ἐν
2919 5187 3059 5256 νόσῳ
3092 5185 3335 5252 ἀγνοίας,
3383 5184 3483 5249 τῆς
3515 5180 3732 5245 κακίας,
3775 5178 4040 5239 ἀπιστίας

2449 5295 2508 5330 τε
2541 5277 2634 5331 καὶ
2667 5278 2919 5346 ἀφοϐίας,
2962 5280 3054 5331 καὶ
3099 5277 3208 5329 τῶν
3242 5276 3443 5328 λοιπῶν
3488 5273 3589 5342 τῆς
3620 5270 3899 5341 ἀμαρτίας
3930 5286 4038 5322 πα-

2448 5369 2576 5422 θῶνο
2620 5369 3035 5441 προσερχομένη
3066 5369 3121 5421 δὲ
3152 5368 3231 5439 τῷ
3270 5366 3479 5436 Κυρίῳ,
3514 5366 3607 5418 καὶ
3635 5364 3733 5434 τὴν
3765 5364 3897 5432 παρ’
3930 5366 4035 5417 αύ-

2447 5460 2539 5513 τοῦ
2586 5460 2838 5530 βοήθειαν
2889 5458 3225 5531 ἐπιζητούσῃ
3253 5499 3267 5522 ,
3314 5458 3405 5511 καὶ
3458 5457 3538 5517 εἰς
3582 5456 3641 5507 τὸ
3686 5453 3853 5507 αὐτοῦ
3886 5453 4037 5517 ἕλεος

2447 5552 2845 5619 ἐπισκοπούσῃ,
2872 5552 2966 5604 καὶ
2994 5551 3091 5621 τὴν
3124 5552 3284 5620 χάριν
3314 5548 3407 5602 τοῦ
3437 5546 3751 5614 Πνεύματος
3778 5547 3917 5616 παρ’
3943 5547 4015 5599 αύ

2448 5641 2542 5694 τοῦ
2572 5641 2824 5706 δέξασθαι
2857 5640 3208 5712 ὲπιθυμούσῃ
3233 5641 3312 5703 εἰς
3334 5638 3602 5707 λύτρωσιν
3630 5636 3722 5689 καὶ
3752 5635 4033 5705 σωτηρίαν

2444 5731 2648 5801 αὐτῆς,
2685 5733 2780 5785 καὶ
2817 5733 2998 5803 πάσης
3027 5732 3225 5795 κακίας
3257 5731 3350 5785 καὶ
3380 5729 3579 5792 παντὸς
3620 5726 3829 5790 πάθους
3850 5726 4030 5781 ἀπαλ-

2443 5825 2633 5894 λαγὴν,
2688 5825 2745 5878 οὐ
2790 5825 3093 5896 δωρήσεται
3147 5824 3333 5895 τάχιον
3377 5822 3469 5877 καὶ
3522 5820 3884 5891 ἑτοιμοτέρως
3930 5818 4030 5889 τὴν
