  <div class='ocr_page' id='page_1' title='image "/cluster/home/n/w/nwhite01/storage/ocr_20150623/34/nnc1.0046978860/256.png"; bbox 0 0 4266 6356; ppageno 0'>
   <div class='ocr_carea' id='block_1_1' title="bbox 200 387 3461 461">
    <p class='ocr_par' dir='ltr' id='par_1_1' title="bbox 200 387 3461 461">
     <span class='ocr_line' id='line_1_1' title="bbox 200 387 3461 461; baseline 0.001 -8"><span class='ocrx_word' id='word_1_1' title='bbox 200 387 312 453; x_wconf 62' lang='grc'><strong><em>493</em></strong></span> <span class='ocrx_word' id='word_1_2' title='bbox 1457 391 1829 453; x_wconf 71' lang='lat' dir='ltr'><strong><em>HOMILI/B.</em></strong></span> <span class='ocrx_word' id='word_1_3' title='bbox 1876 417 1921 426; x_wconf 89' lang='grc'><strong><em>-</em></strong></span> <span class='ocrx_word' id='word_1_4' title='bbox 1961 391 2147 453; x_wconf 89' lang='lat' dir='ltr'><strong><em>HOM.</em></strong></span> <span class='ocrx_word' id='word_1_5' title='bbox 2191 393 2257 452; x_wconf 79' lang='grc' dir='ltr'><em>ν.</em></span> <span class='ocrx_word' id='word_1_6' title='bbox 3359 391 3461 461; x_wconf 65' lang='grc'><strong><em>494</em></strong></span> 
     </span>
    </p>
   </div>
   <div class='ocr_carea' id='block_1_2' title="bbox 205 503 1890 576">
    <p class='ocr_par' dir='ltr' id='par_1_2' title="bbox 205 503 1890 576">
     <span class='ocr_line' id='line_1_2' title="bbox 205 503 1890 576; baseline 0 -18"><span class='ocrx_word' id='word_1_7' title='bbox 205 503 598 576; x_wconf 77' lang='grc' dir='ltr'><strong><em>ἀπολύτρωσιν</em></strong></span> <span class='ocrx_word' id='word_1_8' title='bbox 645 505 742 573; x_wconf 83' lang='grc' dir='ltr'><em>τῆς</em></span> <span class='ocrx_word' id='word_1_9' title='bbox 780 520 997 572; x_wconf 82' lang='grc' dir='ltr'><em>ιασεως,</em></span> <span class='ocrx_word' id='word_1_10' title='bbox 1033 505 1177 560; x_wconf 84' lang='grc' dir='ltr'><em>κατὰ</em></span> <span class='ocrx_word' id='word_1_11' title='bbox 1224 506 1312 560; x_wconf 83' lang='grc' dir='ltr'><em>τὸν</em></span> <span class='ocrx_word' id='word_1_12' title='bbox 1368 506 1532 561; x_wconf 81' lang='grc' dir='ltr'><em>αυτὸν</em></span> <span class='ocrx_word' id='word_1_13' title='bbox 1584 504 1742 573; x_wconf 84' lang='grc' dir='ltr'><em>λόγον</em></span> <span class='ocrx_word' id='word_1_14' title='bbox 1767 520 1781 535; x_wconf 85' lang='grc'><strong>·</strong></span> <span class='ocrx_word' id='word_1_15' title='bbox 1815 507 1858 563; x_wconf 82' lang='grc' dir='ltr'>Α</span> <span class='ocrx_word' id='word_1_16' title='bbox 1888 507 1890 558; x_wconf 71' lang='grc' dir='ltr'><strong>ἶ</strong></span> 
     </span>
    </p>
   </div>
   <div class='ocr_carea' id='block_1_3' title="bbox 1779 503 3464 576">
    <p class='ocr_par' dir='ltr' id='par_1_3' title="bbox 1779 504 3464 576">
     <span class='ocr_line' id='line_1_3' title="bbox 1779 504 3464 576; baseline -0.001 -13"><span class='ocrx_word' id='word_1_17' title='bbox 1779 523 1781 532; x_wconf 77' lang='grc'><em>’</em></span> <span class='ocrx_word' id='word_1_18' title='bbox 1815 507 1858 563; x_wconf 82' lang='grc' dir='ltr'>Α</span> <span class='ocrx_word' id='word_1_19' title='bbox 1888 506 2249 570; x_wconf 81' lang='lat' dir='ltr'><strong><em>berationcm,</em></strong></span> <span class='ocrx_word' id='word_1_20' title='bbox 2288 504 2590 560; x_wconf 83' lang='lat' dir='ltr'><strong><em>secundum</em></strong></span> <span class='ocrx_word' id='word_1_21' title='bbox 2618 505 2760 560; x_wconf 91' lang='lat' dir='ltr'><strong><em>idem</em></strong></span> <span class='ocrx_word' id='word_1_22' title='bbox 2782 507 2990 561; x_wconf 79' lang='lat' dir='ltr'><strong><em>dictum</em></strong></span> <span class='ocrx_word' id='word_1_23' title='bbox 3017 527 3029 560; x_wconf 91' lang='lat'><strong>:</strong></span> <span class='ocrx_word' id='word_1_24' title='bbox 3057 506 3267 571; x_wconf 83' lang='lat' dir='ltr'><strong><em>Quanto</em></strong></span> <span class='ocrx_word' id='word_1_25' title='bbox 3294 508 3464 576; x_wconf 80' lang='lat' dir='ltr'><strong><em>magis</em></strong></span> 
     </span>
    </p>
   </div>
   <div class='ocr_carea' id='block_1_4' title="bbox 201 593 1886 666">
    <p class='ocr_par' dir='ltr' id='par_1_4' title="bbox 201 593 1886 666">
     <span class='ocr_line' id='line_1_4' title="bbox 201 593 1886 666; baseline -0.004 -13"><span class='ocrx_word' id='word_1_26' title='bbox 201 600 385 663; x_wconf 79' lang='grc' dir='ltr'><em>Πόσῳ</em></span> <span class='ocrx_word' id='word_1_27' title='bbox 450 597 696 666; x_wconf 75' lang='grc' dir='ltr'><em>μᾶλλον</em></span> <span class='ocrx_word' id='word_1_28' title='bbox 737 598 1099 666; x_wconf 79' lang='grc' dir='ltr'><em>ό,οὐρὰνιος</em></span> <span class='ocrx_word' id='word_1_29' title='bbox 1138 597 1342 666; x_wconf 82' lang='grc' dir='ltr'><em>Πατὴρ</em></span> <span class='ocrx_word' id='word_1_30' title='bbox 1390 598 1633 665; x_wconf 82' lang='grc' dir='ltr'><em>ποιήσει</em></span> <span class='ocrx_word' id='word_1_31' title='bbox 1666 593 1781 663; x_wconf 81' lang='grc' dir='ltr'><em>τὴν</em></span> <span class='ocrx_word' id='word_1_32' title='bbox 1882 641 1886 648; x_wconf 89' lang='grc'>.</span> 
     </span>
    </p>
   </div>
   <div class='ocr_carea' id='block_1_5' title="bbox 1779 593 3464 666">
    <p class='ocr_par' dir='ltr' id='par_1_5' title="bbox 1779 594 3464 665">
     <span class='ocr_line' id='line_1_5' title="bbox 1779 594 3464 665; baseline 0 -16"><span class='ocrx_word' id='word_1_33' title='bbox 1779 615 1781 624; x_wconf 61' lang='grc' dir='ltr'><em>ν</em></span> <span class='ocrx_word' id='word_1_34' title='bbox 1882 594 2043 649; x_wconf 83' lang='lat' dir='ltr'><strong><em>Pater</em></strong></span> <span class='ocrx_word' id='word_1_35' title='bbox 2075 595 2293 649; x_wconf 74' lang='lat' dir='ltr'><strong><em>caelestis</em></strong></span> <span class='ocrx_word' id='word_1_36' title='bbox 2327 596 2798 665; x_wconf 80' lang='lat' dir='ltr'><strong><em>facietvindictam</em></strong></span> <span class='ocrx_word' id='word_1_37' title='bbox 2828 595 3175 650; x_wconf 79' lang='lat' dir='ltr'><strong><em>clamantium</em></strong></span> <span class='ocrx_word' id='word_1_38' title='bbox 3205 596 3275 650; x_wconf 88' lang='lat' dir='ltr'><strong><em>ad</em></strong></span> <span class='ocrx_word' id='word_1_39' title='bbox 3306 613 3360 650; x_wconf 85' lang='lat' dir='ltr'><strong><em>se</em></strong></span> <span class='ocrx_word' id='word_1_40' title='bbox 3380 597 3464 649; x_wconf 85' lang='lat' dir='ltr'><strong><em>die</em></strong></span> 
     </span>
    </p>
   </div>
   <div class='ocr_carea' id='block_1_6' title="bbox 200 687 1885 758">
    <p class='ocr_par' dir='ltr' id='par_1_6' title="bbox 200 687 1885 758">
     <span class='ocr_line' id='line_1_6' title="bbox 200 687 1885 758; baseline -0.002 -15"><span class='ocrx_word' id='word_1_41' title='bbox 200 690 523 756; x_wconf 67' lang='grc' dir='ltr'><em>ἐκδίκησιν</em></span> <span class='ocrx_word' id='word_1_42' title='bbox 552 687 673 743; x_wconf 83' lang='grc' dir='ltr'><strong><em>τῶν</em></strong></span> <span class='ocrx_word' id='word_1_43' title='bbox 694 689 979 753; x_wconf 78' lang='grc' dir='ltr'><em>,ϐοώντων</em></span> <span class='ocrx_word' id='word_1_44' title='bbox 1028 689 1179 758; x_wconf 76' lang='grc' dir='ltr'><em>πρὸς</em></span> <span class='ocrx_word' id='word_1_45' title='bbox 1207 689 1394 744; x_wconf 82' lang='grc' dir='ltr'><em>αὐτὸν</em></span> <span class='ocrx_word' id='word_1_46' title='bbox 1442 690 1667 758; x_wconf 71' lang='grc' dir='ltr'><em>ἡμέρας</em></span> <span class='ocrx_word' id='word_1_47' title='bbox 1717 703 1782 741; x_wconf 79' lang='grc' dir='ltr'><strong><em>τε</em></strong></span> <span class='ocrx_word' id='word_1_48' title='bbox 1884 726 1885 735; x_wconf 55' lang='grc' dir='ltr'><strong>η</strong></span> 
     </span>
    </p>
   </div>
   <div class='ocr_carea' id='block_1_7' title="bbox 1778 687 3463 758">
    <p class='ocr_par' dir='ltr' id='par_1_7' title="bbox 1778 687 3463 751">
     <span class='ocr_line' id='line_1_7' title="bbox 1778 687 3463 751; baseline -0.002 -9"><span class='ocrx_word' id='word_1_49' title='bbox 1778 704 1782 718; x_wconf 83' lang='grc'><em>’</em></span> <span class='ocrx_word' id='word_1_50' title='bbox 1884 706 1945 742; x_wconf 91' lang='lat' dir='ltr'><strong><em>ac</em></strong></span> <span class='ocrx_word' id='word_1_51' title='bbox 1976 699 2121 742; x_wconf 86' lang='lat' dir='ltr'><strong><em>nocte</em></strong></span> <span class='ocrx_word' id='word_1_52' title='bbox 2146 690 2170 741; x_wconf 87' lang='lat'><strong><em>?</em></strong></span> <span class='ocrx_word' id='word_1_53' title='bbox 2200 689 2268 743; x_wconf 90' lang='lat' dir='ltr'><strong><em>Et</em></strong></span> <span class='ocrx_word' id='word_1_54' title='bbox 2299 688 2502 751; x_wconf 91' lang='lat' dir='ltr'><strong><em>subdit,</em></strong></span> <span class='ocrx_word' id='word_1_55' title='bbox 2548 688 2770 742; x_wconf 86' lang='lat' dir='ltr'><strong><em>dicens:</em></strong></span> <span class='ocrx_word' id='word_1_56' title='bbox 2801 688 2951 743; x_wconf 89' lang='lat' dir='ltr'><strong><em>Certe</em></strong></span> <span class='ocrx_word' id='word_1_57' title='bbox 2992 690 3104 740; x_wconf 95' lang='lat' dir='ltr'><strong><em>dico</em></strong></span> <span class='ocrx_word' id='word_1_58' title='bbox 3149 687 3309 749; x_wconf 86' lang='lat' dir='ltr'><strong><em>vobis,</em></strong></span> <span class='ocrx_word' id='word_1_59' title='bbox 3362 688 3463 739; x_wconf 89' lang='lat' dir='ltr'><strong><em>cito</em></strong></span> 
     </span>
    </p>
   </div>
   <div class='ocr_carea' id='block_1_8' title="bbox 202 780 1887 851">
    <p class='ocr_par' dir='ltr' id='par_1_8' title="bbox 202 782 1887 851">
     <span class='ocr_line' id='line_1_8' title="bbox 202 782 1887 851; baseline 0 -15"><span class='ocrx_word' id='word_1_60' title='bbox 202 784 302 836; x_wconf 82' lang='grc' dir='ltr'><strong><em>καί</em></strong></span> <span class='ocrx_word' id='word_1_61' title='bbox 328 783 591 846; x_wconf 85' lang='grc' dir='ltr'><em>νυκτός;</em></span> <span class='ocrx_word' id='word_1_62' title='bbox 624 783 719 835; x_wconf 71' lang='grc' dir='ltr'><em>καὶ</em></span> <span class='ocrx_word' id='word_1_63' title='bbox 763 782 956 849; x_wconf 76' lang='grc' dir='ltr'><em>ἐπάγει</em></span> <span class='ocrx_word' id='word_1_64' title='bbox 991 783 1164 849; x_wconf 88' lang='grc' dir='ltr'><em>λέγων</em></span> <span class='ocrx_word' id='word_1_65' title='bbox 1193 824 1206 844; x_wconf 90' lang='grc'><strong><em>,</em></strong></span> <span class='ocrx_word' id='word_1_66' title='bbox 1258 782 1368 837; x_wconf 82' lang='lat' dir='ltr'><strong><em>Kal</em></strong></span> <span class='ocrx_word' id='word_1_67' title='bbox 1413 782 1567 851; x_wconf 75' lang='grc' dir='ltr'><em>λέγω</em></span> <span class='ocrx_word' id='word_1_68' title='bbox 1615 782 1777 850; x_wconf 80' lang='grc' dir='ltr'><em>ὑμῖν,</em></span> <span class='ocrx_word' id='word_1_69' title='bbox 1885 834 1887 849; x_wconf 72' lang='grc'>,</span> 
     </span>
    </p>
   </div>
   <div class='ocr_carea' id='block_1_9' title="bbox 1779 780 3464 851">
    <p class='ocr_par' dir='ltr' id='par_1_9' title="bbox 1885 780 3464 849">
     <span class='ocr_line' id='line_1_9' title="bbox 1885 780 3464 849; baseline -0.002 -16"><span class='ocrx_word' id='word_1_70' title='bbox 1885 781 2035 849; x_wconf 77' lang='grc' dir='ltr'><em>[σείει</em></span> <span class='ocrx_word' id='word_1_71' title='bbox 2066 782 2350 834; x_wconf 73' lang='lat' dir='ltr'><strong><em>vindictam</em></strong></span> <span class='ocrx_word' id='word_1_72' title='bbox 2395 781 2611 834; x_wconf 87' lang='lat' dir='ltr'><strong><em>illorum</em></strong></span> <span class='ocrx_word' id='word_1_73' title='bbox 2634 782 2702 833; x_wconf 60' lang='lat'><strong><em>‘9.</em></strong></span> <span class='ocrx_word' id='word_1_74' title='bbox 2744 782 2813 835; x_wconf 86' lang='lat' dir='ltr'><strong><em>Et</em></strong></span> <span class='ocrx_word' id='word_1_75' title='bbox 2851 796 3072 833; x_wconf 79' lang='lat' dir='ltr'><strong><em>rursum</em></strong></span> <span class='ocrx_word' id='word_1_76' title='bbox 3101 781 3229 833; x_wconf 83' lang='lat' dir='ltr'><strong><em>alibi</em></strong></span> <span class='ocrx_word' id='word_1_77' title='bbox 3260 780 3464 833; x_wconf 83' lang='lat' dir='ltr'><strong><em>adhor-</em></strong></span> 
     </span>
    </p>
   </div>
   <div class='ocr_carea' id='block_1_10' title="bbox 203 868 1888 941">
    <p class='ocr_par' dir='ltr' id='par_1_10' title="bbox 203 868 1782 939">
     <span class='ocr_line' id='line_1_10' title="bbox 203 868 1782 939; baseline 0.001 -18"><span class='ocrx_word' id='word_1_78' title='bbox 203 868 447 934; x_wconf 73' lang='grc' dir='ltr'><em>ποιήσει</em></span> <span class='ocrx_word' id='word_1_79' title='bbox 467 868 581 935; x_wconf 78' lang='grc' dir='ltr'><em>τὴν</em></span> <span class='ocrx_word' id='word_1_80' title='bbox 605 869 928 935; x_wconf 79' lang='grc' dir='ltr'><em>ἐκδίκησιν</em></span> <span class='ocrx_word' id='word_1_81' title='bbox 960 869 1158 923; x_wconf 82' lang='grc' dir='ltr'><em>αὐτῶν</em></span> <span class='ocrx_word' id='word_1_82' title='bbox 1189 870 1260 923; x_wconf 85' lang='grc' dir='ltr'><em>ἐν</em></span> <span class='ocrx_word' id='word_1_83' title='bbox 1280 869 1467 939; x_wconf 74' lang='grc' dir='ltr'><em>τάχειο</em></span> <span class='ocrx_word' id='word_1_84' title='bbox 1503 870 1598 924; x_wconf 79' lang='grc' dir='ltr'><em>καὶ</em></span> <span class='ocrx_word' id='word_1_85' title='bbox 1622 870 1782 923; x_wconf 76' lang='grc' dir='ltr'><em>πάλιν</em></span> 
     </span>
    </p>
   </div>
   <div class='ocr_carea' id='block_1_11' title="bbox 1774 868 3459 941">
    <p class='ocr_par' dir='ltr' id='par_1_11' title="bbox 1774 871 3459 941">
     <span class='ocr_line' id='line_1_11' title="bbox 1774 871 3459 941; baseline -0.004 -13"><span class='ocrx_word' id='word_1_86' title='bbox 1774 887 1782 918; x_wconf 80' lang='grc' dir='ltr'><strong><em>ι</em></strong></span> <span class='ocrx_word' id='word_1_87' title='bbox 1889 882 2033 927; x_wconf 90' lang='lat' dir='ltr'><strong><em>tatur</em></strong></span> <span class='ocrx_word' id='word_1_88' title='bbox 2061 891 2073 925; x_wconf 92' lang='lat'>:</span> <span class='ocrx_word' id='word_1_89' title='bbox 2113 873 2277 926; x_wconf 87' lang='lat' dir='ltr'><strong><em>Petite</em></strong></span> <span class='ocrx_word' id='word_1_90' title='bbox 2307 882 2354 924; x_wconf 85' lang='lat' dir='ltr'><strong><em>et</em></strong></span> <span class='ocrx_word' id='word_1_91' title='bbox 2383 874 2594 926; x_wconf 83' lang='lat' dir='ltr'><strong><em>dabitur</em></strong></span> <span class='ocrx_word' id='word_1_92' title='bbox 2622 874 2780 926; x_wconf 78' lang='lat' dir='ltr'><strong><em>vobis.</em></strong></span> <span class='ocrx_word' id='word_1_93' title='bbox 2812 872 2992 927; x_wconf 86' lang='lat' dir='ltr'><strong><em>Omnis</em></strong></span> <span class='ocrx_word' id='word_1_94' title='bbox 3019 874 3156 925; x_wconf 87' lang='lat' dir='ltr'><strong><em>enim</em></strong></span> <span class='ocrx_word' id='word_1_95' title='bbox 3186 874 3274 941; x_wconf 82' lang='lat' dir='ltr'><strong><em>qui</em></strong></span> <span class='ocrx_word' id='word_1_96' title='bbox 3313 871 3459 940; x_wconf 90' lang='lat' dir='ltr'><strong><em>petit,</em></strong></span> 
     </span>
    </p>
   </div>
   <div class='ocr_carea' id='block_1_12' title="bbox 208 958 1893 1035">
    <p class='ocr_par' dir='ltr' id='par_1_12' title="bbox 208 958 1893 1031">
     <span class='ocr_line' id='line_1_12' title="bbox 208 958 1893 1031; baseline 0.002 -20"><span class='ocrx_word' id='word_1_97' title='bbox 208 961 268 1011; x_wconf 82' lang='grc' dir='ltr'><em>ὲν</em></span> <span class='ocrx_word' id='word_1_98' title='bbox 302 958 478 1029; x_wconf 80' lang='grc' dir='ltr'><strong><em>ἑτέρῳ</em></strong></span> <span class='ocrx_word' id='word_1_99' title='bbox 510 962 805 1030; x_wconf 80' lang='grc' dir='ltr'><em>παραινεῖ·</em></span> <span class='ocrx_word' id='word_1_100' title='bbox 863 961 1088 1014; x_wconf 83' lang='grc' dir='ltr'><em>Αἰτεῖτε</em></span> <span class='ocrx_word' id='word_1_101' title='bbox 1119 962 1217 1014; x_wconf 83' lang='grc' dir='ltr'><strong><em>καί</em></strong></span> <span class='ocrx_word' id='word_1_102' title='bbox 1252 963 1574 1027; x_wconf 85' lang='grc' dir='ltr'><strong><em>δοθήσεται</em></strong></span> <span class='ocrx_word' id='word_1_103' title='bbox 1613 963 1779 1031; x_wconf 78' lang='grc' dir='ltr'><em>ὑμῖν·</em></span> <span class='ocrx_word' id='word_1_104' title='bbox 1887 988 1893 1015; x_wconf 74' lang='grc' dir='ltr'><strong><em>ι</em></strong></span> 
     </span>
    </p>
   </div>
   <div class='ocr_carea' id='block_1_13' title="bbox 1778 958 3463 1035">
    <p class='ocr_par' dir='ltr' id='par_1_13' title="bbox 1778 964 3463 1035">
     <span class='ocr_line' id='line_1_13' title="bbox 1778 964 3463 1035; baseline -0.001 -19"><span class='ocrx_word' id='word_1_105' title='bbox 1778 984 1779 987; x_wconf 45' lang='grc' dir='ltr'><strong><em>η</em></strong></span> <span class='ocrx_word' id='word_1_106' title='bbox 1887 966 2097 1033; x_wconf 89' lang='lat' dir='ltr'><strong><em>accipit,</em></strong></span> <span class='ocrx_word' id='word_1_107' title='bbox 2126 974 2175 1017; x_wconf 88' lang='lat' dir='ltr'><strong><em>et</em></strong></span> <span class='ocrx_word' id='word_1_108' title='bbox 2196 968 2284 1035; x_wconf 86' lang='lat' dir='ltr'><strong><em>qui</em></strong></span> <span class='ocrx_word' id='word_1_109' title='bbox 2303 967 2513 1035; x_wconf 67' lang='lat' dir='ltr'><strong><em>quaarit,</em></strong></span> <span class='ocrx_word' id='word_1_110' title='bbox 2542 968 2759 1028; x_wconf 86' lang='lat' dir='ltr'><strong><em>invenit,</em></strong></span> <span class='ocrx_word' id='word_1_111' title='bbox 2786 974 2835 1019; x_wconf 92' lang='lat' dir='ltr'><strong><em>et</em></strong></span> <span class='ocrx_word' id='word_1_112' title='bbox 2860 965 3094 1033; x_wconf 84' lang='lat' dir='ltr'><strong><em>pulsanti</em></strong></span> <span class='ocrx_word' id='word_1_113' title='bbox 3115 964 3463 1033; x_wconf 78' lang='lat' dir='ltr'><strong><em>aperietur&quot;.</em></strong></span> 
     </span>
    </p>
   </div>
   <div class='ocr_carea' id='block_1_14' title="bbox 205 1048 1890 1126">
    <p class='ocr_par' dir='ltr' id='par_1_14' title="bbox 205 1048 1890 1121">
     <span class='ocr_line' id='line_1_14' title="bbox 205 1048 1890 1121; baseline 0.004 -20"><span class='ocrx_word' id='word_1_114' title='bbox 205 1048 325 1114; x_wconf 71' lang='grc' dir='ltr'><em>πᾶς</em></span> <span class='ocrx_word' id='word_1_115' title='bbox 357 1050 467 1117; x_wconf 78' lang='grc' dir='ltr'><em>γὰρ</em></span> <span class='ocrx_word' id='word_1_116' title='bbox 494 1052 525 1102; x_wconf 87' lang='lat' dir='ltr'><strong><em>d</em></strong></span> <span class='ocrx_word' id='word_1_117' title='bbox 550 1050 729 1104; x_wconf 86' lang='grc' dir='ltr'><em>αἰτῶν</em></span> <span class='ocrx_word' id='word_1_118' title='bbox 755 1051 1065 1117; x_wconf 80' lang='grc' dir='ltr'><em>λαμϐάνει,</em></span> <span class='ocrx_word' id='word_1_119' title='bbox 1089 1052 1186 1106; x_wconf 83' lang='grc' dir='ltr'><strong><em>καί</em></strong></span> <span class='ocrx_word' id='word_1_120' title='bbox 1221 1055 1253 1105; x_wconf 87' lang='grc' dir='ltr'><em>ὀ</em></span> <span class='ocrx_word' id='word_1_121' title='bbox 1281 1051 1465 1119; x_wconf 79' lang='grc' dir='ltr'><em>ζητῶν</em></span> <span class='ocrx_word' id='word_1_122' title='bbox 1493 1054 1780 1121; x_wconf 82' lang='grc' dir='ltr'><em>εὑρίσκει,</em></span> <span class='ocrx_word' id='word_1_123' title='bbox 1887 1056 1890 1108; x_wconf 73' lang='grc' dir='ltr'>ξ</span> 
     </span>
    </p>
   </div>
   <div class='ocr_carea' id='block_1_15' title="bbox 1782 1048 3467 1126">
    <p class='ocr_par' dir='ltr' id='par_1_15' title="bbox 1887 1054 3467 1126">
     <span class='ocr_line' id='line_1_15' title="bbox 1887 1054 3467 1126; baseline -0.003 -18"><span class='ocrx_word' id='word_1_124' title='bbox 1887 1056 1954 1108; x_wconf 83' lang='grc' dir='ltr'><em>Ει</em></span> <span class='ocrx_word' id='word_1_125' title='bbox 1978 1056 2204 1125; x_wconf 87' lang='lat' dir='ltr'><strong><em>paulum</em></strong></span> <span class='ocrx_word' id='word_1_126' title='bbox 2230 1072 2548 1126; x_wconf 83' lang='lat' dir='ltr'><strong><em>progressus</em></strong></span> <span class='ocrx_word' id='word_1_127' title='bbox 2575 1056 2799 1125; x_wconf 88' lang='lat' dir='ltr'><strong><em>subjicit</em></strong></span> <span class='ocrx_word' id='word_1_128' title='bbox 2827 1075 2839 1108; x_wconf 90' lang='lat'>:</span> <span class='ocrx_word' id='word_1_129' title='bbox 2871 1055 3081 1120; x_wconf 83' lang='lat' dir='ltr'><strong><em>Quanto</em></strong></span> <span class='ocrx_word' id='word_1_130' title='bbox 3111 1057 3277 1124; x_wconf 83' lang='lat' dir='ltr'><strong><em>magis</em></strong></span> <span class='ocrx_word' id='word_1_131' title='bbox 3303 1054 3467 1107; x_wconf 83' lang='lat' dir='ltr'><strong><em>Pater</em></strong></span> 
     </span>
    </p>
   </div>
   <div class='ocr_carea' id='block_1_16' title="bbox 206 1139 1891 1217">
    <p class='ocr_par' dir='ltr' id='par_1_16' title="bbox 206 1139 1891 1210">
     <span class='ocr_line' id='line_1_16' title="bbox 206 1139 1891 1210; baseline 0.002 -17"><span class='ocrx_word' id='word_1_132' title='bbox 206 1140 311 1193; x_wconf 73' lang='grc' dir='ltr'><em>καὶ</em></span> <span class='ocrx_word' id='word_1_133' title='bbox 356 1139 438 1204; x_wconf 85' lang='grc' dir='ltr'><em>τῷ</em></span> <span class='ocrx_word' id='word_1_134' title='bbox 463 1141 741 1207; x_wconf 72' lang='grc' dir='ltr'><strong><em>κρούοντι</em></strong></span> <span class='ocrx_word' id='word_1_135' title='bbox 774 1142 1178 1210; x_wconf 76' lang='grc' dir='ltr'><strong><em>ἀνοιγήσεται·</em></strong></span> <span class='ocrx_word' id='word_1_136' title='bbox 1207 1145 1305 1196; x_wconf 68' lang='grc' dir='ltr'><em>καὶ</em></span> <span class='ocrx_word' id='word_1_137' title='bbox 1335 1143 1618 1208; x_wconf 81' lang='grc' dir='ltr'><em>διεξελθὼν</em></span> <span class='ocrx_word' id='word_1_138' title='bbox 1663 1146 1785 1197; x_wconf 83' lang='grc' dir='ltr'><em>ὲπι-</em></span> <span class='ocrx_word' id='word_1_139' title='bbox 1886 1165 1891 1197; x_wconf 80' lang='lat'><strong>1</strong></span> 
     </span>
    </p>
   </div>
   <div class='ocr_carea' id='block_1_17' title="bbox 1781 1139 3466 1217">
    <p class='ocr_par' dir='ltr' id='par_1_17' title="bbox 1781 1148 3466 1217">
     <span class='ocr_line' id='line_1_17' title="bbox 1781 1148 3466 1217; baseline -0.001 -16"><span class='ocrx_word' id='word_1_140' title='bbox 1781 1173 1785 1184; x_wconf 63' lang='grc'><em>’</em></span> <span class='ocrx_word' id='word_1_141' title='bbox 1886 1158 2052 1201; x_wconf 82' lang='lat' dir='ltr'><strong><em>uester</em></strong></span> <span class='ocrx_word' id='word_1_142' title='bbox 2098 1148 2315 1202; x_wconf 76' lang='lat' dir='ltr'><strong><em>caelestis</em></strong></span> <span class='ocrx_word' id='word_1_143' title='bbox 2360 1150 2503 1201; x_wconf 84' lang='lat' dir='ltr'><strong><em>dabit</em></strong></span> <span class='ocrx_word' id='word_1_144' title='bbox 2552 1148 2813 1217; x_wconf 86' lang='lat' dir='ltr'><strong><em>Spiritum</em></strong></span> <span class='ocrx_word' id='word_1_145' title='bbox 2857 1157 3096 1202; x_wconf 85' lang='lat' dir='ltr'><strong><em>sanctum</em></strong></span> <span class='ocrx_word' id='word_1_146' title='bbox 3143 1148 3466 1217; x_wconf 83' lang='lat' dir='ltr'><strong><em>poscentibus</em></strong></span> 
     </span>
    </p>
   </div>
   <div class='ocr_carea' id='block_1_18' title="bbox 207 1229 1892 1318">
    <p class='ocr_par' dir='ltr' id='par_1_18' title="bbox 207 1229 1892 1318">
     <span class='ocr_line' id='line_1_18' title="bbox 207 1229 1892 1318; baseline 0.005 -38"><span class='ocrx_word' id='word_1_147' title='bbox 207 1229 389 1318; x_wconf 75' lang='grc' dir='ltr'><em>φέρει,</em></span> <span class='ocrx_word' id='word_1_148' title='bbox 422 1231 601 1296; x_wconf 83' lang='grc' dir='ltr'><strong><em>Πόσῳ</em></strong></span> <span class='ocrx_word' id='word_1_149' title='bbox 633 1230 873 1299; x_wconf 85' lang='grc' dir='ltr'><em>μᾶλλον</em></span> <span class='ocrx_word' id='word_1_150' title='bbox 916 1236 950 1286; x_wconf 84' lang='grc' dir='ltr'><strong><em>ό</em></strong></span> <span class='ocrx_word' id='word_1_151' title='bbox 1002 1233 1206 1300; x_wconf 75' lang='grc' dir='ltr'><em>Πατὴρ</em></span> <span class='ocrx_word' id='word_1_152' title='bbox 1234 1234 1403 1301; x_wconf 84' lang='grc' dir='ltr'><em>ὑμῶν</em></span> <span class='ocrx_word' id='word_1_153' title='bbox 1441 1238 1473 1287; x_wconf 82' lang='grc' dir='ltr'><em>ὁ</em></span> <span class='ocrx_word' id='word_1_154' title='bbox 1511 1235 1789 1301; x_wconf 82' lang='grc' dir='ltr'><em>οὐράνιος</em></span> <span class='ocrx_word' id='word_1_155' title='bbox 1888 1267 1892 1288; x_wconf 73' lang='grc'><strong><em>4</em></strong></span> 
     </span>
    </p>
   </div>
   <div class='ocr_carea' id='block_1_19' title="bbox 1781 1229 3466 1318">
    <p class='ocr_par' dir='ltr' id='par_1_19' title="bbox 1781 1239 3466 1309">
     <span class='ocr_line' id='line_1_19' title="bbox 1781 1239 3466 1309; baseline 0 -17"><span class='ocrx_word' id='word_1_156' title='bbox 1781 1257 1789 1271; x_wconf 70' lang='grc' dir='ltr'><strong><em>ι</em></strong></span> <span class='ocrx_word' id='word_1_157' title='bbox 1888 1255 2006 1292; x_wconf 87' lang='lat' dir='ltr'><strong><em>eum</em></strong></span> <span class='ocrx_word' id='word_1_158' title='bbox 2026 1239 2110 1293; x_wconf 66' lang='lat'><strong><em>&quot;‘2</em></strong></span> <span class='ocrx_word' id='word_1_159' title='bbox 2137 1239 2305 1293; x_wconf 80' lang='lat' dir='ltr'><strong><em>Amen</em></strong></span> <span class='ocrx_word' id='word_1_160' title='bbox 2337 1241 2449 1293; x_wconf 88' lang='lat' dir='ltr'><strong><em>dico</em></strong></span> <span class='ocrx_word' id='word_1_161' title='bbox 2477 1241 2640 1304; x_wconf 82' lang='lat' dir='ltr'><strong><em>vobis,</em></strong></span> <span class='ocrx_word' id='word_1_162' title='bbox 2676 1242 2770 1294; x_wconf 89' lang='lat' dir='ltr'><strong><em>etsi</em></strong></span> <span class='ocrx_word' id='word_1_163' title='bbox 2805 1258 2908 1293; x_wconf 89' lang='lat' dir='ltr'><strong><em>non</em></strong></span> <span class='ocrx_word' id='word_1_164' title='bbox 2941 1241 3083 1293; x_wconf 88' lang='lat' dir='ltr'><strong><em>dabit</em></strong></span> <span class='ocrx_word' id='word_1_165' title='bbox 3112 1240 3213 1303; x_wconf 84' lang='lat' dir='ltr'><strong><em>illi,</em></strong></span> <span class='ocrx_word' id='word_1_166' title='bbox 3243 1257 3301 1293; x_wconf 84' lang='lat' dir='ltr'><strong><em>eo</em></strong></span> <span class='ocrx_word' id='word_1_167' title='bbox 3327 1240 3466 1309; x_wconf 85' lang='lat' dir='ltr'><strong><em>quod</em></strong></span> 
     </span>
    </p>
   </div>
   <div class='ocr_carea' id='block_1_20' title="bbox 205 1319 1890 1403">
    <p class='ocr_par' dir='ltr' id='par_1_20' title="bbox 205 1319 1790 1395">
     <span class='ocr_line' id='line_1_20' title="bbox 205 1319 1790 1395; baseline 0.004 -23"><span class='ocrx_word' id='word_1_168' title='bbox 205 1319 390 1374; x_wconf 86' lang='grc' dir='ltr'><em>δώσει</em></span> <span class='ocrx_word' id='word_1_169' title='bbox 424 1323 666 1390; x_wconf 81' lang='grc' dir='ltr'><strong><em>Πνεῦμα</em></strong></span> <span class='ocrx_word' id='word_1_170' title='bbox 693 1323 864 1391; x_wconf 77' lang='grc' dir='ltr'><em>ἅγιον</em></span> <span class='ocrx_word' id='word_1_171' title='bbox 893 1324 1019 1389; x_wconf 83' lang='grc' dir='ltr'><em>τοῖς</em></span> <span class='ocrx_word' id='word_1_172' title='bbox 1038 1325 1314 1379; x_wconf 87' lang='grc' dir='ltr'><em>αἰτοῦσιν</em></span> <span class='ocrx_word' id='word_1_173' title='bbox 1342 1326 1571 1379; x_wconf 77' lang='grc' dir='ltr'><em>αὐτόνέ</em></span> <span class='ocrx_word' id='word_1_174' title='bbox 1602 1325 1790 1395; x_wconf 80' lang='grc' dir='ltr'><em>Ἀμὴν</em></span> 
     </span>
    </p>
   </div>
   <div class='ocr_carea' id='block_1_21' title="bbox 1781 1319 3466 1403">
    <p class='ocr_par' dir='ltr' id='par_1_21' title="bbox 1781 1331 3466 1403">
     <span class='ocr_line' id='line_1_21' title="bbox 1781 1331 3466 1403; baseline 0.001 -21"><span class='ocrx_word' id='word_1_175' title='bbox 1781 1343 1790 1357; x_wconf 89' lang='grc'><strong>·</strong></span> <span class='ocrx_word' id='word_1_176' title='bbox 1891 1331 2091 1385; x_wconf 83' lang='lat' dir='ltr'><strong><em>amicus</em></strong></span> <span class='ocrx_word' id='word_1_177' title='bbox 2132 1334 2219 1396; x_wconf 85' lang='lat' dir='ltr'><strong><em>sit,</em></strong></span> <span class='ocrx_word' id='word_1_178' title='bbox 2264 1341 2475 1402; x_wconf 86' lang='lat' dir='ltr'><strong><em>propter</em></strong></span> <span class='ocrx_word' id='word_1_179' title='bbox 2506 1335 2889 1403; x_wconf 84' lang='lat' dir='ltr'><strong><em>impudentiam</em></strong></span> <span class='ocrx_word' id='word_1_180' title='bbox 2921 1343 3097 1386; x_wconf 88' lang='lat' dir='ltr'><strong><em>tamen</em></strong></span> <span class='ocrx_word' id='word_1_181' title='bbox 3126 1334 3239 1402; x_wconf 86' lang='lat' dir='ltr'><strong><em>ejus</em></strong></span> <span class='ocrx_word' id='word_1_182' title='bbox 3263 1337 3466 1402; x_wconf 78' lang='lat' dir='ltr'><strong><em>surget,</em></strong></span> 
     </span>
    </p>
   </div>
   <div class='ocr_carea' id='block_1_22' title="bbox 207 1411 1892 1494">
    <p class='ocr_par' dir='ltr' id='par_1_22' title="bbox 207 1411 1892 1484">
     <span class='ocr_line' id='line_1_22' title="bbox 207 1411 1892 1484; baseline 0.001 -21"><span class='ocrx_word' id='word_1_183' title='bbox 207 1411 368 1479; x_wconf 78' lang='grc' dir='ltr'><em>λέγω</em></span> <span class='ocrx_word' id='word_1_184' title='bbox 401 1413 570 1481; x_wconf 86' lang='grc' dir='ltr'><em>ὑμῖν,</em></span> <span class='ocrx_word' id='word_1_185' title='bbox 601 1416 654 1466; x_wconf 87' lang='grc' dir='ltr'><strong><em>εἰ</em></strong></span> <span class='ocrx_word' id='word_1_186' title='bbox 704 1414 802 1467; x_wconf 82' lang='grc' dir='ltr'><strong><em>καί</em></strong></span> <span class='ocrx_word' id='word_1_187' title='bbox 846 1415 944 1468; x_wconf 85' lang='grc' dir='ltr'><em>διὰ</em></span> <span class='ocrx_word' id='word_1_188' title='bbox 984 1417 1052 1468; x_wconf 87' lang='grc' dir='ltr'><em>τὸ</em></span> <span class='ocrx_word' id='word_1_189' title='bbox 1085 1413 1237 1469; x_wconf 76' lang='grc' dir='ltr'><em>εἶναι</em></span> <span class='ocrx_word' id='word_1_190' title='bbox 1273 1417 1454 1484; x_wconf 75' lang='grc' dir='ltr'><em>φίλον</em></span> <span class='ocrx_word' id='word_1_191' title='bbox 1478 1417 1665 1470; x_wconf 85' lang='grc' dir='ltr'><em>αὑτοῦ</em></span> <span class='ocrx_word' id='word_1_192' title='bbox 1704 1416 1788 1484; x_wconf 78' lang='grc' dir='ltr'><em>μὴ</em></span> <span class='ocrx_word' id='word_1_193' title='bbox 1891 1459 1892 1464; x_wconf 47' lang='grc' dir='ltr'><strong><em>η</em></strong></span> 
     </span>
    </p>
   </div>
   <div class='ocr_carea' id='block_1_23' title="bbox 1128 1411 2813 1494">
    <p class='ocr_par' dir='ltr' id='par_1_23' title="bbox 1128 1413 2813 1494">
     <span class='ocr_line' id='line_1_23' title="bbox 1128 1413 2813 1494; baseline 0.005 -25"><span class='ocrx_word' id='word_1_194' title='bbox 1128 1413 1237 1469; x_wconf 83' lang='grc' dir='ltr'><em>ίναι</em></span> <span class='ocrx_word' id='word_1_195' title='bbox 1273 1417 1454 1484; x_wconf 75' lang='grc' dir='ltr'><em>φίλον</em></span> <span class='ocrx_word' id='word_1_196' title='bbox 1478 1417 1665 1470; x_wconf 84' lang='grc' dir='ltr'><em>αὑτοῦ</em></span> <span class='ocrx_word' id='word_1_197' title='bbox 1704 1416 1788 1484; x_wconf 78' lang='grc' dir='ltr'><em>μὴ</em></span> <span class='ocrx_word' id='word_1_198' title='bbox 1891 1430 1941 1474; x_wconf 88' lang='lat' dir='ltr'><strong><em>et</em></strong></span> <span class='ocrx_word' id='word_1_199' title='bbox 1965 1422 2109 1476; x_wconf 85' lang='lat' dir='ltr'><strong><em>dabit</em></strong></span> <span class='ocrx_word' id='word_1_200' title='bbox 2135 1432 2392 1493; x_wconf 83' lang='lat' dir='ltr'><strong><em>quantum</em></strong></span> <span class='ocrx_word' id='word_1_201' title='bbox 2417 1441 2551 1494; x_wconf 80' lang='lat' dir='ltr'><strong><em>Opus</em></strong></span> <span class='ocrx_word' id='word_1_202' title='bbox 2575 1426 2726 1478; x_wconf 80' lang='lat' dir='ltr'><strong><em>habet</em></strong></span> <span class='ocrx_word' id='word_1_203' title='bbox 2747 1426 2813 1478; x_wconf 81' lang='lat'><strong><em>&quot;.</em></strong></span> 
     </span>
    </p>
   </div>
   <div class='ocr_carea' id='block_1_24' title="bbox 209 1500 1791 1572">
    <p class='ocr_par' dir='ltr' id='par_1_24' title="bbox 209 1500 1791 1572">
     <span class='ocr_line' id='line_1_24' title="bbox 209 1500 1791 1572; baseline 0.005 -19"><span class='ocrx_word' id='word_1_204' title='bbox 209 1500 389 1555; x_wconf 85' lang='grc' dir='ltr'><em>δώσει</em></span> <span class='ocrx_word' id='word_1_205' title='bbox 423 1502 603 1567; x_wconf 81' lang='grc' dir='ltr'><em>αὐτῷ,</em></span> <span class='ocrx_word' id='word_1_206' title='bbox 636 1502 735 1556; x_wconf 81' lang='grc' dir='ltr'><strong><em>διά</em></strong></span> <span class='ocrx_word' id='word_1_207' title='bbox 768 1521 834 1571; x_wconf 77' lang='grc' dir='ltr'><em>τε</em></span> <span class='ocrx_word' id='word_1_208' title='bbox 876 1504 989 1572; x_wconf 81' lang='grc' dir='ltr'><em>τὴν</em></span> <span class='ocrx_word' id='word_1_209' title='bbox 1026 1506 1337 1558; x_wconf 80' lang='grc' dir='ltr'><em>ἀναίδειαν</em></span> <span class='ocrx_word' id='word_1_210' title='bbox 1378 1506 1565 1562; x_wconf 86' lang='grc' dir='ltr'><em>αὐτοῦ</em></span> <span class='ocrx_word' id='word_1_211' title='bbox 1613 1506 1791 1561; x_wconf 85' lang='grc' dir='ltr'><em>δώσει</em></span> 
     </span>
    </p>
   </div>
   <div class='ocr_carea' id='block_1_25' title="bbox 208 1592 1149 1662">
    <p class='ocr_par' dir='ltr' id='par_1_25' title="bbox 208 1592 1149 1662">
     <span class='ocr_line' id='line_1_25' title="bbox 208 1592 1149 1662; baseline 0.004 -17"><span class='ocrx_word' id='word_1_212' title='bbox 208 1594 372 1656; x_wconf 83' lang='grc' dir='ltr'><em>αὐτῷ</em></span> <span class='ocrx_word' id='word_1_213' title='bbox 402 1594 692 1657; x_wconf 81' lang='grc' dir='ltr'><em>ἀναστὰς,</em></span> <span class='ocrx_word' id='word_1_214' title='bbox 739 1592 891 1647; x_wconf 81' lang='grc' dir='ltr'><em>ὅσον</em></span> <span class='ocrx_word' id='word_1_215' title='bbox 926 1594 1149 1662; x_wconf 78' lang='grc' dir='ltr'><strong><em>χρῄζει.</em></strong></span> 
     </span>
    </p>
   </div>
   <div class='ocr_carea' id='block_1_26' title="bbox 285 1678 1790 1762">
    <p class='ocr_par' dir='ltr' id='par_1_26' title="bbox 285 1678 1790 1762">
     <span class='ocr_line' id='line_1_26' title="bbox 285 1678 1790 1762; baseline 0.003 -28"><span class='ocrx_word' id='word_1_216' title='bbox 285 1679 410 1735; x_wconf 84' lang='grc' dir='ltr'><strong><em>ΚΖ’.</em></strong></span> <span class='ocrx_word' id='word_1_217' title='bbox 459 1683 716 1745; x_wconf 82' lang='grc' dir='ltr'><em>Ἀναιδῶς</em></span> <span class='ocrx_word' id='word_1_218' title='bbox 751 1678 985 1762; x_wconf 77' lang='grc' dir='ltr'><em>οὖνκαὶ</em></span> <span class='ocrx_word' id='word_1_219' title='bbox 1035 1684 1419 1751; x_wconf 77' lang='grc' dir='ltr'><em>ἀδιαλείπτως,</em></span> <span class='ocrx_word' id='word_1_220' title='bbox 1471 1686 1565 1740; x_wconf 68' lang='grc' dir='ltr'><em>καὶ</em></span> <span class='ocrx_word' id='word_1_221' title='bbox 1597 1687 1790 1756; x_wconf 83' lang='grc' dir='ltr'><em>ἀπερι-</em></span> 
     </span>
    </p>
   </div>
   <div class='ocr_carea' id='block_1_27' title="bbox 211 1776 1789 1848">
    <p class='ocr_par' dir='ltr' id='par_1_27' title="bbox 211 1776 1789 1848">
     <span class='ocr_line' id='line_1_27' title="bbox 211 1776 1789 1848; baseline 0 -20"><span class='ocrx_word' id='word_1_222' title='bbox 211 1776 472 1843; x_wconf 78' lang='grc' dir='ltr'><em>κακήτως</em></span> <span class='ocrx_word' id='word_1_223' title='bbox 495 1776 667 1827; x_wconf 79' lang='grc' dir='ltr'><strong><em>αἰτεῖν</em></strong></span> <span class='ocrx_word' id='word_1_224' title='bbox 699 1777 846 1844; x_wconf 81' lang='grc' dir='ltr'><em>ἡμᾶς</em></span> <span class='ocrx_word' id='word_1_225' title='bbox 899 1776 998 1845; x_wconf 78' lang='grc' dir='ltr'><strong><em>τήν</em></strong></span> <span class='ocrx_word' id='word_1_226' title='bbox 1048 1778 1176 1845; x_wconf 78' lang='grc' dir='ltr'><em>παρ’</em></span> <span class='ocrx_word' id='word_1_227' title='bbox 1219 1778 1382 1830; x_wconf 80' lang='grc' dir='ltr'><em>αὑτοῦ</em></span> <span class='ocrx_word' id='word_1_228' title='bbox 1435 1779 1531 1846; x_wconf 80' lang='grc' dir='ltr'><em>τῆς</em></span> <span class='ocrx_word' id='word_1_229' title='bbox 1570 1779 1789 1848; x_wconf 86' lang='grc' dir='ltr'><em>χάριτος</em></span> 
     </span>
    </p>
   </div>
   <div class='ocr_carea' id='block_1_28' title="bbox 209 1848 1862 1939">
    <p class='ocr_par' dir='ltr' id='par_1_28' title="bbox 209 1848 1862 1939">
     <span class='ocr_line' id='line_1_28' title="bbox 209 1848 1862 1939; baseline 0.001 -20"><span class='ocrx_word' id='word_1_230' title='bbox 209 1866 520 1934; x_wconf 73' lang='grc' dir='ltr'><strong><em>ἀντίληψιν,</em></strong></span> <span class='ocrx_word' id='word_1_231' title='bbox 560 1866 647 1918; x_wconf 72' lang='grc' dir='ltr'><em>διὰ</em></span> <span class='ocrx_word' id='word_1_232' title='bbox 708 1866 913 1919; x_wconf 86' lang='grc' dir='ltr'><em>τούτων</em></span> <span class='ocrx_word' id='word_1_233' title='bbox 970 1868 1187 1921; x_wconf 86' lang='grc' dir='ltr'><em>πάντων</em></span> <span class='ocrx_word' id='word_1_234' title='bbox 1240 1868 1634 1939; x_wconf 82' lang='grc' dir='ltr'><em>προετρέψατο.</em></span> <span class='ocrx_word' id='word_1_235' title='bbox 1688 1868 1785 1920; x_wconf 87' lang='grc' dir='ltr'><em>Διά</em></span> <span class='ocrx_word' id='word_1_236' title='bbox 1818 1848 1862 1907; x_wconf 73' lang='grc' dir='ltr'><strong>Β</strong></span> 
     </span>
    </p>
   </div>
   <div class='ocr_carea' id='block_1_29' title="bbox 208 1953 1785 2028">
    <p class='ocr_par' dir='ltr' id='par_1_29' title="bbox 208 1953 1785 2028">
     <span class='ocr_line' id='line_1_29' title="bbox 208 1953 1785 2028; baseline 0.001 -19"><span class='ocrx_word' id='word_1_237' title='bbox 208 1955 319 2025; x_wconf 87' lang='grc' dir='ltr'><strong><em>γάρ</em></strong></span> <span class='ocrx_word' id='word_1_238' title='bbox 346 1958 469 2019; x_wconf 77' lang='grc' dir='ltr'><em>τοὺς</em></span> <span class='ocrx_word' id='word_1_239' title='bbox 523 1958 879 2026; x_wconf 83' lang='grc' dir='ltr'><em>ἁμαρτωλοὺς</em></span> <span class='ocrx_word' id='word_1_240' title='bbox 921 1953 1103 2027; x_wconf 80' lang='grc' dir='ltr'><em>ἦλθεν,</em></span> <span class='ocrx_word' id='word_1_241' title='bbox 1136 1959 1223 2011; x_wconf 76' lang='grc' dir='ltr'><em>ἵνα</em></span> <span class='ocrx_word' id='word_1_242' title='bbox 1248 1958 1617 2028; x_wconf 81' lang='grc' dir='ltr'><em>ὲπιστρέψωσι</em></span> <span class='ocrx_word' id='word_1_243' title='bbox 1649 1960 1785 2028; x_wconf 81' lang='grc' dir='ltr'><em>πρὸς</em></span> 
     </span>
    </p>
   </div>
   <div class='ocr_carea' id='block_1_30' title="bbox 208 2047 1787 2120">
    <p class='ocr_par' dir='ltr' id='par_1_30' title="bbox 208 2047 1787 2120">
     <span class='ocr_line' id='line_1_30' title="bbox 208 2047 1787 2120; baseline 0.001 -19"><span class='ocrx_word' id='word_1_244' title='bbox 208 2048 398 2109; x_wconf 82' lang='grc' dir='ltr'><em>αὐτὸν,</em></span> <span class='ocrx_word' id='word_1_245' title='bbox 436 2047 531 2099; x_wconf 79' lang='grc' dir='ltr'><em>καὶ</em></span> <span class='ocrx_word' id='word_1_246' title='bbox 581 2048 797 2116; x_wconf 79' lang='grc' dir='ltr'><em>ἰάσηται</em></span> <span class='ocrx_word' id='word_1_247' title='bbox 838 2048 963 2111; x_wconf 81' lang='grc' dir='ltr'><em>τοὺς</em></span> <span class='ocrx_word' id='word_1_248' title='bbox 1012 2050 1366 2111; x_wconf 83' lang='grc' dir='ltr'><em>πιστεύοντας</em></span> <span class='ocrx_word' id='word_1_249' title='bbox 1424 2049 1590 2119; x_wconf 83' lang='grc' dir='ltr'><em>αὐτῷ·</em></span> <span class='ocrx_word' id='word_1_250' title='bbox 1630 2051 1787 2120; x_wconf 92' lang='grc' dir='ltr'><em>μόνον</em></span> 
     </span>
    </p>
   </div>
   <div class='ocr_carea' id='block_1_31' title="bbox 208 2137 1785 2212">
    <p class='ocr_par' dir='ltr' id='par_1_31' title="bbox 208 2137 1785 2212">
     <span class='ocr_line' id='line_1_31' title="bbox 208 2137 1785 2212; baseline 0.002 -22"><span class='ocrx_word' id='word_1_251' title='bbox 208 2140 373 2209; x_wconf 78' lang='grc' dir='ltr'><em>ἡμεῖς</em></span> <span class='ocrx_word' id='word_1_252' title='bbox 397 2137 505 2189; x_wconf 86' lang='grc' dir='ltr'><strong><em>τῶν</em></strong></span> <span class='ocrx_word' id='word_1_253' title='bbox 542 2138 729 2190; x_wconf 80' lang='grc' dir='ltr'><em>κακῶν</em></span> <span class='ocrx_word' id='word_1_254' title='bbox 759 2138 1083 2208; x_wconf 79' lang='grc' dir='ltr'><strong><em>προλήψεων</em></strong></span> <span class='ocrx_word' id='word_1_255' title='bbox 1108 2141 1506 2212; x_wconf 82' lang='grc' dir='ltr'><em>ἀποστήσωμεν</em></span> <span class='ocrx_word' id='word_1_256' title='bbox 1535 2142 1785 2205; x_wconf 77' lang='grc' dir='ltr'><em>ἑαυτοὺς,</em></span> 
     </span>
    </p>
   </div>
   <div class='ocr_carea' id='block_1_32' title="bbox 1965 1693 3470 1765">
    <p class='ocr_par' dir='ltr' id='par_1_32' title="bbox 1965 1693 3470 1765">
     <span class='ocr_line' id='line_1_32' title="bbox 1965 1693 3470 1765; baseline 0.003 -18"><span class='ocrx_word' id='word_1_257' title='bbox 1965 1695 2174 1748; x_wconf 78' lang='lat' dir='ltr'><strong><em>XXVII.</em></strong></span> <span class='ocrx_word' id='word_1_258' title='bbox 2226 1696 2445 1764; x_wconf 86' lang='lat' dir='ltr'><strong><em>Absque</em></strong></span> <span class='ocrx_word' id='word_1_259' title='bbox 2494 1696 2702 1764; x_wconf 89' lang='lat' dir='ltr'><strong><em>pudore</em></strong></span> <span class='ocrx_word' id='word_1_260' title='bbox 2752 1696 2943 1765; x_wconf 78' lang='lat' dir='ltr'><strong><em>igitur,</em></strong></span> <span class='ocrx_word' id='word_1_261' title='bbox 2996 1693 3371 1749; x_wconf 85' lang='lat' dir='ltr'><strong><em>indesmenter</em></strong></span> <span class='ocrx_word' id='word_1_262' title='bbox 3411 1704 3470 1751; x_wconf 91' lang='lat' dir='ltr'><strong><em>et</em></strong></span> 
     </span>
    </p>
   </div>
   <div class='ocr_carea' id='block_1_33' title="bbox 1904 1786 3469 1855">
    <p class='ocr_par' dir='ltr' id='par_1_33' title="bbox 1904 1786 3469 1855">
     <span class='ocr_line' id='line_1_33' title="bbox 1904 1786 3469 1855; baseline 0.001 -16"><span class='ocrx_word' id='word_1_263' title='bbox 1904 1786 2173 1840; x_wconf 83' lang='lat' dir='ltr'><strong><em>indefesse</em></strong></span> <span class='ocrx_word' id='word_1_264' title='bbox 2205 1794 2263 1839; x_wconf 84' lang='lat' dir='ltr'><strong><em>ut</em></strong></span> <span class='ocrx_word' id='word_1_265' title='bbox 2292 1796 2541 1853; x_wconf 85' lang='lat' dir='ltr'><strong><em>petamus</em></strong></span> <span class='ocrx_word' id='word_1_266' title='bbox 2587 1786 2655 1839; x_wconf 90' lang='lat' dir='ltr'><strong><em>ab</em></strong></span> <span class='ocrx_word' id='word_1_267' title='bbox 2698 1802 2764 1839; x_wconf 89' lang='lat' dir='ltr'><strong><em>eo</em></strong></span> <span class='ocrx_word' id='word_1_268' title='bbox 2808 1786 3013 1839; x_wconf 84' lang='lat' dir='ltr'><strong><em>donum</em></strong></span> <span class='ocrx_word' id='word_1_269' title='bbox 3063 1786 3268 1855; x_wconf 64' lang='lat' dir='ltr'><strong><em>gratiae,</em></strong></span> <span class='ocrx_word' id='word_1_270' title='bbox 3320 1786 3469 1839; x_wconf 90' lang='lat' dir='ltr'><strong><em>hisce</em></strong></span> 
     </span>
    </p>
   </div>
   <div class='ocr_carea' id='block_1_34' title="bbox 1888 1877 3469 1945">
    <p class='ocr_par' dir='ltr' id='par_1_34' title="bbox 1888 1877 3469 1945">
     <span class='ocr_line' id='line_1_34' title="bbox 1888 1877 3469 1945; baseline 0 -16"><span class='ocrx_word' id='word_1_271' title='bbox 1888 1877 2143 1930; x_wconf 90' lang='lat' dir='ltr'><strong><em>omnibus</em></strong></span> <span class='ocrx_word' id='word_1_272' title='bbox 2185 1877 2511 1930; x_wconf 80' lang='lat' dir='ltr'><strong><em>exhortatus</em></strong></span> <span class='ocrx_word' id='word_1_273' title='bbox 2546 1886 2649 1931; x_wconf 83' lang='lat' dir='ltr'><strong><em>est.</em></strong></span> <span class='ocrx_word' id='word_1_274' title='bbox 2695 1878 2924 1945; x_wconf 78' lang='lat' dir='ltr'><strong><em>Propter</em></strong></span> <span class='ocrx_word' id='word_1_275' title='bbox 2968 1887 3287 1944; x_wconf 87' lang='lat' dir='ltr'><strong><em>peccatores</em></strong></span> <span class='ocrx_word' id='word_1_276' title='bbox 3319 1877 3469 1929; x_wconf 90' lang='lat' dir='ltr'><strong><em>enim</em></strong></span> 
     </span>
    </p>
   </div>
   <div class='ocr_carea' id='block_1_35' title="bbox 1886 1965 3467 2029">
    <p class='ocr_par' dir='ltr' id='par_1_35' title="bbox 1886 1965 3467 2029">
     <span class='ocr_line' id='line_1_35' title="bbox 1886 1965 3467 2029; baseline 0.003 -14"><span class='ocrx_word' id='word_1_277' title='bbox 1886 1965 2055 2029; x_wconf 86' lang='lat' dir='ltr'><strong><em>venit,</em></strong></span> <span class='ocrx_word' id='word_1_278' title='bbox 2094 1974 2154 2018; x_wconf 90' lang='lat' dir='ltr'><strong><em>ut</em></strong></span> <span class='ocrx_word' id='word_1_279' title='bbox 2193 1974 2584 2020; x_wconf 87' lang='lat' dir='ltr'><strong><em>converterent</em></strong></span> <span class='ocrx_word' id='word_1_280' title='bbox 2618 1982 2675 2020; x_wconf 89' lang='lat' dir='ltr'><strong><em>sc</em></strong></span> <span class='ocrx_word' id='word_1_281' title='bbox 2706 1967 2772 2020; x_wconf 90' lang='lat' dir='ltr'><strong><em>ad</em></strong></span> <span class='ocrx_word' id='word_1_282' title='bbox 2800 1968 2975 2027; x_wconf 87' lang='lat' dir='ltr'><strong><em>illum,</em></strong></span> <span class='ocrx_word' id='word_1_283' title='bbox 3004 1975 3059 2020; x_wconf 87' lang='lat' dir='ltr'><strong><em>et</em></strong></span> <span class='ocrx_word' id='word_1_284' title='bbox 3093 1975 3314 2020; x_wconf 80' lang='lat' dir='ltr'><strong><em>curaret</em></strong></span> <span class='ocrx_word' id='word_1_285' title='bbox 3345 1981 3467 2019; x_wconf 82' lang='lat' dir='ltr'><strong><em>cre—</em></strong></span> 
     </span>
    </p>
   </div>
   <div class='ocr_carea' id='block_1_36' title="bbox 1886 2055 3472 2125">
    <p class='ocr_par' dir='ltr' id='par_1_36' title="bbox 1886 2055 3472 2125">
     <span class='ocr_line' id='line_1_36' title="bbox 1886 2055 3472 2125; baseline -0.001 -15"><span class='ocrx_word' id='word_1_286' title='bbox 1886 2056 2077 2111; x_wconf 88' lang='lat' dir='ltr'><strong><em>dentes</em></strong></span> <span class='ocrx_word' id='word_1_287' title='bbox 2111 2056 2232 2125; x_wconf 89' lang='lat' dir='ltr'><strong><em>ipsi.</em></strong></span> <span class='ocrx_word' id='word_1_288' title='bbox 2266 2055 2426 2110; x_wconf 84' lang='lat' dir='ltr'><strong><em>Modo</em></strong></span> <span class='ocrx_word' id='word_1_289' title='bbox 2454 2072 2557 2110; x_wconf 90' lang='lat' dir='ltr'><strong><em>nos</em></strong></span> <span class='ocrx_word' id='word_1_290' title='bbox 2589 2057 2689 2125; x_wconf 93' lang='lat' dir='ltr'><strong><em>ipsi</em></strong></span> <span class='ocrx_word' id='word_1_291' title='bbox 2726 2072 2757 2110; x_wconf 90' lang='lat' dir='ltr'><strong><em>a</em></strong></span> <span class='ocrx_word' id='word_1_292' title='bbox 2788 2058 2947 2111; x_wconf 91' lang='lat' dir='ltr'><strong><em>malis</em></strong></span> <span class='ocrx_word' id='word_1_293' title='bbox 2975 2056 3472 2125; x_wconf 61' lang='lat' dir='ltr'><strong><em>praeoccupationi-</em></strong></span> 
     </span>
    </p>
   </div>
   <div class='ocr_carea' id='block_1_37' title="bbox 1887 2147 3469 2215">
    <p class='ocr_par' dir='ltr' id='par_1_37' title="bbox 1887 2147 3469 2215">
     <span class='ocr_line' id='line_1_37' title="bbox 1887 2147 3469 2215; baseline 0 -14"><span class='ocrx_word' id='word_1_294' title='bbox 1887 2148 1991 2201; x_wconf 89' lang='lat' dir='ltr'><strong><em>bus</em></strong></span> <span class='ocrx_word' id='word_1_295' title='bbox 2036 2147 2435 2211; x_wconf 83' lang='lat' dir='ltr'><strong><em>abstineamus,</em></strong></span> <span class='ocrx_word' id='word_1_296' title='bbox 2472 2156 2738 2215; x_wconf 91' lang='lat' dir='ltr'><strong><em>quantum</em></strong></span> <span class='ocrx_word' id='word_1_297' title='bbox 2774 2147 2829 2199; x_wconf 90' lang='lat' dir='ltr'><strong><em>in</em></strong></span> <span class='ocrx_word' id='word_1_298' title='bbox 2869 2148 3080 2201; x_wconf 82' lang='lat' dir='ltr'><strong><em>viribus</em></strong></span> <span class='ocrx_word' id='word_1_299' title='bbox 3114 2149 3319 2201; x_wconf 87' lang='lat' dir='ltr'><strong><em>nostris</em></strong></span> <span class='ocrx_word' id='word_1_300' title='bbox 3362 2160 3469 2210; x_wconf 84' lang='lat' dir='ltr'><strong><em>est,</em></strong></span> 
     </span>
    </p>
   </div>
   <div class='ocr_carea' id='block_1_38' title="bbox 207 2230 1892 2306">
    <p class='ocr_par' dir='ltr' id='par_1_38' title="bbox 207 2230 1892 2304">
     <span class='ocr_line' id='line_1_38' title="bbox 207 2230 1892 2304; baseline 0.002 -21"><span class='ocrx_word' id='word_1_301' title='bbox 207 2233 335 2283; x_wconf 80' lang='grc' dir='ltr'><em>ὅσον</em></span> <span class='ocrx_word' id='word_1_302' title='bbox 370 2230 431 2283; x_wconf 84' lang='grc' dir='ltr'><em>τὺ</em></span> <span class='ocrx_word' id='word_1_303' title='bbox 470 2232 527 2281; x_wconf 81' lang='grc' dir='ltr'><em>ὲν</em></span> <span class='ocrx_word' id='word_1_304' title='bbox 561 2232 697 2299; x_wconf 66' lang='grc' dir='ltr'><em>ἡμῖν</em></span> <span class='ocrx_word' id='word_1_305' title='bbox 739 2230 982 2295; x_wconf 75' lang='grc' dir='ltr'><em>δυνατὸν,</em></span> <span class='ocrx_word' id='word_1_306' title='bbox 1027 2233 1122 2285; x_wconf 71' lang='grc' dir='ltr'><strong><em>καί⁵</em></strong></span> <span class='ocrx_word' id='word_1_307' title='bbox 1155 2234 1477 2304; x_wconf 78' lang='grc' dir='ltr'><em>μισήσωμεν</em></span> <span class='ocrx_word' id='word_1_308' title='bbox 1512 2235 1581 2287; x_wconf 88' lang='grc' dir='ltr'><strong><em>τά</em></strong></span> <span class='ocrx_word' id='word_1_309' title='bbox 1609 2233 1788 2302; x_wconf 87' lang='grc' dir='ltr'><em>φαῦλα</em></span> <span class='ocrx_word' id='word_1_310' title='bbox 1887 2259 1892 2287; x_wconf 77' lang='grc' dir='ltr'><strong><em>ι</em></strong></span> 
     </span>
    </p>
   </div>
   <div class='ocr_carea' id='block_1_39' title="bbox 1785 2230 3470 2306">
    <p class='ocr_par' dir='ltr' id='par_1_39' title="bbox 1785 2237 3470 2306">
     <span class='ocr_line' id='line_1_39' title="bbox 1785 2237 3470 2306; baseline -0.001 -14"><span class='ocrx_word' id='word_1_311' title='bbox 1785 2273 1788 2283; x_wconf 75' lang='grc' dir='ltr'><strong><em>ι</em></strong></span> <span class='ocrx_word' id='word_1_312' title='bbox 1887 2246 1943 2292; x_wconf 89' lang='lat' dir='ltr'><strong><em>et</em></strong></span> <span class='ocrx_word' id='word_1_313' title='bbox 1967 2237 2095 2291; x_wconf 92' lang='lat' dir='ltr'><strong><em>odio</em></strong></span> <span class='ocrx_word' id='word_1_314' title='bbox 2130 2252 2526 2306; x_wconf 86' lang='lat' dir='ltr'><strong><em>prosequamur</em></strong></span> <span class='ocrx_word' id='word_1_315' title='bbox 2547 2253 2711 2305; x_wconf 84' lang='lat' dir='ltr'><strong><em>opera</em></strong></span> <span class='ocrx_word' id='word_1_316' title='bbox 2736 2238 2897 2302; x_wconf 92' lang='lat' dir='ltr'><strong><em>mala,</em></strong></span> <span class='ocrx_word' id='word_1_317' title='bbox 2924 2246 2981 2291; x_wconf 88' lang='lat' dir='ltr'><strong><em>et</em></strong></span> <span class='ocrx_word' id='word_1_318' title='bbox 3006 2238 3192 2290; x_wconf 92' lang='lat' dir='ltr'><strong><em>mundi</em></strong></span> <span class='ocrx_word' id='word_1_319' title='bbox 3216 2238 3470 2291; x_wconf 82' lang='lat' dir='ltr'><strong><em>technam</em></strong></span> 
     </span>
    </p>
   </div>
   <div class='ocr_carea' id='block_1_40' title="bbox 209 2320 1894 2399">
    <p class='ocr_par' dir='ltr' id='par_1_40' title="bbox 209 2320 1894 2393">
     <span class='ocr_line' id='line_1_40' title="bbox 209 2320 1894 2393; baseline 0.005 -19"><span class='ocrx_word' id='word_1_320' title='bbox 209 2320 649 2390; x_wconf 74' lang='grc' dir='ltr'><em>ἐπιτηδεύματα,</em></span> <span class='ocrx_word' id='word_1_321' title='bbox 681 2323 775 2374; x_wconf 77' lang='grc' dir='ltr'><em>καὶ</em></span> <span class='ocrx_word' id='word_1_322' title='bbox 795 2322 894 2387; x_wconf 85' lang='grc' dir='ltr'><em>τὰς</em></span> <span class='ocrx_word' id='word_1_323' title='bbox 911 2322 1007 2376; x_wconf 88' lang='grc' dir='ltr'><strong><em>τοῦ</em></strong></span> <span class='ocrx_word' id='word_1_324' title='bbox 1038 2322 1244 2393; x_wconf 83' lang='grc' dir='ltr'><strong><em>κόσμου</em></strong></span> <span class='ocrx_word' id='word_1_325' title='bbox 1274 2324 1505 2389; x_wconf 88' lang='grc' dir='ltr'><em>ἀπάτας,</em></span> <span class='ocrx_word' id='word_1_326' title='bbox 1546 2324 1790 2389; x_wconf 79' lang='grc' dir='ltr'><em>καὶτοὺς</em></span> <span class='ocrx_word' id='word_1_327' title='bbox 1888 2348 1894 2384; x_wconf 83' lang='lat'><strong>:</strong></span> 
     </span>
    </p>
   </div>
   <div class='ocr_carea' id='block_1_41' title="bbox 1783 2320 3468 2399">
    <p class='ocr_par' dir='ltr' id='par_1_41' title="bbox 1783 2329 3468 2399">
     <span class='ocr_line' id='line_1_41' title="bbox 1783 2329 3468 2399; baseline -0.004 -12"><span class='ocrx_word' id='word_1_328' title='bbox 1783 2342 1790 2387; x_wconf 84' lang='lat'><strong><em>:</em></strong></span> <span class='ocrx_word' id='word_1_329' title='bbox 1888 2340 2053 2399; x_wconf 90' lang='lat' dir='ltr'><strong><em>atque</em></strong></span> <span class='ocrx_word' id='word_1_330' title='bbox 2097 2329 2376 2397; x_wconf 84' lang='lat' dir='ltr'><strong><em>improbos</em></strong></span> <span class='ocrx_word' id='word_1_331' title='bbox 2409 2344 2472 2382; x_wconf 92' lang='lat' dir='ltr'><strong><em>ac</em></strong></span> <span class='ocrx_word' id='word_1_332' title='bbox 2495 2344 2665 2382; x_wconf 84' lang='lat' dir='ltr'><strong><em>vanos</em></strong></span> <span class='ocrx_word' id='word_1_333' title='bbox 2716 2343 3001 2383; x_wconf 89' lang='lat' dir='ltr'><strong><em>sermones</em></strong></span> <span class='ocrx_word' id='word_1_334' title='bbox 3034 2329 3468 2393; x_wconf 89' lang='lat' dir='ltr'><strong><em>abhorreamus,</em></strong></span> 
     </span>
    </p>
   </div>
   <div class='ocr_carea' id='block_1_42' title="bbox 211 2411 1788 2483">
    <p class='ocr_par' dir='ltr' id='par_1_42' title="bbox 211 2411 1788 2483">
     <span class='ocr_line' id='line_1_42' title="bbox 211 2411 1788 2483; baseline 0.003 -20"><span class='ocrx_word' id='word_1_335' title='bbox 211 2412 487 2480; x_wconf 82' lang='grc' dir='ltr'><em>πονηροὺς</em></span> <span class='ocrx_word' id='word_1_336' title='bbox 535 2412 631 2463; x_wconf 78' lang='grc' dir='ltr'><em>καὶ</em></span> <span class='ocrx_word' id='word_1_337' title='bbox 686 2412 948 2479; x_wconf 73' lang='grc' dir='ltr'><em>ματαίους</em></span> <span class='ocrx_word' id='word_1_338' title='bbox 995 2411 1290 2481; x_wconf 83' lang='grc' dir='ltr'><em>λογισμοὺς</em></span> <span class='ocrx_word' id='word_1_339' title='bbox 1330 2414 1788 2483; x_wconf 68' lang='grc' dir='ltr'><em>ἀποστραφιῖψεν,</em></span> 
     </span>
    </p>
   </div>
   <div class='ocr_carea' id='block_1_43' title="bbox 213 2501 1792 2577">
    <p class='ocr_par' dir='ltr' id='par_1_43' title="bbox 213 2501 1792 2577">
     <span class='ocr_line' id='line_1_43' title="bbox 213 2501 1792 2577; baseline 0.002 -24"><span class='ocrx_word' id='word_1_340' title='bbox 213 2501 307 2554; x_wconf 77' lang='grc' dir='ltr'><em>καὶ</em></span> <span class='ocrx_word' id='word_1_341' title='bbox 344 2502 577 2555; x_wconf 88' lang='grc' dir='ltr'><em>πάντοτε</em></span> <span class='ocrx_word' id='word_1_342' title='bbox 632 2502 769 2573; x_wconf 87' lang='grc' dir='ltr'><em>πρὸς</em></span> <span class='ocrx_word' id='word_1_343' title='bbox 826 2503 988 2557; x_wconf 78' lang='grc' dir='ltr'><em>αὑτὸν</em></span> <span class='ocrx_word' id='word_1_344' title='bbox 1036 2503 1134 2574; x_wconf 83' lang='grc' dir='ltr'><em>ὅση</em></span> <span class='ocrx_word' id='word_1_345' title='bbox 1184 2503 1413 2573; x_wconf 85' lang='grc' dir='ltr'><em>δύναμις</em></span> <span class='ocrx_word' id='word_1_346' title='bbox 1451 2506 1792 2577; x_wconf 76' lang='grc' dir='ltr'><em>προσκολλη-</em></span> 
     </span>
    </p>
   </div>
   <div class='ocr_carea' id='block_1_44' title="bbox 212 2590 1791 2666">
    <p class='ocr_par' dir='ltr' id='par_1_44' title="bbox 212 2590 1791 2666">
     <span class='ocr_line' id='line_1_44' title="bbox 212 2590 1791 2666; baseline 0.003 -23"><span class='ocrx_word' id='word_1_347' title='bbox 212 2591 420 2659; x_wconf 81' lang='grc' dir='ltr'><em>θῶμεν’</em></span> <span class='ocrx_word' id='word_1_348' title='bbox 472 2591 567 2644; x_wconf 74' lang='grc' dir='ltr'><em>καὶ</em></span> <span class='ocrx_word' id='word_1_349' title='bbox 605 2591 767 2653; x_wconf 75' lang='grc' dir='ltr'><em>αὐτὸς</em></span> <span class='ocrx_word' id='word_1_350' title='bbox 794 2590 1010 2661; x_wconf 74' lang='grc' dir='ltr'><em>ἕτοιμος</em></span> <span class='ocrx_word' id='word_1_351' title='bbox 1041 2594 1215 2646; x_wconf 84' lang='grc' dir='ltr'><em>ποιεῖν</em></span> <span class='ocrx_word' id='word_1_352' title='bbox 1241 2595 1372 2664; x_wconf 79' lang='grc' dir='ltr'><em>ἡμῖν</em></span> <span class='ocrx_word' id='word_1_353' title='bbox 1400 2594 1499 2665; x_wconf 84' lang='grc' dir='ltr'><strong><em>τήν</em></strong></span> <span class='ocrx_word' id='word_1_354' title='bbox 1536 2597 1665 2666; x_wconf 84' lang='grc' dir='ltr'><em>παρ’</em></span> <span class='ocrx_word' id='word_1_355' title='bbox 1691 2596 1791 2647; x_wconf 82' lang='grc' dir='ltr'><strong><em>αὑ-</em></strong></span> 
     </span>
    </p>
   </div>
   <div class='ocr_carea' id='block_1_45' title="bbox 212 2680 1795 2754">
    <p class='ocr_par' dir='ltr' id='par_1_45' title="bbox 212 2680 1795 2754">
     <span class='ocr_line' id='line_1_45' title="bbox 212 2680 1795 2754; baseline 0.004 -21"><span class='ocrx_word' id='word_1_356' title='bbox 212 2680 309 2733; x_wconf 86' lang='grc' dir='ltr'><strong><em>τοῦ</em></strong></span> <span class='ocrx_word' id='word_1_357' title='bbox 348 2682 622 2751; x_wconf 83' lang='grc' dir='ltr'><em>βοήθειαν.</em></span> <span class='ocrx_word' id='word_1_358' title='bbox 678 2682 772 2745; x_wconf 86' lang='grc' dir='ltr'><em>Εἰς</em></span> <span class='ocrx_word' id='word_1_359' title='bbox 806 2681 964 2736; x_wconf 87' lang='grc' dir='ltr'><em>τοῦτο</em></span> <span class='ocrx_word' id='word_1_360' title='bbox 1004 2685 1113 2754; x_wconf 86' lang='grc' dir='ltr'><strong><em>γάρ</em></strong></span> <span class='ocrx_word' id='word_1_361' title='bbox 1143 2685 1288 2737; x_wconf 75' lang='grc' dir='ltr'><em>ἐστιν</em></span> <span class='ocrx_word' id='word_1_362' title='bbox 1316 2685 1503 2749; x_wconf 79' lang='grc' dir='ltr'><em>ἐλεῶν,</em></span> <span class='ocrx_word' id='word_1_363' title='bbox 1544 2687 1637 2739; x_wconf 75' lang='grc' dir='ltr'><em>καὶ</em></span> <span class='ocrx_word' id='word_1_364' title='bbox 1664 2687 1795 2750; x_wconf 65' lang='grc' dir='ltr'><em>ζωο-</em></span> 
     </span>
    </p>
   </div>
   <div class='ocr_carea' id='block_1_46' title="bbox 214 2772 1795 2848">
    <p class='ocr_par' dir='ltr' id='par_1_46' title="bbox 214 2772 1795 2848">
     <span class='ocr_line' id='line_1_46' title="bbox 214 2772 1795 2848; baseline 0.005 -25"><span class='ocrx_word' id='word_1_365' title='bbox 214 2772 412 2834; x_wconf 82' lang='grc' dir='ltr'><em>ποιῶν,</em></span> <span class='ocrx_word' id='word_1_366' title='bbox 453 2774 547 2824; x_wconf 75' lang='grc' dir='ltr'><em>καὶ</em></span> <span class='ocrx_word' id='word_1_367' title='bbox 581 2772 808 2841; x_wconf 86' lang='grc' dir='ltr'><em>ἰώμενος</em></span> <span class='ocrx_word' id='word_1_368' title='bbox 838 2774 906 2825; x_wconf 79' lang='grc' dir='ltr'><em>τὰ</em></span> <span class='ocrx_word' id='word_1_369' title='bbox 937 2774 1133 2828; x_wconf 79' lang='grc' dir='ltr'><em>ἀνίατα</em></span> <span class='ocrx_word' id='word_1_370' title='bbox 1182 2775 1350 2845; x_wconf 89' lang='grc' dir='ltr'><em>πάθη,</em></span> <span class='ocrx_word' id='word_1_371' title='bbox 1396 2778 1490 2829; x_wconf 79' lang='grc' dir='ltr'><em>καὶ</em></span> <span class='ocrx_word' id='word_1_372' title='bbox 1525 2776 1795 2848; x_wconf 85' lang='grc' dir='ltr'><strong><em>λύτρωσιν</em></strong></span> 
     </span>
    </p>
   </div>
   <div class='ocr_carea' id='block_1_47' title="bbox 215 2864 1796 2935">
    <p class='ocr_par' dir='ltr' id='par_1_47' title="bbox 215 2864 1796 2935">
     <span class='ocr_line' id='line_1_47' title="bbox 215 2864 1796 2935; baseline 0.004 -20"><span class='ocrx_word' id='word_1_373' title='bbox 215 2864 391 2916; x_wconf 84' lang='grc' dir='ltr'><em>ποιῶν</em></span> <span class='ocrx_word' id='word_1_374' title='bbox 445 2867 557 2926; x_wconf 82' lang='grc' dir='ltr'><em>τοῖς</em></span> <span class='ocrx_word' id='word_1_375' title='bbox 603 2865 1055 2935; x_wconf 74' lang='grc' dir='ltr'><em>ἐπικαλουμένοις</em></span> <span class='ocrx_word' id='word_1_376' title='bbox 1107 2867 1268 2919; x_wconf 78' lang='grc' dir='ltr'><em>αὑτὸν</em></span> <span class='ocrx_word' id='word_1_377' title='bbox 1325 2869 1419 2921; x_wconf 78' lang='grc' dir='ltr'><em>καὶ</em></span> <span class='ocrx_word' id='word_1_378' title='bbox 1465 2869 1601 2935; x_wconf 83' lang='grc' dir='ltr'><em>πρὸς</em></span> <span class='ocrx_word' id='word_1_379' title='bbox 1635 2870 1796 2921; x_wconf 78' lang='grc' dir='ltr'><em>αὑτὸν</em></span> 
     </span>
    </p>
   </div>
   <div class='ocr_carea' id='block_1_48' title="bbox 217 2955 1795 3029">
    <p class='ocr_par' dir='ltr' id='par_1_48' title="bbox 217 2955 1795 3029">
     <span class='ocr_line' id='line_1_48' title="bbox 217 2955 1795 3029; baseline 0.004 -23"><span class='ocrx_word' id='word_1_380' title='bbox 217 2955 633 3024; x_wconf 70' lang='grc' dir='ltr'><em>ἐπιστρέφουσι,</em></span> <span class='ocrx_word' id='word_1_381' title='bbox 670 2956 849 3025; x_wconf 82' lang='grc' dir='ltr'><em>πάσης</em></span> <span class='ocrx_word' id='word_1_382' title='bbox 876 2958 1147 3027; x_wconf 80' lang='grc' dir='ltr'><em>κοσμικῆς</em></span> <span class='ocrx_word' id='word_1_383' title='bbox 1188 2959 1408 3027; x_wconf 82' lang='grc' dir='ltr'><strong><em>ἀγάπης</em></strong></span> <span class='ocrx_word' id='word_1_384' title='bbox 1439 2959 1537 3028; x_wconf 83' lang='grc' dir='ltr'><em>ὅση</em></span> <span class='ocrx_word' id='word_1_385' title='bbox 1565 2959 1795 3029; x_wconf 88' lang='grc' dir='ltr'><em>δύναμις</em></span> 
     </span>
    </p>
   </div>
   <div class='ocr_carea' id='block_1_49' title="bbox 217 3044 1798 3119">
    <p class='ocr_par' dir='ltr' id='par_1_49' title="bbox 217 3044 1798 3119">
     <span class='ocr_line' id='line_1_49' title="bbox 217 3044 1798 3119; baseline 0.003 -21"><span class='ocrx_word' id='word_1_386' title='bbox 217 3048 283 3098; x_wconf 78' lang='grc' dir='ltr'><em>ὲκ</em></span> <span class='ocrx_word' id='word_1_387' title='bbox 318 3044 627 3115; x_wconf 85' lang='grc' dir='ltr'><em>θελήματος</em></span> <span class='ocrx_word' id='word_1_388' title='bbox 656 3048 753 3101; x_wconf 71' lang='grc' dir='ltr'><em>καὶ</em></span> <span class='ocrx_word' id='word_1_389' title='bbox 780 3047 1150 3119; x_wconf 81' lang='grc' dir='ltr'><em>προαιρέσεως</em></span> <span class='ocrx_word' id='word_1_390' title='bbox 1186 3050 1549 3119; x_wconf 82' lang='grc' dir='ltr'><em>ἀναχωροῦσι,</em></span> <span class='ocrx_word' id='word_1_391' title='bbox 1580 3052 1673 3103; x_wconf 75' lang='grc' dir='ltr'><em>καὶ</em></span> <span class='ocrx_word' id='word_1_392' title='bbox 1697 3051 1798 3119; x_wconf 87' lang='grc' dir='ltr'><em>τὴν</em></span> 
     </span>
    </p>
   </div>
   <div class='ocr_carea' id='block_1_50' title="bbox 216 3137 1798 3212">
    <p class='ocr_par' dir='ltr' id='par_1_50' title="bbox 216 3137 1798 3212">
     <span class='ocr_line' id='line_1_50' title="bbox 216 3137 1798 3212; baseline 0.001 -22"><span class='ocrx_word' id='word_1_393' title='bbox 216 3137 460 3191; x_wconf 87' lang='grc' dir='ltr'><em>διάνοιαν</em></span> <span class='ocrx_word' id='word_1_394' title='bbox 490 3138 597 3190; x_wconf 82' lang='grc' dir='ltr'><em>ἀπὸ</em></span> <span class='ocrx_word' id='word_1_395' title='bbox 625 3138 726 3208; x_wconf 86' lang='grc' dir='ltr'><em>γῆς</em></span> <span class='ocrx_word' id='word_1_396' title='bbox 757 3139 999 3203; x_wconf 76' lang='grc' dir='ltr'><em>ἕλκουσι,</em></span> <span class='ocrx_word' id='word_1_397' title='bbox 1038 3140 1133 3192; x_wconf 77' lang='grc' dir='ltr'><em>καὶ</em></span> <span class='ocrx_word' id='word_1_398' title='bbox 1159 3140 1293 3209; x_wconf 80' lang='grc' dir='ltr'><em>πρὸς</em></span> <span class='ocrx_word' id='word_1_399' title='bbox 1321 3140 1483 3193; x_wconf 82' lang='grc' dir='ltr'><em>αὑτὸν</em></span> <span class='ocrx_word' id='word_1_400' title='bbox 1512 3144 1576 3210; x_wconf 82' lang='grc' dir='ltr'><em>τῇ</em></span> <span class='ocrx_word' id='word_1_401' title='bbox 1600 3139 1798 3212; x_wconf 77' lang='grc' dir='ltr'><em>ἐπιζη-</em></span> 
     </span>
    </p>
   </div>
   <div class='ocr_carea' id='block_1_51' title="bbox 215 3229 1794 3303">
    <p class='ocr_par' dir='ltr' id='par_1_51' title="bbox 215 3229 1794 3303">
     <span class='ocr_line' id='line_1_51' title="bbox 215 3229 1794 3303; baseline 0.001 -22"><span class='ocrx_word' id='word_1_402' title='bbox 215 3230 377 3298; x_wconf 82' lang='grc' dir='ltr'><em>τήσει</em></span> <span class='ocrx_word' id='word_1_403' title='bbox 428 3230 522 3281; x_wconf 74' lang='grc' dir='ltr'><em>καὶ</em></span> <span class='ocrx_word' id='word_1_404' title='bbox 562 3229 886 3299; x_wconf 79' lang='grc' dir='ltr'><em>ὲπιποθήσει</em></span> <span class='ocrx_word' id='word_1_405' title='bbox 938 3230 1437 3302; x_wconf 85' lang='grc' dir='ltr'><em>ἀποκρεμαμένοις·</em></span> <span class='ocrx_word' id='word_1_406' title='bbox 1494 3234 1526 3301; x_wconf 87' lang='grc' dir='ltr'><strong><em>ή</em></strong></span> <span class='ocrx_word' id='word_1_407' title='bbox 1572 3232 1794 3303; x_wconf 81' lang='grc' dir='ltr'><em>τοιαύτη</em></span> 
     </span>
    </p>
   </div>
   <div class='ocr_carea' id='block_1_52' title="bbox 217 3318 1795 3390">
    <p class='ocr_par' dir='ltr' id='par_1_52' title="bbox 217 3318 1795 3390">
     <span class='ocr_line' id='line_1_52' title="bbox 217 3318 1795 3390; baseline 0.003 -20"><span class='ocrx_word' id='word_1_408' title='bbox 217 3319 373 3388; x_wconf 79' lang='grc' dir='ltr'><strong><em>ψυχὴ</em></strong></span> <span class='ocrx_word' id='word_1_409' title='bbox 422 3319 521 3386; x_wconf 79' lang='grc' dir='ltr'><em>τῆς</em></span> <span class='ocrx_word' id='word_1_410' title='bbox 560 3319 688 3390; x_wconf 88' lang='grc' dir='ltr'><em>παρ’</em></span> <span class='ocrx_word' id='word_1_411' title='bbox 718 3318 883 3374; x_wconf 85' lang='grc' dir='ltr'><em>αὐτοῦ</em></span> <span class='ocrx_word' id='word_1_412' title='bbox 938 3319 1188 3388; x_wconf 80' lang='grc' dir='ltr'><em>βοηθείας</em></span> <span class='ocrx_word' id='word_1_413' title='bbox 1223 3320 1469 3385; x_wconf 83' lang='grc' dir='ltr'><em>ἀξιοῦται</em></span> <span class='ocrx_word' id='word_1_414' title='bbox 1496 3360 1511 3385; x_wconf 94' lang='grc'><strong><em>,</em></strong></span> <span class='ocrx_word' id='word_1_415' title='bbox 1548 3324 1580 3390; x_wconf 91' lang='grc' dir='ltr'><strong><em>ή</em></strong></span> <span class='ocrx_word' id='word_1_416' title='bbox 1618 3322 1795 3375; x_wconf 86' lang='grc' dir='ltr'><em>πάντα</em></span> 
     </span>
    </p>
   </div>
   <div class='ocr_carea' id='block_1_53' title="bbox 223 3411 1801 3483">
    <p class='ocr_par' dir='ltr' id='par_1_53' title="bbox 223 3411 1801 3483">
     <span class='ocr_line' id='line_1_53' title="bbox 223 3411 1801 3483; baseline 0.002 -20"><span class='ocrx_word' id='word_1_417' title='bbox 223 3411 466 3479; x_wconf 79' lang='grc' dir='ltr'><em>περισσὰ</em></span> <span class='ocrx_word' id='word_1_418' title='bbox 498 3412 797 3481; x_wconf 79' lang='grc' dir='ltr'><em>ἡγουμένη,</em></span> <span class='ocrx_word' id='word_1_419' title='bbox 839 3412 932 3463; x_wconf 74' lang='grc' dir='ltr'><em>καὶ</em></span> <span class='ocrx_word' id='word_1_420' title='bbox 965 3413 1056 3463; x_wconf 77' lang='grc' dir='ltr'><strong><em>ἐπὶ</em></strong></span> <span class='ocrx_word' id='word_1_421' title='bbox 1086 3412 1275 3481; x_wconf 78' lang='grc' dir='ltr'><em>μηδενὶ</em></span> <span class='ocrx_word' id='word_1_422' title='bbox 1305 3412 1401 3465; x_wconf 83' lang='grc' dir='ltr'><strong><em>τοῦ</em></strong></span> <span class='ocrx_word' id='word_1_423' title='bbox 1434 3413 1641 3483; x_wconf 87' lang='grc' dir='ltr'><em>κόσμου</em></span> <span class='ocrx_word' id='word_1_424' title='bbox 1673 3416 1801 3467; x_wconf 89' lang='grc' dir='ltr'><em>ἀνα-</em></span> 
     </span>
    </p>
   </div>
   <div class='ocr_carea' id='block_1_54' title="bbox 217 3503 1803 3576">
    <p class='ocr_par' dir='ltr' id='par_1_54' title="bbox 217 3503 1803 3576">
     <span class='ocr_line' id='line_1_54' title="bbox 217 3503 1803 3576; baseline -0.001 -20"><span class='ocrx_word' id='word_1_425' title='bbox 217 3504 531 3571; x_wconf 82' lang='grc' dir='ltr'><em>παυομένη·</em></span> <span class='ocrx_word' id='word_1_426' title='bbox 584 3503 697 3555; x_wconf 79' lang='grc' dir='ltr'><em>ἀλλ’</em></span> <span class='ocrx_word' id='word_1_427' title='bbox 747 3506 825 3566; x_wconf 82' lang='grc' dir='ltr'><strong><em>εἰς</em></strong></span> <span class='ocrx_word' id='word_1_428' title='bbox 867 3503 963 3573; x_wconf 83' lang='grc' dir='ltr'><em>τὴν</em></span> <span class='ocrx_word' id='word_1_429' title='bbox 992 3504 1157 3556; x_wconf 85' lang='grc' dir='ltr'><em>αὑτοῦ</em></span> <span class='ocrx_word' id='word_1_430' title='bbox 1199 3504 1507 3557; x_wconf 79' lang='grc' dir='ltr'><em>ἀνάπαυσιν</em></span> <span class='ocrx_word' id='word_1_431' title='bbox 1535 3506 1635 3575; x_wconf 83' lang='grc' dir='ltr'><em>τῆς</em></span> <span class='ocrx_word' id='word_1_432' title='bbox 1669 3524 1803 3576; x_wconf 87' lang='grc' dir='ltr'><em>χρη-</em></span> 
     </span>
    </p>
   </div>
   <div class='ocr_carea' id='block_1_55' title="bbox 222 3597 1800 3668">
    <p class='ocr_par' dir='ltr' id='par_1_55' title="bbox 222 3597 1800 3668">
     <span class='ocr_line' id='line_1_55' title="bbox 222 3597 1800 3668; baseline 0.003 -21"><span class='ocrx_word' id='word_1_433' title='bbox 222 3598 480 3665; x_wconf 84' lang='grc' dir='ltr'><em>στότητος</em></span> <span class='ocrx_word' id='word_1_434' title='bbox 534 3597 841 3665; x_wconf 78' lang='grc' dir='ltr'><em>ἀναπαῆναι</em></span> <span class='ocrx_word' id='word_1_435' title='bbox 895 3597 988 3650; x_wconf 76' lang='grc' dir='ltr'><em>καὶ</em></span> <span class='ocrx_word' id='word_1_436' title='bbox 1039 3598 1407 3667; x_wconf 81' lang='grc' dir='ltr'><em>εὐφρανθῆναι</em></span> <span class='ocrx_word' id='word_1_437' title='bbox 1447 3597 1800 3668; x_wconf 82' lang='grc' dir='ltr'><em>ὲκδεχομένη’</em></span> 
     </span>
    </p>
   </div>
   <div class='ocr_carea' id='block_1_56' title="bbox 222 3687 1805 3758">
    <p class='ocr_par' dir='ltr' id='par_1_56' title="bbox 222 3687 1805 3758">
     <span class='ocr_line' id='line_1_56' title="bbox 222 3687 1805 3758; baseline 0 -17"><span class='ocrx_word' id='word_1_438' title='bbox 222 3688 322 3741; x_wconf 78' lang='grc' dir='ltr'><em>καὶ</em></span> <span class='ocrx_word' id='word_1_439' title='bbox 347 3687 519 3749; x_wconf 81' lang='grc' dir='ltr'><em>οὕτως</em></span> <span class='ocrx_word' id='word_1_440' title='bbox 552 3689 638 3741; x_wconf 77' lang='grc' dir='ltr'><em>διὰ</em></span> <span class='ocrx_word' id='word_1_441' title='bbox 682 3691 781 3758; x_wconf 84' lang='grc' dir='ltr'><em>τῆς</em></span> <span class='ocrx_word' id='word_1_442' title='bbox 802 3689 1057 3758; x_wconf 87' lang='grc' dir='ltr'><em>τοιαύτης</em></span> <span class='ocrx_word' id='word_1_443' title='bbox 1089 3690 1323 3751; x_wconf 86' lang='grc' dir='ltr'><em>πίστεως</em></span> <span class='ocrx_word' id='word_1_444' title='bbox 1351 3689 1685 3758; x_wconf 81' lang='grc' dir='ltr'><em>ἐπιτυχοῦσα</em></span> <span class='ocrx_word' id='word_1_445' title='bbox 1707 3691 1805 3758; x_wconf 85' lang='grc' dir='ltr'><em>τῆς</em></span> 
     </span>
    </p>
   </div>
   <div class='ocr_carea' id='block_1_57' title="bbox 225 3779 1803 3851">
    <p class='ocr_par' dir='ltr' id='par_1_57' title="bbox 225 3779 1803 3851">
     <span class='ocr_line' id='line_1_57' title="bbox 225 3779 1803 3851; baseline 0.003 -22"><span class='ocrx_word' id='word_1_446' title='bbox 225 3779 554 3849; x_wconf 79' lang='grc' dir='ltr'><em>ἐπουρανίου</em></span> <span class='ocrx_word' id='word_1_447' title='bbox 592 3780 822 3849; x_wconf 81' lang='grc' dir='ltr'><em>δωρεᾶς,</em></span> <span class='ocrx_word' id='word_1_448' title='bbox 880 3781 972 3833; x_wconf 73' lang='grc' dir='ltr'><em>καὶ</em></span> <span class='ocrx_word' id='word_1_449' title='bbox 1013 3783 1111 3850; x_wconf 84' lang='grc' dir='ltr'><em>τὴν</em></span> <span class='ocrx_word' id='word_1_450' title='bbox 1170 3780 1466 3850; x_wconf 73' lang='grc' dir='ltr'><em>ἐπιθυμίαν</em></span> <span class='ocrx_word' id='word_1_451' title='bbox 1514 3782 1684 3851; x_wconf 78' lang='grc' dir='ltr'><em>αὐτῆς</em></span> <span class='ocrx_word' id='word_1_452' title='bbox 1744 3782 1803 3833; x_wconf 85' lang='grc' dir='ltr'><em>ὲν</em></span> 
     </span>
    </p>
   </div>
   <div class='ocr_carea' id='block_1_58' title="bbox 226 3866 1803 3938">
    <p class='ocr_par' dir='ltr' id='par_1_58' title="bbox 226 3866 1803 3938">
     <span class='ocr_line' id='line_1_58' title="bbox 226 3866 1803 3938; baseline 0.002 -20"><span class='ocrx_word' id='word_1_453' title='bbox 226 3866 579 3936; x_wconf 77' lang='grc' dir='ltr'><em>πληροφορίᾳ</em></span> <span class='ocrx_word' id='word_1_454' title='bbox 610 3867 698 3920; x_wconf 77' lang='grc' dir='ltr'><em>διὰ</em></span> <span class='ocrx_word' id='word_1_455' title='bbox 760 3868 860 3936; x_wconf 82' lang='grc' dir='ltr'><em>τῆς</em></span> <span class='ocrx_word' id='word_1_456' title='bbox 899 3870 1119 3938; x_wconf 86' lang='grc' dir='ltr'><em>χάριτος</em></span> <span class='ocrx_word' id='word_1_457' title='bbox 1152 3869 1537 3935; x_wconf 84' lang='grc' dir='ltr'><em>ἀναπαύσασα,</em></span> <span class='ocrx_word' id='word_1_458' title='bbox 1572 3871 1666 3922; x_wconf 77' lang='grc' dir='ltr'><em>καὶ</em></span> <span class='ocrx_word' id='word_1_459' title='bbox 1696 3870 1803 3921; x_wconf 87' lang='grc' dir='ltr'><em>λοι-</em></span> 
     </span>
    </p>
   </div>
   <div class='ocr_carea' id='block_1_59' title="bbox 224 3954 1808 4029">
    <p class='ocr_par' dir='ltr' id='par_1_59' title="bbox 224 3954 1808 4029">
     <span class='ocr_line' id='line_1_59' title="bbox 224 3954 1808 4029; baseline 0.003 -23"><span class='ocrx_word' id='word_1_460' title='bbox 224 3957 328 4007; x_wconf 82' lang='grc' dir='ltr'><em>πὺν</em></span> <span class='ocrx_word' id='word_1_461' title='bbox 362 3954 666 4023; x_wconf 71' lang='grc' dir='ltr'><em>συμφώνως</em></span> <span class='ocrx_word' id='word_1_462' title='bbox 701 3958 793 4009; x_wconf 83' lang='grc' dir='ltr'><em>καὶ</em></span> <span class='ocrx_word' id='word_1_463' title='bbox 824 3957 1128 4021; x_wconf 80' lang='grc' dir='ltr'><em>ἀκολούθως</em></span> <span class='ocrx_word' id='word_1_464' title='bbox 1149 3958 1227 4029; x_wconf 79' lang='grc' dir='ltr'><em>τῷ</em></span> <span class='ocrx_word' id='word_1_465' title='bbox 1257 3958 1533 4028; x_wconf 90' lang='grc' dir='ltr'><em>Πνεύματι</em></span> <span class='ocrx_word' id='word_1_466' title='bbox 1562 3958 1638 4027; x_wconf 85' lang='grc' dir='ltr'><em>τῷ</em></span> <span class='ocrx_word' id='word_1_467' title='bbox 1668 3959 1808 4029; x_wconf 80' lang='grc' dir='ltr'><em>ἁγίῳ</em></span> 
     </span>
    </p>
   </div>
   <div class='ocr_carea' id='block_1_60' title="bbox 222 4044 1809 4119">
    <p class='ocr_par' dir='ltr' id='par_1_60' title="bbox 222 4044 1809 4119">
     <span class='ocr_line' id='line_1_60' title="bbox 222 4044 1809 4119; baseline 0.003 -23"><span class='ocrx_word' id='word_1_468' title='bbox 222 4044 626 4115; x_wconf 71' lang='grc' dir='ltr'><em>διακονήσασα,</em></span> <span class='ocrx_word' id='word_1_469' title='bbox 672 4046 766 4098; x_wconf 78' lang='grc' dir='ltr'><em>καὶ</em></span> <span class='ocrx_word' id='word_1_470' title='bbox 808 4047 1077 4117; x_wconf 81' lang='grc' dir='ltr'><em>ὁσημέραι</em></span> <span class='ocrx_word' id='word_1_471' title='bbox 1128 4050 1208 4109; x_wconf 87' lang='grc' dir='ltr'><strong><em>εἰς</em></strong></span> <span class='ocrx_word' id='word_1_472' title='bbox 1245 4047 1305 4101; x_wconf 82' lang='grc' dir='ltr'><em>τὸ</em></span> <span class='ocrx_word' id='word_1_473' title='bbox 1353 4049 1555 4117; x_wconf 83' lang='grc' dir='ltr'><em>ἀγαθὸν</em></span> <span class='ocrx_word' id='word_1_474' title='bbox 1610 4050 1809 4119; x_wconf 86' lang='grc' dir='ltr'><em>προκό-</em></span> 
     </span>
    </p>
   </div>
   <div class='ocr_carea' id='block_1_61' title="bbox 224 4137 1807 4211">
    <p class='ocr_par' dir='ltr' id='par_1_61' title="bbox 224 4137 1807 4211">
     <span class='ocr_line' id='line_1_61' title="bbox 224 4137 1807 4211; baseline 0.003 -23"><span class='ocrx_word' id='word_1_475' title='bbox 224 4151 461 4198; x_wconf 85' lang='grc' dir='ltr'><em>πτουσα,</em></span> <span class='ocrx_word' id='word_1_476' title='bbox 489 4137 582 4188; x_wconf 78' lang='grc' dir='ltr'><em>καὶ</em></span> <span class='ocrx_word' id='word_1_477' title='bbox 612 4139 688 4199; x_wconf 85' lang='grc' dir='ltr'><strong><em>εἰς</em></strong></span> <span class='ocrx_word' id='word_1_478' title='bbox 711 4139 810 4207; x_wconf 81' lang='grc' dir='ltr'><em>τὴν</em></span> <span class='ocrx_word' id='word_1_479' title='bbox 838 4139 953 4192; x_wconf 88' lang='grc' dir='ltr'><em>ὁδὸν</em></span> <span class='ocrx_word' id='word_1_480' title='bbox 984 4140 1080 4209; x_wconf 82' lang='grc' dir='ltr'><em>τῆς</em></span> <span class='ocrx_word' id='word_1_481' title='bbox 1098 4140 1444 4210; x_wconf 84' lang='grc' dir='ltr'><em>δικαιοσύνης</em></span> <span class='ocrx_word' id='word_1_482' title='bbox 1474 4141 1807 4211; x_wconf 80' lang='grc' dir='ltr'><em>ἐμμένουσα,</em></span> 
     </span>
    </p>
   </div>
   <div class='ocr_carea' id='block_1_62' title="bbox 224 4230 1809 4300">
    <p class='ocr_par' dir='ltr' id='par_1_62' title="bbox 224 4230 1809 4300">
     <span class='ocr_line' id='line_1_62' title="bbox 224 4230 1809 4300; baseline 0.002 -19"><span class='ocrx_word' id='word_1_483' title='bbox 224 4232 323 4281; x_wconf 72' lang='lat' dir='ltr'><strong><em>ml.</em></strong></span> <span class='ocrx_word' id='word_1_484' title='bbox 361 4232 438 4290; x_wconf 89' lang='grc' dir='ltr'><strong><em>εἰς</em></strong></span> <span class='ocrx_word' id='word_1_485' title='bbox 470 4230 531 4281; x_wconf 85' lang='grc' dir='ltr'><em>τὸ</em></span> <span class='ocrx_word' id='word_1_486' title='bbox 571 4230 727 4291; x_wconf 82' lang='grc' dir='ltr'><em>τέλος</em></span> <span class='ocrx_word' id='word_1_487' title='bbox 770 4231 1061 4300; x_wconf 85' lang='grc' dir='ltr'><em>ἄκαμπτος</em></span> <span class='ocrx_word' id='word_1_488' title='bbox 1099 4233 1193 4283; x_wconf 70' lang='grc' dir='ltr'><em>καὶ</em></span> <span class='ocrx_word' id='word_1_489' title='bbox 1233 4231 1601 4295; x_wconf 84' lang='grc' dir='ltr'><em>ἀσυνδύαστος</em></span> <span class='ocrx_word' id='word_1_490' title='bbox 1644 4234 1723 4295; x_wconf 82' lang='grc' dir='ltr'><strong><em>είς</em></strong></span> <span class='ocrx_word' id='word_1_491' title='bbox 1750 4233 1809 4286; x_wconf 87' lang='grc' dir='ltr'><em>τὸ</em></span> 
     </span>
    </p>
   </div>
   <div class='ocr_carea' id='block_1_63' title="bbox 226 4318 1809 4394">
    <p class='ocr_par' dir='ltr' id='par_1_63' title="bbox 226 4318 1809 4394">
     <span class='ocr_line' id='line_1_63' title="bbox 226 4318 1809 4394; baseline 0.003 -22"><span class='ocrx_word' id='word_1_492' title='bbox 226 4318 430 4383; x_wconf 87' lang='grc' dir='ltr'><em>κακίας</em></span> <span class='ocrx_word' id='word_1_493' title='bbox 485 4319 650 4390; x_wconf 85' lang='grc' dir='ltr'><em>μέρος</em></span> <span class='ocrx_word' id='word_1_494' title='bbox 694 4321 1037 4390; x_wconf 87' lang='grc' dir='ltr'><em>διαμείνασα,</em></span> <span class='ocrx_word' id='word_1_495' title='bbox 1074 4324 1166 4375; x_wconf 73' lang='grc' dir='ltr'><em>καὶ</em></span> <span class='ocrx_word' id='word_1_496' title='bbox 1191 4323 1287 4392; x_wconf 85' lang='grc' dir='ltr'><em>τὴν</em></span> <span class='ocrx_word' id='word_1_497' title='bbox 1325 4324 1484 4394; x_wconf 84' lang='grc' dir='ltr'><em>χάριν</em></span> <span class='ocrx_word' id='word_1_498' title='bbox 1529 4325 1586 4377; x_wconf 85' lang='grc' dir='ltr'><em>ὲν</em></span> <span class='ocrx_word' id='word_1_499' title='bbox 1618 4324 1809 4393; x_wconf 75' lang='grc' dir='ltr'><em>μηδενὶ</em></span> 
     </span>
    </p>
   </div>
   <div class='ocr_carea' id='block_1_64' title="bbox 1888 2420 3471 2499">
    <p class='ocr_par' dir='ltr' id='par_1_64' title="bbox 1888 2420 3471 2499">
     <span class='ocr_line' id='line_1_64' title="bbox 1888 2420 3471 2499; baseline -0.001 -23"><span class='ocrx_word' id='word_1_500' title='bbox 1888 2430 1945 2499; x_wconf 79' lang='lat' dir='ltr'><strong><em>et</em></strong></span> <span class='ocrx_word' id='word_1_501' title='bbox 1978 2436 2073 2490; x_wconf 92' lang='lat' dir='ltr'><strong><em>per</em></strong></span> <span class='ocrx_word' id='word_1_502' title='bbox 2098 2421 2282 2475; x_wconf 88' lang='lat' dir='ltr'><strong><em>omnia</em></strong></span> <span class='ocrx_word' id='word_1_503' title='bbox 2314 2420 2387 2484; x_wconf 90' lang='lat' dir='ltr'><strong><em>ei,</em></strong></span> <span class='ocrx_word' id='word_1_504' title='bbox 2421 2430 2687 2489; x_wconf 89' lang='lat' dir='ltr'><strong><em>quantum</em></strong></span> <span class='ocrx_word' id='word_1_505' title='bbox 2735 2420 2852 2475; x_wconf 85' lang='lat' dir='ltr'><strong><em>ﬁeri</em></strong></span> <span class='ocrx_word' id='word_1_506' title='bbox 2904 2429 3107 2489; x_wconf 86' lang='lat' dir='ltr'><strong><em>potest,</em></strong></span> <span class='ocrx_word' id='word_1_507' title='bbox 3162 2421 3471 2490; x_wconf 86' lang='lat' dir='ltr'><strong><em>agglutine-</em></strong></span> 
     </span>
    </p>
   </div>
   <div class='ocr_carea' id='block_1_65' title="bbox 1892 2511 3472 2580">
    <p class='ocr_par' dir='ltr' id='par_1_65' title="bbox 1892 2511 3472 2580">
     <span class='ocr_line' id='line_1_65' title="bbox 1892 2511 3472 2580; baseline -0.001 -16"><span class='ocrx_word' id='word_1_508' title='bbox 1892 2528 2037 2565; x_wconf 89' lang='lat' dir='ltr'><strong><em>mur.</em></strong></span> <span class='ocrx_word' id='word_1_509' title='bbox 2071 2512 2192 2580; x_wconf 89' lang='lat' dir='ltr'><strong><em>Ipse</em></strong></span> <span class='ocrx_word' id='word_1_510' title='bbox 2220 2511 2441 2580; x_wconf 81' lang='lat' dir='ltr'><strong><em>quidem</em></strong></span> <span class='ocrx_word' id='word_1_511' title='bbox 2470 2520 2694 2579; x_wconf 90' lang='lat' dir='ltr'><strong><em>paratus</em></strong></span> <span class='ocrx_word' id='word_1_512' title='bbox 2716 2520 2800 2565; x_wconf 89' lang='lat' dir='ltr'><strong><em>est</em></strong></span> <span class='ocrx_word' id='word_1_513' title='bbox 2825 2512 3088 2565; x_wconf 82' lang='lat' dir='ltr'><strong><em>exhibere</em></strong></span> <span class='ocrx_word' id='word_1_514' title='bbox 3118 2512 3278 2565; x_wconf 91' lang='lat' dir='ltr'><strong><em>nobis</em></strong></span> <span class='ocrx_word' id='word_1_515' title='bbox 3310 2525 3472 2565; x_wconf 90' lang='lat' dir='ltr'><strong><em>suum</em></strong></span> 
     </span>
    </p>
   </div>
   <div class='ocr_carea' id='block_1_66' title="bbox 1895 2601 3475 2671">
    <p class='ocr_par' dir='ltr' id='par_1_66' title="bbox 1895 2601 3475 2671">
     <span class='ocr_line' id='line_1_66' title="bbox 1895 2601 3475 2671; baseline 0.001 -16"><span class='ocrx_word' id='word_1_516' title='bbox 1895 2602 2179 2656; x_wconf 85' lang='lat' dir='ltr'><strong><em>auxilium.</em></strong></span> <span class='ocrx_word' id='word_1_517' title='bbox 2226 2602 2523 2671; x_wconf 80' lang='lat' dir='ltr'><strong><em>Propterea</em></strong></span> <span class='ocrx_word' id='word_1_518' title='bbox 2546 2602 2692 2656; x_wconf 89' lang='lat' dir='ltr'><strong><em>enim</em></strong></span> <span class='ocrx_word' id='word_1_519' title='bbox 2718 2601 3029 2657; x_wconf 89' lang='lat' dir='ltr'><strong><em>misericors</em></strong></span> <span class='ocrx_word' id='word_1_520' title='bbox 3056 2611 3162 2664; x_wconf 87' lang='lat' dir='ltr'><strong><em>est,</em></strong></span> <span class='ocrx_word' id='word_1_521' title='bbox 3188 2602 3475 2657; x_wconf 82' lang='lat' dir='ltr'><strong><em>viviﬁcans</em></strong></span> 
     </span>
    </p>
   </div>
   <div class='ocr_carea' id='block_1_67' title="bbox 1896 2691 3471 2763">
    <p class='ocr_par' dir='ltr' id='par_1_67' title="bbox 1896 2691 3471 2763">
     <span class='ocr_line' id='line_1_67' title="bbox 1896 2691 3471 2763; baseline 0 -16"><span class='ocrx_word' id='word_1_522' title='bbox 1896 2700 1953 2747; x_wconf 85' lang='lat' dir='ltr'><strong><em>et</em></strong></span> <span class='ocrx_word' id='word_1_523' title='bbox 1984 2708 2184 2745; x_wconf 86' lang='lat' dir='ltr'><strong><em>sanans</em></strong></span> <span class='ocrx_word' id='word_1_524' title='bbox 2227 2691 2546 2747; x_wconf 78' lang='lat' dir='ltr'><strong><em>aﬂ&#39;ectiones</em></strong></span> <span class='ocrx_word' id='word_1_525' title='bbox 2571 2692 2921 2757; x_wconf 91' lang='lat' dir='ltr'><strong><em>incurabiles,</em></strong></span> <span class='ocrx_word' id='word_1_526' title='bbox 2952 2702 3007 2748; x_wconf 90' lang='lat' dir='ltr'><strong><em>et</em></strong></span> <span class='ocrx_word' id='word_1_527' title='bbox 3036 2694 3471 2763; x_wconf 88' lang='lat' dir='ltr'><strong><em>redemptionem</em></strong></span> 
     </span>
    </p>
   </div>
   <div class='ocr_carea' id='block_1_68' title="bbox 1895 2784 3477 2854">
    <p class='ocr_par' dir='ltr' id='par_1_68' title="bbox 1895 2784 3477 2854">
     <span class='ocr_line' id='line_1_68' title="bbox 1895 2784 3477 2854; baseline 0.001 -17"><span class='ocrx_word' id='word_1_528' title='bbox 1895 2784 2100 2837; x_wconf 82' lang='lat' dir='ltr'><strong><em>faciens</em></strong></span> <span class='ocrx_word' id='word_1_529' title='bbox 2151 2784 2219 2837; x_wconf 90' lang='lat' dir='ltr'><strong><em>iis</em></strong></span> <span class='ocrx_word' id='word_1_530' title='bbox 2264 2785 2358 2853; x_wconf 89' lang='lat' dir='ltr'><strong><em>qui</em></strong></span> <span class='ocrx_word' id='word_1_531' title='bbox 2408 2784 2663 2838; x_wconf 84' lang='lat' dir='ltr'><strong><em>invocant</em></strong></span> <span class='ocrx_word' id='word_1_532' title='bbox 2698 2800 2847 2850; x_wconf 90' lang='lat' dir='ltr'><strong><em>eum,</em></strong></span> <span class='ocrx_word' id='word_1_533' title='bbox 2876 2795 2932 2840; x_wconf 90' lang='lat' dir='ltr'><strong><em>et</em></strong></span> <span class='ocrx_word' id='word_1_534' title='bbox 2959 2788 3052 2854; x_wconf 90' lang='lat' dir='ltr'><strong><em>qui</em></strong></span> <span class='ocrx_word' id='word_1_535' title='bbox 3083 2787 3149 2840; x_wconf 88' lang='lat' dir='ltr'><strong><em>ad</em></strong></span> <span class='ocrx_word' id='word_1_536' title='bbox 3180 2802 3305 2840; x_wconf 91' lang='lat' dir='ltr'><strong><em>eum</em></strong></span> <span class='ocrx_word' id='word_1_537' title='bbox 3339 2802 3477 2839; x_wconf 85' lang='lat' dir='ltr'><strong><em>con-</em></strong></span> 
     </span>
    </p>
   </div>
   <div class='ocr_carea' id='block_1_69' title="bbox 1899 2872 3478 2945">
    <p class='ocr_par' dir='ltr' id='par_1_69' title="bbox 1899 2872 3478 2945">
     <span class='ocr_line' id='line_1_69' title="bbox 1899 2872 3478 2945; baseline 0.001 -19"><span class='ocrx_word' id='word_1_538' title='bbox 1899 2872 2063 2937; x_wconf 85' lang='lat' dir='ltr'><strong><em>versi,</em></strong></span> <span class='ocrx_word' id='word_1_539' title='bbox 2095 2873 2163 2926; x_wconf 88' lang='lat' dir='ltr'><strong><em>ab</em></strong></span> <span class='ocrx_word' id='word_1_540' title='bbox 2191 2873 2341 2927; x_wconf 91' lang='lat' dir='ltr'><strong><em>omni</em></strong></span> <span class='ocrx_word' id='word_1_541' title='bbox 2373 2874 2666 2928; x_wconf 81' lang='lat' dir='ltr'><strong><em>dilectio’ne</em></strong></span> <span class='ocrx_word' id='word_1_542' title='bbox 2692 2875 2903 2939; x_wconf 88' lang='lat' dir='ltr'><strong><em>mundi,</em></strong></span> <span class='ocrx_word' id='word_1_543' title='bbox 2932 2885 3200 2945; x_wconf 88' lang='lat' dir='ltr'><strong><em>quantum</em></strong></span> <span class='ocrx_word' id='word_1_544' title='bbox 3230 2876 3347 2930; x_wconf 85' lang='lat' dir='ltr'><strong><em>ﬁeri</em></strong></span> <span class='ocrx_word' id='word_1_545' title='bbox 3380 2892 3478 2944; x_wconf 87' lang='lat' dir='ltr'><strong><em>po-</em></strong></span> 
     </span>
    </p>
   </div>
   <div class='ocr_carea' id='block_1_70' title="bbox 1900 2966 3476 3035">
    <p class='ocr_par' dir='ltr' id='par_1_70' title="bbox 1900 2966 3476 3035">
     <span class='ocr_line' id='line_1_70' title="bbox 1900 2966 3476 3035; baseline 0 -17"><span class='ocrx_word' id='word_1_546' title='bbox 1900 2973 2027 3029; x_wconf 77' lang='lat' dir='ltr'><strong><em>test,</em></strong></span> <span class='ocrx_word' id='word_1_547' title='bbox 2055 2973 2249 3033; x_wconf 91' lang='lat' dir='ltr'><strong><em>sponte</em></strong></span> <span class='ocrx_word' id='word_1_548' title='bbox 2275 2974 2330 3018; x_wconf 89' lang='lat' dir='ltr'><strong><em>et</em></strong></span> <span class='ocrx_word' id='word_1_549' title='bbox 2353 2966 2662 3019; x_wconf 83' lang='lat' dir='ltr'><strong><em>voluntarie</em></strong></span> <span class='ocrx_word' id='word_1_550' title='bbox 2690 2966 2975 3030; x_wconf 89' lang='lat' dir='ltr'><strong><em>recedunt,</em></strong></span> <span class='ocrx_word' id='word_1_551' title='bbox 3004 2969 3209 3035; x_wconf 88' lang='lat' dir='ltr'><strong><em>quique</em></strong></span> <span class='ocrx_word' id='word_1_552' title='bbox 3236 2976 3476 3021; x_wconf 87' lang='lat' dir='ltr'><strong><em>mentem</em></strong></span> 
     </span>
    </p>
   </div>
   <div class='ocr_carea' id='block_1_71' title="bbox 1901 3056 3479 3113">
    <p class='ocr_par' dir='ltr' id='par_1_71' title="bbox 1901 3056 3479 3113">
     <span class='ocr_line' id='line_1_71' title="bbox 1901 3056 3479 3113; baseline 0.001 -4"><span class='ocrx_word' id='word_1_553' title='bbox 1901 3072 1931 3109; x_wconf 89' lang='lat' dir='ltr'><strong><em>a</em></strong></span> <span class='ocrx_word' id='word_1_554' title='bbox 1964 3056 2197 3110; x_wconf 90' lang='lat' dir='ltr'><strong><em>terrenis</em></strong></span> <span class='ocrx_word' id='word_1_555' title='bbox 2248 3057 2578 3111; x_wconf 89' lang='lat' dir='ltr'><strong><em>abstractam</em></strong></span> <span class='ocrx_word' id='word_1_556' title='bbox 2630 3056 2698 3111; x_wconf 89' lang='lat' dir='ltr'><strong><em>ad</em></strong></span> <span class='ocrx_word' id='word_1_557' title='bbox 2754 3073 2882 3111; x_wconf 86' lang='lat' dir='ltr'><strong><em>eum</em></strong></span> <span class='ocrx_word' id='word_1_558' title='bbox 2934 3068 3062 3111; x_wconf 87' lang='lat' dir='ltr'><strong><em>voto</em></strong></span> <span class='ocrx_word' id='word_1_559' title='bbox 3114 3068 3170 3111; x_wconf 90' lang='lat' dir='ltr'><strong><em>et</em></strong></span> <span class='ocrx_word' id='word_1_560' title='bbox 3199 3058 3479 3113; x_wconf 88' lang='lat' dir='ltr'><strong><em>desiderio</em></strong></span> 
     </span>
    </p>
   </div>
   <div class='ocr_carea' id='block_1_72' title="bbox 1905 3146 3480 3217">
    <p class='ocr_par' dir='ltr' id='par_1_72' title="bbox 1905 3146 3480 3217">
     <span class='ocr_line' id='line_1_72' title="bbox 1905 3146 3480 3217; baseline 0.002 -18"><span class='ocrx_word' id='word_1_561' title='bbox 1905 3146 2269 3214; x_wconf 89' lang='lat' dir='ltr'><strong><em>suspendunt.</em></strong></span> <span class='ocrx_word' id='word_1_562' title='bbox 2323 3147 2607 3216; x_wconf 83' lang='lat' dir='ltr'><strong><em>Ejusmodi</em></strong></span> <span class='ocrx_word' id='word_1_563' title='bbox 2657 3147 2841 3200; x_wconf 89' lang='lat' dir='ltr'><strong><em>anima</em></strong></span> <span class='ocrx_word' id='word_1_564' title='bbox 2891 3149 3010 3217; x_wconf 87' lang='lat' dir='ltr'><strong><em>ejus</em></strong></span> <span class='ocrx_word' id='word_1_565' title='bbox 3056 3148 3259 3203; x_wconf 75' lang='lat' dir='ltr'><strong><em>auxilio</em></strong></span> <span class='ocrx_word' id='word_1_566' title='bbox 3315 3149 3480 3217; x_wconf 85' lang='lat' dir='ltr'><strong><em>digna</em></strong></span> 
     </span>
    </p>
   </div>
   <div class='ocr_carea' id='block_1_73' title="bbox 1904 3236 3479 3306">
    <p class='ocr_par' dir='ltr' id='par_1_73' title="bbox 1904 3236 3479 3306">
     <span class='ocr_line' id='line_1_73' title="bbox 1904 3236 3479 3306; baseline 0.001 -17"><span class='ocrx_word' id='word_1_567' title='bbox 1904 3236 2161 3299; x_wconf 83' lang='lat' dir='ltr'><strong><em>habetur,</em></strong></span> <span class='ocrx_word' id='word_1_568' title='bbox 2195 3251 2317 3305; x_wconf 62' lang='lat' dir='ltr'><strong><em>quie</em></strong></span> <span class='ocrx_word' id='word_1_569' title='bbox 2342 3238 2525 3291; x_wconf 86' lang='lat' dir='ltr'><strong><em>omnia</em></strong></span> <span class='ocrx_word' id='word_1_570' title='bbox 2556 3253 2655 3306; x_wconf 91' lang='lat' dir='ltr'><strong><em>pro</em></strong></span> <span class='ocrx_word' id='word_1_571' title='bbox 2682 3238 2976 3306; x_wconf 85' lang='lat' dir='ltr'><strong><em>superﬂuis</em></strong></span> <span class='ocrx_word' id='word_1_572' title='bbox 3008 3239 3303 3302; x_wconf 85' lang='lat' dir='ltr'><strong><em>existimat,</em></strong></span> <span class='ocrx_word' id='word_1_573' title='bbox 3336 3249 3392 3293; x_wconf 88' lang='lat' dir='ltr'><strong><em>et</em></strong></span> <span class='ocrx_word' id='word_1_574' title='bbox 3424 3238 3479 3291; x_wconf 91' lang='lat' dir='ltr'><strong><em>in</em></strong></span> 
     </span>
    </p>
   </div>
   <div class='ocr_carea' id='block_1_74' title="bbox 1905 3327 3483 3396">
    <p class='ocr_par' dir='ltr' id='par_1_74' title="bbox 1905 3327 3483 3396">
     <span class='ocr_line' id='line_1_74' title="bbox 1905 3327 3483 3396; baseline 0.003 -18"><span class='ocrx_word' id='word_1_575' title='bbox 1905 3327 2055 3380; x_wconf 90' lang='lat' dir='ltr'><strong><em>nulla</em></strong></span> <span class='ocrx_word' id='word_1_576' title='bbox 2086 3342 2145 3380; x_wconf 90' lang='lat' dir='ltr'><strong><em>re</em></strong></span> <span class='ocrx_word' id='word_1_577' title='bbox 2174 3327 2446 3380; x_wconf 81' lang='lat' dir='ltr'><strong><em>mundana</em></strong></span> <span class='ocrx_word' id='word_1_578' title='bbox 2480 3329 2809 3396; x_wconf 88' lang='lat' dir='ltr'><strong><em>acquiescit;</em></strong></span> <span class='ocrx_word' id='word_1_579' title='bbox 2850 3328 2946 3383; x_wconf 87' lang='lat' dir='ltr'><strong><em>sed</em></strong></span> <span class='ocrx_word' id='word_1_580' title='bbox 2988 3338 3267 3396; x_wconf 76' lang='lat' dir='ltr'><strong><em>eXSpectat</em></strong></span> <span class='ocrx_word' id='word_1_581' title='bbox 3300 3330 3355 3382; x_wconf 85' lang='lat' dir='ltr'><strong><em>in</em></strong></span> <span class='ocrx_word' id='word_1_582' title='bbox 3395 3345 3483 3383; x_wconf 90' lang='lat' dir='ltr'><strong><em>re-</em></strong></span> 
     </span>
    </p>
   </div>
   <div class='ocr_carea' id='block_1_75' title="bbox 1905 3416 3484 3485">
    <p class='ocr_par' dir='ltr' id='par_1_75' title="bbox 1905 3416 3484 3485">
     <span class='ocr_line' id='line_1_75' title="bbox 1905 3416 3484 3485; baseline 0.002 -17"><span class='ocrx_word' id='word_1_583' title='bbox 1905 3416 2031 3485; x_wconf 89' lang='lat' dir='ltr'><strong><em>quie</em></strong></span> <span class='ocrx_word' id='word_1_584' title='bbox 2078 3416 2433 3485; x_wconf 83' lang='lat' dir='ltr'><strong><em>benignitatis</em></strong></span> <span class='ocrx_word' id='word_1_585' title='bbox 2482 3417 2824 3485; x_wconf 86' lang='lat' dir='ltr'><strong><em>requiescere</em></strong></span> <span class='ocrx_word' id='word_1_586' title='bbox 2871 3426 2926 3471; x_wconf 90' lang='lat' dir='ltr'><strong><em>et</em></strong></span> <span class='ocrx_word' id='word_1_587' title='bbox 2972 3417 3251 3485; x_wconf 84' lang='lat' dir='ltr'><strong><em>gaudere:</em></strong></span> <span class='ocrx_word' id='word_1_588' title='bbox 3297 3425 3354 3471; x_wconf 91' lang='lat' dir='ltr'><strong><em>et</em></strong></span> <span class='ocrx_word' id='word_1_589' title='bbox 3402 3416 3484 3471; x_wconf 91' lang='lat' dir='ltr'><strong><em>sic</em></strong></span> 
     </span>
    </p>
   </div>
   <div class='ocr_carea' id='block_1_76' title="bbox 1906 3508 3480 3578">
    <p class='ocr_par' dir='ltr' id='par_1_76' title="bbox 1906 3508 3480 3578">
     <span class='ocr_line' id='line_1_76' title="bbox 1906 3508 3480 3578; baseline -0.001 -16"><span class='ocrx_word' id='word_1_590' title='bbox 1906 3523 2002 3576; x_wconf 87' lang='lat' dir='ltr'><strong><em>per</em></strong></span> <span class='ocrx_word' id='word_1_591' title='bbox 2052 3508 2362 3578; x_wconf 84' lang='lat' dir='ltr'><strong><em>hujusmodi</em></strong></span> <span class='ocrx_word' id='word_1_592' title='bbox 2416 3508 2580 3561; x_wconf 86' lang='lat' dir='ltr'><strong><em>ﬁdem</em></strong></span> <span class='ocrx_word' id='word_1_593' title='bbox 2642 3510 2863 3563; x_wconf 69' lang='lat' dir='ltr'><strong><em>caeleste</em></strong></span> <span class='ocrx_word' id='word_1_594' title='bbox 2912 3510 3116 3562; x_wconf 89' lang='lat' dir='ltr'><strong><em>donum</em></strong></span> <span class='ocrx_word' id='word_1_595' title='bbox 3164 3518 3480 3573; x_wconf 89' lang='lat' dir='ltr'><strong><em>consecuta,</em></strong></span> 
     </span>
    </p>
   </div>
   <div class='ocr_carea' id='block_1_77' title="bbox 1908 3601 3482 3672">
    <p class='ocr_par' dir='ltr' id='par_1_77' title="bbox 1908 3601 3482 3672">
     <span class='ocr_line' id='line_1_77' title="bbox 1908 3601 3482 3672; baseline 0.001 -16"><span class='ocrx_word' id='word_1_596' title='bbox 1908 3618 2070 3656; x_wconf 90' lang='lat' dir='ltr'><strong><em>omne</em></strong></span> <span class='ocrx_word' id='word_1_597' title='bbox 2113 3616 2273 3655; x_wconf 92' lang='lat' dir='ltr'><strong><em>suum</em></strong></span> <span class='ocrx_word' id='word_1_598' title='bbox 2319 3601 2654 3655; x_wconf 89' lang='lat' dir='ltr'><strong><em>desiderium</em></strong></span> <span class='ocrx_word' id='word_1_599' title='bbox 2699 3603 2755 3655; x_wconf 91' lang='lat' dir='ltr'><strong><em>iu</em></strong></span> <span class='ocrx_word' id='word_1_600' title='bbox 2790 3604 2950 3671; x_wconf 90' lang='lat' dir='ltr'><strong><em>plena</em></strong></span> <span class='ocrx_word' id='word_1_601' title='bbox 2984 3602 3088 3656; x_wconf 84' lang='lat' dir='ltr'><strong><em>[ide</em></strong></span> <span class='ocrx_word' id='word_1_602' title='bbox 3119 3617 3218 3670; x_wconf 89' lang='lat' dir='ltr'><strong><em>per</em></strong></span> <span class='ocrx_word' id='word_1_603' title='bbox 3252 3602 3482 3672; x_wconf 78' lang='lat' dir='ltr'><strong><em>gratiam</em></strong></span> 
     </span>
    </p>
   </div>
   <div class='ocr_carea' id='block_1_78' title="bbox 1908 3691 3482 3761">
    <p class='ocr_par' dir='ltr' id='par_1_78' title="bbox 1908 3691 3482 3761">
     <span class='ocr_line' id='line_1_78' title="bbox 1908 3691 3482 3761; baseline -0.001 -14"><span class='ocrx_word' id='word_1_604' title='bbox 1908 3695 2163 3756; x_wconf 88' lang='lat' dir='ltr'><strong><em>collocat,</em></strong></span> <span class='ocrx_word' id='word_1_605' title='bbox 2192 3701 2249 3746; x_wconf 90' lang='lat' dir='ltr'><strong><em>et</em></strong></span> <span class='ocrx_word' id='word_1_606' title='bbox 2275 3691 2516 3760; x_wconf 89' lang='lat' dir='ltr'><strong><em>denique</em></strong></span> <span class='ocrx_word' id='word_1_607' title='bbox 2545 3706 2784 3761; x_wconf 81' lang='lat' dir='ltr'><strong><em>congrue</em></strong></span> <span class='ocrx_word' id='word_1_608' title='bbox 2808 3702 2863 3745; x_wconf 88' lang='lat' dir='ltr'><strong><em>et</em></strong></span> <span class='ocrx_word' id='word_1_609' title='bbox 2886 3692 3278 3745; x_wconf 86' lang='lat' dir='ltr'><strong><em>convenienter</em></strong></span> <span class='ocrx_word' id='word_1_610' title='bbox 3304 3691 3482 3760; x_wconf 85' lang='lat' dir='ltr'><strong><em>Spiri-</em></strong></span> 
     </span>
    </p>
   </div>
   <div class='ocr_carea' id='block_1_79' title="bbox 1912 3777 3483 3849">
    <p class='ocr_par' dir='ltr' id='par_1_79' title="bbox 1912 3777 3483 3849">
     <span class='ocr_line' id='line_1_79' title="bbox 1912 3777 3483 3849; baseline -0.003 -12"><span class='ocrx_word' id='word_1_611' title='bbox 1912 3783 1989 3837; x_wconf 92' lang='lat' dir='ltr'><strong><em>tui</em></strong></span> <span class='ocrx_word' id='word_1_612' title='bbox 2024 3790 2213 3836; x_wconf 86' lang='lat' dir='ltr'><strong><em>sancto</em></strong></span> <span class='ocrx_word' id='word_1_613' title='bbox 2235 3780 2534 3844; x_wconf 82' lang='lat' dir='ltr'><strong><em>ministrat,</em></strong></span> <span class='ocrx_word' id='word_1_614' title='bbox 2566 3780 2811 3849; x_wconf 89' lang='lat' dir='ltr'><strong><em>quotidie</em></strong></span> <span class='ocrx_word' id='word_1_615' title='bbox 2843 3779 3087 3833; x_wconf 86' lang='lat' dir='ltr'><strong><em>bonitate</em></strong></span> <span class='ocrx_word' id='word_1_616' title='bbox 3111 3779 3216 3847; x_wconf 78' lang='grc'>22</span> <span class='ocrx_word' id='word_1_617' title='bbox 3244 3777 3483 3848; x_wconf 85' lang='lat' dir='ltr'><strong><em>proﬁcit,</em></strong></span> 
     </span>
    </p>
   </div>
   <div class='ocr_carea' id='block_1_80' title="bbox 1911 3869 3486 3941">
    <p class='ocr_par' dir='ltr' id='par_1_80' title="bbox 1911 3869 3486 3941">
     <span class='ocr_line' id='line_1_80' title="bbox 1911 3869 3486 3941; baseline -0.003 -14"><span class='ocrx_word' id='word_1_618' title='bbox 1911 3876 2077 3941; x_wconf 88' lang='lat' dir='ltr'><strong><em>inque</em></strong></span> <span class='ocrx_word' id='word_1_619' title='bbox 2124 3872 2212 3926; x_wconf 88' lang='lat' dir='ltr'><strong><em>via</em></strong></span> <span class='ocrx_word' id='word_1_620' title='bbox 2253 3872 2480 3940; x_wconf 71' lang='lat' dir='ltr'><strong><em>iustitia:</em></strong></span> <span class='ocrx_word' id='word_1_621' title='bbox 2530 3885 2889 3938; x_wconf 85' lang='lat' dir='ltr'><strong><em>perseverans</em></strong></span> <span class='ocrx_word' id='word_1_622' title='bbox 2934 3871 2989 3923; x_wconf 90' lang='lat' dir='ltr'><strong><em>in</em></strong></span> <span class='ocrx_word' id='word_1_623' title='bbox 3034 3878 3383 3939; x_wconf 88' lang='lat' dir='ltr'><strong><em>perpetuum,</em></strong></span> <span class='ocrx_word' id='word_1_624' title='bbox 3416 3869 3486 3923; x_wconf 92' lang='lat' dir='ltr'><strong><em>ad</em></strong></span> 
     </span>
    </p>
   </div>
   <div class='ocr_carea' id='block_1_81' title="bbox 1910 3959 3489 4033">
    <p class='ocr_par' dir='ltr' id='par_1_81' title="bbox 1910 3959 3489 4033">
     <span class='ocr_line' id='line_1_81' title="bbox 1910 3959 3489 4033; baseline -0.002 -15"><span class='ocrx_word' id='word_1_625' title='bbox 1910 3965 2129 4018; x_wconf 71' lang='lat' dir='ltr'><strong><em>malitiae</em></strong></span> <span class='ocrx_word' id='word_1_626' title='bbox 2152 3978 2352 4033; x_wconf 86' lang='lat' dir='ltr'><strong><em>genera</em></strong></span> <span class='ocrx_word' id='word_1_627' title='bbox 2380 3976 2489 4015; x_wconf 91' lang='lat' dir='ltr'><strong><em>non</em></strong></span> <span class='ocrx_word' id='word_1_628' title='bbox 2518 3960 2778 4023; x_wconf 84' lang='lat' dir='ltr'><strong><em>ﬂectitur,</em></strong></span> <span class='ocrx_word' id='word_1_629' title='bbox 2810 3976 2911 4015; x_wconf 89' lang='lat' dir='ltr'><strong><em>nec</em></strong></span> <span class='ocrx_word' id='word_1_630' title='bbox 2938 3960 3005 4014; x_wconf 89' lang='lat' dir='ltr'><strong><em>ad</em></strong></span> <span class='ocrx_word' id='word_1_631' title='bbox 3029 3960 3160 4014; x_wconf 88' lang='lat' dir='ltr'><strong><em>vitia</em></strong></span> <span class='ocrx_word' id='word_1_632' title='bbox 3188 3962 3297 4015; x_wconf 94' lang='lat' dir='ltr'><strong><em>ullo</em></strong></span> <span class='ocrx_word' id='word_1_633' title='bbox 3321 3959 3489 4016; x_wconf 91' lang='lat' dir='ltr'><strong><em>modo</em></strong></span> 
     </span>
    </p>
   </div>
   <div class='ocr_carea' id='block_1_82' title="bbox 1911 4050 3487 4121">
    <p class='ocr_par' dir='ltr' id='par_1_82' title="bbox 1911 4050 3487 4121">
     <span class='ocr_line' id='line_1_82' title="bbox 1911 4050 3487 4121; baseline -0.003 -13"><span class='ocrx_word' id='word_1_634' title='bbox 1911 4054 2172 4116; x_wconf 89' lang='lat' dir='ltr'><strong><em>declinat,</em></strong></span> <span class='ocrx_word' id='word_1_635' title='bbox 2208 4060 2373 4121; x_wconf 88' lang='lat' dir='ltr'><strong><em>atque</em></strong></span> <span class='ocrx_word' id='word_1_636' title='bbox 2408 4052 2638 4121; x_wconf 80' lang='lat' dir='ltr'><strong><em>gratiam</em></strong></span> <span class='ocrx_word' id='word_1_637' title='bbox 2675 4052 2729 4104; x_wconf 91' lang='lat' dir='ltr'><strong><em>in</em></strong></span> <span class='ocrx_word' id='word_1_638' title='bbox 2765 4051 2914 4104; x_wconf 90' lang='lat' dir='ltr'><strong><em>nulla</em></strong></span> <span class='ocrx_word' id='word_1_639' title='bbox 2951 4066 3010 4105; x_wconf 90' lang='lat' dir='ltr'><strong><em>re</em></strong></span> <span class='ocrx_word' id='word_1_640' title='bbox 3042 4051 3264 4105; x_wconf 90' lang='lat' dir='ltr'><strong><em>tristitia</em></strong></span> <span class='ocrx_word' id='word_1_641' title='bbox 3298 4050 3487 4115; x_wconf 76' lang='lat' dir='ltr'><strong><em>allicit,</em></strong></span> 
     </span>
    </p>
   </div>
   <div class='ocr_carea' id='block_1_83' title="bbox 1914 4142 3489 4213">
    <p class='ocr_par' dir='ltr' id='par_1_83' title="bbox 1914 4142 3489 4213">
     <span class='ocr_line' id='line_1_83' title="bbox 1914 4142 3489 4213; baseline -0.003 -13"><span class='ocrx_word' id='word_1_642' title='bbox 1914 4154 1970 4200; x_wconf 91' lang='lat' dir='ltr'><strong><em>et</em></strong></span> <span class='ocrx_word' id='word_1_643' title='bbox 2000 4153 2206 4199; x_wconf 64' lang='lat' dir='ltr'><strong><em>aeterna</em></strong></span> <span class='ocrx_word' id='word_1_644' title='bbox 2241 4144 2419 4198; x_wconf 89' lang='lat' dir='ltr'><strong><em>salute</em></strong></span> <span class='ocrx_word' id='word_1_645' title='bbox 2453 4159 2578 4199; x_wconf 92' lang='lat' dir='ltr'><strong><em>cum</em></strong></span> <span class='ocrx_word' id='word_1_646' title='bbox 2621 4143 2879 4198; x_wconf 89' lang='lat' dir='ltr'><strong><em>omnibus</em></strong></span> <span class='ocrx_word' id='word_1_647' title='bbox 2911 4142 3119 4197; x_wconf 90' lang='lat' dir='ltr'><strong><em>sanctis</em></strong></span> <span class='ocrx_word' id='word_1_648' title='bbox 3162 4143 3325 4213; x_wconf 87' lang='lat' dir='ltr'><strong><em>digna</em></strong></span> <span class='ocrx_word' id='word_1_649' title='bbox 3358 4157 3489 4196; x_wconf 90' lang='lat' dir='ltr'><strong><em>cen-</em></strong></span> 
     </span>
    </p>
   </div>
   <div class='ocr_carea' id='block_1_84' title="bbox 1913 4234 3491 4300">
    <p class='ocr_par' dir='ltr' id='par_1_84' title="bbox 1913 4234 3491 4300">
     <span class='ocr_line' id='line_1_84' title="bbox 1913 4234 3491 4300; baseline -0.003 -9"><span class='ocrx_word' id='word_1_650' title='bbox 1913 4245 2086 4300; x_wconf 89' lang='lat' dir='ltr'><strong><em>setur,</em></strong></span> <span class='ocrx_word' id='word_1_651' title='bbox 2137 4236 2292 4289; x_wconf 83' lang='lat' dir='ltr'><strong><em>velut</em></strong></span> <span class='ocrx_word' id='word_1_652' title='bbox 2340 4235 2408 4289; x_wconf 89' lang='lat' dir='ltr'><strong><em>iis</em></strong></span> <span class='ocrx_word' id='word_1_653' title='bbox 2460 4236 2607 4288; x_wconf 87' lang='lat' dir='ltr'><strong><em>socia</em></strong></span> <span class='ocrx_word' id='word_1_654' title='bbox 2651 4245 2707 4287; x_wconf 85' lang='lat' dir='ltr'><strong><em>et</em></strong></span> <span class='ocrx_word' id='word_1_655' title='bbox 2739 4250 2923 4288; x_wconf 89' lang='lat' dir='ltr'><strong><em>comes</em></strong></span> <span class='ocrx_word' id='word_1_656' title='bbox 2959 4234 3264 4289; x_wconf 86' lang='lat' dir='ltr'><strong><em>imitatione</em></strong></span> <span class='ocrx_word' id='word_1_657' title='bbox 3294 4248 3491 4288; x_wconf 88' lang='lat' dir='ltr'><strong><em>eorum</em></strong></span> 
     </span>
    </p>
   </div>
   <div class='ocr_carea' id='block_1_85' title="bbox 1917 4322 2818 4378">
    <p class='ocr_par' dir='ltr' id='par_1_85' title="bbox 1917 4322 2818 4378">
     <span class='ocr_line' id='line_1_85' title="bbox 1917 4322 2818 4378; baseline -0.004 0"><span class='ocrx_word' id='word_1_658' title='bbox 1917 4325 1973 4378; x_wconf 90' lang='lat' dir='ltr'><strong><em>in</em></strong></span> <span class='ocrx_word' id='word_1_659' title='bbox 2008 4324 2214 4378; x_wconf 91' lang='lat' dir='ltr'><strong><em>mundo</em></strong></span> <span class='ocrx_word' id='word_1_660' title='bbox 2250 4331 2594 4377; x_wconf 86' lang='lat' dir='ltr'><strong><em>conversata.</em></strong></span> <span class='ocrx_word' id='word_1_661' title='bbox 2625 4322 2818 4377; x_wconf 80' lang='lat' dir='ltr'><strong><em>Amen.</em></strong></span> 
     </span>
    </p>
   </div>
   <div class='ocr_carea' id='block_1_86' title="bbox 234 4416 3492 4488">
    <p class='ocr_par' dir='ltr' id='par_1_86' title="bbox 234 4416 3492 4488">
     <span class='ocr_line' id='line_1_86' title="bbox 234 4416 3492 4488; baseline 0.001 -22"><span class='ocrx_word' id='word_1_662' title='bbox 234 4416 529 4485; x_wconf 82' lang='grc' dir='ltr'><em>λυπήσασα</em></span> <span class='ocrx_word' id='word_1_663' title='bbox 580 4418 681 4486; x_wconf 83' lang='grc' dir='ltr'><em>τῆς</em></span> <span class='ocrx_word' id='word_1_664' title='bbox 752 4418 969 4470; x_wconf 80' lang='grc' dir='ltr'><em>αἰωνίου</em></span> <span class='ocrx_word' id='word_1_665' title='bbox 1025 4418 1297 4488; x_wconf 84' lang='grc' dir='ltr'><em>σωτηρίας</em></span> <span class='ocrx_word' id='word_1_666' title='bbox 1368 4420 1465 4471; x_wconf 83' lang='grc' dir='ltr'><em>σὺν</em></span> <span class='ocrx_word' id='word_1_667' title='bbox 1525 4421 1658 4473; x_wconf 81' lang='grc' dir='ltr'><em>πᾶσι</em></span> <span class='ocrx_word' id='word_1_668' title='bbox 1706 4422 1817 4483; x_wconf 87' lang='grc' dir='ltr'><em>τοῖς</em></span> <span class='ocrx_word' id='word_1_669' title='bbox 1856 4421 2030 4488; x_wconf 86' lang='grc' dir='ltr'><em>ἁγίοις</em></span> <span class='ocrx_word' id='word_1_670' title='bbox 2085 4420 2433 4484; x_wconf 83' lang='grc' dir='ltr'><em>καταξιοῦται</em></span> <span class='ocrx_word' id='word_1_671' title='bbox 2525 4417 2620 4471; x_wconf 80' lang='grc' dir='ltr'><strong><em>ἀτε</em></strong></span> <span class='ocrx_word' id='word_1_672' title='bbox 2682 4418 2745 4485; x_wconf 79' lang='grc' dir='ltr'><em>δὴ</em></span> <span class='ocrx_word' id='word_1_673' title='bbox 2785 4419 3035 4481; x_wconf 75' lang='grc' dir='ltr'><em>κοινωνὸς</em></span> <span class='ocrx_word' id='word_1_674' title='bbox 3072 4419 3165 4470; x_wconf 72' lang='grc' dir='ltr'><em>καὶ</em></span> <span class='ocrx_word' id='word_1_675' title='bbox 3194 4416 3492 4486; x_wconf 87' lang='grc' dir='ltr'><em>σύνδρομος</em></span> 
     </span>
    </p>
   </div>
   <div class='ocr_carea' id='block_1_87' title="bbox 228 4506 2053 4582">
    <p class='ocr_par' dir='ltr' id='par_1_87' title="bbox 228 4506 2053 4582">
     <span class='ocr_line' id='line_1_87' title="bbox 228 4506 2053 4582; baseline 0.003 -23"><span class='ocrx_word' id='word_1_676' title='bbox 228 4507 374 4560; x_wconf 84' lang='grc' dir='ltr'><strong><em>κατά</em></strong></span> <span class='ocrx_word' id='word_1_677' title='bbox 453 4506 682 4577; x_wconf 86' lang='grc' dir='ltr'><em>μίμησιν</em></span> <span class='ocrx_word' id='word_1_678' title='bbox 752 4508 931 4561; x_wconf 82' lang='grc' dir='ltr'><em>αὐτῶν</em></span> <span class='ocrx_word' id='word_1_679' title='bbox 1009 4510 1068 4561; x_wconf 79' lang='grc' dir='ltr'><em>ὲν</em></span> <span class='ocrx_word' id='word_1_680' title='bbox 1133 4509 1323 4579; x_wconf 87' lang='grc' dir='ltr'><em>κόσμῳ</em></span> <span class='ocrx_word' id='word_1_681' title='bbox 1394 4510 1806 4580; x_wconf 81' lang='grc' dir='ltr'><em>διαστραφείσα.</em></span> <span class='ocrx_word' id='word_1_682' title='bbox 1861 4512 2053 4582; x_wconf 85' lang='grc' dir='ltr'><em>Ἀμήν.</em></span> 
     </span>
    </p>
   </div>
   <div class='ocr_carea' id='block_1_88' title="bbox 832 4624 1199 4677">
    <p class='ocr_par' dir='ltr' id='par_1_88' title="bbox 832 4624 1199 4677">
     <span class='ocr_line' id='line_1_88' title="bbox 832 4624 1199 4677; baseline 0.008 -3"><span class='ocrx_word' id='word_1_683' title='bbox 832 4624 1077 4677; x_wconf 82' lang='grc' dir='ltr'><strong><em>ΟΜΙΛΙΑ</em></strong></span> <span class='ocrx_word' id='word_1_684' title='bbox 1124 4625 1199 4677; x_wconf 85' lang='lat' dir='ltr'><strong><em>E&#39;.</em></strong></span> 
     </span>
    </p>
   </div>
   <div class='ocr_carea' id='block_1_89' title="bbox 228 4711 1802 4781">
    <p class='ocr_par' dir='ltr' id='par_1_89' title="bbox 228 4711 1802 4781">
     <span class='ocr_line' id='line_1_89' title="bbox 228 4711 1802 4781; baseline 0.002 -15"><span class='ocrx_word' id='word_1_685' title='bbox 228 4711 441 4781; x_wconf 73' lang='lat' dir='ltr'><strong><em>IIth</em></strong></span> <span class='ocrx_word' id='word_1_686' title='bbox 465 4711 832 4779; x_wconf 78' lang='grc' dir='ltr'><em>μετάστασις</em></span> <span class='ocrx_word' id='word_1_687' title='bbox 859 4715 1088 4781; x_wconf 79' lang='grc' dir='ltr'><em>μεταξὺ</em></span> <span class='ocrx_word' id='word_1_688' title='bbox 1122 4715 1239 4767; x_wconf 88' lang='grc' dir='ltr'><strong><em>τῶν</em></strong></span> <span class='ocrx_word' id='word_1_689' title='bbox 1282 4717 1655 4781; x_wconf 79' lang='grc' dir='ltr'><em>Χριστιανῶν</em></span> <span class='ocrx_word' id='word_1_690' title='bbox 1703 4716 1802 4769; x_wconf 85' lang='grc' dir='ltr'><strong><em>καί</em></strong></span> 
     </span>
    </p>
   </div>
   <div class='ocr_carea' id='block_1_90' title="bbox 299 4780 1803 4853">
    <p class='ocr_par' dir='ltr' id='par_1_90' title="bbox 299 4780 1803 4853">
     <span class='ocr_line' id='line_1_90' title="bbox 299 4780 1803 4853; baseline 0.001 -18"><span class='ocrx_word' id='word_1_691' title='bbox 299 4780 767 4853; x_wconf 60' lang='grc' dir='ltr'><em>τῶνάνθρώπων</em></span> <span class='ocrx_word' id='word_1_692' title='bbox 784 4780 888 4836; x_wconf 82' lang='grc' dir='ltr'><strong><em>τοῦ</em></strong></span> <span class='ocrx_word' id='word_1_693' title='bbox 917 4785 1148 4852; x_wconf 79' lang='grc' dir='ltr'><em>κόσμου</em></span> <span class='ocrx_word' id='word_1_694' title='bbox 1190 4780 1426 4837; x_wconf 82' lang='grc' dir='ltr'><em>τούτου.</em></span> <span class='ocrx_word' id='word_1_695' title='bbox 1458 4790 1519 4837; x_wconf 85' lang='lat' dir='ltr'><strong><em>Ol</em></strong></span> <span class='ocrx_word' id='word_1_696' title='bbox 1546 4785 1660 4853; x_wconf 84' lang='grc' dir='ltr'><em>μὲν</em></span> <span class='ocrx_word' id='word_1_697' title='bbox 1693 4788 1803 4853; x_wconf 77' lang='grc' dir='ltr'><strong><em>γὰρ</em></strong></span> 
     </span>
    </p>
   </div>
   <div class='ocr_carea' id='block_1_91' title="bbox 299 4852 1799 4920">
    <p class='ocr_par' dir='ltr' id='par_1_91' title="bbox 299 4852 1799 4920">
     <span class='ocr_line' id='line_1_91' title="bbox 299 4852 1799 4920; baseline 0.002 -16"><span class='ocrx_word' id='word_1_698' title='bbox 299 4852 540 4919; x_wconf 82' lang='grc' dir='ltr'><em>πνεῦμα</em></span> <span class='ocrx_word' id='word_1_699' title='bbox 575 4852 678 4903; x_wconf 87' lang='grc' dir='ltr'><strong><em>τοῦ</em></strong></span> <span class='ocrx_word' id='word_1_700' title='bbox 701 4852 927 4919; x_wconf 83' lang='grc' dir='ltr'><em>κόσμου</em></span> <span class='ocrx_word' id='word_1_701' title='bbox 957 4854 1217 4920; x_wconf 78' lang='grc' dir='ltr'><em>ἔχοντες,</em></span> <span class='ocrx_word' id='word_1_702' title='bbox 1251 4853 1319 4919; x_wconf 77' lang='grc' dir='ltr'><em>τῇ</em></span> <span class='ocrx_word' id='word_1_703' title='bbox 1346 4854 1558 4920; x_wconf 77' lang='grc' dir='ltr'><em>καρδίᾳ</em></span> <span class='ocrx_word' id='word_1_704' title='bbox 1600 4852 1799 4919; x_wconf 78' lang='grc' dir='ltr'><em>καὶτῷ</em></span> 
     </span>
    </p>
   </div>
   <div class='ocr_carea' id='block_1_92' title="bbox 300 4920 1807 4990">
    <p class='ocr_par' dir='ltr' id='par_1_92' title="bbox 300 4920 1807 4990">
     <span class='ocr_line' id='line_1_92' title="bbox 300 4920 1807 4990; baseline 0.001 -17"><span class='ocrx_word' id='word_1_705' title='bbox 300 4920 388 4982; x_wconf 87' lang='grc' dir='ltr'><em>νῷ</em></span> <span class='ocrx_word' id='word_1_706' title='bbox 422 4922 490 4973; x_wconf 81' lang='grc' dir='ltr'><em>ὲν</em></span> <span class='ocrx_word' id='word_1_707' title='bbox 524 4920 901 4990; x_wconf 15' lang='grc' dir='ltr'><em>τοῖςίγηΐνοις</em></span> <span class='ocrx_word' id='word_1_708' title='bbox 917 4922 1161 4988; x_wconf 81' lang='grc' dir='ltr'><em>δεσμοῖς</em></span> <span class='ocrx_word' id='word_1_709' title='bbox 1185 4923 1479 4976; x_wconf 84' lang='grc' dir='ltr'><em>δέδενται·</em></span> <span class='ocrx_word' id='word_1_710' title='bbox 1504 4927 1558 4976; x_wconf 89' lang='grc' dir='ltr'><strong><em>οἰ</em></strong></span> <span class='ocrx_word' id='word_1_711' title='bbox 1600 4924 1667 4977; x_wconf 89' lang='grc' dir='ltr'><em>δὲ</em></span> <span class='ocrx_word' id='word_1_712' title='bbox 1694 4925 1807 4990; x_wconf 74' lang='grc' dir='ltr'><em>τὴν</em></span> 
     </span>
    </p>
   </div>
   <div class='ocr_carea' id='block_1_93' title="bbox 301 4989 1803 5060">
    <p class='ocr_par' dir='ltr' id='par_1_93' title="bbox 301 4989 1803 5060">
     <span class='ocr_line' id='line_1_93' title="bbox 301 4989 1803 5060; baseline -0.001 -16"><span class='ocrx_word' id='word_1_713' title='bbox 301 4990 546 5055; x_wconf 77' lang='grc' dir='ltr'><em>ἀγάπην</em></span> <span class='ocrx_word' id='word_1_714' title='bbox 574 4989 679 5041; x_wconf 87' lang='grc' dir='ltr'><strong><em>τοῦ</em></strong></span> <span class='ocrx_word' id='word_1_715' title='bbox 724 4991 1084 5057; x_wconf 81' lang='grc' dir='ltr'><em>ἐπουρανίου</em></span> <span class='ocrx_word' id='word_1_716' title='bbox 1108 4993 1338 5060; x_wconf 74' lang='grc' dir='ltr'><em>Πατρός</em></span> <span class='ocrx_word' id='word_1_717' title='bbox 1387 4989 1803 5058; x_wconf 80' lang='grc' dir='ltr'><em>ἐπιποθοῦσιν,</em></span> 
     </span>
    </p>
   </div>
   <div class='ocr_carea' id='block_1_94' title="bbox 301 5061 1807 5132">
    <p class='ocr_par' dir='ltr' id='par_1_94' title="bbox 301 5061 1807 5132">
     <span class='ocr_line' id='line_1_94' title="bbox 301 5061 1807 5132; baseline 0.002 -20"><span class='ocrx_word' id='word_1_718' title='bbox 301 5061 491 5113; x_wconf 82' lang='grc' dir='ltr'><em>αὑτὸν</em></span> <span class='ocrx_word' id='word_1_719' title='bbox 511 5062 706 5127; x_wconf 85' lang='grc' dir='ltr'><em>μόνον</em></span> <span class='ocrx_word' id='word_1_720' title='bbox 725 5064 837 5127; x_wconf 81' lang='grc' dir='ltr'><em>πρὸ</em></span> <span class='ocrx_word' id='word_1_721' title='bbox 852 5061 1174 5130; x_wconf 72' lang='grc' dir='ltr'><em>ὀφθαλμῶν</em></span> <span class='ocrx_word' id='word_1_722' title='bbox 1194 5063 1263 5115; x_wconf 84' lang='grc' dir='ltr'><em>ἐν</em></span> <span class='ocrx_word' id='word_1_723' title='bbox 1288 5061 1493 5131; x_wconf 75' lang='grc' dir='ltr'><em>πολλῇ</em></span> <span class='ocrx_word' id='word_1_724' title='bbox 1522 5063 1807 5132; x_wconf 78' lang='grc' dir='ltr'><em>ἐπιθυμίᾳ</em></span> 
     </span>
    </p>
   </div>
   <div class='ocr_carea' id='block_1_95' title="bbox 304 5132 574 5198">
    <p class='ocr_par' dir='ltr' id='par_1_95' title="bbox 304 5132 574 5198">
     <span class='ocr_line' id='line_1_95' title="bbox 304 5132 574 5198; baseline -0.004 -16"><span class='ocrx_word' id='word_1_725' title='bbox 304 5132 574 5198; x_wconf 74' lang='grc' dir='ltr'><em>ἔχοντες.</em></span> 
     </span>
    </p>
   </div>
   <div class='ocr_carea' id='block_1_96' title="bbox 308 5242 1806 5315">
    <p class='ocr_par' dir='ltr' id='par_1_96' title="bbox 308 5242 1806 5315">
     <span class='ocr_line' id='line_1_96' title="bbox 308 5242 1806 5315; baseline 0 -19"><span class='ocrx_word' id='word_1_726' title='bbox 308 5245 392 5297; x_wconf 83' lang='lat' dir='ltr'><strong><em>A&#39;.</em></strong></span> <span class='ocrx_word' id='word_1_727' title='bbox 439 5244 496 5296; x_wconf 86' lang='lat'><strong><em>&#39;0</em></strong></span> <span class='ocrx_word' id='word_1_728' title='bbox 546 5242 651 5295; x_wconf 88' lang='grc' dir='ltr'><strong><em>τῶν</em></strong></span> <span class='ocrx_word' id='word_1_729' title='bbox 694 5242 1032 5312; x_wconf 86' lang='grc' dir='ltr'><em>Χριστιανῶν</em></span> <span class='ocrx_word' id='word_1_730' title='bbox 1069 5244 1269 5315; x_wconf 89' lang='grc' dir='ltr'><em>κόσμος</em></span> <span class='ocrx_word' id='word_1_731' title='bbox 1303 5245 1487 5315; x_wconf 69' lang='grc' dir='ltr'><em>ἕτερός</em></span> <span class='ocrx_word' id='word_1_732' title='bbox 1528 5246 1668 5307; x_wconf 76' lang='grc' dir='ltr'><em>ἐστι,</em></span> <span class='ocrx_word' id='word_1_733' title='bbox 1710 5244 1806 5297; x_wconf 67' lang='grc' dir='ltr'><strong><em>καί⁵</em></strong></span> 
     </span>
    </p>
   </div>
   <div class='ocr_carea' id='block_1_97' title="bbox 236 5333 1808 5405">
    <p class='ocr_par' dir='ltr' id='par_1_97' title="bbox 236 5333 1808 5405">
     <span class='ocr_line' id='line_1_97' title="bbox 236 5333 1808 5405; baseline 0 -18"><span class='ocrx_word' id='word_1_734' title='bbox 236 5334 503 5402; x_wconf 79' lang='grc' dir='ltr'><em>διαγωγὴ,</em></span> <span class='ocrx_word' id='word_1_735' title='bbox 556 5334 649 5385; x_wconf 78' lang='grc' dir='ltr'><em>καὶ</em></span> <span class='ocrx_word' id='word_1_736' title='bbox 696 5333 840 5396; x_wconf 92' lang='grc' dir='ltr'><em>νοῦς,</em></span> <span class='ocrx_word' id='word_1_737' title='bbox 896 5333 993 5385; x_wconf 55' lang='grc' dir='ltr'><strong><em>καὶ⁹</em></strong></span> <span class='ocrx_word' id='word_1_738' title='bbox 1044 5334 1219 5403; x_wconf 86' lang='grc' dir='ltr'><em>λόγος,</em></span> <span class='ocrx_word' id='word_1_739' title='bbox 1274 5338 1368 5389; x_wconf 78' lang='grc' dir='ltr'><em>καὶ</em></span> <span class='ocrx_word' id='word_1_740' title='bbox 1420 5335 1619 5405; x_wconf 79' lang='grc' dir='ltr'><em>πρᾶξις</em></span> <span class='ocrx_word' id='word_1_741' title='bbox 1647 5336 1808 5405; x_wconf 77' lang='grc' dir='ltr'><em>ἑτέρα</em></span> 
     </span>
    </p>
   </div>
   <div class='ocr_carea' id='block_1_98' title="bbox 230 5423 1801 5496">
    <p class='ocr_par' dir='ltr' id='par_1_98' title="bbox 230 5423 1801 5496">
     <span class='ocr_line' id='line_1_98' title="bbox 230 5423 1801 5496; baseline -0.002 -16"><span class='ocrx_word' id='word_1_742' title='bbox 230 5426 518 5495; x_wconf 80' lang='grc' dir='ltr'><em>τυγχάνει,</em></span> <span class='ocrx_word' id='word_1_743' title='bbox 568 5423 661 5477; x_wconf 75' lang='grc' dir='ltr'><em>καὶ</em></span> <span class='ocrx_word' id='word_1_744' title='bbox 696 5425 729 5494; x_wconf 84' lang='grc' dir='ltr'><strong><em>ή</em></strong></span> <span class='ocrx_word' id='word_1_745' title='bbox 778 5425 885 5477; x_wconf 85' lang='grc' dir='ltr'><strong><em>τῶν</em></strong></span> <span class='ocrx_word' id='word_1_746' title='bbox 926 5425 1228 5496; x_wconf 87' lang='grc' dir='ltr'><em>ἀνθρώπων</em></span> <span class='ocrx_word' id='word_1_747' title='bbox 1254 5427 1345 5479; x_wconf 90' lang='grc' dir='ltr'><strong><em>τοῦ</em></strong></span> <span class='ocrx_word' id='word_1_748' title='bbox 1377 5426 1581 5495; x_wconf 79' lang='grc' dir='ltr'><em>κόσμου</em></span> <span class='ocrx_word' id='word_1_749' title='bbox 1610 5426 1801 5480; x_wconf 87' lang='grc' dir='ltr'><em>τούτου</em></span> 
     </span>
    </p>
   </div>
   <div class='ocr_carea' id='block_1_99' title="bbox 233 5514 1801 5587">
    <p class='ocr_par' dir='ltr' id='par_1_99' title="bbox 233 5514 1801 5587">
     <span class='ocr_line' id='line_1_99' title="bbox 233 5514 1801 5587; baseline -0.001 -16"><span class='ocrx_word' id='word_1_750' title='bbox 233 5516 507 5587; x_wconf 79' lang='grc' dir='ltr'><em>διαγωγὴ,</em></span> <span class='ocrx_word' id='word_1_751' title='bbox 558 5515 652 5568; x_wconf 75' lang='grc' dir='ltr'><em>καὶ</em></span> <span class='ocrx_word' id='word_1_752' title='bbox 678 5514 824 5581; x_wconf 85' lang='grc' dir='ltr'><em>νοῦς,</em></span> <span class='ocrx_word' id='word_1_753' title='bbox 875 5516 973 5570; x_wconf 79' lang='grc' dir='ltr'><em>καὶ</em></span> <span class='ocrx_word' id='word_1_754' title='bbox 1022 5516 1199 5584; x_wconf 83' lang='grc' dir='ltr'><em>λόγος,</em></span> <span class='ocrx_word' id='word_1_755' title='bbox 1244 5518 1339 5571; x_wconf 74' lang='grc' dir='ltr'><em>καὶ</em></span> <span class='ocrx_word' id='word_1_756' title='bbox 1372 5518 1569 5586; x_wconf 81' lang='grc' dir='ltr'><em>πρᾶξις</em></span> <span class='ocrx_word' id='word_1_757' title='bbox 1619 5516 1801 5587; x_wconf 80' lang='grc' dir='ltr'><em>ἑτέρα.</em></span> 
     </span>
    </p>
   </div>
   <div class='ocr_carea' id='block_1_100' title="bbox 240 5597 1805 5669">
    <p class='ocr_par' dir='ltr' id='par_1_100' title="bbox 240 5597 1805 5669">
     <span class='ocr_line' id='line_1_100' title="bbox 240 5597 1805 5669; baseline -0.005 -7"><span class='ocrx_word' id='word_1_758' title='bbox 240 5606 407 5662; x_wconf 75' lang='grc' dir='ltr'><em>Ἄλλο</em></span> <span class='ocrx_word' id='word_1_759' title='bbox 440 5605 491 5657; x_wconf 90' lang='grc' dir='ltr'><strong><em>τί</em></strong></span> <span class='ocrx_word' id='word_1_760' title='bbox 542 5605 680 5657; x_wconf 88' lang='grc' dir='ltr'><em>εἰσιν</em></span> <span class='ocrx_word' id='word_1_761' title='bbox 723 5605 919 5659; x_wconf 71' lang='grc' dir='ltr'><em>ἐκεῖνοι</em></span> <span class='ocrx_word' id='word_1_762' title='bbox 957 5605 1047 5659; x_wconf 74' lang='grc' dir='ltr'><em>καὶ</em></span> <span class='ocrx_word' id='word_1_763' title='bbox 1074 5604 1202 5659; x_wconf 80' lang='grc' dir='ltr'><em>ἄλλο</em></span> <span class='ocrx_word' id='word_1_764' title='bbox 1233 5605 1286 5658; x_wconf 85' lang='grc' dir='ltr'><strong><em>τί</em></strong></span> <span class='ocrx_word' id='word_1_765' title='bbox 1326 5606 1464 5657; x_wconf 86' lang='grc' dir='ltr'><em>εἰσιν</em></span> <span class='ocrx_word' id='word_1_766' title='bbox 1498 5597 1675 5669; x_wconf 71' lang='grc' dir='ltr'><em>οὗτοι,</em></span> <span class='ocrx_word' id='word_1_767' title='bbox 1712 5604 1805 5655; x_wconf 77' lang='grc' dir='ltr'><em>καὶ</em></span> 
     </span>
    </p>
   </div>
   <div class='ocr_carea' id='block_1_101' title="bbox 1840 4610 1889 4666">
    <p class='ocr_par' dir='ltr' id='par_1_101' title="bbox 1840 4610 1889 4666">
     <span class='ocr_line' id='line_1_101' title="bbox 1840 4610 1889 4666; baseline 0 0"><span class='ocrx_word' id='word_1_768' title='bbox 1840 4610 1889 4666; x_wconf 91' lang='lat' dir='ltr'>D</span> 
     </span>
    </p>
   </div>
   <div class='ocr_carea' id='block_1_102' title="bbox 2514 4620 2895 4675">
    <p class='ocr_par' dir='ltr' id='par_1_102' title="bbox 2514 4620 2895 4675">
     <span class='ocr_line' id='line_1_102' title="bbox 2514 4620 2895 4675; baseline 0 -2"><span class='ocrx_word' id='word_1_769' title='bbox 2514 4620 2794 4675; x_wconf 81' lang='lat' dir='ltr'><strong><em>HOMILIA</em></strong></span> <span class='ocrx_word' id='word_1_770' title='bbox 2833 4620 2895 4673; x_wconf 76' lang='grc' dir='ltr'><em>γ.</em></span> 
     </span>
    </p>
   </div>
   <div class='ocr_carea' id='block_1_103' title="bbox 1902 4712 3492 4786">
    <p class='ocr_par' dir='ltr' id='par_1_103' title="bbox 1902 4712 3492 4786">
     <span class='ocr_line' id='line_1_103' title="bbox 1902 4712 3492 4786; baseline -0.002 -17"><span class='ocrx_word' id='word_1_771' title='bbox 1902 4714 2105 4786; x_wconf 73' lang='lat' dir='ltr'><strong><em>Magna</em></strong></span> <span class='ocrx_word' id='word_1_772' title='bbox 2136 4715 2429 4784; x_wconf 77' lang='lat' dir='ltr'><strong><em>diﬁ&#39;erentia</em></strong></span> <span class='ocrx_word' id='word_1_773' title='bbox 2458 4716 2597 4786; x_wconf 80' lang='lat' dir='ltr'><strong><em>inter</em></strong></span> <span class='ocrx_word' id='word_1_774' title='bbox 2626 4712 2953 4786; x_wconf 81' lang='lat' dir='ltr'><strong><em>Christianos</em></strong></span> <span class='ocrx_word' id='word_1_775' title='bbox 2986 4714 3303 4786; x_wconf 12' lang='lat' dir='ltr'><strong><em>etihomines</em></strong></span> <span class='ocrx_word' id='word_1_776' title='bbox 3330 4714 3492 4783; x_wconf 81' lang='lat' dir='ltr'><strong><em>hujus</em></strong></span> 
     </span>
    </p>
   </div>
   <div class='ocr_carea' id='block_1_104' title="bbox 1973 4782 3493 4849">
    <p class='ocr_par' dir='ltr' id='par_1_104' title="bbox 1973 4782 3493 4849">
     <span class='ocr_line' id='line_1_104' title="bbox 1973 4782 3493 4849; baseline -0.002 -10"><span class='ocrx_word' id='word_1_777' title='bbox 1973 4782 2171 4839; x_wconf 61' lang='lat' dir='ltr'><strong><em>seaculi.</em></strong></span> <span class='ocrx_word' id='word_1_778' title='bbox 2192 4782 2272 4840; x_wconf 38' lang='lat' dir='ltr'><strong><em>&quot;Hi</em></strong></span> <span class='ocrx_word' id='word_1_779' title='bbox 2302 4788 2437 4837; x_wconf 87' lang='lat' dir='ltr'><strong><em>enim</em></strong></span> <span class='ocrx_word' id='word_1_780' title='bbox 2466 4784 2656 4849; x_wconf 79' lang='lat' dir='ltr'><strong><em>spiritu</em></strong></span> <span class='ocrx_word' id='word_1_781' title='bbox 2690 4784 2873 4834; x_wconf 90' lang='lat' dir='ltr'><strong><em>mundi</em></strong></span> <span class='ocrx_word' id='word_1_782' title='bbox 2905 4782 3115 4849; x_wconf 70' lang='lat' dir='ltr'><strong><em>prtediti</em></strong></span> <span class='ocrx_word' id='word_1_783' title='bbox 3155 4786 3493 4836; x_wconf 74' lang='lat' dir='ltr'><strong><em>animotenus</em></strong></span> 
     </span>
    </p>
   </div>
   <div class='ocr_carea' id='block_1_105' title="bbox 1975 4852 3492 4909">
    <p class='ocr_par' dir='ltr' id='par_1_105' title="bbox 1975 4852 3492 4909">
     <span class='ocr_line' id='line_1_105' title="bbox 1975 4852 3492 4909; baseline -0.001 -1"><span class='ocrx_word' id='word_1_784' title='bbox 1975 4875 2037 4909; x_wconf 91' lang='lat' dir='ltr'><strong><em>ac</em></strong></span> <span class='ocrx_word' id='word_1_785' title='bbox 2065 4856 2217 4907; x_wconf 87' lang='lat' dir='ltr'><strong><em>corde</em></strong></span> <span class='ocrx_word' id='word_1_786' title='bbox 2250 4852 2581 4906; x_wconf 83' lang='lat' dir='ltr'><strong><em>terrestribus</em></strong></span> <span class='ocrx_word' id='word_1_787' title='bbox 2617 4852 2838 4903; x_wconf 80' lang='lat' dir='ltr'><strong><em>vinculis</em></strong></span> <span class='ocrx_word' id='word_1_788' title='bbox 2878 4852 3037 4903; x_wconf 86' lang='lat' dir='ltr'><strong><em>vincti</em></strong></span> <span class='ocrx_word' id='word_1_789' title='bbox 3064 4862 3187 4903; x_wconf 88' lang='lat' dir='ltr'><strong><em>sunt</em></strong></span> <span class='ocrx_word' id='word_1_790' title='bbox 3216 4870 3232 4905; x_wconf 89' lang='lat'><strong><em>:</em></strong></span> <span class='ocrx_word' id='word_1_791' title='bbox 3264 4852 3345 4904; x_wconf 84' lang='lat' dir='ltr'><strong><em>illi</em></strong></span> <span class='ocrx_word' id='word_1_792' title='bbox 3368 4868 3492 4906; x_wconf 82' lang='lat' dir='ltr'><strong><em>vero</em></strong></span> 
     </span>
    </p>
   </div>
   <div class='ocr_carea' id='block_1_106' title="bbox 1975 4921 3493 4985">
    <p class='ocr_par' dir='ltr' id='par_1_106' title="bbox 1975 4921 3493 4985">
     <span class='ocr_line' id='line_1_106' title="bbox 1975 4921 3493 4985; baseline -0.001 -9"><span class='ocrx_word' id='word_1_793' title='bbox 1975 4924 2250 4978; x_wconf 87' lang='lat' dir='ltr'><strong><em>dilectione</em></strong></span> <span class='ocrx_word' id='word_1_794' title='bbox 2274 4922 2493 4976; x_wconf 80' lang='lat' dir='ltr'><strong><em>caelestis</em></strong></span> <span class='ocrx_word' id='word_1_795' title='bbox 2524 4921 2701 4973; x_wconf 83' lang='lat' dir='ltr'><strong><em>Patris</em></strong></span> <span class='ocrx_word' id='word_1_796' title='bbox 2725 4922 2939 4985; x_wconf 89' lang='lat' dir='ltr'><strong><em>detenti,</em></strong></span> <span class='ocrx_word' id='word_1_797' title='bbox 2964 4937 3083 4973; x_wconf 80' lang='lat' dir='ltr'><strong><em>eum</em></strong></span> <span class='ocrx_word' id='word_1_798' title='bbox 3101 4921 3273 4973; x_wconf 90' lang='lat' dir='ltr'><strong><em>solum</em></strong></span> <span class='ocrx_word' id='word_1_799' title='bbox 3295 4921 3354 4975; x_wconf 91' lang='lat' dir='ltr'><strong><em>ob</em></strong></span> <span class='ocrx_word' id='word_1_800' title='bbox 3377 4938 3493 4975; x_wconf 87' lang='lat' dir='ltr'><strong><em>ocu-</em></strong></span> 
     </span>
    </p>
   </div>
   <div class='ocr_carea' id='block_1_107' title="bbox 1978 4991 2836 5048">
    <p class='ocr_par' dir='ltr' id='par_1_107' title="bbox 1978 4991 2836 5048">
     <span class='ocr_line' id='line_1_107' title="bbox 1978 4991 2836 5048; baseline -0.005 -2"><span class='ocrx_word' id='word_1_801' title='bbox 1978 4995 2053 5047; x_wconf 86' lang='lat' dir='ltr'><strong><em>los</em></strong></span> <span class='ocrx_word' id='word_1_802' title='bbox 2088 4998 2142 5048; x_wconf 87' lang='lat' dir='ltr'><strong><em>in</em></strong></span> <span class='ocrx_word' id='word_1_803' title='bbox 2173 4996 2315 5047; x_wconf 89' lang='lat' dir='ltr'><strong><em>omni</em></strong></span> <span class='ocrx_word' id='word_1_804' title='bbox 2343 4991 2595 5044; x_wconf 85' lang='lat' dir='ltr'><strong><em>desiderio</em></strong></span> <span class='ocrx_word' id='word_1_805' title='bbox 2624 4992 2836 5043; x_wconf 86' lang='lat' dir='ltr'><strong><em>habent.</em></strong></span> 
     </span>
    </p>
   </div>
   <div class='ocr_carea' id='block_1_108' title="bbox 1982 5228 3490 5293">
    <p class='ocr_par' dir='ltr' id='par_1_108' title="bbox 1982 5228 3490 5293">
     <span class='ocr_line' id='line_1_108' title="bbox 1982 5228 3490 5293; baseline 0.001 -9"><span class='ocrx_word' id='word_1_806' title='bbox 1982 5231 2023 5284; x_wconf 85' lang='grc' dir='ltr'><em>ι.</em></span> <span class='ocrx_word' id='word_1_807' title='bbox 2075 5230 2230 5283; x_wconf 82' lang='lat' dir='ltr'><strong><em>Alius</em></strong></span> <span class='ocrx_word' id='word_1_808' title='bbox 2275 5237 2360 5283; x_wconf 87' lang='lat' dir='ltr'><strong><em>est</em></strong></span> <span class='ocrx_word' id='word_1_809' title='bbox 2400 5228 2842 5283; x_wconf 84' lang='lat' dir='ltr'><strong><em>Christianorum</em></strong></span> <span class='ocrx_word' id='word_1_810' title='bbox 2886 5229 3146 5293; x_wconf 88' lang='lat' dir='ltr'><strong><em>mundus,</em></strong></span> <span class='ocrx_word' id='word_1_811' title='bbox 3176 5229 3327 5285; x_wconf 88' lang='lat' dir='ltr'><strong><em>aliud</em></strong></span> <span class='ocrx_word' id='word_1_812' title='bbox 3363 5231 3490 5286; x_wconf 73' lang='lat' dir='ltr'><strong><em>vitae.</em></strong></span> 
     </span>
    </p>
   </div>
   <div class='ocr_carea' id='block_1_109' title="bbox 1916 5320 3491 5391">
    <p class='ocr_par' dir='ltr' id='par_1_109' title="bbox 1916 5320 3491 5391">
     <span class='ocr_line' id='line_1_109' title="bbox 1916 5320 3491 5391; baseline 0 -16"><span class='ocrx_word' id='word_1_813' title='bbox 1916 5322 2250 5387; x_wconf 89' lang='lat' dir='ltr'><strong><em>institutum,</em></strong></span> <span class='ocrx_word' id='word_1_814' title='bbox 2272 5320 2375 5374; x_wconf 88' lang='lat' dir='ltr'><strong><em>alia</em></strong></span> <span class='ocrx_word' id='word_1_815' title='bbox 2396 5336 2571 5383; x_wconf 91' lang='lat' dir='ltr'><strong><em>mens,</em></strong></span> <span class='ocrx_word' id='word_1_816' title='bbox 2601 5320 2741 5374; x_wconf 90' lang='lat' dir='ltr'><strong><em>alius</em></strong></span> <span class='ocrx_word' id='word_1_817' title='bbox 2762 5336 2941 5375; x_wconf 89' lang='lat' dir='ltr'><strong><em>sermo</em></strong></span> <span class='ocrx_word' id='word_1_818' title='bbox 2957 5330 3121 5390; x_wconf 91' lang='lat' dir='ltr'><strong><em>atque</em></strong></span> <span class='ocrx_word' id='word_1_819' title='bbox 3152 5322 3257 5375; x_wconf 88' lang='lat' dir='ltr'><strong><em>alia</em></strong></span> <span class='ocrx_word' id='word_1_820' title='bbox 3289 5336 3491 5391; x_wconf 85' lang='lat' dir='ltr'><strong><em>opera;</em></strong></span> 
     </span>
    </p>
   </div>
   <div class='ocr_carea' id='block_1_110' title="bbox 1914 5412 3495 5482">
    <p class='ocr_par' dir='ltr' id='par_1_110' title="bbox 1914 5412 3495 5482">
     <span class='ocr_line' id='line_1_110' title="bbox 1914 5412 3495 5482; baseline -0.001 -14"><span class='ocrx_word' id='word_1_821' title='bbox 1914 5422 1970 5468; x_wconf 91' lang='lat' dir='ltr'><strong><em>et</em></strong></span> <span class='ocrx_word' id='word_1_822' title='bbox 1992 5414 2144 5467; x_wconf 89' lang='lat' dir='ltr'><strong><em>aliud</em></strong></span> <span class='ocrx_word' id='word_1_823' title='bbox 2163 5421 2245 5467; x_wconf 90' lang='lat' dir='ltr'><strong><em>est</em></strong></span> <span class='ocrx_word' id='word_1_824' title='bbox 2274 5413 2399 5466; x_wconf 74' lang='lat' dir='ltr'><strong><em>vita:</em></strong></span> <span class='ocrx_word' id='word_1_825' title='bbox 2428 5413 2738 5466; x_wconf 88' lang='lat' dir='ltr'><strong><em>institutum</em></strong></span> <span class='ocrx_word' id='word_1_826' title='bbox 2769 5412 3053 5465; x_wconf 88' lang='lat' dir='ltr'><strong><em>hominum</em></strong></span> <span class='ocrx_word' id='word_1_827' title='bbox 3082 5412 3246 5482; x_wconf 80' lang='lat' dir='ltr'><strong><em>hujus</em></strong></span> <span class='ocrx_word' id='word_1_828' title='bbox 3280 5413 3495 5477; x_wconf 83' lang='lat' dir='ltr'><strong><em>mundi,</em></strong></span> 
     </span>
    </p>
   </div>
   <div class='ocr_carea' id='block_1_111' title="bbox 1914 5502 3501 5575">
    <p class='ocr_par' dir='ltr' id='par_1_111' title="bbox 1914 5502 3501 5575">
     <span class='ocr_line' id='line_1_111' title="bbox 1914 5502 3501 5575; baseline -0.003 -13"><span class='ocrx_word' id='word_1_829' title='bbox 1914 5509 2021 5562; x_wconf 90' lang='lat' dir='ltr'><strong><em>alia</em></strong></span> <span class='ocrx_word' id='word_1_830' title='bbox 2038 5522 2211 5571; x_wconf 87' lang='lat' dir='ltr'><strong><em>mens,</em></strong></span> <span class='ocrx_word' id='word_1_831' title='bbox 2234 5507 2375 5561; x_wconf 89' lang='lat' dir='ltr'><strong><em>alius</em></strong></span> <span class='ocrx_word' id='word_1_832' title='bbox 2403 5521 2608 5571; x_wconf 88' lang='lat' dir='ltr'><strong><em>sermo,</em></strong></span> <span class='ocrx_word' id='word_1_833' title='bbox 2640 5515 2803 5575; x_wconf 84' lang='lat' dir='ltr'><strong><em>atque</em></strong></span> <span class='ocrx_word' id='word_1_834' title='bbox 2831 5503 2935 5557; x_wconf 89' lang='lat' dir='ltr'><strong><em>alia</em></strong></span> <span class='ocrx_word' id='word_1_835' title='bbox 2964 5518 3130 5573; x_wconf 88' lang='lat' dir='ltr'><strong><em>opera</em></strong></span> <span class='ocrx_word' id='word_1_836' title='bbox 3157 5502 3341 5557; x_wconf 90' lang='lat' dir='ltr'><strong><em>:aliud</em></strong></span> <span class='ocrx_word' id='word_1_837' title='bbox 3366 5514 3501 5558; x_wconf 81' lang='lat' dir='ltr'><strong><em>sunt</em></strong></span> 
     </span>
    </p>
   </div>
   <div class='ocr_carea' id='block_1_112' title="bbox 1915 5594 3501 5667">
    <p class='ocr_par' dir='ltr' id='par_1_112' title="bbox 1915 5594 3501 5667">
     <span class='ocr_line' id='line_1_112' title="bbox 1915 5594 3501 5667; baseline -0.003 -12"><span class='ocrx_word' id='word_1_838' title='bbox 1915 5600 2015 5667; x_wconf 91' lang='lat' dir='ltr'><strong><em>illi,</em></strong></span> <span class='ocrx_word' id='word_1_839' title='bbox 2046 5608 2101 5655; x_wconf 88' lang='lat' dir='ltr'><strong><em>et</em></strong></span> <span class='ocrx_word' id='word_1_840' title='bbox 2123 5598 2274 5653; x_wconf 88' lang='lat' dir='ltr'><strong><em>aliud</em></strong></span> <span class='ocrx_word' id='word_1_841' title='bbox 2302 5609 2431 5652; x_wconf 89' lang='lat' dir='ltr'><strong><em>sunt</em></strong></span> <span class='ocrx_word' id='word_1_842' title='bbox 2461 5598 2554 5652; x_wconf 88' lang='lat' dir='ltr'><strong><em>hi:</em></strong></span> <span class='ocrx_word' id='word_1_843' title='bbox 2587 5606 2644 5653; x_wconf 91' lang='lat' dir='ltr'><strong><em>et</em></strong></span> <span class='ocrx_word' id='word_1_844' title='bbox 2673 5611 2865 5667; x_wconf 84' lang='lat' dir='ltr'><strong><em>magna</em></strong></span> <span class='ocrx_word' id='word_1_845' title='bbox 2899 5594 3212 5652; x_wconf 69' lang='lat' dir='ltr'><strong><em>dilierentia</em></strong></span> <span class='ocrx_word' id='word_1_846' title='bbox 3239 5603 3325 5651; x_wconf 86' lang='lat' dir='ltr'><strong><em>est</em></strong></span> <span class='ocrx_word' id='word_1_847' title='bbox 3346 5596 3501 5653; x_wconf 84' lang='lat' dir='ltr'><strong><em>inter</em></strong></span> 
     </span>
    </p>
   </div>
   <div class='ocr_carea' id='block_1_113' title="bbox 311 5755 2481 5831">
    <p class='ocr_par' dir='ltr' id='par_1_113' title="bbox 311 5755 2481 5831">
     <span class='ocr_line' id='line_1_113' title="bbox 311 5755 2481 5831; baseline -0.006 -12"><span class='ocrx_word' id='word_1_848' title='bbox 311 5765 359 5797; x_wconf 71' lang='grc' dir='ltr'><strong><em>δ’</em></strong></span> <span class='ocrx_word' id='word_1_849' title='bbox 389 5762 523 5819; x_wconf 89' lang='lat' dir='ltr'><strong><em>Luc.</em></strong></span> <span class='ocrx_word' id='word_1_850' title='bbox 558 5779 711 5831; x_wconf 80' lang='lat' dir='ltr'><strong><em>xvm,</em></strong></span> <span class='ocrx_word' id='word_1_851' title='bbox 743 5764 797 5830; x_wconf 90' lang='lat'><strong><em>7,</em></strong></span> <span class='ocrx_word' id='word_1_852' title='bbox 832 5764 884 5818; x_wconf 91' lang='lat'><strong><em>8.</em></strong></span> <span class='ocrx_word' id='word_1_853' title='bbox 962 5764 1009 5795; x_wconf 73' lang='grc' dir='ltr'><em>’θ</em></span> <span class='ocrx_word' id='word_1_854' title='bbox 1048 5763 1238 5819; x_wconf 79' lang='lat' dir='ltr'><strong><em>Matth.</em></strong></span> <span class='ocrx_word' id='word_1_855' title='bbox 1279 5778 1371 5827; x_wconf 76' lang='lat' dir='ltr'><strong><em>vn,</em></strong></span> <span class='ocrx_word' id='word_1_856' title='bbox 1415 5765 1466 5828; x_wconf 88' lang='lat'><strong><em>7,</em></strong></span> <span class='ocrx_word' id='word_1_857' title='bbox 1507 5764 1559 5818; x_wconf 92' lang='lat'><strong><em>8.</em></strong></span> <span class='ocrx_word' id='word_1_858' title='bbox 1636 5762 1679 5793; x_wconf 78' lang='grc'><strong><em>⁸³</em></strong></span> <span class='ocrx_word' id='word_1_859' title='bbox 1722 5760 1854 5815; x_wconf 89' lang='lat' dir='ltr'><strong><em>Luc.</em></strong></span> <span class='ocrx_word' id='word_1_860' title='bbox 1900 5775 1974 5824; x_wconf 80' lang='lat' dir='ltr'><strong><em>XI,</em></strong></span> <span class='ocrx_word' id='word_1_861' title='bbox 2015 5760 2067 5814; x_wconf 82' lang='lat'><strong><em>9.</em></strong></span> <span class='ocrx_word' id='word_1_862' title='bbox 2146 5760 2190 5789; x_wconf 88' lang='lat'>&quot;</span> <span class='ocrx_word' id='word_1_863' title='bbox 2227 5755 2363 5811; x_wconf 85' lang='lat' dir='ltr'><strong><em>ibid.</em></strong></span> <span class='ocrx_word' id='word_1_864' title='bbox 2397 5756 2481 5811; x_wconf 86' lang='lat' dir='ltr'><strong><em>lO.</em></strong></span> 
     </span>
    </p>
   </div>
  </div>
