4266 6356
788 400 892 465 495
2017 390 2077 449 S.
2117 384 2435 448 MACARII
2475 381 2799 444 EGYPTII
3924 356 4041 420 496

788 516 891 570 hos
930 520 989 569 et
1020 512 1164 566 illos.
1213 510 1565 565 Habitatores
1590 509 1738 565 enim
1771 515 1955 570 terrae,
1984 513 2041 559 et
2068 501 2163 556 lilii
2194 500 2359 570 hujus
2386 502 2435 559 Α
2461 514 2473 549 τ

2358 502 2435 559 ηΑ
2461 496 2630 566 πολλὴ
2682 495 2961 555 διάστασις
3009 488 3211 561 μεταξὺ
3244 500 3447 539 τουτων
3497 477 3791 535 κάκείνων.
3829 471 4043 570 Οἰᾼγάρ

789 604 975 660 saeculi
999 603 1206 657 similes
1221 609 1349 658 sunt
1372 601 1650 656 frumento
1668 602 1723 655 in
1751 598 1993 654 cribrum
2015 595 2179 663 hujus
2203 601 2363 646 terra:
2461 607 2474 637 ιι

2360 620 2363 643 ι
2461 589 2560 659 τῆς
2588 564 2691 658 γῆς
2723 586 3023 657 οἰκήτορες.
3060 582 3153 635 καὶ
3172 580 3240 632 τά
3274 579 3440 632 τέκνα
3477 570 3796 672 τοῦ-αἰῶνος
3819 564 4045 668 τούτου,

792 696 1062 764 conjecto,
1118 692 1320 762 quippe
1376 690 1471 760 qui
1525 696 1942 744 commoventur
1986 683 2147 738 ﬂuxis
2194 680 2363 749 hujus
2463 681 2477 733 ί

2362 718 2363 725 η
2463 677 2673 733 ἐοίκασι
2713 676 2843 745 σίτῳ
2884 670 3200 743 βεϐλημένῳ
3235 667 3294 720 ἐν
3337 665 3488 733 σινίῳ
3534 665 3638 763 τῆς
3669 665 3776 764 γης
3804 665 4047 758 ταύτης.

792 785 982 839 mundi
1036 782 1481 853 cogitationibus,
1533 789 1591 834 et
1635 776 2025 851 jactationibus
2076 770 2364 844 perpetuis

793 886 1139 931 terrenarum
1193 888 1398 938 rerum,
1443 871 1839 927 desideriorum
1868 883 1931 922 ac
1962 866 2233 921 variarum
2274 876 2366 915 co-

795 966 1122 1036 gitationum
1158 977 1466 1019 crassarum
1492 980 1504 1015 :
1532 964 1771 1033 jactante
1805 960 2017 1013 animas
2058 956 2277 1017 Satana,
2310 960 2366 1006 et

796 1055 1079 1109 cribrante
1107 1054 1313 1119 cribro,
1351 1054 1456 1108 hoc
1484 1062 1585 1118 est,
1614 1051 1781 1106 rebus
1810 1050 2060 1111 terrenis,
2094 1060 2255 1099 omne
2278 1058 2368 1113 ge-

796 1161 902 1199 nus
929 1146 1251 1209 humanum,
1282 1156 1507 1214 peccato
1529 1143 1826 1198 obnoxium
1853 1157 1882 1195 a
1915 1151 2159 1209 tempore
2184 1139 2369 1207 lapsus

797 1236 947 1300 Adae,
1000 1236 1095 1305 qui
1155 1246 1531 1304 transgressus
1586 1233 1934 1295 mandatum,
1995 1232 2049 1285 in
2103 1229 2371 1300 principis

797 1328 1019 1382 malitia:
1044 1334 1369 1397 potestatem
1400 1327 1570 1381 venit.
1601 1327 1715 1392 Qua
1758 1325 1848 1379 ille
1892 1332 2134 1393 accepta,
2175 1337 2371 1392 perpe-

798 1420 913 1473 tuis
970 1419 1223 1473 fraudum
1286 1426 1341 1471 et
1406 1417 1883 1487 perturbationum
1944 1413 2371 1485 cogitationibus

800 1508 1028 1572 cribrat,
1060 1516 1116 1563 et
1145 1508 1352 1562 collidit
1380 1508 1563 1561 cribro
1603 1518 1760 1561 terrae
1804 1521 1996 1560 onmes
2038 1505 2180 1559 lilios
2205 1505 2371 1574 hujus

802 1598 1008 1653 saeculi.

874 1772 941 1826 ll.
994 1770 1465 1838 Quemadmodum
1512 1773 1658 1826 enim
1709 1772 1764 1824 in
1805 1770 1992 1824 cribro
2050 1771 2294 1825 triticum
2344 1787 2375 1825 a

802 1862 1082 1917 cribrante
1104 1863 1371 1929 alliditur,
1398 1873 1451 1918 et
1484 1864 1537 1916 in
1564 1878 1631 1917 eo
1655 1864 1917 1931 agitatum
1948 1863 2209 1917 continue
2240 1876 2374 1916 con-

800 1952 1066 2007 vertitur:
1094 1951 1176 2008 sic
1206 1953 1458 2022 princeps
1483 1952 1704 2006 malitia:
1725 1952 1959 2007 terrenis
1978 1952 2145 2007 rebus
2169 1952 2378 2007 detinet

801 2042 1075 2106 homines,
1102 2043 1280 2112 iisque
1301 2058 1395 2097 eos
1425 2043 1613 2112 agitat,
1636 2043 1928 2097 conturbat
1952 2058 2014 2096 ac
2037 2051 2373 2109 commovet;

799 2141 858 2187 et
887 2141 945 2186 ut
974 2133 1271 2186 allidantur
1308 2133 1734 2201 cogitationibus
1766 2133 1943 2197 vanis,
1980 2133 2377 2201 cupiditatibus

801 2224 1059 2294 turpibus
1099 2239 1165 2279 ac
1197 2224 1436 2278 vinculis
1483 2225 1719 2279 terrenis
1748 2232 1804 2277 et
1831 2225 2142 2289 mundanis,
2188 2226 2373 2292 ethit,

798 2314 1010 2384 absque
1061 2314 1171 2368 ulla
1225 2313 1633 2369 intermissione
1680 2315 1979 2383 captivans,
2023 2316 2375 2384 perturbans,

798 2412 858 2461 et
904 2406 1159 2459 inescans
1202 2420 1364 2460 omne
1408 2420 1583 2475 genus
1610 2406 1739 2461 Ada:
1777 2414 2001 2475 peccato
2031 2407 2328 2462 obnoxium
2359 2424 2373 2460 :

800 2495 1264 2565 quemadmodum
1298 2496 1567 2550 Dominus
1596 2496 1859 2566 apostolis
1898 2497 2138 2551 futuram
2168 2500 2375 2567 princi—

800 2587 889 2659 pis
910 2588 1173 2657 nequitiae
1194 2588 1456 2642 adversus
1486 2604 1582 2643 eos
1607 2589 2064 2644 insurrectionem
2086 2589 2373 2659 praedixit:

801 2676 1066 2749 Expetivit
1088 2678 1320 2734 Satanas
1348 2697 1436 2734 vos
1477 2681 1546 2733 ad
1579 2681 1914 2735 cribrandum
1943 2683 2075 2737 sicut
2107 2683 2377 2737 triticum:

800 2770 893 2825 sed
934 2786 1027 2839 ego
1070 2773 1252 2841 rogavi
1296 2770 1515 2824 Patrem
1565 2789 1758 2835 meum,
1794 2789 1858 2826 ne
1888 2773 2097 2840 deﬁciat
2125 2772 2255 2841 ﬁdes
2288 2792 2376 2828 ve-

798 2869 912 2914 stra
934 2862 1001 2914 ⁸³.
1036 2861 1277 2917 Verbum
1311 2863 1458 2916 enim
1492 2864 1625 2917 illud
1656 2863 1801 2932 quod
1844 2879 1875 2918 a
1903 2864 2163 2921 Creatore
2208 2867 2378 2921 Caino

803 2951 1013 3007 dictum
1050 2961 1155 3017 est,
1183 2962 1238 3007 et
1268 2956 1543 3009 sententia
1575 2956 1666 3009 illa
1696 2957 1871 3025 palam
1903 2958 2133 3026 prolata,
2180 2958 2377 3013 videli-

802 3050 910 3106 cet,
942 3041 1160 3098 Gemens
1189 3061 1250 3096 ac
1276 3054 1501 3098 tremens
1546 3062 1702 3115 super
1752 3053 1952 3100 terram
1994 3047 2277 3117 agitaberis
2309 3048 2373 3113 ⁵⁸,

2466 744 2829 837 σινιαξόμενοι
2866 768 2924 819 ἐν
2952 765 3206 825 άστάτοις
3235 758 3519 828 λογισμοῖς
3546 752 3641 807 τοῦ
3676 752 3885 819 κόσμου
3912 744 4053 798 τού-

2466 879 2582 924 του,
2619 861 2714 915 καὶ
2757 859 2903 927 σάλῳ
2953 857 3218 922 ἀπαύστῳ
3268 851 3377 905 τῶν
3425 850 3632 919 γηΐνων
3668 840 4049 913 πραγμάτων,

2469 951 2794 1022 ἐπιθυμιῶν,
2848 949 2941 1003 καὶ
2994 944 3351 999 πολυπλόκων
3413 938 3633 993 ἐννοιῶν
3676 932 3902 994 ύλικῶν,
3944 929 4055 1022 τὰς

2468 1020 2647 1114 ψυχὰς
2709 1040 3129 1104 κλυδωνίςοντος
3174 1037 3269 1091 καὶ
3314 1032 3646 1096 σινιάζοντος
3697 1024 3917 1079 Σατανᾶ
3958 1020 4057 1074 διὰ

2468 1135 2562 1188 τοῦ
2605 1134 2795 1199 σινίου,
2818 1132 3065 1185 τουτέστι
3090 1128 3197 1182 τῶν
3222 1128 3424 1196 γηΐνων
3456 1123 3820 1194 πραγμάτων,
3847 1118 3963 1170 πᾶν
3990 1114 4058 1167 τὸ

2472 1223 2792 1295 ἁμαρτωλὸν
2824 1222 2977 1291 γένος
3004 1219 3112 1272 τῶν
3140 1216 3235 1270 ἀνθ
3246 1215 3462 1287 ρώπων,
3485 1212 3594 1266 ἀπὸ
3616 1212 3715 1281 τῆς
3742 1206 3837 1261 τοῦ
3868 1204 4059 1296 ’Δδάμ

2471 1316 2799 1377 ἐκπτώσεως
2843 1311 3189 1384 παραϐάντος
3235 1309 3336 1377 τὴν
3387 1305 3629 1373 ἐντολήν·
3674 1303 3765 1354 καί
3801 1297 3910 1352 ὑπὸ
3956 1296 4060 1349 τὸν

2473 1408 2707 1478 ἄρχοντα
2735 1406 2831 1475 τῆς
2857 1404 3121 1472 πονηρίας
3142 1400 3449 1470 γεγονότος,
3476 1396 3731 1457 λαὸόντος
3752 1389 3919 1445 αὑτοῦ
3953 1387 4061 1457 τὴν

2476 1499 2742 1565 ἐξουσίαν,
2802 1498 2894 1551 καὶ
2931 1496 3118 1549 λοιπὸν
3171 1492 3467 1554 ἀπαύστοις
3515 1488 3794 1556 λογισμοῖς
3829 1482 4062 1549 ἀπάτης

2478 1592 2571 1644 καί
2609 1590 2798 1643 κλόνου
2842 1586 3169 1650 σινιάζοντος
3205 1584 3299 1637 καὶ
3318 1578 3749 1653 προσκρούοντος
3780 1574 3863 1645 τῷ
3898 1571 4063 1641 σινίῳ

2476 1680 2577 1747 τῆς
2612 1679 2716 1747 γῆς
2744 1669 2953 1739 πάντας
2992 1676 3118 1737 τοὺς
3144 1675 3295 1737 υἰοὺς
3335 1671 3428 1723 τοῦ
3473 1668 3666 1730 αἰῶνος
3694 1666 3909 1719 τούτου.

2550 1770 2626 1821 B'.
2654 1770 2863 1837 Ὠσπερ
2892 1767 3001 1835 γὰρ
3031 1768 3089 1819 ἐν
3117 1765 3195 1834 τῷ
3229 1763 3381 1830 σινίῳ
3400 1763 3428 1815 ό
3457 1762 3601 1822 σῖτος
3627 1756 3733 1810 ὑπὸ
3756 1755 3849 1809 τοῦ
3880 1752 4059 1806 σινιά-

2479 1860 2664 1925 ζοντος
2716 1862 3068 1930 προσκόπτει,
3117 1856 3212 1908 καὶ
3247 1856 3307 1907 ἐν
3352 1850 3501 1921 αὐτῷ
3534 1850 3784 1910 ἀστάτως
3830 1843 4063 1900 σαλευό-

2481 1967 2641 2022 μενος
2686 1950 2999 2019 στρέφεται’
3031 1947 3174 1999 οὕτω
3215 1945 3302 1998 διά
3329 1944 3438 1996 τῶν
3470 1941 3673 2011 γηΐνων
3708 1936 4061 2007 πραγμάτων

2478 2042 2687 2105 πάντας
2715 2043 2840 2102 τοὺς
2895 2038 3214 2107 ἀνθρώπους
3270 2034 3486 2103 κατέχει
3544 2034 3572 2085 ό
3634 2030 3733 2099 τῆς
3788 2026 4062 2096 πονηρίας

2478 2132 2679 2201 ἄρχων,
2710 2131 2803 2183 καί
2830 2130 2895 2183 δι’
2922 2128 3101 2181 αὐτῶν
3135 2126 3371 2192 σαλεύει,
3402 2124 3497 2179 καὶ
3529 2122 3727 2180 κλονεῖ,
3760 2119 3857 2172 καὶ
3882 2133 4061 2189 προσ-

2478 2223 2701 2276 κόπτειν
2756 2223 2899 2274 ποιεῖ
2948 2205 3321 2288 διαλογισμοῖς
3367 2216 3639 2287 ματαίοις,
3672 2213 3766 2265 καὶ
3796 2209 4061 2280 αἰσχραῖς

2478 2313 2796 2383 ἐπιθυμίαις
2821 2311 2915 2365 καὶ
2942 2312 3162 2380 δεσμοῖς
3187 2310 3396 2379 γηῖνοις
3423 2309 3516 2361 καὶ
3546 2304 3853 2373 κοσμικοῖς,
3884 2299 4061 2354 ἀστά-

2476 2422 2583 2469 τως
2616 2403 3026 2474 αἰχμαλωτίζων
3059 2402 3149 2455 καὶ
3180 2400 3402 2461 κλονῶν,
3432 2399 3525 2451 καί
3549 2394 3829 2458 Δελεάζων
3858 2392 3972 2444 πᾶν
3996 2390 4061 2443 τὸ

2477 2496 2801 2565 ἁμαρτωλὸν
2834 2495 2988 2563 γένος
3010 2494 3104 2546 τοῦ
3140 2492 3332 2561 Ἀδάμ,
3376 2492 3451 2551 ὼς
3483 2493 3509 2542 ό
3534 2489 3734 2557 Κύριος
3762 2488 3879 2548 τοῖς
3911 2485 4054 2537 ἀπο·

2480 2590 2685 2649 στόλοις
2716 2587 2817 2659 τὴν
2860 2585 2955 2639 τοῦ
3006 2584 3244 2654 πονηροῦ
3304 2582 3425 2635 κατ’
3466 2579 3646 2634 αὐτῶν
3677 2577 4055 2631 ἐπανάστασιν

2482 2684 2779 2753 μέλλουσαν
2829 2680 3049 2734 ἔσεσθαι
3108 2678 3421 2749 προέλεγεν·
3472 2674 3839 2742 Ἐξῃτήσατο
3899 2667 4061 2737 ὑμᾶς

2480 2778 2511 2829 ό
2545 2772 2814 2839 Σατανᾶς
2839 2772 3107 2827 σινιάσαι
3136 2772 3216 2836 ὡς
3245 2772 3349 2824 τὸν
3378 2769 3571 2823 σῖτονο
3591 2767 3728 2821 ἀλλ’
3754 2764 3869 2833 ἐγὼ
3890 2762 4065 2830 ἐδεή-

2479 2870 2594 2933 θην⁹
2640 2865 2747 2920 τοῦ
2793 2867 3025 2935 Πατρός
3072 2882 3226 2934 μου,
3260 2866 3361 2917 ἵνα
3401 2863 3486 2930 μὴ
3518 2861 3741 2926 ἐκλίπῃ
3770 2860 3808 2926 ἠ
3849 2858 4064 2922 πίστις

2478 2958 2664 3029 ὑμῶν.
2711 2960 2768 3012 '0
2814 2958 2924 3027 γάρ
2956 2958 3033 3026 τῷ
3059 2958 3200 3011 Κάῖν
3229 2956 3332 3008 ὑπὸ
3368 2954 3460 3007 τοῦ
3489 2950 3833 3023 Δημιουργοῦ
3870 2947 4062 3021 ῥηθεὶς

2480 3053 2655 3120 λόγος,
2692 3052 2784 3105 καὶ
2810 3052 2836 3121 ἡ
2867 3050 3141 3119 ἀπόφασις
3168 3050 3247 3112 εἰς
3276 3050 3337 3102 τὸ
3370 3047 3661 3118 προφανὲς,
3693 3045 3774 3110 τὸ,
3797 3044 4061 3110 Στένων,

803 3142 966 3204 typus
1010 3141 1067 3188 et
1106 3134 1287 3203 imago
1333 3137 1549 3190 occulta
1594 3138 1840 3191 omnium
1889 3149 2239 3207 peccatorum
2272 3147 2376 3194 est.
2406 3150 2449 3211 ς,
2483 3166 2488 3197 ς

2372 3150 2449 3211 ,ρ
2483 3146 2580 3199 καί
2631 3144 2876 3213 τρέμων,
2942 3143 3049 3224 καί.
3105 3142 3418 3210 σειόμενος
3468 3141 3582 3207 ἔσῃ
3630 3138 3727 3193 ἐπὶ
3763 3138 3873 3205 τῆς
3923 3136 4057 3206 γῆς,

804 3225 897 3280 Sic
940 3226 1089 3280 enim
1132 3242 1305 3296 genus
1337 3227 1487 3290 Adm,
1520 3244 1644 3282 cum
1677 3230 1925 3299 neglecto
1957 3230 2053 3284 Dei
2085 3240 2379 3300 prtecepto,

806 3324 1035 3387 peccato
1082 3317 1381 3371 obnoxium
1432 3317 1637 3372 factum
1686 3330 1865 3385 esset,
1903 3322 2051 3374 illam
2092 3322 2379 3390 imaginem

805 3408 1043 3464 latenter
1095 3409 1149 3463 in
1201 3424 1260 3464 se
1306 3410 1589 3479 possidere
1638 3412 1822 3479 coepit,
1878 3412 2144 3480 agitatum
2192 3422 2382 3482 postea

805 3500 1087 3554 continuis
1134 3500 1558 3570 cogitationibus
1611 3511 1789 3555 metus
1829 3512 1883 3555 et
1926 3504 2158 3568 timoris,
2218 3513 2383 3573 atque

805 3591 987 3645 omnis
1017 3590 1472 3659 perturbationis,
1516 3592 1684 3646 variis
1713 3593 2105 3661 cupiditatibus
2130 3604 2186 3648 et
2230 3596 2385 3649 volu-

805 3680 1073 3747 ptatibus,
1123 3682 1374 3751 principe
1418 3682 1582 3752 hujus
1632 3684 1840 3748 mundi,
1880 3700 2099 3739 omnem
2143 3686 2382 3740 animam

806 3788 874 3826 ex
907 3773 1018 3828 Deo
1047 3788 1158 3828 non
1187 3782 1454 3838 renatam,
1486 3776 1593 3828 huc
1623 3776 1752 3829 illuc
1787 3776 2121 3843 impellente,
2152 3787 2209 3831 et
2234 3778 2384 3832 velut

806 3864 1053 3919 triticum
1079 3865 1134 3919 in
1161 3864 1345 3919 cribro
1373 3866 1633 3935 agitatum
1678 3865 1900 3920 assidue
1924 3867 2209 3922 hominum
2233 3869 2383 3938 cogi-

807 3955 1045 4012 tationes
1094 3956 1490 4022 conturbante,
1543 3966 1707 4026 atque
1752 3958 2169 4014 seductionibus
2220 3960 2384 4030 hujus

807 4046 1023 4111 mundi,
1048 4055 1106 4101 et
1132 4047 1525 4116 voluptatibus,
1554 4056 1609 4102 et
1639 4049 1930 4103 timoribus
1978 4066 2041 4105 ac
2093 4052 2385 4120 perturba-

810 4136 1055 4193 tionibus
1081 4152 1274 4193 omnes
1296 4138 1536 4208 agitante
1561 4147 1725 4193 atcue
1749 4139 2048 4194 inescante.

877 4329 967 4384 Ill.
998 4330 1185 4399 Itaque
1215 4331 1506 4393 Dominus,
1536 4329 1833 4384 ostendens
1854 4345 1949 4384 eos
1979 4331 2072 4399 qui
2095 4331 2384 4386 illecebras

804 4428 863 4475 et
893 4420 1230 4475 voluntatem
1263 4420 1531 4489 principis
1556 4435 1790 4489 nequam
1819 4429 2144 4488 sequuntur,
2188 4421 2380 4491 imagi-

804 4527 931 4567 nem
956 4511 1111 4567 Caini
1138 4512 1358 4567 malitia:
1386 4519 1621 4581 gestare,
1644 4520 1701 4566 et
1729 4512 2139 4580 reprehendens
2161 4514 2380 4568 eosdem

806 4600 983 4654 dixit:
1034 4599 1150 4663 Vos,
1199 4601 1294 4661 ait,
1345 4601 1604 4654 desideria
1657 4602 1824 4669 patris
1858 4604 2018 4655 vestri
2073 4602 2231 4656 vultis
2279 4602 2383 4671 23

806 4690 1000 4758 facere.
1034 4689 1132 4744 Ille
1164 4690 1423 4744 homicida
1448 4703 1559 4743 erat
1585 4691 1649 4744 ab
1674 4691 1845 4753 initio,
1877 4699 1925 4744 et
1957 4693 2011 4745 in
2037 4692 2255 4745 veritate
2278 4708 2384 4744 non

802 4783 943 4836 stetit
964 4782 1030 4835 ⁵⁸.
1076 4781 1263 4851 Itaque
1297 4781 1611 4837 universum
1647 4798 1821 4853 genus
1862 4782 1991 4837 Adae
2020 4790 2245 4851 peccato
2286 4784 2386 4838 ob-

804 4872 1053 4937 noxium,
1124 4872 1639 4928 condemnationem
1700 4875 1848 4928 illam
1896 4875 2157 4929 latentem
2215 4876 2269 4929 in
2324 4892 2383 4930 se

805 4964 993 5028 habet,
1025 4963 1285 5018 videlicet
1312 4973 1570 5034 gementes
1612 4982 1672 5018 ac
1717 4972 1993 5017 trementes
2026 4967 2192 5029 eritis,
2229 4972 2384 5035 atque

804 5052 1137 5122 agitabimini
1158 5052 1213 5105 in
1242 5055 1409 5106 cribro
1440 5062 1593 5106 terra:
1625 5072 1657 5106 a
1687 5052 1892 5107 Satana
1919 5056 2198 5109 cribrante.
2232 5055 2385 5111 Sicut

802 5145 951 5198 enim
983 5144 1051 5198 ab
1074 5160 1184 5199 uno
1203 5144 1371 5199 Adam
1391 5160 1562 5214 genus
1581 5145 1860 5199 hominum
1884 5163 2048 5215 super
2072 5158 2217 5203 terra
2242 5150 2386 5203 mul-

804 5236 1112 5305 tiplicatum
1143 5246 1254 5301 est;
1287 5236 1357 5291 ita
1385 5252 1489 5290 una
1511 5235 1749 5305 pravitas
1776 5236 2127 5291 aﬂ‘ectionum
2160 5239 2385 5293 univer-

803 5341 924 5379 sum
958 5340 1131 5396 genus
1161 5327 1445 5381 hominum
1481 5325 1697 5390 invasil,
1734 5326 1965 5397 illosque
2009 5343 2202 5384 omnes
2232 5330 2381 5398 prin-

802 5430 933 5483 ceps
965 5415 1188 5469 malitiae
1216 5418 1513 5479 continuis,
1544 5418 1764 5483 crassis,
1801 5418 1957 5471 vanis
1985 5432 2049 5473 ac
2081 5420 2382 5473 tumultuo-

803 5506 879 5561 sis
913 5508 1337 5587 cogitationibus
1366 5519 1546 5578 potest
1578 5510 1846 5564 cribrare.
1876 5510 2026 5564 Nam
2056 5512 2201 5565 sicut
2238 5528 2381 5565 unus

800 5606 1002 5652 ventus
1043 5614 1234 5653 omnes
1264 5600 1480 5668 plantas
1523 5616 1586 5655 ac
1623 5602 1830 5655 semina
1870 5611 2051 5670 potest
2087 5603 2291 5673 agitare
2326 5610 2380 5657 et

2481 3237 2651 3299 τύπος
2697 3234 2792 3289 καὶ
2833 3232 2997 3287 εἰκὼν
3038 3234 3255 3286 πάντων
3288 3232 3393 3284 τῶν
3424 3230 3762 3301 ἁμαρτωλῶν
3798 3230 4063 3301 τυγχάνει

2483 3325 2624 3378 κατὰ
2654 3324 2713 3377 τὸ
2744 3323 3005 3394 κρυπτόν.
3042 3320 3198 3375 Οὕτω
3232 3321 3339 3389 γὰρ
3368 3320 3601 3374 ἐκπεσὸν
3623 3322 3723 3389 τῆς
3751 3319 3975 3386 ἐντολῆς
4005 3317 4064 3369 τὸ

2486 3416 2636 3484 γένος
2679 3414 2871 3483 Ἀδὰμ,
2914 3414 3007 3467 καὶ
3036 3412 3357 3482 ἁμαρτωλὸν
3388 3411 3680 3471 καταστὰν,
3722 3409 3940 3478 ἐκείνην
3965 3407 4065 3477 τὴν

2484 3509 2666 3560 εἰκόνα
2690 3506 2829 3559 κατὰ
2850 3508 2911 3558 τὸ
2935 3505 3175 3576 κρυπτὸν
3198 3505 3480 3571 κέκτηται,
3510 3502 3871 3570 σαλευόμενον
3894 3500 4065 3553 ἀστά-

2480 3618 2595 3662 τοις
2628 3600 2909 3667 λογισμοῖς
2947 3596 3149 3661 δειλίας
3184 3614 3243 3649 τε
3284 3596 3376 3649 καί
3407 3595 3596 3664 φόϐου,
3630 3594 3723 3647 καὶ
3755 3592 3937 3661 πάσης
3968 3608 4062 3645 τα·

2488 3692 2680 3763 ραχῆς,
2710 3690 3029 3759 ἐπιθυμίαις
3055 3692 3146 3741 καὶ
3178 3689 3396 3758 ἡδοναῖς
3423 3686 3795 3747 παντοδαπαῖς
3828 3686 3925 3736 καὶ
3952 3700 4066 3735 ποι-

2476 3784 2677 3846 κίλαις
2706 3782 2800 3835 τοῦ
2832 3782 3092 3852 ἄρχοντος
3122 3780 3215 3834 τοῦ
3252 3782 3459 3849 κόσμου
3507 3779 3698 3832 τούτου
3752 3780 3934 3831 πᾶσαν
3968 3776 4069 3845 ψυ-

2484 3875 2584 3946 χὴν
2639 3874 3083 3938 κλυδωνξζοντος,
3134 3872 3233 3943 τὴν
3286 3871 3360 3941 μὴ
3407 3869 3813 3939 γεγεννημένην
3855 3870 3921 3921 ἐκ
3973 3866 4065 3920 τοῦ

2483 3966 2639 4031 Θεοῦ,
2678 3969 2773 4019 καί
2811 3966 2887 4027 ὠς
2920 3967 3067 4018 σῖτον
3117 3965 3176 4017 ἐν
3222 3964 3375 4033 σινίῳ
3419 3962 3784 4033 στρεφόμενον
3812 3960 4066 4023 ἀστάτως

2484 4058 2608 4119 τοὺς
2646 4056 2755 4109 τῶν
2798 4055 3097 4125 ἀνθρώπων
3147 4055 3439 4123 λογισμοὺς
3496 4053 3756 4113 ποικίλως
3807 4051 4068 4104 κλυδωνί-

2485 4148 2689 4213 ζοντος,
2726 4150 2783 4201 ἐν
2834 4149 3072 4209 ἀπάταις
3107 4147 3399 4215 κοσμικαῖς
3431 4143 3668 4213 σαρκὸς,
3715 4141 3810 4195 καὶ
3857 4142 4063 4208 φόϐοις,

2486 4242 2580 4293 καὶ
2614 4243 2879 4311 ταραχαῖς
2914 4239 3122 4301 πάντας
3166 4235 3485 4298 σαλεύοντος
3510 4275 3524 4298 ,
3566 4236 3658 4287 καί
3694 4232 4062 4296 δελεάζοντος.

2556 4332 2627 4387 Γ’.
2652 4330 2758 4383 Καὶ
2776 4331 2883 4401 γὰρ
2912 4331 2940 4383 ὁ
2958 4329 3158 4399 Κύριος
3177 4329 3302 4389 τοὺς
3322 4330 3439 4388 ταῖς
3466 4327 3701 4387 ἀπάταις
3727 4325 3820 4379 καί
3846 4328 3959 4383 τοῖς
3983 4324 4069 4375 θε-

2485 4420 2691 4489 λήμασι
2723 4418 2816 4472 τοῦ
2852 4416 3089 4487 πονηροῦ
3139 4415 3623 4481 ἐξακολουθοῦντας
3667 4412 3951 4476 δεικνύων,
3982 4414 4066 4465 ὅτι

2486 4513 2585 4579 τὴν
2611 4511 2797 4564 εἰκόνα
2826 4508 2919 4561 τοῦ
2947 4509 3197 4577 Κάῖντῆς
3220 4508 3481 4577 πονηρίας
3513 4506 3792 4575 φέρουσιν,
3821 4504 4063 4573 ἐλέγχων

2486 4604 2682 4662 αὐτοὺς
2732 4602 2935 4669 ἔλεγεν·
3001 4601 3206 4668 Ὑμεις,
3244 4600 3397 4669 φησί,
3434 4598 3538 4662 τὰς
3586 4597 3900 4664 ἐπιθυμίας
3956 4596 4065 4649 τοῦ

2488 4692 2717 4760 Πατρός
2741 4690 2909 4759 ὑμῶν
2944 4691 3149 4744 θέλετε
3188 4689 3404 4743 ποιεῖν·
3454 4688 3717 4754 Ἐκεῖνος
3755 4691 4065 4756 ἀνθρωπο-

2487 4786 2701 4848 κτόνος
2756 4780 2835 4853 ἦν
2889 4781 3198 4851 ἀπαρχῆς,
3257 4781 3356 4834 καί
3400 4782 3469 4833 ἐν
3510 4780 3583 4848 τῇ
3650 4781 3904 4850 ἀληθείᾳ
3948 4782 4065 4848 οὐχ

2487 4876 2764 4942 ἔστηκεν.
2797 4876 2959 4927 ’Ὥστε
3012 4876 3119 4927 πᾶν
3176 4874 3498 4943 ἁμαρτωλὸν
3555 4874 3711 4941 γένος
3759 4872 3853 4927 τοῦ
3892 4873 4067 4941 Ἀδὰμ

2486 4970 2584 5039 τὴν
2610 4968 2904 5036 καταδίκην
2932 4966 3143 5035 ἐκείνην
3166 4966 3305 5019 κατά
3324 4964 3384 5017 τὸ
3403 4964 3641 5033 κρυπτὸν
3667 4964 3954 5033 κέκτηται,
3979 4960 4065 5029 τὸ,

2487 5059 2809 5123 Στένογτες
2841 5057 2938 5110 καί
2967 5057 3281 5125 τρέμοντες
3308 5056 3525 5109 ἔσεσθε
3552 5056 3847 5120 σειόμενοι
3874 5055 3944 5106 ἐν
3982 5051 4065 5117 τῷ

2488 5149 2662 5215 σινίῳ
2701 5147 2811 5215 τῆς
2868 5145 2999 5215 γῆς,
3058 5146 3176 5200 ὑπὸ
3216 5146 3323 5199 τοῦ
3372 5144 3745 5209 σινιάζοντος
3800 5141 4061 5199 Σατανᾶ.

2490 5240 2702 5307 Ὠσπερ
2732 5239 2839 5307 γάρ
2874 5237 2932 5300 ἐξ
2964 5237 3081 5297 ἐνὸς
3109 5236 3203 5290 τοῦ
3249 5237 3421 5305 Ἀδὰμ
3465 5238 3573 5289 πᾶν
3642 5236 3702 5288 τὸ
3756 5235 3913 5302 γένος
3951 5234 4064 5289 τῶν

2486 5330 2789 5398 ἀνθρώπων
2811 5329 2903 5381 ἐπὶ
2930 5331 3029 5399 τῆς
3061 5328 3162 5399 γῆς
3190 5327 3508 5398 ἐφηπλὼθηο
3538 5327 3679 5381 οὕτω
3712 5326 3811 5395 μία
3846 5343 3928 5388 τις
3958 5343 4062 5379 κα-

2487 5421 2579 5473 κία
2606 5420 2713 5471 τῶν
2746 5420 2933 5473 παθῶν
2968 5422 3046 5481 εἰς
3084 5421 3143 5471 τὸ
3175 5418 3497 5488 ἁμαρτωλὸν
3528 5418 3684 5485 γένος
3713 5417 3822 5469 τῶν
3852 5415 4062 5487 ἀνθρὼ-

2487 5530 2602 5565 πων
2634 5512 2984 5580 ἐγκατέδυσε,
3017 5512 3110 5565 καί
3140 5510 3348 5572 πάντας
3385 5510 3414 5561 ό
3440 5512 3539 5579 τῆς
3569 5508 3769 5571 κακίας
3795 5508 3978 5578 ἁρχων
4002 5508 4061 5560 ἐν

2487 5604 2760 5666 ἀστάτοις,
2795 5603 2891 5656 καὶ
2916 5602 3140 5667 ὑλικοῖς,
3168 5601 3259 5655 καί
3290 5600 3562 5671 ματαίοις,
3593 5599 3689 5653 καὶ
3718 5596 4061 5670 ταραχώδεσι

875 5776 917 5807 ⁸³
949 5774 1079 5830 Luc.
1117 5794 1243 5843 un,
1276 5778 1363 5845 51,
1399 5778 1482 5833 52.
1566 5780 1608 5811 5"
1642 5778 1777 5833 Gen.
1816 5794 1888 5844 IV,
1934 5778 2015 5832 1‘2.
2096 5780 2139 5809 ⁸⁸
2174 5780 2327 5834 toan.
2365 5796 2477 5843 \‘lll,
2529 5777 2611 5831 Η.
