4266 6356
178 339 287 403 49ῐ

1430 329 1800 395 ΗΟΜῘΙᾸᾸΞ.
1830 357 1901 370 --
1922 333 2108 397 ΗΟΜ.
2150 336 2217 398 ν.

3332 343 3440 409 498

181 444 465 513 λογισμοῖς
494 442 751 507 σινιάζειν
776 440 1030 512 ἐπαρκεῖ.
1058 436 1271 508 Ὠσπερ
1296 436 1408 506 γάρ
1442 430 1523 500 εἷς
1554 436 1753 507 ἄνεμος
1786 452 1833 506 Α
1862 463 1866 488 ‹

1786 452 1833 506 Α
1862 455 2247 507 commovere;
2297 450 2393 496 aut
2443 444 2612 498 veluti
2662 460 2785 501 una:
2814 447 3074 503 "tenebrae
3121 450 3300 504 noctis
3347 468 3444 521 per

181 539 366 591 πάντα
407 538 478 589 τὰ
519 536 662 603 φυτά
709 536 804 589 καὶ
843 533 913 587 τά
946 532 1241 602 σπέρματα
1276 530 1510 599 ἐπαρκεῖ
1551 527 1761 581 κλονεῖν

184 629 285 682 καὶ
315 627 479 680 σείειν
501 644 515 659 ο
548 626 581 698 ἢ
622 626 809 695 ῶσπερ
846 624 904 677 ἐν
943 622 1135 684 σκότος
1164 620 1264 690 τῆς
1292 619 1487 683 νυκτὸς
1528 618 1622 672 ἐπὶ
1656 619 1762 671 πᾶ-

186 738 290 776 σαν
315 720 415 790 τὴν
439 718 765 787 οἰκουμένην
795 713 1151 785 ὲφαπλοῦται,
1187 710 1362 771 οὕτως
1392 712 1419 763 ό
1452 710 1553 778 τῆς
1593 726 1763 781 πονη-

191 813 313 884 ρίας
362 813 570 882 ἄρχων,
610 810 799 871 σκότος
835 825 888 861 τι
919 806 1137 874 λογικὸν
1177 803 1374 867 κακίας
1403 803 1499 857 καί
1532 802 1762 855 θανάτου

186 904 476 973 ὑπάρχων,
522 902 619 954 καὶ
668 899 869 967 ἄνεμός
901 914 985 961 τις
1030 895 1268 966 κρυπτὸς
1302 896 1397 947 καὶ
1428 894 1617 965 ἄγριος
1643 911 1772 960 τυγ-

187 996 392 1065 χάνων,
448 994 556 1045 πᾶν
605 992 667 1043 τὸ
725 991 819 1043 ἐπὶ
868 992 965 1060 τῆς
1011 989 1113 1057 γῆς
1151 987 1306 1055 γένος
1336 984 1770 1055 τῶνάνθρώπων

194 1084 536 1148 κλυδωνίζει,
578 1083 672 1136 καὶ
723 1082 1011 1151 περιφέρει
1040 1079 1298 1141 ἀστάτοις
1326 1076 1626 1147 λογισμοῖς,
1674 1077 1769 1130 καὶ

190 1175 515 1245 ἐπιθυμίαις
540 1174 745 1244 κόσμου
769 1171 1040 1235 δελεάζων
1068 1170 1166 1234 τάς
1188 1169 1415 1240 καρδίας
1433 1167 1540 1221 τῶν
1561 1166 1771 1237 ἀνθρώο

192 1283 332 1331 πων,
370 1268 465 1320 καὶ
511 1265 735 1327 σκότους
768 1263 1066 1333 ἀγνωσίας,
1122 1261 1425 1333 πηρώσεως
1470 1259 1565 1314 καί
1596 1258 1768 1330 λήθης

193 1356 554 1426 ἐμπίμπλησι
590 1357 769 1408 πᾶσαν
799 1354 998 1424 ψυχὴν,
1027 1352 1124 1424 τὴν
1158 1354 1232 1424 μὴ
1262 1350 1470 1407 ἀνωθεν
1512 1367 1770 1419 γεγεννη-

1869 532 2180 587 universam
2240 542 2440 588 terram
2509 536 3001 605 multiplicantur:
3058 539 3133 596 ita
3186 542 3446 611 princeps

1869 622 2111 687 malitiae,
2162 624 2258 693 qui
2300 635 2384 679 est
2418 626 2569 679 velut
2609 628 2848 684 tcnebra:
2892 632 3188 687 rationales
3220 633 3447 688 malitia:

1868 720 1925 768 et
1976 715 2187 777 mortis,
2236 731 2300 770 ac
2354 716 2507 770 velut
2556 727 2755 773 ventus
2799 721 3052 776 occultus
3098 732 3153 777 et
3193 723 3444 791 agrestis,

1872 798 2033 860 omne
2078 822 2251 876 genus
2300 809 2621 873 humanum,
2675 811 2820 879 quod
2868 822 2954 868 est
3007 828 3173 881 super
3222 823 3447 879 terram,

1876 895 2167 950 conturbat
2196 912 2258 949 ac
2293 897 2617 968 circumagit
2656 901 2934 956 continuis
2978 904 3446 971 cogitationibus:

1877 995 1933 1038 et
1966 984 2338 1053 voluptatibus
2371 987 2561 1040 mundi
2601 987 2811 1042 inescat
2850 990 3013 1045 corda
3058 992 3342 1047 hominum
3384 1007 3449 1046 ac

1874 1075 2227 1130 tenebrarum
2260 1076 2586 1146 ignorantia,
2614 1080 2857 1135 caecitate
2891 1091 2946 1135 et
2971 1081 3246 1138 oblivione
3275 1084 3452 1152 replet

1874 1182 2092 1221 omnem
2122 1168 2356 1222 animam
2385 1169 2621 1239 desuper
2647 1188 2756 1227 non
2786 1184 3055 1238 renatam,
3082 1183 3247 1244 atque
3268 1184 3454 1231 mente

1874 1266 1931 1313 et
1984 1258 2168 1313 animo
2224 1260 2276 1313 in
2332 1261 2592 1315 s:cculum
2636 1264 2786 1317 aliud
2829 1280 2938 1319 non
2986 1267 3347 1322 translatam:
3392 1276 3455 1322 ut

1876 1349 2085 1404 dietqu
2124 1358 2209 1404 est
2235 1368 2249 1402 :
2282 1349 2477 1404 Nostra
2509 1357 2832 1408 conversatio
2859 1357 2914 1409 in
2941 1356 3079 1410 caelis
3111 1366 3184 1410 est
3202 1358 3270 1412 ⁵⁸.

198 1450 391 1520 μένην,
422 1450 517 1502 καὶ
545 1448 624 1518 τῷ
653 1450 963 1519 φρονήματι
1008 1448 1102 1499 καὶ
1133 1445 1209 1517 τῷ
1234 1446 1311 1517 νῷ
1342 1446 1398 1498 ὲν
1432 1442 1579 1514 ἀλλῳ
1609 1442 1766 1496 αἰῶνι
1804 1440 2259 1513 μεταόεϐηκυῖαν·
2321 1442 2503 1533 καθὼς
2544 1446 2787 1517 είρηταιο
2857 1446 3043 1516 Ἠμῶν
3081 1447 3148 1501 δὲ
3186 1448 3252 1502 τὸ
3281 1447 3459 1503 πολι-

196 1551 386 1609 τευμα
419 1540 491 1594 ἐν
519 1538 796 1606 οὐρανοῖς
823 1535 1102 1604 ὑπάρχει.

268 1633 342 1685 Δ’.
404 1630 494 1683 Ἐν
525 1629 702 1699 τούτῳ
744 1628 853 1698 γὰρ
906 1626 1254 1694 διαφέρουσιν
1291 1622 1340 1674 οἰ
1374 1621 1595 1691 ἀληθεῖς
1640 1621 1777 1691 Χρι-

201 1723 412 1777 στιανοί
446 1722 648 1782 παντὸς
671 1719 763 1772 τοῦ
787 1718 976 1786 γένους
999 1717 1106 1769 τῶν
1129 1714 1451 1786 ἀνθρώπων,
1484 1715 1577 1768 καὶ
1608 1714 1775 1783 πολλὴ

1950 1616 2039 1672 ιν.
2071 1617 2128 1672 ln
2160 1618 2266 1673 hoc
2295 1620 2441 1673 enim
2474 1619 2739 1676 diﬂ‘erunt
2759 1622 2872 1675 veri
2896 1621 3191 1678 Christiani
3216 1625 3284 1679 ab
3307 1626 3460 1680 omni

1882 1724 2080 1776 genere
2108 1709 2425 1775 hominum;
2459 1720 2513 1765 et
2547 1727 2741 1782 magna
2770 1712 3080 1767 differentia
3110 1714 3251 1768 inter
3279 1724 3461 1769 utros-

197 1814 483 1875 διάστασις
518 1810 721 1882 μεταξὺ
769 1810 1093 1878 ἀμφοτέρων
1127 1806 1405 1877 τυγχάνει,
1430 1804 1506 1869 ὡς
1564 1805 1781 1874 προελέ-
1812 1826 1853 1883 Β

1776 1835 1781 1845 .
1812 1826 1853 1883 Β
1884 1813 2011 1866 que,
2066 1808 2123 1853 ut
2166 1800 2415 1868 praedixi,
2462 1812 2717 1856 versatur
2762 1803 2817 1856 in
2859 1819 2945 1867 eo,
2976 1804 3121 1873 quod
3153 1804 3369 1865 animus
3405 1813 3461 1860 et

199 1920 395 1972 γομεν,
455 1903 514 1954 ἐν
572 1901 649 1970 τῷ
714 1901 804 1953 τὸν
842 1900 963 1953 νοῦν
1000 1900 1098 1953 καὶ
1152 1898 1249 1969 τὴν
1279 1898 1514 1951 διάνοιαν
1550 1897 1779 1949 πάντοτε

201 1997 261 2049 ἐν
298 1993 378 2064 τῷ
404 1994 639 2064 οὐρανίῳ
677 1994 985 2063 φρονήματι
1013 1989 1325 2059 τυγχάνειν,
1365 1988 1549 2041 καί.τά
1582 1985 1778 2040 αἰώνια

202 2085 388 2152 ἀγαθά
426 2082 836 2153 ὲνοπτρίζεσθαι
879 2081 969 2134 διὰ
1012 2080 1109 2150 τὴν
1154 2078 1444 2149 μετουσίαν
1503 2079 1597 2130 καὶ
1660 2094 1786 2147 μετ-

201 2176 339 2245 οχὴν
383 2172 477 2226 τοῦ
500 2171 818 2242 Πνεύματος
854 2169 947 2223 τοῦ
1001 2170 1180 2237 ἁγίου,
1230 2167 1307 2238 τῷ
1347 2167 1551 2222 ἄνωθεν
1589 2166 1788 2230 αὐτοὺς

205 2268 274 2320 ἐκ
307 2263 447 2319 Θεοῦ
498 2262 897 2333 γεγεννῆσθαι,
955 2262 1049 2315 καὶ
1096 2262 1264 2314 τέκνα
1298 2259 1433 2313 Θεοῦ
1468 2262 1527 2313 ὲν
1558 2258 1788 2330 ἀληθείᾳ

209 2364 308 2417 καὶ
352 2361 583 2431 δυνάμει
616 2359 870 2429 γενέσθαι
906 2357 1302 2426 κατηξιῶσθαι,
1339 2356 1432 2408 καί
1483 2354 1563 2415 εἰς
1605 2352 1790 2405 στάσιν

208 2453 308 2506 καὶ
337 2450 684 2521 ἑδραιότητα,
717 2450 813 2502 καὶ
845 2446 1143 2515 ἀταραξίαν
1188 2445 1283 2498 καὶ
1324 2442 1666 2497 κατάπαυσιν
1688 2440 1788 2494 αὐ-

208 2546 338 2607 τοὺς
393 2543 483 2596 διά
533 2541 744 2595 πολλῶν
776 2540 1004 2608 ἀγώνων
1055 2537 1149 2591 καί
1206 2536 1413 2600 κόπων,
1450 2534 1546 2587 καὶ
1588 2532 1792 2604 χρόνων

212 2634 643 2704 κατηντηκέναι,
702 2632 901 2702 μηκέτι
944 2629 1352 2693 σινιαζομένους
1398 2626 1491 2679 καί
1529 2640 1793 2693 κνμαινο-

218 2725 419 2797 μένους
464 2727 522 2779 ὲν
571 2724 847 2785 ἀστάτοις,
902 2721 998 2774 καὶ
1055 2717 1306 2790 ματαίοις
1370 2717 1686 2787 λογισμοῖς·
1739 2716 1797 2766 ὲν

214 2818 395 2889 τούτῳ
431 2818 537 2870 είσί
569 2815 787 2887 μείζους
832 2814 927 2867 καὶ
961 2813 1269 2885 κρείττονες
1296 2807 1392 2862 τοῦ
1448 2810 1677 2878 κόσμου,
1710 2806 1799 2858 διὰ

215 2912 280 2964 τὺ
312 2911 408 2963 τὸν
459 2908 583 2962 νοῦν
634 2907 813 2961 αὐτῶν
866 2907 961 2958 καὶ
1007 2905 1069 2957 τὸ
1112 2904 1363 2974 φρόνημα
1405 2902 1505 2969 τῆς
1536 2900 1713 2969 ψυχῆς
1744 2900 1800 2951 ὲν

216 3007 284 3074 τῇ
318 3002 415 3056 τοῦ
454 2999 691 3073 Χριστοῦ
738 2999 951 3071 εἰρήνῃ,
999 2995 1097 3050 καὶ
1140 2998 1197 3048 ὲν
1240 2997 1304 3064 τῇ
1340 2993 1433 3047 τοῦ
1487 2992 1803 3060 Πνεύματος

218 3095 417 3163 ἀγάπῃ
461 3089 774 3160 τυγχάνειν·
821 3087 1010 3156 ῶσπερ
1053 3087 1147 3139 καὶ
1196 3086 1223 3137 ὁ
1254 3083 1457 3153 Κύριος
1517 3083 1645 3153 περὶ
1695 3081 1802 3133 τῶν

218 3161 484 3240 τοιούτων
516 3181 927 3251 διεξερχόμενος
966 3178 1118 3245 έλεγε
1151 3174 1583 3246 μεταϐεϐηκέναι
1611 3176 1675 3226 ἐκ
1707 3174 1799 3226 τοῦ
1829 3161 1870 3218 C

222 3277 462 3331 θανάτου
512 3275 593 3336 εἰς
627 3272 727 3339 τὴν
758 3271 926 3340 ζωήν.
978 3266 1280 3337 Τοιγαροῦν
1312 3267 1412 3319 οὐκ
1455 3267 1512 3317 ὲν
1562 3266 1803 3335 σχήμασι

222 3373 322 3426 καὶ
370 3368 565 3429 τύποις
599 3366 881 3433 έξωτέροις
928 3364 961 3433 ἡ
993 3362 1277 3423 ἀλλοίωσις
1323 3359 1431 3413 τῶν
1464 3358 1805 3429 Χριστιανῶν

226 3460 491 3528 ὑπάρχει,
535 3456 609 3519 ώς
664 3457 712 3507 oi
766 3452 949 3506 πολλοὶ
1003 3453 1060 3503 ὲν
1088 3450 1259 3518 τούτῳ
1288 3448 1489 3502 οἴονται
1538 3443 1807 3516 εἶναιτὴν

225 3551 495 3621 διαφορὰν
531 3550 626 3603 καὶ
668 3547 934 3618 διάκρισιν
976 3544 1179 3613 μεταξὺ
1228 3543 1322 3594 καὶ
1366 3541 1544 3593 αὐτῶν
1578 3542 1635 3592 έν
1681 3540 1810 3608 σχή-

231 3662 366 3716 μασι
400 3643 497 3695 καὶ
525 3638 737 3701 τύποιςο
786 3638 879 3691 καὶ
931 3635 1039 3689 ἰδοὺ
1102 3631 1179 3702 τῷ
1214 3631 1289 3701 νῷ
1340 3633 1435 3685 καὶ
1482 3633 1548 3701 τῇ
1603 3629 1811 3699 διανοίᾳ

228 3740 409 3805 ὅμοιοι
453 3733 532 3804 τῷ
568 3733 757 3802 κόσμῳ
788 3730 1136 3798 τυγχάνουσι,
1184 3726 1276 3778 τὸν
1308 3725 1528 3795 σεισμὸν
1558 3724 1650 3776 καὶ
1677 3724 1810 3775 ἀκασ-

227 3827 535 3881 ταστασίαν
580 3823 691 3876 τῶν
728 3820 1029 3889 λογισμῶν,
1064 3819 1155 3871 καὶ
1188 3816 1465 3879 ἀπιστίαν,
1496 3815 1588 3867 καὶ
1613 3814 1813 3884 σύγχυ-

235 3938 345 3984 σιν,
372 3918 466 3970 καί
493 3914 761 3985 ταραχὴν,
810 3912 904 3966 καὶ
950 3910 1153 3963 δειλίαν
1194 3909 1269 3972 ὡς
1300 3908 1497 3969 πάντες
1525 3909 1573 3958 οἰ
1604 3906 1813 3972 ἀνθρω-

235 4029 331 4064 ποι
387 4010 622 4077 ἔχοντες.
683 4005 794 4057 Καὶ
826 4001 905 4072 τῷ
939 4002 1037 4071 μὲν
1074 4002 1335 4071 σχήματι,
1390 4000 1484 4052 καὶ
1530 3998 1608 4068 τῷ
1641 3999 1815 4051 δοκεῖν

232 4103 331 4157 τοῦ
363 4102 572 4171 κόσμου
621 4096 956 4167 διαφέρουσι,
992 4095 1085 4147 καί
1116 4110 1259 4146 τισιν
1298 4092 1585 4162 ὲξωτέροις
1620 4110 1818 4161 κατορ-

236 4195 478 4264 θώμασι·
530 4193 597 4261 τῇ
650 4189 706 4241 δὲ
765 4187 981 4257 καρδίᾳ,
1010 4184 1209 4255 καὶτῷ
1237 4182 1333 4253 νῷ,
1369 4185 1425 4234 ὲν
1471 4184 1581 4244 τοῖς
1612 4182 1819 4251 γηῖνοις

235 4288 461 4355 δεσμοῖς
488 4282 753 4342 δέδενται,
785 4279 1093 4333 ἀνάπαυσιν
1123 4277 1187 4329 ὲκ
1211 4274 1305 4328 τοῦ
1324 4273 1482 4356 ’Θεοῦ
1534 4276 1628 4326 καί.
1664 4274 1819 4342 είρή-

236 4394 341 4446 νην
386 4374 486 4443 τὴν
529 4371 623 4425 τοῦ
678 4368 995 4438 Πνεύματος
1040 4366 1287 4436 οὐράνιον
1318 4366 1375 4418 ὲν
1404 4368 1469 4435 τῇ
1515 4364 1711 4434 καρδίᾳ
1747 4363 1820 4433 μὴ

238 4464 592 4535 κεκτημένοι*
621 4460 745 4513 ἐπεὶ
777 4458 869 4512 οὖν
906 4459 1007 4512 οὐκ
1042 4457 1313 4526 ἐζήτησαν
1356 4455 1508 4526 παρά
1532 4453 1690 4517 Θεοῦ,
1723 4455 1818 4507 καὶ
1852 4474 1896 4527 D

242 4559 347 4612 οὐκ
382 4556 714 4610 ἐπίστευσαν
744 4549 950 4605 τούτων
986 4548 1415 4616 καταξιωθῆναι.

312 4649 393 4702 E'.
431 4646 520 4699 Ἐν
559 4646 669 4715 γὰρ
713 4644 778 4712 τῇ
812 4641 904 4695 τοῦ
951 4640 1068 4703 νοὸς
1096 4639 1434 4693 ἁνακαινίσει
1470 4638 1563 4691 καὶ
1612 4639 1677 4706 τῇ
1713 4635 1822 4687 τῶν

242 4737 524 4809 λογισμῶν
580 4737 794 4807 εἰρήνῃ,
849 4734 943 4786 καὶ
991 4734 1059 4802 τῇ
1111 4730 1207 4783 τοῦ
1258 4730 1463 4799 Κυρίου
1506 4730 1695 4800 ἀγάπῃ
1730 4728 1823 4780 καί

243 4828 487 4901 οὐρανίῳ
554 4827 737 4898 ἔρωτι,
790 4826 824 4895 ὴ
883 4824 1041 4892 καινὴ
1099 4822 1277 4884 κτίσις
1330 4821 1437 4873 τῶν
1480 4818 1825 4886 Χριστιανῶν

245 4924 469 4978 πάντων
501 4917 804 4988 ἀνθρώπων
848 4914 943 4968 τοῦ
995 4914 1202 4983 κόσμου
1233 4912 1506 4981 διαφέρει.
1538 4910 1628 4962 Διὸ
1664 4911 1757 4961 καί,
1793 4911 1826 4976 ἡ

245 5001 466 5074 ἔλευσις
512 5008 607 5062 τοῦ
655 5007 864 5077 Κυρίου
897 5006 1110 5073 γέγονε,
1138 5002 1346 5056 τούτων
1375 5002 1483 5057 τῶν
1530 5018 1826 5067 πνευματι-

246 5104 364 5158 κῶν
416 5099 641 5170 ἀγαθῶν
674 5095 1009 5161 καταξιῶσαι
1042 5096 1167 5159 τοὺς
1210 5093 1427 5163 ἀληθῶς
1475 5091 1831 5155 πιστεύοντας

247 5198 331 5259 εἰς
380 5194 564 5248 αὐτόν.
602 5188 947 5262 Χριστιανῶν
1003 5188 1115 5257 γὰρ
1157 5190 1190 5257 ἡ
1221 5187 1367 5251 δόξα,
1404 5186 1498 5239 καί
1528 5185 1585 5238 τὸ
1612 5183 1825 5248 κάλλος,

249 5288 347 5342 καὶ
380 5288 407 5340 ὁ
439 5283 666 5344 πλοῦτος
699 5282 729 5334 ό
766 5280 1017 5349 οὐράνιος
1062 5277 1326 5345 ἀλάλητός
1370 5278 1508 5340 ἐστι,
1553 5275 1647 5328 καί
1692 5273 1831 5345 μετά

250 5381 441 5440 πόνου,
498 5374 591 5428 καί⁵
625 5372 886 5443 ἰδρώτων,
922 5372 1019 5423 καί
1068 5368 1424 5438 δοκιμασιῶν,
1476 5369 1567 5421 καὶ
1604 5366 1780 5434 ἀγώνιι

252 5466 470 5521 πολλῶν
504 5463 880 5534 ποριζόμενος·
903 5461 964 5514 τὸ
991 5460 1048 5513 δὲ
1074 5459 1213 5526 ὅλον,
1238 5459 1417 5529 χάριτι
1442 5456 1597 5511 Θεοῦ.
1632 5460 1693 5511 Εἰ
1722 5459 1831 5527 γὰρ

250 5556 288 5624 ἡ
329 5551 424 5605 τοῦ
453 5550 695 5620 ἐπιγείου
732 5547 994 5621 βασιλέως
1020 5547 1118 5601 θέα
1143 5547 1455 5617 ὲπιθυμητὴ
1478 5548 1627 5619 παρὰ
1666 5548 1831 5601 πᾶσιν

330 5734 378 5765 ³⁸
423 5731 659 5802 Philipp.
697 5747 775 5795 ιιι,
813 5729 901 5785 20.
978 5729 1023 5762 ⁸⁷
1050 5727 1208 5785 Joan.
1241 5742 1291 5793 v,
1327 5726 1415 5781 9.4.

1884 1889 2195 1947 intellectus
2248 1891 2688 1946 Christianorum
2740 1910 2958 1963 semper
3010 1895 3154 1949 circa
3209 1896 3466 1951 ccclestes

1883 1987 2241 2056 cogitationes
2287 1999 2557 2053 versetur,
2609 1998 2664 2045 et
2712 1991 2951 2044 cmlcstia
3002 1991 3142 2045 bona
3184 1991 3467 2045 intueatur

1884 2087 2109 2147 prepter
2141 2080 2614 2150 participationem
2659 2080 2896 2155 Spiritus
2934 2082 3144 2146 sancti;
3177 2080 3322 2150 quod
3367 2081 3466 2136 de-

1885 2186 2049 2239 super
2077 2186 2143 2225 οι
2173 2172 2283 2227 Deo
2308 2170 2442 2238 nati,
2474 2182 2530 2228 et
2561 2182 2623 2227 ut
2651 2160 2781 2227 ﬁant
2811 2171 2905 2227 lilii
2938 2173 3032 2227 Dei
3066 2173 3121 2227 in
3154 2174 3384 2228 veritate
3410 2181 3468 2227 et

1886 2262 2153 2332 potentia,
2190 2262 2339 2333 digni
2384 2263 2680 2317 existimati
2717 2262 2844 2329 sint,
2875 2275 3037 2333 atque
3070 2263 3137 2318 ad
3174 2273 3377 2319 statum
3412 2272 3470 2319 et

1891 2354 2269 2419 stabilitatem,
2299 2361 2355 2408 et
2382 2353 2834 2423 tranquillitatem
2861 2370 2925 2409 ac
2953 2356 3199 2424 requiem
3226 2371 3324 2426 per
3352 2372 3470 2410 ma-

1892 2457 2025 2512 gnos
2071 2443 2289 2499 labores
2312 2460 2376 2499 ac
2401 2444 2629 2499 sudores
2660 2445 2831 2499 multa
2865 2454 2988 2515 post
3023 2455 3271 2515 tempora
3300 2445 3468 2500 deve-

1894 2543 2099 2605 nerint,
2152 2542 2309 2596 nullo
2372 2543 2609 2612 amplius
2665 2542 2853 2597 cribro
2906 2542 3124 2613 agitati,
3158 2557 3337 2611 neque
3370 2542 3471 2596 llu—

1896 2643 2149 2688 ctuantes
2178 2634 2234 2688 in
2270 2635 2493 2691 caducis
2518 2652 2582 2692 ac
2597 2636 2752 2691 vanis
2773 2635 3219 2705 cogitationibus.
3264 2636 3324 2690 In
3362 2652 3473 2706 quo

1899 2726 2137 2795 majores
2187 2741 2251 2781 ac
2298 2726 2557 2781 meliores
2594 2736 2723 2781 sunt
2765 2727 2993 2792 mundo,
3029 2742 3096 2782 eo
3130 2728 3275 2797 quo-l
3308 2728 3475 2782 intel-

1898 2817 2071 2871 lectus
2112 2832 2322 2880 eorum,
2365 2826 2420 2872 et
2469 2818 2728 2888 cogitatio
2762 2820 2958 2874 animm
2988 2819 3044 2873 in
3078 2818 3281 2874 Christi
3318 2834 3472 2889 pace,

1901 2918 2062 2977 atque
2086 2908 2139 2962 in
2165 2908 2456 2963 dilectione
2483 2910 2720 2978 Spiritus
2751 2919 3019 2972 versetur,
3047 2910 3190 2963 sicut
3214 2909 3483 2965 Dominus

1903 2998 1971 3052 de
2021 2998 2172 3053 hisce
2220 3014 2526 3054 sermonem
2576 3000 2803 3061 habens,
2853 3000 3028 3055 dixit:
3065 2999 3169 3053 Eos
3206 3002 3479 3054 transiisse

1906 3110 1969 3146 ea:
2003 3102 2169 3147 morte
2213 3094 2267 3146 in
2314 3096 2477 3148 vitam
2497 3094 2559 3149 "’.
2594 3096 2712 3150 Non
2740 3095 2908 3163 igitur
2937 3097 2992 3150 in
3026 3096 3216 3167 ﬁguris
3240 3106 3333 3151 aut
3363 3097 3479 3150 for-

1904 3185 2009 3239 mis
2030 3185 2400 3239 exterioribus
2426 3187 2717 3241 diversitas
2739 3187 3179 3242 Christianorum
3207 3187 3480 3247 consistit.

1905 3278 2364 3347 quemadmodum
2410 3277 2463 3332 in
2499 3279 2605 3333 hoc
2632 3279 2950 3334 existimant
2992 3280 3151 3334 mulli
3182 3280 3487 3335 consistere

1907 3370 2279 3424 diversitatem
2315 3386 2378 3424 ac
2406 3370 2770 3425 dill'erenliam
2802 3370 2944 3424 inter
2970 3386 3084 3434 eos,
3115 3371 3167 3425 in
3192 3372 3486 3440 superﬁcie

1908 3477 1973 3514 ac
2017 3460 2226 3531 ﬁguris.
2272 3460 2483 3531 Quippe
2517 3462 2661 3531 quod
2703 3462 2837 3517 tales
2870 3473 3049 3517 mente
3077 3472 3240 3531 atque
3276 3464 3485 3533 cogita-

1912 3554 2057 3609 tione
2092 3553 2301 3606 similes
2330 3560 2459 3606 sunt
2486 3553 2711 3617 mundo,
2742 3569 2805 3607 ac
2836 3555 3202 3609 commotione
3232 3562 3287 3609 ct
3319 3556 3488 3610 insta-

1910 3644 2123 3698 bilitate
2152 3643 2568 3711 cogitationum,
2598 3643 3001 3707 incredulitate,
3048 3643 3390 3709 confusione,
3431 3654 3490 3699 et

1916 3734 2330 3805 perturbatione
2366 3749 2429 3788 ac
2460 3743 2627 3797 metu,
2671 3748 2731 3788 ut
2759 3736 2939 3789 caeteri
2981 3751 3172 3790 omnes
3214 3736 3488 3802 homines,

1912 3825 2180 3878 laborent.
2212 3824 2279 3876 Et
2309 3823 2363 3876 hi
2392 3822 2610 3893 quidem
2646 3825 2937 3893 superﬁcie
2959 3833 3115 3879 tenus
3140 3839 3201 3878 ac
3230 3825 3490 3892 opinione

1913 3924 1968 3970 et
1997 3923 2226 3968 externo
2256 3913 2491 3983 quodam
2519 3923 2665 3968 recte
2695 3914 2858 3979 facto,
2891 3930 2920 3968 a
2957 3916 3159 3969 mundo
3191 3916 3489 3970 diﬂ'erunt:

1916 4007 2010 4062 sed
2063 4007 2225 4061 corde
2279 4016 2440 4076 atque
2492 4006 2675 4060 animo
2712 4007 2944 4061 terrenis
2989 4007 3199 4076 laqueis
3243 4007 3489 4076 impediti

1917 4105 2065 4161 sunt,
2102 4096 2345 4166 requiem
2384 4096 2623 4149 divinam
2656 4106 2710 4150 et
2739 4097 3012 4151 caelestem
3043 4112 3231 4166 pacem
3257 4097 3495 4166 Spiritus

1920 4188 1975 4241 in
2023 4187 2185 4241 corde
2236 4203 2345 4241 non
2393 4187 2759 4255 possidentes,
2814 4202 2881 4242 eo
2913 4187 3058 4257 quod
3093 4204 3202 4241 non
3236 4188 3495 4257 petierint

1920 4294 1949 4333 a
1984 4280 2114 4342 Deo,
2158 4294 2261 4333 nec
2309 4279 2378 4333 iis
2428 4294 2486 4333 se
2541 4278 2883 4333 crediderint
2930 4278 3126 4349 dignos
3181 4287 3495 4349 reputatum

1924 4385 2015 4423 ll‘l.

1993 4634 2057 4688 ν.
2098 4632 2200 4686 Per
2237 4630 2435 4685 mentis
2470 4632 2616 4686 enim
2648 4632 3091 4695 renovationem,
3123 4638 3178 4687 et
3212 4629 3497 4699 cogitatio-

1926 4742 2055 4781 num
2118 4723 2601 4792 tranquillitatem,
2651 4732 2705 4775 et
2752 4722 3103 4776 dilectionem
3156 4722 3402 4787 Domini,
3442 4731 3499 4777 et

1927 4832 2166 4871 amorem
2214 4815 2513 4874 caelestem.
2550 4815 2728 4868 omnis
2765 4829 2905 4867 nova
2935 4822 3185 4866 creatura
3230 4812 3500 4869 Christia-

1926 4922 2121 4961 norum
2166 4906 2233 4959 ab
2274 4905 2589 4959 hominibus
2620 4905 2781 4972 hujus
2814 4903 3001 4956 mundi
3032 4903 3330 4974 discrepat.
3361 4905 3500 4958 Pro-

1925 5007 2112 5067 pterea
2160 4996 2305 5050 enim
2352 4995 2619 5049 adventus
2674 4994 2891 5050 Domini
2943 4995 3202 5065 contigit,
3246 5003 3308 5049 ut
3352 4994 3502 5049 hisce

1928 5089 2308 5159 spiritualibus
2354 5088 2509 5142 bonis
2532 5088 2850 5157 dignaretur
2870 5102 2999 5142 vere
3026 5088 3081 5141 in
3105 5104 3161 5142 se
3190 5088 3501 5143 credentes.

1930 5180 2115 5235 Gloria
2166 5181 2314 5235 enim
2366 5178 2803 5234 Christianorum
2840 5186 2896 5232 et
2924 5178 3301 5247 pulchritudo,
3330 5187 3385 5232 et
3418 5178 3505 5233 di-

1930 5274 2077 5327 viti-.e
2112 5274 2363 5327 caelestes
2405 5271 2708 5325 ineﬂabiles
2736 5279 2882 5334 sunt,
2914 5279 2969 5324 et
3003 5285 3197 5339 magno
3228 5270 3413 5324 labore
3441 5285 3505 5325 ac

1932 5364 2154 5423 sudore,
2189 5362 2582 5416 tentationibus
2610 5370 2665 5415 et
2694 5359 3093 5415 certaminibus
3116 5358 3300 5412 multis
3318 5358 3505 5427 acqui-

1934 5456 2073 5510 sitzc.
2123 5453 2276 5519 Quod
2330 5462 2503 5507 totum
2544 5452 2731 5522 gratia:
2769 5451 2969 5505 divina:
3008 5449 3415 5505 ascribendum.
3445 5448 3506 5504 Si

1935 5546 2083 5602 enim
2118 5544 2321 5600 terreni
2353 5545 2496 5614 regis
2530 5551 2787 5614 aspectus
2813 5541 2881 5597 ab
2908 5540 3166 5597 omnibus
3192 5538 3509 5595 hominibus
