4266 6356
775 386 881 451 439

2018 392 2081 453 S.
2124 392 2443 454 MACARII
2486 392 2809 455 [EGYPTII

3934 393 4052 456 5-00

776 501 1148 567 desideratur,
1173 510 1229 557 et
1254 500 1457 566 omnis,
1480 502 1572 571 qui
1612 502 1666 556 in
1693 502 1831 557 urbe
1854 502 1999 573 regis
2024 503 2356 567 diversatur,
2390 505 2437 561 Α

2390 505 2437 561 Α
2466 507 2771 578 ἀνθρώποις
2805 509 3085 577 τυγχάνει,
3118 507 3213 561 καὶ
3233 508 3340 569 πᾶς
3372 524 3457 571 τις
3486 506 3768 576 ἐπιδημῶν
3795 506 3855 559 ἐν
3893 508 4052 559 πόλει

776 595 1053 650 desiderat
1089 594 1157 648 ad
1195 594 1479 647 minimum
1508 593 1973 664 pulchritudinem
2002 594 2120 665 ejus
2146 594 2354 657 videre,

778 695 874 741 aut
915 686 1241 756 elegantiam
1287 686 1395 757 24,
1439 686 1917 750 vestimentorum,
1966 694 2061 738 aut
2101 701 2357 754 purpuras

780 780 1149 849 splendorem,
1183 779 1458 832 variarum
1496 779 1916 849 margaritarum
1953 779 2209 842 nitorem,
2236 777 2357 830 dia-

780 874 1013 926 deinatis
1048 872 1326 933 decorem,
1372 881 1537 941 atque
1582 871 1950 941 praestantiam
1991 886 2203 933 eorum,
2240 884 2359 937 qua:

781 965 847 1019 ad
876 966 1210 1034 majestatem
1244 965 1362 1034 ejus
1395 964 1701 1033 pertinent;
1735 962 1841 1015 nisi
1872 962 2016 1031 quod
2045 962 2361 1030 spirituales

784 1058 975 1112 isthmc
1008 1066 1393 1119 contemnant,
1443 1057 1571 1126 quia
1610 1056 1768 1108 aliam
1807 1055 2035 1123 gloriam
2082 1054 2359 1107 ccelestem

783 1152 1160 1219 incorporeum
1208 1149 1439 1217 experti,
1486 1148 1591 1201 alia
1643 1146 1907 1199 ineﬂabili
1955 1144 2362 1213 pulchritudine

783 1242 1049 1306 sauciati,
1105 1242 1446 1309 aliarumque
1509 1240 1824 1293 divitiarum
1891 1238 2186 1306 participes
2236 1245 2365 1289 sunt

783 1335 932 1399 facti,
967 1345 1021 1389 et
1061 1336 1361 1389 secundum
1416 1333 1689 1385 internum
1722 1331 2025 1393 hominem,
2054 1327 2219 1381 alium
2252 1328 2365 1396 spi-

786 1427 949 1479 ritum
996 1426 1277 1478 consecuti
1314 1433 1462 1477 sunt.
1495 1421 1763 1487 Quoniam
1795 1422 1958 1490 igitur
1984 1419 2150 1490 hujus
2177 1419 2366 1473 mundi

786 1518 1068 1581 homines,
1123 1517 1216 1584 qui
1270 1517 1524 1585 spiritum
1570 1513 1758 1566 mundi
1809 1513 2122 1581 possident,
2174 1526 2368 1581 magno

783 1610 1059 1663 desiderio
1119 1618 1375 1662 tenentur
1428 1607 1633 1660 terreni
1715 1605 1859 1674 regis
1926 1602 2365 1671 contemplandi,

785 1703 977 1755 saltem
1022 1717 1146 1754 cum
1198 1700 1345 1753 omni
1396 1709 1596 1752 ornatu
1642 1711 1698 1753 et
1744 1680 2117 1768 gloria-ejus:
2165 1702 2370 1762 quanto

784 1796 930 1847 enim
960 1794 1011 1845 in
1044 1794 1109 1845 iis
1152 1808 1272 1860 quae
1300 1792 1580 1853 videntur,
1628 1791 1871 1845 conditio
1912 1791 2031 1859 ejus
2072 1790 2243 1857 major
2288 1794 2372 1839 est

787 1902 952 1955 quam
1005 1885 1248 1938 omnium
1298 1884 1614 1945 hominum,
1646 1891 1796 1936 tanto
1847 1882 2168 1950 gloriosius,
2221 1888 2369 1933 tanto

789 1977 1087 2047 optabilius
1117 1976 1184 2028 ab
1211 1976 1465 2029 omnibus
1504 1976 1743 2027 habetur
1777 1975 1860 2027 vel
1892 1983 2100 2027 tantum
2138 1971 2365 2034 vidisse,

788 2078 845 2123 et
894 2067 1270 2135 unusquisque
1298 2065 1441 2135 apud
1484 2081 1542 2120 se
1580 2066 1714 2121 dicit
1752 2084 1763 2117 :
1816 2065 2029 2119 Utinam
2074 2065 2189 2132 quis
2240 2064 2367 2115 mihi

789 2160 943 2213 ih'am
995 2160 1241 2231 gloriam,
1291 2159 1527 2211 decorem
1579 2176 1639 2211 ac
1684 2157 2016 2227 splendorem
2064 2155 2310 2208 concedat
2352 2156 2370 2207 !

791 2252 1095 2321 prtedicans
1130 2266 1255 2304 eum
1282 2251 1522 2313 beatum,
1555 2248 1790 2303 similem
1821 2249 2025 2317 alioqui
2054 2248 2163 2312 sui,
2197 2258 2370 2302 terre-

791 2358 945 2405 num,
969 2342 1272 2409 iisdemque
1297 2340 1679 2394 aﬂ‘ectionibus
1706 2338 2003 2394 obnoxium
2032 2348 2195 2408 atque
2222 2354 2371 2393 mor-

792 2438 986 2502 talem,
1035 2445 1263 2506 propter
1316 2445 1759 2491 momentaneum
1821 2450 1955 2489 νιξΓο
2017 2440 2275 2488 ornatum
2315 2440 2372 2486 ει

797 2531 1026 2601 gloriam
1056 2528 1500 2584 desiderabilem.
1971 2525 1975 2530 ’

865 2622 952 2677 Vl.
1002 2621 1057 2675 Si
1098 2622 1285 2691 igitur,
1317 2622 1560 2689 inquam,
1594 2619 1839 2673 carnales
1876 2619 2128 2672 homines
2153 2617 2371 2671 deside-

800 2722 921 2767 rant
944 2722 1229 2782 tantopere
1260 2713 1486 2782 gloriam
1525 2713 1729 2766 terreni
1773 2714 1935 2781 regis,
1965 2697 2170 2781 quanto
2202 2711 2371 2780 magis

796 2805 875 2869 hi,
910 2804 963 2858 in
1004 2820 1143 2873 quos
1188 2803 1471 2858 instillavit
1519 2812 1669 2873 gutta
1707 2802 1943 2872 Spiritus
1985 2804 2126 2867 vita},
2160 2804 2253 2873 qui
2288 2812 2372 2858 est

796 2896 1134 2960 divinitatis;
1160 2905 1215 2949 et
1242 2912 1474 2964 quorum
1502 2912 1597 2949 cor
1626 2896 1937 2949 vulneravit
1965 2911 2151 2948 amore
2183 2896 2373 2949 divino

796 3005 924 3058 erga
955 2989 1237 3044 ccelestem
1270 3004 1451 3057 regem
1479 2986 1780 3050 Christum,
1812 2987 2051 3041 devincti
2079 2998 2207 3040 sunt
2250 2987 2373 3055 pul-

798 3080 1111 3133 chritudine
1142 3079 1229 3131 illa
1264 3086 1319 3131 ct
1355 3078 1527 3146 gloria
1565 3077 1847 3139 ineﬂ'abili,
1882 3086 1937 3131 et
1965 3078 2165 3131 decore
2194 3078 2373 3131 incor-

2461 601 2745 669 βασιλέως,
2778 600 3035 670 ἐπιθυμεῖ
3079 599 3182 652 κᾶν
3220 600 3382 669 μόνον
3424 598 3722 654 θεάσασθαι
3755 598 3817 650 τὺ
3851 599 4057 660 κάλλος

2458 692 2643 758 αὐτοῦ,
2677 694 2708 761 ἢ
2741 693 2839 761 τὴν
2865 693 3174 761 ὡραιότητα
3207 692 3315 743 τῶν
3344 692 3679 761 ἐνδυμάτων,
3712 692 3745 761 ἢ
3776 694 3877 761 τῆς
3910 708 4055 760 πορ-

2462 784 2638 854 φύρας
2697 786 2791 853 τὴν
2834 786 3027 848 δόξαν,
3069 784 3175 835 τῶν
3236 784 3498 835 ποικίλων
3563 782 3922 853 μαργαριτῶν
3990 782 4055 834 τὸ

2462 879 2675 939 κάλλος,
2724 876 2816 927 τοῦ
2870 876 3198 945 διαδήματος
3246 877 3343 943 τὴν
3387 876 3743 942 εὐπρέπειαν,
3780 874 3888 925 τῶν
3949 874 4055 925 σὺν

2462 968 2612 1037 αὐτῷ
2670 968 2998 1035 ἀξιωμάτων
3069 965 3167 1033 τὴν
3222 965 3547 1033 τιμιότητα·
3588 963 3744 1025 ἐκτὸς
3792 962 3952 1030 εἰμὴ
4003 963 4053 1013 οἱ

2466 1062 2827 1128 πνευματικοὶ
2873 1058 3235 1125 ἐξουδενοῦσιν
3270 1058 3430 1123 αὐτὰ,
3472 1058 3560 1109 διὰ
3599 1058 3659 1109 τὸ
3691 1057 3857 1125 ἄλλης
3886 1056 4055 1122 δόξης

2465 1153 2790 1224 ἐπουρανίου
2851 1155 2944 1205 καὶ
2997 1153 3287 1220 ἀσωμάτου
3340 1149 3730 1219 πεπειρᾶσθαι,
3764 1150 3858 1201 καὶ
3901 1148 4055 1216 άλλῳ

2467 1248 2652 1299 κάλλει
2675 1247 2899 1315 ἀρρήτῳ
2932 1244 3255 1314 τετρῶσθαι,
3288 1245 3383 1295 καὶ
3414 1242 3574 1296 ἄλλου
3602 1241 3832 1293 πλούτου
3866 1257 4055 1293 κεκοι-

2468 1337 2790 1406 νωνηκέναι,
2833 1337 2924 1387 xu‘t
2955 1335 3029 1403 τῷ
3073 1334 3181 1385 ἔσω
3217 1331 3490 1401 ἀνθρώπῳ
3538 1331 3779 1391 ἔσεσθαι,
3829 1330 3924 1381 xui
3956 1328 4057 1393 ᾅλέ

2468 1431 2559 1483 λου
2601 1429 2912 1497 πνεύματος
2946 1427 3211 1496 μετέχειν.
3260 1424 3415 1475 Ἐπεὶ
3438 1424 3530 1475 οὐν
3560 1424 3655 1475 τοῦ
3682 1424 3889 1492 κόσμου
3918 1421 4054 1473 10:3-

2470 1540 2564 1575 του
2596 1522 2895 1589 ἄνθρωποι,
2932 1520 2980 1570 οἱ
3018 1520 3082 1571 τὸ
3120 1518 3337 1585 πνεῦμα
3358 1516 3451 1567 τοῦ
3480 1517 3686 1583 κόσμου
3720 1514 3961 1582 ἔχοντες,
3994 1514 4058 1563 ἐν

2474 1615 2643 1681 πολλῇ
2666 1612 2932 1680 ἐπιθυμίᾳ
2973 1611 3077 1661 εἰσὶ
3120 1610 3214 1661 τοῦ
3250 1609 3342 1659 τὸν
3382 1608 3621 1674 ἐπίγειον
3661 1604 3885 1673 βασιλέα
3920 1603 4057 1655 θεά.-

2476 1706 2693 1767 σασθαι,
2726 1703 2884 1771 μόνον
2914 1720 3009 1754 συν
3034 1702 3181 1771 πάσῃ
3216 1703 3280 1769 τῇ
3315 1699 3621 1769 εὐπρεπείᾳ
3664 1700 3757 1750 καὶ
3800 1698 3930 1769 δόξῃ
3963 1699 4057 1762 αὐ-

2474 1797 2588 1849 τοῦ·
2635 1798 2757 1848 ὅσον
2788 1795 2895 1862 γὰρ
2930 1795 2986 1845 ἐν
3026 1795 3137 1854 τοῖς
3166 1792 3511 1859 φαινομένοις
3557 1789 3737 1857 πολλῷ
3768 1790 3975 1858 μείζων
4022 1790 4056 1858 ἡ

2478 1886 2633 1955 μερὶς
2688 1883 2851 1936 αὐτοῦ
2904 1886 3019 1935 ἐστι
3069 1882 3221 1950 παρὰ
3273 1880 3480 1942 πάντας
3526 1880 3653 1941 τοὺς
3705 1878 4055 1948 ἀνθρώπους,

2472 1978 2645 2041 οὕτως
2688 1975 2915 2038 ἔνδοξον,
2950 1974 3117 2034 οὕτως
3152 1970 3484 2039 ἐπιθυμητὸν
3519 1970 3622 2020 ὐπὸ
3658 1968 3901 2031 πάντων,
3948 1967 4059 2019 κᾶν

2471 2070 2548 2137 τῷ
2595 2069 2857 2136 θεαθῆναι
2915 2065 3109 2135 μόνον’
3164 2065 3258 2115 xu‘t
3296 2064 3528 2123 ἕκαστος
3562 2062 3620 2113 ἐν
3653 2059 3833 2128 ἐαυτῷ
3880 2059 4057 2127 λέγει·

2473 2160 2612 2213 Εῑθε
2650 2176 2737 2222 τις
2765 2156 2949 2210 ἔδωκέ
2983 2172 3083 2223 μοι
3125 2154 3370 2217 ἐκείνην
3406 2151 3519 2217 τὴν
3546 2150 3754 2214 δόξαν,
3808 2148 3907 2201 καὶ
3939 2147 4061 2214 τὴν

2471 2249 2854 2317 εὐπρέπειαν,
2881 2247 2978 2298 κσι
3014 2244 3129 2311 τὴν
3159 2246 3508 2311 ὡραιότητα,
3552 2242 3874 2312 μακαρίζων
3908 2242 4061 2292 ἐκεῖ-

2474 2358 2561 2392 νον
2602 2339 2691 2391 τὸν
2731 2339 2917 2406 ὅμοιον
2971 2334 3137 2388 αὐτοῦ
3193 2336 3403 2403 γήῖνον,
3459 2332 3554 2383 καὶ
3617 2330 3927 2399 ὁμοιοπαθῆ
3961 2331 4061 2382 καὶ

2474 2433 2667 2501 θνητὸν
2697 2432 2844 2495 ὄντα,
2875 2429 2963 2483 διά
2991 2429 3049 2483 δὲ
3077 2427 3174 2499 τὴν
3210 2428 3545 2497 πρόσκαιρον
3572 2425 3933 2495 εὐπρέπειαν,
3962 2422 4062 2475 καὶ

2473 2524 2654 2589 δόξαν,
2682 2522 3044 2593 ἐπιθυμητὸν.

2548 2621 2639 2685 (τ’.
2688 2618 2751 2670 Εἰ
2787 2613 2878 2669 οὖν
2922 2615 3097 2678 οὕτως
3146 2616 3197 2667 οἱ
3233 2613 3493 2683 σαρκικοί
3527 2610 3805 2679 ἄνθρωποι
3852 2608 4064 2660 ἐπιθυ-

2481 2711 2642 2779 μούσι
2680 2712 2781 2778 τῆς
2807 2710 2963 2777 δόξης
2996 2710 3087 2761 τοῦ
3121 2709 3311 2777 γηῖνου
3347 2707 3632 2776 βασιλέως,
3672 2704 3823 2772 πόσῳ
3855 2702 4062 2771 μᾶλλον

2476 2800 2555 2865 οἷς
2589 2803 2873 2867 ἐνέσταξεν
2930 2802 3111 2871 ἐκείνη
3168 2802 3201 2869 ἡ
3260 2801 3410 2869 ῥανὶς
3459 2798 3555 2850 τοῦ
3600 2796 3920 2864 Πνεύματος
3962 2796 4063 2863 τῆς

2478 2900 2620 2967 ζωῆς
2648 2898 2745 2965 τῆς
2774 2897 3025 2963 θεότητος
3050 2937 3064 2959 ,
3114 2894 3206 2945 καὶ
3238 2894 3443 2963 ἔτρωσε
3473 2892 3571 2960 τὴν
3614 2889 3845 2957 καρδίαν
3878 2884 4065 2939 αὐτῶν

2478 2990 2639 3059 ἔρωτι
2691 2988 2841 3056 θείῳ,
2877 2988 3012 3056 πρὸς
3056 2985 3146 3037 τὸν
3193 2984 3515 3053 ἐπουράνιον
3548 2980 3770 3051 βασιλέα
3801 2977 4062 3047 Χριστὸν,

2479 3086 2557 3147 εἰς
2605 3085 2782 3135 ἐκεῖνο
2817 3082 2877 3132 τὸ
2910 3081 3103 3141 κάλλος
3134 3079 3371 3130 δέδενται
3415 3076 3509 3128 καὶ
3554 3075 3654 3143 τὴν
3692 3071 4065 3139 ἀνεκλάλητον

801 3171 1050 3239 ruptibili
1102 3179 1157 3224 et
1210 3170 1864 3238 incomprehensibilibus
1912 3170 2120 3223 divitiis
2167 3172 2279 3224 veri
2318 3180 2371 3224 et
2401 3176 2486 3249 Ci

2401 3192 2444 3249 ο
2478 3176 2630 3238 δόξαν
2662 3174 2755 3225 καὶ
2789 3172 3061 3240 ἄφθαρτον
3094 3170 3454 3238 εὐπρέπειαν,
3488 3168 3582 3218 καὶ
3611 3167 3703 3217 τὸν
3734 3164 4062 3232 ἀνεννόητον

797 3264 988 3318 διιετηί
1034 3263 1177 3331 regis
1210 3261 1436 3325 Christi,
1468 3262 1625 3330 cujus
1656 3270 1782 3313 voto
1823 3271 1879 3314 et
1911 3260 2189 3315 desiderio
2228 3262 2373 3329 capti

801 3364 1079 3417 tenentur,
1115 3353 1209 3406 toti
1236 3353 1460 3405 omnino
1490 3351 1556 3405 ad
1581 3368 1707 3406 eum
1731 3352 2006 3417 conversi,
2044 3360 2209 3420 atque
2231 3352 2377 3406 desi-

799 3446 999 3501 derant
1034 3445 1297 3514 consequi
1345 3446 1732 3499 inenarrabilia
1786 3446 1875 3498 illa
1922 3445 2083 3508 bona,
2124 3461 2245 3513 quae
2282 3461 2380 3513 per

800 3534 1068 3605 Spiritum
1116 3536 1437 3599 intuentur;
1486 3552 1721 3603 quorum
1774 3536 1948 3603 gratia
1995 3536 2209 3599 omnia,
2258 3552 2381 3604 quas

800 3636 929 3683 sunt
966 3644 1131 3697 super
1157 3637 1356 3682 terram
1391 3627 1638 3697 pulchra,
1664 3638 1720 3681 et
1742 3637 2019 3690 ornatum,
2047 3636 2102 3680 et
2126 3628 2378 3697 gloriam,

800 3728 861 3797 et.
890 3719 1181 3784 honorem,
1215 3729 1269 3774 et
1298 3719 1519 3774 divitias
1553 3735 1739 3788 regum
1778 3734 1841 3771 ac
1888 3719 2200 3787 principum
2223 3719 2381 3772 nihili

804 3812 1052 3867 ducunt:
1088 3812 1273 3865 divina
1303 3813 1451 3866 enim
1498 3811 1911 3880 pulchritudine
1955 3811 2184 3863 sauciati
2231 3822 2379 3875 sunt,

799 3912 857 3958 et
896 3906 1007 3957 vila
1055 3904 1480 3958 immortalitatis
1531 3903 1773 3957 cmlestis
1819 3903 2140 3955 innillorum
2186 3902 2384 3955 animis

802 3995 1109 4049 instillavit.
1137 3994 1404 4060 Quocirca
1434 3996 1577 4047 illam
1602 3994 1953 4047 dilectionem
1978 3993 2217 4047 ccelestis
2242 3994 2385 4062 regis

800 4094 1081 4155 exoptant,
1138 4088 1401 4154 illumque
1448 4088 1625 4140 solum
1675 4086 1745 4139 ob
1784 4086 1975 4139 oculos
2022 4086 2075 4137 in
2128 4086 2387 4138 omnibus

802 4178 1097 4232 desideriis
1136 4178 1426 4241 habentes,
1469 4178 1678 4246 seipsos
1732 4177 1881 4231 omni
1942 4177 2221 4229 mundana
2253 4177 2388 4229 dile-

802 4270 985 4323 ctione
1035 4286 1131 4338 per
1183 4286 1307 4323 cum
1347 4270 1666 4331 exsolvunt,
1720 4276 1775 4321 et
1824 4267 2090 4321 recedunt
2140 4267 2209 4320 ab
2236 4267 2386 4320 omni

802 4364 1026 4416 vinculo
1068 4372 1313 4425 terreno,
1347 4372 1406 4415 ut
1437 4362 1649 4430 possint
1687 4361 1821 4414 illud
1853 4360 2187 4413 desiderium
2211 4361 2387 4413 solum

801 4470 1019 4523 semper
1079 4455 1131 4507 in
1191 4454 1452 4508 cordibus
1507 4454 1622 4507 suis
1688 4454 1971 4522 possidere
2023 4467 2201 4520 neque
2238 4452 2387 4504 aliud

802 4563 926 4601 cum
969 4548 1061 4600 illo
1099 4548 1478 4601 commiscere.
1520 4547 1686 4600 Pauci
1735 4561 1862 4599 vero
1907 4561 2037 4604 sunt
2082 4544 2380 4603 admodum

802 4639 897 4705 qui
960 4639 1105 4691 bono
1150 4639 1306 4692 initio
1362 4639 1567 4692 bonum
1623 4640 1783 4692 linem
1846 4651 2164 4708 procurent,
2217 4650 2272 4695 et
2315 4641 2382 4693 ad

805 4729 967 4783 linem
1012 4731 1340 4798 perveniant
1385 4732 1591 4799 absque
1632 4732 1819 4799 lapsu,
1871 4731 2223 4786 dilectionem
2282 4732 2383 4785 soli

804 4820 916 4873 Deo
970 4820 1257 4883 habentes,
1284 4828 1338 4872 et
1389 4821 1600 4888 seipsos
1651 4822 1718 4874 ab
1774 4822 2029 4875 omnibus
2081 4823 2381 4876 solventes.

806 4910 961 4963 Multi
1006 4912 1151 4963 enim
1206 4921 1676 4980 compunguntur,
1707 4923 1761 4965 et
1794 4913 1951 4966 multi
1980 4915 2168 4982 gratia:
2216 4915 2384 4967 coale-

806 5000 906 5053 stis
975 5000 1271 5068 participes
1329 5001 1487 5063 ﬁunt,
1543 5013 1598 5055 et
1639 5002 1847 5057 caelesti
1891 5020 2076 5058 amore
2110 5006 2384 5059 vulnerati

807 5100 975 5154 sunt,
1044 5090 1140 5144 sed
1212 5107 1308 5159 per
1394 5092 1743 5161 quotidianas
1812 5110 2020 5164 pugnas
2090 5106 2145 5151 et
2204 5107 2385 5150 certa-

812 5181 981 5241 mina,
1017 5190 1071 5235 et
1100 5181 1340 5247 labores,
1377 5192 1432 5235 et
1461 5184 1793 5239 tentationes
1820 5186 1995 5238 varias
2022 5188 2245 5257 maligni
2277 5205 2386 5243 non

811 5271 1167 5335 sustinentes,
1211 5273 1380 5327 variis
1436 5283 1491 5326 et
1526 5276 1758 5329 diversis
1790 5277 2083 5331 mundanis
2113 5280 2386 5347 cupidita—

813 5363 962 5418 tibus
992 5364 1200 5433 agitati,
1247 5366 1375 5434 quia
1423 5369 1761 5421 voluntatem
1794 5369 2027 5437 quisque
2056 5370 2222 5424 habet
2254 5372 2383 5426 dili-

813 5456 973 5525 gendi
1004 5457 1211 5525 aliquid
1239 5473 1303 5512 ex
1334 5459 1439 5512 hoc
1490 5460 1716 5523 mundo,
1776 5468 1831 5514 et
1881 5476 1989 5526 non
2026 5462 2273 5517 solvendi
2328 5482 2386 5521 se

816 5552 1040 5604 omnino
1070 5551 1139 5604 ab
1164 5551 1285 5619 ejus
1313 5552 1626 5619 dilectione,
1654 5565 1979 5609 manserunt
2018 5563 2074 5608 et
2112 5557 2383 5615 submersi

816 5653 945 5698 sunt
978 5643 1032 5697 in
1081 5644 1270 5698 mundi
1304 5645 1520 5716 abysso,
1573 5647 1643 5701 ob
1689 5648 1924 5718 pr0priae
1963 5651 2262 5706 voluntatis
2292 5667 2385 5705 ve-

2483 3266 2713 3319 πλοῦτον
2742 3266 2835 3318 τοῦ
2858 3260 3112 3333 ἀληθινοῦ
3140 3263 3231 3314 καὶ
3254 3260 3473 3313 αἰωνίου
3503 3258 3768 3327 βασιλέως
3792 3255 4062 3326 Χριστοῦ,

2483 3352 2543 3411 οὐ
2571 3360 2639 3427 τῇ
2676 3356 2959 3425 ἐπιθυμίᾳ,
2995 3356 3091 3407 καὶ
3114 3353 3191 3421 τῷ
3222 3352 3372 3420 πόθῳ
3399 3350 3918 3419 αἰχμαλωτίζονται,
3953 3349 4070 3401 ὅλοι

2484 3450 2543 3514 ἐξ
2572 3452 2693 3503 ὅλου
2726 3451 2862 3518 πρὸς
2887 3448 3048 3500 αὐτὸν
3073 3447 3454 3515 τυγχάνοντες,
3488 3447 3581 3498 xui.
3612 3442 3939 3509 ἐπιθυμοῦσι
3970 3458 4071 3493 τυ-

2486 3544 2598 3609 χεῖν
2652 3541 2875 3592 ἐκείνων
2918 3531 2991 3589 ὧν
3037 3537 3444 3608 ἐνοπτρίζονται
3492 3535 3578 3586 διά
3623 3532 3715 3584 τοῦ
3749 3531 4071 3598 Πνεύματος

2486 3636 2769 3703 ἀλαλήτων
2796 3632 3035 3699 ἀγαθῶν,
3065 3625 3127 3684 οὗ
3160 3630 3345 3682 ἕνεκεν
3374 3630 3551 3682 ¹πάντα
3588 3627 3656 3679 τὰ
3686 3627 3775 3679 ἐπί
3798 3625 3903 3692 γῆς
3934 3624 4071 3675 κάλ-

2486 3728 2551 3795 λη
2580 3728 2674 3777 καὶ
2705 3723 3061 3793 εὐπρεπείας,
3097 3723 3191 3773 κα¹ι⁵
3234 3721 3413 3783 δόξας,
3440 3720 3534 3771 καὶ
3565 3718 3751 3786 τιμὰς,
3777 3717 3869 3768 xui.
3906 3714 4073 3766 πλοῦ-

2486 3836 2576 3869 τον
2610 3818 2873 3886 βασιλέων
2922 3816 3015 3868 καὶ
3057 3816 3333 3882 ἀρχόντων
3386 3811 3743 3874 ὲξουδενοῦσι·
3782 3809 3913 3878 θείῳ
3962 3809 4073 3878 γὰρ

2488 3909 2673 3961 κάλλει
2714 3907 3052 3975 ἐτρώθησαν,
3094 3905 3188 3957 καὶ
3228 3904 3341 3973 ζωὴ
3377 3902 3680 3963 ἀθανασίας
3726 3901 3980 3971 οὐρανίου
4014 3901 4072 3951 ἐν

2486 4002 2609 4061 ταῖς
2637 3999 2833 4067 ψυχαῖς
2873 3996 3051 4049 αὐτῶν
3104 3997 3378 4060 ἐνέσταξε.
3420 3996 3511 4046 Διὸ
3573 3994 3669 4045 καὶ
3720 3994 3799 4054 είς
3854 3992 4071 4060 ἐκείνην

2488 4093 2587 4159 τὴν
2634 4091 2857 4158 ἀγάπην
2896 4089 2989 4140 τοῦ
3032 4090 3356 4156 ἐπουρανίου
3408 4086 3672 4155 βασιλέως
3721 4083 4069 4147 ἐπιποθοῦσι,

2491 4182 2583 4233 καὶ
2626 4181 2787 4233 αὐτὸν
2832 4181 2991 4249 μόνον
3026 4180 3131 4248 πρὸ
3171 4178 3463 4247 ὀῳθαλμῶν
3508 4178 3565 4228 ἐν
3603 4176 3770 4245 πολλῇ
3803 4175 4073 4245 ἐπιθυμία

2490 4272 2702 4341 ἔχοντες
2747 4271 2811 4323 δι’
2864 4270 3027 4323 αὐτοῦ
3074 4270 3256 4337 πάσης
3308 4270 3529 4338 ἀγάπης
3590 4268 3798 4335 κόσμου
3850 4266 4072 4317 λύουσιν

2492 4364 2739 4429 ἑαυτοὺς,
2768 4363 2862 4414 καὶ
2897 4361 3238 4431 ἀναχωροῦσι
3276 4360 3477 4421 παντὸς
3508 4361 3694 4427 γηῖνου
3731 4358 3957 4425 δεσμοῦ,
3986 4358 4074 4409 ἵνα

2491 4456 2795 4525 δυνηθῶσιν
2841 4457 3046 4507 ἐκεῖνον
3080 4455 3237 4522 μόνον
3279 4454 3370 4506 τὸν
3416 4453 3577 4504 πόθον
3618 4453 3676 4503 ἐν
3714 4454 3833 4513 ταῖς
3863 4450 4074 4502 ἑαυτῶν

2422 4524 2462 4577 D
2494 4524 2741 4615 καρδίαις
2769 4548 2912 4615 ἔχειν
2955 4547 3185 4598 πάντοτε
3223 4545 3242 4615 l
3272 4545 3373 4613 (l),
3411 4544 3502 4595 καὶ
3554 4544 3718 4613 μηδὲν
3751 4543 3939 4612 ἓτερον
3974 4543 4072 4595 σὺν

2492 4640 2685 4707 ἐκείνῳ
2736 4639 2984 4706 μιγνύειν
3006 4655 3017 4667 ·
3048 4637 3217 4704 ὀλίγοι
3278 4637 3332 4688 δέ
3381 4637 3486 4687 είσι
3539 4636 3681 4687 πάνυ
3714 4637 3761 4686 οί
3790 4637 3853 4704 τῇ
3888 4633 4070 4703 ἀγαθῇ

2495 4734 2633 4802 ἀρχῇ
2680 4732 2832 4792 τέλος
2873 4730 3075 4796 ἀγαθὸν
3108 4727 3487 4797 πορισάμενοι,
3520 4726 3614 4777 xui.
3644 4725 4070 4795 διεξερχόμενοι,

2494 4826 2595 4885 ἓως
2626 4822 2809 4884 τέλους
2862 4822 3122 4880 ἅπτωτοι,
3174 4820 3272 4885 τὴν
3309 4820 3438 4887 μίαν
3464 4819 3684 4886 ἀγάπην
3742 4817 3877 4885 πρὸς
3911 4817 4073 4883 μόνον

2492 4917 2583 4967 τὸν
2612 4915 2744 4967 Θεὸν
2789 4914 3031 4982 ἔχοντες,
3063 4914 3157 4965 καὶ
3212 4912 3429 4963 πάντων
3488 4910 3715 4971 ἑαυτοὺς
3762 4909 4073 4972 λελυκότες.

2497 5005 2689 5057 Πολλοὶ
2738 5006 2845 5074 γὰρ
2918 5002 3383 5066 κατανύσσονται,
3454 5002 3547 5053 καὶ
3607 4998 3790 5052 ’πολλοὶ¹
3854 5001 4077 5068 χάριτος

2494 5099 2747 5167 οὐρανίου
2799 5097 3011 5165 μέτοχοι
3067 5094 3327 5161 γίνονται,
3390 5095 3481 5147 xu‘t
3512 5093 3672 5162 ἔρωτι
3704 5093 3937 5162 οὐρανίῳ
3992 5110 4077 5144 τι·

2496 5189 2853 5260 τρὼσκονται,
2886 5187 3019 5241 ἀλλὰ
3043 5187 3129 5239 διά
3157 5188 3279 5249 τοὺς
3307 5188 3363 5237 ἐν
3386 5186 3535 5255 μέσῳ
3562 5184 3777 5252 ἀγῶνας
3795 5185 3889 5236 καὶ
3904 5184 4076 5252 ἀθλή-

2499 5298 2610 5344 σεις
2666 5281 2761 5333 καὶ
2805 5281 2999 5341 πόνους
3075 5279 3165 5330 καὶ
3233 5278 3572 5348 πειρασμούς
3634 5276 3926 5344 διαφόρους
3979 5274 4074 5327 τοῦ

2496 5372 2733 5444 πονηροῦ
2801 5373 2875 5441 μὴ
2926 5371 3325 5440 ὑπομένοντες,
3361 5372 3417 5421 ἐν
3474 5367 3749 5430 ποικίλαις
3805 5366 3899 5419 καὶ
3960 5366 4078 5418 δια-

2495 5469 2682 5536 φόροις
2709 5464 3024 5532 ἐπιθυμίαις
3070 5464 3366 5531 κοσμικαῖς
3398 5461 3749 5532 τρεπόμενοι,
3780 5459 3867 5512 διὰ
3898 5458 3961 5511 τὺ
3987 5457 4078 5511 θέ-

2496 5561 2643 5628 λημα
2701 5556 2844 5625 ἔχειν
2876 5554 3105 5605 ἕκαστον
3149 5551 3242 5604 τοῦ
3282 5552 3564 5620 ἀγαπῆσαί
3623 5568 3676 5604 τι
3726 5549 3819 5603 τοῦ
3868 5548 4077 5618 κόσμου

2496 5651 2706 5714 τούτου,
2737 5648 2832 5701 καὶ
2860 5647 2935 5717 μὴ
2978 5645 3263 5698 λελυκέναι
3290 5645 3553 5699 πάντοθεν
3581 5644 3680 5713 τὴν
3711 5643 3936 5713 ἀγάπην
3974 5642 4077 5696 αὐ·-

894 5802 968 5871 (Ι)
1003 5800 1167 5857 Uncis
1201 5800 1416 5857 inclusa
1442 5804 1768 5874 supplentur
1800 5822 1865 5860 ex
1891 5802 2013 5861 cod.
2048 5823 2147 5862 ms.
2180 5806 2352 5861 Graec.
2387 5825 2442 5862 ιι.
2488 5810 2548 5862 l6
2578 5806 2935 5862 Bibliotheca:
2967 5801 3359 5859 Berolinensis.
