4266 6356
268 372 375 439 501

1504 384 1873 449 ΗΟΜΠᾸιΕ.
1912 388 2171 450 -ΗΟΜ.
2215 390 2279 453 ν.

3411 392 3518 459 502

266 488 391 553 ¹τοῦ,
417 487 724 558 άπέμειναν
750 487 848 543 καὶ
874 486 1243 564 ιδυθίσθησαν
1280 492 1341 549 ιν
1391 493 1469 567 τῷ
1511 496 1603 549 τοῦ
1640 497 1848 568 κόσμου
1874 503 1951 562 Al

1835 503 2225 569 iAcordiam,
2267 510 2328 559 et
2375 502 2834 570 imbecillitatem,
2879 512 2936 560 et
2992 503 3374 573 timiditatem,
3421 516 3520 564 aut

269 580 445 651 βυθῷ,
475 580 565 635 διά
608 581 704 635 τοῦ
746 582 877 637 ίδίου
904 582 1212 655 θελήματος
1248 585 1565 655 ἀνανδρίαν,
1600 590 1694 642 καὶ⁸
1720 588 1851 659 χαύ-

266 688 457 737 νωσιν,
491 672 526 743 ἢ
551 671 780 739 δειλίαν,
823 674 857 745 ἢ
890 674 960 729 δι’
989 676 1212 747 ἀγάπην
1248 676 1372 731 τινὰ
1409 680 1615 749 γήϊνος.
1649 681 1714 733 Οί
1742 681 1851 753 γὰρ

266 762 335 827 ἐξ
359 762 620 834 ἀληθείας
644 764 933 830 διεξελθεῖν
961 766 1067 832 ῑως
1097 767 1282 832 τέλους
1312 768 1371 821 δν
1398 770 1578 841 ἀγαθῇ
1603 770 1851 843 διαγωγῇ

269 853 588 927 βουλόμενοι
614 856 775 910 ἀλλον
799 857 981 930 ἔρωτα
1010 860 1105 914 καὶ
1131 861 1299 934 ἀλλην
1328 862 1556 934 ἀγάπην
1586 864 1683 919 σὺν
1707 865 1850 919 ὲκεί-

267 963 339 1015 νη
373 949 442 1016 τῇ
475 948 786 1019 ἐπουρανίῳ
821 950 1231 1021 παραδέξασθαι
1273 953 1537 1017 ἑκουσίως
1568 955 1850 1026 καῖμίξαι

264 1035 373 1088 οὐκ
400 1035 734 1105 ὀφείλουσιν,
765 1038 851 1091 ῖνα
886 1040 962 1109 μὴ
1001 1041 1372 1110 ἑμποδισθῶσι
1418 1042 1527 1097 τῶν
1552 1058 1851 1115 πνευματι-

268 1124 406 1189 κῶν,
433 1126 529 1178 καὶ
560 1128 877 1195 στραφῶσιν
906 1132 987 1195 είς
1022 1132 1091 1187 τά
1132 1133 1329 1199 ὀπίσω,
1367 1134 1465 1187 καὶ
1498 1135 1653 1199 τέλος
1683 1135 1848 1190 ἐκπέ-

268 1232 408 1270 σωσι
445 1219 545 1288 τῆς
588 1219 754 1284 ζωῆς.
801 1222 1010 1293 Ὠσπερ
1038 1224 1147 1294 γάρ
1200 1225 1413 1295 μεγάλα
1465 1225 1560 1280 καὶ
1604 1227 1848 1298 ἀλάλητα

266 1308 365 1357 καὶ
405 1306 774 1379 άνεκδιήγητα
804 1312 1199 1383 ἐπηγγελμένα
1235 1316 1385 1384 παρά
1412 1315 1536 1386 Θεῷ
1567 1320 1845 1387 τυγχάνει,

263 1395 415 1449 οὕτω
446 1399 686 1463 πίστεως
718 1401 813 1452 καὶ
856 1402 1069 1466 ἐλπίδος
1116 1405 1210 1457 καί
1259 1406 1437 1459 πόνων
1490 1406 1587 1459 καὶ
1622 1405 1848 1475 ἀγώνων

270 1490 526 1559 μεγάλων
560 1491 720 1560 χρεία
760 1494 855 1545 καὶ
892 1494 1093 1564 πολλῆς
1139 1496 1490 1567 δοκιμασίας.
1533 1499 1608 1552 Οὐ
1644 1499 1751 1571 γάρ
1793 1517 1847 1553 τι

267 1579 469 1647 μικρὸν
494 1580 771 1649 τυγχάνει,
794 1580 831 1634 ἃ
854 1583 1063 1647 ἐλπίζει
1088 1586 1270 1653 ἀγαθά
1301 1585 1483 1640 λαϐεῖν
1505 1590 1534 1642 ὀ
1565 1588 1849 1659 ἄνθρωπος

274 1668 560 1737 βασιλείας
593 1671 840 1741 οὐρανῶν
875 1674 1191 1743 ἐπιθυμῶν·
1238 1674 1669 1745 συμϐασιλεῦσαι
1712 1678 1848 1747 Χριρ

266 1760 385 1830 στῷ
416 1762 499 1824 είς
541 1764 669 1825 τοὺς
700 1766 1040 1834 ἀπεράντους
1087 1765 1291 1829 αἰῶνας
1338 1765 1545 1835 βούλει,
1578 1770 1678 1819 καὶ
1720 1767 1847 1830 τοὺς

262 1851 490 1919 ἀγῶνας
519 1854 614 1907 καὶ
653 1855 851 1919 πόνους
884 1857 980 1909 καὶ
1012 1857 1350 1927 πειρασμοὺς
1375 1855 1470 1909 τοῦ
1502 1856 1684 1925 ὀλίγου
1715 1858 1845 1926 χρό-
1872 1837 1919 1897 Β

263 1958 359 1996 νου
399 1943 500 2011 τῆς
544 1944 691 2013 ζωῆς
725 1944 930 2015 ταύτης
976 1945 1369 2011 καταδέξασθαι
1403 1945 1698 2016 προθύμως
1738 1946 1843 2009 ῑως

264 2034 504 2089 θανάτου
545 2036 606 2089 ού
661 2037 964 2107 καταδέχῃς
1002 2034 1097 2090 τοῦ
1129 2038 1337 2107 Κυρίου
1375 2038 1633 2108 βοῶντος’
1663 2035 1737 2089 Εἴ
1754 2054 1840 2103 τις

264 2126 428 2181 θέλει
452 2127 648 2182 ὀπίσω
656 2145 776 2199 μου
790 2128 1011 2192 ἐλθεῖν,
1026 2127 1478 2197 ἀπαρνησάσθω
1491 2128 1729 2191 ἑαυτὸν,
1745 2126 1843 2182 καί

261 2217 461 2287 ἀράτω
484 2220 590 2273 τὸν
602 2220 869 2289 σταυρὸν
886 2220 1074 2277 αὑτοῦ
1094 2221 1227 2277 καθ’
1240 2220 1471 2290 ἡμέραν
1488 2221 1729 2288 χαίρων,
1745 2219 1843 2273 καῖ

259 2311 670 2368 ἀκολουθείτω
700 2330 823 2383 μοι.
848 2314 957 2368 Καὶ
977 2313 1143 2367 πάλιν
1164 2327 1178 2341 ⁸
1226 2312 1369 2367 Ἐὰν
1383 2313 1469 2381 μή
1496 2328 1585 2378 τις
1604 2312 1840 2382 μισήσῃ

261 2402 513 2471 πατέρα,
526 2403 775 2473 μητέρα,
796 2404 1071 2473 γυναῖκα,
1094 2403 1295 2468 τέκνα,
1312 2395 1638 2471 ἀδελφοὺς,
1662 2401 1843 2457 ἀδελ·

260 2494 406 2565 φὰς,
432 2494 519 2548 ἔτι
539 2492 608 2547 δὲ
628 2495 725 2547 καί
747 2496 864 2562 τὴν
886 2494 1102 2549 ἑαυτοῦ
1118 2493 1351 2563 ψυχὴν,
1367 2493 1441 2547 οὐ
1462 2492 1715 2547 δύναταί
1723 2508 1843 2561 μου

258 2579 419 2638 εἶναι
440 2583 745 2653 manem"
770 2586 817 2638 οῖ
836 2584 1077 2639 πλεῖστοι
1128 2584 1187 2638 δὲ
1224 2583 1333 2638 τῶν
1362 2581 1664 2654 ἀνθρώπων
1686 2582 1843 2653 βασι-

261 2674 416 2740 λείας
452 2677 552 2746 μὶν
578 2677 856 2748 ἐπιτυχεῖν
886 2676 1187 2748 βούλονται,
1216 2677 1311 2731 καὶ
1331 2677 1431 2746 τὴν
1453 2676 1668 2734 αίώνιον
1701 2673 1846 2746 ζωὴν

262 2768 671 2841 κληρονομῆσαι
702 2770 938 2838 θέλουσι,
958 2769 1059 2843 ζῇν
1072 2772 1128 2827 δὲ
1159 2773 1217 2825 ὲν
1235 2772 1348 2835 τοῖς
1378 2770 1525 2835 ἰδίοις
1548 2769 1729 2824 αὐτῶν
1755 2767 1846 2822 θε-

260 2859 498 2932 λήμασι,
536 2862 635 2917 καὶ
682 2864 867 2927 αὐτοῖς
897 2863 1270 2928 ὲξακολουθεῖν
1298 2864 1400 2941 οὐκ
1429 2862 1841 2929 ἁπαναίνονται,

265 2953 472 3024 μᾶλλον
495 2953 554 3008 δι
579 2954 657 3025 τῷ
678 2956 954 3027 σπείροντι
971 2958 1040 3010 τά
1067 2956 1270 3028 μάταια
1290 2944 1426 3029 (16),
1451 2957 1547 3011 καὶ
1570 2956 1644 3028 μὴ
1670 2958 1847 3028 ἀπαρ-

262 3044 522 3115 νούμενοι
565 3046 796 3110 ἑαυτοὺς
854 3046 1133 3117 βούλονται
1178 3049 1277 3119 τὴν
1321 3048 1542 3114 αἰώνιον
1578 3049 1842 3122 κληρονο-

265 3136 447 3206 μῆσαι
476 3137 645 3207 ζωὴν,
677 3137 816 3209 ὅπερ
845 3140 990 3194 ἐστὶν
1034 3138 1318 3195 ἀδύνατον.

346 3225 409 3281 '0
442 3228 550 3298 γὰρ
583 3228 739 3297 λόγος
778 3228 871 3282 τοῦ
897 3231 1105 3301 Κυρίου
1133 3230 1339 3303 ἀληθὴς
1373 3231 1654 3301 τυγχάνει.
1686 3225 1847 3288 Οὗτοι

262 3318 379 3389 γάρ
407 3317 651 3373 ἀπτωτοι
687 3319 1071 3391 διεξέρχονται.
1093 3322 1144 3375 oi
1191 3323 1335 3377 κατά
1365 3322 1465 3394 τὴν
1500 3323 1723 3394 ἐντολὴν
1753 3323 1848 3380 τοῦ

266 3407 476 3479 Κυρίου
500 3409 873 3479 ἀρνησάμενοι
897 3410 1011 3463 ὅλοι
1033 3410 1092 3477 ἐξ
1120 3411 1243 3464 ὅλου
1269 3412 1517 3477 ἑαυτοὺς,
1548 3414 1642 3470 καὶ
1671 3414 1852 3477 πάσας

263 3501 366 3564 τάς
398 3502 493 3555 τοῦ
522 3503 728 3573 κόσμου
758 3502 1060 3573 ιπιθυμίας
1111 3505 1206 3558 καὶ
1258 3505 1493 3575 δεσμοὺς
1522 3507 1619 3560 καὶ
1644 3524 1850 3577 μετεω-

266 3595 505 3665 ρισμοὺς
544 3596 636 3647 καὶ
663 3594 857 3660 ήδονάς
908 3595 1003 3650 καὶ
1033 3595 1294 3665 ἀσχολίας
1318 3595 1724 3668 βδελυξάμενοι,
1754 3598 1851 3653 καὶ

264 3684 431 3737 αὐτὸν
463 3685 624 3753 μόνον
657 3686 765 3756 πρὸ
790 3686 1089 3756 ὀφθαλμῶν
1118 3687 1351 3757 ἔχοντες,
1391 3686 1604 3751 καὶτὰς
1630 3689 1850 3753 ἐντολάς

265 3773 437 3828 αὐτοῦ
493 3777 670 3829 ποιεῖν
717 3776 1112 3846 ἐπιθυμοῦντες
1142 3817 1158 3843 ,
1207 3775 1350 3831 ὥστε
1411 3777 1527 3848 ίδίῳ
1581 3780 1850 3850 θελήματι

274 3867 687 3937 ἀποστρέφεται
705 3867 960 3931 ἱκαστος,
981 3870 1082 3938 τῆς
1113 3868 1392 3938 βασιλείας
1411 3869 1474 3922 τὸ
1501 3870 1561 3935 ἐξ
1592 3870 1847 3941 ἀληθείας

267 3956 349 4026 μὴ
387 3955 610 4027 θελῆσαι
678 3956 864 4010 λαϐεῖν
907 3957 1001 4010 καὶ
1060 3958 1403 4029 ἀρνήσασθαι
1456 3960 1645 4014 ἑαυτὸν
1672 4002 1687 4027 ,
1751 3962 1847 4015 καὶ

263 4048 492 4119 ἀγαπᾷν
528 4065 579 4101 τι
616 4050 715 4103 σὺν
747 4049 933 4121 ἐκείνῃ
974 4051 1041 4120 τῇ
1089 4050 1301 4123 ἀγάπῃ,
1335 4051 1415 4120 τῷ
1460 4040 1683 4122 ἥδεσθαί
1731 4069 1845 4107 τισι

263 4138 364 4194 τοῦ
395 4140 592 4202 αἰῶνος
620 4140 816 4193 τούτου
843 4140 1059 4210 ἡδοναῖς
1084 4141 1117 4212 ἢ
1152 4142 1494 4211 ἄπιθυμίαις,
1532 4145 1627 4197 καὶ
1658 4144 1735 4214 τῷ
1768 4145 1843 4217 μὴ

264 4230 398 4301 ὃλην
439 4233 541 4301 τὴν
568 4233 811 4301 ἀγάπην,
859 4234 986 4287 ὅσον
1012 4235 1071 4287 ἐν
1106 4235 1428 4305 προαιρέσει
1457 4236 1553 4290 καὶ
1581 4235 1844 4307 θελήματι

267 4321 519 4387 δυνατὸν,
550 4323 687 4392 πρὸς
716 4323 921 4394 Κύριον
953 4323 1121 4393 ἔχειν.
1160 4325 1253 4389 Ἐξ
1283 4326 1402 4389 ἑνὸς
1430 4327 1487 4380 δὲ
1519 4327 1846 4396 ὑποδείγμα-

263 4430 359 4475 τος
414 4414 708 4483 ωννόησόν
770 4432 860 4484 μοι
911 4415 1111 4472 πάντα.
1164 4416 1465 4488 Διακρίνων
1506 4417 1609 4487 μὶν
1670 4418 1842 4471 ἐνίοτε

1949 595 2023 651 ob
2057 603 2374 652 terrestrem
2408 596 2701 666 quamdam
2733 596 3108 652 dilectionem.
3145 596 3247 663 Qui
3276 597 3426 653 enim
3460 600 3519 657 in

1949 688 2180 742 veritate
2205 688 2271 742 ad
2302 688 2466 743 tinem
2500 689 2792 759 pervenire
2819 689 3011 745 volunt
3039 689 3094 744 in
3120 689 3264 744 bona
3291 704 3521 746 conver-

1950 781 2185 843 satione,
2216 780 2383 834 alium
2416 795 2661 836 amorem
2693 788 2789 835 aut
2818 781 2981 836 aliam
3011 780 3362 836 dilectionem
3392 796 3521 836 cum

1952 870 2042 924 illa
2096 870 2306 926 caelesti
2351 871 2648 927 dilectione
2707 872 2999 928 admittere
3046 870 3285 927 libenter
3328 882 3385 929 et
3418 874 3520 930 ad-

1949 962 2181 1017 miscere
2226 978 2333 1017 non
2391 963 2617 1029 debent,
2651 979 2721 1019 ne
2773 963 3147 1035 impediantur
3185 979 3217 1020 a
3255 963 3520 1034 spiritua-

1947 1053 2114 1117 libus,
2144 1062 2199 1107 et
2230 1062 2624 1109 convertantur
2644 1064 2969 1122 retrorsum,
2999 1063 3057 1112 et
3081 1054 3305 1111 demum
3338 1071 3370 1111 a
3407 1056 3521 1112 vita

1948 1161 2047 1202 sua
2081 1147 2355 1203 excidant.
2394 1148 2549 1205 Sicut
2586 1150 2737 1205 enim
2775 1165 2991 1220 magna,
3017 1159 3075 1205 et
3116 1150 3436 1217 inell‘abilia,
3464 1159 3522 1207 et

1948 1238 2337 1295 inenarrabilia
2398 1241 2671 1313 promiSSa
2709 1241 2856 1311 apud
2906 1242 3080 1296 Deum
3125 1241 3516 1309 inveniuntur;

1948 1330 2025 1384 ita
2059 1330 2185 1395 ﬁde,
2218 1339 2273 1386 et
2298 1346 2393 1401 spe
2424 1341 2481 1387 et
2503 1332 2787 1387 laboribus
2819 1338 2876 1387 et
2911 1330 3111 1403 pugnis
3135 1333 3348 1403 magnis
3377 1348 3522 1403 opus

1945 1428 2031 1476 est
2054 1431 2111 1475 et
2149 1423 2318 1477 multa
2346 1422 2691 1491 probatione.
2720 1423 2842 1479 Non
2871 1424 3020 1479 enim
3054 1439 3285 1495 parvum
3310 1424 3522 1495 aliquid

1947 1522 2078 1569 sunt
2120 1514 2264 1569 bona
2321 1531 2441 1585 qua:
2488 1524 2673 1585 sperat
2734 1516 2904 1570 homo
2972 1516 3245 1586 accipere,
3300 1517 3523 1586 quando

1947 1620 2174 1675 regnum
2222 1608 2487 1662 caelorum
2523 1608 2743 1663 affectat
2793 1625 2807 1662 :
2858 1623 3092 1681 regnare
3140 1624 3266 1664 cum
3301 1607 3523 1665 Christo

1948 1695 2007 1750 in
2051 1696 2263 1750 infinita
2290 1697 2487 1752 saecula
2519 1698 2698 1767 cupis,
2723 1707 2781 1753 et
2821 1713 3034 1770 pugnas
3078 1705 3137 1753 et
3184 1698 3405 1754 labores
3467 1710 3525 1753 et

1948 1787 2281 1841 tentationes
2335 1786 2523 1841 brevis
2576 1790 2844 1858 temporis
2872 1790 3038 1861 hujus
3071 1789 3202 1844 vitae
3249 1789 3523 1845 sustinere

1954 1878 2181 1933 viriliter
2213 1894 2387 1948 usque
2432 1878 2500 1933 ad
2535 1888 2767 1934 mortem
2820 1895 2932 1935 non
2982 1881 3263 1951 suscipis?
3293 1881 3523 1937 Dicente

1948 1966 2179 2022 Domino
2205 1984 2219 2021 :
2241 1965 2299 2022 Si
2322 1968 2436 2037 quis
2464 1968 2577 2022 vult
2608 1971 2785 2023 venire
2818 1978 2937 2040 post
2964 1986 3067 2034 me,
3093 1971 3313 2041 abneget
3343 1980 3525 2025 semet-

1947 2058 2140 2124 ipsum,
2174 2065 2223 2111 et
2267 2057 2422 2112 tollat
2472 2075 2678 2113 erucem
2706 2076 2863 2114 suam
2891 2061 3123 2131 quotidie
3165 2062 3419 2133 gaudens.
3472 2071 3524 2117 et

1947 2156 2199 2218 sequatur
2235 2164 2317 2202 me
2338 2149 2419 2215 ⁸⁸;
2458 2157 2515 2204 et
2542 2165 2801 2205 rursum:
2829 2149 2888 2205 Si
2926 2153 3043 2222 quis
3087 2170 3194 2207 non
3227 2154 3394 2208 oderit
3424 2172 3524 2223 pa-

1949 2247 2106 2305 trem,
2137 2248 2383 2307 matrem,
2412 2257 2652 2307 mrem,
2691 2242 2857 2311 ﬁlias,
2904 2244 3121 2314 fratres,
3167 2262 3393 2310 sorores,
3423 2247 3523 2299 ad-

1949 2331 2049 2385 huc
2095 2342 2273 2386 autem
2310 2342 2359 2387 et
2395 2334 2632 2388 animum
2657 2351 2834 2401 suam,
2881 2352 2986 2390 non
3022 2344 3191 2407 potest
3227 2353 3373 2391 meus
3416 2353 3526 2391 esse

1950 2426 2313 2497 discipulus".
2341 2427 2598 2499 Plerique
2629 2429 2883 2486 homines
2909 2446 3139 2503 regnum
3168 2430 3399 2503 adipisci
3430 2449 3527 2487 vo-

1949 2517 2094 2583 lunt,
2125 2528 2180 2574 et
2210 2529 2474 2576 aeternam
2516 2522 2687 2577 vitam
2716 2522 2968 2593 accipere
3015 2525 3288 2594 cupiunt;
3336 2526 3526 2583 vivere

1949 2619 2134 2665 autem
2193 2611 2251 2666 in
2303 2612 2544 2682 propriis
2589 2612 2707 2668 suis
2743 2614 3144 2683 voluntatibus,
3191 2623 3251 2671 et
3277 2615 3387 2672 illis
3420 2617 3528 2672 ob-

1951 2709 2259 2772 temperare
2288 2719 2398 2759 non
2428 2714 2707 2771 recusant,
2752 2705 2926 2778 magis
2955 2716 3140 2763 autem
3166 2708 3376 2764 similes
3396 2708 3525 2765 facti

1953 2790 2085 2848 huic
2120 2792 2217 2863 qui
2254 2807 2394 2849 vana
2440 2794 2701 2860 seminat,
2743 2811 2929 2866 neque
2966 2796 3300 2869 abnegantes
3327 2809 3527 2854 semet-

1952 2882 2103 2953 ipsos
2128 2884 2323 2940 volunt
2342 2892 2606 2941 aeternam
2631 2877 2801 2942 vitam
2835 2886 3122 2957 accipere;
3150 2885 3300 2957 quod
3320 2886 3527 2957 impos-

1953 2975 2111 3031 sibile
2142 2985 2249 3033 est.

2020 3242 2216 3299 Semo
2241 3241 2391 3298 enim
2429 3240 2647 3298 Domini
2686 3256 2852 3297 verus
2891 3240 3194 3297 invenitur.
3244 3240 3381 3297 Nam
3442 3240 3524 3298 illi

1949 3333 2105 3406 lapsu
2170 3332 2534 3406 perveniunt,
2597 3333 2693 3403 qui
2754 3332 3056 3388 secundum
3108 3331 3325 3387 Domini
3367 3346 3526 3387 man-

1950 3427 2139 3482 datum
2185 3427 2459 3497 abnegant
2484 3424 2589 3480 ιοιί
2617 3424 2849 3494 seipsos,
2882 3433 2941 3480 et
2972 3424 3158 3479 omnia
3206 3423 3402 3478 mundi
3430 3439 3527 3480 cu-

1949 3516 2231 3587 piditates,
2262 3516 2501 3581 vincula,
2537 3516 2846 3585 superbias,
2902 3516 3217 3585 voluptates
3238 3522 3296 3569 et
3343 3514 3523 3584 impe-

1949 3607 2193 3663 dimenta
2248 3607 2552 3678 abjiciant,
2610 3616 2669 3662 et
2725 3606 2880 3661 illum
2930 3605 3109 3661 solum
3164 3620 3288 3675 quae
3346 3605 3527 3659 oculis

1952 3697 2180 3763 habent,
2207 3705 2265 3753 et
2318 3697 2465 3752 illius
2511 3698 2770 3752 mandata
2802 3712 3026 3753 servare
3056 3697 3309 3765 cupiunt,
3360 3696 3435 3751 ita
3464 3704 3525 3751 ut

1948 3790 2181 3861 quisque
2216 3790 2435 3860 propria
2461 3790 2743 3845 voluntate
2787 3797 3089 3853 avertatur,
3121 3802 3350 3859 regnum
3377 3786 3527 3842 nolle

1949 3882 2007 3937 in
2058 3883 2291 3937 veritate
2344 3882 2600 3937 obtinere
2663 3889 2722 3935 et
2798 3881 3040 3950 seipsum
3106 3880 3422 3951 abnegare,
3467 3886 3527 3933 et

1947 3973 2177 4045 diligere
2214 3972 2425 4042 aliquid
2455 3987 2581 4027 cum
2637 3972 2731 4027 illa
2759 3971 3082 4036 dilectione,
3127 3971 3418 4043 gaudendo
3468 3970 3525 4026 in

1946 4066 2227 4136 aliquibus
2280 4063 2467 4120 seculi
2529 4064 2696 4134 hujus
2744 4062 3124 4132 voluptatibus
3158 4070 3215 4116 et
3246 4061 3523 4130 cupidita-

1949 4155 2116 4219 tibus,
2168 4164 2226 4210 et
2290 4170 2403 4209 non
2458 4152 2715 4208 habendo
2763 4153 2821 4207 in
2854 4154 3148 4209 Dominum
3175 4161 3344 4207 totam
3378 4153 3522 4208 dile-

1948 4245 2207 4309 ctionem,
2248 4251 2514 4312 quantum
2548 4241 2844 4305 intentioni
2884 4252 2940 4298 et
2960 4243 3230 4298 voluntati
3259 4242 3523 4312 possibile

1946 4346 2050 4392 est.
2084 4337 2163 4390 Ex
2203 4350 2315 4389 uno
2354 4335 2606 4404 exemplo
2650 4334 2788 4388 mihi
2816 4333 3059 4404 intelligo
3110 4334 3316 4388 omnia.
3359 4333 3523 4388 Judi-

1945 4426 2120 4481 cando
2151 4425 2363 4496 judicat
2414 4428 2651 4495 quisque
2699 4432 2757 4481 et
2793 4423 2973 4479 noscit
3024 4423 3349 4479 indecorum
3398 4438 3522 4478 esse

261 4504 533 4573 διακρίνει
587 4504 817 4569 ἕκαστος
866 4507 963 4560 καὶ
994 4504 1169 4574 οἶδεν,
1223 4507 1306 4561 ὅτι
1360 4506 1563 4562 άτοπόν
1616 4509 1785 4574 ἐστιν,
1814 4510 1844 4563 ὃ
1873 4511 1919 4567 D

1836 4510 1844 4561 ι
1873 4511 1919 4567 D
1946 4516 2092 4587 quod
2132 4516 2313 4571 facere
2349 4518 2504 4581 vult;
2556 4516 2653 4573 sed
2680 4516 2901 4586 quando
2932 4515 3114 4585 diligit
3136 4522 3193 4569 et
3221 4530 3331 4569 non
3362 4529 3521 4568 recu-

264 4594 409 4647 θέλει
437 4593 684 4665 ποιῆσαι,
730 4596 848 4649 ἀλλ’
871 4598 1061 4669 ἐπειδὴ
1097 4600 1287 4670 ἀγαπᾷ
1323 4599 1416 4652 καὶ
1447 4600 1549 4654 οὐκ
1578 4601 1841 4671 ἀρνεῖται,

260 4689 496 4758 ⁴ἣττηται
553 4688 723 4759 αυτῷ.
782 4690 1056 4761 Πρότερον
1106 4692 1212 4761 γὰρ
1245 4691 1353 4745 ἔσω
1382 4693 1441 4745 ἐν
1485 4694 1552 4761 τῇ
1586 4692 1782 4763 καρδίᾳ
1815 4694 1844 4745 ὀ

261 4780 500 4848 πόλεμος
528 4780 761 4847 γίνεται,
804 4781 899 4834 καὶ
947 4783 976 4835 ὀ
1004 4781 1177 4849 ἀγὼν,
1205 4783 1299 4835 καὶ
1332 4780 1391 4834 τὸ
1425 4784 1711 4853 στάθμιον,
1745 4787 1840 4839 καὶ

261 4870 295 4939 ἡ
326 4869 490 4937 ῥοπὴ,
534 4869 629 4922 καὶ
676 4869 737 4922 τὸ
784 4868 970 4937 ζύγιον
1022 4870 1124 4939 τῆς
1160 4872 1383 4941 ἀγάπης
1430 4870 1524 4923 τοῦ
1552 4870 1710 4936 Θεοῦ,
1743 4874 1839 4925 καὶ

261 4962 362 5029 τῆς
394 4960 616 5029 ἀγάπης
652 4960 748 5013 τοῦ
782 4962 1012 5032 κόσμου,
1061 4963 1157 5015 καὶ
1194 4963 1314 5016 τότε
1351 4962 1696 5033 προέρχεται,
1744 4965 1837 5019 καὶ

263 5050 529 5120 ειακρίνει
567 5052 819 5117 ἕκαστος,
867 5054 918 5105 εί
956 5054 1097 5125 τύχῃ
1128 5056 1208 5118 είς
1238 5056 1422 5125 μάχην
1466 5056 1561 5107 καὶ
1609 5056 1837 5126 διαπλη-

264 5142 493 5210 κτισμὸν
523 5142 661 5211 πρὸς
695 5143 787 5198 τὸν
823 5144 1073 5214 ἀδελφὺν,
1104 5146 1276 5211 λέγων
1313 5148 1371 5199 ὲν
1393 5145 1591 5217 ἑαυτῷ*
1640 5150 1833 5212 Εἴπως

267 5233 518 5302 καλήσως
549 5232 685 5286 ἀλλά
719 5234 795 5304 μὴ
824 5234 1078 5306 λαλήσως
1112 5238 1470 5309 μνημονεύων
1500 5240 1598 5305 μὲν
1628 5240 1721 5292 καὶ
1742 5240 1836 5292 τοῦ

334 5412 381 5445 ⁸⁸
405 5410 597 5469 Matth.
634 5429 741 5479 ινι,
769 5415 859 5469 24.
937 5417 982 5450 ⁸⁸
1006 5416 1141 5475 Luc.
1165 5434 1275 5484 xw,
1306 5420 1395 5473 26.

1944 4618 2049 4674 sat,
2103 4609 2210 4665 hoc
2237 4608 2501 4663 vincitur.
2540 4607 2786 4663 Primum
2850 4607 2998 4661 enim
3051 4607 3107 4661 in
3154 4606 3321 4661 corde
3368 4606 3521 4659 intus

1944 4699 2151 4754 bellum
2194 4697 2275 4762 ﬁt,
2320 4708 2377 4753 et
2432 4713 2651 4767 pugna,
2696 4706 2755 4752 et
2800 4697 3045 4762 libratio,
3082 4696 3518 4766 ponderatioquc

1941 4788 2292 4843 dilectionem
2325 4786 2421 4841 Dei
2447 4787 2590 4841 inter
2616 4794 2675 4841 et
2714 4787 3069 4842 dilectionem
3124 4786 3344 4848 mundi;
3389 4796 3520 4837 tunc

1943 4878 2157 4933 accedit
2220 4878 2459 4947 quisque
2526 4886 2582 4930 et
2628 4877 2873 4947 iudicat,
2934 4877 2978 4930 si
3034 4876 3177 4930 forte
3222 4885 3415 4945 agatur
3451 4877 3520 4929 «in

1945 4971 2061 5024 rixa
2103 4980 2159 5024 et
2202 4968 2485 5024 iracundia
2521 4977 2713 5023 contra
2750 4969 2976 5024 fratrem
3010 4986 3025 5023 :
3058 4969 3258 5031 (licam,
3280 4977 3375 5020 aut
3404 4982 3515 5021 non

1943 5061 2163 5115 dicam?
2200 5060 2416 5129 loquar,
2463 5067 2561 5113 aut
2593 5075 2704 5114 non
2750 5060 2987 5129 loquar?
3043 5075 3252 5113 memor
3292 5056 3517 5126 quidem

1944 5152 2063 5215 Dei,
2110 5150 2204 5205 sed
2252 5150 2532 5220 propriam
2606 5151 2834 5221 gloriam
2890 5165 3227 5220 procurans.
3282 5159 3339 5201 ct
3406 5162 3514 5201 non

1946 5240 2187 5308 seipsum
2244 5240 2564 5310 abnegans,
2620 5255 2815 5295 verum
2857 5240 2901 5294 si
2952 5239 3116 5310 paulo
3166 5237 3516 5308 prmvalucrit

1560 5574 1790 5631 VARIIE
1822 5572 2222 5630 LECTIONES.

342 5705 455 5777 (10)
511 5701 682 5762 Locus
716 5716 862 5764 certe
887 5708 1142 5775 mutilus;
1188 5723 1307 5787 post
1343 5712 1540 5783 μάταια
1577 5714 1781 5769 nullum
1840 5712 1892 5769 in
1930 5708 2114 5765 codice
2170 5704 2636 5779 interpunctionis
2673 5704 2885 5776 signum
