  <div class='ocr_page' id='page_1' title='image "/cluster/home/n/w/nwhite01/storage/ocr_20150623/34/nnc1.0046978860/261.png"; bbox 0 0 4266 6356; ppageno 0'>
   <div class='ocr_carea' id='block_1_1' title="bbox 777 346 886 408">
    <p class='ocr_par' dir='ltr' id='par_1_1' title="bbox 777 346 886 408">
     <span class='ocr_line' id='line_1_1' title="bbox 777 346 886 408; baseline -0.018 0"><span class='ocrx_word' id='word_1_1' title='bbox 777 346 886 408; x_wconf 81' lang='lat'><strong>503</strong></span> 
     </span>
    </p>
   </div>
   <div class='ocr_carea' id='block_1_2' title="bbox 2014 319 2786 389">
    <p class='ocr_par' dir='ltr' id='par_1_2' title="bbox 2014 319 2786 389">
     <span class='ocr_line' id='line_1_2' title="bbox 2014 319 2786 389; baseline -0.01 0"><span class='ocrx_word' id='word_1_2' title='bbox 2014 330 2074 389; x_wconf 93' lang='lat' dir='ltr'><strong>S.</strong></span> <span class='ocrx_word' id='word_1_3' title='bbox 2114 321 2434 387; x_wconf 83' lang='lat' dir='ltr'><strong>MACARII</strong></span> <span class='ocrx_word' id='word_1_4' title='bbox 2468 319 2786 383; x_wconf 65' lang='lat' dir='ltr'><strong>EGYPTII</strong></span> 
     </span>
    </p>
   </div>
   <div class='ocr_carea' id='block_1_3' title="bbox 3913 297 4030 360">
    <p class='ocr_par' dir='ltr' id='par_1_3' title="bbox 3913 297 4030 360">
     <span class='ocr_line' id='line_1_3' title="bbox 3913 297 4030 360; baseline -0.017 1"><span class='ocrx_word' id='word_1_5' title='bbox 3913 297 4030 360; x_wconf 70' lang='grc'><strong>504</strong></span> 
     </span>
    </p>
   </div>
   <div class='ocr_carea' id='block_1_4' title="bbox 764 413 2449 518">
    <p class='ocr_par' dir='ltr' id='par_1_4' title="bbox 764 435 2449 518">
     <span class='ocr_line' id='line_1_4' title="bbox 764 435 2449 518; baseline -0.009 -12"><span class='ocrx_word' id='word_1_6' title='bbox 764 450 999 506; x_wconf 80' lang='lat' dir='ltr'><strong>dilectio</strong></span> <span class='ocrx_word' id='word_1_7' title='bbox 1030 458 1084 503; x_wconf 92' lang='lat' dir='ltr'><strong>ct</strong></span> <span class='ocrx_word' id='word_1_8' title='bbox 1108 448 1322 518; x_wconf 80' lang='lat' dir='ltr'><strong>pondus</strong></span> <span class='ocrx_word' id='word_1_9' title='bbox 1364 446 1556 502; x_wconf 89' lang='lat' dir='ltr'><strong>mundi</strong></span> <span class='ocrx_word' id='word_1_10' title='bbox 1604 445 1659 499; x_wconf 92' lang='lat' dir='ltr'><strong>iu</strong></span> <span class='ocrx_word' id='word_1_11' title='bbox 1716 442 1899 498; x_wconf 84' lang='lat' dir='ltr'><strong>cordis</strong></span> <span class='ocrx_word' id='word_1_12' title='bbox 1951 440 2117 505; x_wconf 90' lang='lat' dir='ltr'><strong>libra,</strong></span> <span class='ocrx_word' id='word_1_13' title='bbox 2151 435 2337 491; x_wconf 81' lang='lat' dir='ltr'><strong>statim</strong></span> <span class='ocrx_word' id='word_1_14' title='bbox 2370 436 2449 491; x_wconf 57' lang='lat' dir='ltr'><strong>At</strong></span> 
     </span>
    </p>
   </div>
   <div class='ocr_carea' id='block_1_5' title="bbox 2342 413 4027 518">
    <p class='ocr_par' dir='ltr' id='par_1_5' title="bbox 2370 413 4027 518">
     <span class='ocr_line' id='line_1_5' title="bbox 2370 413 4027 518; baseline -0.018 -27"><span class='ocrx_word' id='word_1_15' title='bbox 2370 436 2416 491; x_wconf 82' lang='lat' dir='ltr'><strong>A</strong></span> <span class='ocrx_word' id='word_1_16' title='bbox 2444 434 2602 494; x_wconf 87' lang='grc' dir='ltr'>Θεοῦ,</span> <span class='ocrx_word' id='word_1_17' title='bbox 2635 433 2770 486; x_wconf 88' lang='grc' dir='ltr'><strong>ἀλλά</strong></span> <span class='ocrx_word' id='word_1_18' title='bbox 2802 429 2901 499; x_wconf 79' lang='grc' dir='ltr'>τὴν</span> <span class='ocrx_word' id='word_1_19' title='bbox 2948 426 3083 482; x_wconf 87' lang='grc' dir='ltr'>ίδίαν</span> <span class='ocrx_word' id='word_1_20' title='bbox 3110 422 3270 490; x_wconf 83' lang='grc' dir='ltr'>δόξαν</span> <span class='ocrx_word' id='word_1_21' title='bbox 3304 419 3783 493; x_wconf 89' lang='grc' dir='ltr'>περιποιούμενος,</span> <span class='ocrx_word' id='word_1_22' title='bbox 3800 413 4027 518; x_wconf 44' lang='grc' dir='ltr'>,καυμὴ</span> 
     </span>
    </p>
   </div>
   <div class='ocr_carea' id='block_1_6' title="bbox 779 528 2341 613">
    <p class='ocr_par' dir='ltr' id='par_1_6' title="bbox 779 528 2341 613">
     <span class='ocr_line' id='line_1_6' title="bbox 779 528 2341 613; baseline -0.01 -16"><span class='ocrx_word' id='word_1_23' title='bbox 779 542 1130 613; x_wconf 78' lang='lat' dir='ltr'><strong>progreditur</strong></span> <span class='ocrx_word' id='word_1_24' title='bbox 1157 556 1360 611; x_wconf 87' lang='lat' dir='ltr'><strong>pravus</strong></span> <span class='ocrx_word' id='word_1_25' title='bbox 1390 554 1574 595; x_wconf 87' lang='lat' dir='ltr'><strong>sermo</strong></span> <span class='ocrx_word' id='word_1_26' title='bbox 1619 552 1791 607; x_wconf 90' lang='lat' dir='ltr'><strong>usque</strong></span> <span class='ocrx_word' id='word_1_27' title='bbox 1822 536 1890 591; x_wconf 91' lang='lat' dir='ltr'><strong>ad</strong></span> <span class='ocrx_word' id='word_1_28' title='bbox 1939 533 2106 588; x_wconf 82' lang='lat' dir='ltr'><strong>labia.</strong></span> <span class='ocrx_word' id='word_1_29' title='bbox 2134 528 2341 585; x_wconf 90' lang='lat' dir='ltr'><strong>Deinde</strong></span> 
     </span>
    </p>
   </div>
   <div class='ocr_carea' id='block_1_7' title="bbox 774 622 2343 704">
    <p class='ocr_par' dir='ltr' id='par_1_7' title="bbox 774 622 2343 704">
     <span class='ocr_line' id='line_1_7' title="bbox 774 622 2343 704; baseline -0.01 -17"><span class='ocrx_word' id='word_1_30' title='bbox 774 643 1036 704; x_wconf 88' lang='lat' dir='ltr'><strong>tanquam</strong></span> <span class='ocrx_word' id='word_1_31' title='bbox 1076 633 1302 703; x_wconf 77' lang='lat' dir='ltr'><strong>sagittas</strong></span> <span class='ocrx_word' id='word_1_32' title='bbox 1345 630 1589 700; x_wconf 80' lang='lat' dir='ltr'><strong>dirigens</strong></span> <span class='ocrx_word' id='word_1_33' title='bbox 1643 644 1799 684; x_wconf 90' lang='lat' dir='ltr'><strong>mens</strong></span> <span class='ocrx_word' id='word_1_34' title='bbox 1834 628 1984 681; x_wconf 86' lang='lat' dir='ltr'><strong>intus</strong></span> <span class='ocrx_word' id='word_1_35' title='bbox 2033 622 2343 694; x_wconf 85' lang='lat' dir='ltr'><strong>proximum</strong></span> 
     </span>
    </p>
   </div>
   <div class='ocr_carea' id='block_1_8' title="bbox 775 718 2342 794">
    <p class='ocr_par' dir='ltr' id='par_1_8' title="bbox 775 718 2342 794">
     <span class='ocr_line' id='line_1_8' title="bbox 775 718 2342 794; baseline -0.011 -13"><span class='ocrx_word' id='word_1_36' title='bbox 775 727 905 781; x_wconf 85' lang='lat' dir='ltr'><strong>telis</strong></span> <span class='ocrx_word' id='word_1_37' title='bbox 932 725 1146 794; x_wconf 81' lang='lat' dir='ltr'><strong>impetit</strong></span> <span class='ocrx_word' id='word_1_38' title='bbox 1187 740 1288 794; x_wconf 88' lang='lat' dir='ltr'><strong>per</strong></span> <span class='ocrx_word' id='word_1_39' title='bbox 1338 724 1602 793; x_wconf 80' lang='lat' dir='ltr'><strong>linguam,</strong></span> <span class='ocrx_word' id='word_1_40' title='bbox 1640 722 1851 793; x_wconf 83' lang='lat' dir='ltr'><strong>jacieus</strong></span> <span class='ocrx_word' id='word_1_41' title='bbox 1884 718 1990 773; x_wconf 87' lang='lat' dir='ltr'><strong>tela</strong></span> <span class='ocrx_word' id='word_1_42' title='bbox 2026 727 2342 770; x_wconf 90' lang='lat' dir='ltr'><strong>sermonum</strong></span> 
     </span>
    </p>
   </div>
   <div class='ocr_carea' id='block_1_9' title="bbox 773 814 2343 878">
    <p class='ocr_par' dir='ltr' id='par_1_9' title="bbox 773 814 2343 878">
     <span class='ocr_line' id='line_1_9' title="bbox 773 814 2343 878; baseline -0.013 -6"><span class='ocrx_word' id='word_1_43' title='bbox 773 816 1301 872; x_wconf 74' lang='lat' dir='ltr'><strong>contumeliosarum</strong></span> <span class='ocrx_word' id='word_1_44' title='bbox 1342 814 1397 867; x_wconf 92' lang='lat' dir='ltr'><strong>in</strong></span> <span class='ocrx_word' id='word_1_45' title='bbox 1454 814 1737 866; x_wconf 84' lang='lat' dir='ltr'><strong>voluntate</strong></span> <span class='ocrx_word' id='word_1_46' title='bbox 1787 820 2111 878; x_wconf 84' lang='lat' dir='ltr'><strong>spontanea,</strong></span> <span class='ocrx_word' id='word_1_47' title='bbox 2158 815 2343 857; x_wconf 86' lang='lat' dir='ltr'><strong>suam-</strong></span> 
     </span>
    </p>
   </div>
   <div class='ocr_carea' id='block_1_10' title="bbox 773 894 2345 977">
    <p class='ocr_par' dir='ltr' id='par_1_10' title="bbox 773 894 2345 977">
     <span class='ocr_line' id='line_1_10' title="bbox 773 894 2345 977; baseline -0.009 -14"><span class='ocrx_word' id='word_1_48' title='bbox 773 917 887 963; x_wconf 90' lang='lat' dir='ltr'><strong>met</strong></span> <span class='ocrx_word' id='word_1_49' title='bbox 937 908 1165 977; x_wconf 76' lang='lat' dir='ltr'><strong>gloriam</strong></span> <span class='ocrx_word' id='word_1_50' title='bbox 1214 919 1538 975; x_wconf 83' lang='lat' dir='ltr'><strong>procurans.</strong></span> <span class='ocrx_word' id='word_1_51' title='bbox 1605 901 1809 957; x_wconf 90' lang='lat' dir='ltr'><strong>Deinde</strong></span> <span class='ocrx_word' id='word_1_52' title='bbox 1862 900 2050 953; x_wconf 90' lang='lat' dir='ltr'><strong>multis</strong></span> <span class='ocrx_word' id='word_1_53' title='bbox 2098 898 2171 952; x_wconf 91' lang='lat' dir='ltr'><strong>ita</strong></span> <span class='ocrx_word' id='word_1_54' title='bbox 2218 894 2345 949; x_wconf 88' lang='lat' dir='ltr'><strong>telis</strong></span> 
     </span>
    </p>
   </div>
   <div class='ocr_carea' id='block_1_11' title="bbox 773 992 2341 1071">
    <p class='ocr_par' dir='ltr' id='par_1_11' title="bbox 773 992 2341 1071">
     <span class='ocr_line' id='line_1_11' title="bbox 773 992 2341 1071; baseline -0.008 -16"><span class='ocrx_word' id='word_1_55' title='bbox 773 1000 1081 1071; x_wconf 80' lang='lat' dir='ltr'><strong>proximum</strong></span> <span class='ocrx_word' id='word_1_56' title='bbox 1129 999 1401 1067; x_wconf 86' lang='lat' dir='ltr'><strong>impetens</strong></span> <span class='ocrx_word' id='word_1_57' title='bbox 1438 1012 1537 1066; x_wconf 89' lang='lat' dir='ltr'><strong>per</strong></span> <span class='ocrx_word' id='word_1_58' title='bbox 1569 992 1995 1049; x_wconf 80' lang='lat' dir='ltr'><strong>contumeliosos</strong></span> <span class='ocrx_word' id='word_1_59' title='bbox 2036 1003 2341 1051; x_wconf 88' lang='lat' dir='ltr'><strong>sermones,</strong></span> 
     </span>
    </p>
   </div>
   <div class='ocr_carea' id='block_1_12' title="bbox 774 1078 2342 1162">
    <p class='ocr_par' dir='ltr' id='par_1_12' title="bbox 774 1078 2342 1162">
     <span class='ocr_line' id='line_1_12' title="bbox 774 1078 2342 1162; baseline -0.009 -17"><span class='ocrx_word' id='word_1_60' title='bbox 774 1092 1081 1162; x_wconf 86' lang='lat' dir='ltr'><strong>usquedum</strong></span> <span class='ocrx_word' id='word_1_61' title='bbox 1142 1098 1198 1145; x_wconf 91' lang='lat' dir='ltr'><strong>et</strong></span> <span class='ocrx_word' id='word_1_62' title='bbox 1260 1090 1315 1143; x_wconf 93' lang='lat' dir='ltr'><strong>in</strong></span> <span class='ocrx_word' id='word_1_63' title='bbox 1379 1088 1615 1142; x_wconf 87' lang='lat' dir='ltr'><strong>decursu</strong></span> <span class='ocrx_word' id='word_1_64' title='bbox 1672 1092 1881 1139; x_wconf 87' lang='lat' dir='ltr'><strong>crescat</strong></span> <span class='ocrx_word' id='word_1_65' title='bbox 1936 1090 2219 1152; x_wconf 90' lang='lat' dir='ltr'><strong>peccatum</strong></span> <span class='ocrx_word' id='word_1_66' title='bbox 2274 1078 2342 1132; x_wconf 87' lang='lat' dir='ltr'><strong>ad</strong></span> 
     </span>
    </p>
   </div>
   <div class='ocr_carea' id='block_1_13' title="bbox 772 1175 2344 1251">
    <p class='ocr_par' dir='ltr' id='par_1_13' title="bbox 772 1175 2344 1251">
     <span class='ocr_line' id='line_1_13' title="bbox 772 1175 2344 1251; baseline -0.01 -14"><span class='ocrx_word' id='word_1_67' title='bbox 772 1184 1025 1239; x_wconf 73' lang='lat' dir='ltr'><strong>lmsiones</strong></span> <span class='ocrx_word' id='word_1_68' title='bbox 1069 1181 1363 1251; x_wconf 86' lang='lat' dir='ltr'><strong>aliquando</strong></span> <span class='ocrx_word' id='word_1_69' title='bbox 1410 1186 1465 1233; x_wconf 93' lang='lat' dir='ltr'><strong>et</strong></span> <span class='ocrx_word' id='word_1_70' title='bbox 1515 1178 1779 1239; x_wconf 87' lang='lat' dir='ltr'><strong>vulnera,</strong></span> <span class='ocrx_word' id='word_1_71' title='bbox 1838 1175 1894 1228; x_wconf 93' lang='lat' dir='ltr'><strong>in</strong></span> <span class='ocrx_word' id='word_1_72' title='bbox 1952 1188 2181 1243; x_wconf 91' lang='lat' dir='ltr'><strong>corpore</strong></span> <span class='ocrx_word' id='word_1_73' title='bbox 2221 1187 2344 1224; x_wconf 83' lang='lat' dir='ltr'><strong>mu-</strong></span> 
     </span>
    </p>
   </div>
   <div class='ocr_carea' id='block_1_14' title="bbox 775 1259 2344 1340">
    <p class='ocr_par' dir='ltr' id='par_1_14' title="bbox 775 1259 2344 1340">
     <span class='ocr_line' id='line_1_14' title="bbox 775 1259 2344 1340; baseline -0.009 -13"><span class='ocrx_word' id='word_1_74' title='bbox 775 1282 898 1327; x_wconf 86' lang='lat' dir='ltr'><strong>tuas</strong></span> <span class='ocrx_word' id='word_1_75' title='bbox 947 1271 1076 1326; x_wconf 89' lang='lat' dir='ltr'><strong>belli</strong></span> <span class='ocrx_word' id='word_1_76' title='bbox 1138 1278 1323 1340; x_wconf 90' lang='lat' dir='ltr'><strong>partes</strong></span> <span class='ocrx_word' id='word_1_77' title='bbox 1374 1274 1636 1331; x_wconf 79' lang='lat' dir='ltr'><strong>exercet,</strong></span> <span class='ocrx_word' id='word_1_78' title='bbox 1688 1264 2019 1335; x_wconf 85' lang='lat' dir='ltr'><strong>quandoque</strong></span> <span class='ocrx_word' id='word_1_79' title='bbox 2059 1275 2233 1330; x_wconf 86' lang='lat' dir='ltr'><strong>usque</strong></span> <span class='ocrx_word' id='word_1_80' title='bbox 2275 1259 2344 1313; x_wconf 87' lang='lat' dir='ltr'><strong>ad</strong></span> 
     </span>
    </p>
   </div>
   <div class='ocr_carea' id='block_1_15' title="bbox 767 1352 2342 1429">
    <p class='ocr_par' dir='ltr' id='par_1_15' title="bbox 767 1352 2342 1429">
     <span class='ocr_line' id='line_1_15' title="bbox 767 1352 2342 1429; baseline -0.007 -11"><span class='ocrx_word' id='word_1_81' title='bbox 767 1372 1045 1429; x_wconf 87' lang='lat' dir='ltr'><strong>mortem;</strong></span> <span class='ocrx_word' id='word_1_82' title='bbox 1079 1362 1159 1417; x_wconf 89' lang='lat' dir='ltr'><strong>sic</strong></span> <span class='ocrx_word' id='word_1_83' title='bbox 1214 1360 1367 1416; x_wconf 87' lang='lat' dir='ltr'><strong>necis</strong></span> <span class='ocrx_word' id='word_1_84' title='bbox 1397 1369 1590 1413; x_wconf 91' lang='lat' dir='ltr'><strong>auctor</strong></span> <span class='ocrx_word' id='word_1_85' title='bbox 1643 1356 1877 1411; x_wconf 82' lang='lat' dir='ltr'><strong>eﬂicitur</strong></span> <span class='ocrx_word' id='word_1_86' title='bbox 1925 1353 2166 1409; x_wconf 88' lang='lat' dir='ltr'><strong>hominis</strong></span> <span class='ocrx_word' id='word_1_87' title='bbox 2192 1352 2342 1422; x_wconf 88' lang='lat' dir='ltr'><strong>pravi</strong></span> 
     </span>
    </p>
   </div>
   <div class='ocr_carea' id='block_1_16' title="bbox 770 1446 2346 1525">
    <p class='ocr_par' dir='ltr' id='par_1_16' title="bbox 770 1446 2346 1525">
     <span class='ocr_line' id='line_1_16' title="bbox 770 1446 2346 1525; baseline -0.008 -14"><span class='ocrx_word' id='word_1_88' title='bbox 770 1455 1077 1525; x_wconf 85' lang='lat' dir='ltr'><strong>cupiditas,</strong></span> <span class='ocrx_word' id='word_1_89' title='bbox 1121 1453 1269 1518; x_wconf 90' lang='lat' dir='ltr'><strong>vide,</strong></span> <span class='ocrx_word' id='word_1_90' title='bbox 1320 1453 1465 1507; x_wconf 93' lang='lat' dir='ltr'><strong>unde</strong></span> <span class='ocrx_word' id='word_1_91' title='bbox 1509 1460 1699 1506; x_wconf 80' lang='lat' dir='ltr'><strong>exorta</strong></span> <span class='ocrx_word' id='word_1_92' title='bbox 1747 1451 1860 1512; x_wconf 90' lang='lat' dir='ltr'><strong>sit,</strong></span> <span class='ocrx_word' id='word_1_93' title='bbox 1904 1458 1960 1503; x_wconf 92' lang='lat' dir='ltr'><strong>et</strong></span> <span class='ocrx_word' id='word_1_94' title='bbox 2002 1448 2218 1517; x_wconf 88' lang='lat' dir='ltr'><strong>qualem</strong></span> <span class='ocrx_word' id='word_1_95' title='bbox 2248 1446 2346 1499; x_wconf 84' lang='lat' dir='ltr'><strong>ha-</strong></span> 
     </span>
    </p>
   </div>
   <div class='ocr_carea' id='block_1_17' title="bbox 778 1540 2347 1611">
    <p class='ocr_par' dir='ltr' id='par_1_17' title="bbox 778 1540 2347 1611">
     <span class='ocr_line' id='line_1_17' title="bbox 778 1540 2347 1611; baseline -0.005 -11"><span class='ocrx_word' id='word_1_96' title='bbox 778 1546 961 1600; x_wconf 89' lang='lat' dir='ltr'><strong>buerit</strong></span> <span class='ocrx_word' id='word_1_97' title='bbox 993 1547 1154 1601; x_wconf 80' lang='lat' dir='ltr'><strong>linem</strong></span> <span class='ocrx_word' id='word_1_98' title='bbox 1185 1544 1410 1598; x_wconf 91' lang='lat' dir='ltr'><strong>dilectio</strong></span> <span class='ocrx_word' id='word_1_99' title='bbox 1439 1543 1727 1597; x_wconf 66' lang='lat' dir='ltr'><strong>mundana:</strong></span> <span class='ocrx_word' id='word_1_100' title='bbox 1752 1542 1938 1611; x_wconf 69' lang='lat' dir='ltr'><strong>gloriae</strong></span> <span class='ocrx_word' id='word_1_101' title='bbox 1958 1540 2199 1610; x_wconf 89' lang='lat' dir='ltr'><strong>pondere</strong></span> <span class='ocrx_word' id='word_1_102' title='bbox 2217 1554 2347 1607; x_wconf 62' lang='lat' dir='ltr'><strong>pra:-</strong></span> 
     </span>
    </p>
   </div>
   <div class='ocr_carea' id='block_1_18' title="bbox 770 1628 2343 1702">
    <p class='ocr_par' dir='ltr' id='par_1_18' title="bbox 770 1628 2343 1702">
     <span class='ocr_line' id='line_1_18' title="bbox 770 1628 2343 1702; baseline -0.005 -14"><span class='ocrx_word' id='word_1_103' title='bbox 770 1635 960 1688; x_wconf 86' lang='lat' dir='ltr'><strong>valens</strong></span> <span class='ocrx_word' id='word_1_104' title='bbox 983 1636 1037 1689; x_wconf 89' lang='lat' dir='ltr'><strong>in</strong></span> <span class='ocrx_word' id='word_1_105' title='bbox 1063 1634 1245 1688; x_wconf 85' lang='lat' dir='ltr'><strong>cordis</strong></span> <span class='ocrx_word' id='word_1_106' title='bbox 1272 1633 1407 1687; x_wconf 90' lang='lat' dir='ltr'><strong>libra</strong></span> <span class='ocrx_word' id='word_1_107' title='bbox 1426 1643 1480 1686; x_wconf 88' lang='lat' dir='ltr'><strong>et</strong></span> <span class='ocrx_word' id='word_1_108' title='bbox 1500 1633 1723 1702; x_wconf 88' lang='lat' dir='ltr'><strong>propria</strong></span> <span class='ocrx_word' id='word_1_109' title='bbox 1750 1632 2050 1685; x_wconf 86' lang='lat' dir='ltr'><strong>voluntate.</strong></span> <span class='ocrx_word' id='word_1_110' title='bbox 2075 1628 2343 1695; x_wconf 87' lang='lat' dir='ltr'><strong>Quoniam</strong></span> 
     </span>
    </p>
   </div>
   <div class='ocr_carea' id='block_1_19' title="bbox 770 1720 2344 1796">
    <p class='ocr_par' dir='ltr' id='par_1_19' title="bbox 770 1720 2344 1796">
     <span class='ocr_line' id='line_1_19' title="bbox 770 1720 2344 1796; baseline -0.005 -15"><span class='ocrx_word' id='word_1_111' title='bbox 770 1728 916 1781; x_wconf 87' lang='lat' dir='ltr'><strong>enim</strong></span> <span class='ocrx_word' id='word_1_112' title='bbox 963 1727 1160 1796; x_wconf 90' lang='lat' dir='ltr'><strong>aliquis</strong></span> <span class='ocrx_word' id='word_1_113' title='bbox 1191 1728 1431 1795; x_wconf 87' lang='lat' dir='ltr'><strong>seipsum</strong></span> <span class='ocrx_word' id='word_1_114' title='bbox 1465 1740 1574 1779; x_wconf 93' lang='lat' dir='ltr'><strong>non</strong></span> <span class='ocrx_word' id='word_1_115' title='bbox 1624 1722 1931 1793; x_wconf 78' lang='lat' dir='ltr'><strong>abnegavit,</strong></span> <span class='ocrx_word' id='word_1_116' title='bbox 1985 1730 2040 1775; x_wconf 91' lang='lat' dir='ltr'><strong>et</strong></span> <span class='ocrx_word' id='word_1_117' title='bbox 2075 1720 2277 1789; x_wconf 88' lang='lat' dir='ltr'><strong>aliquid</strong></span> <span class='ocrx_word' id='word_1_118' title='bbox 2314 1736 2344 1773; x_wconf 91' lang='lat' dir='ltr'><strong>e</strong></span> 
     </span>
    </p>
   </div>
   <div class='ocr_carea' id='block_1_20' title="bbox 770 1813 2341 1886">
    <p class='ocr_par' dir='ltr' id='par_1_20' title="bbox 770 1813 2341 1886">
     <span class='ocr_line' id='line_1_20' title="bbox 770 1813 2341 1886; baseline -0.003 -15"><span class='ocrx_word' id='word_1_119' title='bbox 770 1819 978 1872; x_wconf 88' lang='lat' dir='ltr'><strong>mundo</strong></span> <span class='ocrx_word' id='word_1_120' title='bbox 1008 1818 1220 1883; x_wconf 84' lang='lat' dir='ltr'><strong>dilexit,</strong></span> <span class='ocrx_word' id='word_1_121' title='bbox 1257 1820 1348 1872; x_wconf 90' lang='lat' dir='ltr'><strong>illa</strong></span> <span class='ocrx_word' id='word_1_122' title='bbox 1368 1818 1550 1871; x_wconf 89' lang='lat' dir='ltr'><strong>omnia</strong></span> <span class='ocrx_word' id='word_1_123' title='bbox 1574 1814 1774 1886; x_wconf 84' lang='lat' dir='ltr'><strong>ﬂagitia</strong></span> <span class='ocrx_word' id='word_1_124' title='bbox 1802 1814 2084 1869; x_wconf 89' lang='lat' dir='ltr'><strong>eveniunt.</strong></span> <span class='ocrx_word' id='word_1_125' title='bbox 2121 1813 2197 1865; x_wconf 89' lang='lat' dir='ltr'><strong>Ita</strong></span> <span class='ocrx_word' id='word_1_126' title='bbox 2220 1827 2341 1867; x_wconf 90' lang='lat' dir='ltr'><strong>esse</strong></span> 
     </span>
    </p>
   </div>
   <div class='ocr_carea' id='block_1_21' title="bbox 770 1903 2341 1979">
    <p class='ocr_par' dir='ltr' id='par_1_21' title="bbox 770 1903 2341 1979">
     <span class='ocr_line' id='line_1_21' title="bbox 770 1903 2341 1979; baseline -0.004 -15"><span class='ocrx_word' id='word_1_127' title='bbox 770 1911 1041 1965; x_wconf 86' lang='lat' dir='ltr'><strong>arbitrare</strong></span> <span class='ocrx_word' id='word_1_128' title='bbox 1089 1912 1143 1963; x_wconf 90' lang='lat' dir='ltr'><strong>in</strong></span> <span class='ocrx_word' id='word_1_129' title='bbox 1186 1925 1517 1979; x_wconf 90' lang='lat' dir='ltr'><strong>quocunque</strong></span> <span class='ocrx_word' id='word_1_130' title='bbox 1568 1915 1793 1976; x_wconf 89' lang='lat' dir='ltr'><strong>peccato</strong></span> <span class='ocrx_word' id='word_1_131' title='bbox 1843 1914 1899 1960; x_wconf 95' lang='lat' dir='ltr'><strong>et</strong></span> <span class='ocrx_word' id='word_1_132' title='bbox 1940 1903 2341 1959; x_wconf 90' lang='lat' dir='ltr'><strong>consuetudine</strong></span> 
     </span>
    </p>
   </div>
   <div class='ocr_carea' id='block_1_22' title="bbox 770 1996 2342 2067">
    <p class='ocr_par' dir='ltr' id='par_1_22' title="bbox 770 1996 2342 2067">
     <span class='ocr_line' id='line_1_22' title="bbox 770 1996 2342 2067; baseline -0.005 -10"><span class='ocrx_word' id='word_1_133' title='bbox 770 2004 934 2067; x_wconf 89' lang='lat' dir='ltr'><strong>mala,</strong></span> <span class='ocrx_word' id='word_1_134' title='bbox 964 2018 1088 2057; x_wconf 90' lang='lat' dir='ltr'><strong>cum</strong></span> <span class='ocrx_word' id='word_1_135' title='bbox 1124 2002 1403 2056; x_wconf 88' lang='lat' dir='ltr'><strong>blanditur</strong></span> <span class='ocrx_word' id='word_1_136' title='bbox 1433 2001 1640 2054; x_wconf 88' lang='lat' dir='ltr'><strong>malitia</strong></span> <span class='ocrx_word' id='word_1_137' title='bbox 1680 2009 1737 2053; x_wconf 91' lang='lat' dir='ltr'><strong>et</strong></span> <span class='ocrx_word' id='word_1_138' title='bbox 1768 2000 2103 2053; x_wconf 89' lang='lat' dir='ltr'><strong>voluntatem</strong></span> <span class='ocrx_word' id='word_1_139' title='bbox 2143 1996 2342 2050; x_wconf 88' lang='lat' dir='ltr'><strong>mentis</strong></span> 
     </span>
    </p>
   </div>
   <div class='ocr_carea' id='block_1_23' title="bbox 771 2089 2345 2162">
    <p class='ocr_par' dir='ltr' id='par_1_23' title="bbox 771 2089 2345 2162">
     <span class='ocr_line' id='line_1_23' title="bbox 771 2089 2345 2162; baseline -0.004 -15"><span class='ocrx_word' id='word_1_140' title='bbox 771 2095 998 2148; x_wconf 89' lang='lat' dir='ltr'><strong>inclinat</strong></span> <span class='ocrx_word' id='word_1_141' title='bbox 1040 2095 1105 2148; x_wconf 92' lang='lat' dir='ltr'><strong>ad</strong></span> <span class='ocrx_word' id='word_1_142' title='bbox 1149 2094 1452 2147; x_wconf 87' lang='lat' dir='ltr'><strong>mundanas</strong></span> <span class='ocrx_word' id='word_1_143' title='bbox 1495 2092 1827 2162; x_wconf 90' lang='lat' dir='ltr'><strong>cupiditates</strong></span> <span class='ocrx_word' id='word_1_144' title='bbox 1874 2099 1928 2145; x_wconf 88' lang='lat' dir='ltr'><strong>ct</strong></span> <span class='ocrx_word' id='word_1_145' title='bbox 1962 2089 2251 2144; x_wconf 85' lang='lat' dir='ltr'><strong>illecebras</strong></span> <span class='ocrx_word' id='word_1_146' title='bbox 2288 2094 2345 2140; x_wconf 96' lang='lat' dir='ltr'><strong>et</strong></span> 
     </span>
    </p>
   </div>
   <div class='ocr_carea' id='block_1_24' title="bbox 769 2184 2338 2253">
    <p class='ocr_par' dir='ltr' id='par_1_24' title="bbox 769 2184 2338 2253">
     <span class='ocr_line' id='line_1_24' title="bbox 769 2184 2338 2253; baseline -0.004 -15"><span class='ocrx_word' id='word_1_147' title='bbox 769 2186 1075 2253; x_wconf 87' lang='lat' dir='ltr'><strong>voluptates</strong></span> <span class='ocrx_word' id='word_1_148' title='bbox 1104 2187 1303 2239; x_wconf 88' lang='lat' dir='ltr'><strong>carnis.</strong></span> <span class='ocrx_word' id='word_1_149' title='bbox 1335 2185 1409 2239; x_wconf 89' lang='lat' dir='ltr'><strong>lta</strong></span> <span class='ocrx_word' id='word_1_150' title='bbox 1432 2200 1593 2238; x_wconf 86' lang='lat' dir='ltr'><strong>omne</strong></span> <span class='ocrx_word' id='word_1_151' title='bbox 1616 2184 1835 2237; x_wconf 70' lang='lat' dir='ltr'><strong>malitiae</strong></span> <span class='ocrx_word' id='word_1_152' title='bbox 1858 2198 1996 2251; x_wconf 90' lang='lat' dir='ltr'><strong>opus</strong></span> <span class='ocrx_word' id='word_1_153' title='bbox 2016 2188 2306 2237; x_wconf 83' lang='lat' dir='ltr'><strong>exercetur</strong></span> <span class='ocrx_word' id='word_1_154' title='bbox 2323 2220 2338 2245; x_wconf 94' lang='lat'><strong>,</strong></span> 
     </span>
    </p>
   </div>
   <div class='ocr_carea' id='block_1_25' title="bbox 770 2271 2340 2345">
    <p class='ocr_par' dir='ltr' id='par_1_25' title="bbox 770 2271 2340 2345">
     <span class='ocr_line' id='line_1_25' title="bbox 770 2271 2340 2345; baseline -0.003 -16"><span class='ocrx_word' id='word_1_155' title='bbox 770 2275 845 2330; x_wconf 91' lang='lat' dir='ltr'><strong>ita</strong></span> <span class='ocrx_word' id='word_1_156' title='bbox 880 2276 1236 2345; x_wconf 62' lang='lat' dir='ltr'><strong>impudicitiae</strong></span> <span class='ocrx_word' id='word_1_157' title='bbox 1270 2286 1326 2331; x_wconf 91' lang='lat' dir='ltr'><strong>et</strong></span> <span class='ocrx_word' id='word_1_158' title='bbox 1374 2277 1607 2342; x_wconf 81' lang='lat' dir='ltr'><strong>furtum,</strong></span> <span class='ocrx_word' id='word_1_159' title='bbox 1649 2277 1724 2330; x_wconf 92' lang='lat' dir='ltr'><strong>ita</strong></span> <span class='ocrx_word' id='word_1_160' title='bbox 1757 2275 1986 2329; x_wconf 91' lang='lat' dir='ltr'><strong>avaritia</strong></span> <span class='ocrx_word' id='word_1_161' title='bbox 2013 2280 2069 2326; x_wconf 91' lang='lat' dir='ltr'><strong>et</strong></span> <span class='ocrx_word' id='word_1_162' title='bbox 2099 2271 2340 2343; x_wconf 84' lang='lat' dir='ltr'><strong>pigritia,</strong></span> 
     </span>
    </p>
   </div>
   <div class='ocr_carea' id='block_1_26' title="bbox 770 2362 2341 2436">
    <p class='ocr_par' dir='ltr' id='par_1_26' title="bbox 770 2362 2341 2436">
     <span class='ocr_line' id='line_1_26' title="bbox 770 2362 2341 2436; baseline -0.002 -19"><span class='ocrx_word' id='word_1_163' title='bbox 770 2364 845 2418; x_wconf 89' lang='lat' dir='ltr'><strong>ita</strong></span> <span class='ocrx_word' id='word_1_164' title='bbox 874 2366 993 2418; x_wconf 90' lang='lat' dir='ltr'><strong>auri</strong></span> <span class='ocrx_word' id='word_1_165' title='bbox 1019 2365 1293 2435; x_wconf 89' lang='lat' dir='ltr'><strong>cupiditas</strong></span> <span class='ocrx_word' id='word_1_166' title='bbox 1314 2375 1370 2420; x_wconf 90' lang='lat' dir='ltr'><strong>et</strong></span> <span class='ocrx_word' id='word_1_167' title='bbox 1398 2380 1538 2419; x_wconf 87' lang='lat' dir='ltr'><strong>vana</strong></span> <span class='ocrx_word' id='word_1_168' title='bbox 1574 2365 1767 2436; x_wconf 89' lang='lat' dir='ltr'><strong>gloria,</strong></span> <span class='ocrx_word' id='word_1_169' title='bbox 1797 2364 1872 2417; x_wconf 91' lang='lat' dir='ltr'><strong>ita</strong></span> <span class='ocrx_word' id='word_1_170' title='bbox 1910 2362 2117 2417; x_wconf 89' lang='lat' dir='ltr'><strong>invidia</strong></span> <span class='ocrx_word' id='word_1_171' title='bbox 2145 2370 2201 2416; x_wconf 88' lang='lat' dir='ltr'><strong>et</strong></span> <span class='ocrx_word' id='word_1_172' title='bbox 2224 2376 2341 2415; x_wconf 90' lang='lat' dir='ltr'><strong>am-</strong></span> 
     </span>
    </p>
   </div>
   <div class='ocr_carea' id='block_1_27' title="bbox 770 2452 2343 2526">
    <p class='ocr_par' dir='ltr' id='par_1_27' title="bbox 770 2452 2343 2526">
     <span class='ocr_line' id='line_1_27' title="bbox 770 2452 2343 2526; baseline -0.002 -17"><span class='ocrx_word' id='word_1_173' title='bbox 770 2454 931 2519; x_wconf 90' lang='lat' dir='ltr'><strong>bitio,</strong></span> <span class='ocrx_word' id='word_1_174' title='bbox 976 2463 1031 2509; x_wconf 94' lang='lat' dir='ltr'><strong>et</strong></span> <span class='ocrx_word' id='word_1_175' title='bbox 1065 2458 1435 2526; x_wconf 89' lang='lat' dir='ltr'><strong>quodcunque</strong></span> <span class='ocrx_word' id='word_1_176' title='bbox 1466 2465 1550 2511; x_wconf 89' lang='lat' dir='ltr'><strong>est</strong></span> <span class='ocrx_word' id='word_1_177' title='bbox 1584 2456 1804 2510; x_wconf 68' lang='lat' dir='ltr'><strong>malitim</strong></span> <span class='ocrx_word' id='word_1_178' title='bbox 1828 2470 1987 2524; x_wconf 88' lang='lat' dir='ltr'><strong>opus.</strong></span> <span class='ocrx_word' id='word_1_179' title='bbox 2035 2452 2343 2523; x_wconf 82' lang='lat' dir='ltr'><strong>Aliquando</strong></span> 
     </span>
    </p>
   </div>
   <div class='ocr_carea' id='block_1_28' title="bbox 769 2546 2341 2618">
    <p class='ocr_par' dir='ltr' id='par_1_28' title="bbox 769 2546 2341 2618">
     <span class='ocr_line' id='line_1_28' title="bbox 769 2546 2341 2618; baseline -0.001 -16"><span class='ocrx_word' id='word_1_180' title='bbox 769 2563 936 2617; x_wconf 89' lang='lat' dir='ltr'><strong>opera</strong></span> <span class='ocrx_word' id='word_1_181' title='bbox 982 2565 1103 2618; x_wconf 64' lang='lat' dir='ltr'><strong>quae</strong></span> <span class='ocrx_word' id='word_1_182' title='bbox 1152 2550 1295 2604; x_wconf 91' lang='lat' dir='ltr'><strong>bona</strong></span> <span class='ocrx_word' id='word_1_183' title='bbox 1343 2551 1601 2605; x_wconf 90' lang='lat' dir='ltr'><strong>videntur</strong></span> <span class='ocrx_word' id='word_1_184' title='bbox 1648 2550 1713 2603; x_wconf 92' lang='lat' dir='ltr'><strong>ad</strong></span> <span class='ocrx_word' id='word_1_185' title='bbox 1756 2550 1980 2618; x_wconf 78' lang='lat' dir='ltr'><strong>gloriam</strong></span> <span class='ocrx_word' id='word_1_186' title='bbox 2030 2557 2087 2603; x_wconf 90' lang='lat' dir='ltr'><strong>et</strong></span> <span class='ocrx_word' id='word_1_187' title='bbox 2122 2546 2341 2601; x_wconf 89' lang='lat' dir='ltr'><strong>laudem</strong></span> 
     </span>
    </p>
   </div>
   <div class='ocr_carea' id='block_1_29' title="bbox 769 2639 2344 2713">
    <p class='ocr_par' dir='ltr' id='par_1_29' title="bbox 769 2639 2344 2713">
     <span class='ocr_line' id='line_1_29' title="bbox 769 2639 2344 2713; baseline -0.002 -17"><span class='ocrx_word' id='word_1_188' title='bbox 769 2641 1055 2697; x_wconf 89' lang='lat' dir='ltr'><strong>hominum</strong></span> <span class='ocrx_word' id='word_1_189' title='bbox 1085 2644 1468 2713; x_wconf 84' lang='lat' dir='ltr'><strong>perﬁciuntur,</strong></span> <span class='ocrx_word' id='word_1_190' title='bbox 1522 2658 1644 2713; x_wconf 66' lang='lat' dir='ltr'><strong>quae</strong></span> <span class='ocrx_word' id='word_1_191' title='bbox 1702 2642 1844 2712; x_wconf 87' lang='lat' dir='ltr'><strong>apud</strong></span> <span class='ocrx_word' id='word_1_192' title='bbox 1908 2643 2081 2695; x_wconf 90' lang='lat' dir='ltr'><strong>Deum</strong></span> <span class='ocrx_word' id='word_1_193' title='bbox 2144 2639 2344 2694; x_wconf 87' lang='lat' dir='ltr'><strong>similia</strong></span> 
     </span>
    </p>
   </div>
   <div class='ocr_carea' id='block_1_30' title="bbox 769 2732 2343 2803">
    <p class='ocr_par' dir='ltr' id='par_1_30' title="bbox 769 2732 2343 2803">
     <span class='ocr_line' id='line_1_30' title="bbox 769 2732 2343 2803; baseline -0.001 -18"><span class='ocrx_word' id='word_1_194' title='bbox 769 2740 899 2786; x_wconf 84' lang='lat' dir='ltr'><strong>sunt</strong></span> <span class='ocrx_word' id='word_1_195' title='bbox 933 2733 1231 2802; x_wconf 69' lang='lat' dir='ltr'><strong>injustitiaz,</strong></span> <span class='ocrx_word' id='word_1_196' title='bbox 1259 2734 1407 2788; x_wconf 86' lang='lat' dir='ltr'><strong>furto</strong></span> <span class='ocrx_word' id='word_1_197' title='bbox 1445 2742 1502 2788; x_wconf 93' lang='lat' dir='ltr'><strong>et</strong></span> <span class='ocrx_word' id='word_1_198' title='bbox 1548 2734 1672 2787; x_wconf 89' lang='lat' dir='ltr'><strong>aliis</strong></span> <span class='ocrx_word' id='word_1_199' title='bbox 1707 2733 1966 2803; x_wconf 83' lang='lat' dir='ltr'><strong>peccatis.</strong></span> <span class='ocrx_word' id='word_1_200' title='bbox 1999 2733 2144 2785; x_wconf 88' lang='lat' dir='ltr'><strong>Deus</strong></span> <span class='ocrx_word' id='word_1_201' title='bbox 2196 2732 2343 2785; x_wconf 90' lang='lat' dir='ltr'><strong>enim</strong></span> 
     </span>
    </p>
   </div>
   <div class='ocr_carea' id='block_1_31' title="bbox 769 2823 2340 2894">
    <p class='ocr_par' dir='ltr' id='par_1_31' title="bbox 769 2823 2340 2894">
     <span class='ocr_line' id='line_1_31' title="bbox 769 2823 2340 2894; baseline -0.001 -18"><span class='ocrx_word' id='word_1_202' title='bbox 769 2823 939 2877; x_wconf 89' lang='lat' dir='ltr'><strong>dicit:</strong></span> <span class='ocrx_word' id='word_1_203' title='bbox 973 2824 1226 2890; x_wconf 78' lang='lat' dir='ltr'><strong>Dispersit</strong></span> <span class='ocrx_word' id='word_1_204' title='bbox 1252 2842 1369 2879; x_wconf 77' lang='lat' dir='ltr'><strong>ossa</strong></span> <span class='ocrx_word' id='word_1_205' title='bbox 1392 2842 1573 2879; x_wconf 87' lang='lat' dir='ltr'><strong>eorum</strong></span> <span class='ocrx_word' id='word_1_206' title='bbox 1604 2827 1692 2894; x_wconf 86' lang='lat' dir='ltr'><strong>qui</strong></span> <span class='ocrx_word' id='word_1_207' title='bbox 1717 2825 2012 2878; x_wconf 83' lang='lat' dir='ltr'><strong>hominibus</strong></span> <span class='ocrx_word' id='word_1_208' title='bbox 2042 2824 2248 2894; x_wconf 83' lang='lat' dir='ltr'><strong>placent</strong></span> <span class='ocrx_word' id='word_1_209' title='bbox 2267 2823 2340 2888; x_wconf 75' lang='lat'><strong>‘°;</strong></span> 
     </span>
    </p>
   </div>
   <div class='ocr_carea' id='block_1_32' title="bbox 772 2914 2343 2987">
    <p class='ocr_par' dir='ltr' id='par_1_32' title="bbox 772 2914 2343 2987">
     <span class='ocr_line' id='line_1_32' title="bbox 772 2914 2343 2987; baseline 0 -18"><span class='ocrx_word' id='word_1_210' title='bbox 772 2914 846 2969; x_wconf 87' lang='lat' dir='ltr'><strong>ita</strong></span> <span class='ocrx_word' id='word_1_211' title='bbox 880 2925 937 2969; x_wconf 92' lang='lat' dir='ltr'><strong>ut</strong></span> <span class='ocrx_word' id='word_1_212' title='bbox 962 2933 1061 2985; x_wconf 90' lang='lat' dir='ltr'><strong>per</strong></span> <span class='ocrx_word' id='word_1_213' title='bbox 1093 2934 1154 2972; x_wconf 88' lang='lat' dir='ltr'><strong>ea</strong></span> <span class='ocrx_word' id='word_1_214' title='bbox 1182 2934 1303 2986; x_wconf 56' lang='lat' dir='ltr'><strong>qua;</strong></span> <span class='ocrx_word' id='word_1_215' title='bbox 1334 2919 1475 2971; x_wconf 92' lang='lat' dir='ltr'><strong>bona</strong></span> <span class='ocrx_word' id='word_1_216' title='bbox 1500 2918 1759 2971; x_wconf 90' lang='lat' dir='ltr'><strong>videntur</strong></span> <span class='ocrx_word' id='word_1_217' title='bbox 1787 2918 2058 2987; x_wconf 90' lang='lat' dir='ltr'><strong>malignus</strong></span> <span class='ocrx_word' id='word_1_218' title='bbox 2092 2918 2343 2970; x_wconf 90' lang='lat' dir='ltr'><strong>minister</strong></span> 
     </span>
    </p>
   </div>
   <div class='ocr_carea' id='block_1_33' title="bbox 770 3006 2345 3077">
    <p class='ocr_par' dir='ltr' id='par_1_33' title="bbox 770 3006 2345 3077">
     <span class='ocr_line' id='line_1_33' title="bbox 770 3006 2345 3077; baseline 0 -17"><span class='ocrx_word' id='word_1_219' title='bbox 770 3007 1007 3077; x_wconf 88' lang='lat' dir='ltr'><strong>diligens</strong></span> <span class='ocrx_word' id='word_1_220' title='bbox 1033 3024 1297 3077; x_wconf 89' lang='lat' dir='ltr'><strong>apparere</strong></span> <span class='ocrx_word' id='word_1_221' title='bbox 1322 3010 1473 3069; x_wconf 86' lang='lat' dir='ltr'><strong>velit,</strong></span> <span class='ocrx_word' id='word_1_222' title='bbox 1498 3008 1683 3061; x_wconf 90' lang='lat' dir='ltr'><strong>varius</strong></span> <span class='ocrx_word' id='word_1_223' title='bbox 1709 3007 1854 3061; x_wconf 91' lang='lat' dir='ltr'><strong>enim</strong></span> <span class='ocrx_word' id='word_1_224' title='bbox 1900 3015 1983 3060; x_wconf 89' lang='lat' dir='ltr'><strong>est</strong></span> <span class='ocrx_word' id='word_1_225' title='bbox 2023 3016 2077 3061; x_wconf 89' lang='lat' dir='ltr'><strong>et</strong></span> <span class='ocrx_word' id='word_1_226' title='bbox 2112 3006 2345 3060; x_wconf 79' lang='lat' dir='ltr'><strong>mendax</strong></span> 
     </span>
    </p>
   </div>
   <div class='ocr_carea' id='block_1_34' title="bbox 771 3098 2343 3168">
    <p class='ocr_par' dir='ltr' id='par_1_34' title="bbox 771 3098 2343 3168">
     <span class='ocr_line' id='line_1_34' title="bbox 771 3098 2343 3168; baseline -0.001 -15"><span class='ocrx_word' id='word_1_227' title='bbox 771 3098 829 3153; x_wconf 87' lang='lat' dir='ltr'><strong>in</strong></span> <span class='ocrx_word' id='word_1_228' title='bbox 888 3099 1290 3167; x_wconf 86' lang='lat' dir='ltr'><strong>cupiditatibus</strong></span> <span class='ocrx_word' id='word_1_229' title='bbox 1370 3100 1586 3155; x_wconf 92' lang='lat' dir='ltr'><strong>mundi.</strong></span> <span class='ocrx_word' id='word_1_230' title='bbox 1652 3099 1785 3154; x_wconf 84' lang='lat' dir='ltr'><strong>Nam</strong></span> <span class='ocrx_word' id='word_1_231' title='bbox 1840 3114 1936 3168; x_wconf 92' lang='lat' dir='ltr'><strong>per</strong></span> <span class='ocrx_word' id='word_1_232' title='bbox 1992 3099 2343 3153; x_wconf 89' lang='lat' dir='ltr'><strong>dilectionem</strong></span> 
     </span>
    </p>
   </div>
   <div class='ocr_carea' id='block_1_35' title="bbox 769 3188 2348 3257">
    <p class='ocr_par' dir='ltr' id='par_1_35' title="bbox 769 3188 2348 3257">
     <span class='ocr_line' id='line_1_35' title="bbox 769 3188 2348 3257; baseline 0 -16"><span class='ocrx_word' id='word_1_233' title='bbox 769 3188 1062 3257; x_wconf 85' lang='lat' dir='ltr'><strong>quamdam</strong></span> <span class='ocrx_word' id='word_1_234' title='bbox 1088 3199 1407 3245; x_wconf 87' lang='lat' dir='ltr'><strong>terrestrem</strong></span> <span class='ocrx_word' id='word_1_235' title='bbox 1458 3199 1514 3244; x_wconf 87' lang='lat' dir='ltr'><strong>et</strong></span> <span class='ocrx_word' id='word_1_236' title='bbox 1558 3190 1855 3253; x_wconf 86' lang='lat' dir='ltr'><strong>carnalem,</strong></span> <span class='ocrx_word' id='word_1_237' title='bbox 1881 3189 1935 3242; x_wconf 93' lang='lat' dir='ltr'><strong>in</strong></span> <span class='ocrx_word' id='word_1_238' title='bbox 1964 3204 2071 3257; x_wconf 89' lang='lat' dir='ltr'><strong>qua</strong></span> <span class='ocrx_word' id='word_1_239' title='bbox 2112 3188 2348 3243; x_wconf 91' lang='lat' dir='ltr'><strong>vincitur</strong></span> 
     </span>
    </p>
   </div>
   <div class='ocr_carea' id='block_1_36' title="bbox 772 3277 2350 3349">
    <p class='ocr_par' dir='ltr' id='par_1_36' title="bbox 772 3277 2350 3349">
     <span class='ocr_line' id='line_1_36' title="bbox 772 3277 2350 3349; baseline 0.001 -16"><span class='ocrx_word' id='word_1_240' title='bbox 772 3281 938 3335; x_wconf 91' lang='lat' dir='ltr'><strong>homo</strong></span> <span class='ocrx_word' id='word_1_241' title='bbox 976 3281 1199 3349; x_wconf 87' lang='lat' dir='ltr'><strong>propria</strong></span> <span class='ocrx_word' id='word_1_242' title='bbox 1248 3282 1550 3345; x_wconf 86' lang='lat' dir='ltr'><strong>voluntate,</strong></span> <span class='ocrx_word' id='word_1_243' title='bbox 1598 3282 1839 3335; x_wconf 88' lang='lat' dir='ltr'><strong>allicitur</strong></span> <span class='ocrx_word' id='word_1_244' title='bbox 1894 3280 2121 3346; x_wconf 90' lang='lat' dir='ltr'><strong>malitia,</strong></span> <span class='ocrx_word' id='word_1_245' title='bbox 2154 3277 2350 3334; x_wconf 75' lang='lat' dir='ltr'><strong>ut’ﬁat</strong></span> 
     </span>
    </p>
   </div>
   <div class='ocr_carea' id='block_1_37' title="bbox 772 3371 2347 3440">
    <p class='ocr_par' dir='ltr' id='par_1_37' title="bbox 772 3371 2347 3440">
     <span class='ocr_line' id='line_1_37' title="bbox 772 3371 2347 3440; baseline -0.002 -13"><span class='ocrx_word' id='word_1_246' title='bbox 772 3372 852 3427; x_wconf 87' lang='lat' dir='ltr'><strong>illi</strong></span> <span class='ocrx_word' id='word_1_247' title='bbox 881 3373 1160 3427; x_wconf 88' lang='lat' dir='ltr'><strong>vinculum</strong></span> <span class='ocrx_word' id='word_1_248' title='bbox 1202 3373 1493 3427; x_wconf 90' lang='lat' dir='ltr'><strong>insolubile</strong></span> <span class='ocrx_word' id='word_1_249' title='bbox 1530 3382 1587 3427; x_wconf 88' lang='lat' dir='ltr'><strong>et</strong></span> <span class='ocrx_word' id='word_1_250' title='bbox 1630 3372 1847 3427; x_wconf 89' lang='lat' dir='ltr'><strong>sarcina</strong></span> <span class='ocrx_word' id='word_1_251' title='bbox 1888 3371 2090 3440; x_wconf 82' lang='lat' dir='ltr'><strong>gravis,</strong></span> <span class='ocrx_word' id='word_1_252' title='bbox 2122 3371 2347 3425; x_wconf 86' lang='lat' dir='ltr'><strong>immer-</strong></span> 
     </span>
    </p>
   </div>
   <div class='ocr_carea' id='block_1_38' title="bbox 770 3462 2350 3534">
    <p class='ocr_par' dir='ltr' id='par_1_38' title="bbox 770 3462 2350 3534">
     <span class='ocr_line' id='line_1_38' title="bbox 770 3462 2350 3534; baseline 0 -17"><span class='ocrx_word' id='word_1_253' title='bbox 770 3478 905 3534; x_wconf 86' lang='lat' dir='ltr'><strong>geus</strong></span> <span class='ocrx_word' id='word_1_254' title='bbox 942 3474 1001 3518; x_wconf 88' lang='lat' dir='ltr'><strong>et</strong></span> <span class='ocrx_word' id='word_1_255' title='bbox 1043 3464 1319 3519; x_wconf 83' lang='lat' dir='ltr'><strong>suﬂ&#39;ocans</strong></span> <span class='ocrx_word' id='word_1_256' title='bbox 1362 3480 1489 3518; x_wconf 87' lang='lat' dir='ltr'><strong>cum</strong></span> <span class='ocrx_word' id='word_1_257' title='bbox 1525 3465 1579 3517; x_wconf 88' lang='lat' dir='ltr'><strong>in</strong></span> <span class='ocrx_word' id='word_1_258' title='bbox 1620 3463 1822 3517; x_wconf 67' lang='lat' dir='ltr'><strong>saeculo</strong></span> <span class='ocrx_word' id='word_1_259' title='bbox 1860 3462 2138 3531; x_wconf 66' lang='lat' dir='ltr'><strong>nequitiae,</strong></span> <span class='ocrx_word' id='word_1_260' title='bbox 2171 3477 2350 3532; x_wconf 87' lang='lat' dir='ltr'><strong>neque</strong></span> 
     </span>
    </p>
   </div>
   <div class='ocr_carea' id='block_1_39' title="bbox 772 3553 2347 3626">
    <p class='ocr_par' dir='ltr' id='par_1_39' title="bbox 772 3553 2347 3626">
     <span class='ocr_line' id='line_1_39' title="bbox 772 3553 2347 3626; baseline -0.001 -15"><span class='ocrx_word' id='word_1_261' title='bbox 772 3558 962 3611; x_wconf 86' lang='lat' dir='ltr'><strong>sinens</strong></span> <span class='ocrx_word' id='word_1_262' title='bbox 1010 3572 1318 3626; x_wconf 80' lang='lat' dir='ltr'><strong>assurgere,</strong></span> <span class='ocrx_word' id='word_1_263' title='bbox 1352 3564 1416 3610; x_wconf 81' lang='lat' dir='ltr'><strong>et</strong></span> <span class='ocrx_word' id='word_1_264' title='bbox 1461 3556 1529 3609; x_wconf 88' lang='lat' dir='ltr'><strong>ad</strong></span> <span class='ocrx_word' id='word_1_265' title='bbox 1578 3556 1750 3609; x_wconf 92' lang='lat' dir='ltr'><strong>Deum</strong></span> <span class='ocrx_word' id='word_1_266' title='bbox 1797 3553 2016 3618; x_wconf 89' lang='lat' dir='ltr'><strong>redire;</strong></span> <span class='ocrx_word' id='word_1_267' title='bbox 2065 3555 2347 3622; x_wconf 89' lang='lat' dir='ltr'><strong>quoniam,</strong></span> 
     </span>
    </p>
   </div>
   <div class='ocr_carea' id='block_1_40' title="bbox 771 3645 2351 3717">
    <p class='ocr_par' dir='ltr' id='par_1_40' title="bbox 771 3645 2351 3717">
     <span class='ocr_line' id='line_1_40' title="bbox 771 3645 2351 3717; baseline 0.001 -17"><span class='ocrx_word' id='word_1_268' title='bbox 771 3647 1040 3716; x_wconf 90' lang='lat' dir='ltr'><strong>quidquid</strong></span> <span class='ocrx_word' id='word_1_269' title='bbox 1077 3662 1107 3701; x_wconf 92' lang='lat' dir='ltr'><strong>e</strong></span> <span class='ocrx_word' id='word_1_270' title='bbox 1136 3648 1342 3701; x_wconf 92' lang='lat' dir='ltr'><strong>mundo</strong></span> <span class='ocrx_word' id='word_1_271' title='bbox 1384 3648 1587 3717; x_wconf 75' lang='lat' dir='ltr'><strong>aliquis</strong></span> <span class='ocrx_word' id='word_1_272' title='bbox 1626 3647 1903 3712; x_wconf 81' lang='lat' dir='ltr'><strong>dilexerit,</strong></span> <span class='ocrx_word' id='word_1_273' title='bbox 1936 3645 2081 3704; x_wconf 91' lang='lat' dir='ltr'><strong>illius</strong></span> <span class='ocrx_word' id='word_1_274' title='bbox 2112 3658 2351 3703; x_wconf 86' lang='lat' dir='ltr'><strong>mentem</strong></span> 
     </span>
    </p>
   </div>
   <div class='ocr_carea' id='block_1_41' title="bbox 772 3738 2349 3811">
    <p class='ocr_par' dir='ltr' id='par_1_41' title="bbox 772 3738 2349 3811">
     <span class='ocr_line' id='line_1_41' title="bbox 772 3738 2349 3811; baseline 0.003 -19"><span class='ocrx_word' id='word_1_275' title='bbox 772 3738 1037 3807; x_wconf 71' lang='lat' dir='ltr'><strong>Opprimit</strong></span> <span class='ocrx_word' id='word_1_276' title='bbox 1069 3745 1124 3793; x_wconf 83' lang='lat' dir='ltr'><strong>et</strong></span> <span class='ocrx_word' id='word_1_277' title='bbox 1150 3739 1382 3803; x_wconf 87' lang='lat' dir='ltr'><strong>obtinet,</strong></span> <span class='ocrx_word' id='word_1_278' title='bbox 1425 3755 1603 3809; x_wconf 91' lang='lat' dir='ltr'><strong>neque</strong></span> <span class='ocrx_word' id='word_1_279' title='bbox 1643 3755 1929 3811; x_wconf 72' lang='lat' dir='ltr'><strong>assurgere</strong></span> <span class='ocrx_word' id='word_1_280' title='bbox 1964 3742 2114 3795; x_wconf 88' lang='lat' dir='ltr'><strong>sinit.</strong></span> <span class='ocrx_word' id='word_1_281' title='bbox 2146 3741 2203 3795; x_wconf 88' lang='lat' dir='ltr'><strong>In</strong></span> <span class='ocrx_word' id='word_1_282' title='bbox 2247 3741 2349 3796; x_wconf 90' lang='lat' dir='ltr'><strong>hac</strong></span> 
     </span>
    </p>
   </div>
   <div class='ocr_carea' id='block_1_42' title="bbox 770 3830 2349 3901">
    <p class='ocr_par' dir='ltr' id='par_1_42' title="bbox 770 3830 2349 3901">
     <span class='ocr_line' id='line_1_42' title="bbox 770 3830 2349 3901; baseline -0.001 -15"><span class='ocrx_word' id='word_1_283' title='bbox 770 3831 921 3886; x_wconf 88' lang='lat' dir='ltr'><strong>enim</strong></span> <span class='ocrx_word' id='word_1_284' title='bbox 959 3830 1254 3886; x_wconf 89' lang='lat' dir='ltr'><strong>libratione</strong></span> <span class='ocrx_word' id='word_1_285' title='bbox 1298 3841 1352 3885; x_wconf 91' lang='lat' dir='ltr'><strong>et</strong></span> <span class='ocrx_word' id='word_1_286' title='bbox 1400 3833 1796 3901; x_wconf 88' lang='lat' dir='ltr'><strong>ponderatione</strong></span> <span class='ocrx_word' id='word_1_287' title='bbox 1844 3849 1964 3901; x_wconf 65' lang='lat' dir='ltr'><strong>qua:</strong></span> <span class='ocrx_word' id='word_1_288' title='bbox 2011 3848 2110 3901; x_wconf 89' lang='lat' dir='ltr'><strong>per</strong></span> <span class='ocrx_word' id='word_1_289' title='bbox 2152 3833 2349 3886; x_wconf 78' lang='lat' dir='ltr'><strong>libram</strong></span> 
     </span>
    </p>
   </div>
   <div class='ocr_carea' id='block_1_43' title="bbox 772 3918 2351 3989">
    <p class='ocr_par' dir='ltr' id='par_1_43' title="bbox 772 3918 2351 3989">
     <span class='ocr_line' id='line_1_43' title="bbox 772 3918 2351 3989; baseline 0 -15"><span class='ocrx_word' id='word_1_290' title='bbox 772 3918 996 3974; x_wconf 65' lang='lat' dir='ltr'><strong>malitiae</strong></span> <span class='ocrx_word' id='word_1_291' title='bbox 1047 3920 1127 3985; x_wconf 85' lang='lat' dir='ltr'><strong>ﬁt,</strong></span> <span class='ocrx_word' id='word_1_292' title='bbox 1181 3921 1441 3989; x_wconf 89' lang='lat' dir='ltr'><strong>penditur</strong></span> <span class='ocrx_word' id='word_1_293' title='bbox 1477 3930 1532 3974; x_wconf 87' lang='lat' dir='ltr'><strong>et</strong></span> <span class='ocrx_word' id='word_1_294' title='bbox 1563 3920 1825 3989; x_wconf 87' lang='lat' dir='ltr'><strong>probatur</strong></span> <span class='ocrx_word' id='word_1_295' title='bbox 1863 3935 2025 3974; x_wconf 92' lang='lat' dir='ltr'><strong>omne</strong></span> <span class='ocrx_word' id='word_1_296' title='bbox 2067 3920 2351 3975; x_wconf 91' lang='lat' dir='ltr'><strong>hominum</strong></span> 
     </span>
    </p>
   </div>
   <div class='ocr_carea' id='block_1_44' title="bbox 773 4009 2349 4081">
    <p class='ocr_par' dir='ltr' id='par_1_44' title="bbox 773 4009 2349 4081">
     <span class='ocr_line' id='line_1_44' title="bbox 773 4009 2349 4081; baseline 0 -17"><span class='ocrx_word' id='word_1_297' title='bbox 773 4026 966 4080; x_wconf 88' lang='lat' dir='ltr'><strong>genus,</strong></span> <span class='ocrx_word' id='word_1_298' title='bbox 987 4009 1427 4066; x_wconf 87' lang='lat' dir='ltr'><strong>Christianorum</strong></span> <span class='ocrx_word' id='word_1_299' title='bbox 1452 4026 1649 4080; x_wconf 93' lang='lat' dir='ltr'><strong>nempe</strong></span> <span class='ocrx_word' id='word_1_300' title='bbox 1670 4011 1723 4064; x_wconf 93' lang='lat' dir='ltr'><strong>in</strong></span> <span class='ocrx_word' id='word_1_301' title='bbox 1750 4011 1982 4065; x_wconf 88' lang='lat' dir='ltr'><strong>urbibus</strong></span> <span class='ocrx_word' id='word_1_302' title='bbox 2012 4012 2349 4081; x_wconf 86' lang='lat' dir='ltr'><strong>degentium,</strong></span> 
     </span>
    </p>
   </div>
   <div class='ocr_carea' id='block_1_45' title="bbox 773 4102 2349 4173">
    <p class='ocr_par' dir='ltr' id='par_1_45' title="bbox 773 4102 2349 4173">
     <span class='ocr_line' id='line_1_45' title="bbox 773 4102 2349 4173; baseline 0 -16"><span class='ocrx_word' id='word_1_303' title='bbox 773 4110 870 4157; x_wconf 90' lang='lat' dir='ltr'><strong>aut</strong></span> <span class='ocrx_word' id='word_1_304' title='bbox 904 4103 959 4156; x_wconf 91' lang='lat' dir='ltr'><strong>in</strong></span> <span class='ocrx_word' id='word_1_305' title='bbox 988 4102 1293 4166; x_wconf 91' lang='lat' dir='ltr'><strong>montibus,</strong></span> <span class='ocrx_word' id='word_1_306' title='bbox 1332 4110 1426 4157; x_wconf 90' lang='lat' dir='ltr'><strong>aut</strong></span> <span class='ocrx_word' id='word_1_307' title='bbox 1458 4104 1509 4156; x_wconf 92' lang='lat' dir='ltr'><strong>in</strong></span> <span class='ocrx_word' id='word_1_308' title='bbox 1540 4104 1909 4165; x_wconf 82' lang='lat' dir='ltr'><strong>monasteriis,</strong></span> <span class='ocrx_word' id='word_1_309' title='bbox 1943 4113 2036 4157; x_wconf 92' lang='lat' dir='ltr'><strong>aut</strong></span> <span class='ocrx_word' id='word_1_310' title='bbox 2085 4106 2142 4157; x_wconf 83' lang='lat' dir='ltr'><strong>in</strong></span> <span class='ocrx_word' id='word_1_311' title='bbox 2187 4104 2349 4173; x_wconf 87' lang='lat' dir='ltr'><strong>agris,</strong></span> 
     </span>
    </p>
   </div>
   <div class='ocr_carea' id='block_1_46' title="bbox 775 4193 2355 4262">
    <p class='ocr_par' dir='ltr' id='par_1_46' title="bbox 775 4193 2355 4262">
     <span class='ocr_line' id='line_1_46' title="bbox 775 4193 2355 4262; baseline -0.001 -15"><span class='ocrx_word' id='word_1_312' title='bbox 775 4202 869 4247; x_wconf 83' lang='lat' dir='ltr'><strong>aut</strong></span> <span class='ocrx_word' id='word_1_313' title='bbox 896 4193 950 4246; x_wconf 91' lang='lat' dir='ltr'><strong>in</strong></span> <span class='ocrx_word' id='word_1_314' title='bbox 977 4193 1212 4247; x_wconf 88' lang='lat' dir='ltr'><strong>desertis</strong></span> <span class='ocrx_word' id='word_1_315' title='bbox 1241 4193 1397 4256; x_wconf 90' lang='lat' dir='ltr'><strong>locis,</strong></span> <span class='ocrx_word' id='word_1_316' title='bbox 1443 4193 1571 4261; x_wconf 92' lang='lat' dir='ltr'><strong>quia</strong></span> <span class='ocrx_word' id='word_1_317' title='bbox 1596 4193 1878 4247; x_wconf 86' lang='lat' dir='ltr'><strong>voluntate</strong></span> <span class='ocrx_word' id='word_1_318' title='bbox 1938 4193 2160 4262; x_wconf 88' lang='lat' dir='ltr'><strong>propria</strong></span> <span class='ocrx_word' id='word_1_319' title='bbox 2190 4194 2355 4247; x_wconf 87' lang='lat' dir='ltr'><strong>scdu-</strong></span> 
     </span>
    </p>
   </div>
   <div class='ocr_carea' id='block_1_47' title="bbox 774 4284 2356 4354">
    <p class='ocr_par' dir='ltr' id='par_1_47' title="bbox 774 4284 2356 4354">
     <span class='ocr_line' id='line_1_47' title="bbox 774 4284 2356 4354; baseline -0.002 -14"><span class='ocrx_word' id='word_1_320' title='bbox 774 4294 899 4340; x_wconf 91' lang='lat' dir='ltr'><strong>ctus</strong></span> <span class='ocrx_word' id='word_1_321' title='bbox 930 4285 1096 4339; x_wconf 93' lang='lat' dir='ltr'><strong>homo</strong></span> <span class='ocrx_word' id='word_1_322' title='bbox 1120 4285 1300 4354; x_wconf 82' lang='lat' dir='ltr'><strong>diligit</strong></span> <span class='ocrx_word' id='word_1_323' title='bbox 1328 4285 1532 4353; x_wconf 89' lang='lat' dir='ltr'><strong>aliquid</strong></span> <span class='ocrx_word' id='word_1_324' title='bbox 1552 4294 1611 4339; x_wconf 91' lang='lat' dir='ltr'><strong>et</strong></span> <span class='ocrx_word' id='word_1_325' title='bbox 1642 4284 1839 4353; x_wconf 89' lang='lat' dir='ltr'><strong>quovis</strong></span> <span class='ocrx_word' id='word_1_326' title='bbox 1863 4284 2024 4338; x_wconf 93' lang='lat' dir='ltr'><strong>modo</strong></span> <span class='ocrx_word' id='word_1_327' title='bbox 2064 4285 2243 4338; x_wconf 80' lang='lat' dir='ltr'><strong>vincta</strong></span> <span class='ocrx_word' id='word_1_328' title='bbox 2272 4294 2356 4337; x_wconf 89' lang='lat' dir='ltr'><strong>est</strong></span> 
     </span>
    </p>
   </div>
   <div class='ocr_carea' id='block_1_48' title="bbox 775 4373 2351 4444">
    <p class='ocr_par' dir='ltr' id='par_1_48' title="bbox 775 4373 2351 4444">
     <span class='ocr_line' id='line_1_48' title="bbox 775 4373 2351 4444; baseline -0.002 -16"><span class='ocrx_word' id='word_1_329' title='bbox 775 4376 897 4444; x_wconf 89' lang='lat' dir='ltr'><strong>ejus</strong></span> <span class='ocrx_word' id='word_1_330' title='bbox 928 4374 1175 4439; x_wconf 89' lang='lat' dir='ltr'><strong>dilectio,</strong></span> <span class='ocrx_word' id='word_1_331' title='bbox 1212 4382 1267 4428; x_wconf 80' lang='lat' dir='ltr'><strong>et</strong></span> <span class='ocrx_word' id='word_1_332' title='bbox 1298 4390 1406 4428; x_wconf 83' lang='lat' dir='ltr'><strong>non</strong></span> <span class='ocrx_word' id='word_1_333' title='bbox 1436 4382 1520 4428; x_wconf 88' lang='lat' dir='ltr'><strong>est</strong></span> <span class='ocrx_word' id='word_1_334' title='bbox 1548 4383 1672 4428; x_wconf 85' lang='lat' dir='ltr'><strong>tota</strong></span> <span class='ocrx_word' id='word_1_335' title='bbox 1723 4373 1778 4426; x_wconf 90' lang='lat' dir='ltr'><strong>in</strong></span> <span class='ocrx_word' id='word_1_336' title='bbox 1809 4373 2016 4437; x_wconf 90' lang='lat' dir='ltr'><strong>Deum;</strong></span> <span class='ocrx_word' id='word_1_337' title='bbox 2051 4373 2142 4426; x_wconf 88' lang='lat' dir='ltr'><strong>hic</strong></span> <span class='ocrx_word' id='word_1_338' title='bbox 2182 4373 2351 4437; x_wconf 90' lang='lat' dir='ltr'><strong>enim,</strong></span> 
     </span>
    </p>
   </div>
   <div class='ocr_carea' id='block_1_49' title="bbox 2372 1778 2419 1836">
    <p class='ocr_par' dir='ltr' id='par_1_49' title="bbox 2372 1778 2419 1836">
     <span class='ocr_line' id='line_1_49' title="bbox 2372 1778 2419 1836; baseline 0 0"><span class='ocrx_word' id='word_1_339' title='bbox 2372 1778 2419 1836; x_wconf 88' lang='lat' dir='ltr'><strong>B</strong></span> 
     </span>
    </p>
   </div>
   <div class='ocr_carea' id='block_1_50' title="bbox 2444 507 4029 595">
    <p class='ocr_par' dir='ltr' id='par_1_50' title="bbox 2444 507 4029 595">
     <span class='ocr_line' id='line_1_50' title="bbox 2444 507 4029 595; baseline -0.014 -15"><span class='ocrx_word' id='word_1_340' title='bbox 2444 526 2637 580; x_wconf 74' lang='grc' dir='ltr'>ἑαυτὸν</span> <span class='ocrx_word' id='word_1_341' title='bbox 2680 522 3030 595; x_wconf 89' lang='grc' dir='ltr'>ἀρνούμενος.</span> <span class='ocrx_word' id='word_1_342' title='bbox 3088 518 3232 573; x_wconf 84' lang='grc' dir='ltr'>Ἀλλ’</span> <span class='ocrx_word' id='word_1_343' title='bbox 3284 517 3379 569; x_wconf 90' lang='grc' dir='ltr'><strong>ἐάν</strong></span> <span class='ocrx_word' id='word_1_344' title='bbox 3424 514 3604 580; x_wconf 77' lang='grc' dir='ltr'><strong>ὀλίγον</strong></span> <span class='ocrx_word' id='word_1_345' title='bbox 3649 507 4029 576; x_wconf 78' lang='grc' dir='ltr'>καταϐαρήσῃ</span> 
     </span>
    </p>
   </div>
   <div class='ocr_carea' id='block_1_51' title="bbox 2443 597 4030 690">
    <p class='ocr_par' dir='ltr' id='par_1_51' title="bbox 2443 597 4030 690">
     <span class='ocr_line' id='line_1_51' title="bbox 2443 597 4030 690; baseline -0.016 -17"><span class='ocrx_word' id='word_1_346' title='bbox 2443 621 2476 690; x_wconf 81' lang='grc' dir='ltr'><strong>ἡ</strong></span> <span class='ocrx_word' id='word_1_347' title='bbox 2506 619 2691 686; x_wconf 84' lang='grc' dir='ltr'>ἀγάπη</span> <span class='ocrx_word' id='word_1_348' title='bbox 2721 613 2813 668; x_wconf 86' lang='grc' dir='ltr'><strong>τοῦ</strong></span> <span class='ocrx_word' id='word_1_349' title='bbox 2850 614 3055 683; x_wconf 81' lang='grc' dir='ltr'><strong>κόσμου</strong></span> <span class='ocrx_word' id='word_1_350' title='bbox 3101 612 3196 664; x_wconf 88' lang='lat' dir='ltr'><strong>xui</strong></span> <span class='ocrx_word' id='word_1_351' title='bbox 3223 610 3256 679; x_wconf 84' lang='grc' dir='ltr'>ή</span> <span class='ocrx_word' id='word_1_352' title='bbox 3285 606 3425 678; x_wconf 78' lang='grc' dir='ltr'><strong>ῥοπὴ</strong></span> <span class='ocrx_word' id='word_1_353' title='bbox 3458 607 3515 657; x_wconf 88' lang='grc' dir='ltr'><strong>ἐν</strong></span> <span class='ocrx_word' id='word_1_354' title='bbox 3544 602 3621 672; x_wconf 82' lang='grc' dir='ltr'>τῷ</span> <span class='ocrx_word' id='word_1_355' title='bbox 3650 604 3751 671; x_wconf 85' lang='grc' dir='ltr'>τῆς</span> <span class='ocrx_word' id='word_1_356' title='bbox 3789 597 4030 690; x_wconf 68' lang='grc' dir='ltr'>καρδίας</span> 
     </span>
    </p>
   </div>
   <div class='ocr_carea' id='block_1_52' title="bbox 2444 686 4031 781">
    <p class='ocr_par' dir='ltr' id='par_1_52' title="bbox 2444 686 4031 781">
     <span class='ocr_line' id='line_1_52' title="bbox 2444 686 4031 781; baseline -0.018 -17"><span class='ocrx_word' id='word_1_357' title='bbox 2444 686 2647 781; x_wconf 78' lang='grc' dir='ltr'>ζυγίῳ,</span> <span class='ocrx_word' id='word_1_358' title='bbox 2678 707 2839 769; x_wconf 80' lang='grc' dir='ltr'>εὐθὺς</span> <span class='ocrx_word' id='word_1_359' title='bbox 2868 705 3192 776; x_wconf 82' lang='grc' dir='ltr'>προέρχεται</span> <span class='ocrx_word' id='word_1_360' title='bbox 3226 702 3253 753; x_wconf 84' lang='grc' dir='ltr'>ὁ</span> <span class='ocrx_word' id='word_1_361' title='bbox 3286 697 3518 767; x_wconf 75' lang='grc' dir='ltr'>πονηρός</span> <span class='ocrx_word' id='word_1_362' title='bbox 3538 695 3693 761; x_wconf 80' lang='grc' dir='ltr'>λόγος</span> <span class='ocrx_word' id='word_1_363' title='bbox 3728 691 3888 761; x_wconf 87' lang='grc' dir='ltr'>μέχρι</span> <span class='ocrx_word' id='word_1_364' title='bbox 3911 686 4031 739; x_wconf 84' lang='grc' dir='ltr'><strong>τῶν</strong></span> 
     </span>
    </p>
   </div>
   <div class='ocr_carea' id='block_1_53' title="bbox 2442 782 4027 875">
    <p class='ocr_par' dir='ltr' id='par_1_53' title="bbox 2442 782 4027 875">
     <span class='ocr_line' id='line_1_53' title="bbox 2442 782 4027 875; baseline -0.018 -17"><span class='ocrx_word' id='word_1_365' title='bbox 2442 805 2682 875; x_wconf 85' lang='grc' dir='ltr'><strong>χειλέων.</strong></span> <span class='ocrx_word' id='word_1_366' title='bbox 2710 799 2842 856; x_wconf 83' lang='grc' dir='ltr'>Εἶτα</span> <span class='ocrx_word' id='word_1_367' title='bbox 2875 800 3063 868; x_wconf 82' lang='grc' dir='ltr'>ὥσπερ</span> <span class='ocrx_word' id='word_1_368' title='bbox 3118 796 3245 867; x_wconf 79' lang='grc' dir='ltr'>βέλη</span> <span class='ocrx_word' id='word_1_369' title='bbox 3282 791 3533 846; x_wconf 77' lang='grc' dir='ltr'>ἐντείνων</span> <span class='ocrx_word' id='word_1_370' title='bbox 3564 790 3591 841; x_wconf 86' lang='grc' dir='ltr'><strong>ό</strong></span> <span class='ocrx_word' id='word_1_371' title='bbox 3636 784 3763 846; x_wconf 83' lang='grc' dir='ltr'>νοῦς</span> <span class='ocrx_word' id='word_1_372' title='bbox 3798 782 4027 875; x_wconf 75' lang='grc' dir='ltr'>ἔνδοθεν</span> 
     </span>
    </p>
   </div>
   <div class='ocr_carea' id='block_1_54' title="bbox 2443 872 4031 964">
    <p class='ocr_par' dir='ltr' id='par_1_54' title="bbox 2443 872 4031 964">
     <span class='ocr_line' id='line_1_54' title="bbox 2443 872 4031 964; baseline -0.018 -13"><span class='ocrx_word' id='word_1_373' title='bbox 2443 872 2651 964; x_wconf 72' lang='grc' dir='ltr'>τοξεύει</span> <span class='ocrx_word' id='word_1_374' title='bbox 2692 894 2785 948; x_wconf 85' lang='grc' dir='ltr'><strong>τὸν</strong></span> <span class='ocrx_word' id='word_1_375' title='bbox 2834 892 3061 961; x_wconf 83' lang='grc' dir='ltr'><strong>πλησίον</strong></span> <span class='ocrx_word' id='word_1_376' title='bbox 3092 888 3179 941; x_wconf 87' lang='grc' dir='ltr'><strong>διά</strong></span> <span class='ocrx_word' id='word_1_377' title='bbox 3209 886 3474 955; x_wconf 78' lang='grc' dir='ltr'><strong>γλώττης,</strong></span> <span class='ocrx_word' id='word_1_378' title='bbox 3507 880 3740 949; x_wconf 81' lang='grc' dir='ltr'><strong>πέμπων</strong></span> <span class='ocrx_word' id='word_1_379' title='bbox 3770 876 3900 945; x_wconf 78' lang='grc' dir='ltr'>βέλη</span> <span class='ocrx_word' id='word_1_380' title='bbox 3931 872 4031 964; x_wconf 81' lang='grc' dir='ltr'>λό-</span> 
     </span>
    </p>
   </div>
   <div class='ocr_carea' id='block_1_55' title="bbox 2443 963 4027 1056">
    <p class='ocr_par' dir='ltr' id='par_1_55' title="bbox 2443 963 4027 1056">
     <span class='ocr_line' id='line_1_55' title="bbox 2443 963 4027 1056; baseline -0.018 -12"><span class='ocrx_word' id='word_1_381' title='bbox 2443 963 2555 1055; x_wconf 83' lang='grc' dir='ltr'><strong>γων</strong></span> <span class='ocrx_word' id='word_1_382' title='bbox 2587 986 2853 1056; x_wconf 83' lang='grc' dir='ltr'>ἀπρεπῶν</span> <span class='ocrx_word' id='word_1_383' title='bbox 2887 987 2944 1037; x_wconf 85' lang='grc' dir='ltr'><strong>ἐν</strong></span> <span class='ocrx_word' id='word_1_384' title='bbox 2973 982 3241 1049; x_wconf 87' lang='grc' dir='ltr'>θελήματι</span> <span class='ocrx_word' id='word_1_385' title='bbox 3276 974 3529 1044; x_wconf 79' lang='grc' dir='ltr'>ἑκουσίῳ,</span> <span class='ocrx_word' id='word_1_386' title='bbox 3558 972 3658 1041; x_wconf 84' lang='grc' dir='ltr'><strong>τὴν</strong></span> <span class='ocrx_word' id='word_1_387' title='bbox 3695 966 3891 1022; x_wconf 77' lang='grc' dir='ltr'>ἐαυτοῦ</span> <span class='ocrx_word' id='word_1_388' title='bbox 3928 963 4027 1016; x_wconf 84' lang='grc' dir='ltr'>δό-</span> 
     </span>
    </p>
   </div>
   <div class='ocr_carea' id='block_1_56' title="bbox 2443 1058 4029 1152">
    <p class='ocr_par' dir='ltr' id='par_1_56' title="bbox 2443 1058 4029 1152">
     <span class='ocr_line' id='line_1_56' title="bbox 2443 1058 4029 1152; baseline -0.018 -15"><span class='ocrx_word' id='word_1_389' title='bbox 2443 1084 2541 1150; x_wconf 84' lang='grc' dir='ltr'>ξαν</span> <span class='ocrx_word' id='word_1_390' title='bbox 2571 1078 3047 1152; x_wconf 88' lang='grc' dir='ltr'>περιποιούμενος.</span> <span class='ocrx_word' id='word_1_391' title='bbox 3070 1069 3201 1125; x_wconf 81' lang='grc' dir='ltr'>Εἶτα</span> <span class='ocrx_word' id='word_1_392' title='bbox 3224 1068 3459 1134; x_wconf 84' lang='grc' dir='ltr'>τοξεύων</span> <span class='ocrx_word' id='word_1_393' title='bbox 3478 1066 3570 1120; x_wconf 72' lang='grc' dir='ltr'><strong>ἐπὶ</strong></span> <span class='ocrx_word' id='word_1_394' title='bbox 3594 1063 3729 1116; x_wconf 82' lang='grc' dir='ltr'>πολὺ</span> <span class='ocrx_word' id='word_1_395' title='bbox 3755 1060 3847 1113; x_wconf 81' lang='grc' dir='ltr'>τὸν</span> <span class='ocrx_word' id='word_1_396' title='bbox 3880 1058 4029 1126; x_wconf 86' lang='grc' dir='ltr'>πλη-</span> 
     </span>
    </p>
   </div>
   <div class='ocr_carea' id='block_1_57' title="bbox 2446 1152 4025 1239">
    <p class='ocr_par' dir='ltr' id='par_1_57' title="bbox 2446 1152 4025 1239">
     <span class='ocr_line' id='line_1_57' title="bbox 2446 1152 4025 1239; baseline -0.017 -11"><span class='ocrx_word' id='word_1_397' title='bbox 2446 1176 2559 1228; x_wconf 89' lang='grc' dir='ltr'>σίον</span> <span class='ocrx_word' id='word_1_398' title='bbox 2590 1174 2679 1226; x_wconf 73' lang='grc' dir='ltr'>διὰ</span> <span class='ocrx_word' id='word_1_399' title='bbox 2719 1171 2894 1239; x_wconf 85' lang='grc' dir='ltr'>λόγων</span> <span class='ocrx_word' id='word_1_400' title='bbox 2928 1165 3213 1236; x_wconf 82' lang='grc' dir='ltr'><strong>ἀπρεπῶν,</strong></span> <span class='ocrx_word' id='word_1_401' title='bbox 3246 1163 3352 1225; x_wconf 72' lang='grc' dir='ltr'>ἕως</span> <span class='ocrx_word' id='word_1_402' title='bbox 3381 1154 3442 1213; x_wconf 80' lang='grc' dir='ltr'>οὗ</span> <span class='ocrx_word' id='word_1_403' title='bbox 3480 1160 3575 1211; x_wconf 79' lang='grc' dir='ltr'>καὶ</span> <span class='ocrx_word' id='word_1_404' title='bbox 3600 1159 3657 1209; x_wconf 92' lang='grc' dir='ltr'><strong>ἐν</strong></span> <span class='ocrx_word' id='word_1_405' title='bbox 3686 1156 3799 1217; x_wconf 84' lang='grc' dir='ltr'>τοῖς</span> <span class='ocrx_word' id='word_1_406' title='bbox 3828 1152 4025 1223; x_wconf 78' lang='grc' dir='ltr'>μέλεσι</span> 
     </span>
    </p>
   </div>
   <div class='ocr_carea' id='block_1_58' title="bbox 2444 1243 4027 1343">
    <p class='ocr_par' dir='ltr' id='par_1_58' title="bbox 2444 1243 4027 1343">
     <span class='ocr_line' id='line_1_58' title="bbox 2444 1243 4027 1343; baseline -0.016 -23"><span class='ocrx_word' id='word_1_407' title='bbox 2444 1265 2670 1343; x_wconf 81' lang='grc' dir='ltr'>διαχυθῇ</span> <span class='ocrx_word' id='word_1_408' title='bbox 2698 1264 2758 1317; x_wconf 85' lang='grc' dir='ltr'><strong>τδ</strong></span> <span class='ocrx_word' id='word_1_409' title='bbox 2805 1262 3106 1332; x_wconf 86' lang='grc' dir='ltr'>ἁμάρτημα</span> <span class='ocrx_word' id='word_1_410' title='bbox 3153 1259 3233 1320; x_wconf 84' lang='grc' dir='ltr'><strong>είς</strong></span> <span class='ocrx_word' id='word_1_411' title='bbox 3267 1252 3661 1322; x_wconf 76' lang='grc' dir='ltr'>συμπληγάδας</span> <span class='ocrx_word' id='word_1_412' title='bbox 3709 1248 3878 1343; x_wconf 75' lang='grc' dir='ltr'>ἐνίοτε</span> <span class='ocrx_word' id='word_1_413' title='bbox 3925 1243 4027 1296; x_wconf 85' lang='lat' dir='ltr'><strong>xui</strong></span> 
     </span>
    </p>
   </div>
   <div class='ocr_carea' id='block_1_59' title="bbox 2444 1338 4027 1431">
    <p class='ocr_par' dir='ltr' id='par_1_59' title="bbox 2444 1338 4027 1431">
     <span class='ocr_line' id='line_1_59' title="bbox 2444 1338 4027 1431; baseline -0.018 -17"><span class='ocrx_word' id='word_1_414' title='bbox 2444 1338 2757 1431; x_wconf 76' lang='grc' dir='ltr'>τραύματα,</span> <span class='ocrx_word' id='word_1_415' title='bbox 2811 1356 2897 1409; x_wconf 64' lang='grc' dir='ltr'><strong>διὰ</strong></span> <span class='ocrx_word' id='word_1_416' title='bbox 2958 1353 3051 1407; x_wconf 91' lang='grc' dir='ltr'><strong>τοῦ</strong></span> <span class='ocrx_word' id='word_1_417' title='bbox 3106 1351 3357 1419; x_wconf 86' lang='grc' dir='ltr'>σώματος</span> <span class='ocrx_word' id='word_1_418' title='bbox 3386 1345 3589 1414; x_wconf 76' lang='grc' dir='ltr'>ἄλληλα</span> <span class='ocrx_word' id='word_1_419' title='bbox 3641 1344 3709 1395; x_wconf 85' lang='grc' dir='ltr'>τὰ</span> <span class='ocrx_word' id='word_1_420' title='bbox 3746 1338 3885 1410; x_wconf 75' lang='grc' dir='ltr'>μέλη</span> <span class='ocrx_word' id='word_1_421' title='bbox 3924 1354 4027 1431; x_wconf 85' lang='grc' dir='ltr'><strong>πο-</strong></span> 
     </span>
    </p>
   </div>
   <div class='ocr_carea' id='block_1_60' title="bbox 2443 1430 4028 1523">
    <p class='ocr_par' dir='ltr' id='par_1_60' title="bbox 2443 1430 4028 1523">
     <span class='ocr_line' id='line_1_60' title="bbox 2443 1430 4028 1523; baseline -0.016 -16"><span class='ocrx_word' id='word_1_422' title='bbox 2443 1430 2709 1523; x_wconf 77' lang='grc' dir='ltr'>λεμοῦντα</span> <span class='ocrx_word' id='word_1_423' title='bbox 2739 1447 3132 1519; x_wconf 77' lang='grc' dir='ltr'><strong>ἀπεργάζεται,</strong></span> <span class='ocrx_word' id='word_1_424' title='bbox 3162 1444 3328 1497; x_wconf 90' lang='grc' dir='ltr'>ἐνίοτε</span> <span class='ocrx_word' id='word_1_425' title='bbox 3374 1440 3468 1494; x_wconf 87' lang='lat' dir='ltr'><strong>xui</strong></span> <span class='ocrx_word' id='word_1_426' title='bbox 3498 1438 3603 1499; x_wconf 77' lang='grc' dir='ltr'>ἓως</span> <span class='ocrx_word' id='word_1_427' title='bbox 3642 1436 3825 1505; x_wconf 84' lang='grc' dir='ltr'>φόνου,</span> <span class='ocrx_word' id='word_1_428' title='bbox 3855 1430 4028 1484; x_wconf 80' lang='grc' dir='ltr'>θανά-</span> 
     </span>
    </p>
   </div>
   <div class='ocr_carea' id='block_1_61' title="bbox 2443 1526 4025 1613">
    <p class='ocr_par' dir='ltr' id='par_1_61' title="bbox 2443 1526 4025 1613">
     <span class='ocr_line' id='line_1_61' title="bbox 2443 1526 4025 1613; baseline -0.013 -16"><span class='ocrx_word' id='word_1_429' title='bbox 2443 1559 2537 1597; x_wconf 86' lang='grc' dir='ltr'>του</span> <span class='ocrx_word' id='word_1_430' title='bbox 2568 1532 2928 1613; x_wconf 79' lang='grc' dir='ltr'>ἀπαρτίζεται</span> <span class='ocrx_word' id='word_1_431' title='bbox 2960 1539 3021 1591; x_wconf 86' lang='grc' dir='ltr'>τὸ</span> <span class='ocrx_word' id='word_1_432' title='bbox 3069 1536 3163 1589; x_wconf 88' lang='grc' dir='ltr'><strong>τοῦ</strong></span> <span class='ocrx_word' id='word_1_433' title='bbox 3213 1532 3447 1604; x_wconf 87' lang='grc' dir='ltr'>πονηροῦ</span> <span class='ocrx_word' id='word_1_434' title='bbox 3498 1528 3841 1599; x_wconf 79' lang='grc' dir='ltr'>ἐπιθύμημα.</span> <span class='ocrx_word' id='word_1_435' title='bbox 3888 1526 4025 1587; x_wconf 83' lang='grc' dir='ltr'>Ἴδε,</span> 
     </span>
    </p>
   </div>
   <div class='ocr_carea' id='block_1_62' title="bbox 2448 1616 4027 1703">
    <p class='ocr_par' dir='ltr' id='par_1_62' title="bbox 2448 1616 4027 1703">
     <span class='ocr_line' id='line_1_62' title="bbox 2448 1616 4027 1703; baseline -0.013 -15"><span class='ocrx_word' id='word_1_436' title='bbox 2448 1634 2615 1687; x_wconf 89' lang='grc' dir='ltr'>πόθεν</span> <span class='ocrx_word' id='word_1_437' title='bbox 2645 1634 2870 1703; x_wconf 75' lang='grc' dir='ltr'>ἦρξατο,</span> <span class='ocrx_word' id='word_1_438' title='bbox 2900 1629 2996 1683; x_wconf 81' lang='grc' dir='ltr'>καὶ</span> <span class='ocrx_word' id='word_1_439' title='bbox 3025 1631 3175 1681; x_wconf 84' lang='grc' dir='ltr'>ποῖον</span> <span class='ocrx_word' id='word_1_440' title='bbox 3203 1626 3329 1695; x_wconf 76' lang='grc' dir='ltr'>ἔσχε</span> <span class='ocrx_word' id='word_1_441' title='bbox 3357 1623 3419 1676; x_wconf 75' lang='grc' dir='ltr'>τὸ</span> <span class='ocrx_word' id='word_1_442' title='bbox 3447 1622 3599 1683; x_wconf 83' lang='grc' dir='ltr'>τέλος</span> <span class='ocrx_word' id='word_1_443' title='bbox 3631 1620 3817 1690; x_wconf 88' lang='grc' dir='ltr'>ἀγάπη</span> <span class='ocrx_word' id='word_1_444' title='bbox 3860 1616 4027 1685; x_wconf 80' lang='grc' dir='ltr'><strong>δόξης</strong></span> 
     </span>
    </p>
   </div>
   <div class='ocr_carea' id='block_1_63' title="bbox 2447 1705 4027 1790">
    <p class='ocr_par' dir='ltr' id='par_1_63' title="bbox 2447 1705 4027 1790">
     <span class='ocr_line' id='line_1_63' title="bbox 2447 1705 4027 1790; baseline -0.013 -15"><span class='ocrx_word' id='word_1_445' title='bbox 2447 1721 2717 1790; x_wconf 82' lang='grc' dir='ltr'><strong>κοσμικῆς</strong></span> <span class='ocrx_word' id='word_1_446' title='bbox 2760 1720 3056 1788; x_wconf 80' lang='grc' dir='ltr'>βαρυθεῖσα</span> <span class='ocrx_word' id='word_1_447' title='bbox 3106 1714 3181 1787; x_wconf 80' lang='grc' dir='ltr'><strong>(Ι)</strong></span> <span class='ocrx_word' id='word_1_448' title='bbox 3215 1716 3281 1784; x_wconf 83' lang='grc' dir='ltr'><strong>τῇ</strong></span> <span class='ocrx_word' id='word_1_449' title='bbox 3319 1715 3457 1783; x_wconf 78' lang='grc' dir='ltr'>ῥοπῇ</span> <span class='ocrx_word' id='word_1_450' title='bbox 3507 1709 3601 1762; x_wconf 90' lang='grc' dir='ltr'><strong>τοῦ</strong></span> <span class='ocrx_word' id='word_1_451' title='bbox 3638 1707 3739 1775; x_wconf 84' lang='grc' dir='ltr'>τῆς</span> <span class='ocrx_word' id='word_1_452' title='bbox 3790 1705 4027 1775; x_wconf 75' lang='grc' dir='ltr'>καρδίας</span> 
     </span>
    </p>
   </div>
   <div class='ocr_carea' id='block_1_64' title="bbox 2448 1795 4026 1879">
    <p class='ocr_par' dir='ltr' id='par_1_64' title="bbox 2448 1795 4026 1879">
     <span class='ocr_line' id='line_1_64' title="bbox 2448 1795 4026 1879; baseline -0.013 -14"><span class='ocrx_word' id='word_1_453' title='bbox 2448 1814 2613 1879; x_wconf 80' lang='grc' dir='ltr'>ζυγοῦ</span> <span class='ocrx_word' id='word_1_454' title='bbox 2641 1811 2698 1874; x_wconf 81' lang='grc' dir='ltr'>ἐξ</span> <span class='ocrx_word' id='word_1_455' title='bbox 2725 1810 2854 1863; x_wconf 88' lang='grc' dir='ltr'>ίδίου</span> <span class='ocrx_word' id='word_1_456' title='bbox 2884 1809 3207 1876; x_wconf 78' lang='grc' dir='ltr'>θελήματος.</span> <span class='ocrx_word' id='word_1_457' title='bbox 3233 1804 3330 1857; x_wconf 80' lang='grc' dir='ltr'>Διά</span> <span class='ocrx_word' id='word_1_458' title='bbox 3356 1803 3463 1872; x_wconf 91' lang='grc' dir='ltr'><strong>γάρ</strong></span> <span class='ocrx_word' id='word_1_459' title='bbox 3488 1801 3547 1852; x_wconf 86' lang='grc' dir='ltr'><strong>τδ</strong></span> <span class='ocrx_word' id='word_1_460' title='bbox 3582 1800 3655 1869; x_wconf 82' lang='grc' dir='ltr'>μὴ</span> <span class='ocrx_word' id='word_1_461' title='bbox 3679 1795 4026 1867; x_wconf 72' lang='grc' dir='ltr'>ἀρνήσασθαι</span> 
     </span>
    </p>
   </div>
   <div class='ocr_carea' id='block_1_65' title="bbox 2448 1887 4027 1970">
    <p class='ocr_par' dir='ltr' id='par_1_65' title="bbox 2448 1887 4027 1970">
     <span class='ocr_line' id='line_1_65' title="bbox 2448 1887 4027 1970; baseline -0.012 -13"><span class='ocrx_word' id='word_1_462' title='bbox 2448 1903 2662 1965; x_wconf 78' lang='grc' dir='ltr'>ἑαυτὸν,</span> <span class='ocrx_word' id='word_1_463' title='bbox 2707 1903 2801 1955; x_wconf 89' lang='lat' dir='ltr'><strong>xui</strong></span> <span class='ocrx_word' id='word_1_464' title='bbox 2847 1901 3065 1970; x_wconf 86' lang='grc' dir='ltr'>ἀγαπᾷν</span> <span class='ocrx_word' id='word_1_465' title='bbox 3098 1916 3151 1951; x_wconf 88' lang='grc' dir='ltr'><strong>τι</strong></span> <span class='ocrx_word' id='word_1_466' title='bbox 3184 1897 3278 1949; x_wconf 91' lang='grc' dir='ltr'><strong>τοῦ</strong></span> <span class='ocrx_word' id='word_1_467' title='bbox 3324 1895 3551 1963; x_wconf 79' lang='grc' dir='ltr'>κόσμου,</span> <span class='ocrx_word' id='word_1_468' title='bbox 3590 1893 3776 1944; x_wconf 85' lang='grc' dir='ltr'>ἐκεῖνα</span> <span class='ocrx_word' id='word_1_469' title='bbox 3808 1889 3904 1941; x_wconf 87' lang='grc' dir='ltr'>ὅλα</span> <span class='ocrx_word' id='word_1_470' title='bbox 3950 1887 4027 1939; x_wconf 86' lang='grc' dir='ltr'><strong>τά</strong></span> 
     </span>
    </p>
   </div>
   <div class='ocr_carea' id='block_1_66' title="bbox 2447 1980 4027 2061">
    <p class='ocr_par' dir='ltr' id='par_1_66' title="bbox 2447 1980 4027 2061">
     <span class='ocr_line' id='line_1_66' title="bbox 2447 1980 4027 2061; baseline -0.011 -13"><span class='ocrx_word' id='word_1_471' title='bbox 2447 1994 2774 2061; x_wconf 86' lang='grc' dir='ltr'>ἀτοπήματα</span> <span class='ocrx_word' id='word_1_472' title='bbox 2794 1994 3057 2060; x_wconf 85' lang='grc' dir='ltr'>γίγνεται.</span> <span class='ocrx_word' id='word_1_473' title='bbox 3091 1988 3277 2050; x_wconf 77' lang='grc' dir='ltr'>Οὕτως</span> <span class='ocrx_word' id='word_1_474' title='bbox 3306 1987 3415 2040; x_wconf 88' lang='grc' dir='ltr'>νόει</span> <span class='ocrx_word' id='word_1_475' title='bbox 3449 2002 3538 2053; x_wconf 89' lang='grc' dir='ltr'><strong>μοι</strong></span> <span class='ocrx_word' id='word_1_476' title='bbox 3574 1983 3665 2036; x_wconf 87' lang='lat' dir='ltr'><strong>xui</strong></span> <span class='ocrx_word' id='word_1_477' title='bbox 3683 1983 3760 2043; x_wconf 85' lang='grc' dir='ltr'><strong>είς</strong></span> <span class='ocrx_word' id='word_1_478' title='bbox 3786 1980 4027 2033; x_wconf 72' lang='grc' dir='ltr'>ἕκαστον</span> 
     </span>
    </p>
   </div>
   <div class='ocr_carea' id='block_1_67' title="bbox 2447 2072 4027 2156">
    <p class='ocr_par' dir='ltr' id='par_1_67' title="bbox 2447 2072 4027 2156">
     <span class='ocr_line' id='line_1_67' title="bbox 2447 2072 4027 2156; baseline -0.012 -16"><span class='ocrx_word' id='word_1_479' title='bbox 2447 2086 2748 2156; x_wconf 83' lang='grc' dir='ltr'>ἁμάρτημα</span> <span class='ocrx_word' id='word_1_480' title='bbox 2777 2084 2872 2138; x_wconf 87' lang='lat' dir='ltr'><strong>xui</strong></span> <span class='ocrx_word' id='word_1_481' title='bbox 2917 2082 3255 2152; x_wconf 80' lang='grc' dir='ltr'>ἐπιτήδευμα</span> <span class='ocrx_word' id='word_1_482' title='bbox 3290 2078 3490 2147; x_wconf 87' lang='grc' dir='ltr'>φαῦλον</span> <span class='ocrx_word' id='word_1_483' title='bbox 3541 2078 3641 2144; x_wconf 86' lang='grc' dir='ltr'>τῆς</span> <span class='ocrx_word' id='word_1_484' title='bbox 3690 2072 3890 2133; x_wconf 83' lang='grc' dir='ltr'>κακίας</span> <span class='ocrx_word' id='word_1_485' title='bbox 3922 2088 4027 2123; x_wconf 86' lang='grc' dir='ltr'>κο-</span> 
     </span>
    </p>
   </div>
   <div class='ocr_carea' id='block_1_68' title="bbox 2447 2162 4029 2245">
    <p class='ocr_par' dir='ltr' id='par_1_68' title="bbox 2447 2162 4029 2245">
     <span class='ocr_line' id='line_1_68' title="bbox 2447 2162 4029 2245; baseline -0.011 -14"><span class='ocrx_word' id='word_1_486' title='bbox 2447 2177 2808 2245; x_wconf 87' lang='grc' dir='ltr'>λακευούσης,</span> <span class='ocrx_word' id='word_1_487' title='bbox 2836 2176 2931 2229; x_wconf 90' lang='lat' dir='ltr'><strong>xui</strong></span> <span class='ocrx_word' id='word_1_488' title='bbox 2953 2172 3401 2244; x_wconf 86' lang='grc' dir='ltr'>προτρεπομένης</span> <span class='ocrx_word' id='word_1_489' title='bbox 3445 2170 3504 2221; x_wconf 88' lang='grc' dir='ltr'>τὸ</span> <span class='ocrx_word' id='word_1_490' title='bbox 3535 2168 3743 2237; x_wconf 85' lang='grc' dir='ltr'>θέλημα</span> <span class='ocrx_word' id='word_1_491' title='bbox 3780 2163 3873 2217; x_wconf 91' lang='grc' dir='ltr'><strong>τοῦ</strong></span> <span class='ocrx_word' id='word_1_492' title='bbox 3904 2162 4029 2225; x_wconf 80' lang='grc' dir='ltr'>νοὸς</span> 
     </span>
    </p>
   </div>
   <div class='ocr_carea' id='block_1_69' title="bbox 2448 2256 4029 2337">
    <p class='ocr_par' dir='ltr' id='par_1_69' title="bbox 2448 2256 4029 2337">
     <span class='ocr_line' id='line_1_69' title="bbox 2448 2256 4029 2337; baseline -0.01 -14"><span class='ocrx_word' id='word_1_493' title='bbox 2448 2270 2544 2324; x_wconf 86' lang='lat' dir='ltr'><strong>xui</strong></span> <span class='ocrx_word' id='word_1_494' title='bbox 2567 2256 2882 2337; x_wconf 77' lang='grc' dir='ltr'>ἐπιθυμίαις</span> <span class='ocrx_word' id='word_1_495' title='bbox 2916 2267 3208 2335; x_wconf 83' lang='grc' dir='ltr'>κοσμικαῖς</span> <span class='ocrx_word' id='word_1_496' title='bbox 3236 2265 3328 2317; x_wconf 84' lang='lat' dir='ltr'><strong>xui</strong></span> <span class='ocrx_word' id='word_1_497' title='bbox 3355 2263 3538 2332; x_wconf 82' lang='grc' dir='ltr'>ἀπάτῃ</span> <span class='ocrx_word' id='word_1_498' title='bbox 3574 2261 3668 2313; x_wconf 87' lang='lat' dir='ltr'><strong>xui</strong></span> <span class='ocrx_word' id='word_1_499' title='bbox 3699 2258 3857 2327; x_wconf 81' lang='grc' dir='ltr'>ἡδονῇ</span> <span class='ocrx_word' id='word_1_500' title='bbox 3890 2272 4029 2323; x_wconf 88' lang='grc' dir='ltr'>σαρ-</span> 
     </span>
    </p>
   </div>
   <div class='ocr_carea' id='block_1_70' title="bbox 2449 2348 4027 2427">
    <p class='ocr_par' dir='ltr' id='par_1_70' title="bbox 2449 2348 4027 2427">
     <span class='ocr_line' id='line_1_70' title="bbox 2449 2348 4027 2427; baseline -0.01 -12"><span class='ocrx_word' id='word_1_501' title='bbox 2449 2363 2562 2425; x_wconf 88' lang='grc' dir='ltr'>κός.</span> <span class='ocrx_word' id='word_1_502' title='bbox 2619 2360 2776 2414; x_wconf 76' lang='grc' dir='ltr'>Οὕτω</span> <span class='ocrx_word' id='word_1_503' title='bbox 2836 2363 2943 2413; x_wconf 86' lang='grc' dir='ltr'><strong>πᾶν</strong></span> <span class='ocrx_word' id='word_1_504' title='bbox 2994 2359 3223 2427; x_wconf 84' lang='grc' dir='ltr'>πρᾶγμα</span> <span class='ocrx_word' id='word_1_505' title='bbox 3272 2354 3472 2415; x_wconf 87' lang='grc' dir='ltr'>κακίας</span> <span class='ocrx_word' id='word_1_506' title='bbox 3522 2350 3885 2421; x_wconf 80' lang='grc' dir='ltr'>ἀπαρτίζεται</span> <span class='ocrx_word' id='word_1_507' title='bbox 3921 2348 4027 2419; x_wconf 75' lang='lat'><strong>(‘2),</strong></span> 
     </span>
    </p>
   </div>
   <div class='ocr_carea' id='block_1_71' title="bbox 2449 2442 4027 2524">
    <p class='ocr_par' dir='ltr' id='par_1_71' title="bbox 2449 2442 4027 2524">
     <span class='ocr_line' id='line_1_71' title="bbox 2449 2442 4027 2524; baseline -0.011 -14"><span class='ocrx_word' id='word_1_508' title='bbox 2449 2456 2591 2509; x_wconf 74' lang='grc' dir='ltr'>οὕτω</span> <span class='ocrx_word' id='word_1_509' title='bbox 2622 2454 2838 2524; x_wconf 83' lang='grc' dir='ltr'>μοιχεία</span> <span class='ocrx_word' id='word_1_510' title='bbox 2870 2454 2963 2507; x_wconf 85' lang='lat' dir='ltr'><strong>xui</strong></span> <span class='ocrx_word' id='word_1_511' title='bbox 2998 2452 3195 2521; x_wconf 82' lang='grc' dir='ltr'>κλοπὴ,</span> <span class='ocrx_word' id='word_1_512' title='bbox 3234 2449 3374 2502; x_wconf 76' lang='grc' dir='ltr'>οὕτω</span> <span class='ocrx_word' id='word_1_513' title='bbox 3413 2446 3694 2511; x_wconf 83' lang='grc' dir='ltr'>πλεονεξία</span> <span class='ocrx_word' id='word_1_514' title='bbox 3740 2445 3834 2496; x_wconf 80' lang='grc' dir='ltr'>καὶ</span> <span class='ocrx_word' id='word_1_515' title='bbox 3882 2442 4027 2512; x_wconf 85' lang='grc' dir='ltr'>μέθη</span> 
     </span>
    </p>
   </div>
   <div class='ocr_carea' id='block_1_72' title="bbox 2450 2536 4029 2617">
    <p class='ocr_par' dir='ltr' id='par_1_72' title="bbox 2450 2536 4029 2617">
     <span class='ocr_line' id='line_1_72' title="bbox 2450 2536 4029 2617; baseline -0.011 -15"><span class='ocrx_word' id='word_1_516' title='bbox 2450 2548 2591 2602; x_wconf 82' lang='grc' dir='ltr'>οῦτω</span> <span class='ocrx_word' id='word_1_517' title='bbox 2630 2546 2962 2617; x_wconf 86' lang='grc' dir='ltr'>φιλαργυρία</span> <span class='ocrx_word' id='word_1_518' title='bbox 3025 2546 3118 2597; x_wconf 80' lang='lat' dir='ltr'><strong>xui</strong></span> <span class='ocrx_word' id='word_1_519' title='bbox 3171 2541 3482 2605; x_wconf 79' lang='grc' dir='ltr'>κενοδοξία,</span> <span class='ocrx_word' id='word_1_520' title='bbox 3534 2539 3674 2593; x_wconf 78' lang='grc' dir='ltr'>οὕτω</span> <span class='ocrx_word' id='word_1_521' title='bbox 3717 2536 3877 2607; x_wconf 80' lang='grc' dir='ltr'>ζῆλος</span> <span class='ocrx_word' id='word_1_522' title='bbox 3930 2536 4029 2586; x_wconf 75' lang='grc' dir='ltr'>καὶ</span> 
     </span>
    </p>
   </div>
   <div class='ocr_carea' id='block_1_73' title="bbox 2451 2626 4029 2711">
    <p class='ocr_par' dir='ltr' id='par_1_73' title="bbox 2451 2626 4029 2711">
     <span class='ocr_line' id='line_1_73' title="bbox 2451 2626 4029 2711; baseline -0.011 -17"><span class='ocrx_word' id='word_1_523' title='bbox 2451 2639 2711 2711; x_wconf 81' lang='grc' dir='ltr'>φιλαρχία</span> <span class='ocrx_word' id='word_1_524' title='bbox 2762 2637 2857 2690; x_wconf 86' lang='lat' dir='ltr'><strong>xui</strong></span> <span class='ocrx_word' id='word_1_525' title='bbox 2906 2637 3014 2689; x_wconf 79' lang='grc' dir='ltr'>πᾶν</span> <span class='ocrx_word' id='word_1_526' title='bbox 3070 2634 3247 2687; x_wconf 83' lang='grc' dir='ltr'>ὁτιοῦν</span> <span class='ocrx_word' id='word_1_527' title='bbox 3287 2634 3403 2685; x_wconf 84' lang='grc' dir='ltr'>ἐστι</span> <span class='ocrx_word' id='word_1_528' title='bbox 3450 2632 3547 2700; x_wconf 75' lang='grc' dir='ltr'>τῆς</span> <span class='ocrx_word' id='word_1_529' title='bbox 3596 2629 3794 2690; x_wconf 81' lang='grc' dir='ltr'>κακίας</span> <span class='ocrx_word' id='word_1_530' title='bbox 3827 2626 4029 2695; x_wconf 79' lang='grc' dir='ltr'>ἐπιτή-</span> 
     </span>
    </p>
   </div>
   <div class='ocr_carea' id='block_1_74' title="bbox 2449 2719 4025 2798">
    <p class='ocr_par' dir='ltr' id='par_1_74' title="bbox 2449 2719 4025 2798">
     <span class='ocr_line' id='line_1_74' title="bbox 2449 2719 4025 2798; baseline -0.009 -15"><span class='ocrx_word' id='word_1_531' title='bbox 2449 2732 2645 2798; x_wconf 85' lang='grc' dir='ltr'>δευμα.</span> <span class='ocrx_word' id='word_1_532' title='bbox 2713 2727 2911 2781; x_wconf 87' lang='grc' dir='ltr'>Ἑνίοτε</span> <span class='ocrx_word' id='word_1_533' title='bbox 2975 2726 3115 2778; x_wconf 89' lang='grc' dir='ltr'><strong>καλά</strong></span> <span class='ocrx_word' id='word_1_534' title='bbox 3164 2723 3424 2776; x_wconf 80' lang='grc' dir='ltr'>δοκοῦντα</span> <span class='ocrx_word' id='word_1_535' title='bbox 3475 2720 3880 2787; x_wconf 79' lang='grc' dir='ltr'>ἐπιτηδεύματα</span> <span class='ocrx_word' id='word_1_536' title='bbox 3931 2719 4025 2770; x_wconf 73' lang='grc' dir='ltr'>διὰ</span> 
     </span>
    </p>
   </div>
   <div class='ocr_carea' id='block_1_75' title="bbox 2450 2808 4032 2884">
    <p class='ocr_par' dir='ltr' id='par_1_75' title="bbox 2450 2808 4032 2884">
     <span class='ocr_line' id='line_1_75' title="bbox 2450 2808 4032 2884; baseline -0.008 -13"><span class='ocrx_word' id='word_1_537' title='bbox 2450 2819 2607 2883; x_wconf 78' lang='grc' dir='ltr'>δόξαν</span> <span class='ocrx_word' id='word_1_538' title='bbox 2647 2817 2738 2870; x_wconf 88' lang='lat' dir='ltr'><strong>xui</strong></span> <span class='ocrx_word' id='word_1_539' title='bbox 2763 2816 2982 2869; x_wconf 80' lang='grc' dir='ltr'>ἔπαινον</span> <span class='ocrx_word' id='word_1_540' title='bbox 3006 2812 3319 2884; x_wconf 80' lang='grc' dir='ltr'>ἀνθρώπων</span> <span class='ocrx_word' id='word_1_541' title='bbox 3349 2810 3697 2871; x_wconf 83' lang='grc' dir='ltr'>ἐπιτελεῖται,</span> <span class='ocrx_word' id='word_1_542' title='bbox 3733 2809 3879 2877; x_wconf 84' lang='grc' dir='ltr'>ἆπερ</span> <span class='ocrx_word' id='word_1_543' title='bbox 3911 2808 4032 2860; x_wconf 61' lang='grc' dir='ltr'><strong>ἐστὶ⁵</strong></span> 
     </span>
    </p>
   </div>
   <div class='ocr_carea' id='block_1_76' title="bbox 2454 2898 4032 2979">
    <p class='ocr_par' dir='ltr' id='par_1_76' title="bbox 2454 2898 4032 2979">
     <span class='ocr_line' id='line_1_76' title="bbox 2454 2898 4032 2979; baseline -0.007 -17"><span class='ocrx_word' id='word_1_544' title='bbox 2454 2910 2604 2979; x_wconf 88' lang='grc' dir='ltr'><strong>παρά</strong></span> <span class='ocrx_word' id='word_1_545' title='bbox 2623 2908 2741 2977; x_wconf 86' lang='grc' dir='ltr'><strong>Θεῷ</strong></span> <span class='ocrx_word' id='word_1_546' title='bbox 2784 2909 2871 2960; x_wconf 74' lang='grc' dir='ltr'>ἴσα</span> <span class='ocrx_word' id='word_1_547' title='bbox 2905 2906 3119 2967; x_wconf 81' lang='grc' dir='ltr'>ἀδικίας</span> <span class='ocrx_word' id='word_1_548' title='bbox 3169 2906 3261 2957; x_wconf 72' lang='grc' dir='ltr'>καὶ</span> <span class='ocrx_word' id='word_1_549' title='bbox 3303 2903 3510 2968; x_wconf 73' lang='grc' dir='ltr'>κλοπῆς</span> <span class='ocrx_word' id='word_1_550' title='bbox 3552 2902 3647 2955; x_wconf 83' lang='lat' dir='ltr'><strong>xui.</strong></span> <span class='ocrx_word' id='word_1_551' title='bbox 3696 2901 3806 2954; x_wconf 88' lang='grc' dir='ltr'><strong>τῶν</strong></span> <span class='ocrx_word' id='word_1_552' title='bbox 3849 2898 4032 2952; x_wconf 77' lang='grc' dir='ltr'>ἄλλων</span> 
     </span>
    </p>
   </div>
   <div class='ocr_carea' id='block_1_77' title="bbox 2451 2988 4033 3070">
    <p class='ocr_par' dir='ltr' id='par_1_77' title="bbox 2451 2988 4033 3070">
     <span class='ocr_line' id='line_1_77' title="bbox 2451 2988 4033 3070; baseline -0.006 -16"><span class='ocrx_word' id='word_1_553' title='bbox 2451 3000 2886 3070; x_wconf 83' lang='grc' dir='ltr'>ἁμαρτημάτων.</span> <span class='ocrx_word' id='word_1_554' title='bbox 2905 2999 2961 3050; x_wconf 90' lang='grc' dir='ltr'><strong>Ὀ</strong></span> <span class='ocrx_word' id='word_1_555' title='bbox 2976 2998 3106 3059; x_wconf 82' lang='grc' dir='ltr'>Θεὸς</span> <span class='ocrx_word' id='word_1_556' title='bbox 3129 2997 3237 3065; x_wconf 81' lang='grc' dir='ltr'><strong>γάρ</strong></span> <span class='ocrx_word' id='word_1_557' title='bbox 3255 3012 3439 3066; x_wconf 87' lang='grc' dir='ltr'>φησιν·</span> <span class='ocrx_word' id='word_1_558' title='bbox 3459 2994 3857 3061; x_wconf 79' lang='grc' dir='ltr'>Ἐσκόρπισεν</span> <span class='ocrx_word' id='word_1_559' title='bbox 3875 2988 4033 3046; x_wconf 82' lang='grc' dir='ltr'>ὀστᾶ</span> 
     </span>
    </p>
   </div>
   <div class='ocr_carea' id='block_1_78' title="bbox 2452 3082 4034 3160">
    <p class='ocr_par' dir='ltr' id='par_1_78' title="bbox 2452 3082 4034 3160">
     <span class='ocr_line' id='line_1_78' title="bbox 2452 3082 4034 3160; baseline -0.007 -14"><span class='ocrx_word' id='word_1_560' title='bbox 2452 3090 2994 3160; x_wconf 80' lang='grc' dir='ltr'>ἀνθρωπαρέσκων·</span> <span class='ocrx_word' id='word_1_561' title='bbox 3019 3089 3160 3143; x_wconf 70' lang='grc' dir='ltr'>ῶπτε</span> <span class='ocrx_word' id='word_1_562' title='bbox 3198 3089 3285 3142; x_wconf 92' lang='grc' dir='ltr'><strong>διά</strong></span> <span class='ocrx_word' id='word_1_563' title='bbox 3308 3087 3415 3139; x_wconf 90' lang='grc' dir='ltr'><strong>τῶν</strong></span> <span class='ocrx_word' id='word_1_564' title='bbox 3454 3084 3751 3139; x_wconf 84' lang='grc' dir='ltr'>δοκούντων</span> <span class='ocrx_word' id='word_1_565' title='bbox 3790 3082 3971 3135; x_wconf 79' lang='grc' dir='ltr'>καλῶν</span> <span class='ocrx_word' id='word_1_566' title='bbox 4001 3084 4034 3135; x_wconf 85' lang='grc' dir='ltr'><strong>ό</strong></span> 
     </span>
    </p>
   </div>
   <div class='ocr_carea' id='block_1_79' title="bbox 2451 3176 4031 3255">
    <p class='ocr_par' dir='ltr' id='par_1_79' title="bbox 2451 3176 4031 3255">
     <span class='ocr_line' id='line_1_79' title="bbox 2451 3176 4031 3255; baseline -0.006 -18"><span class='ocrx_word' id='word_1_567' title='bbox 2451 3184 2684 3255; x_wconf 80' lang='grc' dir='ltr'>πονηρὸς</span> <span class='ocrx_word' id='word_1_568' title='bbox 2738 3182 3129 3252; x_wconf 85' lang='grc' dir='ltr'>ὑπηρετεῖσθαι</span> <span class='ocrx_word' id='word_1_569' title='bbox 3176 3180 3443 3247; x_wconf 87' lang='grc' dir='ltr'>βούλεται.</span> <span class='ocrx_word' id='word_1_570' title='bbox 3477 3176 3868 3239; x_wconf 86' lang='grc' dir='ltr'>Πολυποίκιλος</span> <span class='ocrx_word' id='word_1_571' title='bbox 3918 3176 4031 3245; x_wconf 87' lang='grc' dir='ltr'><strong>γάρ</strong></span> 
     </span>
    </p>
   </div>
   <div class='ocr_carea' id='block_1_80' title="bbox 2451 3266 4029 3344">
    <p class='ocr_par' dir='ltr' id='par_1_80' title="bbox 2451 3266 4029 3344">
     <span class='ocr_line' id='line_1_80' title="bbox 2451 3266 4029 3344; baseline -0.007 -15"><span class='ocrx_word' id='word_1_572' title='bbox 2451 3279 2566 3330; x_wconf 88' lang='grc' dir='ltr'>ἐστι</span> <span class='ocrx_word' id='word_1_573' title='bbox 2600 3277 2693 3328; x_wconf 81' lang='lat' dir='ltr'><strong>xui</strong></span> <span class='ocrx_word' id='word_1_574' title='bbox 2722 3274 2997 3344; x_wconf 78' lang='grc' dir='ltr'>ἀπατηλὸς</span> <span class='ocrx_word' id='word_1_575' title='bbox 3031 3274 3087 3325; x_wconf 89' lang='grc' dir='ltr'><strong>ἐν</strong></span> <span class='ocrx_word' id='word_1_576' title='bbox 3124 3272 3441 3340; x_wconf 75' lang='grc' dir='ltr'>ἐπιθυμίαις</span> <span class='ocrx_word' id='word_1_577' title='bbox 3493 3270 3721 3337; x_wconf 83' lang='grc' dir='ltr'>κόσμου.</span> <span class='ocrx_word' id='word_1_578' title='bbox 3770 3268 3868 3319; x_wconf 68' lang='grc' dir='ltr'>Διά</span> <span class='ocrx_word' id='word_1_579' title='bbox 3915 3266 4029 3337; x_wconf 79' lang='grc' dir='ltr'>γὰρ</span> 
     </span>
    </p>
   </div>
   <div class='ocr_carea' id='block_1_81' title="bbox 2450 3356 4033 3435">
    <p class='ocr_par' dir='ltr' id='par_1_81' title="bbox 2450 3356 4033 3435">
     <span class='ocr_line' id='line_1_81' title="bbox 2450 3356 4033 3435; baseline -0.008 -16"><span class='ocrx_word' id='word_1_580' title='bbox 2450 3367 2673 3435; x_wconf 88' lang='grc' dir='ltr'>ἀγάπην</span> <span class='ocrx_word' id='word_1_581' title='bbox 2703 3366 2825 3419; x_wconf 76' lang='grc' dir='ltr'>τι·ιά</span> <span class='ocrx_word' id='word_1_582' title='bbox 2875 3365 3072 3433; x_wconf 84' lang='grc' dir='ltr'>γηῒνην</span> <span class='ocrx_word' id='word_1_583' title='bbox 3121 3364 3197 3431; x_wconf 76' lang='grc'><strong>(5)</strong></span> <span class='ocrx_word' id='word_1_584' title='bbox 3239 3362 3334 3415; x_wconf 89' lang='lat' dir='ltr'><strong>xui</strong></span> <span class='ocrx_word' id='word_1_585' title='bbox 3372 3358 3665 3429; x_wconf 76' lang='grc' dir='ltr'>σαρκικὴν,</span> <span class='ocrx_word' id='word_1_586' title='bbox 3709 3357 3789 3420; x_wconf 90' lang='grc' dir='ltr'><strong>είς</strong></span> <span class='ocrx_word' id='word_1_587' title='bbox 3832 3356 3901 3426; x_wconf 79' lang='grc' dir='ltr'>ἣν</span> <span class='ocrx_word' id='word_1_588' title='bbox 3938 3356 4033 3407; x_wconf 86' lang='grc' dir='ltr'>δε-</span> 
     </span>
    </p>
   </div>
   <div class='ocr_carea' id='block_1_82' title="bbox 2454 3446 4030 3527">
    <p class='ocr_par' dir='ltr' id='par_1_82' title="bbox 2454 3446 4030 3527">
     <span class='ocr_line' id='line_1_82' title="bbox 2454 3446 4030 3527; baseline -0.008 -16"><span class='ocrx_word' id='word_1_589' title='bbox 2454 3461 2671 3527; x_wconf 79' lang='grc' dir='ltr'>σμείται</span> <span class='ocrx_word' id='word_1_590' title='bbox 2722 3456 3013 3525; x_wconf 78' lang='grc' dir='ltr'>ἄνθρωπος</span> <span class='ocrx_word' id='word_1_591' title='bbox 3052 3453 3319 3522; x_wconf 81' lang='grc' dir='ltr'>θελήματι</span> <span class='ocrx_word' id='word_1_592' title='bbox 3369 3451 3501 3519; x_wconf 84' lang='grc' dir='ltr'>ίδίῳ,</span> <span class='ocrx_word' id='word_1_593' title='bbox 3556 3450 3867 3512; x_wconf 82' lang='grc' dir='ltr'>δελεάζεται</span> <span class='ocrx_word' id='word_1_594' title='bbox 3919 3446 4030 3499; x_wconf 79' lang='grc' dir='ltr'><strong>ὑπὸ</strong></span> 
     </span>
    </p>
   </div>
   <div class='ocr_carea' id='block_1_83' title="bbox 2450 3538 4037 3618">
    <p class='ocr_par' dir='ltr' id='par_1_83' title="bbox 2450 3538 4037 3618">
     <span class='ocr_line' id='line_1_83' title="bbox 2450 3538 4037 3618; baseline -0.008 -16"><span class='ocrx_word' id='word_1_595' title='bbox 2450 3549 2551 3618; x_wconf 81' lang='grc' dir='ltr'>τῆς</span> <span class='ocrx_word' id='word_1_596' title='bbox 2594 3548 2813 3610; x_wconf 85' lang='grc' dir='ltr'>κακίας,</span> <span class='ocrx_word' id='word_1_597' title='bbox 2844 3548 2990 3608; x_wconf 86' lang='grc' dir='ltr'>ὅπως</span> <span class='ocrx_word' id='word_1_598' title='bbox 3021 3546 3230 3612; x_wconf 90' lang='grc' dir='ltr'>γίνεται</span> <span class='ocrx_word' id='word_1_599' title='bbox 3274 3542 3419 3610; x_wconf 88' lang='grc' dir='ltr'><strong>αὑτῷ</strong></span> <span class='ocrx_word' id='word_1_600' title='bbox 3454 3542 3644 3603; x_wconf 81' lang='grc' dir='ltr'>ἆλυσις</span> <span class='ocrx_word' id='word_1_601' title='bbox 3689 3540 3782 3593; x_wconf 88' lang='lat' dir='ltr'><strong>xui</strong></span> <span class='ocrx_word' id='word_1_602' title='bbox 3830 3538 4037 3608; x_wconf 72' lang='grc' dir='ltr'>δεσμὸς</span> 
     </span>
    </p>
   </div>
   <div class='ocr_carea' id='block_1_84' title="bbox 2453 3629 4035 3710">
    <p class='ocr_par' dir='ltr' id='par_1_84' title="bbox 2453 3629 4035 3710">
     <span class='ocr_line' id='line_1_84' title="bbox 2453 3629 4035 3710; baseline -0.006 -17"><span class='ocrx_word' id='word_1_603' title='bbox 2453 3640 2544 3693; x_wconf 87' lang='lat' dir='ltr'><strong>xui</strong></span> <span class='ocrx_word' id='word_1_604' title='bbox 2590 3638 2806 3710; x_wconf 80' lang='grc' dir='ltr'>φορτίον</span> <span class='ocrx_word' id='word_1_605' title='bbox 2862 3639 3023 3706; x_wconf 85' lang='grc' dir='ltr'>βαρὺ,</span> <span class='ocrx_word' id='word_1_606' title='bbox 3064 3635 3428 3697; x_wconf 76' lang='grc' dir='ltr'>καταὸυθίζον</span> <span class='ocrx_word' id='word_1_607' title='bbox 3478 3634 3574 3686; x_wconf 84' lang='lat' dir='ltr'><strong>xui</strong></span> <span class='ocrx_word' id='word_1_608' title='bbox 3624 3635 3820 3708; x_wconf 80' lang='grc' dir='ltr'>πνῖγον</span> <span class='ocrx_word' id='word_1_609' title='bbox 3853 3634 3913 3684; x_wconf 84' lang='grc' dir='ltr'><strong>ἐν</strong></span> <span class='ocrx_word' id='word_1_610' title='bbox 3952 3629 4035 3699; x_wconf 82' lang='grc' dir='ltr'>τῷ</span> 
     </span>
    </p>
   </div>
   <div class='ocr_carea' id='block_1_85' title="bbox 2453 3717 4032 3795">
    <p class='ocr_par' dir='ltr' id='par_1_85' title="bbox 2453 3717 4032 3795">
     <span class='ocr_line' id='line_1_85' title="bbox 2453 3717 4032 3795; baseline -0.006 -15"><span class='ocrx_word' id='word_1_611' title='bbox 2453 3728 2609 3780; x_wconf 80' lang='grc' dir='ltr'>αἰῶνι</span> <span class='ocrx_word' id='word_1_612' title='bbox 2654 3730 2752 3795; x_wconf 87' lang='grc' dir='ltr'>τῆς</span> <span class='ocrx_word' id='word_1_613' title='bbox 2789 3725 3054 3793; x_wconf 82' lang='grc' dir='ltr'>πονηρίας</span> <span class='ocrx_word' id='word_1_614' title='bbox 3078 3763 3092 3785; x_wconf 95' lang='grc'><strong>,</strong></span> <span class='ocrx_word' id='word_1_615' title='bbox 3130 3722 3201 3790; x_wconf 83' lang='grc' dir='ltr'>μὴ</span> <span class='ocrx_word' id='word_1_616' title='bbox 3245 3719 3561 3789; x_wconf 79' lang='grc' dir='ltr'>συγχωροῦν</span> <span class='ocrx_word' id='word_1_617' title='bbox 3598 3717 3893 3785; x_wconf 74' lang='grc' dir='ltr'>ἀνακύψαι,</span> <span class='ocrx_word' id='word_1_618' title='bbox 3928 3718 4032 3770; x_wconf 81' lang='lat' dir='ltr'><strong>xui.</strong></span> 
     </span>
    </p>
   </div>
   <div class='ocr_carea' id='block_1_86' title="bbox 2454 3808 4035 3887">
    <p class='ocr_par' dir='ltr' id='par_1_86' title="bbox 2454 3808 4035 3887">
     <span class='ocr_line' id='line_1_86' title="bbox 2454 3808 4035 3887; baseline -0.008 -17"><span class='ocrx_word' id='word_1_619' title='bbox 2454 3820 2590 3887; x_wconf 73' lang='grc' dir='ltr'>πρὸς</span> <span class='ocrx_word' id='word_1_620' title='bbox 2626 3818 2717 3869; x_wconf 84' lang='grc' dir='ltr'>τὸν</span> <span class='ocrx_word' id='word_1_621' title='bbox 2758 3817 2889 3868; x_wconf 86' lang='grc' dir='ltr'>Θεὸν</span> <span class='ocrx_word' id='word_1_622' title='bbox 2922 3813 3195 3868; x_wconf 86' lang='grc' dir='ltr'>ἀπελθεῖν.</span> <span class='ocrx_word' id='word_1_623' title='bbox 3240 3812 3457 3879; x_wconf 76' lang='grc' dir='ltr'>Ἐπειδὴ</span> <span class='ocrx_word' id='word_1_624' title='bbox 3489 3811 3624 3878; x_wconf 83' lang='grc' dir='ltr'>ὅπερ</span> <span class='ocrx_word' id='word_1_625' title='bbox 3648 3826 3730 3869; x_wconf 87' lang='grc' dir='ltr'><strong>τις</strong></span> <span class='ocrx_word' id='word_1_626' title='bbox 3772 3808 4035 3876; x_wconf 73' lang='grc' dir='ltr'>ἠγάπησε</span> 
     </span>
    </p>
   </div>
   <div class='ocr_carea' id='block_1_87' title="bbox 2452 3899 4035 3977">
    <p class='ocr_par' dir='ltr' id='par_1_87' title="bbox 2452 3899 4035 3977">
     <span class='ocr_line' id='line_1_87' title="bbox 2452 3899 4035 3977; baseline -0.008 -16"><span class='ocrx_word' id='word_1_627' title='bbox 2452 3907 2547 3962; x_wconf 88' lang='grc' dir='ltr'><strong>τοῦ</strong></span> <span class='ocrx_word' id='word_1_628' title='bbox 2587 3910 2815 3977; x_wconf 82' lang='grc' dir='ltr'>κόσμου,</span> <span class='ocrx_word' id='word_1_629' title='bbox 2846 3906 3151 3973; x_wconf 81' lang='grc' dir='ltr'>καταϐαρεί</span> <span class='ocrx_word' id='word_1_630' title='bbox 3176 3902 3267 3954; x_wconf 74' lang='grc' dir='ltr'><strong>τὸν</strong></span> <span class='ocrx_word' id='word_1_631' title='bbox 3305 3900 3427 3952; x_wconf 84' lang='grc' dir='ltr'>νοῦν</span> <span class='ocrx_word' id='word_1_632' title='bbox 3480 3899 3646 3951; x_wconf 76' lang='grc' dir='ltr'>αὑτοῦ</span> <span class='ocrx_word' id='word_1_633' title='bbox 3706 3899 3801 3950; x_wconf 75' lang='grc' dir='ltr'>καὶ</span> <span class='ocrx_word' id='word_1_634' title='bbox 3858 3914 4035 3949; x_wconf 85' lang='grc' dir='ltr'>κατα-</span> 
     </span>
    </p>
   </div>
   <div class='ocr_carea' id='block_1_88' title="bbox 2456 3989 4037 4071">
    <p class='ocr_par' dir='ltr' id='par_1_88' title="bbox 2456 3989 4037 4071">
     <span class='ocr_line' id='line_1_88' title="bbox 2456 3989 4037 4071; baseline -0.009 -18"><span class='ocrx_word' id='word_1_635' title='bbox 2456 4002 2647 4071; x_wconf 89' lang='grc' dir='ltr'>κρατεί</span> <span class='ocrx_word' id='word_1_636' title='bbox 2678 4001 2775 4067; x_wconf 69' lang='grc'><strong>(4),</strong></span> <span class='ocrx_word' id='word_1_637' title='bbox 2818 3998 2910 4050; x_wconf 80' lang='lat' dir='ltr'><strong>xui.</strong></span> <span class='ocrx_word' id='word_1_638' title='bbox 2933 3997 3033 4047; x_wconf 72' lang='grc' dir='ltr'><strong>οὐκ</strong></span> <span class='ocrx_word' id='word_1_639' title='bbox 3077 3996 3141 4065; x_wconf 85' lang='grc' dir='ltr'><strong>ἐᾷ</strong></span> <span class='ocrx_word' id='word_1_640' title='bbox 3184 3992 3477 4060; x_wconf 69' lang='grc' dir='ltr'>ἀνακύψαι.</span> <span class='ocrx_word' id='word_1_641' title='bbox 3507 3992 3599 4053; x_wconf 67' lang='lat' dir='ltr'><strong>Ei;</strong></span> <span class='ocrx_word' id='word_1_642' title='bbox 3626 3989 3784 4042; x_wconf 88' lang='grc' dir='ltr'>τοῦτο</span> <span class='ocrx_word' id='word_1_643' title='bbox 3830 3989 3939 4055; x_wconf 84' lang='grc' dir='ltr'>γὰρ</span> <span class='ocrx_word' id='word_1_644' title='bbox 3973 3990 4037 4040; x_wconf 69' lang='grc' dir='ltr'><strong>τὸ</strong></span> 
     </span>
    </p>
   </div>
   <div class='ocr_carea' id='block_1_89' title="bbox 2458 4079 4038 4160">
    <p class='ocr_par' dir='ltr' id='par_1_89' title="bbox 2458 4079 4038 4160">
     <span class='ocr_line' id='line_1_89' title="bbox 2458 4079 4038 4160; baseline -0.008 -17"><span class='ocrx_word' id='word_1_645' title='bbox 2458 4090 2719 4160; x_wconf 86' lang='grc' dir='ltr'>στάθμιον</span> <span class='ocrx_word' id='word_1_646' title='bbox 2757 4090 2850 4142; x_wconf 89' lang='lat' dir='ltr'><strong>xui</strong></span> <span class='ocrx_word' id='word_1_647' title='bbox 2878 4089 2975 4155; x_wconf 82' lang='grc' dir='ltr'>τὴν</span> <span class='ocrx_word' id='word_1_648' title='bbox 3009 4086 3183 4157; x_wconf 76' lang='grc' dir='ltr'>ῥοπὴν</span> <span class='ocrx_word' id='word_1_649' title='bbox 3217 4084 3311 4136; x_wconf 87' lang='lat' dir='ltr'><strong>xui</strong></span> <span class='ocrx_word' id='word_1_650' title='bbox 3355 4083 3417 4135; x_wconf 80' lang='grc' dir='ltr'>τὸ</span> <span class='ocrx_word' id='word_1_651' title='bbox 3461 4083 3560 4151; x_wconf 82' lang='grc' dir='ltr'>τῆς</span> <span class='ocrx_word' id='word_1_652' title='bbox 3604 4081 3803 4143; x_wconf 86' lang='grc' dir='ltr'>κακίας</span> <span class='ocrx_word' id='word_1_653' title='bbox 3846 4079 4038 4146; x_wconf 86' lang='grc' dir='ltr'>ζύγιον</span> 
     </span>
    </p>
   </div>
   <div class='ocr_carea' id='block_1_90' title="bbox 2457 4172 4035 4252">
    <p class='ocr_par' dir='ltr' id='par_1_90' title="bbox 2457 4172 4035 4252">
     <span class='ocr_line' id='line_1_90' title="bbox 2457 4172 4035 4252; baseline -0.009 -17"><span class='ocrx_word' id='word_1_654' title='bbox 2457 4184 2754 4252; x_wconf 82' lang='grc' dir='ltr'>κρέμαται,</span> <span class='ocrx_word' id='word_1_655' title='bbox 2807 4179 2900 4232; x_wconf 86' lang='lat' dir='ltr'><strong>xui</strong></span> <span class='ocrx_word' id='word_1_656' title='bbox 2949 4176 3303 4246; x_wconf 74' lang='grc' dir='ltr'>δοκιμάζεται</span> <span class='ocrx_word' id='word_1_657' title='bbox 3336 4176 3444 4227; x_wconf 85' lang='grc' dir='ltr'><strong>πᾶν</strong></span> <span class='ocrx_word' id='word_1_658' title='bbox 3483 4173 3541 4225; x_wconf 76' lang='grc' dir='ltr'>τὸ</span> <span class='ocrx_word' id='word_1_659' title='bbox 3587 4172 3742 4240; x_wconf 81' lang='grc' dir='ltr'>γένος</span> <span class='ocrx_word' id='word_1_660' title='bbox 3787 4172 3895 4223; x_wconf 90' lang='grc' dir='ltr'><strong>τῶν</strong></span> <span class='ocrx_word' id='word_1_661' title='bbox 3936 4172 4035 4223; x_wconf 88' lang='grc' dir='ltr'>ἀν-</span> 
     </span>
    </p>
   </div>
   <div class='ocr_carea' id='block_1_91' title="bbox 2457 4261 4036 4341">
    <p class='ocr_par' dir='ltr' id='par_1_91' title="bbox 2457 4261 4036 4341">
     <span class='ocr_line' id='line_1_91' title="bbox 2457 4261 4036 4341; baseline -0.008 -16"><span class='ocrx_word' id='word_1_662' title='bbox 2457 4272 2707 4341; x_wconf 84' lang='grc' dir='ltr'>θρώπων,</span> <span class='ocrx_word' id='word_1_663' title='bbox 2740 4272 2858 4339; x_wconf 77' lang='grc' dir='ltr'>ἦτοι</span> <span class='ocrx_word' id='word_1_664' title='bbox 2885 4268 3229 4338; x_wconf 86' lang='grc' dir='ltr'>Χριστιανῶν</span> <span class='ocrx_word' id='word_1_665' title='bbox 3249 4267 3356 4319; x_wconf 89' lang='grc' dir='ltr'><strong>τῶν</strong></span> <span class='ocrx_word' id='word_1_666' title='bbox 3386 4267 3444 4317; x_wconf 87' lang='grc' dir='ltr'><strong>ἐν</strong></span> <span class='ocrx_word' id='word_1_667' title='bbox 3467 4265 3688 4317; x_wconf 88' lang='grc' dir='ltr'>πόλεσιν</span> <span class='ocrx_word' id='word_1_668' title='bbox 3716 4261 4036 4326; x_wconf 87' lang='grc' dir='ltr'>οἰκούντων,</span> 
     </span>
    </p>
   </div>
   <div class='ocr_carea' id='block_1_92' title="bbox 2456 4355 4039 4433">
    <p class='ocr_par' dir='ltr' id='par_1_92' title="bbox 2456 4355 4039 4433">
     <span class='ocr_line' id='line_1_92' title="bbox 2456 4355 4039 4433; baseline -0.009 -16"><span class='ocrx_word' id='word_1_669' title='bbox 2456 4366 2487 4433; x_wconf 77' lang='grc' dir='ltr'><strong>ἢ</strong></span> <span class='ocrx_word' id='word_1_670' title='bbox 2521 4366 2577 4416; x_wconf 90' lang='grc' dir='ltr'><strong>ἐν</strong></span> <span class='ocrx_word' id='word_1_671' title='bbox 2614 4363 2816 4433; x_wconf 76' lang='grc' dir='ltr'>ὄρεσιν,</span> <span class='ocrx_word' id='word_1_672' title='bbox 2851 4361 2883 4429; x_wconf 83' lang='grc' dir='ltr'><strong>ἢ</strong></span> <span class='ocrx_word' id='word_1_673' title='bbox 2928 4362 2986 4412; x_wconf 80' lang='grc' dir='ltr'><strong>ἐν</strong></span> <span class='ocrx_word' id='word_1_674' title='bbox 3034 4360 3223 4429; x_wconf 87' lang='grc' dir='ltr'>μοναῖς</span> <span class='ocrx_word' id='word_1_675' title='bbox 3248 4399 3262 4420; x_wconf 92' lang='grc'><strong>,</strong></span> <span class='ocrx_word' id='word_1_676' title='bbox 3308 4358 3339 4426; x_wconf 79' lang='grc' dir='ltr'>ἢ</span> <span class='ocrx_word' id='word_1_677' title='bbox 3388 4357 3447 4409; x_wconf 88' lang='grc' dir='ltr'><strong>ἐν</strong></span> <span class='ocrx_word' id='word_1_678' title='bbox 3491 4357 3711 4428; x_wconf 80' lang='grc' dir='ltr'>ἀγροῖς.</span> <span class='ocrx_word' id='word_1_679' title='bbox 3744 4355 3775 4426; x_wconf 79' lang='grc' dir='ltr'><strong>ἢ</strong></span> <span class='ocrx_word' id='word_1_680' title='bbox 3811 4355 3869 4405; x_wconf 88' lang='grc' dir='ltr'><strong>ἐν</strong></span> <span class='ocrx_word' id='word_1_681' title='bbox 3901 4355 4039 4423; x_wconf 80' lang='grc' dir='ltr'>ἐρή-</span> 
     </span>
    </p>
   </div>
   <div class='ocr_carea' id='block_1_93' title="bbox 776 4446 2461 4536">
    <p class='ocr_par' dir='ltr' id='par_1_93' title="bbox 776 4464 2430 4536">
     <span class='ocr_line' id='line_1_93' title="bbox 776 4464 2430 4536; baseline -0.001 -18"><span class='ocrx_word' id='word_1_682' title='bbox 776 4466 931 4521; x_wconf 91' lang='lat' dir='ltr'><strong>verbi</strong></span> <span class='ocrx_word' id='word_1_683' title='bbox 983 4467 1178 4536; x_wconf 86' lang='lat' dir='ltr'><strong>gratia,</strong></span> <span class='ocrx_word' id='word_1_684' title='bbox 1219 4466 1410 4520; x_wconf 85' lang='lat' dir='ltr'><strong>dilexit</strong></span> <span class='ocrx_word' id='word_1_685' title='bbox 1447 4480 1602 4535; x_wconf 88' lang='lat' dir='ltr'><strong>opes,</strong></span> <span class='ocrx_word' id='word_1_686' title='bbox 1656 4464 1796 4519; x_wconf 90' lang='lat' dir='ltr'><strong>alius</strong></span> <span class='ocrx_word' id='word_1_687' title='bbox 1841 4479 2038 4517; x_wconf 91' lang='lat' dir='ltr'><strong>aurum</strong></span> <span class='ocrx_word' id='word_1_688' title='bbox 2073 4473 2129 4518; x_wconf 80' lang='lat' dir='ltr'><strong>et</strong></span> <span class='ocrx_word' id='word_1_689' title='bbox 2166 4480 2357 4533; x_wconf 89' lang='lat' dir='ltr'><strong>argen-</strong></span> <span class='ocrx_word' id='word_1_690' title='bbox 2390 4469 2430 4523; x_wconf 89' lang='lat' dir='ltr'><strong>D</strong></span> 
     </span>
    </p>
   </div>
   <div class='ocr_carea' id='block_1_94' title="bbox 2353 4446 4038 4536">
    <p class='ocr_par' dir='ltr' id='par_1_94' title="bbox 2353 4446 4038 4523">
     <span class='ocr_line' id='line_1_94' title="bbox 2353 4446 4038 4523; baseline -0.005 -19"><span class='ocrx_word' id='word_1_691' title='bbox 2353 4495 2357 4504; x_wconf 98' lang='lat'><strong>.</strong></span> <span class='ocrx_word' id='word_1_692' title='bbox 2390 4469 2430 4523; x_wconf 76' lang='grc' dir='ltr'>υ</span> <span class='ocrx_word' id='word_1_693' title='bbox 2465 4472 2584 4522; x_wconf 88' lang='grc' dir='ltr'>μοις</span> <span class='ocrx_word' id='word_1_694' title='bbox 2633 4454 2839 4514; x_wconf 80' lang='grc' dir='ltr'>τόποις,</span> <span class='ocrx_word' id='word_1_695' title='bbox 2884 4453 2965 4504; x_wconf 85' lang='grc' dir='ltr'>ὅτι</span> <span class='ocrx_word' id='word_1_696' title='bbox 3002 4450 3267 4520; x_wconf 86' lang='grc' dir='ltr'>θελήματι</span> <span class='ocrx_word' id='word_1_697' title='bbox 3322 4449 3437 4518; x_wconf 76' lang='grc' dir='ltr'>ἰδίῳ</span> <span class='ocrx_word' id='word_1_698' title='bbox 3471 4447 3852 4516; x_wconf 77' lang='grc' dir='ltr'>δελεαζόμενος</span> <span class='ocrx_word' id='word_1_699' title='bbox 3879 4446 3907 4496; x_wconf 82' lang='grc' dir='ltr'><strong>ὁ</strong></span> <span class='ocrx_word' id='word_1_700' title='bbox 3938 4446 4038 4499; x_wconf 61' lang='grc' dir='ltr'><strong>ἄν-</strong></span> 
     </span>
    </p>
   </div>
   <div class='ocr_carea' id='block_1_95' title="bbox 776 4554 2346 4625">
    <p class='ocr_par' dir='ltr' id='par_1_95' title="bbox 776 4554 2346 4625">
     <span class='ocr_line' id='line_1_95' title="bbox 776 4554 2346 4625; baseline -0.002 -15"><span class='ocrx_word' id='word_1_701' title='bbox 776 4566 914 4619; x_wconf 90' lang='lat' dir='ltr'><strong>tum,</strong></span> <span class='ocrx_word' id='word_1_702' title='bbox 949 4556 1087 4611; x_wconf 86' lang='lat' dir='ltr'><strong>alius</strong></span> <span class='ocrx_word' id='word_1_703' title='bbox 1126 4556 1388 4610; x_wconf 88' lang='lat' dir='ltr'><strong>disertam</strong></span> <span class='ocrx_word' id='word_1_704' title='bbox 1439 4555 1629 4609; x_wconf 91' lang='lat' dir='ltr'><strong>mundi</strong></span> <span class='ocrx_word' id='word_1_705' title='bbox 1668 4555 1992 4625; x_wconf 86' lang='lat' dir='ltr'><strong>sapientiam</strong></span> <span class='ocrx_word' id='word_1_706' title='bbox 2019 4554 2089 4608; x_wconf 93' lang='lat' dir='ltr'><strong>ob</strong></span> <span class='ocrx_word' id='word_1_707' title='bbox 2120 4555 2346 4624; x_wconf 90' lang='lat' dir='ltr'><strong>gloriam</strong></span> 
     </span>
    </p>
   </div>
   <div class='ocr_carea' id='block_1_96' title="bbox 777 4644 2349 4714">
    <p class='ocr_par' dir='ltr' id='par_1_96' title="bbox 777 4644 2349 4714">
     <span class='ocr_line' id='line_1_96' title="bbox 777 4644 2349 4714; baseline 0.001 -17"><span class='ocrx_word' id='word_1_708' title='bbox 777 4644 1085 4707; x_wconf 82' lang='lat' dir='ltr'><strong>hominum,</strong></span> <span class='ocrx_word' id='word_1_709' title='bbox 1110 4645 1250 4699; x_wconf 90' lang='lat' dir='ltr'><strong>alius</strong></span> <span class='ocrx_word' id='word_1_710' title='bbox 1284 4644 1477 4699; x_wconf 87' lang='lat' dir='ltr'><strong>dilexit</strong></span> <span class='ocrx_word' id='word_1_711' title='bbox 1518 4646 1843 4714; x_wconf 90' lang='lat' dir='ltr'><strong>potentiam,</strong></span> <span class='ocrx_word' id='word_1_712' title='bbox 1884 4644 2263 4699; x_wconf 85' lang='lat' dir='ltr'><strong>aliuslaudem</strong></span> <span class='ocrx_word' id='word_1_713' title='bbox 2294 4653 2349 4699; x_wconf 90' lang='lat' dir='ltr'><strong>et</strong></span> 
     </span>
    </p>
   </div>
   <div class='ocr_carea' id='block_1_97' title="bbox 777 4735 2349 4799">
    <p class='ocr_par' dir='ltr' id='par_1_97' title="bbox 777 4735 2349 4799">
     <span class='ocr_line' id='line_1_97' title="bbox 777 4735 2349 4799; baseline -0.001 -10"><span class='ocrx_word' id='word_1_714' title='bbox 777 4737 1018 4790; x_wconf 91' lang='lat' dir='ltr'><strong>honores</strong></span> <span class='ocrx_word' id='word_1_715' title='bbox 1048 4736 1358 4799; x_wconf 89' lang='lat' dir='ltr'><strong>hominum,</strong></span> <span class='ocrx_word' id='word_1_716' title='bbox 1385 4737 1525 4793; x_wconf 62' lang='lat' dir='ltr'><strong>aiius</strong></span> <span class='ocrx_word' id='word_1_717' title='bbox 1554 4736 1691 4790; x_wconf 91' lang='lat' dir='ltr'><strong>iram</strong></span> <span class='ocrx_word' id='word_1_718' title='bbox 1733 4746 1789 4791; x_wconf 92' lang='lat' dir='ltr'><strong>et</strong></span> <span class='ocrx_word' id='word_1_719' title='bbox 1832 4736 2170 4789; x_wconf 88' lang='lat' dir='ltr'><strong>violentiam.</strong></span> <span class='ocrx_word' id='word_1_720' title='bbox 2214 4735 2349 4789; x_wconf 85' lang='lat' dir='ltr'><strong>Nam</strong></span> 
     </span>
    </p>
   </div>
   <div class='ocr_carea' id='block_1_98' title="bbox 777 4826 2349 4898">
    <p class='ocr_par' dir='ltr' id='par_1_98' title="bbox 777 4826 2349 4898">
     <span class='ocr_line' id='line_1_98' title="bbox 777 4826 2349 4898; baseline -0.001 -16"><span class='ocrx_word' id='word_1_721' title='bbox 777 4829 1147 4898; x_wconf 90' lang='lat' dir='ltr'><strong>permittendo</strong></span> <span class='ocrx_word' id='word_1_722' title='bbox 1174 4845 1233 4883; x_wconf 89' lang='lat' dir='ltr'><strong>se</strong></span> <span class='ocrx_word' id='word_1_723' title='bbox 1262 4838 1513 4898; x_wconf 91' lang='lat' dir='ltr'><strong>prompte</strong></span> <span class='ocrx_word' id='word_1_724' title='bbox 1542 4829 1785 4897; x_wconf 87' lang='lat' dir='ltr'><strong>passioni</strong></span> <span class='ocrx_word' id='word_1_725' title='bbox 1821 4828 1962 4881; x_wconf 90' lang='lat' dir='ltr'><strong>hanc</strong></span> <span class='ocrx_word' id='word_1_726' title='bbox 1990 4826 2188 4896; x_wconf 89' lang='lat' dir='ltr'><strong>diligit,</strong></span> <span class='ocrx_word' id='word_1_727' title='bbox 2209 4828 2349 4880; x_wconf 90' lang='lat' dir='ltr'><strong>alius</strong></span> 
     </span>
    </p>
   </div>
   <div class='ocr_carea' id='block_1_99' title="bbox 774 4916 2351 4981">
    <p class='ocr_par' dir='ltr' id='par_1_99' title="bbox 774 4916 2351 4981">
     <span class='ocr_line' id='line_1_99' title="bbox 774 4916 2351 4981; baseline -0.003 -8"><span class='ocrx_word' id='word_1_728' title='bbox 774 4920 1000 4973; x_wconf 84' lang='lat' dir='ltr'><strong>inutiles</strong></span> <span class='ocrx_word' id='word_1_729' title='bbox 1027 4932 1279 4981; x_wconf 84' lang='lat' dir='ltr'><strong>eventus,</strong></span> <span class='ocrx_word' id='word_1_730' title='bbox 1308 4919 1449 4973; x_wconf 90' lang='lat' dir='ltr'><strong>alius</strong></span> <span class='ocrx_word' id='word_1_731' title='bbox 1478 4919 1761 4981; x_wconf 88' lang='lat' dir='ltr'><strong>invidiam,</strong></span> <span class='ocrx_word' id='word_1_732' title='bbox 1796 4918 1936 4970; x_wconf 91' lang='lat' dir='ltr'><strong>alius</strong></span> <span class='ocrx_word' id='word_1_733' title='bbox 1964 4916 2115 4969; x_wconf 89' lang='lat' dir='ltr'><strong>omni</strong></span> <span class='ocrx_word' id='word_1_734' title='bbox 2141 4916 2230 4969; x_wconf 89' lang='lat' dir='ltr'><strong>die</strong></span> <span class='ocrx_word' id='word_1_735' title='bbox 2260 4931 2351 4969; x_wconf 91' lang='lat' dir='ltr'><strong>su-</strong></span> 
     </span>
    </p>
   </div>
   <div class='ocr_carea' id='block_1_100' title="bbox 774 5004 2351 5078">
    <p class='ocr_par' dir='ltr' id='par_1_100' title="bbox 774 5004 2351 5078">
     <span class='ocr_line' id='line_1_100' title="bbox 774 5004 2351 5078; baseline -0.005 -15"><span class='ocrx_word' id='word_1_736' title='bbox 774 5009 959 5078; x_wconf 82' lang='lat' dir='ltr'><strong>perbit</strong></span> <span class='ocrx_word' id='word_1_737' title='bbox 988 5018 1045 5063; x_wconf 88' lang='lat' dir='ltr'><strong>et</strong></span> <span class='ocrx_word' id='word_1_738' title='bbox 1071 5010 1309 5070; x_wconf 69' lang='lat' dir='ltr'><strong>laztatur,</strong></span> <span class='ocrx_word' id='word_1_739' title='bbox 1350 5009 1491 5062; x_wconf 89' lang='lat' dir='ltr'><strong>alius</strong></span> <span class='ocrx_word' id='word_1_740' title='bbox 1529 5007 1787 5061; x_wconf 87' lang='lat' dir='ltr'><strong>inanibus</strong></span> <span class='ocrx_word' id='word_1_741' title='bbox 1830 5005 2136 5060; x_wconf 86' lang='lat' dir='ltr'><strong>rationibus</strong></span> <span class='ocrx_word' id='word_1_742' title='bbox 2167 5004 2351 5057; x_wconf 83' lang='lat' dir='ltr'><strong>illudi-</strong></span> 
     </span>
    </p>
   </div>
   <div class='ocr_carea' id='block_1_101' title="bbox 775 5093 2348 5167">
    <p class='ocr_par' dir='ltr' id='par_1_101' title="bbox 775 5093 2348 5167">
     <span class='ocr_line' id='line_1_101' title="bbox 775 5093 2348 5167; baseline -0.004 -14"><span class='ocrx_word' id='word_1_743' title='bbox 775 5108 887 5163; x_wconf 83' lang='lat' dir='ltr'><strong>tur,</strong></span> <span class='ocrx_word' id='word_1_744' title='bbox 914 5098 1053 5152; x_wconf 90' lang='lat' dir='ltr'><strong>alius</strong></span> <span class='ocrx_word' id='word_1_745' title='bbox 1082 5107 1340 5167; x_wconf 88' lang='lat' dir='ltr'><strong>tanquam</strong></span> <span class='ocrx_word' id='word_1_746' title='bbox 1375 5099 1512 5167; x_wconf 82' lang='lat' dir='ltr'><strong>legis</strong></span> <span class='ocrx_word' id='word_1_747' title='bbox 1547 5098 1807 5167; x_wconf 85' lang='lat' dir='ltr'><strong>magister</strong></span> <span class='ocrx_word' id='word_1_748' title='bbox 1842 5094 2032 5149; x_wconf 91' lang='lat' dir='ltr'><strong>haberi</strong></span> <span class='ocrx_word' id='word_1_749' title='bbox 2058 5095 2255 5164; x_wconf 88' lang='lat' dir='ltr'><strong>diligit,</strong></span> <span class='ocrx_word' id='word_1_750' title='bbox 2278 5093 2348 5147; x_wconf 94' lang='lat' dir='ltr'><strong>ob</strong></span> 
     </span>
    </p>
   </div>
   <div class='ocr_carea' id='block_1_102' title="bbox 775 5184 2348 5259">
    <p class='ocr_par' dir='ltr' id='par_1_102' title="bbox 775 5184 2348 5259">
     <span class='ocr_line' id='line_1_102' title="bbox 775 5184 2348 5259; baseline -0.005 -15"><span class='ocrx_word' id='word_1_751' title='bbox 775 5190 1060 5245; x_wconf 85' lang='lat' dir='ltr'><strong>hominum</strong></span> <span class='ocrx_word' id='word_1_752' title='bbox 1080 5190 1329 5259; x_wconf 90' lang='lat' dir='ltr'><strong>gloriam,</strong></span> <span class='ocrx_word' id='word_1_753' title='bbox 1352 5190 1494 5243; x_wconf 90' lang='lat' dir='ltr'><strong>alius</strong></span> <span class='ocrx_word' id='word_1_754' title='bbox 1524 5188 1776 5243; x_wconf 90' lang='lat' dir='ltr'><strong>socordia</strong></span> <span class='ocrx_word' id='word_1_755' title='bbox 1800 5195 1857 5239; x_wconf 89' lang='lat' dir='ltr'><strong>et</strong></span> <span class='ocrx_word' id='word_1_756' title='bbox 1886 5184 2096 5238; x_wconf 88' lang='lat' dir='ltr'><strong>incuria</strong></span> <span class='ocrx_word' id='word_1_757' title='bbox 2123 5184 2348 5254; x_wconf 87' lang='lat' dir='ltr'><strong>gaudet,</strong></span> 
     </span>
    </p>
   </div>
   <div class='ocr_carea' id='block_1_103' title="bbox 776 5274 2351 5348">
    <p class='ocr_par' dir='ltr' id='par_1_103' title="bbox 776 5274 2351 5348">
     <span class='ocr_line' id='line_1_103' title="bbox 776 5274 2351 5348; baseline -0.006 -13"><span class='ocrx_word' id='word_1_758' title='bbox 776 5280 919 5335; x_wconf 76' lang='lat' dir='ltr'><strong>alius</strong></span> <span class='ocrx_word' id='word_1_759' title='bbox 950 5279 1198 5334; x_wconf 89' lang='lat' dir='ltr'><strong>vestibus</strong></span> <span class='ocrx_word' id='word_1_760' title='bbox 1235 5287 1291 5333; x_wconf 90' lang='lat' dir='ltr'><strong>et</strong></span> <span class='ocrx_word' id='word_1_761' title='bbox 1327 5278 1523 5348; x_wconf 90' lang='lat' dir='ltr'><strong>pannis</strong></span> <span class='ocrx_word' id='word_1_762' title='bbox 1554 5278 1854 5339; x_wconf 88' lang='lat' dir='ltr'><strong>detinetur,</strong></span> <span class='ocrx_word' id='word_1_763' title='bbox 1888 5274 2027 5327; x_wconf 88' lang='lat' dir='ltr'><strong>alius</strong></span> <span class='ocrx_word' id='word_1_764' title='bbox 2055 5274 2204 5329; x_wconf 91' lang='lat' dir='ltr'><strong>curis</strong></span> <span class='ocrx_word' id='word_1_765' title='bbox 2244 5282 2351 5327; x_wconf 90' lang='lat' dir='ltr'><strong>ter-</strong></span> 
     </span>
    </p>
   </div>
   <div class='ocr_carea' id='block_1_104' title="bbox 775 5366 2349 5437">
    <p class='ocr_par' dir='ltr' id='par_1_104' title="bbox 775 5366 2349 5437">
     <span class='ocr_line' id='line_1_104' title="bbox 775 5366 2349 5437; baseline -0.008 -7"><span class='ocrx_word' id='word_1_766' title='bbox 775 5373 1043 5431; x_wconf 80' lang='lat' dir='ltr'><strong>restribus</strong></span> <span class='ocrx_word' id='word_1_767' title='bbox 1070 5387 1131 5427; x_wconf 87' lang='lat' dir='ltr'><strong>se</strong></span> <span class='ocrx_word' id='word_1_768' title='bbox 1172 5371 1286 5437; x_wconf 90' lang='lat' dir='ltr'><strong>dat,</strong></span> <span class='ocrx_word' id='word_1_769' title='bbox 1314 5372 1454 5425; x_wconf 86' lang='lat' dir='ltr'><strong>alius</strong></span> <span class='ocrx_word' id='word_1_770' title='bbox 1496 5384 1749 5425; x_wconf 88' lang='lat' dir='ltr'><strong>somnum</strong></span> <span class='ocrx_word' id='word_1_771' title='bbox 1779 5378 1836 5423; x_wconf 90' lang='lat' dir='ltr'><strong>et</strong></span> <span class='ocrx_word' id='word_1_772' title='bbox 1874 5367 2143 5422; x_wconf 92' lang='lat' dir='ltr'><strong>sermonis</strong></span> <span class='ocrx_word' id='word_1_773' title='bbox 2194 5366 2349 5434; x_wconf 90' lang='lat' dir='ltr'><strong>lepo-</strong></span> 
     </span>
    </p>
   </div>
   <div class='ocr_carea' id='block_1_105' title="bbox 842 5544 1254 5608">
    <p class='ocr_par' dir='ltr' id='par_1_105' title="bbox 842 5544 1254 5608">
     <span class='ocr_line' id='line_1_105' title="bbox 842 5544 1254 5608; baseline -0.015 -6"><span class='ocrx_word' id='word_1_774' title='bbox 842 5546 889 5579; x_wconf 83' lang='grc'>⁸⁰</span> <span class='ocrx_word' id='word_1_775' title='bbox 917 5546 1055 5601; x_wconf 89' lang='lat' dir='ltr'><strong>Psal.</strong></span> <span class='ocrx_word' id='word_1_776' title='bbox 1083 5558 1175 5608; x_wconf 80' lang='grc' dir='ltr'>ιιι,</span> <span class='ocrx_word' id='word_1_777' title='bbox 1205 5544 1254 5597; x_wconf 83' lang='grc'><strong>6.</strong></span> 
     </span>
    </p>
   </div>
   <div class='ocr_carea' id='block_1_106' title="bbox 2456 4534 4035 4613">
    <p class='ocr_par' dir='ltr' id='par_1_106' title="bbox 2456 4534 4035 4613">
     <span class='ocr_line' id='line_1_106' title="bbox 2456 4534 4035 4613; baseline -0.007 -17"><span class='ocrx_word' id='word_1_778' title='bbox 2456 4544 2670 4613; x_wconf 90' lang='grc' dir='ltr'>θρωπος</span> <span class='ocrx_word' id='word_1_779' title='bbox 2710 4541 2900 4611; x_wconf 82' lang='grc' dir='ltr'>ἀγαπᾷ</span> <span class='ocrx_word' id='word_1_780' title='bbox 2932 4558 2985 4592; x_wconf 93' lang='grc' dir='ltr'><strong>τι</strong></span> <span class='ocrx_word' id='word_1_781' title='bbox 3037 4541 3133 4593; x_wconf 86' lang='lat' dir='ltr'><strong>xui</strong></span> <span class='ocrx_word' id='word_1_782' title='bbox 3182 4538 3512 4606; x_wconf 82' lang='grc' dir='ltr'>ὁπουδήποτε</span> <span class='ocrx_word' id='word_1_783' title='bbox 3543 4536 3751 4589; x_wconf 84' lang='grc' dir='ltr'>δέδεται</span> <span class='ocrx_word' id='word_1_784' title='bbox 3796 4534 3966 4587; x_wconf 82' lang='grc' dir='ltr'>αὐτοῦ</span> <span class='ocrx_word' id='word_1_785' title='bbox 4001 4537 4035 4602; x_wconf 83' lang='grc' dir='ltr'>ἡ</span> 
     </span>
    </p>
   </div>
   <div class='ocr_carea' id='block_1_107' title="bbox 2456 4626 4038 4705">
    <p class='ocr_par' dir='ltr' id='par_1_107' title="bbox 2456 4626 4038 4705">
     <span class='ocr_line' id='line_1_107' title="bbox 2456 4626 4038 4705; baseline -0.008 -17"><span class='ocrx_word' id='word_1_786' title='bbox 2456 4634 2641 4705; x_wconf 87' lang='grc' dir='ltr'>ἀγάπη</span> <span class='ocrx_word' id='word_1_787' title='bbox 2664 4674 2677 4695; x_wconf 87' lang='grc'><strong>,</strong></span> <span class='ocrx_word' id='word_1_788' title='bbox 2718 4634 2812 4686; x_wconf 87' lang='lat' dir='ltr'><strong>xui</strong></span> <span class='ocrx_word' id='word_1_789' title='bbox 2849 4633 2952 4683; x_wconf 75' lang='grc' dir='ltr'>οὐκ</span> <span class='ocrx_word' id='word_1_790' title='bbox 2982 4630 3128 4683; x_wconf 79' lang='grc' dir='ltr'>ἔστιν</span> <span class='ocrx_word' id='word_1_791' title='bbox 3166 4630 3261 4699; x_wconf 78' lang='grc' dir='ltr'>ὅλη</span> <span class='ocrx_word' id='word_1_792' title='bbox 3311 4628 3446 4697; x_wconf 71' lang='grc' dir='ltr'>πρὸς</span> <span class='ocrx_word' id='word_1_793' title='bbox 3474 4628 3564 4680; x_wconf 80' lang='grc' dir='ltr'>τὸν</span> <span class='ocrx_word' id='word_1_794' title='bbox 3592 4626 3744 4679; x_wconf 82' lang='grc' dir='ltr'>Θεόν·</span> <span class='ocrx_word' id='word_1_795' title='bbox 3776 4626 4038 4694; x_wconf 77' lang='grc' dir='ltr'>ἠγάπησε</span> 
     </span>
    </p>
   </div>
   <div class='ocr_carea' id='block_1_108' title="bbox 2454 4718 4035 4796">
    <p class='ocr_par' dir='ltr' id='par_1_108' title="bbox 2454 4718 4035 4796">
     <span class='ocr_line' id='line_1_108' title="bbox 2454 4718 4035 4796; baseline -0.007 -17"><span class='ocrx_word' id='word_1_796' title='bbox 2454 4728 2560 4796; x_wconf 86' lang='grc' dir='ltr'><strong>γάρ</strong></span> <span class='ocrx_word' id='word_1_797' title='bbox 2592 4743 2694 4789; x_wconf 88' lang='grc' dir='ltr'>τις,</span> <span class='ocrx_word' id='word_1_798' title='bbox 2727 4725 2774 4777; x_wconf 83' lang='grc' dir='ltr'><strong>εί</strong></span> <span class='ocrx_word' id='word_1_799' title='bbox 2802 4722 2953 4793; x_wconf 85' lang='grc' dir='ltr'>τύχοι</span> <span class='ocrx_word' id='word_1_800' title='bbox 2988 4725 3264 4791; x_wconf 80' lang='grc' dir='ltr'>κτήματα,</span> <span class='ocrx_word' id='word_1_801' title='bbox 3302 4720 3458 4781; x_wconf 83' lang='grc' dir='ltr'>ἄλλος</span> <span class='ocrx_word' id='word_1_802' title='bbox 3495 4719 3695 4789; x_wconf 75' lang='grc' dir='ltr'>χρυσὸν</span> <span class='ocrx_word' id='word_1_803' title='bbox 3734 4719 3829 4771; x_wconf 75' lang='lat' dir='ltr'><strong>xui</strong></span> <span class='ocrx_word' id='word_1_804' title='bbox 3859 4718 4035 4785; x_wconf 80' lang='grc' dir='ltr'>ἄργυ-</span> 
     </span>
    </p>
   </div>
   <div class='ocr_carea' id='block_1_109' title="bbox 2457 4810 4038 4888">
    <p class='ocr_par' dir='ltr' id='par_1_109' title="bbox 2457 4810 4038 4888">
     <span class='ocr_line' id='line_1_109' title="bbox 2457 4810 4038 4888; baseline -0.008 -17"><span class='ocrx_word' id='word_1_805' title='bbox 2457 4836 2567 4888; x_wconf 83' lang='grc' dir='ltr'>ρον,</span> <span class='ocrx_word' id='word_1_806' title='bbox 2615 4816 2771 4877; x_wconf 76' lang='grc' dir='ltr'>ἄλλος</span> <span class='ocrx_word' id='word_1_807' title='bbox 2827 4814 3016 4882; x_wconf 68' lang='grc' dir='ltr'>σοφίαν</span> <span class='ocrx_word' id='word_1_808' title='bbox 3072 4813 3258 4879; x_wconf 84' lang='grc' dir='ltr'>λογίαν</span> <span class='ocrx_word' id='word_1_809' title='bbox 3327 4812 3531 4880; x_wconf 78' lang='grc' dir='ltr'>κόσμου</span> <span class='ocrx_word' id='word_1_810' title='bbox 3586 4810 3673 4862; x_wconf 76' lang='grc' dir='ltr'><strong>διὰ</strong></span> <span class='ocrx_word' id='word_1_811' title='bbox 3725 4811 3882 4871; x_wconf 78' lang='grc' dir='ltr'>δόξαν</span> <span class='ocrx_word' id='word_1_812' title='bbox 3942 4811 4038 4860; x_wconf 62' lang='grc' dir='ltr'>ἀνα</span> 
     </span>
    </p>
   </div>
   <div class='ocr_carea' id='block_1_110' title="bbox 2455 4898 4039 4978">
    <p class='ocr_par' dir='ltr' id='par_1_110' title="bbox 2455 4898 4039 4978">
     <span class='ocr_line' id='line_1_110' title="bbox 2455 4898 4039 4978; baseline -0.007 -17"><span class='ocrx_word' id='word_1_813' title='bbox 2455 4907 2708 4978; x_wconf 84' lang='grc' dir='ltr'>θρώπων,</span> <span class='ocrx_word' id='word_1_814' title='bbox 2754 4905 2909 4967; x_wconf 80' lang='grc' dir='ltr'>ἄλλος</span> <span class='ocrx_word' id='word_1_815' title='bbox 2960 4904 3248 4974; x_wconf 67' lang='grc' dir='ltr'>ἠγάπησεν</span> <span class='ocrx_word' id='word_1_816' title='bbox 3290 4900 3500 4971; x_wconf 83' lang='grc' dir='ltr'>ἀρχὴν,</span> <span class='ocrx_word' id='word_1_817' title='bbox 3545 4899 3701 4961; x_wconf 84' lang='grc' dir='ltr'>ἄλλος</span> <span class='ocrx_word' id='word_1_818' title='bbox 3740 4898 3897 4963; x_wconf 74' lang='grc' dir='ltr'>δόξαν</span> <span class='ocrx_word' id='word_1_819' title='bbox 3938 4899 4039 4950; x_wconf 79' lang='lat' dir='ltr'><strong>xui.</strong></span> 
     </span>
    </p>
   </div>
   <div class='ocr_carea' id='block_1_111' title="bbox 2455 4988 4039 5068">
    <p class='ocr_par' dir='ltr' id='par_1_111' title="bbox 2455 4988 4039 5068">
     <span class='ocr_line' id='line_1_111' title="bbox 2455 4988 4039 5068; baseline -0.007 -18"><span class='ocrx_word' id='word_1_820' title='bbox 2455 4999 2615 5068; x_wconf 85' lang='grc' dir='ltr'>τιμὰς</span> <span class='ocrx_word' id='word_1_821' title='bbox 2648 4994 2971 5067; x_wconf 78' lang='grc' dir='ltr'>ἀνθρώπων,</span> <span class='ocrx_word' id='word_1_822' title='bbox 3034 4994 3192 5055; x_wconf 84' lang='grc' dir='ltr'>ἀλλος</span> <span class='ocrx_word' id='word_1_823' title='bbox 3233 4992 3400 5062; x_wconf 83' lang='grc' dir='ltr'>ὀργὴν</span> <span class='ocrx_word' id='word_1_824' title='bbox 3458 4990 3551 5042; x_wconf 89' lang='lat' dir='ltr'><strong>xui</strong></span> <span class='ocrx_word' id='word_1_825' title='bbox 3590 4989 3772 5057; x_wconf 79' lang='grc' dir='ltr'>μῆνιν·</span> <span class='ocrx_word' id='word_1_826' title='bbox 3811 4988 3899 5041; x_wconf 75' lang='grc' dir='ltr'><strong>διὰ</strong></span> <span class='ocrx_word' id='word_1_827' title='bbox 3927 4990 4039 5057; x_wconf 74' lang='grc' dir='ltr'>γὰρ</span> 
     </span>
    </p>
   </div>
   <div class='ocr_carea' id='block_1_112' title="bbox 2455 5080 4036 5157">
    <p class='ocr_par' dir='ltr' id='par_1_112' title="bbox 2455 5080 4036 5157">
     <span class='ocr_line' id='line_1_112' title="bbox 2455 5080 4036 5157; baseline -0.007 -14"><span class='ocrx_word' id='word_1_828' title='bbox 2455 5091 2515 5143; x_wconf 81' lang='grc' dir='ltr'>τὸ</span> <span class='ocrx_word' id='word_1_829' title='bbox 2543 5090 2751 5157; x_wconf 77' lang='grc' dir='ltr'>ταχέως</span> <span class='ocrx_word' id='word_1_830' title='bbox 2788 5088 2978 5140; x_wconf 68' lang='grc' dir='ltr'>ἑαυτὸν</span> <span class='ocrx_word' id='word_1_831' title='bbox 3010 5084 3300 5138; x_wconf 87' lang='grc' dir='ltr'>ἐπιδιδόναι</span> <span class='ocrx_word' id='word_1_832' title='bbox 3336 5082 3411 5150; x_wconf 81' lang='grc' dir='ltr'>τῷ</span> <span class='ocrx_word' id='word_1_833' title='bbox 3440 5084 3599 5136; x_wconf 89' lang='grc' dir='ltr'>πάθει</span> <span class='ocrx_word' id='word_1_834' title='bbox 3643 5082 3833 5151; x_wconf 80' lang='grc' dir='ltr'>ἀγαπᾷ</span> <span class='ocrx_word' id='word_1_835' title='bbox 3869 5080 4036 5133; x_wconf 76' lang='grc' dir='ltr'>αὑτό’</span> 
     </span>
    </p>
   </div>
   <div class='ocr_carea' id='block_1_113' title="bbox 2455 5171 4038 5248">
    <p class='ocr_par' dir='ltr' id='par_1_113' title="bbox 2455 5171 4038 5248">
     <span class='ocr_line' id='line_1_113' title="bbox 2455 5171 4038 5248; baseline -0.008 -13"><span class='ocrx_word' id='word_1_836' title='bbox 2455 5182 2612 5244; x_wconf 86' lang='grc' dir='ltr'>ἄλλος</span> <span class='ocrx_word' id='word_1_837' title='bbox 2652 5179 2912 5248; x_wconf 85' lang='grc' dir='ltr'>ἀκαίρους</span> <span class='ocrx_word' id='word_1_838' title='bbox 2960 5175 3279 5244; x_wconf 84' lang='grc' dir='ltr'>συντυχίας,</span> <span class='ocrx_word' id='word_1_839' title='bbox 3312 5174 3470 5235; x_wconf 85' lang='grc' dir='ltr'>ἀλλος</span> <span class='ocrx_word' id='word_1_840' title='bbox 3504 5172 3688 5243; x_wconf 78' lang='grc' dir='ltr'>ζῆλον,</span> <span class='ocrx_word' id='word_1_841' title='bbox 3724 5171 3885 5234; x_wconf 81' lang='grc' dir='ltr'>ἄλλος</span> <span class='ocrx_word' id='word_1_842' title='bbox 3932 5173 4038 5223; x_wconf 77' lang='grc' dir='ltr'><strong>πᾶ-</strong></span> 
     </span>
    </p>
   </div>
   <div class='ocr_carea' id='block_1_114' title="bbox 2458 5261 4039 5339">
    <p class='ocr_par' dir='ltr' id='par_1_114' title="bbox 2458 5261 4039 5339">
     <span class='ocr_line' id='line_1_114' title="bbox 2458 5261 4039 5339; baseline -0.006 -17"><span class='ocrx_word' id='word_1_843' title='bbox 2458 5288 2556 5322; x_wconf 91' lang='grc' dir='ltr'><strong>σαν</strong></span> <span class='ocrx_word' id='word_1_844' title='bbox 2610 5269 2827 5339; x_wconf 79' lang='grc' dir='ltr'>ἡμέραν</span> <span class='ocrx_word' id='word_1_845' title='bbox 2871 5266 3260 5337; x_wconf 78' lang='grc' dir='ltr'>μετεωρίζεται</span> <span class='ocrx_word' id='word_1_846' title='bbox 3292 5264 3385 5317; x_wconf 89' lang='lat' dir='ltr'><strong>xui</strong></span> <span class='ocrx_word' id='word_1_847' title='bbox 3412 5264 3624 5332; x_wconf 75' lang='grc' dir='ltr'>ἣδεται,</span> <span class='ocrx_word' id='word_1_848' title='bbox 3658 5261 3817 5323; x_wconf 77' lang='grc' dir='ltr'>ἄλλος</span> <span class='ocrx_word' id='word_1_849' title='bbox 3844 5263 4039 5331; x_wconf 86' lang='grc' dir='ltr'>ἀργοῖς</span> 
     </span>
    </p>
   </div>
   <div class='ocr_carea' id='block_1_115' title="bbox 2456 5348 4031 5432">
    <p class='ocr_par' dir='ltr' id='par_1_115' title="bbox 2456 5348 4031 5432">
     <span class='ocr_line' id='line_1_115' title="bbox 2456 5348 4031 5432; baseline -0.007 -18"><span class='ocrx_word' id='word_1_850' title='bbox 2456 5363 2732 5432; x_wconf 78' lang='grc' dir='ltr'>λογισμοῖς</span> <span class='ocrx_word' id='word_1_851' title='bbox 2762 5361 3059 5423; x_wconf 79' lang='grc' dir='ltr'>ἀπατᾶται,</span> <span class='ocrx_word' id='word_1_852' title='bbox 3094 5356 3254 5421; x_wconf 83' lang='grc' dir='ltr'>ἄλλος</span> <span class='ocrx_word' id='word_1_853' title='bbox 3282 5354 3358 5421; x_wconf 83' lang='grc' dir='ltr'><strong>ὡς</strong></span> <span class='ocrx_word' id='word_1_854' title='bbox 3401 5351 3855 5427; x_wconf 78' lang='grc' dir='ltr'>νομοδιδάσκαλος</span> <span class='ocrx_word' id='word_1_855' title='bbox 3890 5348 4031 5404; x_wconf 79' lang='grc' dir='ltr'>εἶναι</span> 
     </span>
    </p>
   </div>
   <div class='ocr_carea' id='block_1_116' title="bbox 2038 5628 2702 5689">
    <p class='ocr_par' dir='ltr' id='par_1_116' title="bbox 2038 5628 2702 5689">
     <span class='ocr_line' id='line_1_116' title="bbox 2038 5628 2702 5689; baseline -0.008 0"><span class='ocrx_word' id='word_1_856' title='bbox 2038 5632 2268 5689; x_wconf 72' lang='lat' dir='ltr'><strong>VARLE</strong></span> <span class='ocrx_word' id='word_1_857' title='bbox 2300 5628 2702 5685; x_wconf 80' lang='lat' dir='ltr'><strong>LECTIONES.</strong></span> 
     </span>
    </p>
   </div>
   <div class='ocr_carea' id='block_1_117' title="bbox 844 5740 2361 5828">
    <p class='ocr_par' dir='ltr' id='par_1_117' title="bbox 844 5740 2361 5828">
     <span class='ocr_line' id='line_1_117' title="bbox 844 5740 2361 5828; baseline -0.019 -13"><span class='ocrx_word' id='word_1_858' title='bbox 844 5760 921 5828; x_wconf 70' lang='grc' dir='ltr'><strong>(Ι)</strong></span> <span class='ocrx_word' id='word_1_859' title='bbox 945 5757 1040 5815; x_wconf 88' lang='lat' dir='ltr'><strong>Sic</strong></span> <span class='ocrx_word' id='word_1_860' title='bbox 1067 5756 1188 5810; x_wconf 86' lang='lat' dir='ltr'><strong>cod.</strong></span> <span class='ocrx_word' id='word_1_861' title='bbox 1267 5754 1343 5823; x_wconf 78' lang='lat'>(‘2)</span> <span class='ocrx_word' id='word_1_862' title='bbox 1369 5747 1517 5808; x_wconf 85' lang='lat' dir='ltr'><strong>Cod.</strong></span> <span class='ocrx_word' id='word_1_863' title='bbox 1549 5742 1884 5813; x_wconf 76' lang='grc' dir='ltr'>ἁαρτιζεται.</span> <span class='ocrx_word' id='word_1_864' title='bbox 1976 5742 2056 5812; x_wconf 65' lang='lat'><strong>(3;</strong></span> <span class='ocrx_word' id='word_1_865' title='bbox 2090 5740 2179 5794; x_wconf 64' lang='grc' dir='ltr'><strong>ςίίε</strong></span> <span class='ocrx_word' id='word_1_866' title='bbox 2212 5741 2361 5805; x_wconf 80' lang='lat' dir='ltr'><strong>cod,,</strong></span> 
     </span>
    </p>
   </div>
   <div class='ocr_carea' id='block_1_118' title="bbox 2461 5734 3113 5811">
    <p class='ocr_par' dir='ltr' id='par_1_118' title="bbox 2461 5734 3113 5811">
     <span class='ocr_line' id='line_1_118' title="bbox 2461 5734 3113 5811; baseline -0.02 -15"><span class='ocrx_word' id='word_1_867' title='bbox 2461 5742 2535 5811; x_wconf 74' lang='grc' dir='ltr'><strong>(Α)</strong></span> <span class='ocrx_word' id='word_1_868' title='bbox 2564 5741 2601 5796; x_wconf 81' lang='lat' dir='ltr'><strong>C</strong></span> <span class='ocrx_word' id='word_1_869' title='bbox 2614 5744 2706 5793; x_wconf 82' lang='lat' dir='ltr'><strong>od.</strong></span> <span class='ocrx_word' id='word_1_870' title='bbox 2749 5734 3113 5805; x_wconf 70' lang='lat' dir='ltr'><strong>xuthputei.</strong></span> 
     </span>
    </p>
   </div>
  </div>
