4266 6356
227 365 338 429 505
1474 348 1843 415 HOMILI/E.
1873 372 1912 386 -

1793 348 1843 411 Ξ.
1873 371 1938 386 ·-
1968 346 2153 410 110M.
2194 346 2261 409 V.
3376 339 3478 404 506

229 475 429 546 ἀγαπᾷ
471 470 563 528 διά
614 467 771 535 δόξαν
813 465 1161 539 ἀνθρώπων,
1202 461 1363 528 ἄλλος
1407 461 1676 535 χαυνώσει
1710 460 1805 515 καὶ
1836 465 1914 521 Α]

1796 475 1805 512 ι
1836 465 1877 521 Α
1908 473 2020 513 rem
2060 464 2156 513 aut
2191 454 2589 512 obseenltatem
2620 452 2836 525 diligit,
2891 461 2947 507 et
2978 451 3161 509 statim
3194 466 3259 509 ac
3286 453 3481 524 aliquis

228 543 467 637 ἀμελείᾳ
494 564 713 635 ήδεται,
744 558 904 620 ἄλλος
943 555 1177 627 ίματίοις
1212 554 1309 609 καὶ
1358 553 1550 623 ῥάκεσι
1577 551 1806 614 δέδεται,
1910 565 1913 573 τ

1796 590 1806 614 ,
1910 563 2078 618 parvo
2127 555 2223 601 aut
2272 560 2470 615 magno
2502 544 2693 599 mundi
2748 544 2971 599 vinculo
3028 543 3330 609 detinetur,
3376 544 3481 598 hoc

228 635 393 719 ἄλλος
444 635 755 723 μερίμναις
822 649 1040 717 γητναις
1088 643 1280 700 ἑαυτὸν
1330 642 1546 695 δίδωσιν
1578 679 1597 704 ,
1652 638 1809 701 ἄλλος
1908 655 1913 708 1

1794 655 1809 701 ;
1908 638 2222 709 possidetur
2252 651 2354 691 nec
2391 636 2591 690 sinitur
2613 650 2922 706 assurgere.
2952 635 3267 691 Passionem
3306 635 3479 701 enim,

230 747 405 800 ὕπνον
435 722 922 813 καὶῗεὺτραπελίαν
962 737 996 809 ἢ
1044 732 1427 806 αἰσχρολογίαν
1474 732 1682 802 ἀγαπᾷο
1714 729 1809 783 καὶ
1909 747 1915 775 ‹

1797 737 1809 781 ι
1909 734 2098 781 contra
2130 739 2293 794 quam
2328 723 2495 778 homo
2520 738 2629 777 non
2664 733 2871 794 pugnat
2912 722 3171 788 viriliter,
3205 725 3354 778 illam
3398 724 3482 779 di-

232 837 422 909 μικρῷ
450 835 559 905 γάρ
583 852 667 897 τις
694 831 789 885 καὶ⁸
820 827 1041 900 μεγάλῳ
1062 825 1429 897 δεσμούμενος
1456 820 1551 875 τοῦ
1580 820 1806 909 κόσμου,
1908 816 1917 871 1

1797 860 1806 882 ,
1908 816 2065 886 ligit;
2095 824 2150 870 ct
2176 814 2266 869 illa
2292 815 2439 869 hune
2465 814 2783 869 dominatur
2824 824 2881 870 et
2904 815 3190 885 opprimit,
3219 815 3279 870 fit
3304 816 3354 869 ei
3383 816 3482 870 im-

230 907 429 997 eui-Vt!)
465 924 759 994 κατέχεται
792 920 890 973 καὶ
936 918 1036 971 οὐκ
1082 917 1237 969 tam
1270 911 1570 981 ἀνακύψαι.
1611 909 1756 981 Πρὸς
1782 907 1812 962 δ
1909 922 1915 976 1

1797 907 1812 961 l
1909 907 2285 977 pedimentum
2311 914 2367 960 et
2400 916 2616 971 catena,
2648 922 2717 961 ne
2750 917 2990 962 mentem
3027 921 3182 961 suam
3207 908 3273 961 ad
3312 908 3482 961 Deum

231 1020 343 1091 γάρ
377 1036 463 1082 τις
511 1012 770 1076 πάθοςόὐ
802 1010 1032 1080 πολεμεῖ
1069 1006 1357 1078 γενναίως,
1384 1006 1561 1059 ἐκεῖνο
1599 1003 1809 1075 ἀγαπᾷ,
1910 1020 1916 1049 ι

1802 1043 1809 1067 ,
1910 1000 2131 1069 dirigat,
2156 1014 2259 1053 nec
2288 999 2365 1052 illi
2402 998 2761 1069 eomplaceat,
2783 1013 2963 1068 neque
2992 998 3069 1053 illi
3103 998 3205 1054 soli
3236 1000 3487 1054 serviens

232 1090 458 1163 κάκεῖνο
500 1104 695 1174 κρατεῖ
721 1100 909 1163 αὑτὸν,
938 1099 1034 1153 καὶ
1067 1096 1313 1169 βαρύνει,
1345 1096 1439 1149 καὶ
1481 1096 1689 1164 γίνεται
1716 1094 1812 1147 αύ-
1912 1108 1917 1145 1

1796 1124 1812 1137 -
1912 1106 2140 1162 regnum
2175 1090 2422 1145 obtineat
2464 1100 2521 1146 et
2564 1091 2631 1145 ad
2678 1090 2847 1143 vitam
2884 1099 3145 1145 aeternam
3177 1092 3481 1158 perveniat.

234 1200 315 1269 τῷ
340 1196 609 1267 ἐμπόδιον,
658 1194 752 1247 καὶ
790 1192 1016 1255 ἀλυσις,
1064 1188 1160 1241 τοῦ
1215 1187 1291 1259 μὴ
1333 1187 1425 1239 τὸν
1483 1183 1607 1239 νοῦν
1646 1183 1810 1238 αὑτοῦ
1912 1227 1919 1239 .

1799 1183 1810 1235 i
1912 1183 2111 1239 Anima
2145 1183 2293 1237 enim
2329 1198 2452 1252 quae
2482 1198 2613 1239 vere
2640 1182 2706 1237 ad
2736 1182 3027 1237 Dominum
3072 1181 3351 1253 dirigitur,
3372 1192 3484 1238 tota

208 1289 462 1343 ἀπιέναι
504 1284 641 1355 πρὸς
678 1284 769 1336 τὸν
809 1280 959 1345 Θεὸν,
987 1278 1081 1333 καὶ
1112 1275 1478 1347 εὐαρεστῆσαι
1506 1272 1677 1343 αὐτῷ,
1718 1272 1814 1325 καὶ

1803 1287 1814 1324 ι
1912 1276 2137 1330 omnino
2178 1290 2332 1329 suam
2380 1274 2735 1329 dilectionem
2770 1274 2825 1329 in
2864 1274 3017 1329 illum
3073 1275 3393 1340 contrahit,
3431 1286 3488 1330 et

233 1378 391 1449 αύτῷ
432 1378 579 1447 μόνῳ
604 1371 978 1445 λατρεύσαντα
1012 1365 1383 1439 χρησιμεῦσαι
1429 1367 1497 1436 τῇ
1544 1361 1810 1434 βασιλείᾳ,
1914 1370 1918 1422 j

1801 1402 1810 1426 ι
1914 1368 1992 1422 illi
2025 1367 2125 1421 soli
2169 1382 2236 1421 ex
2287 1367 2613 1432 intentione,
2649 1374 2918 1436 quantum
2961 1375 3165 1437 potest,
3208 1367 3486 1432 vincitur;

234 1468 333 1521 καὶ
361 1462 510 1535 ζωῆς
544 1464 764 1518 αἰωνίου
796 1458 1160 1531 τυχεῖνοψυχὴ
1232 1455 1341 1525 γάρ
1370 1456 1403 1524 ἡ
1426 1452 1642 1522 ἀληθῶς
1678 1452 1814 1520 πρὸς
1914 1482 1919 1508 ε

1804 1469 1814 1513 ῖ
1914 1468 1970 1514 et
1992 1458 2118 1514 inde
2139 1459 2324 1528 gratia:
2347 1458 2615 1512 auxilium
2666 1456 2931 1527 acquirit,
2959 1466 3015 1512 et
3046 1459 3282 1527 seipsam
3321 1459 3489 1512 abne—

238 1557 449 1624 Κύριον
479 1554 579 1625 τὴν
621 1552 799 1623 ὁρμὴν
830 1551 1029 1621 ἔχουσα
1061 1549 1158 1618 ὅλη
1193 1548 1255 1612 ἐξ
1297 1548 1418 1600 ὅλου
1457 1545 1556 1613 τήν
1594 1543 1814 1613 ἀγάπην
1915 1571 1923 1615 η

1802 1559 1814 1593 ν
1915 1560 2026 1616 gat,
2060 1559 2116 1606 et
2142 1550 2414 1605 voluntati
2454 1548 2656 1604 mentis
2694 1563 2806 1603 suae
2835 1563 2946 1603 non
2975 1548 3487 1618 obtemperat,quia

238 1649 411 1716 αὐτῆς
444 1647 580 1717 πρὸς
617 1645 779 1700 αὑτὸν
813 1644 962 1697 ἕλκει
995 1641 1095 1711 (5),
1144 1642 1240 1694 καὶ
1288 1638 1424 1709 πρὸς
1460 1635 1623 1690 αὐτὸν
1658 1635 1817 1705 μόνον
1917 1646 1923 1701 j

1805 1654 1817 1685 ν
1917 1646 1974 1701 in
2001 1644 2158 1699 nobis
2186 1660 2283 1714 per
2310 1641 2559 1697 fraudem
2606 1640 2850 1694 ambulat
2892 1639 3361 1710 pereoncomitans
3435 1650 3490 1696 et

237 1742 304 1792 ὲκ
339 1736 738 1808 προαιρέσεως,
768 1736 867 1804 ὅση
912 1734 1167 1803 δύναμις,
1215 1730 1519 1800 δεσμεῖται,
1562 1725 1815 1780 κάκεῖθεν
1919 1755 1922 1787 ε

1804 1741 1815 1774 ν
1919 1735 2191 1789 seducens
2221 1734 2458 1799 malum;
2487 1732 2582 1786 sed
2607 1730 2779 1785 verbo
2816 1731 3029 1784 Domini
3066 1731 3309 1801 perfecte
3340 1732 3489 1800 seip-

238 1830 341 1901 τὴν
397 1829 651 1898 βοήθειαν
678 1826 780 1895 τῆς
824 1825 1045 1895 χάριτος
1092 1822 1453 1893 προσκτᾶται,
1494 1818 1589 1872 καὶ
1618 1817 1817 1884 ἑαυτὴν
1854 1808 1923 1879 Β,

1805 1834 1817 1866 ν
1854 1808 1889 1860 Β
1916 1841 2029 1880 sam
2055 1825 2345 1894 permittit,
2369 1834 2427 1879 et
2451 1823 2520 1878 ab
2539 1822 2689 1876 omni
2718 1821 2921 1875 visibili
2946 1821 3168 1876 vinculo
3189 1838 3247 1877 se
3270 1822 3490 1885 liberat,

239 1922 528 1991 ἀρνεῖται,
574 1918 668 1970 καὶ
713 1920 825 1979 τοῖς
867 1916 1133 1985 θελήμασι
1180 1910 1277 1964 τοῦ
1330 1910 1450 1972 νοὸς
1497 1907 1665 1976 αὐτῆς
1718 1906 1816 1957 οὑκ
1915 1934 1924 1969 ε

1803 1923 1816 1956 ι
1915 1924 2182 1985 quantum
2199 1931 2266 1969 ex
2287 1914 2569 1968 voluntate
2586 1912 2846 1982 possibile
2868 1922 2972 1977 est,
2992 1920 3049 1967 ct
3072 1913 3302 1967 Domino
3324 1923 3488 1967 totam

237 2011 545 2075 ἀκολουθεῖ,
590 2010 671 2063 ὅτι
702 2006 891 2069 δολίως
930 2003 1221 2075 πορεύεται
1275 2001 1390 2072 μεθ’
1420 1997 1575 2071 ἡμῶν
1622 1997 1711 2050 διὰ
1756 1993 1818 2045 τὸ
1914 2028 1922 2058 ε

1807 2009 1818 2044 ⁵
1914 2008 2141 2063 omnino
2166 2008 2512 2076 semetipsam
2551 2005 2666 2069 dat,
2691 2015 2746 2059 et
2778 2006 2853 2060 ita
2886 2007 3225 2075 pertransire
3258 2007 3492 2061 feliciter

240 2100 403 2152 auva
429 2099 521 2151 καὶ
546 2094 796 2158 δελεάζον
824 2093 1013 2159 κακὸν,
1046 2090 1182 2145 ἀλλά
1210 2089 1289 2160 τῷ
1318 2088 1411 2142 τοῦ
1441 2086 1643 2159 Κυρίου
1674 2086 1817 2155 λόγῳ
1915 2116 1925 2171 1

1807 2102 1817 2137 '
1915 2099 2120 2171 poterit
2150 2115 2376 2169 pugnas,
2408 2099 2626 2153 labores
2651 2107 2706 2152 et
2729 2114 3020 2155 :crumnas.
3061 2099 3163 2156 Ubi
3192 2100 3337 2154 enim
3370 2100 3492 2154 dili-

238 2189 505 2252 ὀλοτελῶς
558 2188 759 2257 ἑαυτὴν
806 2184 1078 2247 ἐκδίδωσι,
1130 2182 1223 2235 καὶ
1266 2180 1465 2243 παντὸς
1496 2178 1817 2249 φαινομένου
1916 2209 1923 2259 1

1807 2195 1817 2227 l
1916 2193 2086 2261 gitur,
2119 2191 2248 2245 inde
2279 2190 2542 2244 auxilium
2572 2191 2723 2245 venit
2749 2201 2805 2245 et
2847 2191 2977 2246 inde
3020 2192 3238 2261 pondus
3269 2193 3420 2246 venit
3447 2194 3492 2247 si

239 2281 446 2350 δεσμοῦ
472 2279 587 2332 λύει
624 2275 842 2347 ἑαυτὴν,
876 2277 998 2329 ὅσον
1021 2275 1085 2326 ὲκ
1118 2272 1420 2343 θελήματος
1453 2269 1695 2330 δυνατὸν,
1724 2265 1821 2318 καὶ
1918 2300 1924 2329 ς

1808 2274 1821 2316 ι
1918 2280 2051 2348 quid
2076 2294 2107 2333 e
2133 2280 2338 2333 mundo
2374 2278 2553 2349 diligit
2583 2280 2769 2345 homo,
2812 2280 2915 2335 hoc
2962 2280 3139 2350 ipsum
3172 2281 3233 2334 fit
3262 2281 3337 2335 illi
3375 2297 3493 2335 sar-

240 2374 321 2443 τῷ
343 2372 536 2442 Κυρίῳ
565 2370 625 2435 ἐξ
644 2368 765 2423 ὅλου
797 2365 997 2436 ἑαυτὴν
1017 2366 1221 2429 δίδωσι,
1255 2364 1349 2416 καὶ
1367 2360 1509 2414 οὕτω
1531 2359 1820 2425 διεξελθεῖν
1920 2389 1925 2416 4

1807 2376 1820 2409 θ
1920 2368 2043 2422 cina
2081 2377 2137 2423 et
2170 2367 2388 2421 vincula
2413 2366 2671 2422 deorsum
2720 2367 3088 2433 demittentia,
3129 2383 3232 2423 nec
3274 2385 3492 2425 sursum

242 2461 487 2531 εὐχερῶς
518 2460 810 2529 δυνήσεται
840 2456 965 2517 τοὺς
998 2453 1215 2521 ἀγῶνας
1249 2452 1344 2523 καὶ.
1370 2452 1566 2512 πόνους
1588 2449 1681 2502 καὶ
1706 2448 1821 2501 θλί-
1922 2476 1927 2530 1

1807 2477 1821 2489 '
1922 2461 2299 2530 permittentia
2329 2460 2398 2514 ad
2440 2461 2612 2514 Deum
2641 2475 2698 2515 se
2728 2461 3019 2526 attollere;
3061 2463 3146 2515 sin
3177 2471 3359 2516 autem
3388 2464 3492 2517 Do-

241 2552 390 2622 ψεις.
409 2553 581 2604 Ὅπου
608 2547 1047 2618 γάρνάγαπᾶται,
1082 2544 1290 2597 ἐκεῖθεν
1316 2541 1610 2612 βοηθεῖται,
1637 2541 1823 2592 κάκεῖ·
1922 2571 1926 2608 1

1813 2568 1823 2580 '
1922 2556 2131 2608 minum
2160 2563 2217 2608 et
2246 2555 2366 2624 ejus
2396 2554 2650 2609 mandata
2694 2555 2894 2627 diligit,
2930 2555 3056 2610 inde
3102 2555 3365 2609 auxilium
3411 2571 3498 2609 re-

246 2642 341 2695 θεν
383 2642 649 2712 βαρεῖταιο
680 2640 774 2691 ἐάν
802 2656 855 2691 τι
884 2637 977 2691 τοῦ
1008 2637 1214 2707 κόσμου
1248 2636 1460 2706 ἀγαπᾷ,
1489 2633 1622 2687 αὐτὸ
1647 2634 1823 2685 ὲκεῖνο
1922 2665 1931 2698 ε

1815 2650 1823 2683 ι
1922 2647 2078 2716 cipit.
2108 2645 2238 2699 inde
2274 2644 2597 2711 sustinetur,
2636 2654 2693 2700 et
2722 2646 2976 2715 expedita
3027 2647 3105 2700 illi
3148 2648 3331 2701 omnia
3365 2646 3500 2700 fiunt

244 2732 456 2802 γίνεται
486 2731 636 2802 αὐτῷ
665 2731 883 2800 φορτίον
917 2728 1013 2782 καὶ
1042 2727 1231 2798 δεσμοὶ
1260 2726 1615 2787 καθέλκοντες
1651 2725 1821 2789 κάτω,
1924 2736 1929 2790 ἶ

1813 2764 1821 2789 ι
1924 2735 2143 2790 Domini
2184 2744 2454 2804 praecepta
2501 2735 2569 2789 ad
2620 2737 2946 2791 servandam
2998 2738 3223 2791 omnino
3252 2754 3407 2792 suam
3446 2738 3498 2791 in

247 2826 346 2880 καὶ
378 2826 452 2893 μὴ
494 2822 906 2893 συγχωροῦντες
934 2822 1047 2876 ἀνω
1073 2820 1210 2891 πρὸς
1234 2818 1366 2872 Θεὸν
1394 2817 1656 2872 ἀνελθεῖν.
1700 2818 1826 2870 Ἐὰν
1926 2828 1932 2880 ]

1820 2832 1826 2861 ’
1926 2826 2217 2881 Dominum
2246 2825 2621 2893 dilectionem,
2646 2836 2700 2881 et
2734 2828 3002 2881 inclinant
3033 2828 3101 2881 ad
3135 2828 3363 2891 bonum,
3396 2844 3505 2883 aiu-

243 2916 303 2969 δὲ
338 2916 431 2968 τὸν
457 2915 658 2985 Κύριον
681 2913 776 2965 καὶ
807 2914 906 2975 τὰς
933 2910 1155 2973 ἐντολὰς
1197 2908 1360 2963 αὐτοῦ
1381 2910 1592 2979 ἀγαπᾷ,
1619 2908 1826 2961 ἐκεῖθεν

1819 2925 1826 2955 ν
1928 2917 2073 2987 plius
2094 2925 2277 2971 autem
2304 2926 2361 2971 et
2390 2916 2566 2971 levius
2591 2928 2648 2972 et
2671 2916 2888 2972 facilius
2920 2917 3166 2971 elliciunt
3202 2933 3364 2973 omne
3387 2919 3504 2973 bel-

248 3006 528 3076 βοηθεῖται
586 3002 843 3057 κάκεῖθεν
894 3001 1237 3070 κουφίζεται,
1291 3000 1384 3052 καὶ
1428 2998 1625 3052 εὔκολα
1678 2998 1827 3069 αὐτῷ
1928 3008 1933 3061 ]

1818 3018 1827 3049 ι
1928 3008 2041 3061 lum
2066 3016 2121 3060 et
2153 3021 2373 3060 omnem
2401 3022 2725 3071 arumnam,
2749 3017 2804 3062 et
2836 3024 2936 3077 per
2962 3009 3223 3063 virtutem
3260 3009 3503 3065 divinam

247 3100 432 3153 πάντα
477 3097 686 3165 γίνεται
743 3094 813 3148 τά
862 3094 956 3148 τοῦ
1006 3093 1212 3163 Κυρίου
1265 3091 1701 3163 παραγγέλματα
1726 3090 1827 3197 ἱτῷ
1854 3140 1895 3197 C

1821 3111 1895 3197 lc
1931 3098 2197 3152 mundum
2231 3098 2563 3167 proﬂigaret,
2610 3108 2666 3153 et
2700 3098 2923 3153 malitiae
2956 3099 3124 3162 vires,
3160 3116 3283 3169 quae
3313 3100 3368 3154 in
3411 3102 3506 3156 illo

246 3190 349 3259 τὴν
401 3188 625 3255 ἀγάπην
668 3186 835 3241 αὐτοῦ
877 3186 1016 3256 πρὸς
1058 3185 1220 3237 αὐτὸν
1242 3182 1549 3246 ἀποσώζειν
1600 3180 1825 3250 όλοκλήρ·
1855 3180 1895 3197 “
1929 3228 1931 3238 ,

1823 3210 1825 3220 ν
1855 3180 1895 3197 “⁴
1929 3189 2167 3243 animam
2190 3188 2511 3256 illaqueant,
2536 3199 2591 3242 et
2616 3189 2979 3257 cupiditatum
3012 3190 3225 3243 retibus
3242 3190 3508 3260 multipli—

247 3300 385 3354 ρως,
434 3282 529 3333 καὶ
564 3280 721 3349 βαρεῖ
766 3279 847 3341 είς
883 3279 944 3331 τὸ
976 3276 1201 3345 ἀγαθὸν,
1248 3276 1447 3345 μᾶλλον
1476 3274 1533 3328 δὲ
1578 3275 1673 3326 καὶ¹
1700 3290 1828 3325 κου·
1929 3307 1932 3324 .

1823 3301 1828 3313 ι
1929 3280 2077 3334 cium
2132 3280 2187 3332 in
2227 3277 2415 3331 mundi
2469 3279 2667 3349 abysso
2706 3279 2861 3333 illum
2918 3279 3261 3345 devinciunt,
3314 3292 3371 3336 et
3436 3283 3508 3336 ita

248 3376 399 3441 φίζει
429 3373 523 3424 καὶ
551 3369 841 3439 ὲλαφρύνει
889 3369 1066 3422 πάντα
1100 3368 1337 3437 πόλεμον
1376 3365 1472 3419 καὶ
1506 3366 1685 3419 πᾶσαν
1715 3362 1829 3415 θλί-
1930 3372 1933 3425 ς

1824 3392 1829 3403 ·
1930 3370 2195 3425 liberatus
2243 3368 2311 3422 ab
2356 3370 2440 3422 eis
2474 3384 2572 3437 per
2603 3385 2757 3423 suam
2786 3370 2946 3424 fidem
2978 3380 3033 3424 et
3066 3386 3318 3441 magnam
3349 3372 3509 3427 forti-

244 3467 368 3534 ψιν,
423 3465 516 3515 καὶ
554 3462 644 3516 διά
698 3462 797 3528 τῆς
831 3458 982 3521 θείας
1024 3458 1307 3527 δυνάμεως
1336 3457 1427 3509 τὸν
1470 3454 1676 3524 κόσμον
1712 3453 1830 3506 δια-

1824 3483 1830 3494 ·
1932 3466 2201 3528 tudinem,
2255 3470 2311 3517 et
2374 3478 2471 3529 per
2516 3464 2739 3519 caeleste
2794 3464 3093 3529 auxilium,
3147 3465 3237 3519 ubi
3296 3465 3509 3531 dilexit,

252 3556 468 3614 κόπτει,
501 3554 595 3605 καὶ
641 3552 739 3613 τάς
772 3550 1029 3619 δυνάμεις
1062 3548 1159 3615 τῆς
1190 3546 1409 3609 κακίας,
1452 3544 1552 3607 τάς
1586 3545 1643 3593 ὲν
1683 3540 1831 3611 αύτῷ
1930 3574 1937 3609 π

1827 3565 1831 3587 ’
1930 3558 2121 3611 αξιοι-υἱ
2190 3558 2341 3627 regni
2410 3556 2608 3626 dignus
2681 3555 2997 3627 judicatur,
3065 3556 3211 3625 quod
3288 3558 3512 3627 propria

249 3642 658 3711 παγιδευούσας
712 3640 810 3710 τὴν
860 3638 1059 3708 ψυχὴν,
1118 3638 1209 3689 καὶ¹
1266 3635 1475 3705 βρόχοις
1528 3630 1831 3700 ἐπιθυμιῶν

1825 3648 1831 3675 ’
1934 3650 2213 3704 voluntate
2267 3650 2460 3704 dilexit
2514 3650 2571 3702 in
2616 3648 2883 3710 veritate,
2932 3656 2989 3701 et
3040 3663 3071 3701 a
3126 3648 3358 3702 Domino
3409 3665 3510 3703 au-

253 3734 617 3788 παντοδαπῶν
641 3735 698 3786 ἐν
726 3732 805 3801 τῷ
833 3730 925 3784 τοῦ
953 3731 1158 3800 κόσμου
1193 3725 1339 3797 βυθῷ
1368 3721 1829 3791 καταδεσμούσας,
1932 3756 1938 3791 ς

1932 3740 2121 3793 xilium
2176 3742 2473 3809 accipiens,
2531 3749 2736 3794 aeterna
2797 3737 2907 3792 vita
2965 3753 3077 3791 non
3132 3738 3399 3805 privatur.
3444 3738 3515 3793 lit

260 3828 359 3879 καὶ
386 3825 558 3887 οὕτως
600 3824 874 3893 ὲξειλῆσαι
906 3822 983 3892 (6)
1022 3824 1079 3887 ἐξ
1114 3818 1292 3872 αὐτῶν
1313 3816 1398 3868 διὰ
1431 3815 1529 3881 τῆς
1577 3814 1710 3875 ἰδίας
1742 3812 1831 3863 πί-
1934 3846 1945 3883 ε

1827 3841 1831 3849 ’
1934 3840 2115 3884 autem
2179 3832 2345 3887 rebus
2407 3831 2758 3885 evidentibus
2831 3829 3126 3884 ostendere
3202 3831 3512 3899 possimus,

256 3934 430 3980 στεως
467 3919 561 3971 καὶ
593 3918 828 3985 σπουδῆς
853 3914 1073 3983 πολλῆς,
1105 3912 1197 3965 καὶ
1230 3908 1319 3961 διὰ
1341 3908 1441 3977 τῆς
1470 3905 1675 3959 ἄνωθεν
1706 3904 1833 3973 βοη-
1935 3939 1941 3970 ι

1831 3934 1833 3941 ί
1935 3921 2210 3987 quomodo
2278 3921 2500 3989 propria
2555 3920 2839 3973 voluntate
2902 3918 3061 3972 multi
3131 3930 3395 3988 pereant,
3458 3930 3516 3974 et

255 4017 427 4076 θείας,
460 4011 591 4065 ἔνθα
621 4010 897 4079 ήγάπησε,
944 4006 1043 4075 τῆς
1101 4001 1320 4055 αίωνίου
1362 3997 1634 4068 βασιλείας
1664 3993 1836 4059 ἀξιοῦ·
1938 4011 1940 4060 ς

1828 4022 1836 4033 ’
1938 4009 1993 4061 in
2024 4025 2175 4063 mare
2204 4010 2647 4079 submergantur,
2674 4016 2729 4062 et
2771 4009 2825 4061 in
2848 4010 3173 4063 servitutem
3201 4010 3513 4075 trahantur,

255 4126 374 4170 ται,
398 4108 463 4176 ἢν
497 4103 614 4173 ίδίῳ
657 4099 923 4169 θελήματι
964 4096 1256 4163 ἀγαπήσας
1314 4090 1373 4155 ἐξ
1428 4087 1707 4157 ἀληθείας,
1743 4084 1837 4136 καὶ
1937 4120 1940 4151 1

1829 4103 1837 4135 ι
1937 4114 2186 4168 suppone
2220 4101 2354 4153 mihi
2397 4100 2689 4169 quamdam
2725 4099 2947 4152 domum
2992 4101 3117 4169 igne
3149 4099 3386 4165 incendi,
3420 4100 3514 4169 qui

262 4200 376 4253 ὑπὸ
404 4197 497 4249 τοῦ
531 4195 737 4264 Κυρίου
801 4188 1107 4260 βοηθηθεὶς,
1152 4185 1252 4253 τῆς
1285 4182 1504 4235 αίωνίου
1556 4179 1701 4246 ζωῆς
1736 4176 1836 4229 οὐκ
1937 4206 1947 4227 π

1831 4194 1836 4227 ι
1937 4192 2173 4246 voluerit
2222 4208 2279 4246 se
2332 4193 2564 4254 salvare,
2608 4191 2701 4244 ubi
2750 4189 3063 4243 incendium
3103 4190 3304 4254 sensit,
3335 4191 3516 4246 nudus

258 4290 543 4344 ἐκπίπτει.
580 4288 698 4337 Ἵνα
730 4283 785 4335 δὲ
813 4282 921 4335 ἀπὸ
960 4272 1581 4351 πραγμάτωνηφανερῶν
1624 4268 1837 4322 ἀποδεί-
1938 4299 1943 4325 4

1832 4298 1837 4308 ι
1938 4277 2150 4347 effugit,
2189 4278 2371 4331 omnia
2405 4279 2723 4345 relinquens
2751 4286 2807 4330 et
2837 4292 2949 4331 suae
2976 4276 3103 4331 vita;
3126 4278 3301 4331 solum
3328 4279 3517 4334 volens

261 4384 467 4450 ξωμεν,
506 4377 624 4440 πῶς
665 4376 929 4445 θελήματι
977 4372 1091 4441 ἰδίῳ
1139 4366 1322 4421 πολλοὶ
1353 4364 1699 4436 ἀπόλλυνται,
1743 4360 1837 4412 καὶ
1940 4390 1946 4417 4

1832 4397 1837 4410 ι
1940 4384 2127 4424 curam
2159 4370 2395 4431 habere,
2422 4371 2663 4423 salvatus
2694 4377 2799 4423 est.
2832 4369 2987 4422 Alius
3016 4383 3149 4422 vero
3183 4369 3372 4424 volens
3401 4385 3517 4425 ser-

260 4474 319 4524 ὲν
374 4469 621 4535 θαλάσσῃ
676 4464 1005 4534 βυθίζονται,
1041 4459 1135 4513 καὶ
1174 4461 1232 4510 ὲν
1268 4453 1614 4525 αἰχμαλωσίᾳ
1654 4450 1833 4520 ἀρπάο
1862 4466 1945 4523 Βι

1830 4466 1914 4523 ’1)
1941 4472 2068 4510 vare
2098 4456 2279 4525 aliqua
2325 4457 2522 4510 domus
2564 4456 2930 4524 supellectilia
2977 4463 3073 4508 aut
3114 4455 3219 4509 alia
3267 4457 3515 4525 quaedam

261 4568 471 4630 ζονται,
507 4559 710 4614 ὑπόθου
765 4556 854 4626 μοί
904 4570 1026 4607 τινα
1058 4548 1205 4605 οἷκον
1246 4545 1628 4618 ὲμπίπρασθαι
1680 4544 1833 4610 πυρὶ,
1941 4553 1946 4606 j

1828 4584 1833 4605 .
1941 4553 2223 4621 ingressus
2255 4560 2337 4605 est
2361 4552 2424 4604 ad
2452 4553 2752 4607 tollendum
2784 4568 2870 4617 ea,
2902 4561 3103 4606 etcum
3130 4554 3513 4623 apprehendit,

261 4656 359 4710 καὶ
383 4655 442 4713 ὃς
480 4652 577 4722 μὲν
609 4634 785 4702 σῶσαι
824 4646 1018 4700 ἑαυτὸν
1065 4642 1407 4713 βουλόμενος,
1442 4635 1721 4705 αίσθηθεις
1746 4633 1837 4687 τοῦ
1942 4645 1946 4697 j

1831 4633 1837 4681 ὗ
1942 4643 2145 4697 invasit
2177 4643 2317 4712 ignis
2350 4653 2517 4696 tutam
2551 4644 2798 4706 domum,
2826 4654 2882 4698 et
2911 4644 3064 4697 illum
3102 4645 3251 4699 intus
3282 4646 3516 4701 detinuit

262 4740 624 4814 ἐμπρησμοῦ,
673 4738 879 4809 γυμνὸς
928 4736 1120 4802 ἔφυγε,
1154 4729 1471 4787 καταλιπὼν
1516 4728 1715 4789 πάντα,
1746 4724 1840 4777 καὶ
1940 4754 1947 4784 ε

1831 4740 1840 4774 '-
1940 4743 1997 4788 et
2036 4733 2359 4788 combussit.
2400 4733 2705 4799 Videsne,
2748 4735 3026 4804 quomodo
3064 4737 3285 4805 propria
3323 4738 3516 4791 volun-

265 4837 461 4893 ἑαυτοῦ
491 4837 589 4905 τὴν
617 4834 794 4903 ψυχὴν
855 4832 1017 4899 μόνον
1058 4823 1521 4897 περιποιήσασθαι
1555 4819 1839 4891 βουληοεὶς
1943 4837 1950 4875 ι

1833 4836 1839 4877 ῑ
1943 4832 2053 4878 tate
2094 4840 2193 4892 per
2241 4823 2615 4888 dilectionem,
2659 4825 2753 4893 qui
2788 4825 2968 4893 aliqua
3021 4824 3089 4877 ad
3130 4834 3345 4895 tempus
3376 4827 3518 4896 apud

264 4926 522 4994 διεσώθη.
554 4924 745 4987 ’Ἄλλος
780 4922 836 4974 δὲ
862 4920 1181 4989 βουλόμενος
1208 4916 1393 4970 λαϐεῖν
1418 4930 1539 4967 τινα
1570 4911 1664 4965 τοῦ
1689 4913 1839 4963 οἴκου

1835 4930 1839 4955 ι
1951 4931 2009 4969 se
2064 4915 2275 4981 dilexit,
2332 4916 2387 4970 in
2433 4916 2556 4985 igne
2582 4916 3132 4985 perierit?similitcr
3168 4917 3365 4972 iterum
3422 4934 3520 4986 per

266 5020 497 5092 σκεύηῆ
548 5017 682 5068 ἄλλα
735 5018 862 5069 τινὰ
905 5010 1154 5080 εἰσῆλθεν
1189 5004 1341 5077 ἆραι,
1390 5006 1483 5059 καὶ
1535 5004 1610 5066 ώς
1656 5002 1837 5056 ἔλαϐε.

1952 5021 2103 5059 mare
2173 5007 2226 5059 in
2292 5022 2485 5075 rupem
2552 5006 2819 5061 fluctuum
2871 5006 3164 5061 stationem
3218 5006 3523 5062 incidentes

268 5111 660 5179 κατεκυρίευσε
687 5107 748 5160 τὸ
776 5106 887 5175 πῦρ
908 5104 1005 5157 τοῦ
1039 5105 1210 5167 οῐκου,
1237 5102 1331 5154 καὶ
1361 5097 1649 5153 συνέλαϐεν
1680 5097 1843 5149 αὑτὸν
1952 5126 1953 5141 κ

1839 5113 1843 5135 ν
1952 5096 2175 5165 quidam
2223 5096 2721 5165 naufragaveruut;
2758 5106 2816 5150 et
2860 5096 2952 5165 qui
2980 5095 3164 5150 nudus
3192 5106 3247 5150 et
3278 5097 3524 5152 vestibus

266 5205 417 5257 ενδον
452 5218 545 5253 και
582 5199 943 5251 κατέκαυσεν.
1003 5193 1188 5263 Ὁρᾷς,
1222 5192 1305 5243 ὅτι
1342 5189 1455 5257 ίδίῳ
1487 5188 1752 5257 θελήματι
1776 5186 1843 5237 δι’

1835 5186 1843 5205 ’
1952 5196 2152 5243 exutus
2173 5188 2226 5241 in
2250 5203 2422 5256 aquas
2460 5203 2517 5241 se
2543 5188 2777 5258 conjecit
2799 5202 2856 5241 se
2880 5187 3055 5240 solum
3081 5187 3292 5240 salvare
3314 5188 3520 5250 volens,

267 5296 515 5363 ἀγάπην,
560 5290 683 5344 τινὰ
732 5289 870 5360 πρὸς
900 5287 1093 5355 καιρὸν
1130 5283 1260 5353 παρ’
1291 5282 1483 5336 ἑαυτὸν
1526 5281 1843 5348 ἀγαπήσας,

1837 5318 1843 5339 .
1954 5292 2010 5336 et
2040 5281 2112 5335 ita
2144 5280 2408 5335 fluctibus
2444 5281 2701 5350 agitatus,
2751 5289 2806 5333 et
2845 5293 3009 5345 super
3062 5293 3158 5331 eos
3193 5286 3406 5340 natans,
3458 5292 3522 5330 eo

270 5361 329 5439 ὲν
375 5361 460 5454 τίς).
490 5384 623 5452 πυρὶ
661 5379 911 5434 ἀπώλετο
934 5397 946 5409 ·
973 5376 1172 5445 ὁμοίως
1204 5374 1367 5429 πάλιν
1407 5375 1464 5425 ὲν
1492 5374 1558 5441 τῇ
1604 5370 1849 5454 θαλάσσῃ

1839 5388 1849 5439 ι
1955 5368 2101 5439 quod
2125 5368 2415 5438 expeditus
2445 5368 2737 5423 admodum
2770 5366 2862 5428 sit,
2892 5363 3105 5419 lmlutus
3126 5371 3210 5419 est
3242 5361 3524 5417 transiissu

1551 5543 1789 5600 VARIAS
1824 5541 2119 5600 LECTION
2129 5542 2228 5597 ES.

347 5741 426 5812 (ὃ)
460 5739 594 5797 Cm].
634 5738 766 5790 ἒκει.
835 5734 907 5803 (6)
946 5733 1090 5790 Cm].
1120 5732 1399 5803 ἐξηλῆσαι.
