4266 6356
819 331 921 394 507

2083 334 2145 394 S.
2185 332 2505 392 MACARII
2548 333 2867 394 ΑΞΟΥΡΤΗ

3961 335 4074 400 508

823 456 1073 495 amarum
1105 456 1314 512 aequor,
1351 442 1541 512 sicque
1566 443 1690 499 vitat
1718 458 1831 501 suae
1859 445 2088 500 salutem
2120 446 2389 515 prmstitit.
2420 453 2469 507 Α
2497 465 2508 499 ε

2385 487 2389 499 ,
2420 453 2469 507 Α
2497 450 2574 514 εἰς
2606 450 2792 502 στάσιν
2814 449 2955 514 τινὲς
2982 448 3250 513 κλύδωνος
3282 450 3667 519 περιπεσόντες
3696 449 4070 519 ἐναυάγησανο

814 535 972 589 Alius
1001 544 1207 598 autem,
1240 535 1435 589 volens
1454 535 1660 605 aliquid
1684 537 2137 601 vestimentorum
2165 554 2387 592 suorum

814 627 1050 689 salvare,
1087 628 1302 695 putavit
1345 643 1403 681 se
1450 644 1611 696 posse
1645 639 1869 683 enatare
1901 636 1958 683 et
1985 631 2216 685 transire
2264 647 2387 685 cum

814 716 927 780 eis,
958 732 1078 783 quae
1123 717 1243 770 tulit
1296 734 1505 781 secum,
1552 730 1608 773 et
1650 721 1739 774 illa
1785 736 1906 789 quae
1952 723 2185 791 sumpsit
2234 723 2385 775 illum

814 820 1211 875 oppresserunt
1238 818 1295 863 et
1329 811 1719 867 itnmerserunt
1747 813 1799 865 in
1830 814 1999 867 maris
2028 816 2306 884 abyssum,
2332 824 2387 869 et

809 897 1022 952 interiit
1047 899 1116 952 ob
1158 901 1415 969 exiguum
1452 903 1693 968 lucrum,
1722 920 1901 973 neque
1942 906 2066 960 vita:
2094 923 2205 961 sua:
2235 908 2385 961 salu-

810 999 916 1043 tem
954 993 1226 1059 praestitit.
1252 995 1490 1058 Videsne
1517 999 1791 1065 quomodo
1834 1000 2055 1067 propria
2100 1001 2382 1054 voluntate

806 1097 902 1135 sua
950 1083 1306 1151 disperierit?
1352 1087 1553 1139 lterum
1609 1104 1855 1157 suppono
1913 1092 2046 1144 mihi
2105 1109 2380 1146 rumorem

806 1174 1049 1227 hostium
1084 1177 1306 1241 venire;
1351 1188 1407 1231 et
1431 1180 1556 1241 hic,
1593 1182 1776 1234 statim
1828 1198 1893 1235 ac
1940 1183 2149 1246 audiit,
2190 1184 2381 1253 effugit

804 1270 1088 1329 continuo,
1120 1268 1332 1336 absque
1361 1272 1611 1325 vestibus
1646 1283 1701 1325 et
1730 1273 1914 1327 nudus
1941 1275 2211 1341 evadens;
2237 1276 2378 1330 alius

800 1364 986 1407 autem
1030 1355 1259 1411 credere
1310 1358 1522 1421 nolens,
1565 1362 2009 1430 apprOpinquare
2044 1364 2250 1426 hostes,
2286 1374 2379 1418 aut

798 1446 993 1499 volens
1038 1446 1249 1515 aliquid
1305 1464 1528 1503 servare
1595 1467 1625 1503 e
1674 1453 1841 1506 rebus
1876 1456 2027 1519 suis,
2067 1465 2124 1509 et
2161 1456 2377 1511 auferre

800 1551 1007 1599 secum,
1060 1550 1306 1591 moratus
1360 1548 1443 1593 est
1494 1539 1697 1610 fugam.
1738 1545 1803 1596 Et
1860 1544 2131 1599 intrantes
2188 1547 2377 1601 hostes

800 1626 1295 1694 apprehenderunt
1328 1630 1504 1693 illum,
1544 1641 1599 1685 et
1625 1634 1902 1700 captivum
1944 1635 2291 1690 abduxerunt
2319 1638 2374 1691 in

804 1716 1231 1785 alienigenarum
1270 1721 1527 1787 patriam,
1570 1734 1625 1776 et
1668 1725 1779 1778 illic
1812 1726 2017 1780 servire
2057 1738 2368 1796 coegerunt.

802 1813 1041 1867 Videsne
1066 1816 1341 1882 quomodo
1370 1818 1589 1885 propria
1632 1834 1727 1871 sua
1758 1821 2061 1884 voluntate,
2088 1822 2157 1874 ob
2188 1838 2366 1876 socor-

799 1904 967 1969 diam,
997 1905 1337 1961 debilitatem
1366 1918 1420 1962 et
1450 1910 1801 1965 dilectionem
1835 1914 2072 1981 aliquam
2110 1931 2289 1968 rerum
2317 1918 2370 1969 in

798 1997 1170 2063 captivitatem
1212 1999 1476 2053 reductus
1497 2000 1611 2053 sit?
1664 2002 1919 2057 similiter
1940 2005 2035 2072 qui
2066 2020 2176 2057 non
2218 2021 2373 2059 man—

797 2088 941 2141 datis
984 2089 1200 2144 Domini
1232 2091 1587 2156 obedientes,
1622 2109 1725 2147 nec
1771 2097 1982 2162 seipsos
2016 2096 2367 2167 abnegantes,

795 2196 904 2235 non
947 2181 1125 2235 solum
1157 2183 1447 2237 Dominum
1473 2184 1746 2255 diligunt;
1791 2188 1887 2241 sed
1916 2189 2153 2243 vinculis
2193 2198 2369 2243 terre-

795 2270 1004 2325 stribus
1052 2272 1291 2327 libenter
1328 2274 1680 2341 detinentur,
1712 2278 1935 2346 quando
1989 2282 2203 2334 venerit
2230 2280 2370 2350 ignis

794 2372 1058 2428 internus,
1097 2365 1241 2418 sicut
1274 2364 1861 2438 invenienturcaptivi
1904 2370 2197 2435 virtutum,
2245 2372 2369 2425 vin-

797 2457 869 2508 eti
896 2462 1081 2509 autem
1103 2456 1273 2526 magis
1303 2457 1358 2511 in
1398 2460 1587 2513 mundi
1614 2460 1913 2517 dilectione
1942 2463 2365 2533 immergentur;

795 2556 851 2600 ct
890 2546 989 2601 sub
1032 2562 1277 2601 amarum
1309 2564 1458 2604 mare
1484 2552 1743 2620 nequitia:
1766 2555 2203 2623 prwcipitantur.
2229 2566 2283 2610 et
2312 2559 2365 2610 in

796 2640 1063 2693 servitute
1091 2640 1543 2709 alienigenarum.
1581 2643 1635 2697 id
1662 2654 1747 2698 est
1775 2646 2073 2713 spirituum
2108 2649 2368 2715 nequitiae

796 2731 996 2798 captivi
1028 2730 1156 2785 facti
1185 2742 1437 2801 pereunt.
1466 2735 1521 2789 Si
1555 2752 1686 2789 vero
1720 2738 1857 2791 velis
1888 2739 2199 2793 dilectionis
2240 2758 2367 2809 per-

792 2820 948 2873 fecta:
969 2821 1351 2876 rectitudinem
1385 2824 1450 2877 ad
1488 2826 1778 2879 Dominum
1814 2844 1843 2881 e
1884 2831 2089 2882 sanctis
2117 2839 2172 2883 et
2198 2846 2225 2882 a
2256 2832 2366 2885 Deo

792 2910 1079 2979 inspiratis
1109 2911 1406 2981 Seripturis
1451 2916 1727 2980 ediscere;
1763 2918 1887 2972 vide
1919 2920 2041 2981 Job,
2089 2922 2366 2988 quomodo

794 3001 983 3054 omnia
1039 3005 1274 3067 exuerit,
1314 3015 1376 3058 ut
1423 3008 1496 3059 ita
1532 3008 1732 3070 dicam,
1771 3025 1890 3076 quae
1918 3012 2263 3078 possidebat;
2306 3014 2367 3065 ti-

2496 541 2587 591 καὶ
2624 541 2683 603 ὃς
2719 540 2815 607 μὲν
2858 538 3062 609 γυμνὸς
3118 538 3524 607 ἀποδυσάμενος
3580 538 3824 608 εἰσῆλθεν
3866 540 3925 592 ἐν
3953 543 4074 603 τοῖς

2492 628 2701 691 ὕδασιν,
2741 629 2930 681 ἐαυτὸν
2964 630 3119 698 μόνον
3164 628 3485 701 βουλόμενος
3530 632 3723 696 σῶσαι,
3767 632 3859 683 καὶ
3891 631 4072 695 οὕτως

2491 721 2595 773 ὑπὸ
2638 721 2744 773 τῶν
2799 722 3062 791 κυμάτων
3102 724 3469 791 τυπτόμενος,
3500 724 3597 775 καὶ
3636 722 3843 776 ἀνωθεν
3884 724 4071 775 αὐτῶν

2488 812 2890 881 ἐπικολυμϐῶν,
2941 813 3029 865 διά
3087 813 3146 865 τὸ
3180 814 3371 867 ἄλυτον
3405 814 3565 866 αὐτὸν
3610 809 3782 879 εἰναι,
3816 813 4068 884 ἠδυνήθη

2484 903 2773 966 διεξελθεῖν
2829 904 2925 975 τὴν
2981 905 3185 975 πικρὰν
3250 905 3543 966 Θάλασσαν,
3598 907 3691 959 καί
3749 905 3925 970 οὕτως
3962 906 4069 976 τὴν

2485 994 2660 1064 ψυχὴν
2696 994 2860 1047 αὑτοῦ
2896 995 3343 1066 περιεποιήσατο.
3377 980 3572 1060 Ἀλλος
3621 996 3695 1060 δὲ,
3737 995 4065 1065 βουλόμενος

2485 1087 2657 1139 σῶσαί
2703 1104 2755 1139 τι
2811 1087 2919 1139 τῶν
2970 1088 3281 1156 ἐνδυμάτων
3318 1089 3482 1141 αὐτοῦ
3541 1089 3759 1156 ἐνόμισε
3798 1088 4065 1141 δύνασθαι

2483 1179 2825 1249 κολυμϐῆσαι
2850 1183 2944 1233 καί⁵
2982 1180 3269 1244 διεξελθεῖν
3304 1182 3399 1234 σὺν
3430 1182 3676 1247 ἐκείνοις,
3714 1175 3793 1245 οἷς
3823 1176 3925 1251 ἦρε
3962 1184 4065 1234 σὺν

2481 1271 2682 1341 ἐαυτῷ,
2731 1272 2823 1325 καὶ
2875 1272 3015 1325 αὐτὰ
3063 1274 3246 1327 ἐκεῖνα
3277 1274 3421 1342 ἅπερ
3458 1273 3639 1337 ἔλαϐε,
3671 1273 4063 1343 κατεϐάρησαν

2480 1364 2662 1428 αὑτὸν,
2694 1367 2789 1418 καὶ
2822 1366 3226 1419 κατεϐάπτισαν
3255 1369 3313 1420 ἐν
3353 1368 3430 1437 τῷ
3464 1366 3609 1437 βυθῷ
3634 1366 3731 1435 τῆς
3756 1366 4059 1436 θαλάσσης,

2480 1454 2572 1508 καὶ
2614 1454 2859 1507 ἀπώλετο
2891 1456 2957 1509 δι’
2982 1457 3160 1524 ὀλίγον
3203 1458 3412 1525 κέρδος,
3467 1458 3543 1526 μὴ
3588 1458 3687 1526 τὴν
3722 1457 3920 1509 ἐαυτοῦ
3948 1456 4060 1525 ψυ-

2478 1546 2580 1614 χὴν
2647 1548 3167 1616 περιποιησάμενος.
3219 1548 3425 1617 Ὁρᾷς,
3482 1547 3563 1600 ὅτι
3625 1548 3739 1616 ἰδίῳ
3787 1546 4059 1615 θελήματι

2478 1634 2643 1687 αὐτοῦ
2680 1636 3037 1706 ἐθανατώθη;
3086 1639 3251 1691 πάλιν
3286 1639 3486 1691 ὑπόθου
3531 1656 3622 1707 μοι
3677 1640 3847 1708 ἀκοὴν
3895 1640 4059 1693 ἀλλον

2480 1726 2658 1793 φύλων
2686 1725 2955 1795 ἔρχεσθαι.
2986 1727 3095 1779 Καὶ
3122 1727 3179 1789 ὃς
3203 1730 3299 1796 μὲν
3335 1728 3451 1797 ἃμα
3469 1728 3546 1797 τῷ
3576 1729 3653 1797 (7)
3672 1726 3901 1781 ἀκοῦσαι
3920 1728 4057 1797 ἐφυ-

2478 1838 2572 1887 γεν
2605 1823 2827 1887 εὐθέως,
2881 1827 2953 1892 μὴ
2993 1824 3425 1893 ἀναϐαλλόμενος
3464 1825 3625 1889 αὐτὸς
3668 1826 3875 1895 γυμνὸς
3904 1823 4059 1890 ἐξελ-

2472 1914 2602 1967 θών.
2653 1915 2843 1977 Ἀλλος
2875 1915 2931 1967 δέ
2961 1915 3285 1978 δυσπιστῶν,
3324 1916 3405 1966 ὅτι
3457 1915 3706 1983 ἔρχονται
3752 1915 3801 1968 οἰ
3835 1915 4052 1985 ἐχθροὶ,

2470 2002 2501 2069 ἢ
2537 2003 2705 2055 θέλων
2739 2004 2859 2055 τινὰ
2889 2002 2996 2055 τῶν
3030 2004 3172 2055 ἰδίων
3204 2003 3565 2071 πραγμάτων,
3606 2002 3701 2055 καὶ
3726 2000 4057 2071 βουλόμενος

2471 2084 2602 2159 ἆραι
2638 2092 2757 2161 μεθ’
2800 2091 3015 2155 ἐαυτοῦ,
3048 2092 3307 2161 ἐϐράδυνε
3346 2094 3556 2161 φυγεῖν.
3601 2092 3711 2145 Καὶ
3732 2090 4054 2153 ἐπελθόντες

2470 2187 2517 2238 οἱ
2574 2186 2822 2255 πολέμιοι
2865 2186 3164 2238 κατέλαϐον
3205 2184 3386 2246 αὑτὸν,
3427 2185 3520 2237 καὶ
3550 2183 4053 2254 ᾑχμαλωτεύσαντο

2470 2280 2550 2341 εἰς
2606 2277 2704 2347 τὴν
2756 2276 2866 2329 τῶν
2919 2276 3232 2343 ἀλλοφύλων
3287 2277 3543 2347 πατρίδα,
3584 2277 3745 2330 κάκεῖ
3775 2275 4053 2329 δουλεύειν

2470 2368 2913 2435 κατηνάγκασαν.
2960 2366 3143 2436 Ὁρᾷς,
3175 2367 3256 2419 ὅτι
3303 2366 3383 2437 τῷ
3442 2368 3556 2437 ἰδίῳ
3590 2368 3855 2436 θελήματι
3878 2365 4048 2421 αὐτοῦ

2468 2454 2557 2509 διά
2580 2456 2849 2525 χαύνωσιν
2881 2454 2974 2507 καὶ
3007 2455 3301 2526 ἀνανδρίαν
3338 2456 3432 2510 καὶ
3464 2456 3685 2525 ἀγάπην
3718 2455 3839 2509 τινὰ
3867 2472 4050 2525 πραγο

2471 2549 2655 2617 μάτων
2688 2550 2767 2611 εἰς
2802 2552 2899 2619 τὴν
2938 2548 3317 2619 αἰχμαλωσίαν
3356 2547 3677 2617 ἀπηνέχθη;
3722 2546 3928 2616 ὁμοίως
3954 2546 4051 2600 καὶ

2468 2641 2517 2691 οἰ
2544 2640 2619 2711 μὴ
2651 2643 2767 2702 ταῖς
2792 2642 3032 2702 ἐντολαῖς
3068 2639 3162 2692 τοῦ
3197 2639 3402 2709 Κυρίου
3448 2637 3929 2702 ἐξακολουθοῦντας
3956 2638 4051 2691 καὶ

2468 2731 2692 2790 ἑαυτοὺς
2722 2730 3045 2800 ἀρνούμενοι
3086 2732 3177 2783 καὶ
3226 2732 3384 2799 μόνον
3416 2730 3509 2783 τὸν
3548 2729 3753 2799 Κύριον
3784 2729 4049 2797 ἀγαπῶνο

2466 2839 2577 2883 τες,
2640 2823 2775 2875 ἀλλά
2826 2823 3046 2891 δεσμοῖς
3092 2824 3301 2892 γηῖνοις
3348 2822 3609 2882 ἑκουσίως
3662 2821 4050 2889 δεσμούμενοι,

2467 2912 2788 2975 ἐπελθόντος
2816 2912 2911 2965 τοῦ
2947 2913 3116 2982 πυρὸς
3146 2912 3239 2965 τοῦ
3278 2913 3518 2976 αἰωνίου,
3552 2912 3630 2975 ὡς
3669 2912 4051 2981 εὑρισκόμενοι

2467 3003 2801 3071 αἰχμάλωτοι
2830 3003 3062 3073 ἀρετῶν,
3122 3003 3489 3073 συνδεδεμένοι
3544 3003 3599 3055 δέ
3653 3003 3855 3074 μᾶλλον
3891 3006 3950 3057 ἐν
3979 3004 4049 3075 τῇ

788 3083 927 3145 lios,
962 3087 1204 3149 divitias,
1250 3091 1547 3156 animalia,
1594 3094 1825 3149 famulos
1878 3105 1933 3150 et
1980 3099 2190 3168 reliqua
2242 3118 2362 3168 qum
2391 3102 2473 3159 Ct

2391 3102 2431 3159 α
2467 3094 2655 3164 ἀγάπῃ
2672 3094 2765 3147 τοῦ
2804 3094 3011 3165 κόσμου
3043 3093 3678 3165 καταϐυθ[ισθ]ήσονται,
3706 3096 3799 3147 καὶ
3816 3095 3922 3148 ὑπὸ
3948 3094 4052 3165 τῆς

788 3175 1056 3242 habebat;
1088 3180 1364 3246 quomodo
1393 3183 1472 3235 sic
1518 3184 1758 3240 nudatus
1802 3188 2057 3258 eﬂ‘ugerit
2101 3200 2155 3245 et
2182 3193 2358 3246 salva—

788 3269 925 3320 verit
991 3270 1254 3338 seipsum,
1310 3288 1360 3325 et
1428 3274 1600 3340 ipsam
1649 3278 1888 3331 tunicam
1944 3280 2229 3336 dimittens
2303 3293 2359 3338 et

785 3357 1039 3426 injiciens
1100 3362 1497 3422 Satana2,niliil
1546 3365 1599 3417 in
1654 3382 1910 3422 sermone
1972 3370 2358 3440 blasphemans

785 3462 964 3515 neque
1014 3451 1178 3502 corde
1238 3468 1415 3520 neque
1464 3454 1620 3508 lal'iis
1684 3472 1863 3511 coram
1940 3460 2192 3527 Domino,
2259 3465 2355 3518 sed

783 3554 814 3590 e
860 3548 1055 3592 contra
1113 3540 1395 3595 benedixit
1453 3544 1787 3611 Dominum,
1840 3549 2354 3609 dicenszﬂominus

783 3628 945 3691 dedit,
1010 3629 1263 3684 Dominus
1330 3632 1579 3699 abstulit;
1620 3646 1676 3688 ut
1720 3637 1940 3692 Domino
1998 3642 2217 3709 placuit,
2278 3646 2353 3699 ita

783 3719 981 3789 factum
1035 3730 1143 3789 est,
1193 3724 1260 3776 sit
1301 3742 1489 3779 nomen
1537 3727 1743 3782 Domini
1770 3731 2096 3786 benedictum
2125 3737 2187 3789 ⁶¹.
2242 3736 2353 3791 Etsi

783 3813 1080 3879 putabatur
1124 3815 1293 3868 multa
1336 3816 1657 3884 possidere,
1705 3834 1735 3872 a
1779 3820 2011 3875 Domino
2070 3826 2350 3891 probatus,

783 3902 963 3970 patuit
1017 3903 1153 3957 nihil
1205 3905 1496 3974 possidens
1539 3908 1643 3961 nisi
1705 3909 1881 3963 solum
1917 3912 2106 3965 Deum.
2148 3912 2355 3967 Simili-

785 4002 869 4045 ter
915 3992 1192 4047 Abraham
1244 3996 1431 4064 jussus
1463 4012 1491 4049 a
1529 3997 1760 4051 Domino
1808 4000 1999 4069 egredi
2028 4016 2059 4055 e
2092 4010 2258 4067 terra,
2290 4014 2348 4059 et

779 4098 811 4135 c
846 4082 1071 4147 familia,
1126 4092 1182 4137 et
1222 4100 1252 4137 e
1286 4085 1450 4139 domo
1480 4088 1650 4155 patris
1686 4088 1793 4152 sui,
1842 4093 2132 4157 continuo,
2170 4104 2232 4147 ut
2275 4094 2351 4148 ita

780 4175 997 4240 dicam,
1037 4178 1219 4230 omnia
1264 4177 1434 4241 exuit,
1478 4179 1728 4247 patriam,
1765 4189 1992 4247 terram,
2025 4185 2351 4250 consangui-

781 4280 933 4325 neos.
974 4275 1252 4334 parentes,
1294 4277 1352 4320 et
1392 4268 1637 4323 obedivit
1663 4270 1831 4323 verbo
1864 4271 2116 4335 Domini;
2151 4273 2350 4328 deinde

780 4354 988 4407 interea
1031 4355 1217 4407 multis
1248 4358 1663 4423 probationibus
1703 4369 1759 4412 et
1818 4361 2217 4415 tentationibus
2268 4363 2345 4415 illi

2464 3187 2666 3254 πικρᾶς
2701 3185 2975 3252 θαλάσσης
3008 3187 3106 3255 τῆς
3144 3186 3409 3255 πονηρίας
3442 3186 3922 3250 καταϐυθίξονται,
3953 3188 4046 3241 καὶ

2463 3274 2565 3325 ὑπὸ
2596 3273 2693 3341 τῆς
2724 3274 3097 3343 αἰχμαλωσίας
3125 3273 3232 3325 τῶν
3258 3273 3595 3340 ἀλλοφύλων,
3626 3272 3769 3325 τοῦτ’
3794 3273 3911 3326 ἐστι
3940 3274 4052 3327 τῶν

2461 3365 2790 3433 πνευμάτων
2849 3365 2944 3433 τῆς
2989 3365 3252 3434 πονηρίας
3298 3364 3824 3433 αἰχμαλωτιζόμενοι
3872 3364 4049 3417 ἀπόλ-

2458 3454 2640 3508 λυνται
2663 3454 2760 3523 (8).
2774 3455 2835 3505 Εἰ
2861 3455 2915 3507 δὲ
2935 3453 3099 3525 βούλῃ
3114 3456 3332 3522 ἀγάπης
3356 3455 3431 3522 (9)
3454 3455 3865 3524 ἀπηρτισμένης
3885 3453 4049 3507 εὐθύ-

2456 3561 2596 3613 τητα
2629 3546 2763 3614 πρὸς
2814 3545 3016 3614 Κύριον
3067 3545 3127 3595 ἐκ
3170 3544 3279 3595 τῶν
3310 3542 3478 3611 ἀγίων
3507 3542 3877 3597 θεοπνεύστων
3910 3545 4047 3614 Γρα-

2458 3636 2573 3703 φῶν
2629 3637 3001 3705 καταμαθεῖν,
3056 3637 3131 3687 ῐδε
3185 3635 3275 3688 τὸν
3335 3634 3487 3700 Ἰὼϐ,
3544 3635 3663 3699 πῶς
3737 3636 4049 3689 ἀπεδύσατο

2456 3728 2660 3789 πάντα,
2711 3727 2900 3795 ῶσπερ
2936 3729 3131 3790 εἰπεῖν,
3179 3726 3323 3796 ἅπερ
3365 3722 3433 3797 ἦν
3468 3726 3823 3797 κεκτημένος,
3850 3727 4043 3793 τέκνα,

2455 3816 2731 3885 κτήματα,
2787 3815 2923 3879 ζῶα,
2976 3815 3172 3877 παῖδας
3234 3816 3327 3867 καὶ
3376 3816 3441 3868 τά
3491 3816 3652 3869 λοιπά
3701 3817 4043 3887 ὑπάρχοντα,

2457 3902 2573 3965 πῶς
2602 3902 3051 3972 ἀπεκδυσάμενος
3084 3904 3274 3970 ἔφυγε,
3305 3905 3398 3956 καὶ
3420 3905 3676 3957 διέσωσεν
3702 3906 3915 3969 ἑαυτὸν,
3945 3907 4046 3959 καὶ

2453 3994 2615 4046 αὐτὸν
2663 4011 2753 4046 τον
2785 3993 2989 4063 χιτῶνα
3035 3994 3192 4062 ἀφεὶς
3224 3995 3317 4046 καὶ
3365 3995 3524 4065 ῥίψας
3557 3996 3633 4066 τῷ
3671 3997 3904 4068 Σατανᾷ,
3944 3998 4044 4051 καὶ

2456 4083 2591 4154 μήτε
2620 4084 2678 4135 ἐν
2710 4083 2850 4151 λόγῳ
2882 4082 3281 4153 βλασφημήσας
3333 4086 3471 4155 μήτε
3494 4088 3559 4155 τῇ
3612 4088 3831 4159 καρδίᾳ,
3898 4091 4040 4157 μήτε

2451 4174 2561 4233 τοῖς
2584 4172 2787 4241 χείλεσι
2819 4174 3188 4243 φθεγξάμενος
3222 4174 3450 4227 ἐνώπιον
3501 4175 3595 4229 τοῦ
3635 4178 3863 4247 Κυρίου,
3899 4178 4040 4234 ἀλλά

2452 4263 2757 4316 τούναντίον
2796 4264 3056 4335 εύλόγησε
3111 4265 3200 4317 τὸν
3229 4266 3451 4336 Κύριον,
3484 4266 3680 4322 εἰπών·
3723 4270 3784 4321 '0
3818 4270 4037 4337 Κύριος

2453 4353 2697 4418 ἔδωκεν,
2730 4357 2762 4408 d
2784 4356 2999 4421 Κύριος
3018 4356 3324 4422 ἀφείλετο·
3353 4359 3430 4423 ὡς
3460 4358 3539 4422 τῷ
3571 4362 3765 4428 Κυρίῳ
3794 4361 4033 4430 ἔδοξεν,

776 4422 1259 4511 contingentibus,
1280 4446 1392 4499 sive
1444 4448 1663 4515 quando
1695 4451 1815 4519 ejus
1868 4466 2002 4503 uxor
2033 4452 2210 4505 ablata
2242 4464 2347 4517 est,
2382 4422 2461 4493 Di

2346 4500 2347 4505 η
2382 4422 2429 4480 ί)
2454 4444 2643 4509 οὕτως
2668 4443 2766 4497 καί
2794 4444 3031 4513 ἐγένετο
3052 4462 3065 4475 ·
3089 4446 3180 4512 εἴη
3206 4446 3270 4498 τὸ
3294 4422 3479 4516 ὄνομα
3514 4422 3745 4516 Κυρίου⁷
3773 4422 4031 4521 sulem-

777 4534 889 4588 sive
956 4535 1175 4602 quando
1220 4536 1273 4587 in
1332 4544 1477 4589 terra
1531 4538 1705 4591 aliena
1760 4540 1963 4608 degens
2022 4542 2347 4610 injustitiam
2444 4554 2462 4604 Α

2345 4589 2347 4596 _
2444 4536 2647 4604 μένον.
2681 4537 2799 4588 Κᾶν
2828 4536 3106 4607 ἐνομίζετο
3133 4538 3240 4607 γάρ
3269 4539 3562 4607 κεκτῆσθαι
3586 4541 3775 4607 πολλὰ,
3795 4542 4030 4613 δοκιμα-

778 4638 969 4693 passus
1000 4635 1113 4680 est.
1141 4640 1236 4693 per
1264 4627 1448 4678 omnia
1498 4638 1752 4684 ostensus
1806 4641 1890 4685 est
1935 4632 2107 4686 Deum
2169 4635 2345 4689 solum

774 4728 940 4783 super
988 4717 1169 4768 omnia
1228 4716 1489 4785 diligere;
1524 4719 1760 4790 denique
1785 4737 1908 4775 cum
1964 4740 2063 4791 per
2113 4727 2346 4793 promis-

774 4806 983 4859 sionem
1034 4815 1090 4859 et
1164 4817 1284 4874 post
1346 4810 1545 4861 multos
1609 4826 1786 4865 annos
1870 4814 2095 4867 unicum
2166 4815 2338 4869 tilium

772 4913 934 4965 quem
972 4899 1203 4951 multum
1242 4900 1652 4957 desideraverat
1676 4906 1954 4971 possedit,
1979 4907 2165 4975 jussus
2195 4908 2343 4964 bunc

772 4990 826 5041 in
847 4989 1175 5043 sacriﬁcium
1194 4992 1424 5045 viriliter
1445 5009 1543 5061 per
1566 5009 1622 5048 se
1654 4996 1958 5061 immolare,
1977 5015 2183 5053 exuens
2199 5000 2339 5069 seip-

770 5097 891 5135 sum
939 5091 993 5133 et
1033 5098 1159 5137 vere
1215 5084 1512 5153 abnegans,
1557 5088 1797 5141 ostendit
1827 5091 2105 5158 quomodo
2142 5103 2341 5161 prmter

771 5174 942 5226 Deum
967 5174 1102 5227 nihil
1125 5176 1271 5229 aliud
1290 5179 1554 5231 amaverit
1579 5194 1676 5246 per
1697 5180 1963 5250 unigeniti
1982 5183 2337 5241 oblationem.

773 5264 827 5315 Si
890 5265 1038 5317 enim
1083 5265 1226 5319 hunc
1275 5283 1537 5336 generose
1578 5269 1761 5334 exuit,
1809 5284 2015 5340 quanto
2066 5274 2255 5341 magis,
2293 5276 2337 5329 si

845 5439 882 5467 "
905 5439 1027 5493 Job.
1067 5458 1102 5503 ι,
1137 5442 1225 5493 21.

2449 4628 2592 4688 σθείς
2616 4628 2719 4679 ὑπὸ
2735 4628 2824 4679 τοῦ
2846 4629 3072 4695 Κυρίου,
3096 4630 3416 4699 ἐφανερώθη
3443 4632 3606 4701 μηδὲν
3636 4635 3969 4703 κεκτημένος
3993 4636 4028 4708 ἢ

2448 4719 2605 4786 μόνον
2645 4718 2733 4770 τὸν
2764 4718 2916 4771 Θεόν.
2955 4718 3185 4785 Ὁμοίως
3214 4721 3241 4771 ό
3284 4721 3531 4791 Ἀϐραάμ
3566 4724 3875 4788 κελευσθεὶς
3922 4727 4030 4779 ὑπὸ

2442 4809 2535 4861 τοῦ
2556 4810 2757 4880 Κυρίου
2783 4809 3017 4874 ἐξελθεῖν
3042 4811 3107 4861 ἐκ
3123 4812 3219 4879 τῆς
3245 4811 3349 4880 γῆς
3372 4814 3464 4867 καὶ
3488 4817 3551 4867 ἐκ
3580 4815 3678 4883 τῆς
3705 4819 4030 4885 συγγενείας

2451 4900 2547 4951 καὶ
2577 4903 2639 4951 ἐκ
2673 4899 2767 4952 τοῦ
2803 4901 2951 4953 οἴκου
2983 4899 3074 4951 τοῦ
3108 4902 3312 4970 πατρὸς
3345 4904 3530 4968 αὑτοῦ,
3556 4906 3777 4968 εὐθέως,
3834 4908 4029 4981 ῶσπερ

2448 4995 2641 5054 εἰπεῖν,
2674 4994 2979 5045 ἀπεδύσατο
3010 4996 3207 5057 πάντα,
3254 4996 3506 5063 πατρίδα,
3559 4998 3682 5065 γῆν,
3716 5003 4025 5069 συγγενεῖς,

2449 5087 2623 5152 γονεῖς
2663 5086 2754 5136 καὶ
2780 5084 3173 5155 ἐξηκολούθησε
3203 5084 3280 5155 τῷ
3331 5086 3473 5156 λόγῳ
3499 5087 3592 5139 τοῦ
3631 5090 3833 5159 Κυρίου
3858 5106 3871 5118 ’
3900 5087 4026 5146 εἶτα

2452 5177 2652 5245 μεταξὺ
2675 5176 2885 5228 πολλῶν
2909 5178 3239 5248 δοκιμασιῶν
3275 5178 3366 5231 καὶ
3411 5182 3731 5251 πειρασμῶν
3762 5184 3913 5254 αὐτῷ
3946 5202 4032 5251 γι-

2450 5269 2708 5339 νομένων,
2750 5270 2907 5322 τοῦτο
2938 5270 3038 5340 μὲν
3066 5271 3165 5341 τῆς
3194 5270 3453 5337 γυναικὸς
3480 5273 3647 5328 αὑτοῦ
3674 5273 4032 5349 λαμϐανομέ-

2068 5597 2299 5652 VARIAS
2348 5599 2758 5663 LECTIONES.

848 5708 921 5776 (Ἰ)
980 5705 1112 5760 Cod.
1152 5708 1225 5758 τό.
1305 5706 1379 5775 (8)
1426 5710 1555 5765 Cod.
1595 5711 1955 5765 ἀπόλλωνται.

2036 5716 2112 5784 (9)
2154 5718 2286 5776 Cod.
2329 5723 2565 5795 ἀγάπην.
