4266 6356
167 386 283 450 509

1447 395 1811 461 HOMILI/E.
1842 423 1908 437 -
1939 404 2121 467 ΗΟΜ.
2157 400 2224 466 ν.

3329 413 3433 479 510

168 513 299 565 νης,
322 491 481 549 τοῦτο
501 494 556 549 δέ
578 494 671 551 ἐπὶ
692 496 848 570 ξένης
881 500 994 573 (i0)
1022 501 1243 572 διάγων,
1274 504 1367 559 καὶ
1396 505 1768 576 ἀδικούμενος,
1797 512 1844 572 Δ

1753 510 2084 581 ,Areliqua
2156 514 2341 571 omnia
2420 530 2542 587 quae
2601 518 2916 591 possidebat
2980 523 3166 593 jussus
3236 523 3431 583 fuisset

173 587 275 640 καὶ
329 586 417 639 διά
451 588 671 641 πάντων
698 590 1062 661 ἀποδειχθεὶς,
1092 594 1175 647 ὅτι
1205 595 1338 649 Θεὸν
1372 597 1531 666 μόνον
1564 597 1756 669 ἀγαπᾷ

171 674 324 744 ὑπὲρ
380 677 594 729 πάντασ
629 677 853 750 ὕστερον
883 681 1005 735 ἐπεὶ
1052 683 1119 736 δι’
1171 685 1502 754 ἐπαγγελίας
1554 688 1649 741 καὶ
1688 686 1754 740 δι’

172 766 319 818 ἐτῶν
348 769 559 822 πολλῶν
589 771 852 840 μονογενῆ
881 772 997 825 υίὸν
1030 775 1171 827 κατά
1208 776 1408 849 πολλὴν
1456 777 1754 847 ἐπιθυμίαν

170 858 467 928 ἐκτήσατο,
504 862 749 932 αίτηθεὶς
786 864 975 917 τοῦτον
1003 867 1084 929 είς
1138 867 1328 923 θυσίαν
1360 868 1656 938 προθύμως
1686 870 1755 923 δι’

170 951 377 1005 ἐαυτοῦ
402 954 715 1025 ἀναφέρειν,
763 958 1177 1029 ἀποδυσάμενος
1205 962 1394 1013 ἐαυτὸν
1424 962 1519 1014 καὶ
1541 962 1755 1033 ἀληθῶς

170 1041 561 1111 ἀρνησάμενος
580 1059 595 1074 ο
613 1044 864 1110 ἀπέδειξε
888 1046 1016 1117 γάρ,
1040 1049 1121 1102 ὅτι
1146 1050 1325 1121 παρὲκ
1347 1050 1456 1121 (Η)
1473 1050 1605 1104 Θεοῦ
1628 1051 1757 1105 ἀλλο

172 1144 229 1179 τι
252 1130 354 1181 οὐκ
378 1131 634 1199 ἠγάπησε
650 1131 739 1185 διά
765 1135 865 1203 τῆς
885 1136 979 1189 τοῦ
1010 1137 1329 1207 μονογενοῦς
1361 1141 1752 1211 προσκομιδῐκ.

177 1218 239 1270 Ei
270 1220 380 1287 γὰρ
414 1222 623 1273 ἐκεῖνον
656 1223 952 1295 προθύμως
983 1227 1311 1293 ἀπεδύσατο,
1346 1231 1499 1301 πόσῳ
1530 1230 1751 1298 μᾶλλον,

174 1311 225 1361 εί
249 1311 320 1362 τὰ
344 1310 510 1364 λοιπά
537 1312 704 1366 αὑτοῦ
734 1315 1050 1387 ὑπάρχοντα
1076 1319 1370 1391 ἐκελεύσθη
1406 1321 1618 1392 ἐᾶσαιῆ
1656 1322 1754 1375 πέ-

174 1418 337 1469 νησιν
386 1403 477 1471 ὑφ’
509 1403 568 1455 ἐν
617 1404 914 1476 διανεῖμαι,
966 1409 1201 1481 ἑτοίμως
1228 1411 1323 1465 καὶ
1367 1412 1660 1485 προθύμως
1688 1413 1755 1468 ἂν

177 1492 438 1560 ἐποίησεν
458 1496 473 1548 ι
496 1494 657 1566 Ὁρᾷς
678 1496 898 1564 ἀγάπης
927 1498 1337 1572 ἀπηρτισμένης
1359 1504 1424 1556 ἐκ
1454 1503 1755 1573 θελήματος

178 1582 315 1652 πρὸς
348 1583 553 1652 Κύριον
576 1585 875 1657 εὐθύτητος
907 1588 1080 1655 οὕτως
1101 1594 1193 1645 καὶ
1214 1594 1263 1645 οί
1293 1593 1497 1647 τούτων
1524 1595 1757 1664 συγκλη-

184 1672 405 1741 ρονόμοι
460 1676 712 1741 γενέσθαι
751 1678 1065 1748 βουλόμενοι
1097 1684 1277 1753 παρέκ
1299 1684 1412 1751 (12)
1438 1684 1573 1737 Θεοῦ
1602 1688 1754 1739 οὐδὲν

180 1761 494 1830 ὀφείλουσιν
547 1766 854 1838 ἀγαπῆσαι,
902 1771 1010 1837 ῐνα,
1038 1774 1168 1826 ὅταν
1196 1774 1587 1844 δοκιμασθῶσι,
1618 1779 1751 1846 χρή·

1865 601 2229 672 relinquere,
2294 614 2389 660 aut
2447 608 2813 674 privationem
2874 611 2931 666 in
2982 629 3092 668 uno
3145 616 3428 685 experiri,

1863 690 2100 747 libenter
2171 710 2236 749 ac
2308 712 2573 767 generose
2661 701 2906 757 fecisset.
2982 704 3210 761 Videsne
3290 708 3431 763 dile-

1863 782 2061 837 ctionis
2148 786 2407 854 perfectae
2488 805 2556 843 ex
2632 792 2914 849 voluntate
2987 796 3055 848 ad
3136 797 3429 852 Dominum

1865 873 2313 930 rectitudinem?
2390 878 2481 933 Sic
2560 890 2617 934 et
2709 883 2801 950 qui
2872 884 3061 938 talium
3139 889 3431 958 participes

1864 960 1981 1016 ﬁeri
2028 964 2221 1021 volunt
2268 977 2467 1036 praeter
2518 970 2692 1023 Deum
2748 972 2882 1025 nihil
2918 974 3126 1031 .debent
3180 978 3428 1048 diligere,

1864 1060 1956 1117 ut,
2016 1055 2237 1123 quando
2301 1060 2726 1127 probabuntur,
2793 1066 2957 1120 utiles
3027 1075 3083 1120 et
3167 1071 3279 1137 apti
3340 1070 3430 1124 in-

1861 1144 2175 1208 veniantur,
2212 1150 2507 1217 perfectam
2547 1153 2897 1210 dilectionem
2938 1172 3088 1212 suam
3128 1160 3194 1213 ad
3241 1160 3429 1215 Domi-

1861 1250 1992 1289 num
2036 1250 2437 1294 conservantes.
2476 1242 2634 1297 Tales
2669 1259 2843 1313 usque
2877 1246 2945 1300 ad
2982 1245 3143 1301 ﬁnem
3185 1265 3422 1319 pugnam

1860 1329 2198 1395 pertransire
2231 1340 2510 1399 poterunt,
2536 1335 2630 1402 qui
2665 1350 2696 1389 e
2730 1337 3214 1393 voluntate—Deum
3250 1343 3426 1396 solum

1860 1418 2084 1471 omnino
2109 1419 2437 1486 dilexerunt,
2465 1434 2521 1479 et
2546 1427 2614 1481 ab
2641 1428 2789 1482 omni
2822 1428 3011 1483 mundi
3041 1430 3338 1488 dilectione
3369 1449 3427 1488 se

1860 1508 2254 1567 liberaverunt.
2297 1515 2458 1570 Pauci
2507 1526 2688 1572 autem
2732 1520 3027 1575 admodum
3072 1522 3430 1578 inveniuntur

1852 1579 1953 1670 aqui
1993 1603 2151 1658 talem
2188 1604 2538 1661 dilectionem
2574 1611 2901 1678 suscipiunt,
2928 1620 2983 1666 et
3012 1627 3205 1667 omnes
3238 1616 3427 1673 mundi

1859 1690 2171 1759 voluptates
2218 1703 2277 1747 et
2326 1695 2658 1764 cupiditates
2706 1712 3056 1767 aversantur,
3096 1714 3152 1757 et
3194 1706 3429 1759 viriliter

1862 1778 2305 1850 impugnationes
2361 1794 2418 1838 et
2468 1788 2802 1843 tentationes
2854 1792 3074 1862 maligni
3130 1794 3424 1849 sustinent.

181 1866 333 1920 σιμοι
363 1854 457 1906 καὶ
484 1854 697 1925 δόκιμοι
720 1858 1007 1927 εὑρεθῶσι,
1038 1862 1249 1916 τελείαν
1275 1864 1373 1934 τὴν
1400 1866 1621 1935 ἀγάπην
1654 1867 1753 1918 αύ-
1788 1861 1827 1919 Β
1855 1868 1866 1922 ]

1741 1896 1753 1907 -
1788 1861 2047 1925 ΒΝοηηο
2097 1873 2277 1937 enim,
2321 1876 2579 1942 quoniam
2627 1880 2785 1933 multi
2835 1879 3031 1937 ﬂuvios
3079 1892 3426 1940 transeuntes

175 1942 286 1994 τῶν
336 1944 477 2017 πρδς
508 1944 712 2014 Κύριον
748 1947 1143 2015 ἀποσώζοντες.
1180 1954 1243 2006 Oi
1277 1953 1509 2006 τοιοῦτοι
1540 1954 1648 2017 ἕως
1670 1956 1751 2007 τέ-

173 2037 300 2099 λους
348 2034 642 2099 διεξελθεῖν
678 2040 768 2092 τὸν
801 2041 989 2109 ἀγῶνα
1035 2043 1377 2113 δυνήσονται,
1416 2047 1463 2098 οἱ
1485 2047 1549 2098 ἐκ
1591 2046 1750 2115 θελη-

174 2143 350 2194 ματος
379 2127 513 2182 Θεὸν
549 2130 708 2199 μόνον
748 2132 1130 2205 ἀγαπήσαντες
1170 2137 1418 2201 πάντοτε,
1448 2139 1540 2190 καὶ
1570 2140 1749 2209 πάσης

171 2221 402 2290 ἀγάπης
431 2224 636 2292 κόσμου
664 2225 890 2290 ἐαυτοὺς
938 2227 1243 2289 λελυκότες.
1277 2229 1477 2297 Ὀλίγοι
1534 2230 1590 2283 δὲ
1627 2232 1754 2299 σφό-

170 2310 275 2379 δρα
312 2313 662 2381 εύρίσκονται
707 2318 756 2370 οἱ
812 2317 1068 2389 τοιαύτην
1105 2321 1327 2392 ἀγάπην
1372 2322 1751 2390 ἀναλαὸόντενς,

171 2404 270 2457 καὶ
336 2406 519 2468 πάσας
572 2408 671 2471 τὰς
715 2408 809 2461 τοῦ
837 2410 1052 2481 κόσμου
1087 2411 1281 2482 ἡδονὰς
1334 2415 1427 2466 καὶ
1463 2415 1756 2485 ἐπιθυμίας

169 2496 668 2566 ἀποστρεφόμενοι,
705 2499 801 2552 καὶ
837 2502 1203 2572 μακροθύμως
1232 2504 1329 2567 τὰς
1356 2505 1753 2571 ἐπαναστάσεις

169 2585 265 2633 καὶ
290 2587 634 2655 πειρασμοὺς
688 2586 780 2640 τοῦ
810 2590 1046 2659 πονηροῦ
1074 2591 1469 2662 ὑπομένοντεςο
1511 2594 1586 2664 μὴ
1619 2596 1747 2667 γὰρ,

168 2673 359 2745 ἐπειδὴ
399 2675 583 2728 πολλοὶ
615 2680 891 2748 ποταμοὺς
918 2681 1317 2751 παρερχόμενοι
1342 2684 1746 2755 παρασύρονται

167 2762 274 2816 ὑπὸ
308 2765 421 2817 τῶν
457 2766 685 2836 ὑδάτων,
717 2771 816 2823 ούκ
844 2773 981 2825 εἰσὶν
1012 2774 1062 2826 οί
1100 2773 1463 2845 διαπερῶντες
1508 2779 1634 2841 τοὺς
1661 2778 1746 2832 θο-

166 2856 366 2928 λεροὺς
392 2862 669 2930 ποταμοὺς
696 2862 804 2916 τῶν
833 2863 926 2917 τοῦ
961 2865 1173 2935 κόσμου
1216 2866 1521 2938 ἐπιθυμιῶν
1545 2886 1745 2924 παντο-

166 2948 380 3012 δαπῶν,
412 2950 505 3002 καὶ
527 2953 785 3006 ποικίλων
812 2957 1133 3027 πειρασμῶν
1157 2957 1264 3009 τῶν
1294 2962 1619 3029 πνευμάτων
1648 2962 1747 3033 τῆς

168 3043 441 3109 πονηρὲας
462 3058 476 3107 ;
506 3045 601 3096 καὶ
629 3045 814 3116 ἐπειδὴ
840 3047 1009 3099 πολλὰ
1026 3048 1187 3101 πλοῖα
1212 3050 1270 3101 ἐν
1288 3053 1352 3121 τῇ
1371 3049 1614 3124 θαλάσσῃ
1640 3070 1742 3107 κα-

1857 1961 2014 2028 aquis
2067 1960 2445 2030 abripiuntur,
2496 1974 2627 2018 sunt
2682 1969 2776 2035 qui
2833 1978 3121 2025 transeunt
3176 1973 3428 2029 turbidos

1857 2047 2052 2103 ﬂuvios
2082 2051 2480 2105 mundanarum
2516 2054 2879 2122 cupiditatum
2916 2068 3023 2113 tam
3078 2062 3422 2117 diversarum

1854 2138 2239 2207 variarumque
2272 2143 2638 2198 tentationum
2678 2148 2971 2214 spirituum
3017 2152 3309 2220 nequitia?
3348 2169 3423 2219 et,

1854 2230 2113 2297 quoniam
2138 2233 2308 2286 multa
2331 2235 2546 2305 navigia
2576 2235 2631 2290 in
2657 2240 2794 2292 mari
2825 2240 3143 2299 abscondita
3168 2244 3426 2303 ﬂuctibus

1855 2324 2273 2395 immerguntur,
2304 2344 2484 2385 nonne
2530 2340 2659 2385 sunt
2693 2333 2787 2401 qui
2826 2351 2975 2391 mare
3016 2348 3424 2407 pertranseunt,

1855 2416 1948 2485 qui
1981 2417 2034 2469 in
2065 2418 2320 2474 fluctibus
2354 2423 2681 2490 procedunt,
2711 2434 2767 2479 et
2799 2428 2852 2481 in
2889 2440 3107 2497 portum
3143 2431 3294 2501 pacis
3325 2432 3424 2487 de-

1855 2508 2122 2562 veniunt?
2143 2510 2408 2577 Quocirca
2440 2515 2609 2569 multa
2636 2517 2741 2572 fide
2770 2527 2825 2572 et
2851 2519 3193 2587 fortitudine,
3221 2540 3422 2594 pugna,

1854 2601 2137 2668 patientia,
2164 2602 2467 2669 laboribus,
2499 2606 2639 2660 fame
2667 2619 2722 2662 et
2750 2609 2839 2664 siti
2871 2610 2936 2664 ad
2970 2612 3199 2677 bonum,
3230 2614 3423 2669 alacri-

1858 2706 1987 2759 tate,
2016 2700 2445 2767 perseverantia,
2469 2702 2678 2771 judicio
2707 2714 2761 2759 et
2806 2704 3099 2762 reﬂexione
3128 2709 3422 2763 admodum

1859 2801 1997 2855 opus
2034 2796 2137 2841 est.
2168 2789 2418 2859 Plerique
2450 2793 2596 2847 enim
2628 2794 2879 2851 homines
2911 2799 3027 2850 sine
3060 2799 3342 2853 laboribus
3368 2812 3425 2855 et

1858 2880 2054 2951 pugnis
2087 2891 2141 2935 et
2170 2883 2466 2938 sudoribus
2497 2900 2723 2954 regnum
2760 2886 3012 2943 obtinere
3042 2890 3253 2955 volunt,
3277 2891 3423 2960 quod

1858 2972 2196 3042 impossibile
2229 2984 2332 3029 est.
2360 2976 2431 3031 Ut
2457 2977 2622 3046 igitur
2646 2978 2701 3031 in
2738 2979 2942 3033 mundo
2976 2990 3179 3035 exeunt
3200 2983 3422 3051 quidam

1854 3063 1957 3116 viri
1981 3064 2047 3117 ad
2076 3065 2313 3134 aliquem
2342 3067 2588 3129 divitem,
2614 3077 2674 3122 ut
2699 3068 2950 3123 laborent
2974 3070 3042 3124 ad
3069 3087 3300 3126 messem
3329 3080 3425 3126 aut

167 3129 491 3199 λυπτόμενα
541 3134 646 3186 ύπδ
694 3136 803 3188 τῶν
858 3139 1117 3209 κυμάτων
1170 3140 1465 3211 βυθίζεται,
1520 3146 1617 3197 οὐκ
1644 3148 1815 3231 sicin

1739 3156 1751 3199 ι
1775 3203 1815 3231 ρ
1854 3156 1921 3209 ad
1957 3156 2104 3209 aliud
2139 3129 2297 3225 opus,
2326 3173 2437 3227 quo
2471 3161 2848 3227 procurabunt
2878 3178 3000 3231 quae
3034 3163 3138 3217 sibi
3174 3178 3424 3218 necessa—

166 3221 548 3291 διαπερῶντα,
612 3228 706 3279 καὶ
742 3230 927 3283 ἐπάνω
976 3230 1083 3284 τῶν
1126 3234 1387 3302 κυμάτων
1419 3235 1745 3301 διοδεύοντα,
1775 3203 1818 3260 C

170 3315 265 3366 xui.
309 3316 391 3376 είς
438 3315 631 3385 λιμένα
682 3320 906 3391 είρήνης
954 3324 1398 3394 καταντήσαντα;
1446 3326 1535 3379 διὰ
1592 3327 1749 3380 τοῦτο

167 3406 410 3466 πίστεως
443 3407 645 3477 πολλῆς
698 3412 791 3465 καὶ
824 3414 1212 3483 μακροθυμίας
1263 3416 1358 3467 καὶ
1400 3416 1607 3483 ἀγῶνος
1657 3420 1750 3472 καὶ

168 3498 453 3567 ὑπομονῆς
503 3503 597 3553 καὶ
645 3503 819 3556 πόνων
878 3506 975 3557 καὶ
1018 3507 1207 3575 πείνης
1265 3508 1359 3559 καὶ
1390 3507 1546 3578 δίψης
1581 3512 1657 3572 είς
1689 3512 1749 3563 τὸ

168 3590 380 3658 ἀγαθὸν
416 3594 509 3643 καὶ
536 3594 793 3664 ὀξύτητος
846 3600 939 3650 καὶ
976 3598 1248 3663 ἀναιδείας
1298 3600 1391 3652 καὶ
1424 3600 1747 3672 διακρίσεως

168 3684 264 3733 καὶ
313 3683 587 3746 συνέσεως
623 3686 852 3741 πάντοτε
886 3688 1073 3759 χρεία·
1102 3690 1149 3740 οί
1186 3690 1295 3760 γὰρ
1356 3691 1597 3745 πλεῖστοι
1636 3696 1746 3747 τῶν

166 3774 266 3824 ἀνθ
277 3772 477 3843 ρώπων
492 3775 619 3828 ἄνευ
638 3793 705 3829 κα
715 3778 901 3846 μάτων
919 3779 1012 3832 καὶ
1027 3778 1251 3847 ἀγώνων
1268 3785 1357 3834 καὶ
1377 3781 1613 3851 ἱδρώτων
1628 3784 1747 3836 ἐπι-

166 3866 351 3932 τυχεῖν
376 3863 651 3932 βασιλείας
679 3866 957 3935 βούλονται
988 3868 1098 3938 (13)
1124 3886 1135 3899 ·
1162 3871 1298 3941 ὅπερ
1326 3871 1585 3925 ἀδύνατόν
1606 3874 1743 3929 ἐστι.

163 3947 382 4023 Ὠσπερ
414 3951 507 4006 οῦν
535 3956 591 4006 ἐν
620 3957 808 4027 κόσμῳ
835 3958 1167 4029 ἀπέρχονταί
1215 3978 1358 4024 τινες
1388 3962 1577 4034 ἀνδρες
1612 3964 1745 4034 πρός

163 4059 289 4095 τινα
312 4044 569 4097 πλούσιον
600 4048 939 4115 ἐργάσασθαι
964 4052 1045 4112 είς
1074 4051 1229 4122 θέρος
1264 4051 1297 4122 ἢ
1334 4054 1413 4115 είς
1437 4053 1623 4123 ἕτερον
1652 4054 1745 4125 ἐρ-

163 4151 284 4201 γον,
330 4136 481 4199 ὅπως
519 4140 871 4208 πορίσωνται,
920 4140 956 4194 ἃ
1010 4142 1302 4213 χρῄζουσιν
1331 4144 1476 4214 ἔχειν
1520 4148 1600 4209 εἰς
1648 4145 1746 4215 τὴν

162 4226 465 4299 διατροφὴν
521 4230 726 4282 αὐτῶν·
778 4232 885 4283 είσὶ
930 4234 985 4286 δέ
1016 4252 1157 4297 τινες
1219 4236 1276 4288 ἐν
1310 4237 1491 4297 αὐτοῖς
1525 4236 1745 4305 όκνηροὶ

163 4322 260 4371 καὶ
288 4320 473 4389 ἀργοὶ,
502 4322 576 4391 μὴ
601 4324 901 4391 κάμνοντες
923 4325 979 4378 δέ
1007 4325 1201 4389 οῦτως,
1227 4330 1363 4396 μήτε
1397 4326 1744 4397 ἁρμοζόντως

161 4409 527 4479 ἐργαζόμενοι
623 4408 767 4466 οὗτοι
811 4416 977 4484 μηδὲν
1031 4417 1412 4483 κοπιάσαντες,
1474 4420 1610 4487 μήτε
1642 4435 1741 4469 κα-

1851 3247 1930 3300 ria
1967 3256 2095 3301 sunt
2125 3248 2191 3301 ad
2223 3263 2383 3302 suum
2416 3250 2620 3303 victum
2654 3251 2968 3306 habendum
3008 3272 3018 3305 :
3054 3262 3184 3306 sunt
3213 3268 3279 3307 ex
3316 3254 3424 3307 illis

1851 3335 2072 3405 quidam
2119 3338 2256 3407 pigri
2301 3348 2356 3393 et
2399 3340 2683 3403 vecordes,
2715 3348 2771 3395 et
2813 3345 2886 3395 ita
2935 3357 3045 3395 non
3088 3342 3420 3407 laborantes,

1851 3440 2029 3494 neque
2057 3429 2390 3482 conveniens
2415 3444 2555 3497 opus
2579 3439 2928 3496 exercentes;
2966 3432 3050 3485 isti
3082 3447 3188 3485 non
3213 3432 3420 3501 fatigati

1852 3532 2031 3585 neque
2071 3517 2383 3573 laborantes
2413 3519 2465 3573 in
2503 3520 2689 3575 divitis
2720 3521 2916 3575 domus
2946 3523 3205 3590 gratiam,
3232 3526 3422 3578 volunt

1851 3606 2159 3661 mercedem
2190 3608 2453 3676 mqualem
2484 3610 2735 3678 accipere
2767 3610 2875 3663 illis
2904 3610 2997 3680 qui
3029 3611 3281 3675 viriliter,
3309 3613 3415 3666 ala-

1850 3697 2017 3750 criter
2061 3707 2118 3751 et
2163 3699 2419 3753 omnibus
2464 3701 2678 3754 viribus
2724 3700 3129 3767 laboraverunt,
3164 3709 3418 3770 tanquam

1848 3785 2065 3840 illorum
2112 3802 2249 3855 opus
2290 3787 2398 3857 jam
2452 3788 2730 3845 fecissent.
2771 3790 2892 3844 Pari
2956 3790 3139 3853 modo,
3200 3792 3419 3859 quando

1848 3873 2080 3943 legimus
2112 3875 2164 3927 in
2203 3875 2526 3947 Scripturis,
2552 3880 2829 3947 quomodo
2865 3880 2967 3933 iste
2998 3880 3181 3949 justus
3213 3882 3419 3949 placuit

1849 3965 1989 4028 Deo,
2020 3966 2296 4033 quomodo
2336 3968 2548 4022 amicus
2580 3978 2634 4023 et
2669 3969 3079 4025 contubernalis
3116 3971 3210 4025 Dei
3244 3973 3419 4027 factus

1846 4064 1950 4118 est,
1982 4065 2037 4108 et
2070 4070 2261 4110 omnes
2298 4069 2481 4126 patres
2522 4060 2798 4128 quomodo
2840 4061 3001 4115 amici
3040 4070 3095 4115 et
3127 4062 3418 4131 participes

1846 4146 1943 4200 Dei
1997 4147 2122 4201 facti
2175 4157 2329 4213 sunt,
2365 4159 2597 4219 quantas
2647 4166 2918 4206 mrumnas
2965 4153 3209 4221 perpessi
3258 4162 3414 4215 sunt,

1846 4246 2049 4305 quanta
2082 4249 2307 4308 propter
2340 4240 2508 4294 Deum
2542 4243 2943 4306 sustinuerunt,
2970 4254 3170 4311 quanta
3203 4242 3417 4298 fortitu-

1846 4328 1972 4381 dine
2003 4329 2192 4382 luctati
2226 4337 2355 4382 sunt
2380 4338 2434 4383 et
2463 4339 2868 4399 pugnaverunt,
2899 4331 3021 4384 illos
3050 4334 3411 4400 gratulamur,

1844 4425 1899 4471 et
1922 4418 2158 4486 aequales
2191 4418 2296 4471 illis
2326 4426 2605 4473 mercedes
2626 4429 2681 4475 et
2710 4436 2950 4475 nunores
2982 4421 3231 4475 obtinere
3262 4422 3413 4474 volu-

164 4500 362 4570 μιόντες
408 4503 488 4563 είς
545 4503 636 4556 τὸν
675 4501 822 4558 οἷκον
867 4506 961 4559 τοῦ
1002 4507 1277 4573 πλουσίου,
1316 4508 1595 4577 βούλονται
1649 4508 1739 4560 τὸν
1771 4557 1813 4580 n
1846 4522 1849 4559 1

1724 4526 1813 4580 In
1846 4522 1999 4570 mus,
2040 4515 2095 4561 et
2141 4509 2394 4576 cupimus
2445 4514 2706 4565 ardenter
2750 4511 2999 4580 accipere
3057 4511 3255 4580 inclyta
3309 4511 3409 4566 ista

164 4592 362 4661 μισθὸν
389 4593 447 4659 ἐξ
481 4594 596 4647 [σου
654 4597 842 4650 λαϐεῖν
868 4602 982 4661 τοῖς
1020 4600 1281 4669 ἀνδρείως
1327 4601 1421 4653 καὶ
1453 4601 1617 4665 ὀξέως
1648 4600 1741 4651 καὶ
1774 4592 1814 4611 υ
1844 4618 1849 4643 ε

1721 4600 1741 4650 l.
1774 4592 1814 4611 υ
1844 4596 2346 4658 dona,omittentes
2370 4599 2586 4653 illorum
2610 4600 2848 4664 labores,
2872 4616 3100 4669 pugnas.
3132 4615 3406 4656 mrumnas

159 4684 258 4758 ὅλῃ
286 4685 468 4737 αὐτῶν
510 4686 778 4756 καμοῦσιν
835 4690 999 4761 ισχύῖ,
1034 4691 1107 4754 ὡς
1138 4692 1238 4762 ήδη
1286 4691 1347 4743 τὸ
1376 4691 1556 4743 αὐτῶν
1583 4692 1740 4759 ἔργον
1840 4709 1844 4732 ε

1725 4708 1740 4742 ι
1840 4695 1895 4739 et
1924 4687 2229 4753 cruciatus;
2258 4696 2313 4743 et
2344 4688 2559 4742 illorum
2592 4690 2851 4751 honores,
2878 4699 2933 4743 et
2957 4690 3267 4759 dignitates,
3291 4706 3410 4759 qua:

159 4781 530 4844 πεποιηκότες
551 4793 568 4811 ο
590 4777 679 4830 τὸν
709 4780 870 4832 αὑτὸν
897 4781 1096 4852 τρόπον
1123 4781 1260 4833 ἐπάν
1287 4782 1736 4851 ἀναγινώσκομεν
1840 4795 1844 4826 i

1720 4800 1736 4835 θ
1840 4790 1871 4829 a
1921 4777 2032 4831 Deo
2082 4779 2470 4847 possederunt,
2518 4779 2779 4833 ardenter
2825 4778 3075 4834 obtinere
3121 4780 3405 4843 volumus,

158 4865 262 4928 τὰς
291 4866 533 4937 Γραφάς,
557 4868 673 4933 πῶς
698 4870 727 4922 ό
752 4872 896 4925 δεῖνα
912 4874 1117 4935 δίκαιος
1145 4873 1477 4943 εύηρέστησε
1504 4872 1581 4943 τῷ
1601 4873 1738 4944 Θεῷ,
1837 4872 1843 4925 l

1724 4914 1738 4938 ,
1837 4870 2056 4927 labores
2095 4882 2277 4928 autem
2331 4883 2385 4927 et
2422 4889 2632 4944 pugnas
2668 4889 2861 4929 eorum
2902 4889 3011 4927 non
3054 4874 3404 4943 suscipimus.

159 4958 282 5019 πῶς
315 4959 467 5025 φίλος
499 4961 591 5014 καὶ
621 4962 907 5030 συνόμιλος
932 4962 1066 5016 Θεοῦ
1094 4964 1309 5033 γέγονε,
1338 4963 1434 5017 καὶ
1468 4964 1664 5025 πάντες
1683 4964 1738 5015 δὲ
1843 5009 1844 5014 η

1722 4966 1738 5015 ὲ
1843 4962 1975 5016 Dico
2004 4979 2133 5018 vero
2165 4964 2260 5017 tibi
2319 4964 2422 5019 boc
2452 4979 2614 5018 omne
2645 4966 2921 5019 hominem
2955 4981 3154 5035 cupere
3187 4974 3243 5019 et
3269 4966 3407 5020 velle

159 5046 213 5097 οἱ
244 5047 484 5115 πατέρες
517 5049 633 5112 πῶς
659 5052 801 5118 φίλοι
827 5053 920 5105 καὶ
944 5053 1271 5123 κληρονόμοι
1305 5052 1439 5105 Θεοῦ
1459 5054 1733 5120 γεγόνασι,

159 5136 336 5200 πόσας
385 5138 593 5209 θλίψεις
626 5142 1093 5211 ὑπέμειναν,πόσα
1125 5144 1213 5197 διά
1233 5144 1321 5198 τὸν
1354 5144 1487 5197 Θεὸν
1518 5144 1736 5206 ἔπαθον,

162 5226 308 5278 πόσα
339 5227 761 5299 ἠνδραγάθησαν
814 5232 907 5284 καὶ
951 5234 1310 5301 ἠγωνίσαντο,
1363 5232 1737 5302 μακαρίζομεν

1843 5054 2007 5110 etiam
2049 5053 2381 5118 meretrices,
2413 5054 2735 5123 publicanos
2771 5063 2826 5109 et
2862 5056 3113 5109 homines
3153 5054 3403 5124 injustos,

1833 5142 1993 5196 facile
2049 5142 2262 5196 scilicet
2305 5141 2424 5194 sine
2477 5141 2758 5196 laboribus
2807 5151 2863 5196 et
2910 5142 3107 5211 pugnis
3154 5140 3405 5193 obtinere

1834 5252 2092 5306 regnum;
2136 5236 2229 5290 sed
2272 5245 2495 5306 propter
2528 5236 2632 5290 hoc
2666 5235 2719 5289 in
2758 5236 2936 5289 medio
2970 5243 3191 5287 manent
3227 5241 3406 5286 tenta-

158 5320 382 5381 αὐτοὺς.
413 5321 506 5373 καὶ
528 5321 634 5374 τῶν
663 5323 791 5375 ίσων
831 5324 1012 5387 αὐτοῖς
1044 5326 1263 5397 δωρεῶν
1294 5327 1387 5378 καὶ
1414 5326 1738 5394 ἀξιωμάτων

157 5412 345 5477 τυχεὶν
376 5410 695 5482 βουλόμεθα,
721 5416 813 5469 καὶ
836 5415 1211 5478 ἐπιθυμοῦμεν
1239 5417 1530 5489 προθύμως
1555 5416 1736 5469 λαϐεῖν

1837 5334 2031 5397 tiones,
2056 5340 2108 5386 et
2136 5332 2487 5401 probationes
2518 5331 2721 5393 multm,
2740 5340 2795 5383 et
2815 5345 3091 5393 aerumnae,
3110 5337 3164 5382 et
3188 5343 3400 5398 pugnat,

1832 5430 1888 5475 et
1916 5421 2168 5484 sudores,
2201 5429 2259 5473 ut
2290 5420 2435 5473 clare
2468 5428 2767 5475 noscantur
2795 5417 3017 5486 quinam
3054 5418 3108 5473 in
3140 5416 3403 5486 veritate,

1456 5619 1689 5675 VAliMﬁ
1716 5618 2120 5679 LECTIONES.

242 5769 352 5841 (10)
378 5770 486 5827 Sic.
519 5773 638 5830 cod.
719 5775 830 5844 (ll)
866 5773 1000 5830 Cod.
1039 5776 1232 5847 πάρεξ.
1312 5775 1422 5848 (12)
1449 5776 1583 5833 Cod.
1618 5776 1812 5846 πάρεξ.
1892 5774 2001 5848 (ίῦ)
2034 5770 2173 5831 Cod.
2208 5771 2523 5842 βούλωνται.
