4266 6356
829 359 929 426 511

2091 362 2148 421 S.
2191 360 2514 420 MACARII
2557 357 2836 418 [ΕΟΥΡΤΙ
2853 359 2878 418 Ι

3997 351 4106 416 51?.

831 489 1006 544 usque
1037 473 1102 529 ad
1136 485 1368 530 mortem
1405 476 1849 546 progredientes,
1884 491 2007 529 cum
2044 477 2194 530 omni
2230 477 2409 529 inten-
2438 477 2516 534 Λε

2438 477 2485 534 Α
2510 474 2576 525 τά
2618 471 2805 534 ἔνδοξα
2853 473 3042 524 ἐκεῖνα
3072 470 3410 541 χαρίσματα,
3456 469 3878 538 ὑπερϐαίνοντες
3913 467 4108 520 αὐτῶν

832 565 982 618 tionc
1007 573 1062 617 et
1087 564 1292 618 virtute
1320 566 1614 618 Dominum
1648 568 1822 620 solum
1855 566 2167 631 dilexerint,
2191 576 2245 620 et
2272 566 2408 619 nihil

832 653 982 708 aliud
1028 653 1453 707 desiderandum
1502 671 1628 709 cum
1672 657 1818 710 illius
1859 671 2044 710 amore
2091 656 2404 710 habuerint.

833 749 963 803 Ideo
1003 748 1150 816 juste
1201 747 1255 800 in
1303 764 1530 818 regnum
1574 750 1836 803 cmlorum
1886 750 2272 818 ingrediuntur
2316 749 2409 817 qui

833 845 1046 909 scipsos
1077 839 1491 908 abnegaverunt
1515 841 1814 895 secundum
1843 840 2057 893 Domini
2081 841 2332 902 verbum,
2355 850 2412 894 et

835 946 932 999 per
969 932 1244 1000 propriam
1282 931 1622 986 voluntatem
1660 933 1950 986 Dominum
1992 933 2166 987 solum
2203 933 2409 987 dilexe-

837 1033 1002 1088 runt;
1054 1025 1177 1078 ideo
1217 1025 1447 1077 summis
1471 1025 1790 1078 cmlestibus
1833 1024 1992 1078 donis
2031 1026 2100 1078 ob
2142 1041 2410 1079 summam

835 1129 989 1168 suam
1018 1111 1371 1166 dilectionem
1404 1114 1926 1167 remunerabuntur.
1956 1115 2090 1169 Nam
2128 1115 2182 1168 in
2213 1132 2414 1170 terum-

837 1204 941 1265 nis.
970 1203 1331 1268 cruciatibus,
1357 1205 1640 1272 patientia,
1663 1214 1719 1259 et
1751 1205 1856 1259 tide
1889 1207 2059 1259 latent
2092 1207 2413 1275 promissio-

838 1311 958 1360 ncs,
984 1295 1175 1363 gloria,
1203 1294 1473 1346 bonorum
1502 1296 1807 1349 cmlestium
1835 1298 2125 1365 possessio,
2154 1307 2411 1365 tanquam

839 1389 891 1442 in
926 1387 1135 1440 semine
1164 1386 1309 1455 quod
1347 1388 1399 1439 in
1435 1397 1632 1441 terram
1664 1390 1867 1458 jactum
1900 1400 1983 1443 est
2016 1390 2225 1443 fructus
2256 1392 2410 1454 latet,

835 1486 932 1529 aut
958 1476 1009 1528 in
1037 1478 1232 1529 arbore
1264 1477 1439 1544 spinis
1471 1478 1810 1530 circumdato
1836 1488 1890 1532 ct
1920 1480 2063 1532 inter
2090 1493 2409 1548 corruptum

833 1582 890 1625 et
937 1569 1174 1639 ignobile
1217 1579 1428 1623 stercus
1472 1578 1775 1624 crescente.
1813 1572 1882 1624 Et
1928 1582 2057 1624 tune
2100 1573 2411 1625 vestimenti

835 1660 1185 1729 dignitatem,
1226 1668 1281 1714 ct
1340 1659 1602 1728 gloriam,
1651 1669 1706 1714 ct
1763 1661 2119 1731 multiplicem
2176 1660 2411 1714 fructum

830 1752 1198 1804 ostcndcntur
1226 1750 1449 1813 habere,
1475 1760 1534 1803 ut
1561 1750 1698 1803 dicit
1727 1751 2021 1819 Apostolus
2052 1769 2064 1803 :
2097 1751 2196 1804 Per
2220 1751 2413 1804 multus

2512 564 2637 624 τοὺς
2698 562 2914 624 πόνους,
2953 562 3045 614 xui
3076 563 3313 630 ἀγῶνας,
3365 563 3455 615 xui
3492 564 3589 625 τάς
3633 561 3862 630 θλίψεις,
3908 559 4008 610 xui
4037 557 4110 609 τὰ

2512 654 2840 724 παθήματα,
2882 653 2976 705 xui
3027 655 3125 717 τάς
3154 654 3251 723 μὲν
3283 655 3446 723 τιμὰς
3488 654 3687 716 αὐτῶν,
3721 653 3814 704 xui
3847 651 3918 703 τά
3944 648 4112 712 ἀξιώ-

2516 763 2684 815 ματα,
2717 739 2805 796 οἷα
2834 746 2942 798 ἀπὸ
3006 745 3139 798 Θεοῦ
3193 748 3512 815 κέκτηνται,
3564 744 3861 814 προθύμως
3911 739 4110 792 λαϐεῖν

2513 837 2761 905 θέλομεν,
2794 837 2918 897 τοὺς
2955 836 3011 888 δέ
3060 837 3338 904 καμάτους
3372 836 3465 888 καὶ
3515 835 3711 896 πόνους
3753 832 3847 885 xui
3875 831 4110 896 ἀγῶνας

2511 924 2693 976 αὐτῶν
2720 926 2778 976 οὐ
2817 925 3246 994 καταδεχόμεθα.
3281 927 3439 992 Λέγω
3461 925 3517 976 δέ
3546 941 3648 987 σοι,
3680 925 3761 975 ὅτι
3792 920 3963 974 τοῦτο
3995 922 4111 982 πᾶς

2511 1034 2594 1078 τις
2629 1016 2917 1085 ἄνθρωπος
2951 1018 3212 1087 ἐπιθυμεῖ
3245 1019 3338 1070 xui
3391 1017 3554 1078 θέλει,
3607 1018 3700 1069 καὶ
3739 1015 3941 1085 πόρναι
4007 1015 4112 1065 xui.

2513 1108 2744 1161 τελῶναι
2784 1109 2880 1160 xui
2914 1109 3406 1177 ἄδικοιάνθρωποι,
3437 1108 3674 1170 εὐκόλως
3725 1111 3855 1162 ἄνευ
3906 1106 4110 1158 κόπων

2516 1203 2609 1256 xui
2635 1203 2859 1270 ἀγώνων
2880 1204 3063 1270 τυχεῖν
3083 1200 3358 1269 βασιλείας
3381 1216 3394 1228 °
3414 1198 3550 1251 ἀλλά
3572 1199 3660 1251 διά
3683 1198 3841 1250 τοῦτο
3868 1198 3928 1248 ἐν
3947 1195 4112 1263 μέσῳ

2515 1294 2831 1364 πειρασμοὶ,
2863 1294 2957 1344 xui
2982 1292 3295 1360 δοκιμασίαι
3345 1289 3556 1349 πολλαὶ,
3590 1290 3685 1341 xui
3735 1287 3976 1356 θλίψεις,
4011 1287 4113 1338 καὶ

2513 1386 2743 1452 ἀγῶνες,
2779 1386 2872 1437 xui
2905 1383 3125 1453 ἱδρῶτες
3154 1384 3491 1452 πρόκεινται,
3513 1381 3597 1432 ῖνα
3618 1382 3844 1449 φανεροὶ
3885 1378 4114 1445 γένων-

2514 1496 2625 1538 ται,
2692 1478 2835 1538 τίνες
2886 1476 2944 1542 ἐξ
2994 1475 3255 1545 ἀληθείας
3311 1474 3416 1536 ἕως
3457 1474 3687 1526 Θανάτου
3735 1470 3993 1531 ἐλθόντες
4052 1467 4116 1530 ἐξ

2512 1569 2639 1636 ὅλης
2670 1573 3043 1638 προαιρέσεως
3098 1567 3191 1618 xui
3219 1566 3501 1634 δυνάμεως
3544 1565 3635 1616 τὸν
3690 1561 3897 1632 Κύριον
3940 1560 4114 1630 μόνον

2515 1660 2828 1729 ἠγάπησαν,
2855 1661 2949 1712 xui
2975 1659 3126 1712 οὐδὲν
3149 1659 3336 1729 ἕτερον
3359 1660 3454 1711 σὺν
3473 1660 3538 1727 τῇ
3567 1657 3701 1726 πρὸς
3724 1655 3888 1708 αὑτὸν
3909 1653 4116 1722 ἀγάπῃ

2521 1753 2882 1822 περιπόθητον
2911 1752 3088 1821 ἔσχον.
3114 1753 3204 1804 Διὸ
3226 1753 3321 1804 xui
3349 1749 3576 1813 δικαίως
3597 1752 3676 1812 εἰς
3693 1747 3792 1816 τὴν
3816 1746 4114 1816 βασιλείαν

837 1842 1200 1894 tribulatione:
1222 1851 1423 1908 Oportet
1443 1843 1817 1895 nosiutrarein
1838 1858 2054 1912 regnum
2071 1844 2318 1895 caelorum
2338 1847 2413 1908 “;
2447 1817 2492 1872 Β
2521 1869 2522 1877 ι

2447 1817 2492 1872 Β
2521 1817 2627 1896 τῶν
2652 1845 2710 1896 οὐ
2722 1817 2895 1913 ρανῶν
2916 1817 3278 1914 είσέρχονται,
3309 1844 3679 1914 ἀρνησάμενοι
3709 1840 3940 1900 ἑαυτοὺς
3961 1839 4115 1890 κατά

835 1944 889 1990 et
918 1934 1179 1990 Dominus
1213 1947 1227 1984 :
1263 1931 1325 1985 In
1359 1935 1612 2002 patientia
1649 1941 1819 1984 uestra
1854 1933 2177 2001 possidebitis
2209 1937 2415 1986 animas

835 2039 1033 2083 uestras
1056 2028 1132 2089 ‘3;
1160 2039 1214 2079 et
1237 2044 1428 2080 rursus
1447 2044 1459 2077 :
1475 2025 1535 2079 In
1558 2027 1746 2078 mundo
1761 2043 2059 2096 pressuram
2083 2027 2330 2080 habebitis
2349 2028 2414 2080 ⁸⁸.

836 2123 1047 2173 Labore
1087 2120 1254 2181 enim,
1287 2128 1340 2172 et
1383 2119 1667 2187 patientia,
1702 2128 1756 2171 et
1796 2119 2128 2172 abstinentia
2171 2129 2226 2173 et
2267 2119 2415 2172 omni

836 2209 1329 2277 circumspectione
1363 2224 1502 2277 opus
1532 2217 1642 2272 est;
1674 2217 1727 2260 et
1755 2209 2056 2272 alacritate,
2084 2221 2138 2263 et
2169 2225 2419 2278 perseve-

841 2302 1013 2353 rantia
1065 2302 1116 2353 in
1170 2299 1420 2353 oratione
1463 2299 1528 2352 ad
1576 2300 1894 2362 Dominum,
1932 2311 1993 2353 ut
2040 2301 2213 2368 possit
2255 2303 2419 2354 homo

837 2391 1172 2461 pet-transire
1201 2392 1544 2444 terrestrium
1571 2390 1922 2459 cupiditates,
1953 2391 2180 2458 laqueos
2213 2400 2268 2444 et
2303 2391 2420 2444 ille-

838 2485 1031 2536 cebras
1055 2482 1422 2550 voluptatum,
1451 2492 1505 2535 ct
1536 2481 1724 2534 mundi
1762 2490 2134 2549 tempestates,
2166 2491 2221 2534 et
2254 2483 2420 2535 malo-

839 2592 958 2628 rum
987 2577 1281 2642 spirituum
1314 2575 1754 2643 impugnatiunes
1779 2574 2045 2635 devitarc,
2073 2584 2127 2628 et
2156 2575 2291 2627 bene
2322 2590 2422 2627 no-

839 2680 991 2718 scere
1029 2664 1178 2732 quali
1212 2665 1493 2733 vigilantia
1525 2674 1580 2717 et
1617 2665 1824 2732 impetu
1864 2663 1986 2716 ﬁdei
2022 2673 2078 2717 ct
2109 2665 2422 2719 dilectionis

837 2755 1012 2806 sancti
1039 2754 1318 2807 caelestem
1349 2757 1683 2814 thesaurum,
1707 2755 1758 2806 id
1785 2762 1889 2816 est,
1911 2754 2138 2822 spiritus
2162 2757 2419 2809 virtutem

840 2844 895 2895 in
946 2859 1063 2895 suxs
1113 2844 1404 2896 animabus
1455 2854 1511 2896 et
1554 2845 1693 2896 cwlo
1741 2844 2090 2911 possideant;
2143 2846 2288 2913 quod
2337 2856 2422 2900 est

839 2937 995 3003 quasi
1037 2936 1216 2988 arriue
1255 2935 1405 3002 regni
1449 2935 1708 2987 ccelestis.
1741 2936 1874 2988 Nam
1916 2935 2109 2988 beatus
2143 2938 2422 3005 apostolus

844 3025 1044 3077 l’aulus
1074 3026 1140 3077 de
1176 3025 1278 3078 hoc
1304 3024 1511 3078 caelesti
1547 3025 1828 3087 thesauro,
1865 3025 1916 3077 id
1959 3035 2065 3090 est,
2100 3027 2269 3094 gratia
2297 3027 2420 3094 Spi-

2517 1936 2607 1987 τδν
2629 1934 2720 1987 τοῦ
2753 1935 2957 2005 Κυρίου
2997 1935 3174 2002 λόγον,
3217 1934 3311 1987 xui
3335 1935 3484 2002 παρὰ
3507 1935 3607 2000 τὴν
3645 1933 3780 1985 ίδίαν
3809 1931 3988 2000 πνοὴν
4020 1930 4116 1981 τὸν

2520 2029 2720 2098 Κύριον
2753 2029 2911 2097 μόνον
2937 2029 3284 2099 ἠγαπηκότες
3301 2046 3314 2058 ·
3335 2028 3416 2079 διὸ
3449 2027 3545 2079 xui
3572 2027 3761 2095 ἄκροις
3789 2023 3996 2094 δώροις
4021 2023 4117 2074 οὐ·-

2522 2122 2725 2187 ρανίοις
2753 2122 2850 2192 τὴν
2908 2121 3084 2192 ἄκραν
3119 2123 3341 2189 ἀγάπην
3398 2120 3580 2174 αὐτῶν
3640 2118 4111 2189 ἀμειφθήσονται.

2520 2213 2611 2275 Εἰς
2647 2212 2754 2280 γὰρ
2789 2211 2883 2274 τὰς
2917 2211 3142 2280 θλίψεις,
3174 2214 3267 2264 xui
3301 2210 3369 2263 τὰ
3393 2210 3720 2281 παθήματα,
3757 2206 3851 2271 xui.
3889 2207 4113 2275 ὑπομο-

2521 2303 2635 2371 νὴν,
2671 2302 2764 2354 xui
2796 2302 2978 2354 πίστιν
3008 2301 3460 2372 ἐγκεκρυμμέναι
3491 2300 3630 2352 εἰσὶν
3663 2300 3719 2350 αἱ
3746 2295 4109 2364 ἐπαγγελίαι,

2522 2395 2616 2446 xui
2643 2397 2674 2463 ἠ
2706 2393 2854 2457 δόξα,
2888 2395 3032 2463 καὶὴ
3059 2394 3166 2446 τῶν
3199 2394 3543 2462 ἐπουρανίων
3565 2389 3786 2458 ἀγαθῶν
3819 2386 4115 2440 ἀποκατά-

2524 2503 2733 2549 στασις,
2767 2486 2954 2554 ῶσπερ
2987 2488 3044 2538 ἐν
3079 2485 3155 2554 τῷ
3185 2487 3498 2555 ριπτομένῳ
3521 2485 3652 2552 σίτῳ
3689 2484 3768 2544 είς
3799 2481 3900 2550 τὴν
3935 2479 4051 2548 γῆν
4087 2479 4115 2529 ὁ

2524 2575 2731 2642 καρπὸς
2768 2575 2799 2644 ἢ
2827 2575 3028 2644 δένδρῳ
3058 2574 3557 2644 ἐπικεντριςομένῳ
3585 2574 3673 2625 διά
3713 2569 3934 2639 σήψεώς
3960 2585 4115 2628 τινος

2524 2665 2618 2716 xui
2641 2664 2864 2733 ἀτιμίας
2892 2665 3246 2734 διερχομένῳ.
3277 2667 3385 2718 Καὶ
3408 2665 3524 2716 τότε
3558 2662 3651 2716 τοῦ
3682 2662 3983 2732 ἐνδύματος
4011 2659 4115 2728 τὴν

2525 2756 2868 2825 εὐπρέπειαν
2901 2755 2996 2809 xui
3037 2756 3134 2826 τὴν
3159 2757 3316 2823 δόξαν
3344 2757 3438 2808 xui
3467 2756 3556 2808 τὸν
3596 2752 4118 2816 πολυπλασιάζοντα

2525 2847 2735 2915 καρπὸν
2748 2847 3147 2917 ἀπεδείχθησαν
3170 2849 3333 2918 ἔχειν,
3360 2847 3433 2910 ῶς
3455 2851 3545 2900 xui
3564 2849 3592 2898 ό
3625 2847 3944 2908 Ἀπόστολος
3965 2861 3980 2875 ⁸
4009 2845 4118 2899 Διά

2525 2934 2776 2988 πολλῶν
2811 2938 3094 3006 θλίψεων,
3133 2939 3287 3009 φησὶ,
3337 2938 3643 3009 δυνάμεθα
3696 2938 4001 2992 εἰσελθεῖν
4027 2941 4118 3003 εἰς

2525 3029 2977 3094 τὴνβασιλείαν
3000 3028 3119 3081 τῶν
3145 3028 3446 3096 οὐρανῶν·
3478 3031 3573 3082 xui
3596 3033 3622 3081 ὁ
3647 3030 3877 3099 Κύριος·
3909 3032 4018 3083 Ἐν
4043 3030 4115 3098 τῇ

843 3128 983 3169 ritus
1014 3132 1300 3179 enarrans,
1325 3127 1380 3169 et
1412 3117 1820 3170 multitudinem
1865 3117 2281 3170 tribulationum
2325 3135 2419 3171 ολ-
2448 3157 2488 3213 (η
2527 3144 2528 3149 η

2448 3157 2490 3213 C
2527 3117 2801 3186 ὑπομονῇ
2839 3117 3006 3186 ὑμῶν
3045 3120 3356 3187 κτήσασθε
3390 3121 3498 3186 τὰς
3550 3121 3756 3189 ψυχὰς
3778 3120 3967 3190 ὑμῶν.
4003 3123 4117 3174 Καὶ

842 3223 1072 3276 pum-ns,
1102 3209 1376 3276 simulque
1421 3210 1737 3267 ostendens,
1767 3209 1897 3276 quid
1948 3208 2144 3261 debeat
2188 3210 2418 3277 quisque

841 3300 1038 3351 exinde
1094 3315 1360 3367 quzerere.
1424 3301 1526 3365 Et,
1595 3301 1726 3366 quid
1793 3301 2077 3370 possidere
2137 3311 2418 3369 oporteat,

843 3391 978 3444 dicit
1005 3410 1017 3443 ;
1055 3389 1259 3444 Scimus
1283 3396 1419 3445 enim
1444 3392 1605 3461 quod,
1632 3394 1675 3445 si
1699 3402 1962 3444 terrenum
1997 3401 2231 3444 nostrum
2257 3393 2423 3444 donti-

843 3487 1022 3538 cilium
1079 3487 1236 3553 hujus
1295 3484 1622 3538 tabernaculi
1677 3485 1996 3535 destructum
2031 3483 2206 3550 fuerit,
2257 3483 2420 3549 redi/i-

845 3577 1108 3628 cntionem
1153 3592 1216 3626 ρτ
1260 3576 1368 3628 Deo
1417 3575 1686 3637 habemus,
1737 3573 2060 3626 domicilium
2092 3589 2196 3625 non
2227 3589 2421 3625 manu-

844 3679 1064 3750 fuctum,
1094 3677 1348 3721 mternum
1382 3667 1433 3719 iu
1465 3663 1604 3717 caelis
1626 3666 1689 3716 ⁸⁵.

2474 3198 2490 3216 ¹
2527 3211 2685 3261 πάλιν
2707 3228 2719 3240 ·
2755 3211 2855 3261 Ἐν
2881 3208 2959 3274 τῷ
2986 3211 3191 3278 κόσμῳ
3213 3213 3422 3280 θλίψιν
3445 3212 3632 3276 ἕξετε.
3665 3215 3831 3266 Πόνου
3860 3215 3992 3283 γὰρ,
4019 3215 4115 3264 καὶ

2529 3299 2786 3367 σπουδῆς,
2831 3299 2926 3351 xui
2959 3300 3191 3370 νήψεως,
3224 3302 3318 3355 xui
3376 3303 3576 3372 πολλῆς
3625 3304 3896 3372 προσοχῆς
3927 3304 4114 3372 χρεία,

2526 3391 2618 3441 xui
2647 3390 2922 3458 ὀξύτητος,
2948 3391 3042 3442 xui
3061 3393 3334 3454 ἀναιδείας
3350 3393 3407 3445 ἐν
3424 3394 3488 3462 τῇ
3508 3393 3642 3462 πρὸς
3658 3391 3858 3462 Κύριον
3870 3395 4114 3462 αἰτήσει,

2524 3482 2604 3541 είς
2637 3482 2698 3534 τὸ
2726 3483 3023 3550 δυνηθῆναι
3051 3484 3342 3549 διεξελθεῖν
3400 3486 3496 3547 τάς
3527 3486 3638 3536 τῶν
3682 3486 3886 3555 γηΐνων
3930 3485 4116 3537 ἐπιθυ-

2530 3574 2680 3642 μίας,
2714 3575 2966 3641 παγίδας,
3001 3577 3095 3629 xui
3130 3575 3360 3645 βρόχους
3394 3576 3503 3629 τῶν
3531 3577 3756 3646 ἡδονῶν,
3795 3577 3891 3630 xui
3919 3593 4115 3629 καται-

2527 3667 2679 3733 γίδας
2705 3667 2816 3736 (14)
2844 3667 2940 3719 τοῦ
2962 3667 3191 3736 κόσμου,
3210 3668 3301 3719 xui
3334 3667 3432 3729 τὰς
3467 3668 3575 3719 τῶν
3597 3667 3848 3737 πονηρῶν
3873 3671 4113 3736 πνευμά-

843 3780 951 3813 των
976 3760 1369 3821 ἐπαναστάσεις
1399 3757 1703 3826 διαφυγεῖν,
1740 3757 1834 3808 xui
1862 3756 2067 3820 γνῶναι
2095 3755 2296 3819 καλῶς,
2327 3756 2385 3808 ἐν
2419 3758 2548 3830 ποίᾳ
2587 3760 2743 3829 νήφει
2778 3762 2871 3813 xui
2910 3762 3204 3832 γοργότητι
3225 3762 3460 3824 πίστεως
3485 3763 3579 3815 xui
3612 3760 3834 3832 ἀγάπης
3876 3766 3926 3814 οί
3969 3763 4112 3830 ἀγιοι

843 3857 935 3908 τὸν
958 3856 1282 3922 ἐπουράνιον
1315 3852 1608 3921 θησαυρὸν,
1637 3850 1783 3903 τοῦτ’
1813 3850 1929 3902 ἔστι
1953 3852 2051 3920 τὴν
2105 3851 2198 3904 τοῦ
2254 3853 2573 3922 Πνεύματος
2608 3855 2836 3926 δύναμιν
2896 3859 2954 3908 ἐν
2989 3861 3107 3921 ταῖς
3153 3858 3349 3927 ψυχαῖς
3417 3861 3624 3912 ἑαυτῶν
3669 3860 3918 3912 ἐντεῦθεν
3953 3861 4114 3928 ἐκτή-

847 3969 1028 4005 σαντο.
1063 3953 1238 4022 Ὅπερ
1265 3953 1414 4006 ἐστὶν
1463 3949 1721 4021 ἀρραϐὼν
1772 3949 1871 4018 τῆς
1906 3947 2204 4017 βασιλείας.
2249 3949 2306 4001 Ὀ
2343 3951 2449 4021 γὰρ
2491 3953 2758 4023 μακάριος
2803 3953 3103 4016 ἀπόστολος
3145 3955 3356 4018 Παῦλος
3418 3956 3549 4025 περὶ
3606 3955 3796 4008 τούτου
3832 3957 3926 4008 τοῦ
3959 3960 4116 4010 ἐπους

849 4048 1030 4119 ρανίου
1058 4045 1331 4116 θησαυροῦ
1360 4042 1503 4095 τοῦτ’
1535 4043 1682 4094 ἔστιν
1725 4041 1826 4110 τῆς
1867 4042 2088 4110 χάριτος
2132 4039 2226 4091 τοῦ
2293 4043 2609 4112 Πνεύματος
2669 4045 3043 4116 διηγούμενος,
3080 4048 3175 4100 xui
3235 4049 3334 4117 τὴν
3382 4047 3686 4118 ὑπερϐολὴν
3737 4047 3845 4101 τῶν
3878 4048 4115 4117 θλίψεων

845 4141 1324 4210 ἐξαγορεύων,ἆμα
1339 4146 1390 4196 δὲ
1418 4135 1512 4187 xui
1530 4133 1913 4195 ὑποδεικνύων,
1953 4132 2005 4183 τί
2050 4132 2253 4199 ὀφείλει
2285 4133 2513 4197 ἕκαστος
2541 4134 2724 4204 ζητεῖν
2756 4138 3053 4209 ἐντεῦθεν.]
3081 4139 3188 4190 Kui
3232 4139 3284 4190 τί
3332 4139 3533 4207 ὀφείλει
3570 4141 3893 4208 κτήσασθαι,
3925 4139 4078 4208 λέγει
4098 4160 4112 4173 ·

849 4233 1106 4300 Οἴδαμεν
1135 4231 1243 4299 γὰρ
1278 4228 1366 4280 ὅτι
1433 4227 1540 4280 ἐὰν
1575 4226 1612 4292 ἡ
1643 4225 1901 4293 ἐπίγειος
1939 4222 2107 4291 ἡμῶν
2145 4224 2304 4275 οἰκία
2356 4225 2460 4280 τοῦ
2524 4226 2795 4296 σκήνους
2843 4227 3173 4296 καταλυθῇ,
3211 4229 3536 4299 οἰκοδομὴν
3582 4229 3650 4281 ἐκ
3693 4230 3842 4283 Θεοῦ
3893 4232 4116 4301 ἔχομεν

847 4324 1044 4378 οὶκίαν
1091 4320 1576 4389 ἀχειροποίητον,
1609 4316 1848 4369 αἰώνιον
1884 4317 1954 4368 ἐν
1981 4316 2277 4382 οὐρανοῖς.
2308 4316 2325 4388 ]

920 4413 1030 4468 VII.
1055 4408 1512 4465 Conlendcndum
1536 4406 1701 4476 igitur
1717 4417 1765 4460 el
1792 4404 2150 4460 laborandum
2173 4405 2428 4462 omnibus

2606 4415 2679 4466 Z'.
2727 4414 2960 4483 Ὀφείλει
3004 4414 3096 4471 οὖν
3123 4417 3350 4478 ἕκαστος
3402 4417 3794 4485 ἀγωνίσασθαι,
3821 4437 3914 4473 και
3948 4437 4111 4474 σπου-

851 4521 948 4575 per
976 4516 1167 4556 omnes
1191 4500 1442 4555 virtutes.
1472 4505 1637 4565 atque
1661 4494 2020 4559 credendum,
2065 4502 2125 4547 ut
2165 4494 2428 4565 deinceps
2461 4483 2503 4536 D
2532 4526 2536 4548 ι

2426 4531 2428 4542 ι
2461 4483 2503 4536 D
2532 4501 2692 4556 δάσαι
2741 4505 2830 4557 διὰ
2863 4506 3051 4560 πασῶν
3090 4506 3323 4578 ἀρετῶν,
3381 4507 3475 4559 xui
3511 4509 3819 4574 πιστεῦσαι,
3861 4512 4111 4565 ἐντεῦθεν

850 4597 1168 4668 pessideant
1205 4592 1351 4645 illam
1384 4591 1629 4643 domum.
1667 4587 1723 4642 Si
1760 4587 1908 4641 enim
1955 4587 2196 4640 solvatur
2232 4587 2428 4642 domus

850 4686 1099 4756 corporis
1152 4681 1349 4745 nostri,
1402 4695 1510 4734 non
1559 4679 1826 4733 habemus
1865 4677 2026 4731 aliam
2066 4677 2311 4741 domum,
2359 4679 2426 4732 ad

851 4797 1015 4850 quam
1049 4779 1282 4832 ditertat
1312 4775 1513 4829 anima.
1549 4773 1605 4827 Si
1642 4783 1839 4837 tamen,
1875 4773 2072 4842 inquit,
2103 4773 2294 4837 induti,
2324 4791 2427 4827 non

853 4875 980 4926 nudi
1019 4870 1312 4939 reperimur
1337 4868 1404 4932 “,
1443 4868 1549 4921 hoc
1583 4876 1688 4930 est,
1725 4865 1858 4919 nudi
1889 4882 1918 4918 a
1950 4867 2336 4919 communione
2374 4875 2430 4920 et.

853 4964 1276 5035 participatione
1305 4960 1545 5030 Spiritus
1575 4959 1770 5022 sancti,
1800 4959 1852 5012 in
1892 4974 1998 5027 qua
2035 4958 2212 5012 ﬁdelis
2251 4961 2431 5012 anima

853 5058 1029 5110 solum
1065 5053 1413 5123 requiescere
1453 5061 1652 5120 potest.
1699 5051 1993 5119 Propterea
2034 5051 2203 5115 enim,
2237 5051 2330 5118 qui
2375 5066 2430 5104 re

853 5161 984 5198 vera
1033 5153 1088 5198 et
1134 5145 1339 5196 virtute
1370 5142 1663 5196 Christiani
1694 5150 1845 5204 sunt,
1884 5141 2028 5193 bono
2059 5149 2188 5194 sunt
2222 5143 2428 5208 animo,

853 5245 910 5288 ct
936 5234 1174 5302 gaudent
1197 5234 1491 5302 migrantes
1507 5247 1536 5284 e
1554 5246 1805 5301 corpore,
1833 5232 1960 5299 quia
1983 5230 2187 5284 habent
2206 5231 2428 5283 domum

857 5328 1006 5381 illam
1055 5325 1307 5378 manibus
1353 5339 1463 5377 non
1517 5332 1889 5384 exstructam,
1941 5337 2063 5390 qua:
2110 5322 2304 5375 domus
2347 5330 2433 5375 est

857 5419 1031 5473 virtus
1084 5417 1322 5487 Spiritus
1374 5416 1547 5470 sancti
1598 5414 1653 5469 in
1686 5414 1793 5469 illis
1839 5413 2121 5469 habitans.
2159 5413 2214 5467 Si
2266 5413 2433 5484 igitur

932 5554 975 5584 ⁸³
999 5551 1120 5604 Act.
1144 5550 1360 5608 Σιγιῖι.
1439 5550 1482 5582 ⁸⁸
1505 5548 1637 5604 Luc.
1666 5564 1774 5610 XXI,
1803 5548 1887 5603 l9.
1964 5549 2008 5580 “
2030 5548 2183 5605 Joan.
2209 5564 2317 5612 xvt,
2343 5548 2432 5602 '55.

2508 5551 2552 5581 συ
2582 5549 2625 5602 ιι
2659 5548 2786 5604 Cor.
2827 5568 2879 5618 ν,
2917 5553 2965 5606 ι.

2534 4598 2839 4667 κτήσασθαι
2895 4601 2988 4653 τὸν
3045 4597 3191 4654 οἷκον
3252 4603 3480 4654 ἐκεῖνον.
3529 4602 3652 4654 Ἐἀν
3678 4603 3787 4672 γὰρ
3834 4607 4108 4678 καταλυθῇ

2535 4689 2694 4758 ἡμῶν
2721 4691 2749 4740 ὁ
2786 4687 2933 4753 οἶκος
2967 4691 3061 4744 τοῦ
3108 4693 3378 4762 σώματος,
3409 4693 3510 4745 οὐκ
3535 4693 3729 4762 ἔχομεν
3753 4693 3910 4746 ἄλλον
3939 4691 4109 4754 οἷκον.

2534 4781 2614 4841 είς
2664 4780 2723 4833 ὃν
2780 4781 3074 4833 καταλύσει
3124 4783 3347 4852 ἠμῶνή
3394 4783 3564 4852 ψυχή.
3606 4784 3763 4852 Εἷγε,
3798 4786 3932 4854 φησὶ
3959 4827 3976 4852 ,
4015 4789 4109 4842 καὶ

2537 4868 2934 4938 ἐνδυσάμενοι
2984 4874 3055 4925 οὐ
3094 4879 3306 4942 γυμνοὶ
3337 4875 3810 4941 εὑρεθησόμεθα,
3839 4879 4111 4930 τουτέστιν

2535 4960 2642 5012 ἀπὸ
2662 4964 2759 5029 τῆς
2791 4962 3072 5025 κοινωνίας
3104 4965 3196 5016 καὶ
3226 4965 3586 5034 ἀνακράσεως
3618 4966 3710 5019 τοῦ
3742 4967 3899 5034 ἁγίου
3937 4971 4107 5022 Πνεύ-

2540 5066 2729 5117 ματος,
2770 5053 2848 5113 εἰς
2907 5053 2975 5121 ἢν
3038 5053 3200 5121 μόνον
3249 5056 3281 5124 ἡ
3335 5056 3502 5126 πιστὴ
3550 5055 3698 5126 ψυχὴ
3734 5058 4107 5112 ἀναπαύεσθαι

2537 5140 2778 5194 δύναται.
2816 5144 2912 5194 Διά
2945 5142 3104 5196 τοῦτο
3142 5145 3249 5216 γάρ
3282 5147 3330 5197 οί
3363 5146 3514 5208 ὄντες
3541 5149 3596 5198 ἐν
3625 5149 3853 5218 ἀληθείᾳ
3902 5153 3996 5202 καὶ
4023 5151 4108 5203 δυ-

2537 5232 2698 5301 νάμει
2733 5234 3050 5304 Χριστιανοὶ
3091 5236 3353 5306 θαρροῦσι
3393 5239 3486 5290 xui
3516 5239 3797 5308 χαίρουσιν
3822 5239 4108 5312 ἐξερχόμε-

2537 5338 2616 5373 νοι
2675 5321 2773 5389 τῆς
2809 5324 3030 5393 σαρκὸς,
3060 5327 3140 5379 ὅτι
3201 5326 3415 5396 ἔχουσιν
3461 5329 3672 5380 ἐκεῖνον
3717 5329 3810 5381 τὸν
3840 5325 3990 5383 οἷκον
4018 5339 4105 5384 τον

2538 5411 2967 5483 ἀχειροποίητον,
3008 5417 3066 5479 ὃς
3117 5418 3264 5470 ἐστιν
3290 5413 3457 5486 οἶκος,
3488 5420 3520 5489 ή
3550 5419 3773 5474 οἰκοῦσα
3823 5422 3881 5475 ἐν
3926 5423 4106 5487 αὐτοῖς

3066 5555 3109 5586 ⁶τ
3135 5553 3270 5609 ibid.
3308 5555 3360 5610 5.

2120 5665 2350 5723 VARUS
2393 5665 2799 5724 LECTIONES.

935 5753 1044 5825 (Η)
1070 5754 1207 5810 Cod.
1237 5758 1544 5825 κατεγίδας.
