4266 6356
286 393 413 455 513

1542 392 1910 455 HOMILUE.
1940 416 2009 427 -·
2035 390 2219 450 ΗΟΜ.
2262 392 2330 449 ν.

3433 396 3538 460 514

282 504 381 558 τοῦ
422 501 738 573 Πνεύματος
767 502 1018 572 δύναμις.
1067 502 1187 557 Κᾶν
1227 500 1501 575 καταλυθῇ
1548 521 1641 558 ουν
1676 505 1726 573 ’ἡ
1769 502 1862 555 τοῦ
1890 508 1967 564 Α‹

1846 502 1862 555 3
1890 508 1939 564 Α
1964 502 2304 557 destructum
2328 501 2494 557 fuerit
2517 502 2765 572 corporis
2786 502 3149 571 domicilium,
3172 522 3280 562 non
3306 510 3531 566 timent:

285 593 541 661 σώματος
568 591 737 657 οἰκία,
771 593 833 645 ού
861 590 1150 658 φοϐοῦνται
1178 605 1194 622 ·
1230 590 1413 660 ἔχουσι
1438 590 1545 660 γὰρ
1565 592 1664 662 τὴν
1695 591 1858 642 ἐπου-

283 688 475 755 ράνιον
512 685 608 738 τοῦ
639 684 953 754 Πνεύματος
980 684 1179 750 οίκίαν,
1211 686 1308 738 καὶ
1337 682 1436 755 τὴν
1458 684 1615 749 δόξαν
1643 684 1861 751 ἐκείνην

279 778 385 844 τὴν
433 775 731 845 ἄφθαρτον,
762 776 883 844 ἥτις
914 774 1041 840 δόξα
1092 778 1150 829 tv
1175 778 1243 845 τῇ
1278 775 1462 846 ἡμέρᾳ.
1504 775 1604 843 τῆς
1633 775 1861 828 ἀναστά-

283 885 426 930 σεως
448 867 790 937 οἰκοδομήσει
826 867 917 919 καὶ
944 866 1154 930 δοξάσει
1182 867 1276 919 καὶ
1307 868 1398 919 τὸν
1440 862 1589 921 οἷκον
1624 866 1719 921 τοῦ
1751 866 1859 919 σώ-

285 961 477 1028 μάτος,
509 958 586 1021 ὦς
611 976 773 1029 φησιν
802 962 830 1012 ό
867 958 1185 1022 ’Δπόστολος
1206 978 1219 991 ·
1250 958 1313 1012 Ὀ
1341 959 1574 1028 ἐγείρας
1600 959 1861 1026 Χριστὸν

279 1052 352 1104 ἐκ
408 1049 676 1119 νεκρῶν,
717 1049 1066 1119 ζωοποιήσει
1114 1051 1211 1105 καὶ
1254 1052 1327 1105 τὰ
1389 1051 1575 1118 θνητὰ
1616 1049 1858 1119 σώματα

281 1141 456 1209 ἡμῶν
482 1142 582 1195 διὰ
625 1141 732 1195 τοῦ
767 1142 1153 1207 ἐνοικοῦντος
1179 1142 1367 1195 αὑτοῦ
1413 1142 1757 1209 Πνεύματος
1790 1141 1858 1194 ἐν

285 1233 453 1301 ἡμῖν.
490 1234 600 1283 Καὶ
632 1232 819 1285 πάλιν·
848 1233 983 1285 Ἵνα
1014 1231 1111 1285 καί
1144 1234 1181 1300 ἡ
1217 1229 1327 1297 ζωὴ
1354 1231 1463 1285 τοῦ
1508 1230 1710 1297 Ἰησοῦ
1739 1246 1855 1299 φα-

286 1323 514 1389 νερωθῇ
552 1324 611 1374 ἐν
647 1322 721 1389 τῇ
748 1322 934 1389 θνητῇ
968 1325 1145 1390 σαρκὶ
1192 1322 1381 1390 ἡμῶν
1417 1322 1516 1375 καί
1549 1322 1669 1387 ἵνα,
1701 1322 1855 1389 φησι,

283 1412 597 1480 καταποθῇ
632 1414 697 1466 τὸ
739 1414 958 1479 θνητὸν
985 1413 1102 1466 ’ὑπὸ
1132 1411 1240 1480 τῆς
1266 1410 1435 1480 ζωῆς.

360 1524 442 1576 ιιι.
485 1521 904 1591 ’Δγωνισώμεθα
946 1517 1039 1573 οὖν
1087 1520 1173 1574 διὰ
1222 1522 1319 1588 τῆς
1354 1521 1587 1584 πίστεως
1629 1523 1723 1574 καὶ
1756 1521 1857 1589 τῆς

285 1613 548 1682 ιναρέτου
589 1612 866 1674 πολιτείας
910 1609 1159 1664 ἐντεῦθεν
1196 1611 1498 1680 κτήσασθαι
1546 1612 1607 1664 τὸ
1653 1612 1856 1681 ἔνδυμα

289 1704 489 1762 ἐκεῖνο,
533 1701 620 1754 ἴνα
678 1699 753 1771 μὴ
802 1700 1153 1769 ἐνδυσάμενοι
1181 1699 1243 1751 τὸ
1277 1698 1437 1769 σῶμα
1469 1700 1663 1767 γυμνοὶ
1702 1701 1856 1770 εὑρεο

290 1796 498 1865 θῶμεν,
540 1795 635 1847 καὶ
683 1796 783 1846 οὐκ
827 1794 975 1846 ἐστιν
1000 1794 1029 1846 δ
1057 1794 1271 1860 δοξάσει
1311 1793 1467 1865 ἡμῶν
1491 1794 1548 1847 tv
1578 1792 1760 1864 ἐκείνῃ
1785 1794 1851 1861 τῇ

287 1886 474 1957 ἡμέρα
507 1886 607 1954 τὴν
660 1885 859 1954 σάρκα.
896 1885 1167 1949 Ἕκαστος
1214 1884 1323 1954 γάρ
1368 1884 1492 1938 ὅσον
1539 1882 1852 1955 κατηξιώθη

286 1977 374 2030 διά
421 1976 521 2046 τῆς
564 1976 797 2037 πίστεως
844 1975 941 2031 καὶ
979 1974 1219 2045 σπουδῆς
1254 1974 1478 2046 μέτοχος
1502 1975 1659 2044 ἁγίου
1694 1974 1855 2029 Πνεύ-

292 2083 460 2137 ματος
501 2063 772 2134 γενέσθαι,
795 2065 1049 2119 τοσοῦτον
1079 2068 1136 2120 tv
1168 2067 1351 2138 ἐκείνῃ
1392 2070 1458 2139 τῇ
1490 2068 1669 2136 ἡμέρᾳ
1697 2065 1853 2129 δοξα-

290 2156 552 2223 σθήσεται
588 2152 754 2206 αὐτοῦ
803 2154 899 2207 καὶ
926 2155 987 2207 τὸ
1019 2154 1200 2225 σῶμα,
1238 2157 1304 2208 Ὀ
1330 2156 1440 2224 γάρ
1464 2154 1561 2207 νῦν
1590 2154 1854 2226 ὲναπεθη-

289 2246 549 2314 σαύρισιν
595 2243 742 2296 ἔνδον
772 2244 807 2313 ἡ
843 2243 1010 2314 ψυχὴ.
1051 2245 1173 2297 τότε
1220 2244 1729 2316 ἀποκαλυφθήσεται
1759 2245 1853 2298 καὶΙ

290 2337 593 2405 φανήσεται
639 2333 839 2397 ἔξωθεν
869 2333 963 2386 τοῦ
1002 2331 1275 2404 σώματος.
1311 2335 1520 2407 Ὠσπερ
1557 2336 1627 2390 τά
1663 2336 1852 2406 δένδρα

290 2424 703 2495 παρεληλυθότα
748 2424 840 2477 τὸν
895 2424 1136 2494 χειμιῖινα
1182 2424 1554 2496 ἐπιθαλψάσης
1575 2426 1853 2497 δυνάμεως

288 2517 543 2586 ἀοράτου,
577 2514 640 2567 ἐκ
684 2530 744 2566 τε
790 2513 883 2567 τοῦ
932 2514 1086 2583 ἡλίου
1118 2513 1214 2568 καὶ
1239 2515 1350 2567 τῶν
1382 2517 1598 2586 ἀνέμων
1624 2517 1849 2581 ἔσωθεν,

289 2606 482 2674 ἐκφύει
535 2606 629 2658 καὶ
683 2604 932 2657 ἐκϐάλλει
981 2604 1169 2676 ὥσπερ
1219 2604 1493 2675 ἐνδύματα
1533 2605 1730 2676 φύλλα,
1758 2609 1853 2662 καὶ⁵

289 2699 451 2767 ἄνθη,
499 2698 593 2749 καὶ
634 2696 880 2767 καρπούς
902 2710 915 2725 ⁸
965 2695 1167 2765 ὁμοίως
1190 2696 1258 2749 τά
1284 2696 1377 2749 τοῦ
1414 2699 1608 2767 χόρτου
1642 2697 1776 2767 ἄνθη
1796 2701 1853 2751 tv

286 2789 483 2857 ἐκείνῳ
515 2786 593 2857 τῷ
628 2786 826 2857 καιρῷ,
862 2785 1069 2839 ἔνδοθεν
1112 2789 1176 2839 ὲκ
1206 2786 1315 2839 τῶν
1352 2788 1568 2840 κόλπων
1609 2790 1707 2858 τῆς
1748 2789 1855 2858 γῆς

286 2876 779 2946 προέρχονται,κα“ι
797 2875 1056 2928 σκέπεται
1085 2875 1177 2927 καὶ
1198 2875 1557 2945 ἀμφιέννυται
1586 2878 1619 2947 ἡ
1648 2878 1854 2948 γῆλκαὶ

287 2969 311 3018 ό
339 2966 529 3035 χόρτος
556 2965 631 3027 ὼς
658 2966 725 3017 τά
755 2964 935 3035 κρίνα,
971 2967 1097 3036 περὶ
1128 2959 1203 3021 ὧν
1238 2969 1266 3019 ὁ
1305 2966 1506 3035 Κύριος
1526 2961 1699 3019 εἶπενο
1732 2968 1855 3020 Ὅτι

283 3056 428 3109 οὐδὲ
463 3054 746 3124 Σολομὼν
773 3056 843 3109 ἐν
871 3056 1038 3125 πάσῃ
1063 3057 1136 3127 τῇ
1170 3057 1319 3127 δόξῃ
1356 3057 1542 3111 αὐτοῦ
1591 3058 1854 3123 περιεϐά-

1962 590 2166 646 habent
2215 590 2362 645 enim
2408 592 2633 647 cmleste
2667 591 2910 662 Spiritus
2939 594 3301 664 domicilium,
3343 608 3400 655 et
3424 602 3537 671 glo-

1963 682 2096 736 riam
2147 683 2295 735 illam
2343 682 2887 750 immarcescibilem,
2944 701 3062 755 qua:
3117 688 3292 757 gloria
3339 691 3395 745 in
3444 693 3536 749 die

1960 773 2382 828 resurrectionis
2408 774 2702 829 atdiiicabit
2725 784 2781 830 ct
2810 776 3138 846 gloriﬁcabit
3161 779 3387 835 domum
3412 796 3534 836 cor—

1960 867 2125 935 poris,
2161 873 2222 917 ut
2267 865 2446 934 inquit
2491 867 2829 935 Apostolus:
2874 867 2927 921 Is
2970 871 3059 938 qui
3103 872 3345 925 excitavit
3385 872 3537 927 Chri-

1956 964 2095 1010 stum
2115 973 2176 1009 ea;
2201 956 2440 1021 mortuis,
2465 956 2743 1024 uiviﬁcabit
2763 967 2811 1011 et
2836 958 3084 1013 mortalia
3111 978 3330 1029 corpora
3352 973 3534 1018 nostra

1959 1056 2169 1116 propter
2189 1048 2350 1115 ipsius
2378 1044 2638 1116 Spiritum
2659 1048 3038 1103 inhabitantem
3066 1053 3121 1105 in
3147 1053 3291 1107 nobis
3309 1055 3445 1109 "°'°.
3465 1057 3534 1110 Et

1958 1152 2175 1190 rursum
2214 1154 2226 1190 :
2286 1138 2349 1193 Ut
2399 1146 2449 1190 et
2498 1139 2605 1192 vita
2647 1139 2771 1194 Iesu
2818 1143 3181 1210 manifestatur
3218 1145 3273 1197 in
3318 1148 3533 1200 mortali

1957 1246 2114 1283 carne
2155 1240 2336 1284 nostra
2354 1230 2420 1283 “.
2453 1260 2522 1269 ——
2551 1231 2623 1285 Et
2658 1241 2736 1295 ut,
2771 1232 2973 1302 inquit,
3008 1234 3346 1290 absorbeatur
3387 1255 3527 1291 mor—

1959 1322 2065 1375 tale
2095 1323 2234 1393 quod
2260 1325 2316 1376 in
2346 1323 2489 1377 nobis
2519 1332 2617 1389 est,
2644 1340 2677 1377 a
2702 1325 2809 1377 vita
2830 1325 2896 1378 ".

2026 1518 2130 1587 25
2154 1518 2287 1573 VIII.
2308 1518 2592 1575 Certemus
2610 1519 2775 1589 igitur
2789 1534 2889 1588 per
2906 1519 3065 1575 ﬁdem
3086 1531 3142 1577 et
3161 1526 3528 1581 conversatio-

1956 1624 2081 1662 nem
2114 1608 2166 1660 in
2203 1608 2351 1660 omni
2382 1608 2606 1671 virtute,
2637 1607 2864 1676 posthac
2902 1624 3219 1678 comparare
3252 1613 3408 1667 nobis
3442 1616 3527 1668 in-

1956 1698 2278 1753 dumentum
2327 1697 2492 1762 illud,
2541 1714 2610 1753 ne
2654 1714 2887 1768 corpore
2935 1701 3113 1755 induti
3160 1704 3293 1756 nudi
3328 1705 3525 1775 depre-

1956 1789 2278 1853 hendamur,
2310 1803 2412 1843 nec
2460 1788 2531 1843 sit
2573 1788 2718 1857 quod
2753 1789 3025 1859 glorificet
3071 1791 3125 1846 in
3170 1792 3258 1847 illa
3290 1794 3378 1849 die
3420 1810 3523 1851 no-

1954 1893 2122 1937 stram
2170 1898 2424 1947 carnem,
2472 1882 2748 1949 Quantum
2794 1883 2940 1937 enim
3002 1887 3374 1955 unusquisque
3426 1904 3524 1957 per

1955 1974 2114 2028 tidem
2148 1988 2211 2028 ac
2259 1973 2503 2027 studium
2553 1972 2789 2040 Spiritus
2834 1973 3005 2027 sancti
3038 1974 3287 2043 accipere
3325 1978 3522 2047 dignus

1953 2064 2173 2119 habitus
2198 2073 2302 2129 est,
2329 2073 2537 2118 tantum
2566 2062 2620 2115 in
2651 2063 2739 2117 illa
2767 2062 2857 2117 die
2880 2064 3275 2135 gloriﬁcabitur
3302 2083 3521 2138 quoque

1952 2159 2068 2227 ejus
2112 2172 2330 2226 corpus.
2377 2155 2525 2221 Quos
2563 2156 2711 2213 enim
2758 2170 2907 2209 nunc
2964 2156 3249 2213 thesauros
3300 2160 3519 2231 collegit

1952 2247 2100 2301 intus
2133 2246 2333 2307 anima,
2369 2255 2499 2301 tunc
2533 2245 2923 2301 revelabuntur
2948 2255 3005 2301 et
3045 2249 3388 2317 apparebunt
3418 2265 3517 2305 ex-

1952 2349 2108 2395 terne
2132 2341 2187 2395 in
2214 2356 2465 2410 corpore.
2487 2337 2956 2406 Quemadmodum
2976 2340 3221 2406 arbores,
3244 2343 3520 2410 praeterita

1951 2433 2152 2497 hieme,
2185 2433 2400 2488 fovente
2428 2434 2517 2488 illa
2542 2434 2783 2503 potentia
2814 2432 3096 2497 invisibili,
3124 2448 3247 2503 quae
3266 2450 3298 2487 a
3328 2435 3441 2489 sole
3462 2443 3520 2490 et

1950 2526 2128 2581 ventis
2169 2534 2283 2589 est,
2315 2536 2468 2581 extra
2518 2525 2811 2595 projiciunt
2858 2533 2913 2578 et
2957 2524 3215 2579 emittunt
3261 2533 3518 2595 tanquam

1951 2616 2291 2682 indumenta,
2329 2617 2457 2671 folia
2491 2626 2548 2672 et
2587 2617 2749 2671 ﬂores
2782 2623 2839 2671 et
2889 2616 3143 2670 fructus:
3180 2615 3435 2671 similiter
3460 2624 3520 2670 et

1950 2708 2255 2779 graminum
2280 2708 2443 2762 ﬂores
2477 2708 2571 2761 illo
2605 2715 2849 2776 tempore
2881 2705 2949 2759 ab
2979 2706 3173 2759 intimo
3203 2706 3326 2760 sinu
3360 2714 3519 2761 terra

1949 2797 2393 2867 progrediuntur,
2420 2805 2475 2851 et
2505 2797 2578 2850 ita
2612 2797 2812 2867 tegitur
2840 2807 3003 2865 atque
3029 2796 3320 2851 decoratur
3347 2804 3514 2859 terra,

1948 2891 2005 2939 et
2033 2901 2254 2955 gramen
2300 2886 2467 2940 veluti
2502 2885 2638 2948 lilia,
2687 2886 2755 2940 de
2802 2886 3003 2955 quibus
3030 2886 3295 2942 Dominus
3333 2887 3515 2942 dixit:

1950 2975 2088 3043 quod
2154 2991 2317 3046 neque
2373 2975 2630 3031 Salomon
2675 2977 2731 3030 in
2788 2978 3034 3032 uniuersa
3081 2977 3255 3048 gloria
3303 2995 3401 3031 sua
3442 2980 3517 3033 sic

1950 3065 2169 3118 amictus
2189 3066 2347 3135 fuerit
2372 3075 2430 3119 ut
2472 3083 2635 3120 unum
2654 3082 2717 3120 ea:
2739 3068 2816 3120 his
2844 3066 2912 3120 ⁸³.
2939 3068 3133 3123 Omnia
3151 3069 3296 3123 enim
3322 3069 3514 3139 hujus-

282 3153 427 3203 λετο
464 3150 544 3215 ὡς
579 3148 649 3202 ἐν
676 3148 920 3201 τούτων.
947 3148 1131 3202 Ταῦτα
1171 3149 1279 3219 γὰρ
1318 3150 1493 3203 πάντα
1524 3146 1852 3217 ὑποδείγμα-
1877 3164 1921 3221 c
1953 3171 1967 3207 ι

1829 3174 1852 3186 -
1877 3164 1921 3221 c
1953 3154 2099 3210 modi
2140 3157 2389 3228 exempla
2422 3166 2550 3213 sunt
2596 3158 2709 3229 typi
2747 3172 2813 3213 ac
2856 3158 3123 3229 imagines
3169 3159 3514 3216 Christiano-

281 3259 375 3304 τα,
427 3241 523 3293 καὶ
560 3239 744 3306 τύποι,
775 3241 869 3293 καὶ
896 3240 1102 3303 εἰκόνες
1131 3241 1237 3295 είσὶ
1284 3239 1393 3295 τῶν
1419 3239 1762 3311 Χριστιανῶν
1793 3240 1851 3291 ὲν

282 3335 350 3402 τῇ
381 3332 692 3385 ἀναστάσει.

356 3438 434 3491 8'.
465 3437 622 3490 Οὕτω
672 3438 872 3500 πάσαις
895 3440 1016 3501 ταῖς
1058 3438 1324 3507 φιλοθὲοις
1352 3437 1571 3508 ψυχαῖς,
1604 3438 1853 3491 τουτέστι

281 3534 395 3591 τοῖς
428 3528 700 3596 ἀληθινοῖς
739 3531 1102 3599 Χριστιανοῐς,
1138 3529 1252 3582 ἐστι
1303 3530 1408 3599 μὴν
1456 3530 1672 3599 πρῶτος
1717 3528 1854 3582 Ξαν-

283 3620 458 3685 θικδς,
493 3621 522 3667 ὀ
550 3619 877 3690 καλούμενος
918 3620 1244 3689 ’Δπρίλλιος,
1273 3621 1409 3691 ὅπερ
1439 3621 1583 3673 ἐστὶν
1612 3621 1646 3690 ἡ
1671 3620 1851 3689 ἡμέρα

281 3710 382 3777 τῆς
432 3710 803 3773 ἀναστάσεως,
847 3709 943 3762 καὶ
987 3711 1075 3762 διὰ
1116 3710 1215 3778 τῆς
1258 3710 1539 3779 δυνάμεως
1572 3709 1666 3762 τοῦ
1698 3708 1848 3779 ἡλίου

280 3800 381 3869 τῆς
428 3798 769 3869 δικαιοσύνης
818 3799 1029 3853 ἔνδοθεν
1070 3800 1349 3869 ἐξέρχεται
1384 3800 1510 3866 δόξα
1550 3800 1644 3853 τοῦ
1691 3801 1850 3867 άγίου

284 3891 623 3960 Πνεύματος,
656 3892 1003 3944 καλύπτουσα
1037 3892 1131 3944 καὶ
1152 3891 1498 3953 σκεπάζουσα
1526 3892 1593 3944 τὰ
1623 3890 1851 3962 σώματα

281 3982 392 4035 τῶν
434 3982 605 4049 ἁγίων
629 3996 641 4009 ⁸
673 3983 848 4052 ἡνπερ
878 3982 1034 4047 δόξαν
1095 3978 1241 4051 εἶχον
1288 3982 1434 4035 ἔνδον
1467 3982 1850 4052 ἐγκεκρυμμέ-

280 4090 380 4143 νην
408 4075 466 4127 tv
488 4076 605 4135 ταῖς
621 4073 841 4142 ψυχαῖς.
871 4073 1048 4143 Ὅπερ
1070 4074 1178 4143 γὰρ
1208 4072 1319 4141 ἔχει
1349 4072 1464 4138 νῦν,
1496 4074 1624 4126 αὐτὸ
1648 4075 1849 4143 προέρ-

279 4181 439 4234 χεται
472 4164 669 4229 ἔξωθεν
694 4164 785 4217 τοῦ
815 4162 1062 4235 σώματος
1092 4164 1232 4218 τότε.
1274 4160 1462 4229 Οὗτος,
1491 4166 1654 4235 φημὶ,
1681 4166 1710 4217 ό
1742 4166 1847 4234 μὴν

282 4253 496 4323 πρῶτός
533 4261 647 4307 εστι
682 4256 792 4317 τοῖς
842 4254 975 4322 μησὶ
1016 4254 1108 4307 τοῦ
1158 4253 1402 4307 ἐνιαυτοῦ
1429 4270 1442 4283 '
1475 4250 1628 4317 οὗτος
1675 4256 1848 4324 χαρὰν

282 4343 581 4411 προσφέρει
620 4345 770 4415 πάσῃ
816 4346 883 4415 τῇ
935 4342 1136 4396 κτίσιισ
1195 4338 1357 4406 οὗτος
1403 4345 1728 4414 ἀμφιέννυσι
1784 4348 1846 4399 τὰ

278 4434 461 4503 γυμνὰ
506 4433 718 4504 δένδρα,
747 4434 844 4505 τὴν
894 4436 999 4503 γῆν
1030 4434 1346 4502 διανοίγωνηο
1379 4430 1531 4497 οὗτος
1569 4439 1701 4488 πᾶσι
1733 4439 1844 4498 τοῖς

278 4522 439 4587 ζώοις
478 4524 653 4593 χαρὰν
705 4525 1023 4596 προσφέρει,
1062 4518 1215 4588 οὗτος
1248 4525 1344 4595 τὴν
1381 4527 1673 4595 ἱλαρότητα
1712 4529 1842 4579 πᾶσι

277 4614 533 4679 δεικνύει,
574 4608 727 4677 οὗτός
777 4618 893 4667 ἐστι
940 4616 1049 4669 τῶν
1103 4618 1446 4687 Χριστιανῶν
1478 4618 1694 4688 πρῶτος
1744 4617 1842 4686 μὲν

275 4706 557 4770 Ξανθικὸς,
590 4708 644 4769 ὃς
672 4711 788 4760 ἐστι
810 4710 908 4777 τῆς
928 4709 1273 4772 ἀναστάσεως
1303 4710 1511 4779 καιρὸς,
1547 4712 1603 4763 tv
1629 4704 1672 4778 ᾧ
1693 4710 1846 4774 δοξα-

279 4797 566 4868 σθήσονται
596 4802 661 4852 τά
702 4800 928 4869 σώματα
958 4801 1154 4864 αὐτῶν,
1188 4801 1274 4854 διὰ
1311 4801 1403 4853 τοῦ
1449 4802 1557 4855 ἀπὸ
1610 4803 1705 4855 τοῦ
1752 4803 1845 4855 νῦν

274 4889 426 4950 ὄντος
465 4892 522 4941 tv
554 4890 737 4951 αὐτοῖς
782 4892 961 4958 φωτὸς
991 4892 1254 4960 ἀρρήτου,
1286 4892 1531 4945 τουτέστι
1560 4894 1657 4962 τῆς
1687 4895 1845 4948 δυνάο

278 4994 425 5047 μεως
464 4978 559 5030 τοῦ
599 4976 935 5046 Πνεύματος,
964 4977 1101 5045 ὅπερ
1131 4978 1282 5029 ἔσται
1308 4979 1491 5040 αὐτοῖς
1528 4979 1650 5031 τότε
1692 4979 1842 5030 ἔνδυ-

277 5084 376 5136 μα,
418 5066 638 5136 βρῶσις,
680 5068 857 5131 πόσις,
885 5067 1224 5135 ἀγαλλίασις,
1280 5068 1445 5137 χαρὰ,
1490 5069 1699 5138 είρήνη,
1740 5070 1844 5137 ἄμ-

274 5175 418 5227 φιον,
456 5157 568 5228 ζωὴ
614 5158 865 5219 αἰώνιος·
898 5159 1046 5211 πᾶσα
1097 5158 1207 5227 γάρ
1250 5159 1479 5229 καλλονὴ
1517 5160 1839 5230 λαμπρότη-

272 5265 383 5312 τος,
416 5250 510 5302 καὶ
543 5248 870 5318 ὼραώτητος
903 5249 1179 5319 οὐρανίου,
1204 5250 1284 5312 εἰς
1306 5250 1501 5313 αὐτοὺς
1529 5250 1590 5301 τὸ
1620 5249 1840 5317 Πνεῦμα

270 5341 372 5409 τῆς
415 5339 664 5412 θεότητος
710 5340 917 5407 γίνεται
947 5340 1105 5406 ,τότε,
1147 5340 1284 5411 ὅπερ
1335 5341 1442 5394 ἀπὸ
1480 5340 1571 5392 τοῦ
1624 5339 1719 5394 νῦν
1750 5342 1835 5392 δέ-

273 5430 468 5493 ξασθαι
499 5429 928 5500 κατηξιιὶιθησαν.

346 5542 401 5595 l'.
436 5540 556 5603 Ιιῶς
602 5541 779 5595 τοίνυν
816 5542 1042 5604 ’ἕκαστος
1079 5542 1237 5612 ἡμῶν
1274 5545 1477 5612 ὀφείλει
1525 5543 1837 5605 πιστεῦσαι,

1950 3260 2069 3298 rum
2097 3246 2151 3300 in
2182 3248 2606 3303 resurrectione.

2018 3444 2110 3502 1X.
2151 3447 2446 3517 Propterea
2482 3446 2739 3502 omnibus
2781 3448 2980 3502 animis
3010 3449 3181 3501 Deum
3229 3447 3511 3518 diligenti-

1950 3534 2072 3597 bus,
2105 3536 2207 3591 hoc
2249 3548 2352 3601 est,
2396 3538 2541 3592 veris
2581 3537 2929 3602 Christianis,
2961 3540 3175 3607 primus
3200 3539 3401 3593 mensis
3429 3550 3516 3593 est

1949 3624 2272 3691 Xanthicus,
2302 3628 2395 3697 qui
2423 3627 2625 3683 dicitur
2649 3628 2867 3697 Aprilis,
2894 3629 2988 3697 qui
3020 3628 3241 3697 quidem
3284 3637 3371 3683 est
3396 3631 3515 3685 dies

1950 3718 2386 3781 resurrectionis,
2422 3717 2479 3772 in
2521 3733 2631 3787 quo
2662 3734 2763 3787 per
2807 3719 3067 3774 virtutem
3114 3719 3245 3774 solis
3286 3720 3517 3789 iustitiae

1951 3804 2096 3859 intus
2121 3806 2365 3875 exsurgit
2406 3806 2577 3876 gloria
2621 3805 2859 3875 Spiritus
2900 3808 3096 3870 sancti,
3128 3818 3422 3877 protegens
3450 3824 3517 3864 ac

1948 3894 2141 3949 fovens
2196 3910 2427 3965 corpora
2479 3904 2794 3950 sanctorum
2829 3912 3039 3965 :quam
3085 3896 3316 3967 gloriam
3364 3897 3516 3953 intus

1950 3984 2225 4039 habebant
2254 3986 2627 4040 absconditam
2668 3986 2723 4040 in
2752 3986 2965 4040 animis.
2997 3986 3155 4053 Quod
3184 3987 3333 4042 enim
3367 4003 3516 4044 nunc

1948 4076 2172 4140 habent,
2216 4076 2348 4130 illud
2380 4077 2614 4146 emergit
2658 4083 2788 4131 tunc
2829 4085 2985 4131 extra
3008 4093 3229 4147 corpus.
3268 4079 3390 4141 Hic.
3425 4080 3513 4133 in-

1945 4183 2132 4236 quam,
2179 4168 2382 4221 mensis
2407 4169 2617 4238 primus
2649 4175 2734 4222 est
2780 4168 2925 4223 inter
2962 4184 3179 4224 menses
3217 4169 3346 4223 anni
3384 4169 3516 4224 :hic

1947 4259 2203 4329 gaudium
2237 4259 2398 4314 ali‘crt
2444 4261 2593 4314 omni
2646 4270 2940 4325 creaturae;
2992 4259 3083 4314 hic
3125 4260 3289 4314 vestit
3337 4261 3517 4315 nudas

1945 4350 2189 4411 arbores,
2222 4358 2422 4403 terram
2453 4352 2705 4420 aperiens
2734 4368 2749 4417 ;
2780 4351 2869 4405 hic
2894 4351 3152 4405 omnibus
3181 4351 3516 4407 animalibus

1949 4439 2205 4507 gaudium
2251 4439 2429 4508 parit,
2475 4440 2569 4495 hic
2629 4442 2887 4495 omnibus
2933 4441 3268 4496 hilaritatem
3318 4442 3513 4508 τίσει-ι,

1953 4531 2044 4584 hic
2083 4540 2166 4584 est
2205 4530 2643 4597 Christianorum
2686 4532 2896 4601 primus
2936 4532 3140 4586 mensis
3184 4531 3511 4597 Xanthicus,

1946 4621 2039 4690 qui
2077 4628 2160 4675 cst
2186 4629 2399 4689 tempus
2424 4621 2868 4682 resurrectionis,
2900 4620 2955 4675 in
2982 4636 3091 4689 quo
3121 4621 3513 4691 gloriticabun-

1947 4722 2035 4766 tur
2063 4728 2292 4781 corpora
2327 4713 2542 4766 illorum
2572 4727 2667 4781 per
2692 4712 2897 4773 lumen,
2930 4712 3077 4781 quod
3110 4712 3179 4765 ab
3225 4713 3332 4765 hoc
3372 4720 3513 4766 tem-

1946 4820 2080 4873 pore
2123 4805 2180 4858 in
2212 4802 2321 4858 illis
2359 4813 2443 4858 est
2471 4819 2752 4865 arcanum,
2785 4802 2891 4855 hoc
2914 4810 3019 4866 est,
3045 4804 3307 4857 virtutem
3336 4802 3521 4872 Spiri-

1946 4904 2051 4959 tus,
2078 4896 2170 4965 qui
2196 4897 2327 4965 ipsis
2362 4905 2489 4949 tunc
2518 4895 2623 4948 erit
2665 4894 3067 4955 indumentum.
3114 4894 3292 4957 cibus,
3325 4902 3509 4962 potus,

1943 4988 2254 5050 exsultatio,
2273 4985 2479 5048 laatitia,
2500 5000 2626 5055 pax,
2643 4993 3051 5046 ornamentum,
3073 4992 3131 5036 et
3148 4982 3258 5035 vita
3282 4990 3507 5036 interna.

1944 5080 2181 5149 Spiritus
2218 5078 2364 5133 enim
2409 5076 2732 5138 divinitatis,
2779 5090 2942 5144 quem
2984 5075 3051 5129 ab
3094 5075 3197 5128 hoc
3234 5081 3507 5127 momento

1943 5170 2201 5238 consequi
2232 5168 2381 5239 digni
2412 5167 2580 5222 habiti
2611 5174 2757 5225 sunt,
2792 5166 2852 5219 ﬁt
2896 5172 3028 5219 tunc
3072 5164 3128 5218 in
3175 5165 3283 5219 illis
3328 5162 3509 5217 omnis

1942 5258 2292 5326 pulchritudo
2321 5256 2628 5325 splendoris
2653 5265 2709 5311 et
2731 5254 2948 5309 decoris
2974 5253 3232 5309 ccelestis.

2008 5539 2075 5593 Χ.
2090 5537 2372 5605 Quomodo
2389 5540 2554 5609 igitur
2566 5542 2941 5610 unusquisque
2954 5550 3203 5595 nostrum
3219 5537 3509 5593 debetcrew

345 5738 463 5769 ⁶’·“
495 5738 650 5791 Rom.
684 5754 798 5801 vm,
842 5738 927 5791 Η.
1004 5740 1044 5770 ⁶¹
1082 5740 1121 5793 li
1157 5739 1284 5795 Cor.
1324 5758 1391 5806 IV,
1433 5742 1512 5795 l0.
1590 5743 1632 5773 ⁶²
1663 5741 1705 5796 ll
1732 5740 1857 5796 Cor.
1900 5756 1955 5805 v,
1984 5740 2030 5793 4.

898 5778 927 5791 ,.
1004 5740 1044 5770 ⁶¹
1082 5740 1121 5793 li
1157 5739 1284 5795 Cor.
1324 5758 1391 5806 IV,
1433 5742 1512 5795 l0.
1590 5743 1632 5773 ⁶²
1663 5741 1705 5796 ll
1732 5740 1857 5796 Cor.
1900 5756 1955 5805 v,
1984 5740 2037 5793 4.
2116 5739 2160 5770 ⁸³
2192 5738 2381 5793 Matth.
2414 5756 2487 5802 vr,
2516 5739 2583 5793 “29

550 5829 818 5889 PA'I‘ltUL.
860 5833 975 5892 (is.
1022 5835 1284 5895 XXXIV.

3045 5828 3107 5888 Π
