4266 6356
775 396 882 463 515

2006 401 2067 463 S.
2108 401 2427 463 MACARII
2467 402 2785 465 EGYPTII

3903 392 4014 461 5L5

773 508 911 562 dere
926 514 983 562 et
1001 506 1353 573 contendere,
1366 516 1421 563 et
1450 508 1505 564 in
1522 508 1672 565 omni
1691 510 1909 567 virtutis
1925 515 2342 567 conversatione
2373 514 2416 571 A

2406 516 2539 570 ιακὶ
2581 513 2976 582 ἀγωνίσασθαι,
3006 513 3098 567 καὶ
3148 510 3446 566 σπουδάσαι
3492 511 3552 565 tv
3584 508 3735 580 πάσῃ
3765 508 4015 579 ιναρὲτῳ

777 613 997 668 operam
1031 613 1255 665 navare,
1280 608 1337 654 et
1360 616 1712 670 perseverare
1743 602 1801 657 in
1829 619 1924 673 spe
1952 618 2017 660 ac
2056 604 2345 659 tolerantia

778 690 972 753 multa,
995 700 1061 745 ut
1077 705 1225 745 nunc
1250 691 1450 761 dignus
1473 702 1764 747 censeatur
1788 696 2047 765 consequi
2082 695 2345 750 virtutem

778 781 1147 845 cmlestem,et
1165 780 1392 850 gloriam
1411 781 1649 851 Spiritus
1675 784 1847 838 sancti
1867 785 1919 838 in
1943 785 2208 840 interiore
2231 785 2348 838 ani-

779 886 887 933 ma,
909 878 969 923 ut
986 878 1098 924 tum
1115 870 1395 925 dissolutis
1418 875 1745 942 corporibus
1763 876 2082 939 habeamus,
2103 876 2248 945 quod
2270 886 2347 930 tc-

776 968 866 1029 gat
884 968 940 1014 et
959 961 1331 1015 viviﬁcetnos.
1364 960 1421 1015 Si
1438 970 1634 1025 tamen,
1662 965 1858 1033 inquit.
1880 965 2071 1029 induti,
2092 981 2195 1019 non
2216 965 2343 1017 nudi

775 1054 1098 1121 reperiemur
1127 1052 1192 1105 “.
1228 1052 1323 1117 Et,
1354 1052 1697 1109 Resuscitabit
1730 1072 1951 1125 corpora
1981 1066 2163 1109 nostra
2200 1072 2344 1109 mor-

776 1142 911 1196 talia
957 1159 1049 1212 per
1097 1143 1477 1199 inhabitantem
1524 1143 1778 1215 Spiritum
1828 1148 1941 1216 ejus
1976 1147 2032 1200 in
2080 1147 2225 1201 nobis
2272 1149 2340 1201 ".

776 1233 975 1288 Beatus
1019 1234 1166 1288 enim
1213 1235 1389 1290 Moses
1437 1236 1805 1291 subindicavit
1848 1237 2009 1293 nobis
2050 1248 2179 1309 typo
2207 1252 2345 1307 quo-

775 1326 936 1390 dam,
988 1340 1089 1394 per
1136 1326 1363 1395 gloriam
1398 1328 1609 1382 scilicet
1657 1328 1896 1397 Spiritus
1944 1330 1998 1383 in
2046 1329 2185 1384 facie
2222 1330 2345 1398 ejus

776 1418 1098 1481 hasrentem,
1133 1432 1298 1487 quam
1344 1434 1505 1473 nemo
1534 1419 1727 1475 deﬁxis
1774 1420 1951 1474 oculis
1983 1420 2342 1489 contemplari

775 1514 1009 1575 poterat,
1042 1507 1317 1574 quomodo
1348 1508 1403 1561 in
1436 1510 1841 1565 resurrectione
1878 1510 2177 1580 iustorum,
2224 1509 2341 1579 glo-

775 1598 1136 1651 riﬁcabuntur
1158 1614 1389 1667 corpora
1414 1608 1726 1654 sanctorum
1752 1618 1766 1653 :
1796 1614 1961 1669 quam
1984 1601 2206 1671 quidem
2231 1601 2345 1669 glo-

774 1688 911 1741 riam
944 1704 1090 1743 nunc
1134 1688 1189 1742 in
1234 1690 1497 1745 interiore
1534 1690 1757 1745 homine
1792 1692 1989 1745 animm
2027 1702 2341 1746 sanctorum

773 1786 831 1831 et
876 1778 1116 1833 ﬁdelium
1152 1780 1328 1849 digna:
1361 1790 1623 1850 putantur
1651 1782 1879 1835 habere.
1913 1780 2019 1835 Nos
2060 1783 2220 1846 enim,
2260 1784 2343 1835 in-

774 1870 911 1937 quit,
951 1881 1147 1929 omnes.
1182 1878 1378 1924 retecta
1411 1872 1565 1941 facie,
1595 1874 1690 1925 hoc
1721 1881 1816 1935 est,
1850 1874 2088 1926 interiori
2114 1874 2340 1938 homine,
2373 1852 2416 1908 Β

772 1959 999 2029 gloriam
1026 1960 1236 2015 Domini
1268 1964 1324 2016 in
1364 1963 1572 2032 speculo
1606 1964 2047 2034 contemplemur,
2079 1965 2149 2019 ad
2193 1981 2342 2018 eam-

774 2053 892 2106 dem
923 2054 1207 2123 imaginem
1233 2055 1602 2123 transformati
1627 2056 1689 2109 de
1723 2057 1895 2127 gloria
1932 2058 1986 2111 in
2018 2056 2245 2125 gloriam
2275 2057 2341 2114 “.

775 2144 967 2198 Itidem
1002 2162 1016 2198 :
1049 2144 1215 2199 Hom
1260 2147 1615 2217 quadraginta
1665 2148 1843 2201 diebus
1892 2165 1955 2201 ac
1986 2149 2343 2219 quadraginta

774 2236 1028 2302 noctibus,
1062 2246 1121 2290 ut
1151 2238 1416 2306 scriptum
1462 2246 1567 2303 est,
1609 2255 1797 2307 panem
1836 2256 1939 2291 non
1969 2240 2209 2303 eomedit,
2250 2255 2344 2293 nec

774 2345 971 2398 aquam
1000 2328 1123 2381 bibit
1152 2328 1217 2382 ".
1244 2328 1387 2383 Fieri
1414 2338 1597 2383 autem
1622 2346 1740 2384 non
1761 2338 1961 2399 potest,
1993 2337 2054 2383 ut
2077 2345 2343 2399 corporea

773 2429 968 2475 natura
1002 2420 1207 2489 absque
1236 2435 1376 2491 pane
1410 2429 1620 2476 tantum
1647 2421 1911 2490 temporis
1940 2420 2106 2474 vitam
2141 2419 2342 2475 transi-

773 2519 885 2581 gat,
915 2511 1021 2565 nisi
1046 2512 1185 2567 alius
1213 2511 1323 2566 cibi
1366 2512 1668 2581 spiritualis
1709 2511 1985 2581 particeps
2019 2511 2112 2565 flat
2138 2528 2152 2564 :
2178 2526 2341 2581 quem

774 2602 884 2671 26
910 2601 1094 2656 cibum
1122 2617 1270 2657 nunc
1299 2603 1561 2671 temporis
1604 2612 1921 2658 sanctorum
1965 2602 2162 2658 anima:
2202 2603 2343 2659 invi-

774 2693 1008 2749 sibiliter
1035 2693 1239 2749 virtute
1270 2693 1509 2765 Spiritus
1538 2695 1711 2750 sancti
1744 2704 2179 2765 consequuntur.

843 2890 937 2945 Xl.
971 2891 1197 2946 Duobus
1244 2892 1415 2963 igitur
1446 2894 1589 2964 typis
1620 2894 1817 2949 beatus
1858 2896 2035 2952 Moses
2080 2896 2340 2962 ostendit,

774 2996 937 3051 quam
975 2982 1031 3036 in
1066 2983 1473 3038 resurrectione
1503 2984 1747 3039 habituri
1796 2986 1906 3041 sint
1950 2988 2179 3058 gloriam
2222 2989 2341 3043 veri

770 3072 1104 3128 Christiani:
1138 3073 1367 3143 gloriam
1402 3074 1611 3129 scilicet
1644 3076 1869 3131 luminis
1897 3086 1952 3131 et
1984 3078 2212 3134 delicias
2256 3079 2342 3133 in—

2446 601 2712 673 πολιτείᾳ,
2743 602 2840 656 καὶ
2872 602 3242 673 προσδοκῆσαι
3291 604 3352 653 tv
3399 601 3573 653 ἐλπίδι
3620 601 3718 652 καὶ
3761 598 4015 669 ὑπομονῇ

2444 693 2631 764 πολλῇ,
2684 694 2778 746 νῦν
2812 692 3210 761 καταξιωθῆναι
3265 692 3366 761 τὴν
3411 690 3470 755 ἐξ
3512 688 3745 759 ούρανοῦ
3782 688 4019 759 δύναμιν

2443 784 2628 837 λαϐεῖν
2673 786 2767 837 καὶ
2812 784 2969 848 δόξαν
3013 782 3105 859 τοῦ
3142 784 3297 849 ἁγίου
3326 782 3638 852 Πνεύματος
3671 780 3821 843 ιντὺς
3852 782 3914 833 tv
3945 781 4017 847 τῇ

2442 875 2608 945 ψυχῇ,
2648 875 2734 928 ἵνα
2773 876 2893 928 τότε
2936 874 3211 943 λυομένων
3240 872 3349 925 τῶν
3391 871 3677 941 σωμάτων,
3726 870 3945 940 ἔχωμεν
3990 866 4022 920 6

2444 966 2727 1033 ἁμφιάσει,
2758 964 2854 1017 καὶ
2880 965 3205 1033 ζωοποιήσει
3232 964 3401 1032 ήμᾶςς
3432 964 3590 1032 Εἴτε,
3619 962 3804 1031 φησὶν,
3835 960 4020 1013 ἐνδυ-

2443 1060 2687 1125 σόμεθα,
2726 1058 2799 1110 οὐ
2825 1055 3038 1125 γυμνοὶ
3069 1057 3521 1123 εὑρεθησόμεθα
3544 1072 3560 1087 ·
3590 1053 3683 1106 καὶ
3712 1050 4022 1118 luctant-

2443 1165 2539 1203 σει
2572 1150 2644 1202 τὰ
2675 1149 2863 1214 θνητὰ
2891 1147 3133 1216 σώματα
3165 1145 3332 1215 ἡμῶν
3361 1145 3460 1199 διὰ
3504 1144 3609 1199 τοῦ
3631 1144 4023 1208 ἐνοικοῦντος

2444 1242 2629 1297 αὑτοῦ
2665 1243 3009 1310 Πνεύματος
3050 1241 3119 1292 ἐν
3154 1239 3319 1307 ἡμῖν.
3357 1237 3599 1307 Μωῦσῆς
3636 1236 3744 1306 γὰρ
3773 1238 3803 1288 6
3830 1235 4020 1304 μακά-

2446 1349 2559 1401 ριος
2591 1330 2835 1395 ὑπέδειξε
2860 1331 2949 1384 τὸν
2972 1330 3140 1383 τύπον
3161 1330 3248 1382 διά
3270 1330 3368 1397 τῆς
3396 1328 3491 1380 τοῦ
3524 1328 3812 1399 προσώπου
3845 1324 4020 1380 αὐτοῦ
4048 1322 4049 1325 ’

2444 1423 2795 1492 ἐπικειμένης
2817 1423 2912 1476 τοῦ
2946 1422 3261 1491 Πνεύματος
3291 1420 3469 1487 δόξης,
3501 1420 3580 1481 είς
3605 1419 3671 1489 ῆν
3699 1418 3876 1480 οὐδεὶς
3916 1418 4021 1470 ἁν-

2444 1513 2677 1583 θρὼπων
2710 1512 2953 1567 ἀτενίσαι
2978 1512 3224 1581 ἠδύνατο,
3266 1509 3383 1571 πῶς
3406 1513 3463 1561 ιν
3488 1512 3553 1577 τῇ
3585 1508 3879 1560 ἀναστάσει
3909 1506 4024 1558 τῶν

2443 1604 2664 1656 δικαίων
2700 1603 3085 1671 δοξασθήσεται
3117 1602 3187 1654 τὰ
3215 1601 3443 1670 σώματα
3480 1598 3589 1651 τῶν
3616 1598 3807 1665 ἁγίων,
3838 1598 4025 1667 ῆνπερ

2444 1694 2601 1759 δόξαν
2628 1692 2737 1744 ἁπδ
2762 1693 2855 1745 τοῦ
2888 1693 2982 1746 νῦν
3015 1691 3226 1745 ἔνδοθεν
3249 1692 3342 1743 επὶ
3366 1690 3444 1760 τῷ
3470 1689 3579 1742 ἔσω
3601 1688 3873 1759 ἁνθρώπιρ
3913 1689 4024 1757 ψυ-

2446 1786 2537 1853 χαὶ
2569 1784 2738 1853 ἁγίων
2791 1785 2887 1837 καὶ
2946 1783 3151 1837 πιστῶν
3187 1781 3572 1848 καταξιοῦνται
3606 1780 3770 1849 ἔχειν.
3824 1779 4022 1848 Ἡμεῖς

2444 1874 2574 1944 γὰρ,
2618 1874 2772 1945 φησι,
2827 1873 3053 1938 πάντες
3093 1870 3645 1938 ἀνακεκαλυμμένῳ
3690 1868 4019 1935 προσώπῳ,

2442 1964 2716 2017 τουτέστι
2740 1961 2821 2027 τῷ
2847 1963 2967 2015 ἔσω
2987 1960 3292 2030 ἀνθρώπῳ,
3318 1959 3434 2027 τὴν
3452 1958 3641 2022 δόξαν
3661 1958 3766 2013 τοῦ
3792 1960 4022 2026 κυρίαν

2443 2050 2959 2120 κατοπτριζόμεθα,
2984 2052 3074 2116 εις
3119 2050 3235 2117 τὴν
3260 2047 3459 2115 αὐτὴν
3488 2049 3696 2109 εικόνα
3719 2062 4020 2116 μεταμορ-

2444 2147 2730 2215 φούμενοι
2785 2144 2902 2197 ἀπὸ
2950 2142 3133 2210 δόξης
3187 2144 3275 2208 εις
3300 2141 3509 2205 δόξαν.
3560 2139 4019 2209 ὀμοίως-πάλιν·

2448 2236 2909 2305 Τεσσαράκοντα
3185 2234 3280 2287 καὶ
3316 2230 3768 2299 τεσσαράκοντα
3791 2232 4023 2295 νύκτας

2442 2328 2625 2395 ἄρτον
2646 2330 2757 2381 οὐκ
2800 2327 3043 2396 ἔφαγεν,
3097 2326 3173 2388 ὼς
3227 2326 3551 2393 γέγραπται,
3588 2322 3685 2378 καί
3717 2321 3876 2391 ὕδωρ
3902 2324 4021 2375 oim

2441 2420 2632 2473 ἔπιεν.
2679 2418 2960 2471 Ἀδύνατον
2987 2416 3045 2468 δι
3100 2416 3199 2486 τὴν
3250 2413 3344 2469 τοῦ
3380 2413 3632 2483 σώματος
3680 2412 3843 2480 φύσιν
3886 2413 4022 2465 ἄνευ

2443 2511 2610 2582 άρτου
2641 2508 2897 2563 τοσοῦτον
2946 2506 3132 2577 ζῆσαι,
3168 2508 3217 2560 εί
3270 2506 3344 2577 μὴ
3390 2504 3597 2577 τροφῆς
3631 2506 3825 2576 ἑτέρας
3853 2521 4022 2559 πνευ-

2446 2582 2683 2673 ματικῆς
2715 2599 3156 2671 μετελάμϐανεν·
3195 2591 3379 2669 ἧσπερ
3432 2598 3638 2667 τροφῆς
3667 2597 3774 2649 άπὸ
3799 2595 3895 2649 τοῦ
3923 2594 4022 2649 νῦν

2444 2694 2552 2747 τῶν
2583 2693 2752 2761 ἁγίων
2780 2691 2950 2762 ψυχαὶ
2999 2689 3246 2761 ἀοράτως
3273 2690 3339 2743 εκ
3363 2686 3458 2741 τοῦ
3490 2686 3807 2759 Πνεύματος
3844 2703 4019 2757 μετα-

2444 2782 2803 2852 λαμϐάνουσι.

2514 2895 2619 2949 lA'.
2663 2895 2817 2948 Κατὰ
2868 2894 2962 2947 δύο
3020 2889 3113 2948 οὖν
3148 2893 3352 2957 τύπους
3383 2894 3412 2947 6
3462 2892 3732 2964 μακάριος
3775 2891 4021 2961 Μωῦσῆς

2445 2982 2743 3051 ὑπέδειξεν,
2792 2986 2967 3054 ἥνπερ
3022 2987 3081 3036 tv
3124 2986 3190 3053 τῇ
3234 2981 3527 3037 ἀναστάσει
3595 2982 3775 3046 ἕξουσι
3856 2981 4023 3047 δόξαν

2446 3077 2621 3147 φωτὸς
2649 3080 2743 3131 καὶ
2760 3076 2973 3149 τρυφὴν
3006 3076 3199 3146 νοερὰν
3222 3074 3318 3129 τοῦ
3348 3075 3665 3147 Πνεύματος
3692 3075 3744 3127 οί
3772 3073 4021 3144 ἀληθινοὶ

775 3165 1112 3219 tellectuales
1160 3163 1435 3234 Spiritus,
1484 3166 1688 3236 quibus
1728 3168 1893 3222 etiam
1938 3170 2153 3225 occulte
2196 3188 2343 3227 nunc
2369 3176 2413 3235 ο

2406 3178 2413 3233 ς
2448 3171 2781 3239 Χριστιανοὶ,
2818 3166 2887 3241 ἧς
2920 3172 3010 3221 καὶ
3041 3168 3298 3245 κρυπτῶς
3324 3168 3429 3222 άπὸ
3454 3168 3547 3221 τοῦ
3578 3166 4020 3232 νῦνκαταξιοῦν-

775 3252 923 3323 digni
967 3261 1309 3323 reputantur.
1338 3254 1635 3323 Propterea
1672 3265 1801 3310 tunc
1843 3258 1897 3310 in
1940 3274 2173 3327 corpore
2217 3262 2342 3315 illo-

774 3359 897 3397 rum
921 3343 1037 3398 btec
1059 3343 1421 3413 apparebunt.
1455 3345 1627 3411 Quam
1658 3348 1803 3399 enim
1837 3364 1983 3405 nunc
2011 3351 2064 3403 in
2088 3352 2203 3405 suis
2226 3353 2346 3407 ani-

772 3435 880 3489 mis
911 3435 1139 3505 gloriam
1182 3436 1356 3490 sancti
1400 3436 1624 3501 habent,
1658 3446 1717 3491 ut
1750 3441 2069 3507 praedictum
2115 3453 2218 3507 est,
2252 3443 2345 3498 illa

776 3537 893 3580 tum
923 3535 1068 3596 teget
1092 3534 1148 3580 et
1171 3528 1385 3597 Operiet
1418 3528 1563 3582 nuda
1592 3544 1843 3597 corpora,
1873 3542 1927 3583 et
1963 3532 2031 3585 ad
2058 3534 2225 3589 caelos
2258 3550 2347 3589 ra-

773 3618 922 3686 piet,
953 3626 1009 3671 et
1046 3617 1262 3671 tandem
1309 3633 1540 3687 corpore
1574 3630 1630 3673 et
1670 3622 1854 3674 anima
1904 3623 1959 3675 in
2006 3639 2173 3694 regno
2218 3640 2342 3681 eum

773 3706 1005 3761 Domino
1046 3708 1456 3775 requiescemus
1483 3708 1538 3761 in
1582 3711 1798 3763 saecula.
1840 3711 1975 3765 Cum
2021 3714 2168 3767 enim
2198 3716 2343 3769 Ada-

773 3812 923 3850 mum
954 3797 1098 3851 Deus
1126 3797 1411 3862 conderet,
1438 3814 1548 3853 non
1595 3802 1923 3869 praeparavit
1967 3804 2019 3857 ei
2053 3819 2345 3874 corporeas

774 3888 907 3950 alas,
942 3895 1003 3940 ut
1040 3886 1373 3952 volatilibus,
1403 3890 1607 3959 quippe
1652 3890 1891 3959 Spiritus
1930 3895 2103 3949 sancti
2140 3896 2252 3950 alas
2290 3896 2342 3951 ei

774 3992 1064 4046 apparans,
1094 3976 1199 4032 hoc
1221 3986 1325 4043 est,
1344 3994 1485 4047 quas
1513 3980 1809 4049 largiturus
1829 3982 1877 4035 ei
1902 3993 2048 4039 esset
2077 3985 2133 4038 in
2156 4001 2342 4042 resur-

777 4072 1042 4134 rectione,
1086 4081 1150 4125 ut
1184 4070 1360 4141 ipsum
1394 4072 1675 4128 elevarent
1703 4084 1760 4130 et
1802 4078 2119 4147 abriperent
2170 4094 2341 4149 quor-

777 4180 898 4218 sum
930 4154 1447 4232 Spiritui'placeret
1484 4184 1496 4217 :
1531 4182 1669 4235 quas
1696 4168 1809 4221 alas
1828 4170 1939 4238 jam
1971 4187 2121 4225 nunc
2148 4172 2345 4229 anima:

774 4262 1090 4307 sanctorum
1129 4254 1333 4308 habere
1370 4255 1544 4326 digna:
1574 4257 1865 4324 habentur,
1893 4275 2015 4329 quae
2044 4271 2228 4317 mente
2274 4250 2348 4319 ad

776 4345 1032 4399 cmlestes
1098 4344 1457 4414 cogitationes
1517 4347 1828 4403 subvolant.
1898 4350 2342 4409 Christianorum

776 4439 923 4492 enim
947 4438 1187 4491 mundus
1213 4437 1353 4491 alius
1379 4446 1485 4501 est,
1510 4446 1566 4491 et
1593 4438 1699 4493 alia
1731 4453 2020 4507 mensa,et
2041 4443 2148 4497 alia
2179 4444 2337 4499 indu-

777 4535 981 4592 menta,
1013 4535 1069 4581 et
1114 4528 1219 4581 alia
1252 4526 1461 4592 fruitio,
1494 4528 1598 4583 alia
1631 4532 2072 4596 communicatio,
2106 4544 2163 4589 et
2202 4535 2342 4591 alius

776 4617 1108 4671 intellectus.
1143 4618 1487 4689 Quapropter
1522 4629 1578 4675 et
1618 4624 2025 4691 praestantiores
2056 4635 2184 4680 sunt
2230 4643 2347 4681 om-

777 4706 942 4759 nibus
981 4706 1312 4763 hominibus.
1363 4710 1512 4765 Hanc
1555 4722 1738 4766 autem
1779 4714 2037 4770 virtutem
2090 4718 2239 4773 intus
2287 4719 2343 4773 in

778 4796 976 4848 animis
1005 4812 1152 4850 nunc
1180 4798 1329 4868 digni
1373 4808 1634 4868 putantur
1665 4803 1912 4872 accipere
1948 4821 2045 4874 per
2082 4806 2346 4883 Spiritum

779 4897 1049 4939 sanctum.
1098 4888 1391 4957 Propterea
1432 4906 1647 4961 quoque
1679 4895 1735 4948 in
1774 4898 2179 4952 resurrectione
2223 4915 2344 4953 cor—

780 4992 912 5045 pora
938 4979 1161 5033 aeternis
1194 4980 1301 5035 illis
1330 4980 1566 5050 Spiritus
1595 4986 1767 5039 sancti
1804 4986 1964 5042 bonis
1993 4989 2343 5044 habebuntur

780 5074 964 5144 digna,
988 5084 1043 5129 et
1083 5074 1268 5143 gloria:
1312 5074 1389 5128 illi
1434 5076 1936 5145 permiscebuntur,
1972 5081 2129 5149 cujus
2156 5080 2208 5133 in
2240 5081 2342 5134 hac

778 5167 888 5219 vita
913 5166 1107 5219 animae
1132 5165 1347 5219 illorum
1372 5167 1806 5237 experimentum
1834 5179 2206 5239 sumpserunt.

850 5350 965 5403 Xll.
1002 5352 1173 5407 Debet
1206 5354 1373 5425 igitur
1414 5358 1791 5427 unusquisque
1831 5369 2077 5415 nostrum
2111 5375 2342 5418 conten-

780 5441 933 5507 dere,
974 5444 1254 5499 elaborare
1282 5455 1338 5500 et
1393 5448 1447 5500 in
1482 5449 1631 5501 omni
1670 5448 1935 5504 virtutum
1982 5467 2181 5522 genere
2211 5468 2343 5522 ope-

782 5550 896 5587 ram
930 5536 1214 5601 adhibere,
1248 5546 1303 5591 et
1336 5538 1584 5604 credere,
1626 5548 1681 5594 et
1706 5541 1987 5610 requirere
2020 5559 2049 5598 a
2090 5544 2341 5609 Domino,

2444 3278 2553 3313 ται.
2580 3260 2671 3313 Διὸ
2699 3260 2793 3313 καὶ
2824 3258 2946 3313 τότε
2990 3260 3083 3312 ἐπὶ
3131 3258 3225 3312 τοῦ
3258 3257 3507 3327 σώματος
3549 3258 3731 3311 αὐτῶν
3768 3273 4019 3328 φανερω-

2444 3348 2718 3419 θήσονται.
2758 3350 2861 3401 ’Ἦν
2900 3348 3009 3418 γὰρ
3052 3349 3159 3401 ἁτεὺ
3186 3347 3281 3401 τοῦ
3308 3347 3402 3400 νῦν
3433 3347 3647 3417 ἔχουσιν
3678 3351 3735 3400 tv
3766 3349 3885 3409 ταῖς
3915 3348 4021 3416 ψυ-

2444 3443 2567 3511 χαῖς
2590 3444 2639 3494 oi
2668 3441 2812 3509 ἅγιοι
2861 3440 3036 3505 δόξαν,
3066 3440 3142 3503 ὡς
3179 3439 3525 3509 προείρηται,
3561 3439 3745 3508 εκείνη
3783 3440 4019 3508 καλύψει

2444 3534 2537 3585 καὶ
2568 3532 2857 3601 ἁμφιάσει,
2890 3533 2983 3583 καὶ
3025 3532 3094 3584 τά
3124 3530 3309 3601 γυμνὰ
3361 3530 3588 3599 σώματα
3617 3530 3710 3582 καὶ
3745 3532 3825 3592 είς
3851 3531 4020 3600 οὐρα-

2444 3624 2567 3685 νοὺς
2588 3623 2844 3693 ἁρπάσει,
2880 3621 3060 3675 καὶτὸ
3086 3622 3271 3675 λοιπὸν
3310 3620 3524 3692 σώματι
3557 3621 3651 3673 καὶ⁵
3677 3621 3823 3691 ψυχῇ
3855 3622 3913 3673 tv
3946 3623 4013 3691 τῇ

2445 3712 2691 3782 βασιλείᾳ
2710 3715 2790 3776 είς
2810 3712 3011 3776 αίῶνας
3034 3715 3130 3767 σὺν
3153 3712 3231 3783 τῷ
3251 3713 3439 3783 Κυρίῳ
3458 3712 4019 3783 ἁναπαυσόμεθαπδν

2443 3805 2551 3875 γὰρ
2589 3805 2759 3875 Ἀδὰμ
2808 3804 2998 3867 κτίσας
3049 3804 3078 3856 6
3124 3803 3278 3867 Θεὸς,
3308 3805 3369 3857 ού
3401 3808 3806 3859 κατεσκεύασεν
3860 3804 4013 3870 αὐτῷ

2446 3896 2766 3966 σωματικάς
2821 3895 3097 3964 πτέρυγας
3146 3895 3222 3959 ὡς
3270 3897 3382 3959 τοῖς
3438 3899 3736 3961 πετεινοῖς,
3766 3897 3867 3959 τὰς
3914 3898 4014 3951 τοῦ

2444 3986 2758 4057 Πνεύματος
2785 3986 2875 4039 τοῦ
2901 3986 3053 4055 άγίου
3076 3986 3348 4056 πτέρυγας
3382 3989 3811 4057 προευτρεπίσας
3840 3990 4013 4060 αὐτῷ,

2440 4076 2715 4130 τουτέστιν
2760 4077 2824 4139 ἁς
2863 4076 3041 4145 μέλλει
3087 4076 3288 4130 διδόναι
3325 4077 3472 4148 αὐτῷ
3513 4080 3570 4131 ὲν
3598 4081 3665 4149 τῇ
3696 4079 4013 4145 ἀναστάσει,

2443 4168 2531 4219 ῐνα
2564 4167 2724 4218 αὑτὸν
2750 4166 3048 4234 κουφίσωσι
3071 4167 3165 4218 καὶ
3182 4168 3502 4235 ἁρπάσωσιν
3548 4167 3675 4221 ἔνθα
3698 4167 3761 4220 τὸ
3787 4167 4014 4237 Πνεῦμα

2446 4256 2721 4327 βούλεται·
2761 4258 2826 4321 ἃς
2884 4259 3158 4327 πτέρυγας
3211 4257 3319 4311 ἀπὸ
3347 4258 3441 4311 τοῦ
3490 4258 3586 4311 νῦν
3612 4261 3666 4311 αἰ
3704 4260 3871 4330 ψυχαὶ
3900 4263 4012 4316 τῶν

2444 4349 2612 4417 ἁγίων
2650 4348 3031 4411 καταξιοῦνται
3078 4347 3223 4416 ἔχειν
3266 4350 3346 4410 είς
3383 4348 3444 4401 τὸ
3480 4348 3729 4419 οὐράνιον
3753 4351 4010 4421 φρόνημα

2442 4422 2520 4505 τῷ
2548 4435 2626 4506 νῷ
2654 4437 3017 4506 ἀνιστάμεναι
3038 4453 3052 4467 ·
3085 4437 3426 4507 Χριστιανῶν
3457 4439 3565 4509 γὰρ
3590 4439 3791 4509 κόσμος
3821 4440 4013 4510 ἕτερός

2366 4500 2419 4562 Ι)
2444 4500 2557 4579 tam
2584 4500 2679 4578 {eat
2703 4525 2835 4595 άλλη
2856 4500 3122 4595 τράπεζα,
3139 4500 3242 4581 ’και
3266 4529 3401 4581 άλλα
3427 4500 3720 4598 ἐνδύματα,
3755 4500 3848 4583 atat
3875 4500 4010 4602 ain,

2446 4616 2769 4683 ἀπόλαυσις,
2822 4618 2915 4669 καὶ
2964 4616 3094 4685 άλλη
3128 4618 3401 4682 κοινωνία,
3446 4621 3541 4671 καὶ
3573 4620 3700 4674 άλλο
3730 4622 4007 4691 φρόνημα.

2446 4708 2535 4760 Διὸ
2563 4708 2657 4760 καὶ
2694 4710 2974 4778 κρείττους
3017 4710 3239 4762 πάντων
3289 4710 3595 4781 ἀνθρώπων
3654 4713 4009 4781 τυγχάνουσι.

2445 4798 2662 4851 Τούτων
2709 4799 2767 4853 δὲ
2805 4800 2905 4870 τὴν
2955 4799 3183 4869 δύναμιν
3218 4800 3315 4854 νῦν
3367 4802 3515 4854 ἔνδον
3548 4803 3607 4854 tv
3646 4805 3765 4865 ταῖς
3813 4803 4013 4872 ψυχαῖς

2444 4888 2824 4955 καταξιοῦνται
2851 4890 3033 4943 λαδεῖν
3064 4892 3152 4945 διὰ
3198 4891 3291 4945 τοῦ
3342 4893 3496 4959 ἁγίου
3545 4894 3860 4964 Πνεύματος
3883 4910 3899 4927 °
3934 4894 4015 4948 διὸ

2449 4979 2544 5030 καὶ
2598 4980 2657 5029 tv
2704 4980 2769 5047 τῇ
2820 4978 3115 5031 ἀναστάσει
3142 4980 3208 5031 τὰ
3245 4978 3472 5049 σώματα
3514 4982 4013 5051 καταξιωθήσονται

2446 5068 2553 5120 τῶν
2576 5068 2806 5121 αἰωνίων
2837 5070 3059 5121 ἐκείνων
3088 5070 3181 5121 τοῦ
3212 5068 3526 5138 Πνεύματος
3551 5069 3791 5136 ἁγιθῶν,
3816 5075 3911 5125 καὶ
3942 5077 4011 5143 τῇ

2444 5157 2570 5228 δόξῃ
2590 5157 2771 5227 ἐκείνῃ
2796 5158 3285 5227 ἀνακραθήσονται,
3302 5153 3369 5229 ἦς
3397 5160 3505 5212 ἀπὸ
3529 5159 3621 5212 τοῦ
3646 5160 3738 5214 νῦν
3765 5161 4014 5231 αιψυχαὶ

2441 5248 2620 5301 αὐτῶν
2650 5250 2747 5319 τὴν
2771 5252 2965 5318 πεῖραν
2990 5249 3255 5314 ἐδέξαντο.

2513 5362 2613 5415 lB'.
2665 5361 2897 5430 Ὀφείλει
2936 5362 3115 5414 τοίνυν
3154 5362 3383 5426 ἕκαστος
3426 5362 3582 5432 ἡμῶν
3618 5361 4009 5430 ἀγωνίσασθαι,

2443 5454 2537 5506 καὶ
2571 5452 2819 5522 πονῆσαι,
2856 5454 2950 5506 καὶ
2984 5455 3279 5507 σπουδάσαι
3319 5456 3377 5509 tv
3408 5456 3613 5517 πάσαις
3634 5454 3880 5525 ἀρεταῖς,
3917 5455 4012 5506 καὶ

2445 5540 2732 5595 πιστεῦσαι
2792 5543 2899 5597 καὶ
2937 5542 3165 5613 ζητῆσαι
3226 5543 3374 5615 παρὰ
3431 5544 3653 5613 Κυρίου,
3689 5546 3749 5611 ἐξ
3793 5544 4012 5614 ἐκείνης

850 5754 894 5783 ⁶”
918 5753 960 5808 ll
988 5752 1111 5809 Cor.
1142 5772 1193 5820 v,
1220 5757 1273 5810 3.
1351 5757 1395 5788 "
1427 5758 1582 5811 Rom.
1623 5775 1737 5823 vm,
1771 5760 1852 5813 ll.
1934 5763 1979 5793 "
2013 5762 2055 5815 ll
2083 5760 2207 5816 Cor.
2249 5778 2325 5827 ιη,
2359 5764 2416 5817 18

2406 5764 2443 5817 3.
2522 5766 2563 5797 ⁸⁷
2592 5765 2765 5819 Exod.
2799 5780 2974 5829 χχχιιι,
3006 5765 3093 5819 εδ.
