4266 6356
264 415 371 479 511
1510 406 1881 471 HOMILI/E.
1914 433 1984 447 —
2010 407 2199 471 HOM.
2239 408 2338 470 VI.
3438 419 3541 487 513

276 530 369 597 τῆς
434 525 593 594 δόξης
622 523 730 577 ἀπὸ
763 523 857 578 τοῦ
890 523 985 577 νῦν
1022 524 1257 593 μέτοχον
1289 519 1549 591 γενέσθαι
1602 519 1692 572 τὸν
1746 518 1856 570 ἑσω
1888 524 1932 579 Α

1888 524 1932 579 Α
1964 526 2024 571 ιιι
2054 516 2205 574 illius
2242 517 2430 589 gloria:
2463 517 2532 572 ab
2563 519 2667 575 hoc
2693 528 2939 591 tempore
2965 522 3243 593 particeps
3282 524 3377 581 ﬂat
3406 527 3545 584 inle-

265 619 581 689 ἄνθρωπον,
613 616 709 670 καὶ
759 618 816 670 ἑν
849 617 1036 685 ἐκείνῃ
1063 617 1128 687 τῇ
1160 613 1411 684 ἁγιότητι
1454 612 1549 666 τοῦ
1595 609 1854 677 Πνεύμα-

1962 615 2077 667 rior
2111 614 2299 679 homo,
2331 624 2390 669 et
2419 614 2475 668 in
2506 615 2794 671 sanctitate
2841 616 2931 671 illa
2963 616 3031 672 de
3076 617 3285 687 Spiritu
3323 623 3549 691 partici-

264 728 356 773 τος
396 711 495 780 τὴν
526 710 709 779 ψυχὴν
757 707 1110 777 κοινωνῆσαι,
1144 705 1232 758 ῖνα
1280 702 1704 774 καθαρισθέντες
1762 699 1857 752 τὸν

1958 716 2053 776 pet
2096 708 2300 772 anima,
2333 717 2414 772 ut,
2447 708 2763 777 expurgatis
2792 708 3051 763 sordibus
3072 711 3313 777 malitia,
3346 712 3550 767 habea-

267 802 443 871 ρύπον
489 801 590 871 τῆς
644 800 844 861 κακίας
906 797 1121 868 ἔχωμεν
1143 799 1245 850 κάν
1271 798 1339 865 τῇ
1371 794 1669 848 ἀναστάσει
1700 791 1729 844 ὃ
1757 792 1858 860 ἀμ-

1958 814 2082 853 mus
2126 814 2346 867 quoque
2390 800 2446 853 in
2497 801 2903 855 resurrectione
2948 800 3095 871 quod
3130 800 3278 856 nuda
3312 817 3545 873 corpora

266 896 456 962 φιάσει
499 893 685 961 γυμνὰ
709 893 778 944 τὰ
803 889 1035 960 σώματα
1057 888 1218 959 ἡμῶν
1243 887 1605 955 ἀνιστάμενα,
1633 884 1726 936 καὶ
1757 882 1856 953 τήν

1958 898 2146 942 nostra
2197 890 2541 958 resurgentia
2598 889 2846 959 operiat,
2897 890 3321 947 deformitatem
3361 901 3543 963 tegat,

264 984 661 1056 ἀσχημοσύνην
706 982 914 1035 ὲνδύσει
952 980 1049 1035 καὶ
1079 980 1427 1049 ζωοποιήσει,
1469 978 1564 1030 καὶ
1599 978 1680 1038 είς
1724 975 1855 1027 αίῶ-

1957 979 2221 1042 vivilicet,
2253 990 2310 1033 et
2339 980 2393 1033 in
2422 990 2691 1035 aeternum
2724 983 2777 1035 in
2813 997 2980 1053 regno
3013 984 3282 1039 caelorum
3326 984 3544 1039 rel‘ocil-

266 1097 363 1143 νας
401 1080 458 1130 ὲν
495 1079 558 1147 τῇ
596 1075 842 1146 βασιλείᾳ
861 1072 1167 1128 ἀναπαύσει
1195 1071 1303 1124 τῶν
1350 1068 1617 1141 οὐρανῶν.
1653 1067 1854 1120 Μέλλει

1951 1070 2054 1125 let.
2106 1071 2485 1126 Descensurus
2538 1072 2686 1126 enim
2737 1082 2821 1127 est
2873 1073 2941 1128 de
2987 1074 3141 1129 uelis
3190 1075 3445 1130 Christus
3488 1082 3545 1129 et

268 1171 430 1240 γὰρό
460 1159 692 1237 Χριστὸς
740 1168 805 1219 ὲκ
860 1166 973 1220 τῶν
1029 1164 1275 1236 οὐρανῶν
1331 1159 1718 1231 κατέρχεσθαι,
1760 1158 1857 1211 καὶ

1957 1178 2151 1217 omnes
2182 1163 2568 1233 generationes
2599 1164 2730 1218 Adae
2760 1166 3149 1230 suscitaturus,
3180 1183 3302 1237 quae
3330 1168 3399 1222 ab
3437 1166 3544 1221 ini—

268 1264 449 1314 πάντα
477 1262 546 1313 τὰ
585 1259 728 1329 φῦλα
753 1256 848 1311 τοῦ
892 1255 1065 1326 Ἀδὰμ
1093 1256 1413 1324 ἀναστήσει,
1448 1253 1573 1314 τοὺς
1606 1251 1701 1304 ἀπ’
1727 1248 1855 1301 αἰῶ-

1957 1255 2035 1307 ιίο
2081 1256 2268 1308 saaculi
2306 1254 2788 1320 obdormiverunt,
2821 1268 2881 1312 ut
2926 1272 3081 1312 sacra
3131 1259 3416 1330 Scriptura
3462 1270 3544 1316 te-

266 1372 356 1416 νος
389 1350 771 1421 κοιμηθέντας,
822 1348 961 1401 κατὰ
1006 1347 1104 1408 τὰς
1152 1345 1313 1412 ἁγίας
1347 1341 1592 1413 Γραῳάς.
1635 1341 1744 1393 Καὶ
1775 1342 1854 1401 εἰς

1853 1358 1854 1365 ‘
1956 1354 2155 1399 statur.
2189 1347 2258 1401 Et
2305 1347 2360 1401 in
2405 1347 2543 1401 duas
2593 1358 2775 1417 partes
2822 1357 3029 1403 statuet
3076 1365 3267 1406 omnes
3299 1368 3311 1403 :
3339 1359 3394 1409 et
3443 1353 3538 1421 qui

268 1445 366 1496 δύο
401 1443 544 1512 μέρη
580 1441 767 1510 στήσει
799 1439 1029 1500 πάντας,
1069 1436 1164 1488 καὶ
1200 1435 1327 1497 τοὺς
1380 1433 1603 1503 ἔχοντας
1631 1431 1691 1483 τὺ
1726 1430 1855 1482 ἴδιον

1958 1438 2238 1507 peculiare
2286 1440 2526 1509 signum,
2560 1440 2613 1494 id
2662 1450 2765 1504 est,
2802 1442 3015 1512 signum
3050 1442 3288 1512 Spiritus
3331 1444 3541 1499 habue-

269 1532 521 1597 σημεῖον,
551 1528 793 1579 τουτέστι
824 1526 921 1592 τὴν
946 1523 1219 1593 σφραγῖδα
1250 1522 1343 1574 τοῦ
1379 1523 1714 1589 ῐινεύματος,
1733 1518 1856 1570 τού-

1960 1529 2091 1592 rint,
2128 1529 2231 1583 hos
2258 1532 2409 1585 velut
2457 1545 2587 1585 suos
2628 1533 2999 1601 compellabit,
3035 1544 3092 1588 et
3124 1550 3155 1587 a
3195 1535 3401 1589 dextris
3430 1543 3541 1589 sta-

266 1634 395 1679 τους
442 1615 519 1679 ἀς
570 1616 728 1675 ἰδίους
772 1612 1174 1681 προσφωνήσας
1224 1612 1289 1663 ἐκ
1319 1610 1507 1674 δεξιῶν
1532 1609 1741 1676 στήσει.
1780 1607 1857 1660 Τὰ

1852 1624 1857 1655 ί
1960 1628 2094 1674 tuet.
2121 1619 2251 1673 Hea
2272 1622 2431 1683 enim,
2456 1622 2656 1690 inquit,
2681 1638 2796 1676 oves
2825 1640 2996 1677 meam
3026 1641 3197 1678 vocem
3220 1627 3444 1679 audiunt
3472 1628 3537 1691 ";

267 1713 384 1779 ἐμὰ
401 1711 531 1779 τὰρ,
558 1709 708 1778 φησὶ,
727 1708 990 1774 πρόϐατα
1006 1704 1115 1773 τῆς
1129 1703 1278 1773 ἐμῆς
1298 1702 1507 1771 φωνῆς
1526 1701 1819 1755 ἀκούουσι
1838 1716 1852 1730 ο

1956 1718 2014 1764 et
2039 1727 2053 1763 :
2083 1709 2193 1781 Ego
2229 1727 2480 1781 cognosco
2520 1728 2687 1777 meas,
2726 1721 2775 1766 et
2815 1731 3095 1784 cognoscor
3142 1733 3174 1769 α
3224 1718 3351 1771 meis
3374 1718 3439 1771 δ’.
3475 1718 3542 1773 Et

268 1804 402 1855 καί·
441 1800 731 1854 Γινώσκω
761 1798 833 1851 τὰ
885 1797 1019 1865 ἐμὰ,
1054 1794 1153 1849 καί
1180 1793 1547 1864 τινώσκομαι
1581 1790 1700 1845 ὑπὸ
1736 1786 1855 1840 τῶν
1882 1859 1927 1873 ἢ

1882 1859 1927 1873 ἢ
1960 1809 2075 1854 tum
2105 1817 2300 1856 eorum
2331 1817 2562 1871 corpora
2599 1803 2772 1873 gloria
2811 1804 2998 1859 divina
3044 1806 3541 1862 circumdabuntur

266 1894 450 1963 ἐμῶν.
499 1894 608 1945 Καὶ
634 1890 755 1943 τότε
784 1859 1065 1959 δόξῃ-θείᾳ
1091 1887 1162 1939 τὰ
1188 1859 1666 1955 *σώματαῖτούτων
1696 1895 1853 1948 περι·
1881 1859 1929 1918 Β

1881 1859 1929 1918 Β
1955 1907 2023 1945 ex
2057 1892 2219 1947 bo‘nis
2257 1859 2539 1963 operibus,
2584 1859 2640 1949 (ξι
2691 1894 2771 1949 illi
2806 1895 2910 1965 ipsi
2960 1859 3151 1966 gloria
3173 1859 3540 1966 Spiritus—re;

268 1986 635 2055 ϐληθήσονται
666 1984 731 2035 ὲκ
769 1981 877 2033 τῶν
915 1979 1134 2046 ἀγαθῶν
1159 1977 1358 2048 ἔργων,
1386 1975 1479 2028 καὶ
1500 1974 1656 2039 δόξης
1686 1970 1853 2024 Πνεύ·

1852 2000 1853 2003 η
1955 1981 2279 2049 plebuntur,
2313 1996 2478 2051 quam
2525 1982 2581 2036 in
2611 1982 2722 2036 vita
2770 1982 2874 2037 hac
2909 1982 2963 2037 in
3017 1984 3197 2038 anima
3240 1984 3537 2041 habebant.

270 2094 441 2147 ματος
496 2076 711 2128 ἔσονται
768 2073 1019 2143 πλήρεις,
1068 2066 1138 2142 ἦς
1191 2070 1299 2123 ἀπὸ
1335 2067 1428 2121 τοῦ
1468 2065 1563 2119 νῦν
1596 2060 1742 2134 εἶχον
1793 2063 1853 2115 ὲν
1954 2073 1955 2077 ‘

1954 2072 2022 2125 Et
2054 2072 2128 2126 ita
2158 2072 2367 2127 lumine
2397 2072 2588 2127 divino
2628 2073 2907 2140 illustrati,
2934 2082 2991 2129 et
3038 2077 3091 2128 in
3130 2076 3331 2129 cmlum
3384 2077 3539 2129 abre—

269 2175 392 2235 ταῖς
418 2172 637 2240 ψυχαῖς.
665 2159 950 2223 Καιοῦτω
971 2166 1323 2231 δοξασθέντες
1344 2166 1404 2217 ὲν
1432 2162 1511 2232 τῷ
1533 2160 1663 2230 θείῳ
1687 2159 1847 2228 φωτὶ,

270 2267 365 2318 καὶ
398 2266 480 2327 εἰς
526 2263 788 2332 οὐρανοὺς
819 2258 1226 2327 ἀρπαχθέντες
1251 2258 1336 2322 είς
1367 2254 1714 2319 ἀπάντησιν
1742 2251 1849 2307 τοῦ

269 2357 494 2423 Κυρίου
507 2356 594 2419 εὶς
607 2352 771 2420 ἀέρα,
798 2353 941 2405 κατὰ
965 2354 1024 2403 τὸ
1040 2348 1442 2419 γεγραμμένον,
1457 2345 1718 2399 πάντοτε
1729 2343 1853 2397 σὺν

272 2446 355 2513 τῷ
398 2447 595 2515 Κυρίῳ
622 2445 901 2515 ἐσόμεθα,
931 2444 1027 2498 σὺν
1046 2442 1195 2513 αύτῷ
1218 2440 1591 2512 βασιλεύοντες
1620 2439 1700 2502 είς
1727 2436 1854 2502 τοὺς

272 2540 614 2609 ἀπεράντους
643 2537 847 2602 αἰῶνας
872 2537 980 2591 τῶν
1011 2535 1243 2591 αἰώνων.
1279 2534 1475 2605 Ἀμήν.

881 2673 1125 2729 OMlMA
1165 2673 1256 2738 σο.

280 2798 348 2848 Oi
379 2795 743 2862 ,βουλόμενοι
786 2789 906 2855 Θεῷ
930 2861 933 2862 ν
956 2784 1384 2862 εὐαρεστῆσαι,
1438 2782 1546 2845 τὰς
1579 2778 1763 2862 coxae
1787 2778 1856 2862 εν

344 2849 552 2932 εῖρήνῃ
576 2849 697 2915 ’καὶ
746 2849 995 2929 ἠσυχίᾳ,
1029 2849 1125 2932 καὶ
1162 2849 1503 2932 ἡμερότητι,
1536 2852 1633 2931 καὶ
1669 2849 1857 2917 σοφίᾳ

346 2927 642 2989 ποιεῖσθαι
672 2927 1045 3001 ὀφείλουσιν,
1078 2930 1177 3001 lira
1330 2927 1614 3001 κραυγςαῖς
1636 2936 1857 3001 ,κεχρρτ

341 3009 517 3075 μένοι
544 3008 632 3067 εἰς
660 2988 894 3075 πῌνζας
929 2988 1465 3075 σκιξνςδαλῗιᾷυγταιι.
1484 2989 1749 3075 ,Συνέχεε
1785 2988 1856 3075 δέ

346 3058 624 3143 bonum;
680 3058 955 3143 ζὸρτήσὲις
1019 3068 1150 3143 duo,
1190 3067 1243 3118 εὶ
1268 3066 1334 3143 ,οἱ
1392 3061 1590 3143 θρόνρι
1632 3058 1751 3143 ,καὶ
1801 3060 1855 3110 οὶ

342 3128 632 3213 στέξοανοι
663 3128 957 3213 rationata:
981 3140 1157 3213 εἰσιν,
1189 3135 1283 3188 καὶ
1316 3132 1450 3197 περὶ
1483 3128 1600 3182 τῶν
1620 3128 1854 3181 δώδεκα

344 3207 575 3283 θρόίρων
612 3212 717 3265 τοῦ
761 3207 1020 3276 Ἰσραήλ.

346 3355 425 3404 A’.
459 3350 521 3400 υἱ
560 3344 990 3417 προσερχόμενοι
1041 3339 1117 3410 τῷ
1174 3337 1385 3407 Κυρίῳ,
1428 3332 1705 3402 ὀφείλουσι
1755 3328 1854 3391 τὰς

271 3443 443 3511 εὐχὰς
474 3445 529 3493 ὲν
560 3436 762 3510 ἡσυχίᾳ⁴
806 3435 902 3489 καῖ⁷
936 3434 1126 3504 εἰρήνῃ
1178 3431 1271 3483 καὶ
1320 3424 1651 3481 καταστάσει
1683 3420 1851 3491 πολλῇ

275 3532 570 3597 ποιεῖσθαι,
606 3533 702 3583 καὶ
731 3530 852 3599 οὐχὶ
882 3526 1158 3596 ἁπρεπέσι
1202 3513 1470 3591 κραυγαῖς
1524 3516 1619 3570 καὶ
1651 3530 1849 3581 συγκεο

273 3624 560 3694 χυμέναις,
609 3620 743 3673 ἀλλὰ
791 3618 940 3685 πόνῳ
980 3614 1207 3684 καρδίας
1255 3612 1349 3662 καὶ
1408 3607 1685 3677 λογισμοῖς
1759 3605 1855 3674 νή-

274 3732 438 3784 φουσι
472 3713 761 3783 προσέχειν
794 3707 873 3777 τῷ
922 3706 1130 3775 Κυρίῳ.
1181 3703 1292 3756 Καὶ
1324 3699 1512 3770 ὥσπερ
1553 3697 1650 3750 ἐὰν
1696 3696 1854 3757 εἴτις

273 3810 418 3877 ἔχων
464 3804 610 3871 πάθη
663 3801 756 3854 καῖ⁵
805 3795 1266 3868 καυτηριάζηται,
1300 3791 1396 3845 καὶ¹
1442 3787 1851 3859 χειρουργῆται,

272 3900 451 3961 οὓτως
483 3896 743 3967 ἀνδρείως
774 3896 869 3947 καὶ
904 3892 1327 3961 ύπομονητικως
1361 3886 1518 3955 φέρει
1555 3882 1646 3934 τὸν
1680 3896 1853 3950 προσ-

275 3992 578 4061 φερόμενον
606 3988 785 4051 πόνον,
814 3984 941 4039 ἄνευ
977 3980 1210 4053 θορύϐου
1236 3978 1329 4032 καὶ
1360 3974 1606 4046 ταραχῆς
1629 3972 1853 4045 κρατῶν

274 4081 472 4137 ἑαυτοῦ
492 4097 504 4109 ·
536 4082 643 4133 εἰσὶ
685 4080 741 4132 δὲ
788 4077 935 4131 ἄλλοι
982 4075 1073 4127 τὸν
1112 4072 1274 4125 αὐτὸν
1300 4069 1459 4122 πόνον
1493 4068 1730 4136 ἔχοντες,
1759 4066 1853 4117 καὶ

274 4178 336 4228 ὲν
384 4174 460 4243 τῷ
501 4168 961 4242 καυτηριάζεσθαι
1012 4166 1047 4236 ἢ
1095 4159 1539 4235 χειρουργεῖσθαι
1584 4158 1853 4229 κραυγαῖς

272 4266 550 4337 ἀπρεπέσι
611 4265 939 4333 κέχρηνταιο
1000 4257 1094 4309 καὶ
1137 4254 1299 4316 αὐτός
1366 4253 1484 4310 ἐστι
1540 4249 1701 4310 πόνος
1756 4245 1850 4299 τοῦ

276 4361 505 4431 βοῶντος
539 4353 751 4409 καὶτοῦ
794 4351 868 4421 μὴ
893 4349 1142 4421 βοῶντος,
1181 4344 1271 4397 τοῦ
1315 4338 1725 4415 ταρασσομένου
1760 4337 1854 4431 καὶ

273 4424 370 4504 τοῦ
400 4449 476 4519 μὴ
499 4442 928 4516 ταρασσομένου.
961 4438 1081 4491 Εἰσί
1111 4451 1255 4496 τινες
1294 4431 1468 4493 οὕτως
1498 4429 1709 4498 ἔχοντες
1739 4424 1851 4477 ϐλί-

272 4544 369 4613 ψιν
391 4543 485 4595 καὶ
515 4538 697 4601 πόνον,
724 4535 821 4588 καὶ
841 4528 1263 4588 εύκαταστάτως
1295 4524 1587 4594 φερόμενοι
1608 4519 1736 4571 ἄνευ
1764 4534 1856 4569 τα-
1888 4524 1933 4580 ο

278 4633 474 4706 ραχῆς,
502 4628 826 4701 κρατοῦντες
857 4622 1061 4677 ὲαυτῶν
1080 4620 1171 4673 τὸν
1194 4616 1317 4672 νοῦν
1340 4618 1395 4668 ὲν
1413 4614 1522 4676 τοῖς
1552 4611 1850 4679 λογισμοῖς.

278 4700 401 4777 Eiet
414 4700 471 4776 δὲ
486 4700 633 4776 ἄλλοι
643 4719 741 4789 τὴν
759 4715 925 4784 αὐτὴν
939 4712 1115 4781 θλίψιν
1138 4709 1374 4780 ἔχοντες,
1400 4705 1494 4757 καὶ
1510 4700 1853 4770 ἀνυπομονή-

276 4832 386 4878 τως
414 4814 724 4884 φερόμενοι,
748 4807 885 4878 μετὰ
902 4802 1135 4877 θορύϐου
1167 4801 1260 4853 καὶ
1286 4797 1531 4867 ταραχῆς
1556 4794 1652 4855 τὰς
1682 4807 1855 4862 προσ-

278 4909 446 4977 ευχὰς
491 4902 769 4963 ποιοῦντες
814 4900 892 4961 εἰς
921 4897 981 4949 τὸ
1032 4896 1127 4947 καὶ
1186 4892 1309 4954 τοὺς
1343 4888 1639 4949 ἀκούοντας
1695 4900 1858 4936 σκαν-

276 4974 609 5061 ὁπλίζεσθαι.
643 4991 764 5045 Εἰσὶ
788 4990 843 5041 δὲ
871 4986 1017 5041 ἄλλοι
1055 4985 1130 5056 μὴ
1186 4983 1400 5053 έχοντες
1453 4979 1633 5040 πόνον,
1670 4978 1748 5039 εἰς
1800 4974 1856 5025 δὲ

279 5088 560 5152 ἐπίδειξιν,
614 5084 647 5154 ἢ
702 5078 968 5134 ίδιωτείαν
1017 5074 1346 5146 φερόμενοι,
1397 5069 1664 5139 κραυγαῖς
1728 5064 1862 5117 ἀτάο

283 5200 433 5244 κτοις
457 5182 783 5247 κέχρηνται.
802 5173 876 5235 ὡς
903 5169 992 5224 διὰ
1022 5169 1228 5220 τούτων
1252 5164 1536 5233 δυνάμενοι
1567 5157 1865 5229 εὐαρεστῆ-

284 5295 374 5330 σαι
414 5274 493 5342 τῷ
542 5270 681 5339 Θεῷ.

356 5463 429 5514 B'.
468 5460 542 5513 Οὐ
600 5457 706 5528 χρὴ
741 5457 799 5510 δὲ
849 5456 939 5509 τὸν
992 5452 1087 5506 τοῦ
1138 5447 1274 5503 Θεοῦ
1331 5444 1515 5498 δοῦλον
1552 5444 1610 5494 ὲν
1635 5437 1857 5506 τοιαύτῃ

282 5550 664 5619 ἀκαταστασία
720 5545 881 5611 εἶναι,
939 5545 1055 5599 ἀλλ’
1115 5544 1172 5593 ὲν
1227 5539 1375 5610 πάσῃ
1414 5533 1713 5604 ἡμερότητι
1766 5529 1859 5580 καὶ

285 5643 471 5713 σοφίᾳ,
504 5640 686 5702 καθὼς
746 5636 895 5691 εἶπεν
946 5638 973 5689 ὁ
1014 5633 1297 5703 προφήτης
1326 5646 1340 5659 ο
1385 5625 1507 5678 Ἐπὶ
1548 5624 1680 5675 τίνιι
1738 5620 1857 5673 ἑπι-

1952 2165 2031 2233 pri
2058 2164 2113 2218 in
2153 2180 2425 2220 occursum
2469 2166 2701 2231 Domini,
2744 2168 2799 2220 in
2848 2184 2996 2232 aera,
3030 2176 3090 2221 ut
3131 2169 3397 2237 scriptum
3430 2177 3538 2232 est,

1954 2256 2009 2309 in
2050 2264 2307 2310 wlernum
2351 2274 2469 2310 cum
2520 2257 2745 2311 Domino
2809 2258 3003 2311 erimus
3038 2258 3107 2320 '°,
3146 2274 3253 2312 una
3291 2274 3416 2313 cum
3469 2275 3538 2315 eo

1955 2353 2245 2417 regnantes
2267 2346 2319 2401 in
2350 2346 2566 2403 inﬁnita
2592 2347 2919 2403 saeculorum
2953 2347 3168 2402 saecula.
3200 2346 3395 2402 Arnen.

2536 2654 2819 2711 HOMILIA
2861 2657 2952 2713 Vl.

1956 2768 2057 2833 Qui
2088 2768 2194 2821 Deo
2225 2768 2428 2839 placere
2459 2770 2693 2838 cupiunt,
2729 2785 2902 2836 preces
2928 2786 3052 2823 suas
3093 2770 3149 2823 in
3186 2786 3334 2839 pace,
3380 2778 3535 2826 tran-

2026 2838 2307 2909 quillitate.
2334 2841 2735 2892 mansuetudine
2760 2856 2820 2891 ac
2840 2842 3105 2909 sapientia
3135 2838 3306 2909 facere
3326 2842 3534 2903 debent,

2027 2908 2091 2980 ne
2128 2908 2443 2961 clamoribus
2491 2911 2590 2971 usi,
2643 2908 3247 2980 omnibus’scandalum
3296 2912 3533 2980 pariant.

2028 2979 2273 3033 Contine:
2328 2995 2450 3032 vero
2510 2979 2727 3032 liomilia
2782 2980 2913 3032 duas
2964 2979 3308 3047 questiones,
3359 2988 3537 3033 utrum

2028 3050 2203 3103 throni
2248 3055 2298 3100 et
2339 3064 2547 3101 corona:
2590 3057 2849 3102 creatura:
2886 3050 3022 3113 sint,
3063 3057 3113 3102 et
3157 3051 3220 3104 de
3263 3050 3536 3105 duodecim

2028 3119 2228 3171 tlironis
2258 3117 2448 3171 Israel.

2026 3321 2067 3374 l.
2096 3320 2199 3386 Qui
2226 3321 2495 3376 accedunt
2516 3320 2584 3375 ad
2615 3318 2929 3381 Dominum,
2952 3317 3157 3373 debent
3185 3331 3378 3386 preces
3405 3332 3535 3372 suas

1957 3410 2011 3463 in
2059 3411 2263 3479 quiete,
2314 3426 2447 3481 pace
2491 3419 2547 3463 et
2602 3406 2997 3477 tranquillitate
3047 3407 3217 3459 multa
3268 3405 3530 3470 fundere,

1955 3517 2064 3555 non
2097 3500 2300 3569 ineptis
2328 3510 2422 3555 aut
2452 3499 2696 3554 confusis
2726 3496 3058 3552 clamoribus
3093 3496 3196 3555 uti,
3225 3496 3317 3550 sed
3349 3496 3530 3549 inten-

1958 3592 2104 3645 tione
2137 3590 2322 3645 cordis
2351 3598 2406 3644 et
2436 3589 2858 3659 cogitationibus
2888 3588 3088 3641 sobriis
3117 3587 3400 3640 attendere
3423 3587 3532 3639 Do-

1954 3684 2124 3738 mino.
2155 3682 2357 3746 Veluti,
2404 3681 2534 3735 dum
2565 3682 2690 3750 quis
2732 3682 2926 3734 morbo
2969 3678 3072 3747 27
3120 3692 3439 3747 oppressus,
3481 3677 3531 3731 si

1954 3775 2201 3830 cauterio
2255 3774 2511 3827 inuratur
2556 3780 2613 3825 et
2663 3772 2972 3841 chirurgica
3028 3785 3193 3823 manu
3242 3778 3531 3833 tractetur,

1955 3882 2117 3935 quam
2155 3864 2373 3920 fortiter
2400 3873 2457 3917 et
2490 3864 2762 3932 patienter
2797 3863 3042 3917 dolorem
3075 3861 3285 3915 illatum
3315 3862 3532 3929 tolerat,

1954 3958 2162 4025 absque
2215 3955 2454 4009 tumultu
2500 3962 2556 4008 ct
2601 3954 3015 4023 perturbatione
3066 3954 3308 4022 scipsum
3356 3954 3537 4007 conti-

1955 4064 2114 4102 nens.
2142 4047 2255 4102 Nec
2288 4048 2490 4101 desunt
2536 4046 2660 4110 alii,
2707 4046 2800 4115 qui
2843 4045 3040 4101 eodem
3091 4044 3280 4098 dolore
3330 4045 3536 4108 allecti,

1955 4140 2086 4195 dum
2119 4139 2367 4194 cauteria
2407 4138 2765 4203 adhibentur,
2793 4145 2887 4192 aut
2917 4152 2946 4190 a
2978 4136 3252 4205 ch‘irurgis
3288 4135 3390 4204 ipsi
3427 4145 3539 4189 tra-

1955 4240 2199 4293 ctantur,
2233 4230 2620 4285 indecentibus
2654 4228 2989 4283 clamoribus
3034 4236 3265 4281 utuntur
3310 4244 3323 4279 :
3358 4235 3414 4279 et
3441 4242 3541 4295 par

1957 4332 2139 4376 tamen
2173 4330 2259 4375 est
2283 4321 2441 4375 dolor
2470 4318 2759 4373 clamantis
2781 4327 2838 4372 et
2866 4332 2977 4370 non
2999 4315 3309 4378 clamantis,
3337 4316 3542 4368 tumul-

1958 4411 2166 4467 tuantis
2188 4418 2243 4464 et
2274 4424 2382 4463 non
2414 4408 2821 4461 tumultuantis.
2852 4406 2991 4461 Sunt
3013 4405 3235 4474 quidam
3260 4404 3377 4473 qui,
3407 4404 3541 4457 dum

1960 4500 2213 4555 eumdem
2240 4498 2486 4552 dolorem
2511 4505 2567 4553 et
2588 4497 2896 4551 molestiam
2919 4494 3213 4557 sustinent,
3245 4493 3542 4561 tranquillo

1960 4595 2145 4647 animo
2175 4591 2380 4655 ferunt,
2411 4600 2469 4645 et
2509 4591 2715 4658 absque
2751 4588 3165 4658 perturbatione
3198 4601 3310 4640 sua}
3341 4585 3542 4639 mentis

1962 4682 2323 4752 cogitationes
2345 4678 2639 4735 sustinent.
2665 4677 2806 4731 Sunt
2830 4684 2886 4731 et
2912 4676 3003 4729 alii
3027 4676 3215 4730 eadem
3248 4673 3542 4728 aﬂlictionc

1961 4772 2231 4842 oppressi,
2263 4770 2357 4839 qui
2407 4766 2712 4838 impatienti
2758 4767 2944 4820 animo
2988 4766 3118 4819 dum
3156 4765 3301 4817 illam
3334 4763 3540 4825 ferunt,

1962 4879 2087 4919 cum
2121 4862 2362 4916 tumultu
2404 4870 2459 4915 et
2499 4857 2917 4928 perturbatione
2964 4870 3158 4925 preces
3191 4853 3449 4915 fundunt,
3481 4861 3544 4904 ut

1963 4955 2057 5023 qui
2092 4953 2345 5015 audiunt,
2394 4948 2712 5005 scandalum
2761 4947 2890 5001 inde
2929 4946 3277 5001 contrahant.
3306 4942 3447 4997 Sunt
3486 4950 3543 4995 et

1962 5049 2086 5111 alii,
2135 5046 2229 5115 qui
2282 5038 2533 5112 quamvis
2579 5040 2793 5093 nullum
2842 5039 3090 5093 dolorem
3144 5037 3419 5095 sentiant.
3472 5035 3541 5088 ad

1962 5137 2383 5194 ostentationem
2416 5140 2621 5195 tamen,
2670 5138 2764 5184 aut
2803 5146 2870 5184 ex
2917 5128 3182 5199 peculiari
3229 5141 3402 5189 more,
3438 5126 3539 5178 im-

1964 5229 2211 5301 portuisn
2237 5224 2575 5281 clamoribus
2611 5229 2865 5279 utuntur.
2905 5236 2967 5272 ac
2996 5220 3040 5272 si
3070 5218 3156 5271 his
3185 5217 3396 5286 possint
3424 5216 3541 5285 pla-

1965 5338 2091 5377 cere
2127 5323 2257 5375 Deo.

2041 5436 2102 5489 Il.
2135 5434 2251 5487 Non
2281 5439 2465 5485 autem
2509 5429 2666 5484 decet
2694 5432 2917 5481 servum
2950 5424 3045 5479 Dei
3076 5423 3132 5475 in
3176 5423 3281 5476 hoc
3316 5429 3421 5474 tam
3455 5420 3542 5473 in-

1968 5526 2271 5595 composito
2322 5529 2465 5577 statu
2498 5522 2706 5584 vivere,
2749 5518 2842 5573 sed
2883 5518 2940 5571 in
2972 5514 3119 5570 omni
3153 5512 3545 5581 tranquiilitate

1970 5635 2033 5673 ac
2071 5615 2357 5686 sapientia,
2393 5623 2455 5668 ut
2489 5614 2667 5684 inquit
2707 5609 2975 5681 propheta
3012 5625 3024 5661 :
3054 5607 3133 5661 Ad
3181 5620 3333 5675 quem
3378 5602 3545 5673 respi-

358 5873 405 5904 "
434 5870 595 5925 Joan.
630 5884 685 5935 ι,
714 5868 805 5921 27.
882 5865 924 5897 ⁶⁹
963 5861 1097 5916 ibid.
1140 5859 1225 5912 Η.
1299 5858 1345 5896 το
1388 5853 1628 5907 lTIlcss.
1662 5865 1733 5913 Iv,
1774 5845 1859 5911 16,
1896 5845 1981 5898 17.
