4266 6356
186 361 289 426 521

1419 357 1789 419 HOMILI/E.
1820 383 1889 394 -
1922 359 2105 419 110M.
2143 360 2239 419 Vi.

3324 364 3428 429 529

190 471 399 523 τέλειον
433 468 768 539 κατόρθωμα
810 465 1102 520 ποιεῖσθαι.
1133 464 1253 518 Elei.
1286 465 1343 519 δὲ
1371 465 1542 530 ἄλλοι,
1580 467 1627 517 oi
1657 466 1771 525 τοῖς
1802 470 1845 525 Α
1874 512 1875 515 η

1753 480 1771 525 :
1802 470 1845 525 Α
1874 467 1968 520 sed
2011 467 2323 522 existimant
2372 480 2431 521 se
2459 467 2679 537 pr0pria
2726 466 2926 521 virtute
2966 466 3275 523 absolutum
3302 487 3438 541 Opus

191 560 479 629 λογισμοῖς
511 560 889 630 προσέχοντες,
929 559 1025 610 καὶ
1075 557 1197 611 ὅλον
1226 556 1318 609 τὸν
1355 555 1545 623 ἀγῶνα
1587 553 1771 608 ποιούς-

198 667 354 718 μενοι
406 651 631 704 ἔσωθεν.
682 643 841 704 Οὗτοι
884 649 973 701 διὰ
1010 651 1108 717 τῆς
1152 647 1418 710 συνέσεως
1457 645 1635 699 αὐτῶν
1678 644 1774 697 καὶ

194 742 525 810 διακρίσεως
575 741 831 796 δύνανται
858 738 1225 809 κατορθῶσαι,
1255 739 1348 791 καὶ
1382 734 1774 791 άποσείσασθαι

195 836 323 886 τοὺς
357 834 820 903 ἐπανισταμένους
844 832 1153 900 λογισμοὺς,
1182 830 1277 883 καὶ
1310 829 1446 900 μετὰ
1477 828 1538 882 τὸ
1564 826 1775 899 θέλημα

197 926 294 976 τοῦ
320 926 527 992 Κυρίου
573 924 918 994 πορεύεσθαι.
955 921 1296 992 Εὐρίσκομεν
1326 920 1382 973 δὲ
1412 922 1471 973 ἐν
1491 918 1568 987 τῷ
1615 918 1775 971 Ἀπο-

202 1014 398 1082 στόλῳ,
427 1016 509 1065 ὅτι
538 1013 628 1065 τὸν
645 1010 1031 1081 οἰκοδομοῦντα
1055 1008 1146 1063 τὸν
1170 1007 1327 1062 ἄλλον
1352 1005 1575 1077 μείζονα
1602 1004 1770 1072 λέγει.

200 1105 342 1171 Φησὶ
378 1104 505 1174 γάρ·
553 1103 605 1154 Ὁ
623 1099 830 1155 λαλῶν
850 1101 1177 1168 γλώσσαις,
1207 1094 1425 1149 ἑαυτὸν
1457 1091 1772 1161 οἰκοδομεῖ·

204 1198 238 1248 ό
276 1194 347 1247 δὲ
392 1194 818 1263 προφητεύων,
858 1190 1197 1257 ἐκκλησίαν
1244 1184 1574 1255 οίκοδομεῖ·
1635 1187 1668 1238 ό
1712 1182 1781 1237 δὲ

203 1287 621 1355 προφητεύων,
651 1284 861 1354 μείζων
888 1284 926 1351 ἢ
951 1287 982 1338 ό
1009 1281 1215 1336 λαλῶν
1244 1280 1572 1349 γλώσσαις.
1611 1278 1782 1330 Ἕκα-

207 1395 332 1438 στος
366 1374 459 1431 οὖν
487 1376 870 1441 ἐπιλέξεταιτὸ
903 1375 1095 1435 ἄλλους
1131 1373 1502 1442 οἰκοδομῆσαι,
1537 1369 1631 1423 καὶ
1652 1385 1784 1422 κατ-

205 1468 455 1533 αξιοῦται
486 1469 586 1538 τῆς
613 1467 887 1538 βασιλείας
917 1465 1025 1519 τῶν
1046 1462 1313 1535 οὐρανῶν.

282 1671 354 1720 E'.
396 1665 734 1734 Ἐρώτησις.
786 1661 1019 1728 Ἐπειδή
1057 1677 1216 1725 τινες
1276 1658 1584 1727 λέγουσιν,
1613 1657 1702 1710 ὅτι
1731 1658 1784 1709 ol

210 1760 415 1827 θρόνοι
451 1758 551 1813 καί
582 1759 635 1809 οι
668 1755 952 1822 στέφανοι
987 1748 1283 1819 κτίσματὰ
1324 1751 1472 1814 εισι,
1502 1748 1601 1801 καὶ
1648 1747 1782 1815 οὐχὶ

208 1852 546 1918 πνεύματα,
567 1844 687 1912 πῶς
722 1845 1044 1914 ὀφείλομεν
1073 1839 1352 1896 ἀκοῦσαι.

296 1962 656 2027 Ἀπόκρισις.
696 1958 755 2010 '0
791 1957 977 2027 θρόνος
1002 1957 1099 2025 τῆς
1145 1953 1396 2024 θεότητος
1422 1954 1451 2006 6
1477 1949 1603 2014 νοῦς
1628 1950 1786 2020 ἡμῶν

217 2056 369 2105 ἐστι’
421 2052 517 2104 καὶ
569 2049 729 2101 πάλιν
780 2049 809 2099 6
856 2047 1043 2115 θρόνος
1085 2045 1180 2098 τοῦ
1209 2042 1324 2108 νοῦ,
1362 2044 1397 2113 ἡ
1427 2043 1616 2110 θεότης
1645 2041 1782 2105 ἐστὶ,

216 2143 402 2197 καὶτὸ
436 2141 674 2209 πνεῦμα.
716 2138 947 2209 Ὁμοίως
978 2138 1036 2190 δέ
1082 2137 1177 2190 καὶ
1219 2135 1248 2187 6
1307 2135 1570 2197 Σατανᾶς,
1598 2133 1692 2186 καὶ
1731 2132 1789 2185 al

216 2235 497 2305 δυνάμεις,
535 2234 630 2285 καὶ
659 2232 709 2284 oi
728 2230 988 2302 ἄρχοντες
1019 2227 1113 2281 τοῦ
1155 2228 1399 2291 σκότους,
1438 2225 1545 2279 ἀπὸ
1566 2224 1661 2293 τῆς
1684 2241 1791 2277 πα-

220 2328 529 2397 ραϐάσεως,
554 2324 654 2393 τῆς
702 2322 919 2390 ἐντολῆς
949 2318 1268 2373 ἐνεκάθισαν
1314 2318 1393 2380 είς
1439 2314 1538 2383 τὴν
1562 2314 1790 2385 καρδίαν

220 2418 320 2472 καὶ
348 2418 430 2481 είς
455 2417 547 2469 τὸν
573 2414 716 2476 νοῦν,
744 2413 838 2465 καὶ
867 2414 946 2473 εἰς
973 2410 1034 2462 τὸ
1067 2408 1224 2478 σῶμα
1251 2407 1345 2461 τοῦ
1386 2406 1576 2475 ’Δδὰμ,
1601 2406 1676 2467 ὼς
1713 2406 1791 2470 είς

224 2509 421 2579 θρόνον
475 2507 629 2560 [διον.
667 2503 868 2558 Λοιπὸν
893 2501 986 2555 οῦν
1020 2500 1107 2554 διὰ
1134 2498 1291 2552 τοῦτο
1317 2494 1479 2567 ἦλθεν
1512 2498 1539 2549 6
1567 2495 1790 2565 Κύριος,

224 2602 319 2653 καὶ
351 2598 544 2654 ἔλαὸεν
580 2597 644 2648 ἐκ
688 2596 781 2663 τῆς
814 2591 1087 2662 Παρθένου
1117 2590 1177 2642 τὸ
1200 2588 1375 2658 σῶμα.
1398 2587 1459 2640 El
1478 2588 1588 2656 γὰρ
1606 2586 1795 2656 ἠθέλη-

228 2708 289 2743 σε
322 2692 504 2762 γυμνῇ
534 2690 601 2757 τῇ
627 2685 839 2754 θεόσητι
875 2680 1175 2744 κατελθεῖν,
1205 2680 1286 2741 τίς
1314 2677 1543 2748 ἠδύνατο
1569 2676 1797 2743 ὑπενεγ-

228 2785 345 2838 κεῖν
367 2798 382 2845 ;
426 2778 586 2831 Ἀλλὰ
603 2777 691 2829 διὰ
718 2774 812 2827 τοῦ
834 2775 1065 2843 ὀργάνου
1086 2770 1179 2823 τοῦ
1209 2770 1457 2837 σώματος
1482 2766 1656 2820 ἐλάλει
1684 2768 1797 2829 τοῖς

226 2866 561 2938 ἀνθρώποις.
606 2864 805 2917 Λοιπὸν
854 2861 946 2916 οῦν
969 2861 1037 2914 τὰ
1064 2858 1349 2928 πνεύματα
1383 2858 1483 2926 τῆς
1514 2856 1794 2924 πονηρίας,

228 2958 266 3012 ἃ.
296 2958 678 3020 ἐνεκαθέζοντο
716 2958 795 3017 εἰς
827 2954 888 3006 τὸ
919 2951 1100 3021 σῶμα,
1131 2949 1379 3003 καθεῖλεν
1408 2948 1515 3002 άπὸ
1542 2948 1647 3001 τῶν
1673 2947 1798 3017 θρό-

228 3067 360 3111 νων,
391 3048 500 3100 τῶν
532 3046 818 3115 νοημάτων
851 3045 941 3096 καὶ
986 3043 1093 3095 τῶν
1116 3040 1415 3110 λογισμῶν,
1439 3035 1519 3103 οἷς
1553 3038 1799 3091 ἐνεπολι-

1873 559 2233 629 perfecturos.
2272 559 2411 615 Sunt
2451 574 2668 629 quoque
2714 558 2845 623 alii,
2881 559 2973 627 qui
3021 559 3442 629 cogitationibus

1874 652 2199 715 attendunt,
2251 661 2308 706 et
2356 651 2606 721 praelium
2657 666 2819 704 omne
2874 651 3021 705 intus
3070 652 3439 708 committunt.

1877 741 2053 809 Hique
2076 749 2302 810 propter
2328 742 2665 795 intellectum
2689 756 2751 795 ac
2799 740 3185 797 discretionem
3213 752 3446 813 possunt

1878 841 2027 885 recte
2060 848 2240 901 agere,
2272 842 2325 885 et
2355 831 2570 886 amoliri
2608 831 2952 902 insurgentes
2981 833 3358 901 cogitationes,
3388 843 3445 888 et

1878 922 2181 976 secundum
2224 924 2561 977 voluntatem
2612 922 2826 977 Domini
2867 923 3170 978 ambulare.
3221 925 3446 993 Reperi-

1880 1027 2003 1067 mus
2031 1021 2216 1067 autem
2247 1013 2390 1081 apud
2427 1012 2769 1081 Apostolum,
2799 1013 2942 1081 quod
2969 1028 3117 1076 eum,
3147 1014 3241 1081 qui
3276 1014 3444 1067 alium

1877 1105 2135 1169 aediﬁcat,
2171 1104 2431 1173 majorem
2462 1104 2610 1158 dicat
2640 1119 2656 1168 ;
2689 1102 2868 1172 inquit
2909 1104 3055 1157 enim
3091 1120 3104 1156 :
3144 1103 3243 1168 Qui
3279 1104 3447 1173 loqui-

1879 1204 1969 1249 tur
1994 1195 2197 1265 lingua,
2246 1195 2475 1261 seipsum
2508 1192 2732 1258 aediﬁcat
2766 1201 2861 1246 :at
2886 1194 2974 1262 qui
3006 1194 3300 1261 prophetat,
3326 1209 3449 1246 con-

1880 1288 2236 1358 gregationem
2257 1284 2485 1352 wdiﬁcat
2506 1301 2522 1338 :
2546 1285 2635 1355 qui
2659 1293 2833 1336 autem
2853 1286 3146 1354 prophetat,
3175 1286 3349 1354 major
3373 1294 3449 1339 est

1881 1396 2042 1449 quam
2091 1379 2181 1449 qui
2229 1378 2459 1448 loquitur
2502 1378 2694 1449 linguis
2741 1379 2806 1431 ⁷⁸.
2853 1378 3240 1447 Unusquisque
3285 1379 3451 1448 igitur

1882 1471 2047 1541 eligat
2092 1471 2277 1540 potius
2318 1471 2455 1525 alios
2484 1469 2780 1533 aediﬁcare,
2810 1478 2866 1524 et
2897 1468 3095 1539 dignus
3133 1470 3449 1524 censebitur

1884 1576 2052 1631 regno
2090 1561 2374 1615 caelorum.

1955 1674 2019 1728 V.
2064 1674 2438 1741 Interrogatio.
2487 1670 2751 1736 Quoniam
2797 1671 3014 1740 quidam
3062 1672 3273 1731 dicunt,
3312 1672 3452 1739 quod

1814 1800 1856 1854 Β
1885 1766 2057 1818 throni
2106 1774 2155 1818 et
2198 1779 2404 1817 coronae
2434 1772 2691 1818 creatura:
2711 1763 2836 1827 sint,
2861 1772 2910 1815 et
2934 1778 3037 1815 non
3063 1763 3301 1828 spiritus,
3325 1777 3454 1831 quo-

1888 1855 2040 1909 modo
2066 1857 2173 1909 hac
2204 1854 2567 1924 intelligenda.

1955 1966 2261 2036 Responsio.
2290 1966 2548 2020 Thronus
2579 1963 2887 2019 divinitatis
2918 1972 3001 2018 est
3045 1978 3199 2018 mens
3246 1972 3453 2027 nostra,

1887 2065 1943 2111 et
1975 2072 2043 2110 ex
2070 2056 2321 2119 adverso,
2354 2055 2583 2111 thronus
2620 2064 2823 2108 nostra:
2859 2051 3059 2107 mentis
3084 2059 3167 2106 est
3198 2050 3457 2106 divinitas

1887 2155 1945 2201 et
1977 2146 2225 2215 spiritus.
2250 2144 2513 2199 Similiter
2535 2158 2757 2211 quoque
2788 2141 3034 2206 Satanas,
3056 2148 3111 2194 et
3135 2148 3454 2209 potestates,

1888 2244 1946 2291 et
1972 2236 2248 2306 principes
2273 2235 2623 2289 tenebrarum
2650 2239 2775 2302 post
2798 2231 3283 2301 transgressionem
3306 2246 3458 2284 man-

1891 2328 2023 2394 dati,
2050 2327 2366 2381 insederunt
2407 2341 2502 2380 cor
2550 2333 2605 2381 et
2651 2333 2913 2388 mentem,
2961 2334 3017 2377 et
3063 2337 3266 2392 corpus
3304 2321 3456 2386 Adae,

1893 2427 2147 2487 tanquam
2179 2418 2439 2471 thronum
2482 2417 2788 2485 proprium.
2831 2416 3126 2483 Propterea
3156 2428 3286 2483 ergo
3310 2413 3461 2466 venit

1894 2512 2177 2574 Dominus,
2211 2519 2269 2565 et
2297 2509 2589 2578 assumpsit
2618 2523 2686 2562 ex
2712 2507 2931 2576 Virgine
2969 2520 3190 2575 corpus.
3224 2503 3279 2557 Si
3310 2502 3457 2557 enim

1894 2602 1948 2655 in
1975 2602 2089 2655 sola
2111 2600 2394 2653 divinitate
2416 2597 2749 2654 descendere
2771 2596 3083 2667 placuisset,
3104 2593 3227 2664 quis
3249 2592 3460 2662 potuis-

1896 2701 1979 2745 set
2007 2690 2269 2745 sufferre?
2298 2689 2499 2743 Verum
2543 2702 2640 2756 per
2681 2700 2946 2756 organum
2988 2683 3235 2752 corporis
3267 2682 3461 2750 loque-

1897 2784 2060 2836 batur
2079 2795 2206 2834 cum
2230 2778 2566 2832 hominibus.
2596 2776 2944 2844 QuaprOpter
2967 2774 3195 2843 spiritus
3219 2770 3461 2834 malitiae,

1898 2872 1992 2941 qui
2024 2870 2347 2925 insedebant
2378 2883 2601 2937 corpus,
2632 2866 2865 2921 extrusit
2911 2881 2942 2919 e
2984 2864 3198 2918 thronis
3246 2863 3465 2916 intelle-

1899 2971 2019 3018 ctus
2044 2970 2100 3016 et
2127 2961 2541 3030 cogitationum,
2575 2974 2712 3028 quos
2744 2956 3160 3019 inhabitabant;
3191 2964 3245 3009 et
3270 2970 3467 3021 expur-

1900 3050 2046 3121 gavit
2074 3049 2467 3105 conscientiam
2508 3048 2793 3111 Dominus,
2836 3053 2893 3099 et
2934 3045 3038 3098 sibi
3082 3043 3338 3098 thronum
3367 3057 3463 3111 pa-

228 3141 471 3193 τεύοντο.
517 3138 629 3189 Kal.
676 3135 971 3203 ἐκαθάρισε
1016 3132 1113 3202 τὴν
1169 3130 1471 3201 συνείδησιν
1519 3131 1547 3182 6
1574 3128 1796 3199 Κύριος,
1827 3122 1913 3193 Cl

1519 3131 1547 3182 ὁ
1574 3128 1796 3199 Κύριος,
1827 3122 1870 3180 (ἶ
1903 3140 2043 3195 ravit
2074 3147 2336 3203 mentem,
2370 3146 2426 3192 et
2451 3136 2829 3207 cogitationes,
2860 3141 2916 3189 et
2939 3148 3157 3202 corpus.

230 3230 329 3282 καὶ
360 3226 538 3296 ἐαυτῷ
569 3226 757 3297 θρόνον
790 3224 1012 3293 ἐποίησε
1045 3221 1138 3275 τὸν
1188 3220 1312 3274 νοῦν
1341 3221 1432 3272 καὶ
1486 3220 1609 3282 τοὺς
1655 3218 1799 3286 λογι-

234 3321 428 3390 σμοὺς,
459 3320 552 3370 καὶ
576 3318 636 3369 τὸ
661 3317 839 3385 σῶμα.

305 3438 395 3501 ς’.
440 3432 774 3499 Ἐρώτησις.
814 3429 868 3483 Τί
895 3424 1007 3483 οὖν
1034 3426 1205 3481 ἐστιν
1231 3425 1263 3477 ὃ
1296 3420 1444 3477 εἷπε·
1484 3441 1503 3473 ι
1536 3425 1801 3487 Καθησεο

229 3529 345 3580 σθε
377 3524 475 3577 ἐπὶ
512 3523 742 3575 δώδεκα
781 3524 1049 3589 θρόνους,
1085 3520 1392 3587 κρίνοντες
1433 3516 1540 3582 τὰς
1577 3514 1804 3569 δώδεκα

231 3617 437 3685 φυλὰς
468 3615 575 3669 τοῦ
621 3612 866 3680 Ἰσραήλ
884 3630 903 3677 ;
935 3631 953 3663 ι

323 3728 682 3793 ’Δπόκρισις.
718 3726 892 3778 Τοῦτο
939 3725 1267 3794 εὑρίσκομεν
1303 3723 1388 3774 ὃτι
1435 3720 1529 3774 ἐπὶ
1574 3719 1674 3789 τῆς
1699 3721 1803 3790 γῆς

237 3821 476 3887 ἐγένετο,
507 3820 595 3871 ὅτε
623 3820 653 3869 6
691 3817 893 3885 Κύριος
919 3815 1193 3884 ἀνελήφθη
1242 3815 1322 3876 είς
1350 3813 1473 3874 τοὺς
1501 3812 1763 3879 οὐρανούς
1788 3828 1802 3841 ·

238 3914 451 3982 ἔπεμψε
476 3912 582 3981 γὰρ
614 3910 675 3962 τὸ
719 3910 941 3976 Πνεῦμα
969 3908 1029 3960 τὸ
1060 3905 1407 3976 παράκλητον
1444 3906 1524 3966 είς
1550 3903 1676 3964 τοὺς
1701 3902 1803 3953 δὼ-

237 4008 371 4057 ὂεκα
402 4003 749 4066 ἀποστόλους,
795 4002 887 4053 καὶ
928 4001 1024 4069 τὴν
1076 3999 1235 4065 ἁγίαν
1282 3996 1531 4064 δύναμιν,
1565 3995 1689 4064 ἣτις
1720 3994 1805 4046 ἐλ-

236 4096 409 4149 θοῦσα
460 4094 866 4164 κατεσκήνωσε,
901 4091 995 4144 καὶ
1048 4088 1360 4143 ἐνεκάθισεν
1393 4090 1472 4151 εις
1527 4090 1652 4149 τοὺς
1684 4078 1807 4157 θρόέ

236 4208 361 4251 νους
384 4189 494 4246 τῶν
536 4186 823 4255 νοημάτων
863 4183 1065 4236 αὐτῶν.
1110 4182 1262 4234 Ἐπεὶ
1301 4182 1357 4234 δὲ
1383 4182 1432 4233 οί
1462 4179 1799 4251 παρεστηκόο

234 4296 329 4339 τες
386 4273 556 4339 εἷπον,
596 4278 677 4329 ὅτι
720 4269 865 4328 οῦτοι
907 4273 1169 4342 γλεύκους
1211 4272 1317 4325 εἰσὶ
1376 4270 1805 4341 μεμεστωμένοι,

1974 3423 2061 3479 Vl.
2096 3424 2470 3491 .nterrogatio.
2493 3419 2630 3483 Quid
2656 3420 2817 3488 igitur
2851 3424 2946 3481 est,
2969 3416 3106 3486 quod
3126 3414 3257 3469 dixit
3283 3429 3301 3467 :
3337 3431 3354 3463 ι
3380 3412 3471 3467 Se-

1902 3516 2085 3568 debitis
2119 3530 2273 3582 super
2295 3512 2564 3564 duodecim
2587 3510 2814 3575 thronis,
2856 3507 3156 3577 judicantes
3204 3504 3472 3558 duodecim

1907 3611 2068 3664 tribus
2104 3608 2275 3664 Israel
2300 3609 2389 3660 "?
2430 3625 2448 3657 ι

1974 3720 2280 3791 Responsio.
2309 3716 2424 3771 Hoc
2467 3714 2775 3769 invenimus
2811 3712 3095 3780 impletum
3125 3724 3245 3763 esse
3274 3708 3327 3762 in
3356 3717 3469 3761 ter-

1908 3812 2004 3875 ris,
2038 3809 2257 3878 quando
2283 3806 2547 3860 Dominus
2576 3814 2888 3871 assumptus
2916 3810 3001 3855 est
3030 3801 3085 3853 in
3111 3800 3299 3854 caelos.
3333 3797 3474 3851 Misit

1907 3904 2055 3956 enim
2082 3900 2346 3969 Spiritum
2371 3897 2767 3951 consolatorem
2790 3894 2844 3947 in
2869 3891 3155 3945 duodecim
3180 3889 3474 3959 apostolos,

1907 4002 1961 4046 et
2000 3992 2258 4044 virtutem
2295 3996 2572 4051 sanctam;
2622 4000 2743 4053 qua:
2784 3981 3081 4036 adveniens
3110 3979 3341 4033 tentoria
3378 3992 3478 4046 po-

1908 4082 2038 4147 suit,
2076 4090 2132 4136 et
2180 4081 2323 4135 sedit
2376 4079 2430 4132 in
2482 4076 2694 4131 thronis
2738 4072 3003 4127 mentium
3050 4072 3312 4140 ipsorum.
3341 4068 3479 4134 Quia

1909 4184 2112 4236 autem,
2140 4170 2231 4239 qui
2254 4169 2567 4230 astiterunt,
2594 4165 2849 4219 dicebant
2871 4172 3051 4215 musto
3072 4160 3309 4229 repletos
3334 4172 3477 4220 esse,

1913 4264 2039 4318 inde
2066 4264 2230 4331 ccepit
2266 4263 2460 4314 Petrus
2497 4258 2747 4327 judicare
2794 4270 2909 4319 eos,
2954 4254 3143 4306 dicens
3187 4250 3256 4304 de
3297 4250 3427 4304 Jesu
3462 4268 3477 4303 :

237 4337 427 4421 λοιπὸν
455 4337 656 4436 ἤρξατο
703 4337 931 4434 Πέτρος⁷
960 4365 1167 4433 κρίνειν
1218 4337 1644 4429 αὑτοῦςξλέγων
1679 4361 1809 4427 περὶ
1914 4354 1922 4376 Ὗ

1802 4378 1809 4411 ι
1914 4354 2091 4406 Virum
2132 4358 2391 4420 potentem
2420 4356 2469 4399 et
2496 4346 2662 4399 verbis
2701 4352 2749 4395 et
2783 4343 3053 4411 prodigiis,
3092 4356 3178 4392 vos
3220 4337 3487 4405 cruciﬁxi-

239 4458 335 4509 τοῦ
379 4428 572 4525 Ἰησοῦ,
605 4458 686 4508 ὅτι
716 4428 933 4521 Ἄνδρα
963 4428 1225 4507 δυνατὸν
1254 4452 1324 4504 ἐν
1342 4428 1547 4520 ,λόγοις
1579 4453 1675 4503 καὶ
1697 4467 1808 4515 aq-
1834 4457 1888 4515 D
1914 4464 1924 4497 ε

1801 4482 1808 4490 -
1834 4457 1888 4515 D
1914 4446 2029 4505 stis,
2061 4441 2431 4509 suspendentes
2460 4438 2523 4489 de
2552 4438 2689 4505 ligno
2714 4436 2780 4488 ⁷⁸.
2808 4434 2877 4487 Ει
2902 4447 3033 4486 ecce
3071 4432 3183 4485 illic
3216 4428 3486 4483 mirabilia

236 4520 625 4618 μείοις-ὐμεῖς
661 4520 1098 4613 ἐσταυρώσατε,
1125 4544 1533 4613 κρεμάσαντες
1576 4542 1673 4595 ἐπὶ
1705 4542 1809 4606 ξύ·
1917 4545 1921 4591 1

1800 4571 1809 4581 -
1917 4537 2062 4601 facit,
2099 4532 2392 4600 disrumpit
2424 4531 2632 4598 lapides
2664 4534 3145 4580 monumentorum
3174 4531 3231 4575 et
3257 4520 3485 4574 suscitat

240 4611 376 4692 :lov.
406 4611 531 4690 Kal.
564 4611 661 4699 llis,
686 4640 802 4689 ἐκεῖ
831 4611 972 4688 ποιεῖ
998 4611 1296 4703 θαυμάσια,
1341 4634 1660 4703 διαρῤήσσει
1688 4632 1813 4693 τοὺς
1918 4646 1925 4683 1

1798 4649 1813 4693 ;
1918 4637 2187 4683 mortuos.
2224 4623 2498 4691 Scriptum
2543 4620 2691 4673 enim
2722 4627 2806 4672 est
2833 4635 2848 4672 :
2873 4616 2936 4670 In
2976 4614 3266 4669 novissimis
3308 4611 3483 4664 diebus

243 4727 425 4789 λίθους
455 4727 562 4780 τῶν
589 4728 892 4797 μνημείων,
920 4726 1015 4778 καὶ
1057 4726 1257 4794 ἐγείρει
1286 4726 1413 4786 τοὺς
1445 4723 1691 4793 νεκρούς.
1716 4724 1813 4775 Γέ-
1917 4743 1928 4774 4

1799 4750 1813 4763 -
1917 4718 2180 4789 effundam
2224 4715 2286 4766 de
2324 4712 2527 4782 Spiritu
2572 4726 2685 4763 meo
2726 4724 2887 4777 super
2912 4721 3121 4760 omnem
3162 4718 3394 4766 carnem,
3436 4709 3484 4753 et

244 4836 489 4887 γραπται
538 4791 804 4887 γάρ’-Ἐν
850 4818 979 4883 ταῖς
1020 4791 1306 4885 ἐσχάταις
1357 4791 1604 4882 ἡμέραις
1630 4813 1817 4882 ἐκχεῶ
1919 4829 1929 4881 ι

1801 4814 1817 4865 3
1919 4805 2299 4881 prophetabunt
2337 4803 2435 4869 ﬁlii
2472 4802 2630 4854 uestri
2672 4808 2719 4852 ct
2755 4798 2882 4866 ﬁlia:
2908 4804 3089 4850 vestra:
3120 4794 3183 4847 ⁷⁷.
3220 4791 3486 4858 Quocirca

246 4884 365 4963 ὰξτδ
406 4908 512 4961 τοῦ
545 4884 888 4976 Πνεύματός
906 4926 1025 4975 μου
1058 4908 1154 4959 ἐπὶ
1206 4906 1413 4961 πᾶσαν
1450 4905 1667 4972 σάρκα,
1716 4906 1812 4956 καί
1922 4919 1931 4954 ι

1800 4906 1812 4956 l
1922 4899 2078 4954 multi
2113 4914 2143 4950 a
2169 4898 2330 4950 Petro
2362 4892 2634 4954 instructi,
2667 4891 2733 4943 ad
2768 4888 3145 4958 paenitentiam
3181 4884 3485 4946 redierunt,

246 5004 777 5068 προφητεύσουσιν
836 5001 951 5053 υίοὶ
1010 4998 1176 5067 ὑμῶν
1230 4998 1327 5051 καὶ
1384 4999 1443 5049 al
1501 4994 1815 5063 θυγατέρες
1923 5009 1931 5042 ι

1609 4994 1815 5062 ἀτέρες
1923 5000 1982 5044 ut
2017 4990 2170 5043 ﬁeret
2196 4986 2432 5041 mundus
2464 4998 2659 5045 novus,
2696 4982 2849 5050 isque
2873 4980 3082 5033 electus
3108 4994 3137 5031 a
3165 4978 3294 5030 Deo.

246 5101 435 5163 ὐμων.
485 5097 577 5157 El;
624 5097 912 5166 μετάνοιαν
978 5095 1070 5148 οὖν
1108 5091 1272 5164 ἦλθον
1311 5091 1713 5162 κατηχηθέντες
1755 5088 1858 5142 ὑπὸ
1925 5084 2019 5141 τοῦ
2055 5084 2263 5153 Πέτρου
2313 5080 2521 5145 πολλοὶ,
2574 5078 2713 5131 ὥστε
2754 5076 3003 5144 γενέσθαι
3060 5074 3264 5142 κόσμον
3306 5068 3489 5122 καινὸν

247 5194 501 5246 ἐκλεκτὸν
531 5193 685 5246 Θεοῦ.

322 5303 397 5358 Z'.
416 5305 575 5376 Ὁρᾷς
596 5306 715 5368 πῶς
733 5305 903 5375 ἐφάνη
928 5302 1348 5374 ἀρχὴ’κρίσεως;
1368 5301 1514 5354 Ἐκεῖ
1528 5302 1635 5369 γάρ
1653 5300 1821 5369 ἐφάνη
2004 5298 2007 5305 ⁴

1804 5317 1821 5369 1
2004 5296 2117 5349 Vll.
2152 5292 2315 5347 Vides
2346 5304 2476 5359 ergo
2506 5284 2780 5355 quomodo
2809 5280 3061 5351 apparuit
3093 5278 3307 5332 initium
3342 5274 3489 5345 judi-

248 5400 455 5466 κόσμος
479 5369 689 5459 καινός.
727 5369 853 5449 τΠδε
892 5369 1029 5466 ’γὰρ’
1053 5369 1206 5465 ἐδόθη
1238 5395 1415 5455 αὐτοῖς
1446 5392 1660 5455 ἐξουσία
1688 5392 1823 5443 καθ-
1931 5419 1933 5436 ι

1806 5418 1823 5431 -
1931 5392 2032 5445 cii?
2078 5387 2187 5457 29
2228 5384 2343 5439 Illic
2392 5382 2537 5437 enim
2583 5378 2831 5449 apparuit
2871 5376 3107 5429 mundus
3154 5386 3347 5425 novus.
3392 5369 3491 5422 llic

249 5459 475 5557 εσθῆναι
522 5492 579 5542 ἐν
625 5489 701 5557 τῷ
757 5459 946 5557 κόσμιρ
973 5459 1167 5557 τούτῳ,
1196 5459 1317 5539 ’καὶ
1368 5490 1569 5557 κρῖναι.
1629 5486 1821 5537 Καίτοι
1928 5502 1934 5532 ι

1807 5500 1821 5534 ι
1928 5483 2073 5536 enim
2104 5478 2211 5532 illis
2236 5475 2359 5530 data
2389 5484 2473 5528 est
2514 5479 2753 5542 potestas
2795 5466 3019 5522 sedendi
3055 5464 3110 5517 in
3150 5464 3253 5515 hoc
3288 5459 3492 5513 mundo

253 5580 560 5649 μελλόντων
614 5580 790 5633 αὐτῶν
837 5579 1161 5641 καθέζεσθαι
1188 5579 1281 5630 xa't
1305 5580 1477 5630 ποιεῖν
1511 5576 1695 5644 κρίσιν
1729 5577 1821 5627 ἐπὶ
1927 5594 1938 5626 ι

1805 5579 1821 5627 ι
1927 5585 1984 5629 et
2007 5568 2306 5643 judicandi.
2340 5568 2407 5621 Et
2440 5565 2568 5619 licet
2594 5562 2837 5616 futurum
2868 5560 2958 5624 sit,
2991 5564 3053 5611 ut
3077 5553 3302 5610 sedeant
3328 5560 3380 5604 et
3411 5548 3490 5603 fa-

1957 5751 1995 5779 ⁷⁷
2027 5747 2161 5803 Jocl.
2200 5761 2255 5807 ιι,
2289 5743 2387 5806 28;
2420 5742 2538 5796 Act.
2580 5756 2633 5799 η,
2674 5741 2732 5793 l7

329 5762 369 5791 "
397 5762 415 5815 Ι
444 5760 568 5817 Cor.
610 5778 715 5821 MV,
752 5763 782 5813 .i
878 5762 917 5790 ⁷⁵
953 5758 1145 5811 Matth.
1178 5772 1286 5820 XIX,
1319 5756 1407 5808 ‘28.
1485 5754 1527 5785 ⁷⁸
1562 5754 1681 5806 Act.
1712 5750 1871 5805 1125.
