4266 6356
789 365 897 429 523

2022 358 2083 418 S.
2125 356 2320 418 MACA
2330 356 2442 416 RII
2484 359 2806 421 JEGYPTII

3937 358 4045 423 εει

787 475 935 530 ciant
957 470 1226 544 judicium
1251 468 1307 523 in
1340 469 1577 524 adventu
1607 464 1847 529 Domini,
1872 464 1929 519 in
1955 464 2363 519 resurrectione
2391 462 2439 520 A
2467 484 2472 497 ·

2391 462 2439 520 Α
2467 466 2563 535 τῆς
2598 469 2900 535 παρουσίας
2948 467 3042 521 τοῦ
3087 468 3296 540 Κυρίου
3324 471 3381 523 ἐν
3405 470 3472 541 τῇ
3498 468 3794 524 ἀναστάσει
3820 469 3933 522 τῶν
3960 488 4048 523 νε-

784 573 1128 619 mortuorum
1146 602 1161 626 ,
1189 569 1372 616 tamen
1403 560 1493 614 hic
1508 572 1727 629 quoque
1756 556 1810 611 id
1832 556 1912 621 lit,
1932 556 2143 627 Spiritu
2173 563 2362 609 sancto

786 657 1011 712 sedente
1056 655 1111 709 in
1159 654 1372 709 thronis
1414 651 1681 706 mentium
1716 650 1980 721 ipsorum.
2024 650 2227 704 Verum
2260 662 2363 701 nec

786 750 1114 813 diademata,
1144 762 1263 817 quae
1290 744 1588 800 Christiani
1637 744 1692 797 in
1726 742 1912 797 futuro
1945 740 2145 795 saeculo
2174 754 2363 807 accep-

790 840 896 893 turi
924 848 1072 903 sunt,
1102 846 1233 893 sunt
1254 844 1539 899 creatum;
1570 842 1627 888 et
1658 834 1749 903 qui
1785 832 1891 885 hoc
1923 831 2137 892 dicunt,
2170 829 2363 883 absur-

786 932 916 985 dum
940 938 1193 986 asserunt
1220 949 1233 983 :
1261 943 1451 983 verum
1479 927 1593 981 haec
1638 926 1891 994 spiritum
1920 921 2364 977 transformatum

788 1022 1104 1078 ostendunt.
1128 1021 1268 1087 Quid
1298 1021 1448 1075 enim
1480 1019 1614 1073 dicit
1642 1018 1924 1088 apostolus
1950 1016 2151 1069 Paulus
2176 1014 2245 1069 de
2272 1014 2366 1068 Je-

790 1116 1026 1170 rusalem
1058 1114 1305 1169 caelesti?
1348 1112 1510 1167 Illam
1559 1120 1785 1164 matrem
1832 1125 1939 1163 esse
1987 1116 2225 1161 nostrum
2251 1122 2365 1160 om-

789 1212 958 1274 nium,
995 1226 1220 1278 quacum
1266 1224 1373 1261 una
1414 1206 1726 1274 conﬁtemur
1770 1202 1839 1257 ⁷⁸.
1885 1205 2105 1259 Vestem
2146 1210 2363 1266 autem,

788 1315 952 1369 quam
1006 1308 1221 1369 gestant
1264 1298 1595 1361 Christiani,
1651 1296 1797 1366 quod
1846 1295 2078 1360 attinet,
2128 1294 2368 1363 Spiritus

788 1390 1047 1445 videlicet
1089 1390 1277 1444 amicit
1322 1389 1444 1443 illos
1491 1390 1547 1442 in
1576 1388 1799 1443 nomine
1832 1386 2012 1442 Patris
2037 1394 2093 1441 et
2136 1384 2283 1449 Filii,
2313 1392 2367 1438 et

792 1482 1027 1553 Spiritus
1054 1482 1249 1547 sancti,
1277 1482 1333 1537 in
1359 1480 1577 1535 saecula.
1608 1478 1808 1534 Amen.

1366 1701 1651 1758 HOMILIA
1676 1700 1789 1757 VII.

2466 558 2637 628 κρῶν,
2670 560 2764 611 καὶ⁵
2814 553 2916 611 ὦδε
2947 560 3215 629 γίγνεται,
3239 560 3333 614 τοῦ
3356 561 3515 628 ἀγίου
3550 560 3873 629 Πνεῦματος
3904 562 4047 613 κιιθ-

2464 648 2712 710 εσθέντος
2742 650 2798 701 ἐν
2824 649 3165 719 τοῖςθρόνοις
3187 650 3296 703 τῶν
3322 651 3609 719 νοημάτων
3640 650 3840 703 αὐτῶν.
3884 651 4052 702 Ἀλλά

2466 740 2559 792 καὶ
2585 740 2655 791 τὰ
2686 739 3013 809 διαδήματα,
3047 740 3193 811 άπερ
3220 741 3286 793 λα
3296 741 3589 811 μϐάνουσιν
3615 743 3665 795 cl
3724 742 4050 811 Χριστιανοὶ

2465 834 2524 884 ἐν
2555 832 2748 902 ἐκείνῳ
2776 833 2853 903 τῷ
2884 834 3062 900 αίῶνι,
3106 834 3206 886 οὐκ
3247 837 3354 887 είσὶ
3393 836 3691 904 κτίσματα.
3727 836 3837 888 Καὶ
3871 836 3920 886 οἱ
3960 834 4047 885 λί-

2466 947 2680 999 γοντες,
2722 930 2908 995 κακῶς
2964 932 3236 1000 λέγουσιν.
3286 932 3447 985 Ἀλλά
3496 931 3669 984 ταῦτα
3724 932 3785 985 τδ
3822 931 4052 998 πνεῦμα

2471 1024 2990 1096 μεταμορφούμενον
3019 1023 3380 1079 ὑποδεικνύει.
3424 1023 3489 1076 Τί
3516 1024 3665 1091 λέγει
3698 1026 3726 1077 δ
3746 1021 4053 1083 ἀπόστολος

2470 1114 2684 1178 Παῦλος
2715 1118 2842 1187 περὶ
2894 1117 2993 1186 τῆς
3026 1116 3383 1186 Ἰερουσαλὴμ
3414 1116 3513 1186 τῆς
3552 1115 3915 1185 ἐπουρανίους
3963 1115 4051 1167 ὅτι

2469 1205 2630 1271 Αὺτή
2659 1206 2788 1260 ἐστι
2813 1208 3014 1275 μήτηρ
3030 1210 3275 1261 πάντων
3298 1206 3489 1276 ἡμῶν,
3520 1202 3561 1277 ᾗ
3589 1206 4051 1277 συνομολοπνῦ-

2466 1313 2600 1365 μεν.
2642 1297 2775 1367 Περὶ
2810 1296 2866 1350 δὲ
2890 1297 2983 1349 τοῦ
3011 1296 3330 1365 ἐνδύματος,
3359 1296 3388 1349 δ
3413 1297 3672 1367 φοροῦσιν
3702 1298 3752 1350 ol
3776 1298 4053 1367 Χριστια-

2470 1389 2572 1448 νοὶ,
2600 1388 2843 1457 δηλονότι
2891 1388 3024 1441 αὐτὸ
3055 1388 3117 1439 τὸ
3142 1387 3369 1458 Πνεῦμα
3406 1387 3674 1456 ἀμφιάζει
3713 1389 3913 1449 αὐτοὺς
3963 1390 4053 1449 εἰς

2470 1479 2531 1531 τὸ
2558 1480 2730 1549 ὄνομα
2760 1478 2853 1531 τοῦ
2886 1478 3099 1549 Πατρὺς
3145 1481 3243 1532 καὶ
3295 1477 3391 1531 τοῦ
3438 1478 3571 1531 Υίοῦ
3618 1480 3715 1532 καὶ
3760 1477 3857 1532 τοῦ
3887 1478 4051 1547 ἀγίου

2473 1570 2811 1641 Πνεύματος,
2842 1573 2921 1635 είς
2943 1574 3071 1637 τοὺς
3098 1572 3323 1635 αἰῶνας.
3363 1573 3556 1641 Ἀμήν.

3087 1705 3329 1760 ΟΜΙΛΙΔ
3358 1706 3434 1760 Z'.

794 1818 877 1873 De
907 1817 1183 1870 clementia
1213 1814 1417 1887 Christi
1448 1832 1571 1885 erga
1598 1816 1880 1887 hominem.
1923 1812 2179 1887 Continetr
2208 1817 2366 1869 etiam
2396 1814 2442 1873 Β
2472 1844 2479 1871 Α

2396 1814 2442 1873 Β
2472 1818 2609 1883 Περὶ
2643 1816 2756 1885 τῆς
2784 1816 3216 1887 χρηστότητος
3234 1814 3339 1887 τοῦ
3363 1813 3802 1887 Χριστοῦ-,πρὸς
3820 1812 3927 1867 τὸν
3946 1814 4054 1887 «ir:

863 1887 1079 1943 homilia
1110 1886 1544 1956 interrogationes
1562 1894 1610 1939 et
1633 1886 1994 1955 responsiones
2014 1886 2292 1954 quasdam.

863 2061 907 2118 l.
934 2062 1404 2130 Quemadmodum
1425 2062 1470 2116 si
1499 2062 1625 2132 quis
1648 2062 1928 2133 ingressus
1954 2061 2146 2116 domos
2168 2062 2365 2131 regias,

795 2155 1197 2225 contempletur
1234 2155 1345 2209 illic
1368 2154 1616 2223 depictas
1646 2154 1905 2208 historias
1949 2162 2006 2208 et
2035 2170 2251 2208 omnem
2280 2170 2369 2207 or-

797 2254 1007 2309 natum,
1035 2245 1141 2299 alia
1188 2245 1243 2299 in
1271 2253 1426 2313 parte
1458 2244 1751 2298 thesauros
1795 2241 2133 2304 reconditos,
2165 2250 2221 2295 et
2261 2241 2368 2294 alia

794 2337 853 2391 in
881 2344 1037 2406 parte
1071 2336 1213 2402 alia;
1250 2344 1306 2390 et
1325 2334 1614 2390 accumbat
1639 2349 1764 2388 cum
1800 2348 1949 2403 rege,
1995 2333 2157 2402 eique
2200 2347 2370 2401 appo-

793 2434 997 2478 nantur
1018 2424 1298 2479 esculenta
1324 2433 1381 2478 et
1408 2423 1701 2492 poculenta
1719 2424 2061 2488 suavissima,
2080 2433 2137 2478 et
2157 2422 2370 2476 fruatur

796 2530 920 2569 cum
951 2513 1315 2568 delectatione
1349 2514 1666 2568 omnimodo
1701 2513 1806 2568 hac
1838 2513 2297 2583 contemplatione
2314 2522 2371 2567 et

795 2605 1121 2673 splendore;
1150 2604 1500 2673 postmodum
1525 2613 1708 2658 autem
1738 2604 2093 2658 abstrahatur
2123 2603 2273 2668 inde,
2314 2611 2370 2657 et

796 2693 855 2748 in
911 2695 1029 2748 loca
1083 2694 1450 2763 graveolentia
1507 2692 1769 2761 abreptus
1828 2692 2140 2745 inveniatur
2203 2709 2215 2744 :
2278 2700 2372 2744 aut

796 2782 1257 2852 quemadmodum
1282 2782 1328 2836 si
1366 2782 1547 2851 puella
1583 2781 1853 2851 quaedam,
1880 2781 2095 2835 caeteris
2116 2780 2373 2835 omnibus

793 2873 955 2943 longe
974 2873 1283 2938 formosior,
1317 2874 1638 2942 sapientior,
1662 2888 1726 2927 ac
1753 2873 2101 2943 locupletior,
2142 2872 2374 2939 accipiat

795 2966 977 3019 virum
1017 2980 1333 3034 pauperem,
1377 2965 1644 3018 humilem
1689 2972 1745 3019 et
1801 2964 2126 3029 deformem,
2174 2964 2370 3033 pannis

797 3056 1117 3112 dilaceratis
1136 3056 1376 3111 obsitum
1400 3074 1415 3122 ;
1437 3065 1491 3109 et
1517 3065 1744 3110 exutum
1768 3056 1991 3110 sordida
2014 3064 2165 3110 veste
2184 3055 2376 3109 induat

2539 1884 3082 1955 0pmnbrf£vrézst
3124 1886 3224 1939 καί
3272 1886 3312 1954 ἠ
3364 1887 3566 1954 ὁμιλία
3616 1884 3894 1952 ζὴτήσεις
3950 1884 4052 1938 :val

2536 1957 2889 2026 ἀποκρίσεις
2917 1956 3107 2023 τινάς.

2539 2070 2619 2122 A'.
2648 2069 2859 2138 Ὠσπερ
2888 2068 2983 2121 ἐάν
3002 2084 3087 2129 τις
3124 2067 3340 2139 εἰσέλθῃ
3394 2068 3475 2130 τίς
3502 2067 3683 2129 οῐλους
3715 2065 4053 2135 βασιλικοὺς,

2470 2160 2567 2213 καὶ
2604 2160 2691 2231 ἴδῃ
2734 2160 2834 2220 τάς
2864 2162 2981 2213 ἐκεῖ
3032 2160 3277 2229 ἱστορίας
3323 2160 3415 2211 καὶ
3449 2160 3520 2210 τὰ
3568 2157 3763 2228 κάλλη,
3810 2154 4053 2225 ἀλλαχοῦ

2470 2248 2776 2319 Θησαυροὺς
2796 2250 3214 2319 ἀποκειμένους,
3236 2250 3331 2301 καὶ
3352 2247 3587 2317 ἀλλαχοῦ
3611 2246 3765 2311 ἀλλὰ,
3809 2246 3905 2298 καὶ
3922 2247 4056 2298 ἀνα-

2470 2342 2628 2412 κλιθῇ
2666 2342 2800 2411 μετά
2816 2341 2911 2395 τοῦ
2944 2342 3233 2411 βασιλέως,
3262 2342 3357 2395 καὶ
3407 2340 3689 2410 παρατεθῇ
3732 2338 3887 2409 αὐτῷ
3936 2338 4055 2391 ἐδέ-

2474 2452 2657 2504 σματα
2710 2435 2802 2488 καὶ
2835 2435 3059 2503 πόματα
3091 2435 3355 2505 ἡδύτατα,
3389 2435 3485 2486 καὶ
3522 2433 3745 2500 ἀναπαῇ
3777 2429 4054 2490 παντοίως

2471 2531 2551 2591 είς
2578 2529 2679 2591 τάς
2704 2528 2937 2598 Θεωρίας
2960 2529 3055 2581 καὶ
3082 2526 3151 2580 τὰ
3175 2526 3347 2595 κάλλη
3368 2542 3383 2557 ⁸
3416 2526 3555 2595 μετὰ
3601 2524 3776 2577 ταῦτα
3805 2522 3863 2576 δὲ
3911 2523 4053 2575 ἀποο

2475 2618 2693 2689 σπασθῇ
2752 2620 2981 2682 ἐκεῖθεν,
3028 2619 3125 2671 καὶ
3171 2617 3369 2687 εὑρεθῇ
3417 2617 3498 2678 είς
3539 2615 3797 2676 δυσώδεις
3849 2612 4055 2674 τόπους

2473 2709 2775 2779 ἀπαχθείς·
2808 2708 2842 2778 ἢ
2886 2708 3073 2779 ὥσπερ
3130 2710 3225 2760 ἐάν
3271 2724 3356 2769 τις
3407 2706 3714 2777 ὡραιοτέρα
3760 2704 3923 2775 κόρη,
3959 2704 4056 2754 καὶ

2477 2800 2782 2871 σοφωτέρα,
2837 2800 2931 2852 καὶ
2960 2799 3336 2869 πλουσιωτέρα
3367 2797 3507 2867 ὑπὲρ
3563 2798 3765 2861 πάσας,
3822 2795 3965 2866 λάϐῃ
3994 2794 4055 2846 δὲ

2475 2894 2644 2964 ἀνδρα
2676 2894 2952 2963 πενιχρὸν,
2976 2892 3254 2955 ταπεινὸν,
3281 2891 3377 2943 καὶ
3412 2890 3649 2959 δυσειδῆ,
3703 2888 4055 2958 ἐνδεδυμένον

2478 2985 2719 3058 ρακώδη,
2753 2985 2846 3038 καὶ
2880 2983 3124 3054 ἀποδύσῃ
3174 2982 3335 3036 αὐτὸν
3364 2981 3433 3033 τὰ
3489 2982 3709 3053 ῥυπαρά
3752 2980 4054 3049 ἐνδύματα,

2477 3079 2570 3131 καὶ
2602 3076 2796 3148 ἐνδύσῃ
2820 3074 3102 3146 βασιλικὴν
3127 3074 3349 3143 ἐσθῆτα,
3370 3073 3465 3125 καὶ
3500 3072 3662 3142 ἐπιθῇ
3688 3073 3838 3142 αὑτῷ
3866 3074 4055 3143 διὰδη·

795 3157 950 3202 veste
1002 3148 1171 3217 regia,
1212 3162 1275 3201 ac
1338 3147 1589 3217 imposita
1631 3162 1834 3202 corona
1888 3146 1983 3201 fiat
2015 3147 2066 3201 ei
2112 3147 2313 3216 conjux
2355 3142 2443 3200 τις

2400 3142 2443 3200 C
2480 3188 2575 3241 μα,
2612 3170 2707 3223 καὶ¹
2731 3142 2953 3237 γένηται
2987 3142 3135 3237 αὐτῷ
3182 3142 3495 3232 κοινωνικὴ·
3526 3165 3713 3217 λοιπὴν
3760 3164 3991 3235 ἄρχεται
4012 3142 4054 3216 Ϋδ

802 3238 1020 3293 tandem
1056 3252 1266 3308 pauper
1295 3237 1384 3291 ille
1431 3238 1626 3305 incipit
1665 3236 1931 3291 attonitus
1976 3236 2131 3291 reddi
2180 3252 2243 3290 ae
2292 3236 2375 3290 di-

800 3345 957 3385 cere:
993 3329 1194 3382 Llihine
1226 3328 1431 3385 misero
1467 3330 1721 3397 pauperi,
1771 3329 1867 3383 vili
1920 3336 1978 3382 et
2012 3329 2225 3397 abjecto
2276 3326 2374 3380 lio-

800 3422 936 3475 mini
970 3421 1095 3473 data
1124 3427 1207 3474 est
1242 3420 1359 3473 haec
1406 3416 1673 3473 consors?
1698 3420 1774 3474 ita
1807 3434 2027 3487 quoque
2077 3419 2223 3471 Deus
2267 3418 2372 3470 mi-

802 3526 926 3564 sero
954 3518 1117 3578 atque
1143 3509 1357 3578 abiecto
1384 3507 1594 3561 homini
1620 3508 1769 3561 fecit.
1798 3506 2029 3561 Gustum
2060 3507 2108 3561 ei
2140 3505 2374 3575 praebuit

801 3601 1031 3654 alterius
1059 3600 1264 3662 saeculi,
1302 3599 1552 3667 aliusque
1590 3599 1699 3652 cibi
1736 3598 2084 3651 suavissimi:
2132 3597 2375 3651 ostendit

800 3693 877 3746 illi
913 3691 1139 3761 gloriam
1164 3698 1220 3744 et
1252 3690 1475 3744 delicias
1507 3691 1702 3758 regias,
1730 3690 2057 3753 ineffabiles,
2094 3690 2367 3744 caelestes.

802 3784 870 3837 Et
920 3783 1139 3836 tandem
1191 3782 1305 3845 ille,
1351 3783 1481 3835 dum
1514 3782 1727 3836 confert
1768 3782 1858 3834 ille
1893 3778 2206 3850 spiritualia
2248 3796 2371 3835 cum

803 3874 893 3937 iis,
916 3891 1037 3943 quae
1061 3884 1189 3928 sunt
1208 3875 1375 3945 hujus
1398 3875 1606 3937 saeculi,
1630 3874 1815 3926 omnia
1847 3873 1964 3927 haec
2004 3874 2215 3944 rejicit;
2257 3875 2373 3927 sive

800 3982 983 4037 regem
1051 3965 1312 4035 aspiciat,
1376 3964 1490 4019 sive
1547 3974 1836 4033 potentes.
1886 3966 2002 4019 sive
2057 3966 2369 4033 sapientes,

799 4059 1119 4111 thesaurum
1153 4058 1430 4111 cmlestcm
1453 4057 1713 4110 intuetur.
1745 4055 2026 4124 Siquidem
2056 4057 2203 4111 enim
2230 4057 2374 4112 Deus

800 4150 1042 4203 Charitas
1099 4158 1205 4212 est,
1256 4147 1456 4217 accipit
1498 4149 1781 4201 ccelestem
1816 4162 1877 4200 ac
1910 4148 2157 4203 divinum
2188 4150 2369 4219 ignem

799 4242 1027 4304 Christi,
1056 4248 1111 4294 et
1139 4242 1243 4294 hoc
1277 4240 1500 4305 fruitur,
1537 4256 1603 4295 ac
1630 4242 1817 4296 laetitia
1856 4242 2113 4309 allicitur,
2163 4252 2221 4297 et
2261 4243 2372 4298 illic

800 4334 1087 4388 devinctus
1114 4334 1302 4386 haeret.

2475 3262 2691 3332 πτωχὸς
2712 3263 2918 3322 ἐκεῖνος
2944 3260 3226 3313 πτοεῖσθαι
3247 3263 3343 3313 καὶ
3367 3260 3567 3327 λέγειν’
3590 3256 3744 3327 Ἐμοὶ
3767 3256 3842 3325 τῷ
3860 3257 4053 3309 ταλαι-

2474 3353 2664 3423 πώρῳ,
2699 3352 2793 3405 καὶ
2813 3351 3035 3421 πτωχῷ,
3068 3354 3160 3404 καὶ
3188 3352 3415 3422 μετρίῳ,
3438 3353 3533 3402 καὶ
3561 3349 3802 3417 ταπεινῷ
3824 3349 4051 3418 τοιαύτη

2474 3442 2763 3513 κοινωνικὴ
2792 3442 2979 3513 ἐδόθη;
3006 3442 3148 3496 οὓτω
3173 3444 3268 3495 καὶ
3290 3445 3317 3495 ὁ
3334 3443 3465 3506 Θεὸς
3490 3443 3568 3513 τῷ
3600 3442 3933 3512 ταλαιπώρῳ
3958 3443 4055 3495 καὶ

2473 3533 2711 3603 ταπεινῷ
2739 3531 3012 3604 ἀνθρώπῳ
3048 3533 3324 3603 ἐποίησεν.
3354 3534 3619 3601 Ἐγευσεν
3672 3532 3835 3585 αὐτὸν
3889 3530 4055 3583 ἄλλου

2474 3627 2687 3694 αἰῶνος,
2722 3628 2889 3697 ἀλλης
2918 3628 3127 3699 τροφῆς
3145 3628 3413 3698 ὴδυτάτης
3434 3644 3448 3657 °
3478 3627 3676 3694 ἔδειξεν
3700 3627 3847 3696 αὐτῷ
3870 3626 4054 3690 δόξας,

2474 3718 2567 3769 καὶ
2592 3716 2759 3787 κάλλη
2794 3718 3051 3787 βασιλικά
3092 3720 3329 3791 ἀρῤητα,
3385 3720 3718 3788 ἐπουράνια·
3748 3722 3839 3772 καὶ
3866 3718 4057 3771 λοιπὸν

2476 3809 2783 3878 συγκρίνων
2816 3811 2999 3864 ἐκεῖνα
3052 3812 3122 3865 τὰ
3166 3814 3511 3881 πνευματικὰ
3557 3814 3671 3874 τοῖς
3730 3812 3825 3865 τοῦ
3854 3812 4056 3873 αἰῶνος

2474 3900 2684 3964 τούτου,
2712 3901 2889 3955 πάντα
2940 3902 3257 3967 ἀποϐάλλει,
3286 3904 3394 3955 εἶτε
3430 3903 3655 3972 βασιλέα
3698 3902 3909 3972 βλέπει,
3943 3904 4055 3954 εἴτε

2475 3990 2760 4053 δυνάστας,
2788 3994 2899 4045 εἴτε
2938 3995 3157 4061 σοφοὺς,
3185 3992 3459 4063 Θησαυρὸν
3510 3994 3600 4047 τὸν
3628 3994 3879 4065 οὐράνιον
3918 3996 4057 4047 ἀπο-

2475 4083 2706 4137 ϐλέπων.
2748 4084 2965 4155 Ἐπειδὴ
2989 4087 3098 4154 γὰρ
3138 4087 3165 4137 ὁ
3202 4086 3332 4147 Θεὸς
3366 4086 3557 4155 ἀγάπη
3606 4086 3775 4151 ἐστὶν,
3835 4085 4056 4150 ἐδέξατο

2474 4175 2534 4227 τὺ
2556 4175 2804 4245 οὐράνιον
2834 4176 2929 4227 καὶ
2952 4175 3094 4228 θεῖον
3122 4176 3233 4246 πῦρ
3268 4178 3363 4230 τοῦ
3387 4178 3649 4245 Χριστοῦ,
3678 4180 3771 4232 καὶ
3809 4180 4052 4250 ἀνεπάη,

2474 4266 2566 4318 καὶ
2594 4267 2785 4337 ἐχάρη,
2812 4267 2906 4319 καὶ
2932 4269 3047 4320 ἐκεῖ
3075 4267 3221 4320 ἐστιν
3242 4270 3653 4339 ἁποδεδεμένος.

869 4447 936 4501 ll.
970 4446 1349 4515 Interrogatio.
1392 4445 1578 4499 Utrum
1612 4444 1847 4501 Satanas
1878 4448 2083 4501 sitcum
2104 4447 2231 4514 Deo,
2260 4460 2369 4505 tam
2400 4469 2449 4528 υ
2546 4469 2554 4519 ]

2365 4473 2369 4502 ι
2400 4469 2449 4528 υ
2546 4466 2620 4519 Β’,
2653 4468 2993 4535 Ἐρώτησις.
3024 4471 3091 4522 El
3113 4470 3409 4523 σύνεστιν
3438 4474 3472 4525 ὀ
3499 4472 3771 4538 Σατανᾶς
3792 4473 3871 4538 τῷ
3907 4474 4050 4543 Θεῷ,

796 4539 853 4590 in
883 4552 1025 4599 aere,
1063 4552 1223 4605 quam
1253 4537 1305 4587 in
1332 4536 1644 4589 hominibus.

868 4648 1172 4715 Responsio.
1206 4644 1261 4698 Si
1287 4646 1367 4699 sol
1392 4646 1501 4710 hic,
1533 4648 1626 4717 qui
1665 4656 1750 4701 est
1772 4659 2047 4717 creatura,
2087 4654 2371 4709 illustrans

794 4740 915 4793 loca
958 4755 1114 4793 emno
1159 4740 1339 4807 plena,
1384 4740 1789 4809 necquidquam
1844 4743 2099 4811 laeditur;
2162 4760 2370 4815 quanto

798 4830 971 4899 magis
1005 4829 1287 4892 divinitas,
1322 4830 1367 4883 si
1405 4829 1573 4883 fuerit
1599 4846 1723 4884 cum
1767 4832 1987 4899 Satana,
2042 4853 2142 4890 nec
2182 4839 2367 4905 inqui-

797 4932 985 4985 natur,
1018 4935 1119 4972 nec
1143 4919 1449 4988 polluitur?
1484 4920 1740 4975 Permisit
1768 4933 1949 4977 autem
1979 4926 2122 4980 Deus
2142 4930 2368 4994 malum,

800 5011 866 5065 ad
898 5010 1223 5065 exercitium
1257 5010 1563 5065 hominum.
1592 5012 1793 5066 Verum
1825 5016 2025 5069 malum
2055 5018 2187 5071 illud
2214 5019 2369 5074 obte-

801 5104 1090 5157 nebratum
1123 5111 1178 5154 et
1209 5111 1537 5156 occmcatum
1561 5112 1664 5167 est,
1681 5120 1783 5158 nec
1808 5116 1987 5175 potest
2008 5109 2192 5164 videre
2215 5114 2369 5180 puri-

800 5204 966 5247 tatem
1014 5204 1069 5246 et
1120 5192 1523 5261 simplicitatem
1568 5196 1685 5249 Dei.
1742 5196 1797 5251 Si
1844 5214 1975 5253 vero
2027 5203 2148 5270 quis
2202 5205 2367 5271 dicat,

798 5286 1083 5355 proprium
1115 5285 1293 5339 locum
1336 5282 1536 5337 habere
1585 5286 1861 5351 Satanam,
1910 5294 2193 5360 proprium
2236 5313 2373 5365 quo-

802 5392 919 5445 que
961 5376 1157 5443 Deum,
1207 5379 1687 5447 circumscriptum
1722 5394 1847 5432 eum
1897 5381 2043 5446 facit,
2092 5402 2262 5456 usque
2306 5390 2370 5443 ad

798 5481 923 5522 eum
971 5468 1174 5529 locum,
1220 5470 1311 5521 ubi
1342 5471 1552 5523 habitat
1587 5470 1853 5539 Nequam.
1915 5474 2203 5539 Quomodo
2242 5497 2371 5549 ergo

800 5556 1058 5623 dicimus,
1127 5559 1331 5613 bonum
1403 5562 1943 5632 incircumscriptum
1995 5582 2135 5633 esse,
2183 5579 2238 5624 et
2285 5574 2369 5627 in-

872 5743 917 5773 ’⁸
940 5743 1056 5799 Gal.
1089 5762 1163 5814 Iv,
1189 5749 1277 5805 26.

2476 4560 2595 4613 εἴτε
2628 4560 2697 4612 ἐν
2725 4560 2806 4625 τῷ
2836 4561 2984 4629 ἀέρι,
3044 4561 3165 4615 εἴτε
3199 4562 3267 4615 ἐν
3314 4561 3438 4627 τοῖς
3471 4562 3836 4630 ἀνθρώποις

2560 4672 2911 4739 Ἀπόκρισις.
2932 4674 2992 4725 Εἰ
3020 4675 3046 4725 ό
3066 4673 3213 4741 ἥλιος
3244 4669 3399 4737 οὗτος
3426 4676 3631 4745 κτίσμα
3646 4677 3742 4741 ὢν,
3765 4679 4052 4750 καταλάμ-

2477 4780 2594 4814 πων
2658 4763 2736 4823 ei;
2772 4761 2966 4823 τόπους
3010 4761 3365 4832 βορϐορώδεις
3390 4807 3403 4828 ,
3441 4766 3501 4817 οὐ
3550 4765 3866 4834 βλάπτεται,
3900 4770 4051 4839 πόσῳ

2480 4853 2677 4923 μᾶλλον
2726 4853 2786 4904 τὸ
2826 4853 2991 4915 θεῖον,
3025 4852 3180 4905 συνὸν
3232 4854 3310 4921 τῷ
3348 4856 3577 4924 Σατανᾷ,
3607 4856 3728 4909 οὒτε
3761 4859 4047 4927 ρυποῦται,

2474 4944 2595 4995 οὔτε
2622 4943 2891 5012 μιαίνεται
2917 4960 2929 5006 ;
2953 4943 3216 5011 ἐπέτρεψε
3235 4944 3288 4995 δὲ
3310 4942 3445 4997 εἶναι
3469 4947 3527 4997 τὸ
3551 4948 3719 4999 κακὸν
3740 4951 3819 5011 είς
3836 4966 4047 5020 γυμνα-

2474 5029 2591 5080 σίαν
2642 5031 2751 5082 τῶν
2781 5029 3082 5100 ἀνθρώπων
3105 5048 3118 5062 ’
3148 5030 3285 5101 πλὴν
3312 5032 3371 5085 τὸ
3400 5034 3567 5086 κακὸν
3621 5037 3920 5092 ἐσκότωται
3953 5045 4045 5095 καὶ

2470 5119 2830 5185 τετύφλωται,
2868 5122 2962 5171 καὶ
3008 5122 3067 5172 οὐ
3096 5122 3318 5174 δύναται
3352 5125 3479 5177 ἰδεῖν
3547 5126 3607 5177 τὸ
3662 5128 3902 5199 καθαρὸν
3953 5136 4045 5186 καὶ

2470 5204 2664 5255 λεπτὸν
2683 5203 2773 5255 τοῦ
2810 5205 2965 5257 Θεοῦ.
2997 5206 3057 5257 Ει
3110 5209 3165 5260 δὲ
3196 5210 3343 5275 λέγει
3390 5229 3495 5275 τις,
3552 5216 3681 5267 ίδιον
3708 5219 3873 5271 τόπον
3903 5221 4046 5290 ἔχειν

2478 5296 2567 5348 τὸν
2598 5297 2861 5360 Σατανᾶν,
2890 5298 2981 5348 καὶ
3012 5298 3143 5351 ἴδιον
3172 5300 3261 5353 τὸν
3294 5302 3444 5367 Θεὸν,
3474 5309 3617 5358 ποιεῖ
3645 5310 3807 5362 αὐτὸν
3837 5314 3930 5365 καὶ
3952 5334 4046 5367 πε-

2481 5390 2777 5460 ρίγραπτον
2804 5392 2881 5451 είς
2908 5392 3113 5443 ἐκεῖνον
3133 5392 3224 5444 τὸν
3259 5393 3420 5445 τόπον
3453 5396 3577 5449 ἔνθα
3607 5407 3851 5455 κατοικεῖ
3879 5408 3906 5457 ὁ
3938 5408 4044 5459 Ποι-

2476 5485 2655 5553 νηρός.
2685 5484 2806 5545 Πῶς
2830 5483 2884 5535 δὲ
2903 5482 3131 5552 λέγομεν
3159 5485 3217 5536 τὸ
3240 5485 3443 5551 ἀγαθὸν
3456 5490 3866 5563 ἁπερίγραπτον
3878 5494 4041 5563 εἶναι,

2476 5576 2569 5628 καὶ
2618 5574 3021 5644 ἀκατάληπτον,
3061 5576 3152 5630 καὶ
3184 5577 3249 5630 τὰ
3291 5580 3467 5633 πάντα
3490 5583 3545 5636 ἐν
3574 5583 3721 5655 αὐτῷ
3746 5582 3909 5656 εῖναι,
3951 5593 4043 5645 καὶ
