4266 6356
862 330 962 392 527

2102 353 2162 413 8.
2205 356 2522 419 MACARII
2562 363 2884 430 IEGYPTII

4010 388 4112 453 5‘28

931 442 1018 497 Vl.
1048 443 1421 516 Interrogatio.
1477 449 1664 505 Utrum
1694 457 1827 508 videt
1858 461 1972 527 quis
2004 478 2099 531 per
2150 467 2427 521 revelatio-
2460 479 2503 530 Α
2603 482 2616 528 ‹

931 551 974 567 nu
1006 544 1055 567 ΔΙ
1089 535 1261 567 IIl-annu-
1292 540 1522 567 J.’...'_.....
1558 545 1785 567 _..:..__-A-
1818 548 1840 567 ο

2460 479 2503 530 Α
2603 478 2693 542 (Γ.
2716 480 3052 549 Ἐρώτησις.
3085 488 3154 539 Et
3177 488 3398 551 βλέπει
3425 508 3514 558 τις
3563 494 3640 547 δι’
3668 496 4112 567 ἀποκαλύψεως

759 596 763 601 ὓ
857 551 976 587 nem
1005 544 1055 588 et
1086 535 1263 590 lumen
1289 540 1525 594 divinum
1551 545 1789 599 animum
1814 548 1840 600 .9

923 628 1025 696 31
1059 628 1369 699 Responsio.
1417 636 1891 700 Quemadmodum
1914 644 2056 698 oculi
2076 650 2251 702 nostri
2281 652 2427 720 aspi~

850 720 1006 773 ciunt
1034 723 1243 776 solem:
1292 725 1373 778 sic
1436 736 1491 780 et
1560 728 1851 784 illuminati
1898 734 2084 791 vident
2134 739 2425 811 imaginem

849 812 1061 874 animae,
1087 814 1185 869 sed
1216 815 1357 870 hanc
1391 821 1549 887 pauci
1575 821 1763 875 vident
1787 822 2105 882 Christiani.

913 986 1023 1041 VII.
1078 987 1446 1060 Interrogatio.
1509 992 1694 1048 Utrum
1733 997 1886 1051 habet
1930 1001 2107 1055 anima
2152 1003 2423 1071 formam?

915 1094 1215 1164 Responsio.
1267 1099 1443 1154 Habet
1492 1100 1726 1156 formam
1780 1114 1835 1158 et
1867 1105 2158 1177 imaginem
2184 1112 2416 1167 similem

844 1186 1059 1252 angelo.
1092 1184 1247 1239 Sicut
1285 1190 1431 1242 enim
1457 1193 1632 1260 angeli
1663 1192 1867 1248 habent
1896 1197 2185 1267 imaginem
2209 1217 2272 1255 ac
2306 1201 2412 1256 for-

845 1294 1011 1339 mam,
1037 1286 1092 1331 et
1130 1279 1532 1334 sicutextcrior
1557 1282 1722 1336 homo
1756 1284 1920 1340 habet
1954 1288 2280 1358 imaginem:
2333 1293 2415 1346 sic

838 1378 891 1421 ct
925 1370 1155 1423 interior
1181 1372 1347 1425 habet
1374 1373 1606 1427 similem
1630 1377 1822 1446 angelo
1844 1386 1897 1431 et
1926 1378 2174 1434 interiori
2205 1382 2411 1439 homini

837 1460 1147 1529 imaginem.

908 1571 1041 1625 Vlll.
1089 1572 1470 1643 Interrogatio.
1524 1574 1711 1630 Utrum
1761 1577 1911 1631 aliud
1954 1589 2029 1633 est
2066 1598 2234 1649 mens,
2260 1584 2409 1637 aliud

836 1663 1015 1714 anima
1036 1662 1061 1715 Ρ

905 1773 1208 1843 Responsio.
1280 1776 1750 1841 Quemadmodum
1818 1784 2068 1851 corporis
2122 1785 2393 1850 membra,
2428 1810 2469 1863 Β

835 1865 1000 1917 multa
1032 1880 1154 1918 cum
1188 1866 1319 1932 sint,
1347 1884 1489 1921 unus
1519 1869 1682 1923 homo
1708 1863 2002 1927 dicuntur:
2045 1873 2118 1928 ita
2139 1884 2194 1928 et
2222 1890 2397 1929 mem-

836 1955 930 2009 bra
963 1957 1158 2011 anima:
1181 1968 1309 2012 sunt
1332 1961 1523 2023 multa,
1551 1976 1725 2024 mens,
1749 1963 2102 2028 conscientia,
2123 1968 2394 2031 voluntas,

831 2046 1189 2115 cogitationes
1211 2060 1531 2105 accusantes
1551 2059 1607 2105 et
1631 2051 2024 2109 defendentes:
2060 2071 2248 2111 verum
2281 2059 2396 2114 liazc

828 2137 1012 2190 omnia
1045 2137 1102 2192 in
1133 2154 1299 2191 unam
1336 2140 1608 2195 rationem
1628 2143 1877 2198 devincta
1903 2156 2050 2212 sunt,
2066 2157 2122 2201 et
2148 2150 2394 2204 membra

826 2228 1186 2282 nihilominus
1216 2239 1346 2284 sunt
1378 2237 1590 2287 animze.
1644 2234 1813 2290 Unica
1847 2247 2028 2293 autem
2076 2249 2160 2294 est
2189 2242 2391 2307 anima,

826 2320 1058 2374 interior
1085 2321 1271 2376 homo.
1297 2323 1477 2377 Veluti
1514 2336 1695 2384 autem
1727 2331 2030 2386 exteriores
2081 2335 2226 2387 oculi
2262 2352 2394 2404 pro-

824 2409 1065 2477 spiciunt
1090 2414 1306 2468 eminus
1336 2414 1541 2484 spinas,
1572 2426 1627 2471 et
1656 2420 1952 2490 praecipitia
1980 2438 2044 2478 ac
2070 2423 2284 2480 foveas:
2312 2428 2393 2481 sic

820 2508 877 2553 et
914 2517 1089 2566 mens,
1149 2520 1274 2559 cum
1328 2507 1401 2560 sit
1445 2508 1700 2575 alacrior,
1751 2514 2015 2581 przevidet
2067 2516 2392 2574 adversaria:

824 2593 1022 2647 animae
1068 2601 1359 2664 potestatis
1394 2601 1680 2657 machinas
1702 2613 1757 2657 et
1786 2604 2033 2669 insidias,
2067 2617 2122 2660 et
2147 2624 2385 2677 phemu-

819 2683 903 2736 nit
922 2685 1179 2752 animam,
1206 2691 1374 2744 veluti
1400 2693 1593 2746 animae
1617 2696 1812 2749 oeulus
1834 2698 2122 2753 exsistens.
2146 2700 2388 2755 Gloriam

816 2786 949 2844 ergo
999 2777 1298 2836 referamus
1331 2783 1501 2852 Patri,
1550 2798 1606 2843 et
1653 2789 1812 2855 Filio,
1838 2800 1894 2845 et
1917 2789 2145 2859 Spiritui
2175 2802 2384 2857 sancto,

816 2862 872 2917 in
908 2869 1104 2923 saecula
1140 2875 1485 2932 saeculorum.
1518 2881 1712 2935 Amen.

1375 2997 1657 3056 llOMlLIA
1680 3002 1817 3057 Vlll.

815 3076 888 3131 De
921 3080 1015 3160 [iis
1046 3101 1164 3153 qua
1209 3091 1518 3160 contingunt
1555 3092 1867 3147 Christianis
1914 3098 2054 3149 inter
2096 3097 2381 3159 orandum,

878 3159 931 3203 et
980 3153 1042 3245 de
1092 3158 1339 3245 gradibus
1387 3153 1747 3244 perfectionis,
1801 3167 2261 3245 utrumnpidelicet
2289 3153 2380 3245 _ad

878 3224 1163 3291 perfectum
1186 3224 1415 3295 gradum
1439 3224 1709 3302 pervenire
1738 3224 1940 3302 possint
1976 3234 2263 3290 Christiani
2285 3240 2311 3287 τ

879 3408 920 3462 Ι.
965 3409 1021 3465 Si
1053 3412 1362 3483 ingreditur
1400 3420 1669 3490 quispiam
1724 3425 1789 3477 ad
1829 3424 2159 3484 ﬂectendum
2210 3449 2376 3503 genu,

805 3501 1211 3570 quamprimum
1262 3522 1359 3560 cor
1416 3510 1535 3578 ejus
1570 3513 1812 3581 repletur
1838 3516 2021 3571 divina
2065 3501 2291 3589 virtute,
2323 3533 2379 3578 et

804 3587 1041 3643 exsultat
1060 3592 1238 3646 anima
1258 3610 1385 3649 cum
1410 3597 1661 3665 Domino,
1692 3612 1750 3655 ut
1772 3617 1969 3671 sponsa
1994 3622 2117 3661 cum
2148 3624 2370 3678 sponso,

805 3679 1107 3735 secundum
1138 3686 1283 3751 quod
1310 3687 1447 3741 dixit
1484 3689 1647 3745 lsaias
1664 3695 1955 3761 propheta,
1976 3698 2199 3755 dicens:
2226 3704 2375 3766 Quo-

810 3766 963 3820 modo
994 3771 1239 3838 gaudebit
1278 3791 1499 3843 sponsus
1537 3795 1693 3849 super
1732 3798 1999 3850 sponsam,
2029 3790 2103 3841 sic
2130 3791 2376 3858 gaudebit

806 3849 1061 3908 Dominus
1089 3873 1246 3927 super
1276 3871 1325 3914 te
1359 3860 1424 3919 ⁸¹.
1453 3863 1733 3937 Contingit
1762 3849 1965 3937 autem,
1989 3883 2049 3927 ut
2081 3849 2175 3944 qui
2201 3886 2373 3934 totum

804 3938 949 3996 diem
981 3949 1216 4016 negotiis
1271 3952 1554 4010 districtus
1593 3967 1733 4024 erat,
1775 3978 1881 4015 una
1910 3963 2043 4018 hora
2082 3982 2141 4021 se
2178 3985 2371 4038 preca-

801 4025 935 4081 tioni
960 4030 1143 4099 dedat,
1181 4046 1237 4091 et
1271 4039 1501 4097 interior
1526 4042 1693 4098 homo
1718 4046 1785 4099 ad
1819 4053 2122 4107 orationem
2167 4025 2222 4110 et
2247 4058 2373 4111 inti-

799 4119 966 4175 nitam
1003 4127 1431 4192 profunditatem
1490 4139 1676 4192 saeculi
1727 4141 1874 4197 illius
1904 4144 1958 4197 in
1990 4147 2160 4200 multa
2185 4150 2370 4203 suavi-

801 4222 910 4268 tate
940 4215 1266 4287 abripiatur,
1311 4224 1447 4279 adeo
1472 4236 1530 4281 ut
1559 4235 1669 4285 tota
1717 4234 1836 4301 ejus
1885 4251 2040 4291 mens
2082 4254 2368 4309 suspensa,

797 4313 853 4355 et
879 4306 1009 4361 illuc
1029 4310 1253 4381 abrepta
1273 4319 1653 4387 peregrinetur
1678 4339 1692 4386 ;
1725 4333 1888 4393 atque
1916 4336 1975 4379 ut
1997 4327 2091 4382 illo
2120 4306 2367 4399 tempore

2532 568 2629 620 καί
2647 572 2841 637 φωτὸς
2866 577 3068 631 θεϊκοῦ
3085 578 3198 645 τὴν
3221 583 3472 651 ⁴ψύχήν;

2598 660 2966 731 Ἀπόκρισις.
3004 669 3213 741 Ὥσπερ
3244 674 3296 725 οἰ
3339 675 3608 744 ὀφθαλμοὶ
3653 672 3797 732 οὗτοι
3848 679 4110 749 βλέπουσι

2527 748 2617 801 τὸν
2646 752 2817 818 ἥλιον.
2840 755 2983 809 οὕτω
3009 760 3104 811 καὶ
3134 764 3183 812 οἰ
3224 765 3589 829 φωτισθέντες
3617 748 3873 837 βλέπουσι
3902 772 4007 840 τὴν
4035 773 4109 823 εἰ-

2526 843 2659 897 κόνα
2684 845 2781 915 τῆς
2808 846 3007 918 ψυχῆς,
3044 851 3181 905 ἀλλὰ
3212 854 3414 926 ταύτην
3449 858 3619 925 ὀλίγοι
3650 860 3816 931 ὁρῶσι
3841 862 4109 930 Χριστια-

2525 933 2622 987 νοί.

2593 1027 2668 1081 Ζ¹.
2710 1029 3053 1098 Ἐρώτησις.
3085 1036 3154 1088 Εἰ
3178 1035 3302 1103 ἔχει
3326 1039 3569 1109 μορφὴν
3598 1042 3636 1106 ἡ
3670 1044 3882 1111 ψυχήῖ

2605 1139 2968 1207 Ἀπόκρισις.
2999 1144 3153 1213 Ἔχει
3184 1147 3368 1201 εἰκόνα
3411 1150 3506 1202 καὶ
3548 1152 3763 1223 μορφὴν
3803 1154 4102 1223 όμοιάζου-

2521 1245 2620 1281 σαν
2654 1230 2732 1300 τῷ
2759 1232 2996 1303 ἀγγέλῳ.
3025 1234 3236 1305 ’Ὠσπερ
3284 1238 3393 1308 γὰρ
3417 1241 3465 1291 οἰ
3499 1240 3720 1308 ἄγγελοι
3766 1244 3987 1313 ἔχουσιν
4021 1248 4100 1298 εἰ-

2520 1324 2650 1375 κόνα
2686 1327 2777 1377 καὶ
2820 1330 3057 1397 μορφὴν,
3095 1331 3188 1383 καὶ
3219 1331 3407 1403 ὥσπερ
3436 1337 3463 1386 ὁ
3489 1336 3607 1398 -ἔξω
3638 1338 3925 1409 ἄνθρωπος
3980 1342 4097 1410 ἔχει

2516 1415 2720 1480 εἰκόνα,
2748 1416 2890 1469 οὕτω
2918 1420 3012 1471 καὶ
3032 1420 3060 1469 ό
3090 1420 3198 1473 ἔσω
3227 1422 3410 1475 εἰκόνα
3437 1426 3550 1494 ἔχει
3568 1429 3853 1501 ὁμοίαντῷ
3870 1433 4096 1503 ἀγγέλῳ

2512 1506 2607 1559 καὶ
2638 1508 2715 1577 τῷ
2744 1509 2848 1574 ἔξω
2874 1511 3145 1584 ἀνθρώπῳ
3172 1520 3411 1589 μορφήν.

2582 1614 2665 1666 H’.
2703 1616 3046 1686 Ἐρώτησις.
3106 1623 3177 1674 Εἰ
3213 1624 3371 1677 ἄλλο
3426 1626 3601 1680 ἐστίν
3648 1631 3683 1680 ὁ
3748 1629 3917 1697 νοῦς,
3986 1631 4090 1685 και

2510 1705 2663 1761 ἄλλο
2688 1709 2727 1769 1i
2755 1710 2961 1777 ψυχῆς

2584 1818 2950 1888 Ἀπόκρισις.
2990 1824 3200 1897 Ὠσπερ
3229 1827 3296 1880 τὰ
3321 1828 3456 1898 μέλη
3485 1829 3578 1883 τοῦ
3629 1830 3881 1901 σώματος
3909 1832 4085 1886 πολλὰ

2500 1907 2627 1961 ὄντα
2673 1904 2754 1973 εἷς
2800 1911 3084 1984 ἄνθρωπος
3136 1918 3375 1985 λέγεται,
3413 1920 3557 1974 οὕτω
3586 1922 3679 1975 καὶ
3736 1922 3869 1991 μέλη
3899 1922 4083 1993 ψυχῆς

2499 2001 2604 2051 εἰσι
2635 2001 2825 2067 πολλὰ,
2854 2004 2997 2067 νοῦς,
3025 2009 3345 2076 συνείδησις,
3372 2010 3603 2081 θέλημα,
3637 2012 3890 2082 λογισμοὶ
3935 2032 4080 2066 κατ-

2497 2092 2823 2161 ηγοροῦντες
2858 2097 2951 2147 καὶ
3012 2098 3459 2167 ἀπολογούμενοι,
3495 2102 3632 2153 ἀλλὰ
3664 2101 3837 2155 ταῦτα
3894 2104 4079 2157 πάντα

2497 2182 2577 2243 εἰς
2609 2183 2704 2236 ἕνα
2733 2185 2991 2255 λογισμόν
3034 2190 3171 2241 εἰσιν
3218 2190 3611 2261 ἀποδεδεμένα,
3647 2195 3739 2245 καὶ
3776 2194 3913 2262 μέλη
3953 2196 4074 2247 ἐστὶ

2495 2272 2665 2343 ψυχὴ,
2694 2276 2721 2327 ό
2754 2276 2862 2329 ἔσω
2899 2277 3204 2349 ἄνθρωπος.
3238 2281 3451 2352 Ὠσπερ
3484 2284 3540 2336 δὲ
3566 2285 3613 2337 οἰ
3645 2284 3842 2348 ἔξωθεν
3869 2285 4076 2354 ὀφθαλ-

2500 2366 2591 2433 μοὶ
2626 2365 2991 2435 προδλέπουσι
3046 2371 3322 2440 μακρόθεν
3359 2374 3455 2436 τὰς
3504 2375 3763 2436 ἀκάνθας,
3816 2378 3912 2429 καὶ
3944 2378 4073 2439 τοὺς

2497 2460 2797 2526 κρημνοὺς.
2832 2463 2929 2514 καὶ
2960 2463 3085 2525 τοὺς
3138 2464 3393 2533 βόθρους·
3422 2466 3567 2519 οὕτω
3603 2469 3695 2519 καὶ
3728 2470 3753 2519 6
3780 2468 3906 2530 νοῦς
3934 2486 4070 2537 προ-

2495 2548 2702 2613 ϐλὲπει,
2737 2551 3007 2621 γρήγορος
3059 2553 3156 2618 ὢν,
3205 2555 3305 2623 τῆς
3351 2557 3733 2629 ἀντικειμένης
3784 2559 4073 2627 δυνάμεως

2490 2637 2589 2700 τὰς
2632 2638 2846 2708 τέχνας,
2880 2644 2975 2695 καὶ
3007 2644 3104 2706 τὰς
3142 2647 3458 2711 ἐπισκευὰς,
3513 2649 3608 2701 καὶ
3653 2651 4069 2721 προασφαλίζε-

2489 2744 2580 2780 ται
2612 2728 2710 2797 τὴν
2749 2728 2949 2800 ψυχὴν,
2980 2733 3055 2795 ὼς
3085 2735 3363 2805 ὀφθαλμὸς
3409 2736 3487 2789 ὢν
3527 2742 3626 2809 τῆς
3665 2740 3863 2809 ψυχῆς.
3898 2742 4069 2805 Δόξαν

2489 2817 2583 2871 οὖν
2617 2820 3034 2893 ἀναπέμψωμεν
3070 2826 3266 2895 Πατρὶ,
3302 2829 3395 2880 καὶ
3425 2829 3558 2899 Υἰῷ,
3590 2833 3683 2883 καὶ
3718 2832 3857 2901 ἁγίῳ
3896 2833 4068 2885 llsz-

2492 2924 2645 2976 ματι,
2685 2910 2765 2973 εἰς
2797 2912 2924 2975 τοὺς
2962 2913 3167 2979 αἰῶνας
3194 2917 3300 2970 τῶν
3330 2920 3561 2975 αἰώνων.
3603 2921 3795 2994 Ἀμήν.

3088 3032 3331 3087 ΟΜΙΛΙᾹ
3372 3035 3452 3091 Η’.

2412 3132 2455 3189 c
2489 3114 2774 3200 Hsplfdrr
2807 3121 3262 3200 συμϐαιηόῂτων
3278 3127 3398 3200 τοῖς
3430 3130 3803 3200 Χριστιανοῖς
3835 3134 4061 3200 μεταξὺ

2560 3189 2664 3271 tm?
2695 3189 2879 3271 81:)de
2916 3192 3229 3271 ποιεῖσθρι,
3263 3196 3359 3271 καί
3379 3189 3511 3265 nisi);
3535 3199 3659 3271 τῶν
3686 3189 3920 3270 ,ιιέτρέιηρ
3950 3189 4063 3271 τῆς

2556 3256 3212 3339 τελειότητοςηδηίιιδὴ
3266 3269 3316 3317 εἰ
3366 3256 3469 3332 εἰς’
3486 3269 3551 3321 τὸ
3586 3256 3809 3339 μέίρονῖ
3848 3274 3916 3326 τὸ

2552 3326 2722 3376 λειον
2757 3326 3046 3395 ἔρχεσθαι
3071 3326 3359 3388 δύνανται
3383 3326 3443 3390 οἷ
3470 3326 3833 3405 Χριστιανοι.

2557 3437 2635 3492 Α’.
2674 3440 2996 3513 Εἰσέρχεταί
3021 3462 3106 3508 τις
3136 3448 3313 3501 κλῖναι
3353 3451 3502 3518 γόνυ,
3536 3454 3627 3505 καὶ
3653 3455 3687 3523 ἡ
3725 3456 3920 3526 καρδία
3958 3456 4063 3511 αὐ-

2482 3525 2578 3577 τοῦ
2607 3526 2909 3599 πληροῦται
2939 3534 3036 3602 τῆς
3061 3535 3210 3598 θείας
3241 3538 3542 3608 ἐνεργείας,
3576 3546 3670 3595 καὶ
3704 3525 4060 3614 εὐφραίνεται

2483 3617 2515 3685 ἡ
2545 3615 2691 3687 ψυχὴ
2736 3621 2874 3688 μετὰ
2903 3621 2996 3675 τοῦ
3027 3626 3256 3695 Κυρίου,
3290 3628 3364 3691 ὠς
3391 3632 3647 3699 νυμφίου,
3684 3636 3825 3687 κατὰ
3848 3637 3943 3689 τὸν
3971 3637 4061 3691 λό-

2480 3722 2575 3772 γον
2616 3708 2835 3763 Ἡσαΐου
2886 3713 2980 3764 τοῦ
3049 3718 3331 3785 προφήτου
3363 3722 3612 3788 λέγοντος
3644 3740 3658 3755 ο
3702 3728 3809 3779 Ὀν
3830 3730 4061 3794 τρόπον

2491 3799 2868 3865 εὐφραίνεται
2898 3808 3155 3873 νυμφίος
3186 3808 3280 3860 ἐπί
3308 3811 3532 3880 νύμφῃ,
3567 3815 3755 3882 οὕτως
3797 3820 4060 3888 εὐφραν-

2480 3887 2728 3955 θήσεται
2760 3893 2973 3960 Κύριος
3006 3896 3108 3949 ἐπί
3142 3913 3280 3952 σοι·
3314 3904 3405 3954 καὶ
3440 3904 3747 3974 συμϐαίνει,
3778 3887 4057 3980 ὄτιίὰσχο-

2478 3977 2739 4047 λούμενος
2786 3985 2962 4038 πᾶσαν
3009 3987 3243 4056 ἡμέραν,
3270 3984 3422 4054 οὗτος
3470 3997 3525 4046 ὲν
3560 3998 3658 4066 μιᾷ
3687 3998 3806 4069 ὥρᾳ
3833 3977 4053 4055 δίδωσιν

2476 4069 2668 4122 ἑαυτὸν
2709 4073 2788 4135 είς
2835 4076 3021 4145 εὐχὴν,
3055 4080 3149 4131 καὶ
3192 4082 3497 4151 ἁρπάζεται
3536 4089 3615 4150 εἰς
3674 4090 3986 4163 προσευχὴν
4025 4096 4055 4146 ό

2479 4157 2587 4209 Ετω
2621 4160 2927 4229 ἄνθρωπος,
2960 4167 3038 4229 εἰς
3076 4166 3304 4239 ἄπειρον
3339 4172 3499 4240 βάθος
3534 4157 3743 4229 ἐκείνου
3788 4157 4052 4233 τοῦ-αἰῶ-

2475 4265 2584 4312 νος,
2615 4250 2672 4301 ὲν
2706 4252 2931 4321 ήδὺτητι
2979 4257 3167 4328 πολλῇ,
3200 4259 3338 4313 ὥστε
3366 4261 3631 4327 ξενίζεθαι
3661 4268 3751 4320 τὸν
3776 4268 3899 4321 νοῦν
3928 4272 4051 4325 ὅλον

2474 4336 2603 4390 ὅντα
2656 4342 2948 4414 μετέωρον,
2990 4348 3082 4399 καὶ
3124 4351 3478 4419 ἡρπασμένον
3525 4357 3679 4408 ἐκεῖ·
3734 4358 3873 4411 ὥστε
3925 4363 4048 4413 κατ’

796 4393 1072 4452 oblivione
1152 4404 1487 4471 sepeliantur
1571 4411 1932 4480 cogitationes
2023 4426 2363 4475 terrenarum
2394 4452 2447 4510 D
2475 4430 2481 4477 ἠ

796 4497 1052 4521 l‘lll'gl'llm
1077 4507 1089 4517 -
1124 4506 1405 4521 n-nnon_--
1438 4500 1577 4521 _---J
1605 4503 1813 4521 _-_I_._,
1854 4507 1888 4521 ,o
1937 4514 1948 4521 .
2089 4508 2121 4521 ot
2189 4509 2200 4520 ι

2359 4442 2363 4475 |
2394 4452 2447 4510 D
2475 4393 2796 4483 ἐκεῖνοντὸν
2837 4393 3029 4503 ἒιαιρὸν
3066 4393 3236 4506 uti};
3270 4393 3588 4508 syrysvéceat
3622 4450 3732 4510 τοῖς
3762 4448 4044 4521 λογισμοῖς

795 4497 1053 4540 curarum
1077 4507 1089 4542 :
1123 4506 1410 4562 prOpterea
1434 4500 1580 4567 quod
1605 4503 1824 4570 repletae
1845 4507 1955 4559 sint
1983 4508 2362 4577 cogitationes,

794 4581 848 4624 et
871 4577 1155 4643 captivatre
1185 4581 1253 4635 ad
1286 4584 1519 4652 divinas,
1542 4589 1609 4643 ad
1638 4592 1911 4659 caalestes,
1940 4597 2006 4650 ad
2039 4597 2280 4654 inﬁnitas
2308 4612 2363 4656 et

795 4663 1380 4760 incomprehensibiles
1435 4696 1546 4749 res,
1606 4683 1675 4738 ad
1736 4686 2011 4743 mirabilia
2071 4692 2357 4760 quaedam,

794 4766 915 4817 qnze
944 4753 1184 4812 humano
1202 4776 1297 4816 ore
1320 4767 1577 4834 explicari
1608 4785 1912 4841 nequeunt,
1929 4784 1989 4830 ut
2009 4779 2198 4834 eadem
2223 4781 2357 4836 hora

795 4850 945 4906 optet
973 4854 1028 4898 et
1062 4847 1231 4913 dicat,
1254 4852 1472 4909 Utinam
1506 4859 1667 4915 simul
1696 4865 2013 4934 egrediatur
2028 4871 2209 4925 anima
2237 4888 2360 4928 cum

792 4936 1110 5000 precatione
1133 4942 1145 4992 ἰ

861 5131 924 5183 ll.
966 5133 1341 5209 Interrogatio.
1388 5145 1573 5202 Utrum
1626 5169 1829 5225 semper
1872 5170 2111 5225 penetrat
2153 5168 2265 5234 quis
2299 5185 2351 5219 ιη

787 5223 1088 5290 Imjusmodi
1120 5248 1200 5285 res
1226 5233 1252 5285 ?

850 5664 893 5696 "
960 5670 1059 5725 lsa.
1090 5691 1212 5733 ιλιι.
1242 5678 1291 5732 5.

2471 4517 2565 4569 τοῦ
2608 4524 2955 4591 φρονήματος
3000 4528 3095 4580 τοῦ
3146 4533 3411 4599 ἐπιγείου,
3459 4535 3547 4589 διὰ
3593 4539 3654 4591 τὸ
3698 4517 4045 4612 μεστωθῆναι

2468 4611 2599 4673 τοὺς
2633 4611 2945 4683 λογισμοὺς,
2998 4620 3091 4671 καὶ
3140 4622 3640 4697 αἰχμαλωτισθῆναι
3690 4631 3769 4693 εἰς
3820 4632 3888 4685 τὰ
3922 4633 4047 4687 θεῖα

2465 4882 2771 4950 φρασθῆναι
2823 4886 3080 4951 ἀδύνατα,
3114 4892 3258 4947 ὥστε
3287 4898 3343 4948 ὲν
3378 4899 3559 4969 ἐκείνῃ
3611 4904 3676 4970 τῇ
3716 4901 3836 4974 ὥρᾳ
3884 4904 4041 4976 εὔχε-

2464 4968 2586 5021 σθαι
2621 4974 2713 5025 καὶ
2743 4973 2943 5046 λέγειν,
2966 4979 3053 5043 Ὠς
3091 4982 3202 5035 εἴθε
3244 4968 3583 5057 συναπῆ).θεν
3842 4968 4036 5066 σὺνΠξῇ

2459 5061 2612 5130 εὐχῇ.

2527 5171 2599 5223 B'.
2654 5173 2985 5244 Ἐρώτησις.
3028 5184 3095 5235 Εἰ
3134 5177 3392 5242 πάντοτε
3440 5192 3774 5261 εἰσέρχεταί
3820 5212 3912 5262 τις
3944 5198 4031 5263 εἰς

2453 5264 2654 5318 ἐκεῖνα
2682 5267 2753 5321 τὰ
2783 5270 3097 5346 πράγματα
3126 5292 3146 5339 ,'
