  <div class='ocr_page' id='page_1' title='image "/cluster/home/n/w/nwhite01/storage/ocr_20150623/34/nnc1.0046978860/274.png"; bbox 0 0 4266 6356; ppageno 0'>
   <div class='ocr_carea' id='block_1_1' title="bbox 224 299 327 363">
    <p class='ocr_par' dir='ltr' id='par_1_1' title="bbox 224 299 327 363">
     <span class='ocr_line' id='line_1_1' title="bbox 224 299 327 363; baseline 0 0"><span class='ocrx_word' id='word_1_1' title='bbox 224 299 327 363; x_wconf 73' lang='lat'><strong>529</strong></span> 
     </span>
    </p>
   </div>
   <div class='ocr_carea' id='block_1_2' title="bbox 1426 300 1889 363">
    <p class='ocr_par' dir='ltr' id='par_1_2' title="bbox 1426 300 1889 363">
     <span class='ocr_line' id='line_1_2' title="bbox 1426 300 1889 363; baseline 0.006 -2"><span class='ocrx_word' id='word_1_2' title='bbox 1426 300 1794 363; x_wconf 76' lang='lat' dir='ltr'><strong>HOMILLE.</strong></span> <span class='ocrx_word' id='word_1_3' title='bbox 1818 326 1889 339; x_wconf 91' lang='lat'><strong>—</strong></span> 
     </span>
    </p>
   </div>
   <div class='ocr_carea' id='block_1_3' title="bbox 1911 296 3488 363">
    <p class='ocr_par' dir='ltr' id='par_1_3' title="bbox 1911 296 3488 363">
     <span class='ocr_line' id='line_1_3' title="bbox 1911 296 3488 363; baseline 0 -1"><span class='ocrx_word' id='word_1_4' title='bbox 1911 302 2097 363; x_wconf 85' lang='lat' dir='ltr'><strong>HOM.</strong></span> <span class='ocrx_word' id='word_1_5' title='bbox 2132 300 2297 362; x_wconf 84' lang='lat' dir='ltr'>VIII.</span> <span class='ocrx_word' id='word_1_6' title='bbox 3385 296 3488 362; x_wconf 83' lang='lat'><strong>530</strong></span> 
     </span>
    </p>
   </div>
   <div class='ocr_carea' id='block_1_4' title="bbox 225 407 1910 482">
    <p class='ocr_par' dir='ltr' id='par_1_4' title="bbox 225 408 1886 482">
     <span class='ocr_line' id='line_1_4' title="bbox 225 408 1886 482; baseline 0.002 -18"><span class='ocrx_word' id='word_1_7' title='bbox 225 412 302 475; x_wconf 80' lang='grc' dir='ltr'><strong>ὡς</strong></span> <span class='ocrx_word' id='word_1_8' title='bbox 343 411 440 481; x_wconf 89' lang='grc' dir='ltr'><strong>μία</strong></span> <span class='ocrx_word' id='word_1_9' title='bbox 475 408 671 464; x_wconf 81' lang='grc' dir='ltr'><strong>οὐσία·</strong></span> <span class='ocrx_word' id='word_1_10' title='bbox 716 408 1074 482; x_wconf 78' lang='grc' dir='ltr'><strong>πολυτρόπως</strong></span> <span class='ocrx_word' id='word_1_11' title='bbox 1125 409 1205 475; x_wconf 69' lang='grc' dir='ltr'><strong>δὲ,</strong></span> <span class='ocrx_word' id='word_1_12' title='bbox 1250 408 1329 475; x_wconf 83' lang='grc' dir='ltr'><strong>ὡς</strong></span> <span class='ocrx_word' id='word_1_13' title='bbox 1377 409 1520 466; x_wconf 85' lang='grc' dir='ltr'><strong>θέλει</strong></span> <span class='ocrx_word' id='word_1_14' title='bbox 1567 413 1705 482; x_wconf 75' lang='grc' dir='ltr'><strong>πρὸς</strong></span> <span class='ocrx_word' id='word_1_15' title='bbox 1752 412 1814 467; x_wconf 90' lang='grc' dir='ltr'><strong>τὸ</strong></span> <span class='ocrx_word' id='word_1_16' title='bbox 1840 422 1886 478; x_wconf 74' lang='grc' dir='ltr'><strong>Α</strong></span> 
     </span>
    </p>
   </div>
   <div class='ocr_carea' id='block_1_5' title="bbox 1800 407 3485 482">
    <p class='ocr_par' dir='ltr' id='par_1_5' title="bbox 1800 407 3485 478">
     <span class='ocr_line' id='line_1_5' title="bbox 1800 407 3485 478; baseline -0.002 -11"><span class='ocrx_word' id='word_1_17' title='bbox 1800 422 1814 467; x_wconf 81' lang='lat'><strong><em>&gt;</em></strong></span> <span class='ocrx_word' id='word_1_18' title='bbox 1840 422 1886 478; x_wconf 73' lang='grc' dir='ltr'><strong>Α</strong></span> <span class='ocrx_word' id='word_1_19' title='bbox 1912 412 2122 469; x_wconf 87' lang='lat' dir='ltr'><strong>homini</strong></span> <span class='ocrx_word' id='word_1_20' title='bbox 2153 413 2304 469; x_wconf 80' lang='lat' dir='ltr'><strong>velut</strong></span> <span class='ocrx_word' id='word_1_21' title='bbox 2333 426 2442 466; x_wconf 89' lang='lat' dir='ltr'><strong>una</strong></span> <span class='ocrx_word' id='word_1_22' title='bbox 2470 408 2775 466; x_wconf 73' lang='lat' dir='ltr'><strong>substantia</strong></span> <span class='ocrx_word' id='word_1_23' title='bbox 2800 424 2816 464; x_wconf 89' lang='lat'><strong>:</strong></span> <span class='ocrx_word' id='word_1_24' title='bbox 2845 407 3017 465; x_wconf 84' lang='lat' dir='ltr'><strong>variis</strong></span> <span class='ocrx_word' id='word_1_25' title='bbox 3040 422 3177 465; x_wconf 79' lang='lat' dir='ltr'><strong>vero</strong></span> <span class='ocrx_word' id='word_1_26' title='bbox 3209 408 3388 464; x_wconf 86' lang='lat' dir='ltr'><strong>modis</strong></span> <span class='ocrx_word' id='word_1_27' title='bbox 3414 409 3485 464; x_wconf 74' lang='lat' dir='ltr'><strong>at!</strong></span> 
     </span>
    </p>
   </div>
   <div class='ocr_carea' id='block_1_6' title="bbox 226 501 1798 574">
    <p class='ocr_par' dir='ltr' id='par_1_6' title="bbox 226 501 1798 574">
     <span class='ocr_line' id='line_1_6' title="bbox 226 501 1798 574; baseline 0.002 -19"><span class='ocrx_word' id='word_1_28' title='bbox 226 503 526 573; x_wconf 73' lang='grc' dir='ltr'><strong>συμφέρον,</strong></span> <span class='ocrx_word' id='word_1_29' title='bbox 560 503 836 573; x_wconf 85' lang='grc' dir='ltr'><strong>οἰκονομεῖ</strong></span> <span class='ocrx_word' id='word_1_30' title='bbox 872 502 967 556; x_wconf 89' lang='grc' dir='ltr'><strong>τὸν</strong></span> <span class='ocrx_word' id='word_1_31' title='bbox 997 501 1305 572; x_wconf 74' lang='grc' dir='ltr'><strong>ἄνθρωπον,</strong></span> <span class='ocrx_word' id='word_1_32' title='bbox 1334 502 1467 557; x_wconf 69' lang='grc' dir='ltr'><strong>ποτέ</strong></span> <span class='ocrx_word' id='word_1_33' title='bbox 1498 504 1600 574; x_wconf 67' lang='grc' dir='ltr'><strong>μὶν</strong></span> <span class='ocrx_word' id='word_1_34' title='bbox 1635 504 1798 558; x_wconf 82' lang='grc' dir='ltr'>πλέον</span> 
     </span>
    </p>
   </div>
   <div class='ocr_carea' id='block_1_7' title="bbox 224 592 1801 665">
    <p class='ocr_par' dir='ltr' id='par_1_7' title="bbox 224 592 1801 665">
     <span class='ocr_line' id='line_1_7' title="bbox 224 592 1801 665; baseline 0.001 -19"><span class='ocrx_word' id='word_1_35' title='bbox 224 595 509 647; x_wconf 77' lang='grc' dir='ltr'><strong>έκκαίεται</strong></span> <span class='ocrx_word' id='word_1_36' title='bbox 555 596 651 648; x_wconf 77' lang='grc' dir='ltr'><strong>καὶ</strong></span> <span class='ocrx_word' id='word_1_37' title='bbox 698 593 931 648; x_wconf 80' lang='grc' dir='ltr'><strong>ἀπτεται</strong></span> <span class='ocrx_word' id='word_1_38' title='bbox 968 593 1031 645; x_wconf 89' lang='grc' dir='ltr'><strong>τὸ</strong></span> <span class='ocrx_word' id='word_1_39' title='bbox 1075 592 1210 664; x_wconf 75' lang='grc' dir='ltr'><strong>πῦρο</strong></span> <span class='ocrx_word' id='word_1_40' title='bbox 1239 593 1370 647; x_wconf 69' lang='grc' dir='ltr'><strong>ποτὶ</strong></span> <span class='ocrx_word' id='word_1_41' title='bbox 1397 594 1455 647; x_wconf 75' lang='grc' dir='ltr'><strong>δδ</strong></span> <span class='ocrx_word' id='word_1_42' title='bbox 1490 594 1568 658; x_wconf 83' lang='grc' dir='ltr'><strong>ὡς</strong></span> <span class='ocrx_word' id='word_1_43' title='bbox 1596 595 1801 665; x_wconf 85' lang='grc' dir='ltr'><strong>μαλθα-</strong></span> 
     </span>
    </p>
   </div>
   <div class='ocr_carea' id='block_1_8' title="bbox 224 681 1802 756">
    <p class='ocr_par' dir='ltr' id='par_1_8' title="bbox 224 681 1802 756">
     <span class='ocr_line' id='line_1_8' title="bbox 224 681 1802 756; baseline 0.002 -19"><span class='ocrx_word' id='word_1_44' title='bbox 224 684 468 756; x_wconf 85' lang='grc' dir='ltr'><strong>κώτερον</strong></span> <span class='ocrx_word' id='word_1_45' title='bbox 496 686 591 738; x_wconf 78' lang='grc' dir='ltr'><strong>καὶ</strong></span> <span class='ocrx_word' id='word_1_46' title='bbox 622 681 946 755; x_wconf 76' lang='grc' dir='ltr'><strong>πραότερον,</strong></span> <span class='ocrx_word' id='word_1_47' title='bbox 974 685 1068 739; x_wconf 77' lang='grc' dir='ltr'><strong>καὶ</strong></span> <span class='ocrx_word' id='word_1_48' title='bbox 1092 685 1224 739; x_wconf 83' lang='grc' dir='ltr'><strong>αὐτὸ</strong></span> <span class='ocrx_word' id='word_1_49' title='bbox 1252 685 1314 739; x_wconf 90' lang='grc' dir='ltr'><strong>τὸ</strong></span> <span class='ocrx_word' id='word_1_50' title='bbox 1338 684 1454 754; x_wconf 81' lang='grc' dir='ltr'><strong>φῶς</strong></span> <span class='ocrx_word' id='word_1_51' title='bbox 1495 686 1637 740; x_wconf 83' lang='grc' dir='ltr'><strong>κατά</strong></span> <span class='ocrx_word' id='word_1_52' title='bbox 1680 705 1802 741; x_wconf 81' lang='grc' dir='ltr'><strong>και·</strong></span> 
     </span>
    </p>
   </div>
   <div class='ocr_carea' id='block_1_9' title="bbox 224 775 1802 847">
    <p class='ocr_par' dir='ltr' id='par_1_9' title="bbox 224 775 1802 847">
     <span class='ocr_line' id='line_1_9' title="bbox 224 775 1802 847; baseline 0.001 -18"><span class='ocrx_word' id='word_1_53' title='bbox 224 776 358 847; x_wconf 89' lang='grc' dir='ltr'><strong>ρούς</strong></span> <span class='ocrx_word' id='word_1_54' title='bbox 386 794 533 838; x_wconf 90' lang='grc' dir='ltr'><strong>τινας</strong></span> <span class='ocrx_word' id='word_1_55' title='bbox 582 776 744 830; x_wconf 92' lang='grc' dir='ltr'><strong>πλέον</strong></span> <span class='ocrx_word' id='word_1_56' title='bbox 795 775 1089 841; x_wconf 72' lang='grc' dir='ltr'><strong>έξάπτεται</strong></span> <span class='ocrx_word' id='word_1_57' title='bbox 1137 776 1232 829; x_wconf 79' lang='grc' dir='ltr'><strong>καὶ</strong></span> <span class='ocrx_word' id='word_1_58' title='bbox 1288 775 1514 847; x_wconf 83' lang='grc' dir='ltr'><strong>λάμπει,</strong></span> <span class='ocrx_word' id='word_1_59' title='bbox 1562 776 1693 830; x_wconf 75' lang='grc' dir='ltr'><strong>ποτε</strong></span> <span class='ocrx_word' id='word_1_60' title='bbox 1744 777 1802 831; x_wconf 69' lang='grc' dir='ltr'><strong>δὲ</strong></span> 
     </span>
    </p>
   </div>
   <div class='ocr_carea' id='block_1_10' title="bbox 224 868 1801 940">
    <p class='ocr_par' dir='ltr' id='par_1_10' title="bbox 224 868 1801 940">
     <span class='ocr_line' id='line_1_10' title="bbox 224 868 1801 940; baseline -0.001 -18"><span class='ocrx_word' id='word_1_61' title='bbox 224 870 640 930; x_wconf 82' lang='grc' dir='ltr'><strong>ὑποστέλλεται,</strong></span> <span class='ocrx_word' id='word_1_62' title='bbox 677 871 772 922; x_wconf 74' lang='grc' dir='ltr'><strong>καὶ</strong></span> <span class='ocrx_word' id='word_1_63' title='bbox 820 868 1131 938; x_wconf 76' lang='grc' dir='ltr'><strong>στυγνάζει,</strong></span> <span class='ocrx_word' id='word_1_64' title='bbox 1167 869 1262 924; x_wconf 80' lang='grc' dir='ltr'><strong>καὶ</strong></span> <span class='ocrx_word' id='word_1_65' title='bbox 1314 869 1452 940; x_wconf 77' lang='grc' dir='ltr'><strong>αὑτὴ</strong></span> <span class='ocrx_word' id='word_1_66' title='bbox 1497 871 1531 938; x_wconf 84' lang='grc' dir='ltr'><strong>ή</strong></span> <span class='ocrx_word' id='word_1_67' title='bbox 1578 869 1801 939; x_wconf 79' lang='grc' dir='ltr'><strong>λαμπάς</strong></span> 
     </span>
    </p>
   </div>
   <div class='ocr_carea' id='block_1_11' title="bbox 224 961 1799 1034">
    <p class='ocr_par' dir='ltr' id='par_1_11' title="bbox 224 961 1799 1034">
     <span class='ocr_line' id='line_1_11' title="bbox 224 961 1799 1034; baseline 0 -20"><span class='ocrx_word' id='word_1_68' title='bbox 224 963 459 1014; x_wconf 87' lang='grc' dir='ltr'><strong>πάντοτε</strong></span> <span class='ocrx_word' id='word_1_69' title='bbox 497 962 763 1031; x_wconf 87' lang='grc' dir='ltr'><strong>καιομένη</strong></span> <span class='ocrx_word' id='word_1_70' title='bbox 810 962 906 1015; x_wconf 77' lang='grc' dir='ltr'><strong>καὶ</strong></span> <span class='ocrx_word' id='word_1_71' title='bbox 945 961 1260 1032; x_wconf 79' lang='grc' dir='ltr'><strong>λάμπουσα,</strong></span> <span class='ocrx_word' id='word_1_72' title='bbox 1319 962 1449 1016; x_wconf 82' lang='grc' dir='ltr'><strong>ὅταν</strong></span> <span class='ocrx_word' id='word_1_73' title='bbox 1499 961 1799 1034; x_wconf 74' lang='grc' dir='ltr'><strong>φαιδρυνθῇ</strong></span> 
     </span>
    </p>
   </div>
   <div class='ocr_carea' id='block_1_12' title="bbox 224 1050 1802 1124">
    <p class='ocr_par' dir='ltr' id='par_1_12' title="bbox 224 1050 1802 1124">
     <span class='ocr_line' id='line_1_12' title="bbox 224 1050 1802 1124; baseline 0.002 -22"><span class='ocrx_word' id='word_1_74' title='bbox 224 1050 389 1105; x_wconf 83' lang='grc' dir='ltr'><strong>πλέον</strong></span> <span class='ocrx_word' id='word_1_75' title='bbox 420 1053 478 1104; x_wconf 76' lang='grc' dir='ltr'><strong>ὲν</strong></span> <span class='ocrx_word' id='word_1_76' title='bbox 536 1050 675 1121; x_wconf 79' lang='grc' dir='ltr'><strong>μέθη</strong></span> <span class='ocrx_word' id='word_1_77' title='bbox 732 1050 1028 1116; x_wconf 72' lang='grc' dir='ltr'><strong>ἐξάπτεται</strong></span> <span class='ocrx_word' id='word_1_78' title='bbox 1075 1053 1177 1117; x_wconf 79' lang='grc' dir='ltr'><strong>τῆς</strong></span> <span class='ocrx_word' id='word_1_79' title='bbox 1230 1051 1457 1124; x_wconf 89' lang='grc' dir='ltr'><strong>ἀγάπης</strong></span> <span class='ocrx_word' id='word_1_80' title='bbox 1495 1052 1594 1107; x_wconf 80' lang='grc' dir='ltr'><strong>τοῦ</strong></span> <span class='ocrx_word' id='word_1_81' title='bbox 1628 1052 1802 1106; x_wconf 80' lang='grc' dir='ltr'><strong>Θεοῦο</strong></span> 
     </span>
    </p>
   </div>
   <div class='ocr_carea' id='block_1_13' title="bbox 224 1141 1805 1213">
    <p class='ocr_par' dir='ltr' id='par_1_13' title="bbox 224 1141 1805 1213">
     <span class='ocr_line' id='line_1_13' title="bbox 224 1141 1805 1213; baseline 0.004 -20"><span class='ocrx_word' id='word_1_82' title='bbox 224 1141 385 1205; x_wconf 76' lang='grc' dir='ltr'><strong>αὖθις</strong></span> <span class='ocrx_word' id='word_1_83' title='bbox 422 1141 476 1194; x_wconf 85' lang='grc' dir='ltr'><strong>δὲ</strong></span> <span class='ocrx_word' id='word_1_84' title='bbox 512 1143 637 1194; x_wconf 85' lang='grc' dir='ltr'><strong>κατ’</strong></span> <span class='ocrx_word' id='word_1_85' title='bbox 669 1142 982 1213; x_wconf 73' lang='grc' dir='ltr'><strong>οἰκονομίαν</strong></span> <span class='ocrx_word' id='word_1_86' title='bbox 1021 1142 1290 1212; x_wconf 72' lang='grc' dir='ltr'><strong>ἐκδίδωσι,</strong></span> <span class='ocrx_word' id='word_1_87' title='bbox 1328 1144 1506 1199; x_wconf 82' lang='grc' dir='ltr'><strong>καίτοι</strong></span> <span class='ocrx_word' id='word_1_88' title='bbox 1540 1143 1697 1199; x_wconf 81' lang='grc' dir='ltr'><strong>συνὸν</strong></span> <span class='ocrx_word' id='word_1_89' title='bbox 1740 1143 1805 1199; x_wconf 88' lang='grc' dir='ltr'><strong>τὸ</strong></span> 
     </span>
    </p>
   </div>
   <div class='ocr_carea' id='block_1_14' title="bbox 224 1231 879 1304">
    <p class='ocr_par' dir='ltr' id='par_1_14' title="bbox 224 1231 879 1304">
     <span class='ocr_line' id='line_1_14' title="bbox 224 1231 879 1304; baseline 0.006 -19"><span class='ocrx_word' id='word_1_90' title='bbox 224 1233 347 1303; x_wconf 81' lang='grc' dir='ltr'><strong>φῶς</strong></span> <span class='ocrx_word' id='word_1_91' title='bbox 375 1231 715 1304; x_wconf 77' lang='grc' dir='ltr'><strong>άμόλύτερόν</strong></span> <span class='ocrx_word' id='word_1_92' title='bbox 739 1234 879 1289; x_wconf 72' lang='grc' dir='ltr'><strong>ἐστι.</strong></span> 
     </span>
    </p>
   </div>
   <div class='ocr_carea' id='block_1_15' title="bbox 296 1407 1803 1483">
    <p class='ocr_par' dir='ltr' id='par_1_15' title="bbox 296 1407 1803 1483">
     <span class='ocr_line' id='line_1_15' title="bbox 296 1407 1803 1483; baseline 0.003 -23"><span class='ocrx_word' id='word_1_93' title='bbox 296 1408 374 1461; x_wconf 83' lang='lat' dir='ltr'><strong>I&quot;.</strong></span> <span class='ocrx_word' id='word_1_94' title='bbox 415 1407 561 1479; x_wconf 78' lang='grc' dir='ltr'><strong>Πλὴν</strong></span> <span class='ocrx_word' id='word_1_95' title='bbox 612 1408 859 1479; x_wconf 77' lang='grc' dir='ltr'><strong>έπεφάνη</strong></span> <span class='ocrx_word' id='word_1_96' title='bbox 910 1409 1023 1464; x_wconf 78' lang='grc' dir='ltr'><strong>τισὶ</strong></span> <span class='ocrx_word' id='word_1_97' title='bbox 1069 1409 1133 1464; x_wconf 89' lang='grc' dir='ltr'><strong>τὸ</strong></span> <span class='ocrx_word' id='word_1_98' title='bbox 1185 1412 1416 1480; x_wconf 89' lang='grc' dir='ltr'><strong>σημεῖον</strong></span> <span class='ocrx_word' id='word_1_99' title='bbox 1441 1409 1535 1464; x_wconf 80' lang='grc' dir='ltr'><strong>τοῦ</strong></span> <span class='ocrx_word' id='word_1_100' title='bbox 1566 1409 1803 1483; x_wconf 81' lang='grc' dir='ltr'><strong>σταυροῦ</strong></span> 
     </span>
    </p>
   </div>
   <div class='ocr_carea' id='block_1_16' title="bbox 222 1498 1804 1573">
    <p class='ocr_par' dir='ltr' id='par_1_16' title="bbox 222 1498 1804 1573">
     <span class='ocr_line' id='line_1_16' title="bbox 222 1498 1804 1573; baseline 0.004 -23"><span class='ocrx_word' id='word_1_101' title='bbox 222 1498 314 1551; x_wconf 80' lang='grc' dir='ltr'><strong>διὰ</strong></span> <span class='ocrx_word' id='word_1_102' title='bbox 343 1499 543 1567; x_wconf 85' lang='grc' dir='ltr'><strong>φωτὸς,</strong></span> <span class='ocrx_word' id='word_1_103' title='bbox 573 1499 669 1552; x_wconf 80' lang='grc' dir='ltr'><strong>καὶ</strong></span> <span class='ocrx_word' id='word_1_104' title='bbox 700 1500 1028 1571; x_wconf 85' lang='grc' dir='ltr'><strong>προσεπάγη</strong></span> <span class='ocrx_word' id='word_1_105' title='bbox 1056 1499 1136 1571; x_wconf 80' lang='grc' dir='ltr'><strong>τῷ</strong></span> <span class='ocrx_word' id='word_1_106' title='bbox 1158 1499 1267 1554; x_wconf 68' lang='grc' dir='ltr'><strong>ἔσω</strong></span> <span class='ocrx_word' id='word_1_107' title='bbox 1291 1500 1586 1573; x_wconf 80' lang='grc' dir='ltr'><strong>ἀνθρώπῳ,</strong></span> <span class='ocrx_word' id='word_1_108' title='bbox 1616 1501 1804 1557; x_wconf 76' lang='grc' dir='ltr'><strong>ἄλλοτε</strong></span> 
     </span>
    </p>
   </div>
   <div class='ocr_carea' id='block_1_17' title="bbox 224 1589 1804 1665">
    <p class='ocr_par' dir='ltr' id='par_1_17' title="bbox 224 1589 1804 1665">
     <span class='ocr_line' id='line_1_17' title="bbox 224 1589 1804 1665; baseline 0.004 -23"><span class='ocrx_word' id='word_1_109' title='bbox 224 1589 393 1643; x_wconf 82' lang='grc' dir='ltr'><strong>πάλιν</strong></span> <span class='ocrx_word' id='word_1_110' title='bbox 419 1592 479 1643; x_wconf 75' lang='grc' dir='ltr'><strong>έν</strong></span> <span class='ocrx_word' id='word_1_111' title='bbox 503 1594 572 1661; x_wconf 78' lang='grc' dir='ltr'><strong>τῇ</strong></span> <span class='ocrx_word' id='word_1_112' title='bbox 600 1592 757 1663; x_wconf 77' lang='grc' dir='ltr'><strong>εὐχῇ,</strong></span> <span class='ocrx_word' id='word_1_113' title='bbox 799 1592 875 1655; x_wconf 83' lang='grc' dir='ltr'><strong>ὡς</strong></span> <span class='ocrx_word' id='word_1_114' title='bbox 909 1594 967 1646; x_wconf 80' lang='grc' dir='ltr'><strong>έν</strong></span> <span class='ocrx_word' id='word_1_115' title='bbox 996 1591 1255 1647; x_wconf 76' lang='grc' dir='ltr'><strong>έκστάσει</strong></span> <span class='ocrx_word' id='word_1_116' title='bbox 1291 1594 1519 1661; x_wconf 90' lang='grc' dir='ltr'><strong>γέγονεν</strong></span> <span class='ocrx_word' id='word_1_117' title='bbox 1545 1594 1575 1647; x_wconf 84' lang='grc' dir='ltr'>ὁ</span> <span class='ocrx_word' id='word_1_118' title='bbox 1596 1593 1804 1665; x_wconf 86' lang='grc' dir='ltr'><strong>ἀνθρω-</strong></span> 
     </span>
    </p>
   </div>
   <div class='ocr_carea' id='block_1_18' title="bbox 226 1680 1803 1757">
    <p class='ocr_par' dir='ltr' id='par_1_18' title="bbox 226 1680 1803 1757">
     <span class='ocr_line' id='line_1_18' title="bbox 226 1680 1803 1757; baseline 0.003 -24"><span class='ocrx_word' id='word_1_119' title='bbox 226 1698 355 1745; x_wconf 65' lang='lat' dir='ltr'><strong>tog,</strong></span> <span class='ocrx_word' id='word_1_120' title='bbox 390 1680 488 1734; x_wconf 77' lang='grc' dir='ltr'><strong>καὶ</strong></span> <span class='ocrx_word' id='word_1_121' title='bbox 513 1681 714 1753; x_wconf 79' lang='grc' dir='ltr'><strong>εὑρέθη</strong></span> <span class='ocrx_word' id='word_1_122' title='bbox 748 1684 830 1746; x_wconf 92' lang='grc' dir='ltr'><strong>εἰς</strong></span> <span class='ocrx_word' id='word_1_123' title='bbox 871 1683 1258 1755; x_wconf 82' lang='grc' dir='ltr'><strong>θυσιαστήριον</strong></span> <span class='ocrx_word' id='word_1_124' title='bbox 1297 1683 1468 1749; x_wconf 76' lang='grc' dir='ltr'><strong>ιστὼς</strong></span> <span class='ocrx_word' id='word_1_125' title='bbox 1511 1688 1570 1738; x_wconf 73' lang='lat' dir='ltr'><strong>tv</strong></span> <span class='ocrx_word' id='word_1_126' title='bbox 1600 1686 1803 1757; x_wconf 73' lang='grc' dir='ltr'><strong>ἐκκληο</strong></span> 
     </span>
    </p>
   </div>
   <div class='ocr_carea' id='block_1_19' title="bbox 1900 500 3487 571">
    <p class='ocr_par' dir='ltr' id='par_1_19' title="bbox 1900 500 3487 571">
     <span class='ocr_line' id='line_1_19' title="bbox 1900 500 3487 571; baseline -0.001 -13"><span class='ocrx_word' id='word_1_127' title='bbox 1900 504 2118 560; x_wconf 91' lang='lat' dir='ltr'><strong>libitum</strong></span> <span class='ocrx_word' id='word_1_128' title='bbox 2144 502 2465 566; x_wconf 75' lang='lat' dir='ltr'><strong>voluntatis,</strong></span> <span class='ocrx_word' id='word_1_129' title='bbox 2491 510 2758 571; x_wconf 86' lang='lat' dir='ltr'><strong>quantum</strong></span> <span class='ocrx_word' id='word_1_130' title='bbox 2808 501 3059 570; x_wconf 82' lang='lat' dir='ltr'><strong>prodest,</strong></span> <span class='ocrx_word' id='word_1_131' title='bbox 3095 500 3354 571; x_wconf 79' lang='lat' dir='ltr'><strong>disponit</strong></span> <span class='ocrx_word' id='word_1_132' title='bbox 3387 501 3487 556; x_wconf 83' lang='lat' dir='ltr'><strong>ho-</strong></span> 
     </span>
    </p>
   </div>
   <div class='ocr_carea' id='block_1_20' title="bbox 1902 589 3488 660">
    <p class='ocr_par' dir='ltr' id='par_1_20' title="bbox 1902 589 3488 660">
     <span class='ocr_line' id='line_1_20' title="bbox 1902 589 3488 660; baseline -0.002 -14"><span class='ocrx_word' id='word_1_133' title='bbox 1902 593 2105 648; x_wconf 85' lang='lat' dir='ltr'><strong>minem</strong></span> <span class='ocrx_word' id='word_1_134' title='bbox 2129 610 2142 645; x_wconf 92' lang='lat'><strong>:</strong></span> <span class='ocrx_word' id='word_1_135' title='bbox 2164 590 2461 660; x_wconf 71' lang='lat' dir='ltr'><strong>aliquando</strong></span> <span class='ocrx_word' id='word_1_136' title='bbox 2492 590 2642 644; x_wconf 90' lang='lat' dir='ltr'><strong>enim</strong></span> <span class='ocrx_word' id='word_1_137' title='bbox 2692 590 2942 645; x_wconf 88' lang='lat' dir='ltr'><strong>intentus</strong></span> <span class='ocrx_word' id='word_1_138' title='bbox 2967 589 3289 644; x_wconf 82' lang='lat' dir='ltr'><strong>accenditur</strong></span> <span class='ocrx_word' id='word_1_139' title='bbox 3312 598 3369 643; x_wconf 90' lang='lat' dir='ltr'><strong>et</strong></span> <span class='ocrx_word' id='word_1_140' title='bbox 3398 605 3488 643; x_wconf 90' lang='lat' dir='ltr'><strong>ar-</strong></span> 
     </span>
    </p>
   </div>
   <div class='ocr_carea' id='block_1_21' title="bbox 1901 680 3483 754">
    <p class='ocr_par' dir='ltr' id='par_1_21' title="bbox 1901 680 3483 754">
     <span class='ocr_line' id='line_1_21' title="bbox 1901 680 3483 754; baseline -0.004 -15"><span class='ocrx_word' id='word_1_141' title='bbox 1901 684 1997 739; x_wconf 91' lang='lat' dir='ltr'><strong>det</strong></span> <span class='ocrx_word' id='word_1_142' title='bbox 2014 683 2176 754; x_wconf 84' lang='lat' dir='ltr'><strong>ignis;</strong></span> <span class='ocrx_word' id='word_1_143' title='bbox 2196 682 2494 753; x_wconf 79' lang='lat' dir='ltr'><strong>aliquando</strong></span> <span class='ocrx_word' id='word_1_144' title='bbox 2512 696 2646 736; x_wconf 91' lang='lat' dir='ltr'><strong>vero</strong></span> <span class='ocrx_word' id='word_1_145' title='bbox 2667 681 2957 737; x_wconf 89' lang='lat' dir='ltr'><strong>remissius</strong></span> <span class='ocrx_word' id='word_1_146' title='bbox 2968 690 3025 735; x_wconf 89' lang='lat' dir='ltr'><strong>et</strong></span> <span class='ocrx_word' id='word_1_147' title='bbox 3044 680 3249 735; x_wconf 84' lang='lat' dir='ltr'><strong>lentius</strong></span> <span class='ocrx_word' id='word_1_148' title='bbox 3269 697 3282 734; x_wconf 89' lang='lat'><strong>:</strong></span> <span class='ocrx_word' id='word_1_149' title='bbox 3304 681 3483 750; x_wconf 89' lang='lat' dir='ltr'><strong>ipsum</strong></span> 
     </span>
    </p>
   </div>
   <div class='ocr_carea' id='block_1_22' title="bbox 1901 773 3486 848">
    <p class='ocr_par' dir='ltr' id='par_1_22' title="bbox 1901 773 3486 848">
     <span class='ocr_line' id='line_1_22' title="bbox 1901 773 3486 848; baseline -0.003 -16"><span class='ocrx_word' id='word_1_150' title='bbox 1901 790 2121 848; x_wconf 91' lang='lat' dir='ltr'><strong>quoque</strong></span> <span class='ocrx_word' id='word_1_151' title='bbox 2151 776 2335 830; x_wconf 88' lang='lat' dir='ltr'><strong>lumen</strong></span> <span class='ocrx_word' id='word_1_152' title='bbox 2358 773 2690 846; x_wconf 78' lang='lat' dir='ltr'><strong>quibusdam</strong></span> <span class='ocrx_word' id='word_1_153' title='bbox 2718 774 3059 844; x_wconf 81' lang='lat' dir='ltr'><strong>temporibus</strong></span> <span class='ocrx_word' id='word_1_154' title='bbox 3091 773 3486 828; x_wconf 90' lang='lat' dir='ltr'><strong>vehementius</strong></span> 
     </span>
    </p>
   </div>
   <div class='ocr_carea' id='block_1_23' title="bbox 1901 870 3486 939">
    <p class='ocr_par' dir='ltr' id='par_1_23' title="bbox 1901 870 3486 939">
     <span class='ocr_line' id='line_1_23' title="bbox 1901 870 3486 939; baseline -0.002 -13"><span class='ocrx_word' id='word_1_155' title='bbox 1901 870 2221 927; x_wconf 85' lang='lat' dir='ltr'><strong>accenditur</strong></span> <span class='ocrx_word' id='word_1_156' title='bbox 2260 879 2316 926; x_wconf 91' lang='lat' dir='ltr'><strong>et</strong></span> <span class='ocrx_word' id='word_1_157' title='bbox 2360 871 2552 925; x_wconf 86' lang='lat' dir='ltr'><strong>lucet:</strong></span> <span class='ocrx_word' id='word_1_158' title='bbox 2608 870 2906 939; x_wconf 86' lang='lat' dir='ltr'><strong>aliquando</strong></span> <span class='ocrx_word' id='word_1_159' title='bbox 2933 886 3067 925; x_wconf 80' lang='lat' dir='ltr'><strong>vero</strong></span> <span class='ocrx_word' id='word_1_160' title='bbox 3101 870 3402 925; x_wconf 88' lang='lat' dir='ltr'><strong>remittitur</strong></span> <span class='ocrx_word' id='word_1_161' title='bbox 3428 877 3486 923; x_wconf 86' lang='lat' dir='ltr'><strong>et</strong></span> 
     </span>
    </p>
   </div>
   <div class='ocr_carea' id='block_1_24' title="bbox 1902 961 3482 1033">
    <p class='ocr_par' dir='ltr' id='par_1_24' title="bbox 1902 961 3482 1033">
     <span class='ocr_line' id='line_1_24' title="bbox 1902 961 3482 1033; baseline -0.002 -15"><span class='ocrx_word' id='word_1_162' title='bbox 1902 964 2117 1020; x_wconf 88' lang='lat' dir='ltr'><strong>tristius</strong></span> <span class='ocrx_word' id='word_1_163' title='bbox 2142 971 2245 1019; x_wconf 83' lang='lat' dir='ltr'><strong>est.</strong></span> <span class='ocrx_word' id='word_1_164' title='bbox 2270 962 2363 1017; x_wconf 90' lang='lat' dir='ltr'><strong>Sic</strong></span> <span class='ocrx_word' id='word_1_165' title='bbox 2392 964 2506 1033; x_wconf 91' lang='lat' dir='ltr'><strong>ipsa</strong></span> <span class='ocrx_word' id='word_1_166' title='bbox 2538 977 2758 1033; x_wconf 89' lang='lat' dir='ltr'><strong>quoque</strong></span> <span class='ocrx_word' id='word_1_167' title='bbox 2780 962 3027 1025; x_wconf 86' lang='lat' dir='ltr'><strong>lucerna,</strong></span> <span class='ocrx_word' id='word_1_168' title='bbox 3048 962 3259 1018; x_wconf 83' lang='lat' dir='ltr'><strong>scilicet</strong></span> <span class='ocrx_word' id='word_1_169' title='bbox 3285 961 3482 1032; x_wconf 89' lang='lat' dir='ltr'><strong>gratia,</strong></span> 
     </span>
    </p>
   </div>
   <div class='ocr_carea' id='block_1_25' title="bbox 1901 1054 3482 1126">
    <p class='ocr_par' dir='ltr' id='par_1_25' title="bbox 1901 1054 3482 1126">
     <span class='ocr_line' id='line_1_25' title="bbox 1901 1054 3482 1126; baseline -0.003 -14"><span class='ocrx_word' id='word_1_170' title='bbox 1901 1056 2111 1126; x_wconf 88' lang='lat' dir='ltr'><strong>ubique</strong></span> <span class='ocrx_word' id='word_1_171' title='bbox 2125 1070 2355 1110; x_wconf 88' lang='lat' dir='ltr'><strong>accensa</strong></span> <span class='ocrx_word' id='word_1_172' title='bbox 2372 1064 2429 1109; x_wconf 92' lang='lat' dir='ltr'><strong>et</strong></span> <span class='ocrx_word' id='word_1_173' title='bbox 2450 1055 2666 1120; x_wconf 88' lang='lat' dir='ltr'><strong>lucens,</strong></span> <span class='ocrx_word' id='word_1_174' title='bbox 2686 1055 2908 1125; x_wconf 90' lang='lat' dir='ltr'><strong>quando</strong></span> <span class='ocrx_word' id='word_1_175' title='bbox 2925 1055 3267 1125; x_wconf 90' lang='lat' dir='ltr'><strong>splendidior</strong></span> <span class='ocrx_word' id='word_1_176' title='bbox 3288 1054 3482 1115; x_wconf 85' lang='lat' dir='ltr'><strong>fuerit,</strong></span> 
     </span>
    </p>
   </div>
   <div class='ocr_carea' id='block_1_26' title="bbox 1901 1142 3483 1199">
    <p class='ocr_par' dir='ltr' id='par_1_26' title="bbox 1901 1142 3483 1199">
     <span class='ocr_line' id='line_1_26' title="bbox 1901 1142 3483 1199; baseline -0.001 0"><span class='ocrx_word' id='word_1_177' title='bbox 1901 1144 2175 1199; x_wconf 91' lang='lat' dir='ltr'><strong>intensius</strong></span> <span class='ocrx_word' id='word_1_178' title='bbox 2208 1143 2538 1199; x_wconf 90' lang='lat' dir='ltr'><strong>accenditur</strong></span> <span class='ocrx_word' id='word_1_179' title='bbox 2588 1144 2657 1197; x_wconf 91' lang='lat' dir='ltr'><strong>ab</strong></span> <span class='ocrx_word' id='word_1_180' title='bbox 2691 1143 2968 1199; x_wconf 85' lang='lat' dir='ltr'><strong>ebrietate</strong></span> <span class='ocrx_word' id='word_1_181' title='bbox 3017 1142 3332 1198; x_wconf 87' lang='lat' dir='ltr'><strong>dilectionis</strong></span> <span class='ocrx_word' id='word_1_182' title='bbox 3363 1143 3483 1198; x_wconf 89' lang='lat' dir='ltr'><strong>Dei.</strong></span> 
     </span>
    </p>
   </div>
   <div class='ocr_carea' id='block_1_27' title="bbox 1902 1234 3485 1306">
    <p class='ocr_par' dir='ltr' id='par_1_27' title="bbox 1902 1234 3485 1306">
     <span class='ocr_line' id='line_1_27' title="bbox 1902 1234 3485 1306; baseline -0.003 -13"><span class='ocrx_word' id='word_1_183' title='bbox 1902 1238 2142 1293; x_wconf 82' lang='lat' dir='ltr'><strong>Rursum</strong></span> <span class='ocrx_word' id='word_1_184' title='bbox 2159 1244 2341 1291; x_wconf 89' lang='lat' dir='ltr'><strong>autem</strong></span> <span class='ocrx_word' id='word_1_185' title='bbox 2359 1236 2767 1305; x_wconf 82' lang='lat' dir='ltr'><strong>dispensatione</strong></span> <span class='ocrx_word' id='word_1_186' title='bbox 2783 1235 3017 1306; x_wconf 88' lang='lat' dir='ltr'><strong>quadam</strong></span> <span class='ocrx_word' id='word_1_187' title='bbox 3034 1234 3262 1290; x_wconf 87' lang='lat' dir='ltr'><strong>exhibet</strong></span> <span class='ocrx_word' id='word_1_188' title='bbox 3277 1236 3485 1302; x_wconf 86' lang='lat' dir='ltr'><strong>lumen,</strong></span> 
     </span>
    </p>
   </div>
   <div class='ocr_carea' id='block_1_28' title="bbox 1906 1326 2530 1398">
    <p class='ocr_par' dir='ltr' id='par_1_28' title="bbox 1906 1326 2530 1398">
     <span class='ocr_line' id='line_1_28' title="bbox 1906 1326 2530 1398; baseline -0.002 -16"><span class='ocrx_word' id='word_1_189' title='bbox 1906 1326 2056 1398; x_wconf 90' lang='lat' dir='ltr'><strong>quod</strong></span> <span class='ocrx_word' id='word_1_190' title='bbox 2088 1327 2231 1382; x_wconf 88' lang='lat' dir='ltr'><strong>inest</strong></span> <span class='ocrx_word' id='word_1_191' title='bbox 2256 1326 2530 1381; x_wconf 87' lang='lat' dir='ltr'><strong>obtusius.</strong></span> 
     </span>
    </p>
   </div>
   <div class='ocr_carea' id='block_1_29' title="bbox 1970 1415 3483 1486">
    <p class='ocr_par' dir='ltr' id='par_1_29' title="bbox 1970 1415 3483 1486">
     <span class='ocr_line' id='line_1_29' title="bbox 1970 1415 3483 1486; baseline -0.001 -15"><span class='ocrx_word' id='word_1_192' title='bbox 1970 1416 2061 1471; x_wconf 88' lang='lat' dir='ltr'><strong>Ill.</strong></span> <span class='ocrx_word' id='word_1_193' title='bbox 2083 1418 2260 1472; x_wconf 88' lang='lat' dir='ltr'><strong>Porro</strong></span> <span class='ocrx_word' id='word_1_194' title='bbox 2289 1431 2387 1485; x_wconf 90' lang='lat' dir='ltr'><strong>per</strong></span> <span class='ocrx_word' id='word_1_195' title='bbox 2406 1417 2593 1470; x_wconf 90' lang='lat' dir='ltr'><strong>lumen</strong></span> <span class='ocrx_word' id='word_1_196' title='bbox 2618 1416 2879 1485; x_wconf 82' lang='lat' dir='ltr'><strong>apparuit</strong></span> <span class='ocrx_word' id='word_1_197' title='bbox 2903 1415 3237 1486; x_wconf 90' lang='lat' dir='ltr'><strong>quibusdam</strong></span> <span class='ocrx_word' id='word_1_198' title='bbox 3268 1415 3483 1485; x_wconf 87' lang='lat' dir='ltr'><strong>signum</strong></span> 
     </span>
    </p>
   </div>
   <div class='ocr_carea' id='block_1_30' title="bbox 1904 1506 3485 1572">
    <p class='ocr_par' dir='ltr' id='par_1_30' title="bbox 1904 1506 3485 1572">
     <span class='ocr_line' id='line_1_30' title="bbox 1904 1506 3485 1572; baseline -0.004 -7"><span class='ocrx_word' id='word_1_199' title='bbox 1904 1509 2107 1572; x_wconf 90' lang='lat' dir='ltr'><strong>crucis,</strong></span> <span class='ocrx_word' id='word_1_200' title='bbox 2128 1516 2183 1563; x_wconf 87' lang='lat' dir='ltr'><strong>et</strong></span> <span class='ocrx_word' id='word_1_201' title='bbox 2207 1506 2426 1562; x_wconf 78' lang='lat' dir='ltr'><strong>aﬂixum</strong></span> <span class='ocrx_word' id='word_1_202' title='bbox 2452 1515 2539 1562; x_wconf 92' lang='lat' dir='ltr'><strong>est</strong></span> <span class='ocrx_word' id='word_1_203' title='bbox 2559 1506 2616 1560; x_wconf 90' lang='lat' dir='ltr'><strong>in</strong></span> <span class='ocrx_word' id='word_1_204' title='bbox 2648 1506 2898 1562; x_wconf 88' lang='lat' dir='ltr'><strong>interiori</strong></span> <span class='ocrx_word' id='word_1_205' title='bbox 2924 1506 3327 1561; x_wconf 78' lang='lat' dir='ltr'><strong>hominezalias</strong></span> <span class='ocrx_word' id='word_1_206' title='bbox 3355 1506 3485 1560; x_wconf 88' lang='lat' dir='ltr'><strong>item</strong></span> 
     </span>
    </p>
   </div>
   <div class='ocr_carea' id='block_1_31' title="bbox 1904 1596 3486 1667">
    <p class='ocr_par' dir='ltr' id='par_1_31' title="bbox 1904 1596 3486 1667">
     <span class='ocr_line' id='line_1_31' title="bbox 1904 1596 3486 1667; baseline 0 -16"><span class='ocrx_word' id='word_1_207' title='bbox 1904 1598 2051 1653; x_wconf 89' lang='lat' dir='ltr'><strong>inter</strong></span> <span class='ocrx_word' id='word_1_208' title='bbox 2074 1597 2415 1667; x_wconf 88' lang='lat' dir='ltr'><strong>precandum</strong></span> <span class='ocrx_word' id='word_1_209' title='bbox 2449 1597 2638 1661; x_wconf 91' lang='lat' dir='ltr'><strong>homo,</strong></span> <span class='ocrx_word' id='word_1_210' title='bbox 2682 1596 2835 1651; x_wconf 85' lang='lat' dir='ltr'><strong>velut</strong></span> <span class='ocrx_word' id='word_1_211' title='bbox 2868 1597 2925 1651; x_wconf 92' lang='lat' dir='ltr'><strong>iu</strong></span> <span class='ocrx_word' id='word_1_212' title='bbox 2961 1612 3188 1652; x_wconf 81' lang='lat' dir='ltr'><strong>excessu</strong></span> <span class='ocrx_word' id='word_1_213' title='bbox 3212 1598 3486 1653; x_wconf 88' lang='lat' dir='ltr'><strong>constitu-</strong></span> 
     </span>
    </p>
   </div>
   <div class='ocr_carea' id='block_1_32' title="bbox 1906 1686 3487 1751">
    <p class='ocr_par' dir='ltr' id='par_1_32' title="bbox 1906 1686 3487 1751">
     <span class='ocr_line' id='line_1_32' title="bbox 1906 1686 3487 1751; baseline -0.001 -10"><span class='ocrx_word' id='word_1_214' title='bbox 1906 1694 2015 1751; x_wconf 89' lang='lat' dir='ltr'><strong>tus,</strong></span> <span class='ocrx_word' id='word_1_215' title='bbox 2047 1687 2305 1741; x_wconf 87' lang='lat' dir='ltr'><strong>inventus</strong></span> <span class='ocrx_word' id='word_1_216' title='bbox 2336 1693 2422 1741; x_wconf 90' lang='lat' dir='ltr'><strong>est</strong></span> <span class='ocrx_word' id='word_1_217' title='bbox 2453 1695 2581 1741; x_wconf 86' lang='lat' dir='ltr'><strong>ante</strong></span> <span class='ocrx_word' id='word_1_218' title='bbox 2645 1686 2818 1741; x_wconf 86' lang='lat' dir='ltr'><strong>altare</strong></span> <span class='ocrx_word' id='word_1_219' title='bbox 2852 1694 3002 1741; x_wconf 84' lang='lat' dir='ltr'><strong>stans</strong></span> <span class='ocrx_word' id='word_1_220' title='bbox 3059 1687 3117 1740; x_wconf 90' lang='lat' dir='ltr'><strong>in</strong></span> <span class='ocrx_word' id='word_1_221' title='bbox 3144 1687 3397 1751; x_wconf 85' lang='lat' dir='ltr'><strong>ecclesia,</strong></span> <span class='ocrx_word' id='word_1_222' title='bbox 3432 1695 3487 1741; x_wconf 83' lang='lat' dir='ltr'><strong>et</strong></span> 
     </span>
    </p>
   </div>
   <div class='ocr_carea' id='block_1_33' title="bbox 227 1771 1912 1847">
    <p class='ocr_par' dir='ltr' id='par_1_33' title="bbox 227 1771 1912 1847">
     <span class='ocr_line' id='line_1_33' title="bbox 227 1771 1912 1847; baseline 0.002 -21"><span class='ocrx_word' id='word_1_223' title='bbox 227 1774 356 1845; x_wconf 73' lang='grc' dir='ltr'><strong>σία,</strong></span> <span class='ocrx_word' id='word_1_224' title='bbox 387 1776 483 1828; x_wconf 76' lang='grc' dir='ltr'><strong>καὶ</strong></span> <span class='ocrx_word' id='word_1_225' title='bbox 515 1773 971 1844; x_wconf 75' lang='grc' dir='ltr'><strong>προσηνέχθησαν</strong></span> <span class='ocrx_word' id='word_1_226' title='bbox 993 1771 1072 1843; x_wconf 82' lang='grc' dir='ltr'><strong>τῷ</strong></span> <span class='ocrx_word' id='word_1_227' title='bbox 1104 1772 1330 1844; x_wconf 77' lang='grc' dir='ltr'><strong>τοιούτῳ</strong></span> <span class='ocrx_word' id='word_1_228' title='bbox 1371 1773 1526 1846; x_wconf 83' lang='grc' dir='ltr'><strong>ἀρτοι</strong></span> <span class='ocrx_word' id='word_1_229' title='bbox 1546 1777 1693 1847; x_wconf 83' lang='grc' dir='ltr'><strong>τρεῖς</strong></span> <span class='ocrx_word' id='word_1_230' title='bbox 1725 1774 1801 1838; x_wconf 85' lang='grc' dir='ltr'><strong>ὡς</strong></span> <span class='ocrx_word' id='word_1_231' title='bbox 1828 1779 1875 1838; x_wconf 86' lang='grc' dir='ltr'><strong>Β</strong></span> <span class='ocrx_word' id='word_1_232' title='bbox 1902 1794 1912 1829; x_wconf 70' lang='lat'><strong>4</strong></span> 
     </span>
    </p>
   </div>
   <div class='ocr_carea' id='block_1_34' title="bbox 1799 1771 3484 1847">
    <p class='ocr_par' dir='ltr' id='par_1_34' title="bbox 1799 1775 3484 1846">
     <span class='ocr_line' id='line_1_34' title="bbox 1799 1775 3484 1846; baseline 0 -15"><span class='ocrx_word' id='word_1_233' title='bbox 1799 1779 1875 1838; x_wconf 66' lang='grc' dir='ltr'><strong>’Β</strong></span> <span class='ocrx_word' id='word_1_234' title='bbox 1902 1775 2068 1831; x_wconf 91' lang='lat' dir='ltr'><strong>oblati</strong></span> <span class='ocrx_word' id='word_1_235' title='bbox 2112 1784 2243 1830; x_wconf 90' lang='lat' dir='ltr'><strong>sunt</strong></span> <span class='ocrx_word' id='word_1_236' title='bbox 2285 1775 2337 1831; x_wconf 91' lang='lat' dir='ltr'><strong>ei</strong></span> <span class='ocrx_word' id='word_1_237' title='bbox 2390 1784 2502 1831; x_wconf 88' lang='lat' dir='ltr'><strong>tres</strong></span> <span class='ocrx_word' id='word_1_238' title='bbox 2547 1789 2737 1846; x_wconf 79' lang='lat' dir='ltr'><strong>panes,</strong></span> <span class='ocrx_word' id='word_1_239' title='bbox 2781 1776 2933 1831; x_wconf 78' lang='lat' dir='ltr'><strong>velut</strong></span> <span class='ocrx_word' id='word_1_240' title='bbox 2979 1776 3103 1831; x_wconf 90' lang='lat' dir='ltr'><strong>oleo</strong></span> <span class='ocrx_word' id='word_1_241' title='bbox 3148 1775 3484 1842; x_wconf 73' lang='lat' dir='ltr'><strong>fermentati,</strong></span> 
     </span>
    </p>
   </div>
   <div class='ocr_carea' id='block_1_35' title="bbox 223 1863 1811 1935">
    <p class='ocr_par' dir='ltr' id='par_1_35' title="bbox 223 1863 1811 1935">
     <span class='ocr_line' id='line_1_35' title="bbox 223 1863 1811 1935; baseline 0.001 -18"><span class='ocrx_word' id='word_1_242' title='bbox 223 1864 296 1917; x_wconf 84' lang='grc' dir='ltr'><strong>δι’</strong></span> <span class='ocrx_word' id='word_1_243' title='bbox 333 1865 515 1921; x_wconf 72' lang='grc' dir='ltr'><strong>έλαίου</strong></span> <span class='ocrx_word' id='word_1_244' title='bbox 545 1863 910 1935; x_wconf 73' lang='grc' dir='ltr'><strong>έξυμωμένοι,</strong></span> <span class='ocrx_word' id='word_1_245' title='bbox 935 1866 1031 1919; x_wconf 76' lang='grc' dir='ltr'><strong>καὶ</strong></span> <span class='ocrx_word' id='word_1_246' title='bbox 1053 1865 1178 1919; x_wconf 77' lang='grc' dir='ltr'><strong>ὅσον</strong></span> <span class='ocrx_word' id='word_1_247' title='bbox 1210 1864 1419 1935; x_wconf 71' lang='grc' dir='ltr'><strong>ἢσθιεν,</strong></span> <span class='ocrx_word' id='word_1_248' title='bbox 1439 1866 1619 1920; x_wconf 72' lang='grc' dir='ltr'><strong>έκεῖνο</strong></span> <span class='ocrx_word' id='word_1_249' title='bbox 1648 1864 1811 1920; x_wconf 89' lang='grc' dir='ltr'><strong>πλέον</strong></span> 
     </span>
    </p>
   </div>
   <div class='ocr_carea' id='block_1_36' title="bbox 225 1952 1813 2025">
    <p class='ocr_par' dir='ltr' id='par_1_36' title="bbox 225 1952 1813 2025">
     <span class='ocr_line' id='line_1_36' title="bbox 225 1952 1813 2025; baseline 0.001 -18"><span class='ocrx_word' id='word_1_250' title='bbox 225 1953 429 2024; x_wconf 80' lang='grc' dir='ltr'><strong>ηΰξανε</strong></span> <span class='ocrx_word' id='word_1_251' title='bbox 479 1956 576 2008; x_wconf 72' lang='grc' dir='ltr'><strong>καὶ</strong></span> <span class='ocrx_word' id='word_1_252' title='bbox 619 1953 948 2024; x_wconf 73' lang='grc' dir='ltr'><strong>έμηκύνετο,</strong></span> <span class='ocrx_word' id='word_1_253' title='bbox 974 1952 1167 2009; x_wconf 84' lang='grc' dir='ltr'><strong>ἀλλοτε</strong></span> <span class='ocrx_word' id='word_1_254' title='bbox 1192 1953 1359 2008; x_wconf 86' lang='grc' dir='ltr'><strong>πάλιν</strong></span> <span class='ocrx_word' id='word_1_255' title='bbox 1393 1952 1583 2025; x_wconf 83' lang='grc' dir='ltr'><strong>ὥσπερ</strong></span> <span class='ocrx_word' id='word_1_256' title='bbox 1609 1953 1813 2025; x_wconf 78' lang='grc' dir='ltr'><strong>ένδυμά</strong></span> 
     </span>
    </p>
   </div>
   <div class='ocr_carea' id='block_1_37' title="bbox 227 2038 1811 2116">
    <p class='ocr_par' dir='ltr' id='par_1_37' title="bbox 227 2038 1811 2116">
     <span class='ocr_line' id='line_1_37' title="bbox 227 2038 1811 2116; baseline 0.001 -19"><span class='ocrx_word' id='word_1_257' title='bbox 227 2062 284 2098; x_wconf 87' lang='grc' dir='ltr'><strong>τι</strong></span> <span class='ocrx_word' id='word_1_258' title='bbox 320 2046 606 2113; x_wconf 84' lang='grc' dir='ltr'><strong>φωτεινὸν,</strong></span> <span class='ocrx_word' id='word_1_259' title='bbox 662 2038 776 2097; x_wconf 76' lang='grc' dir='ltr'><strong>οἷον</strong></span> <span class='ocrx_word' id='word_1_260' title='bbox 832 2044 933 2098; x_wconf 81' lang='grc' dir='ltr'><strong>οὐκ</strong></span> <span class='ocrx_word' id='word_1_261' title='bbox 985 2043 1135 2098; x_wconf 81' lang='grc' dir='ltr'><strong>εστιν</strong></span> <span class='ocrx_word' id='word_1_262' title='bbox 1184 2045 1279 2098; x_wconf 69' lang='grc' dir='ltr'><strong>ἰπὶ</strong></span> <span class='ocrx_word' id='word_1_263' title='bbox 1320 2044 1420 2116; x_wconf 83' lang='grc' dir='ltr'><strong>τῆς</strong></span> <span class='ocrx_word' id='word_1_264' title='bbox 1451 2046 1555 2116; x_wconf 76' lang='grc' dir='ltr'><strong>γῆς</strong></span> <span class='ocrx_word' id='word_1_265' title='bbox 1589 2047 1671 2109; x_wconf 86' lang='grc' dir='ltr'><strong>εἰς</strong></span> <span class='ocrx_word' id='word_1_266' title='bbox 1719 2045 1811 2100; x_wconf 84' lang='grc' dir='ltr'><strong>τὸν</strong></span> 
     </span>
    </p>
   </div>
   <div class='ocr_carea' id='block_1_38' title="bbox 227 2135 1812 2207">
    <p class='ocr_par' dir='ltr' id='par_1_38' title="bbox 227 2135 1812 2207">
     <span class='ocr_line' id='line_1_38' title="bbox 227 2135 1812 2207; baseline 0 -16"><span class='ocrx_word' id='word_1_267' title='bbox 227 2138 403 2191; x_wconf 84' lang='grc' dir='ltr'><strong>αἰῶνα</strong></span> <span class='ocrx_word' id='word_1_268' title='bbox 422 2135 637 2199; x_wconf 82' lang='grc' dir='ltr'><strong>τοῦτον,</strong></span> <span class='ocrx_word' id='word_1_269' title='bbox 669 2135 797 2189; x_wconf 76' lang='grc' dir='ltr'><strong>οὔτε</strong></span> <span class='ocrx_word' id='word_1_270' title='bbox 829 2135 934 2190; x_wconf 81' lang='grc' dir='ltr'><strong>ὑπὸ</strong></span> <span class='ocrx_word' id='word_1_271' title='bbox 963 2135 1321 2207; x_wconf 83' lang='grc' dir='ltr'><strong>ἀνθρωπίνων</strong></span> <span class='ocrx_word' id='word_1_272' title='bbox 1364 2136 1564 2207; x_wconf 86' lang='grc' dir='ltr'><strong>χειρῶν</strong></span> <span class='ocrx_word' id='word_1_273' title='bbox 1590 2136 1812 2191; x_wconf 88' lang='grc' dir='ltr'><strong>δυνατὸν</strong></span> 
     </span>
    </p>
   </div>
   <div class='ocr_carea' id='block_1_39' title="bbox 228 2228 1810 2302">
    <p class='ocr_par' dir='ltr' id='par_1_39' title="bbox 228 2228 1810 2302">
     <span class='ocr_line' id='line_1_39' title="bbox 228 2228 1810 2302; baseline 0 -20"><span class='ocrx_word' id='word_1_274' title='bbox 228 2228 762 2299; x_wconf 84' lang='grc' dir='ltr'><strong>κατασκευασθῆναι.</strong></span> <span class='ocrx_word' id='word_1_275' title='bbox 799 2229 896 2282; x_wconf 81' lang='grc' dir='ltr'><strong>’ον</strong></span> <span class='ocrx_word' id='word_1_276' title='bbox 930 2228 1041 2298; x_wconf 78' lang='grc' dir='ltr'><strong>γὰρ</strong></span> <span class='ocrx_word' id='word_1_277' title='bbox 1075 2229 1276 2298; x_wconf 82' lang='grc' dir='ltr'><strong>τρόπον</strong></span> <span class='ocrx_word' id='word_1_278' title='bbox 1303 2230 1384 2295; x_wconf 88' lang='grc' dir='ltr'><strong>εἰς</strong></span> <span class='ocrx_word' id='word_1_279' title='bbox 1417 2229 1480 2284; x_wconf 87' lang='grc' dir='ltr'><strong>τὸ</strong></span> <span class='ocrx_word' id='word_1_280' title='bbox 1504 2229 1631 2302; x_wconf 72' lang='grc' dir='ltr'><strong>ὅρος</strong></span> <span class='ocrx_word' id='word_1_281' title='bbox 1652 2229 1810 2285; x_wconf 79' lang='grc' dir='ltr'><strong>ἀνελ-</strong></span> 
     </span>
    </p>
   </div>
   <div class='ocr_carea' id='block_1_40' title="bbox 230 2318 1812 2393">
    <p class='ocr_par' dir='ltr' id='par_1_40' title="bbox 230 2318 1812 2393">
     <span class='ocr_line' id='line_1_40' title="bbox 230 2318 1812 2393; baseline 0.001 -19"><span class='ocrx_word' id='word_1_282' title='bbox 230 2320 342 2374; x_wconf 86' lang='grc' dir='ltr'><strong>θὼν</strong></span> <span class='ocrx_word' id='word_1_283' title='bbox 373 2321 403 2372; x_wconf 87' lang='grc' dir='ltr'><strong>ό</strong></span> <span class='ocrx_word' id='word_1_284' title='bbox 430 2318 633 2390; x_wconf 81' lang='grc' dir='ltr'><strong>Κύριος</strong></span> <span class='ocrx_word' id='word_1_285' title='bbox 679 2318 819 2390; x_wconf 88' lang='grc' dir='ltr'><strong>μετά</strong></span> <span class='ocrx_word' id='word_1_286' title='bbox 852 2318 1102 2374; x_wconf 82' lang='grc' dir='ltr'><strong>Ἰωάννου</strong></span> <span class='ocrx_word' id='word_1_287' title='bbox 1141 2320 1237 2374; x_wconf 79' lang='grc' dir='ltr'><strong>καὶ</strong></span> <span class='ocrx_word' id='word_1_288' title='bbox 1287 2322 1516 2393; x_wconf 84' lang='grc' dir='ltr'><strong>Πέτρου,</strong></span> <span class='ocrx_word' id='word_1_289' title='bbox 1551 2322 1812 2393; x_wconf 86' lang='grc' dir='ltr'><strong>μετήμει-</strong></span> 
     </span>
    </p>
   </div>
   <div class='ocr_carea' id='block_1_41' title="bbox 228 2410 1808 2484">
    <p class='ocr_par' dir='ltr' id='par_1_41' title="bbox 228 2410 1808 2484">
     <span class='ocr_line' id='line_1_41' title="bbox 228 2410 1808 2484; baseline 0.001 -18"><span class='ocrx_word' id='word_1_290' title='bbox 228 2413 333 2483; x_wconf 81' lang='grc' dir='ltr'><strong>ψεν</strong></span> <span class='ocrx_word' id='word_1_291' title='bbox 385 2411 553 2466; x_wconf 75' lang='grc' dir='ltr'><strong>αὐτοῦ</strong></span> <span class='ocrx_word' id='word_1_292' title='bbox 602 2411 672 2465; x_wconf 82' lang='grc' dir='ltr'><strong>τὰ</strong></span> <span class='ocrx_word' id='word_1_293' title='bbox 726 2413 917 2481; x_wconf 74' lang='grc' dir='ltr'><strong>ἱμάτια</strong></span> <span class='ocrx_word' id='word_1_294' title='bbox 973 2411 1069 2465; x_wconf 74' lang='grc' dir='ltr'><strong>καὶ</strong></span> <span class='ocrx_word' id='word_1_295' title='bbox 1100 2410 1438 2483; x_wconf 78' lang='grc' dir='ltr'><strong>έξαστράψαι</strong></span> <span class='ocrx_word' id='word_1_296' title='bbox 1486 2414 1808 2484; x_wconf 77' lang='grc' dir='ltr'><strong>πεποίηκεν·</strong></span> 
     </span>
    </p>
   </div>
   <div class='ocr_carea' id='block_1_42' title="bbox 229 2498 1812 2574">
    <p class='ocr_par' dir='ltr' id='par_1_42' title="bbox 229 2498 1812 2574">
     <span class='ocr_line' id='line_1_42' title="bbox 229 2498 1812 2574; baseline 0.001 -18"><span class='ocrx_word' id='word_1_297' title='bbox 229 2503 410 2568; x_wconf 76' lang='grc' dir='ltr'><strong>οὕτως</strong></span> <span class='ocrx_word' id='word_1_298' title='bbox 445 2498 514 2573; x_wconf 79' lang='grc' dir='ltr'><strong>ἦν</strong></span> <span class='ocrx_word' id='word_1_299' title='bbox 538 2502 601 2556; x_wconf 90' lang='grc' dir='ltr'><strong>τὸ</strong></span> <span class='ocrx_word' id='word_1_300' title='bbox 625 2501 828 2572; x_wconf 71' lang='grc' dir='ltr'><strong>ἔνδυμα</strong></span> <span class='ocrx_word' id='word_1_301' title='bbox 843 2503 1040 2570; x_wconf 75' lang='grc' dir='ltr'><strong>έκεῖνο,</strong></span> <span class='ocrx_word' id='word_1_302' title='bbox 1060 2506 1155 2557; x_wconf 81' lang='grc' dir='ltr'><strong>καὶ</strong></span> <span class='ocrx_word' id='word_1_303' title='bbox 1176 2503 1478 2574; x_wconf 70' lang='grc' dir='ltr'><strong>έθαύμασε,</strong></span> <span class='ocrx_word' id='word_1_304' title='bbox 1515 2505 1609 2559; x_wconf 74' lang='grc' dir='ltr'><strong>καὶ</strong></span> <span class='ocrx_word' id='word_1_305' title='bbox 1641 2503 1812 2574; x_wconf 73' lang='grc' dir='ltr'><strong>ιθαμ-</strong></span> 
     </span>
    </p>
   </div>
   <div class='ocr_carea' id='block_1_43' title="bbox 228 2592 1811 2666">
    <p class='ocr_par' dir='ltr' id='par_1_43' title="bbox 228 2592 1811 2666">
     <span class='ocr_line' id='line_1_43' title="bbox 228 2592 1811 2666; baseline 0 -19"><span class='ocrx_word' id='word_1_306' title='bbox 228 2594 384 2647; x_wconf 80' lang='grc' dir='ltr'><strong>δεῖτο</strong></span> <span class='ocrx_word' id='word_1_307' title='bbox 439 2594 471 2646; x_wconf 84' lang='grc' dir='ltr'><strong>ό</strong></span> <span class='ocrx_word' id='word_1_308' title='bbox 512 2593 867 2663; x_wconf 73' lang='grc' dir='ltr'><strong>ἑκδεδυμένος</strong></span> <span class='ocrx_word' id='word_1_309' title='bbox 897 2592 1222 2663; x_wconf 75' lang='grc' dir='ltr'><strong>ἄνθρωπος·</strong></span> <span class='ocrx_word' id='word_1_310' title='bbox 1253 2595 1310 2647; x_wconf 77' lang='grc' dir='ltr'><strong>έν</strong></span> <span class='ocrx_word' id='word_1_311' title='bbox 1338 2593 1482 2665; x_wconf 84' lang='grc' dir='ltr'><strong>ἀλλῳ</strong></span> <span class='ocrx_word' id='word_1_312' title='bbox 1530 2593 1590 2648; x_wconf 68' lang='grc' dir='ltr'><strong>δὲ</strong></span> <span class='ocrx_word' id='word_1_313' title='bbox 1633 2594 1811 2666; x_wconf 87' lang='grc' dir='ltr'><strong>καιρῷ</strong></span> 
     </span>
    </p>
   </div>
   <div class='ocr_carea' id='block_1_44' title="bbox 232 2682 1809 2758">
    <p class='ocr_par' dir='ltr' id='par_1_44' title="bbox 232 2682 1809 2758">
     <span class='ocr_line' id='line_1_44' title="bbox 232 2682 1809 2758; baseline 0.001 -20"><span class='ocrx_word' id='word_1_314' title='bbox 232 2682 368 2758; x_wconf 73' lang='grc' dir='ltr'><strong>αὐτὸ</strong></span> <span class='ocrx_word' id='word_1_315' title='bbox 403 2683 465 2738; x_wconf 89' lang='grc' dir='ltr'><strong>τὸ</strong></span> <span class='ocrx_word' id='word_1_316' title='bbox 498 2684 613 2755; x_wconf 84' lang='grc' dir='ltr'><strong>φῶς</strong></span> <span class='ocrx_word' id='word_1_317' title='bbox 646 2686 705 2738; x_wconf 72' lang='grc' dir='ltr'><strong>ιν</strong></span> <span class='ocrx_word' id='word_1_318' title='bbox 730 2686 796 2755; x_wconf 76' lang='grc' dir='ltr'><strong>τῇ</strong></span> <span class='ocrx_word' id='word_1_319' title='bbox 834 2684 1034 2756; x_wconf 79' lang='grc' dir='ltr'><strong>καρδίᾳ</strong></span> <span class='ocrx_word' id='word_1_320' title='bbox 1060 2686 1270 2754; x_wconf 82' lang='grc' dir='ltr'><strong>φαῖνον,</strong></span> <span class='ocrx_word' id='word_1_321' title='bbox 1303 2687 1491 2756; x_wconf 78' lang='grc' dir='ltr'><strong>ήνοιγε</strong></span> <span class='ocrx_word' id='word_1_322' title='bbox 1523 2686 1582 2738; x_wconf 77' lang='grc' dir='ltr'><strong>τὸ</strong></span> <span class='ocrx_word' id='word_1_323' title='bbox 1609 2686 1809 2739; x_wconf 73' lang='grc' dir='ltr'><strong>ένδότε-</strong></span> 
     </span>
    </p>
   </div>
   <div class='ocr_carea' id='block_1_45' title="bbox 232 2774 1812 2850">
    <p class='ocr_par' dir='ltr' id='par_1_45' title="bbox 232 2774 1812 2850">
     <span class='ocr_line' id='line_1_45' title="bbox 232 2774 1812 2850; baseline 0.001 -21"><span class='ocrx_word' id='word_1_324' title='bbox 232 2794 330 2850; x_wconf 91' lang='grc' dir='ltr'><strong>ρον</strong></span> <span class='ocrx_word' id='word_1_325' title='bbox 374 2775 471 2829; x_wconf 78' lang='grc' dir='ltr'><strong>καὶ</strong></span> <span class='ocrx_word' id='word_1_326' title='bbox 521 2774 837 2846; x_wconf 78' lang='grc' dir='ltr'><strong>βαθύτερον,</strong></span> <span class='ocrx_word' id='word_1_327' title='bbox 867 2775 965 2828; x_wconf 81' lang='grc' dir='ltr'><strong>καὶ</strong></span> <span class='ocrx_word' id='word_1_328' title='bbox 1004 2774 1323 2844; x_wconf 80' lang='grc' dir='ltr'><strong>ἀπόκρυφον</strong></span> <span class='ocrx_word' id='word_1_329' title='bbox 1347 2775 1485 2843; x_wconf 84' lang='grc' dir='ltr'><strong>φῶς,</strong></span> <span class='ocrx_word' id='word_1_330' title='bbox 1522 2774 1664 2830; x_wconf 84' lang='grc' dir='ltr'><strong>ὥστε</strong></span> <span class='ocrx_word' id='word_1_331' title='bbox 1691 2776 1812 2831; x_wconf 85' lang='grc' dir='ltr'><strong>όλον</strong></span> 
     </span>
    </p>
   </div>
   <div class='ocr_carea' id='block_1_46' title="bbox 229 2866 1809 2939">
    <p class='ocr_par' dir='ltr' id='par_1_46' title="bbox 229 2866 1809 2939">
     <span class='ocr_line' id='line_1_46' title="bbox 229 2866 1809 2939; baseline -0.001 -17"><span class='ocrx_word' id='word_1_332' title='bbox 229 2869 327 2922; x_wconf 84' lang='grc' dir='ltr'><strong>τὸν</strong></span> <span class='ocrx_word' id='word_1_333' title='bbox 354 2866 641 2937; x_wconf 74' lang='grc' dir='ltr'><strong>ἄνθρωπον</strong></span> <span class='ocrx_word' id='word_1_334' title='bbox 669 2866 1049 2921; x_wconf 78' lang='grc' dir='ltr'><strong>καταποθέντα</strong></span> <span class='ocrx_word' id='word_1_335' title='bbox 1091 2867 1173 2930; x_wconf 88' lang='grc' dir='ltr'><strong>εἰς</strong></span> <span class='ocrx_word' id='word_1_336' title='bbox 1230 2866 1446 2939; x_wconf 59' lang='grc' dir='ltr'><strong>ὲκείνην</strong></span> <span class='ocrx_word' id='word_1_337' title='bbox 1485 2867 1584 2937; x_wconf 85' lang='grc' dir='ltr'><strong>τήν</strong></span> <span class='ocrx_word' id='word_1_338' title='bbox 1609 2867 1809 2936; x_wconf 77' lang='grc' dir='ltr'><strong>γλυκύ·</strong></span> 
     </span>
    </p>
   </div>
   <div class='ocr_carea' id='block_1_47' title="bbox 228 2955 1811 3031">
    <p class='ocr_par' dir='ltr' id='par_1_47' title="bbox 228 2955 1811 3031">
     <span class='ocr_line' id='line_1_47' title="bbox 228 2955 1811 3031; baseline -0.003 -17"><span class='ocrx_word' id='word_1_339' title='bbox 228 2976 373 3031; x_wconf 82' lang='grc' dir='ltr'><strong>τητα</strong></span> <span class='ocrx_word' id='word_1_340' title='bbox 401 2959 495 3012; x_wconf 73' lang='grc' dir='ltr'><strong>καὶ</strong></span> <span class='ocrx_word' id='word_1_341' title='bbox 523 2957 780 3029; x_wconf 87' lang='grc' dir='ltr'><strong>θεωρίαν,</strong></span> <span class='ocrx_word' id='word_1_342' title='bbox 811 2956 1011 3028; x_wconf 81' lang='grc' dir='ltr'><strong>μηκέτι</strong></span> <span class='ocrx_word' id='word_1_343' title='bbox 1063 2955 1207 3026; x_wconf 69' lang='grc' dir='ltr'><strong>ἔχειν</strong></span> <span class='ocrx_word' id='word_1_344' title='bbox 1254 2956 1467 3023; x_wconf 67' lang='grc' dir='ltr'><strong>ἑαυτὸν,</strong></span> <span class='ocrx_word' id='word_1_345' title='bbox 1501 2957 1616 3010; x_wconf 84' lang='grc' dir='ltr'><strong>ἀλλ’</strong></span> <span class='ocrx_word' id='word_1_346' title='bbox 1672 2955 1811 3010; x_wconf 77' lang='grc' dir='ltr'><strong>εἰναι</strong></span> 
     </span>
    </p>
   </div>
   <div class='ocr_carea' id='block_1_48' title="bbox 231 3047 1810 3121">
    <p class='ocr_par' dir='ltr' id='par_1_48' title="bbox 231 3047 1810 3121">
     <span class='ocr_line' id='line_1_48' title="bbox 231 3047 1810 3121; baseline -0.002 -17"><span class='ocrx_word' id='word_1_347' title='bbox 231 3051 311 3114; x_wconf 80' lang='grc' dir='ltr'><strong>ὡς</strong></span> <span class='ocrx_word' id='word_1_348' title='bbox 344 3048 528 3121; x_wconf 85' lang='grc' dir='ltr'><strong>μωρὸν</strong></span> <span class='ocrx_word' id='word_1_349' title='bbox 555 3049 652 3103; x_wconf 81' lang='grc' dir='ltr'><strong>καὶ</strong></span> <span class='ocrx_word' id='word_1_350' title='bbox 682 3048 959 3120; x_wconf 81' lang='grc' dir='ltr'><strong>βάρϐαρον</strong></span> <span class='ocrx_word' id='word_1_351' title='bbox 994 3047 1073 3117; x_wconf 83' lang='grc' dir='ltr'><strong>τῷ</strong></span> <span class='ocrx_word' id='word_1_352' title='bbox 1100 3048 1293 3119; x_wconf 84' lang='grc' dir='ltr'><strong>κόσμῳ</strong></span> <span class='ocrx_word' id='word_1_353' title='bbox 1324 3047 1521 3120; x_wconf 85' lang='grc' dir='ltr'><strong>τούτῳ,</strong></span> <span class='ocrx_word' id='word_1_354' title='bbox 1572 3047 1662 3102; x_wconf 81' lang='grc' dir='ltr'><strong>διὰ</strong></span> <span class='ocrx_word' id='word_1_355' title='bbox 1710 3048 1810 3119; x_wconf 79' lang='grc' dir='ltr'><strong>τὴν</strong></span> 
     </span>
    </p>
   </div>
   <div class='ocr_carea' id='block_1_49' title="bbox 231 3118 1883 3214">
    <p class='ocr_par' dir='ltr' id='par_1_49' title="bbox 231 3118 1883 3214">
     <span class='ocr_line' id='line_1_49' title="bbox 231 3118 1883 3214; baseline -0.004 -17"><span class='ocrx_word' id='word_1_356' title='bbox 231 3118 681 3214; x_wconf 73' lang='grc' dir='ltr'><strong>ὑπερϐάλλουσαν</strong></span> <span class='ocrx_word' id='word_1_357' title='bbox 708 3118 931 3213; x_wconf 83' lang='grc' dir='ltr'><strong>ἀγάπην</strong></span> <span class='ocrx_word' id='word_1_358' title='bbox 954 3142 1048 3195; x_wconf 75' lang='grc' dir='ltr'><strong>καὶ</strong></span> <span class='ocrx_word' id='word_1_359' title='bbox 1071 3118 1405 3211; x_wconf 76' lang='grc' dir='ltr'><strong>γλυκύτητα,</strong></span> <span class='ocrx_word' id='word_1_360' title='bbox 1437 3118 1527 3194; x_wconf 81' lang='grc' dir='ltr'><strong>διὰ</strong></span> <span class='ocrx_word' id='word_1_361' title='bbox 1574 3139 1645 3193; x_wconf 73' lang='lat' dir='ltr'><strong>sa</strong></span> <span class='ocrx_word' id='word_1_362' title='bbox 1669 3118 1809 3195; x_wconf 86' lang='grc' dir='ltr'><strong>ἀπό-</strong></span> <span class='ocrx_word' id='word_1_363' title='bbox 1836 3118 1883 3180; x_wconf 77' lang='lat' dir='ltr'>c</span> 
     </span>
    </p>
   </div>
   <div class='ocr_carea' id='block_1_50' title="bbox 231 3228 1818 3306">
    <p class='ocr_par' dir='ltr' id='par_1_50' title="bbox 231 3228 1818 3306">
     <span class='ocr_line' id='line_1_50' title="bbox 231 3228 1818 3306; baseline -0.004 -17"><span class='ocrx_word' id='word_1_364' title='bbox 231 3250 423 3306; x_wconf 80' lang='grc' dir='ltr'><strong>κρυφα</strong></span> <span class='ocrx_word' id='word_1_365' title='bbox 444 3232 721 3304; x_wconf 82' lang='grc' dir='ltr'><strong>μυστήρια</strong></span> <span class='ocrx_word' id='word_1_366' title='bbox 739 3247 754 3263; x_wconf 77' lang='grc' dir='ltr'><strong>ο</strong></span> <span class='ocrx_word' id='word_1_367' title='bbox 776 3230 917 3285; x_wconf 85' lang='grc' dir='ltr'><strong>ὥστε</strong></span> <span class='ocrx_word' id='word_1_368' title='bbox 938 3231 1029 3286; x_wconf 64' lang='grc' dir='ltr'><strong>τὸν</strong></span> <span class='ocrx_word' id='word_1_369' title='bbox 1050 3230 1338 3301; x_wconf 73' lang='grc' dir='ltr'><strong>ἄνθρωπον</strong></span> <span class='ocrx_word' id='word_1_370' title='bbox 1363 3230 1485 3285; x_wconf 84' lang='grc' dir='ltr'><strong>κατ’</strong></span> <span class='ocrx_word' id='word_1_371' title='bbox 1507 3228 1818 3285; x_wconf 64' lang='grc' dir='ltr'><strong>ἐκεῖνοντὸν</strong></span> 
     </span>
    </p>
   </div>
   <div class='ocr_carea' id='block_1_51' title="bbox 233 3318 1819 3399">
    <p class='ocr_par' dir='ltr' id='par_1_51' title="bbox 233 3318 1819 3399">
     <span class='ocr_line' id='line_1_51' title="bbox 233 3318 1819 3399; baseline -0.003 -18"><span class='ocrx_word' id='word_1_372' title='bbox 233 3327 430 3399; x_wconf 87' lang='grc' dir='ltr'><strong>καιρὸν</strong></span> <span class='ocrx_word' id='word_1_373' title='bbox 451 3325 882 3395; x_wconf 75' lang='grc' dir='ltr'><strong>ἐλευθερωθέντα</strong></span> <span class='ocrx_word' id='word_1_374' title='bbox 902 3323 1104 3392; x_wconf 83' lang='grc' dir='ltr'><strong>φθάσαι</strong></span> <span class='ocrx_word' id='word_1_375' title='bbox 1120 3326 1200 3388; x_wconf 87' lang='grc' dir='ltr'><strong>εἰς</strong></span> <span class='ocrx_word' id='word_1_376' title='bbox 1220 3322 1288 3377; x_wconf 81' lang='grc' dir='ltr'><strong>τά</strong></span> <span class='ocrx_word' id='word_1_377' title='bbox 1310 3323 1492 3377; x_wconf 86' lang='grc' dir='ltr'><strong>τέλεια</strong></span> <span class='ocrx_word' id='word_1_378' title='bbox 1507 3318 1702 3395; x_wconf 84' lang='grc' dir='ltr'><strong>μέτρα,</strong></span> <span class='ocrx_word' id='word_1_379' title='bbox 1726 3323 1819 3376; x_wconf 78' lang='grc' dir='ltr'><strong>καὶ</strong></span> 
     </span>
    </p>
   </div>
   <div class='ocr_carea' id='block_1_52' title="bbox 235 3412 1821 3487">
    <p class='ocr_par' dir='ltr' id='par_1_52' title="bbox 235 3412 1821 3487">
     <span class='ocr_line' id='line_1_52' title="bbox 235 3412 1821 3487; baseline -0.002 -16"><span class='ocrx_word' id='word_1_380' title='bbox 235 3414 381 3472; x_wconf 79' lang='grc' dir='ltr'><strong>εἶναι</strong></span> <span class='ocrx_word' id='word_1_381' title='bbox 416 3416 655 3487; x_wconf 85' lang='grc' dir='ltr'><strong>καθαρὸν</strong></span> <span class='ocrx_word' id='word_1_382' title='bbox 686 3416 780 3469; x_wconf 75' lang='grc' dir='ltr'><strong>καὶ</strong></span> <span class='ocrx_word' id='word_1_383' title='bbox 809 3415 1095 3487; x_wconf 69' lang='grc' dir='ltr'><strong>ἐλεύθερον</strong></span> <span class='ocrx_word' id='word_1_384' title='bbox 1126 3416 1191 3468; x_wconf 80' lang='grc' dir='ltr'><strong>έκ</strong></span> <span class='ocrx_word' id='word_1_385' title='bbox 1217 3415 1317 3484; x_wconf 84' lang='grc' dir='ltr'><strong>τῆς</strong></span> <span class='ocrx_word' id='word_1_386' title='bbox 1348 3414 1651 3486; x_wconf 78' lang='grc' dir='ltr'><strong>ἁμαρτίαςο</strong></span> <span class='ocrx_word' id='word_1_387' title='bbox 1683 3412 1821 3468; x_wconf 83' lang='grc' dir='ltr'><strong>ἀλλά</strong></span> 
     </span>
    </p>
   </div>
   <div class='ocr_carea' id='block_1_53' title="bbox 238 3498 1819 3579">
    <p class='ocr_par' dir='ltr' id='par_1_53' title="bbox 238 3498 1819 3579">
     <span class='ocr_line' id='line_1_53' title="bbox 238 3498 1819 3579; baseline -0.004 -16"><span class='ocrx_word' id='word_1_388' title='bbox 238 3509 381 3579; x_wconf 84' lang='grc' dir='ltr'><strong>μετά</strong></span> <span class='ocrx_word' id='word_1_389' title='bbox 402 3508 575 3561; x_wconf 81' lang='grc' dir='ltr'><strong>ταῦτα</strong></span> <span class='ocrx_word' id='word_1_390' title='bbox 600 3505 917 3560; x_wconf 79' lang='grc' dir='ltr'><strong>ὑπέστειλεν</strong></span> <span class='ocrx_word' id='word_1_391' title='bbox 934 3506 967 3575; x_wconf 90' lang='grc' dir='ltr'><strong>ή</strong></span> <span class='ocrx_word' id='word_1_392' title='bbox 982 3503 1291 3576; x_wconf 77' lang='grc' dir='ltr'><strong>χάρις,.καὶ</strong></span> <span class='ocrx_word' id='word_1_393' title='bbox 1314 3498 1446 3575; x_wconf 80' lang='grc' dir='ltr'><strong>ἦλθε</strong></span> <span class='ocrx_word' id='word_1_394' title='bbox 1474 3503 1535 3557; x_wconf 91' lang='grc' dir='ltr'><strong>τὸ</strong></span> <span class='ocrx_word' id='word_1_395' title='bbox 1552 3502 1819 3574; x_wconf 83' lang='grc' dir='ltr'><strong>κάλυμμα</strong></span> 
     </span>
    </p>
   </div>
   <div class='ocr_carea' id='block_1_54' title="bbox 231 3596 1818 3669">
    <p class='ocr_par' dir='ltr' id='par_1_54' title="bbox 231 3596 1818 3669">
     <span class='ocr_line' id='line_1_54' title="bbox 231 3596 1818 3669; baseline -0.003 -15"><span class='ocrx_word' id='word_1_396' title='bbox 231 3602 339 3669; x_wconf 80' lang='grc' dir='ltr'><strong>τῆς</strong></span> <span class='ocrx_word' id='word_1_397' title='bbox 358 3601 607 3663; x_wconf 70' lang='grc' dir='ltr'><strong>ἐναντίας</strong></span> <span class='ocrx_word' id='word_1_398' title='bbox 632 3599 932 3669; x_wconf 85' lang='grc' dir='ltr'><strong>δυνάμεως·</strong></span> <span class='ocrx_word' id='word_1_399' title='bbox 951 3598 1199 3668; x_wconf 85' lang='grc' dir='ltr'><strong>φαίνεται</strong></span> <span class='ocrx_word' id='word_1_400' title='bbox 1220 3597 1276 3651; x_wconf 85' lang='grc' dir='ltr'><strong>δέ</strong></span> <span class='ocrx_word' id='word_1_401' title='bbox 1297 3600 1424 3661; x_wconf 80' lang='grc' dir='ltr'><strong>πως·</strong></span> <span class='ocrx_word' id='word_1_402' title='bbox 1433 3596 1694 3666; x_wconf 82' lang='grc' dir='ltr'><strong>μερικῶς,</strong></span> <span class='ocrx_word' id='word_1_403' title='bbox 1724 3596 1818 3650; x_wconf 79' lang='grc' dir='ltr'><strong>καὶ</strong></span> 
     </span>
    </p>
   </div>
   <div class='ocr_carea' id='block_1_55' title="bbox 236 3688 1813 3763">
    <p class='ocr_par' dir='ltr' id='par_1_55' title="bbox 236 3688 1813 3763">
     <span class='ocr_line' id='line_1_55' title="bbox 236 3688 1813 3763; baseline -0.003 -15"><span class='ocrx_word' id='word_1_404' title='bbox 236 3696 371 3763; x_wconf 65' lang='lat' dir='ltr'><strong>last;</strong></span> <span class='ocrx_word' id='word_1_405' title='bbox 402 3694 479 3756; x_wconf 86' lang='grc' dir='ltr'><strong>εἰς</strong></span> <span class='ocrx_word' id='word_1_406' title='bbox 505 3692 603 3746; x_wconf 71' lang='grc' dir='ltr'><strong>ἕνα</strong></span> <span class='ocrx_word' id='word_1_407' title='bbox 630 3690 836 3761; x_wconf 81' lang='grc' dir='ltr'><strong>βαθμὸν</strong></span> <span class='ocrx_word' id='word_1_408' title='bbox 863 3689 955 3743; x_wconf 83' lang='grc' dir='ltr'><strong>τὸν</strong></span> <span class='ocrx_word' id='word_1_409' title='bbox 981 3689 1298 3758; x_wconf 85' lang='grc' dir='ltr'><strong>κατώτερον</strong></span> <span class='ocrx_word' id='word_1_410' title='bbox 1325 3690 1425 3758; x_wconf 85' lang='grc' dir='ltr'><strong>τῆς</strong></span> <span class='ocrx_word' id='word_1_411' title='bbox 1455 3688 1813 3757; x_wconf 86' lang='grc' dir='ltr'><strong>τελειότητος.</strong></span> 
     </span>
    </p>
   </div>
   <div class='ocr_carea' id='block_1_56' title="bbox 312 3780 1816 3855">
    <p class='ocr_par' dir='ltr' id='par_1_56' title="bbox 312 3780 1816 3855">
     <span class='ocr_line' id='line_1_56' title="bbox 312 3780 1816 3855; baseline -0.004 -14"><span class='ocrx_word' id='word_1_412' title='bbox 312 3790 391 3841; x_wconf 89' lang='grc' dir='ltr'><strong>Δ’.</strong></span> <span class='ocrx_word' id='word_1_413' title='bbox 432 3786 543 3850; x_wconf 84' lang='grc' dir='ltr'><strong>⁸ος,</strong></span> <span class='ocrx_word' id='word_1_414' title='bbox 582 3784 668 3837; x_wconf 72' lang='grc' dir='ltr'><strong>ἵνα</strong></span> <span class='ocrx_word' id='word_1_415' title='bbox 700 3783 966 3855; x_wconf 73' lang='grc' dir='ltr'><strong>εἴπωμεν,</strong></span> <span class='ocrx_word' id='word_1_416' title='bbox 992 3782 1098 3854; x_wconf 77' lang='grc' dir='ltr'><strong>χρὴ</strong></span> <span class='ocrx_word' id='word_1_417' title='bbox 1120 3780 1327 3836; x_wconf 87' lang='grc' dir='ltr'><strong>δώδεκα</strong></span> <span class='ocrx_word' id='word_1_418' title='bbox 1353 3781 1597 3853; x_wconf 84' lang='grc' dir='ltr'><strong>βαθμοὺς</strong></span> <span class='ocrx_word' id='word_1_419' title='bbox 1625 3781 1816 3853; x_wconf 77' lang='grc' dir='ltr'><strong>παρελο</strong></span> 
     </span>
    </p>
   </div>
   <div class='ocr_carea' id='block_1_57' title="bbox 238 3873 1815 3948">
    <p class='ocr_par' dir='ltr' id='par_1_57' title="bbox 238 3873 1815 3948">
     <span class='ocr_line' id='line_1_57' title="bbox 238 3873 1815 3948; baseline -0.006 -13"><span class='ocrx_word' id='word_1_420' title='bbox 238 3881 357 3935; x_wconf 88' lang='grc' dir='ltr'><strong>θεῖν</strong></span> <span class='ocrx_word' id='word_1_421' title='bbox 382 3896 527 3943; x_wconf 89' lang='grc' dir='ltr'><strong>τινα,</strong></span> <span class='ocrx_word' id='word_1_422' title='bbox 550 3877 644 3931; x_wconf 76' lang='grc' dir='ltr'><strong>καὶ</strong></span> <span class='ocrx_word' id='word_1_423' title='bbox 674 3876 877 3948; x_wconf 86' lang='grc' dir='ltr'><strong>φθάσαι</strong></span> <span class='ocrx_word' id='word_1_424' title='bbox 908 3877 985 3938; x_wconf 86' lang='grc' dir='ltr'><strong>εἰς</strong></span> <span class='ocrx_word' id='word_1_425' title='bbox 1014 3875 1112 3944; x_wconf 82' lang='grc' dir='ltr'><strong>τὴν</strong></span> <span class='ocrx_word' id='word_1_426' title='bbox 1140 3874 1472 3945; x_wconf 86' lang='grc' dir='ltr'><strong>τελειότητα.</strong></span> <span class='ocrx_word' id='word_1_427' title='bbox 1514 3874 1602 3928; x_wconf 85' lang='lat' dir='ltr'><strong>&#39;Ev</strong></span> <span class='ocrx_word' id='word_1_428' title='bbox 1639 3873 1815 3947; x_wconf 87' lang='grc' dir='ltr'><strong>καιρῷ</strong></span> 
     </span>
    </p>
   </div>
   <div class='ocr_carea' id='block_1_58' title="bbox 238 3965 1814 4039">
    <p class='ocr_par' dir='ltr' id='par_1_58' title="bbox 238 3965 1814 4039">
     <span class='ocr_line' id='line_1_58' title="bbox 238 3965 1814 4039; baseline -0.005 -14"><span class='ocrx_word' id='word_1_429' title='bbox 238 3988 326 4037; x_wconf 89' lang='grc' dir='ltr'><strong>τις</strong></span> <span class='ocrx_word' id='word_1_430' title='bbox 360 3970 563 4039; x_wconf 73' lang='grc' dir='ltr'><strong>ἔφθασε</strong></span> <span class='ocrx_word' id='word_1_431' title='bbox 593 3968 922 4023; x_wconf 80' lang='grc' dir='ltr'><strong>καταλασεῖν</strong></span> <span class='ocrx_word' id='word_1_432' title='bbox 947 3968 1122 4020; x_wconf 75' lang='grc' dir='ltr'><strong>έκεῖνο</strong></span> <span class='ocrx_word' id='word_1_433' title='bbox 1161 3965 1224 4018; x_wconf 81' lang='grc' dir='ltr'><strong>τὸ</strong></span> <span class='ocrx_word' id='word_1_434' title='bbox 1257 3966 1472 4036; x_wconf 81' lang='grc' dir='ltr'><strong>μέτρον,</strong></span> <span class='ocrx_word' id='word_1_435' title='bbox 1504 3967 1600 4019; x_wconf 73' lang='grc' dir='ltr'><strong>καὶ</strong></span> <span class='ocrx_word' id='word_1_436' title='bbox 1631 3965 1814 4036; x_wconf 81' lang='grc' dir='ltr'><strong>εἰσῆλ-</strong></span> 
     </span>
    </p>
   </div>
   <div class='ocr_carea' id='block_1_59' title="bbox 240 4054 1815 4131">
    <p class='ocr_par' dir='ltr' id='par_1_59' title="bbox 240 4054 1815 4131">
     <span class='ocr_line' id='line_1_59' title="bbox 240 4054 1815 4131; baseline -0.005 -15"><span class='ocrx_word' id='word_1_437' title='bbox 240 4063 335 4116; x_wconf 86' lang='grc' dir='ltr'><strong>θεν</strong></span> <span class='ocrx_word' id='word_1_438' title='bbox 356 4063 437 4125; x_wconf 83' lang='grc' dir='ltr'><strong>εἰς</strong></span> <span class='ocrx_word' id='word_1_439' title='bbox 462 4063 560 4131; x_wconf 77' lang='grc' dir='ltr'><strong>τὴν</strong></span> <span class='ocrx_word' id='word_1_440' title='bbox 578 4060 892 4129; x_wconf 85' lang='grc' dir='ltr'><strong>τελειότητα</strong></span> <span class='ocrx_word' id='word_1_441' title='bbox 912 4073 925 4086; x_wconf 71' lang='grc' dir='ltr'><strong><em>ο</em></strong></span> <span class='ocrx_word' id='word_1_442' title='bbox 955 4057 1117 4111; x_wconf 89' lang='grc' dir='ltr'><strong>πάλιν</strong></span> <span class='ocrx_word' id='word_1_443' title='bbox 1142 4054 1419 4109; x_wconf 71' lang='grc' dir='ltr'><strong>ἐνδίδωσιν</strong></span> <span class='ocrx_word' id='word_1_444' title='bbox 1440 4058 1472 4124; x_wconf 85' lang='grc' dir='ltr'><strong>ή</strong></span> <span class='ocrx_word' id='word_1_445' title='bbox 1510 4057 1691 4126; x_wconf 88' lang='grc' dir='ltr'><strong>χάρις,</strong></span> <span class='ocrx_word' id='word_1_446' title='bbox 1721 4056 1815 4108; x_wconf 79' lang='grc' dir='ltr'><strong>καὶ</strong></span> 
     </span>
    </p>
   </div>
   <div class='ocr_carea' id='block_1_60' title="bbox 240 4146 1816 4223">
    <p class='ocr_par' dir='ltr' id='par_1_60' title="bbox 240 4146 1816 4223">
     <span class='ocr_line' id='line_1_60' title="bbox 240 4146 1816 4223; baseline -0.006 -15"><span class='ocrx_word' id='word_1_447' title='bbox 240 4154 570 4223; x_wconf 79' lang='grc' dir='ltr'><strong>κατέρχεται</strong></span> <span class='ocrx_word' id='word_1_448' title='bbox 622 4151 751 4221; x_wconf 79' lang='grc' dir='ltr'><strong>παρ’</strong></span> <span class='ocrx_word' id='word_1_449' title='bbox 781 4150 877 4204; x_wconf 69' lang='grc' dir='ltr'><strong>ἕνα</strong></span> <span class='ocrx_word' id='word_1_450' title='bbox 922 4148 1151 4219; x_wconf 84' lang='grc' dir='ltr'><strong>βαθμὸν,</strong></span> <span class='ocrx_word' id='word_1_451' title='bbox 1183 4146 1281 4201; x_wconf 75' lang='grc' dir='ltr'><strong>καὶ</strong></span> <span class='ocrx_word' id='word_1_452' title='bbox 1318 4147 1538 4217; x_wconf 79' lang='grc' dir='ltr'><strong>ἑστήκει</strong></span> <span class='ocrx_word' id='word_1_453' title='bbox 1572 4148 1652 4210; x_wconf 90' lang='grc' dir='ltr'><strong>εἰς</strong></span> <span class='ocrx_word' id='word_1_454' title='bbox 1689 4148 1816 4212; x_wconf 84' lang='grc' dir='ltr'><strong>τοὺς</strong></span> 
     </span>
    </p>
   </div>
   <div class='ocr_carea' id='block_1_61' title="bbox 239 4236 1814 4308">
    <p class='ocr_par' dir='ltr' id='par_1_61' title="bbox 239 4236 1814 4308">
     <span class='ocr_line' id='line_1_61' title="bbox 239 4236 1814 4308; baseline -0.006 -9"><span class='ocrx_word' id='word_1_455' title='bbox 239 4246 454 4299; x_wconf 69' lang='grc' dir='ltr'><strong>ἕνδεκα.</strong></span> <span class='ocrx_word' id='word_1_456' title='bbox 507 4236 605 4306; x_wconf 75' lang='grc' dir='ltr'><strong>Εἷς</strong></span> <span class='ocrx_word' id='word_1_457' title='bbox 650 4242 707 4295; x_wconf 78' lang='grc' dir='ltr'><strong>δέ</strong></span> <span class='ocrx_word' id='word_1_458' title='bbox 744 4258 825 4303; x_wconf 82' lang='grc' dir='ltr'><strong>τις</strong></span> <span class='ocrx_word' id='word_1_459' title='bbox 864 4238 1120 4302; x_wconf 89' lang='grc' dir='ltr'><strong>πλούσιος</strong></span> <span class='ocrx_word' id='word_1_460' title='bbox 1164 4239 1223 4291; x_wconf 72' lang='grc' dir='ltr'><strong>έν</strong></span> <span class='ocrx_word' id='word_1_461' title='bbox 1249 4241 1315 4307; x_wconf 78' lang='grc' dir='ltr'><strong>τῇ</strong></span> <span class='ocrx_word' id='word_1_462' title='bbox 1349 4237 1552 4308; x_wconf 90' lang='grc' dir='ltr'><strong>χάριτι,</strong></span> <span class='ocrx_word' id='word_1_463' title='bbox 1586 4237 1814 4292; x_wconf 86' lang='grc' dir='ltr'><strong>πάντοτε</strong></span> 
     </span>
    </p>
   </div>
   <div class='ocr_carea' id='block_1_62' title="bbox 240 4329 1814 4403">
    <p class='ocr_par' dir='ltr' id='par_1_62' title="bbox 240 4329 1814 4403">
     <span class='ocr_line' id='line_1_62' title="bbox 240 4329 1814 4403; baseline -0.004 -17"><span class='ocrx_word' id='word_1_464' title='bbox 240 4333 437 4397; x_wconf 91' lang='grc' dir='ltr'><strong>νυκτὸς</strong></span> <span class='ocrx_word' id='word_1_465' title='bbox 465 4333 560 4387; x_wconf 77' lang='grc' dir='ltr'><strong>καὶ</strong></span> <span class='ocrx_word' id='word_1_466' title='bbox 586 4332 817 4403; x_wconf 81' lang='grc' dir='ltr'><strong>ἡμέρας,</strong></span> <span class='ocrx_word' id='word_1_467' title='bbox 835 4334 915 4395; x_wconf 87' lang='grc' dir='ltr'><strong>εἰς</strong></span> <span class='ocrx_word' id='word_1_468' title='bbox 941 4330 1012 4385; x_wconf 90' lang='grc' dir='ltr'><strong>τά</strong></span> <span class='ocrx_word' id='word_1_469' title='bbox 1039 4330 1221 4384; x_wconf 85' lang='grc' dir='ltr'><strong>τέλεια</strong></span> <span class='ocrx_word' id='word_1_470' title='bbox 1245 4330 1423 4401; x_wconf 80' lang='grc' dir='ltr'><strong>μέτρα</strong></span> <span class='ocrx_word' id='word_1_471' title='bbox 1449 4329 1706 4400; x_wconf 71' lang='grc' dir='ltr'><strong>ἕστηκεν,</strong></span> <span class='ocrx_word' id='word_1_472' title='bbox 1740 4330 1814 4383; x_wconf 83' lang='grc' dir='ltr'><strong>ὢν</strong></span> 
     </span>
    </p>
   </div>
   <div class='ocr_carea' id='block_1_63' title="bbox 1910 1868 3489 1939">
    <p class='ocr_par' dir='ltr' id='par_1_63' title="bbox 1910 1868 3489 1939">
     <span class='ocr_line' id='line_1_63' title="bbox 1910 1868 3489 1939; baseline 0 -16"><span class='ocrx_word' id='word_1_473' title='bbox 1910 1877 1968 1923; x_wconf 90' lang='lat' dir='ltr'><strong>et</strong></span> <span class='ocrx_word' id='word_1_474' title='bbox 1987 1877 2195 1939; x_wconf 92' lang='lat' dir='ltr'><strong>quanto</strong></span> <span class='ocrx_word' id='word_1_475' title='bbox 2215 1869 2389 1939; x_wconf 84' lang='lat' dir='ltr'><strong>magis</strong></span> <span class='ocrx_word' id='word_1_476' title='bbox 2415 1868 2628 1933; x_wconf 88' lang='lat' dir='ltr'><strong>ederet,</strong></span> <span class='ocrx_word' id='word_1_477' title='bbox 2670 1877 2825 1923; x_wconf 86' lang='lat' dir='ltr'><strong>tanto</strong></span> <span class='ocrx_word' id='word_1_478' title='bbox 2856 1869 3030 1939; x_wconf 84' lang='lat' dir='ltr'><strong>magis</strong></span> <span class='ocrx_word' id='word_1_479' title='bbox 3058 1869 3406 1939; x_wconf 76' lang='lat' dir='ltr'><strong>augebantur</strong></span> <span class='ocrx_word' id='word_1_480' title='bbox 3433 1880 3489 1923; x_wconf 90' lang='lat' dir='ltr'><strong>et</strong></span> 
     </span>
    </p>
   </div>
   <div class='ocr_carea' id='block_1_64' title="bbox 1910 1958 3484 2029">
    <p class='ocr_par' dir='ltr' id='par_1_64' title="bbox 1910 1958 3484 2029">
     <span class='ocr_line' id='line_1_64' title="bbox 1910 1958 3484 2029; baseline 0 -16"><span class='ocrx_word' id='word_1_481' title='bbox 1910 1958 2265 2014; x_wconf 79' lang='lat' dir='ltr'><strong>crescebant:</strong></span> <span class='ocrx_word' id='word_1_482' title='bbox 2296 1960 2421 2014; x_wconf 90' lang='lat' dir='ltr'><strong>aliis</strong></span> <span class='ocrx_word' id='word_1_483' title='bbox 2450 1960 2580 2014; x_wconf 90' lang='lat' dir='ltr'><strong>item</strong></span> <span class='ocrx_word' id='word_1_484' title='bbox 2613 1959 2871 2029; x_wconf 88' lang='lat' dir='ltr'><strong>apparuit</strong></span> <span class='ocrx_word' id='word_1_485' title='bbox 2905 1960 3057 2013; x_wconf 90' lang='lat' dir='ltr'><strong>velut</strong></span> <span class='ocrx_word' id='word_1_486' title='bbox 3090 1960 3484 2015; x_wconf 79' lang='lat' dir='ltr'><strong>vestimentum</strong></span> 
     </span>
    </p>
   </div>
   <div class='ocr_carea' id='block_1_65' title="bbox 1912 2049 3488 2120">
    <p class='ocr_par' dir='ltr' id='par_1_65' title="bbox 1912 2049 3488 2120">
     <span class='ocr_line' id='line_1_65' title="bbox 1912 2049 3488 2120; baseline 0 -16"><span class='ocrx_word' id='word_1_487' title='bbox 1912 2049 2282 2120; x_wconf 87' lang='lat' dir='ltr'><strong>splendidum,</strong></span> <span class='ocrx_word' id='word_1_488' title='bbox 2318 2051 2481 2120; x_wconf 90' lang='lat' dir='ltr'><strong>quale</strong></span> <span class='ocrx_word' id='word_1_489' title='bbox 2514 2065 2626 2104; x_wconf 92' lang='lat' dir='ltr'><strong>non</strong></span> <span class='ocrx_word' id='word_1_490' title='bbox 2657 2059 2743 2104; x_wconf 90' lang='lat' dir='ltr'><strong>est</strong></span> <span class='ocrx_word' id='word_1_491' title='bbox 2765 2052 2819 2104; x_wconf 95' lang='lat' dir='ltr'><strong>in</strong></span> <span class='ocrx_word' id='word_1_492' title='bbox 2848 2059 2993 2105; x_wconf 88' lang='lat' dir='ltr'><strong>terra</strong></span> <span class='ocrx_word' id='word_1_493' title='bbox 3022 2051 3129 2105; x_wconf 92' lang='lat' dir='ltr'><strong>hoc</strong></span> <span class='ocrx_word' id='word_1_494' title='bbox 3163 2051 3369 2106; x_wconf 69' lang='lat' dir='ltr'><strong>saeculo</strong></span> <span class='ocrx_word' id='word_1_495' title='bbox 3404 2050 3488 2105; x_wconf 92' lang='lat' dir='ltr'><strong>ul-</strong></span> 
     </span>
    </p>
   </div>
   <div class='ocr_carea' id='block_1_66' title="bbox 1911 2141 3490 2212">
    <p class='ocr_par' dir='ltr' id='par_1_66' title="bbox 1911 2141 3490 2212">
     <span class='ocr_line' id='line_1_66' title="bbox 1911 2141 3490 2212; baseline -0.002 -14"><span class='ocrx_word' id='word_1_496' title='bbox 1911 2142 2048 2208; x_wconf 89' lang='lat' dir='ltr'><strong>lum,</strong></span> <span class='ocrx_word' id='word_1_497' title='bbox 2093 2157 2197 2198; x_wconf 93' lang='lat' dir='ltr'><strong>nec</strong></span> <span class='ocrx_word' id='word_1_498' title='bbox 2236 2141 2493 2196; x_wconf 89' lang='lat' dir='ltr'><strong>manibus</strong></span> <span class='ocrx_word' id='word_1_499' title='bbox 2524 2141 2811 2196; x_wconf 87' lang='lat' dir='ltr'><strong>hominum</strong></span> <span class='ocrx_word' id='word_1_500' title='bbox 2844 2141 3041 2195; x_wconf 88' lang='lat' dir='ltr'><strong>confici</strong></span> <span class='ocrx_word' id='word_1_501' title='bbox 3065 2150 3267 2212; x_wconf 89' lang='lat' dir='ltr'><strong>potest.</strong></span> <span class='ocrx_word' id='word_1_502' title='bbox 3287 2141 3490 2207; x_wconf 85' lang='lat' dir='ltr'><strong>Quem-</strong></span> 
     </span>
    </p>
   </div>
   <div class='ocr_carea' id='block_1_67' title="bbox 1910 2229 3489 2287">
    <p class='ocr_par' dir='ltr' id='par_1_67' title="bbox 1910 2229 3489 2287">
     <span class='ocr_line' id='line_1_67' title="bbox 1910 2229 3489 2287; baseline -0.003 0"><span class='ocrx_word' id='word_1_503' title='bbox 1910 2232 2207 2287; x_wconf 87' lang='lat' dir='ltr'><strong>admodum</strong></span> <span class='ocrx_word' id='word_1_504' title='bbox 2259 2231 2409 2285; x_wconf 89' lang='lat' dir='ltr'><strong>enim</strong></span> <span class='ocrx_word' id='word_1_505' title='bbox 2448 2238 2692 2285; x_wconf 89' lang='lat' dir='ltr'><strong>montem</strong></span> <span class='ocrx_word' id='word_1_506' title='bbox 2728 2229 3035 2285; x_wconf 89' lang='lat' dir='ltr'><strong>ascendens</strong></span> <span class='ocrx_word' id='word_1_507' title='bbox 3068 2230 3333 2285; x_wconf 87' lang='lat' dir='ltr'><strong>Dominus</strong></span> <span class='ocrx_word' id='word_1_508' title='bbox 3362 2245 3489 2283; x_wconf 91' lang='lat' dir='ltr'><strong>cum</strong></span> 
     </span>
    </p>
   </div>
   <div class='ocr_carea' id='block_1_68' title="bbox 1909 2322 3489 2389">
    <p class='ocr_par' dir='ltr' id='par_1_68' title="bbox 1909 2322 3489 2389">
     <span class='ocr_line' id='line_1_68' title="bbox 1909 2322 3489 2389; baseline -0.003 -9"><span class='ocrx_word' id='word_1_509' title='bbox 1909 2324 2117 2381; x_wconf 79' lang='lat' dir='ltr'><strong>Joanne</strong></span> <span class='ocrx_word' id='word_1_510' title='bbox 2142 2331 2200 2379; x_wconf 89' lang='lat' dir='ltr'><strong>et</strong></span> <span class='ocrx_word' id='word_1_511' title='bbox 2222 2323 2386 2378; x_wconf 87' lang='lat' dir='ltr'><strong>Petro</strong></span> <span class='ocrx_word' id='word_1_512' title='bbox 2409 2322 2819 2377; x_wconf 85' lang='lat' dir='ltr'><strong>transformavit</strong></span> <span class='ocrx_word' id='word_1_513' title='bbox 2848 2323 3178 2378; x_wconf 89' lang='lat' dir='ltr'><strong>vestimenta</strong></span> <span class='ocrx_word' id='word_1_514' title='bbox 3210 2338 3329 2389; x_wconf 88' lang='lat' dir='ltr'><strong>sua,</strong></span> <span class='ocrx_word' id='word_1_515' title='bbox 3365 2323 3489 2377; x_wconf 86' lang='lat' dir='ltr'><strong>illa-</strong></span> 
     </span>
    </p>
   </div>
   <div class='ocr_carea' id='block_1_69' title="bbox 1910 2411 3491 2486">
    <p class='ocr_par' dir='ltr' id='par_1_69' title="bbox 1910 2411 3491 2486">
     <span class='ocr_line' id='line_1_69' title="bbox 1910 2411 3491 2486; baseline -0.002 -15"><span class='ocrx_word' id='word_1_516' title='bbox 1910 2430 2019 2486; x_wconf 89' lang='lat' dir='ltr'><strong>que</strong></span> <span class='ocrx_word' id='word_1_517' title='bbox 2041 2413 2324 2486; x_wconf 91' lang='lat' dir='ltr'><strong>splendida</strong></span> <span class='ocrx_word' id='word_1_518' title='bbox 2349 2413 2582 2485; x_wconf 78' lang='lat' dir='ltr'><strong>fulguris</strong></span> <span class='ocrx_word' id='word_1_519' title='bbox 2603 2414 2775 2469; x_wconf 91' lang='lat' dir='ltr'><strong>instar</strong></span> <span class='ocrx_word' id='word_1_520' title='bbox 2795 2413 2977 2469; x_wconf 89' lang='lat' dir='ltr'><strong>reddit</strong></span> <span class='ocrx_word' id='word_1_521' title='bbox 2991 2411 3063 2469; x_wconf 79' lang='lat' dir='ltr'><strong>&quot;z</strong></span> <span class='ocrx_word' id='word_1_522' title='bbox 3086 2414 3354 2485; x_wconf 87' lang='lat' dir='ltr'><strong>ejusmodi</strong></span> <span class='ocrx_word' id='word_1_523' title='bbox 3370 2422 3491 2470; x_wconf 90' lang='lat' dir='ltr'><strong>erat</strong></span> 
     </span>
    </p>
   </div>
   <div class='ocr_carea' id='block_1_70' title="bbox 1909 2506 3492 2576">
    <p class='ocr_par' dir='ltr' id='par_1_70' title="bbox 1909 2506 3492 2576">
     <span class='ocr_line' id='line_1_70' title="bbox 1909 2506 3492 2576; baseline -0.001 -15"><span class='ocrx_word' id='word_1_524' title='bbox 1909 2508 2299 2563; x_wconf 86' lang='lat' dir='ltr'><strong>vestimentum</strong></span> <span class='ocrx_word' id='word_1_525' title='bbox 2321 2506 2481 2571; x_wconf 88' lang='lat' dir='ltr'><strong>illud,</strong></span> <span class='ocrx_word' id='word_1_526' title='bbox 2505 2513 2569 2561; x_wconf 88' lang='lat' dir='ltr'><strong>ut</strong></span> <span class='ocrx_word' id='word_1_527' title='bbox 2589 2506 2961 2563; x_wconf 88' lang='lat' dir='ltr'><strong>admiraretur</strong></span> <span class='ocrx_word' id='word_1_528' title='bbox 2992 2516 3049 2563; x_wconf 87' lang='lat' dir='ltr'><strong>et</strong></span> <span class='ocrx_word' id='word_1_529' title='bbox 3070 2508 3492 2576; x_wconf 85' lang='lat' dir='ltr'><strong>ohstupescerct</strong></span> 
     </span>
    </p>
   </div>
   <div class='ocr_carea' id='block_1_71' title="bbox 1908 2598 3490 2667">
    <p class='ocr_par' dir='ltr' id='par_1_71' title="bbox 1908 2598 3490 2667">
     <span class='ocr_line' id='line_1_71' title="bbox 1908 2598 3490 2667; baseline -0.001 -14"><span class='ocrx_word' id='word_1_530' title='bbox 1908 2607 2107 2654; x_wconf 87' lang='lat' dir='ltr'><strong>exutus</strong></span> <span class='ocrx_word' id='word_1_531' title='bbox 2133 2598 2269 2653; x_wconf 90' lang='lat' dir='ltr'><strong>illud</strong></span> <span class='ocrx_word' id='word_1_532' title='bbox 2308 2598 2497 2653; x_wconf 90' lang='lat' dir='ltr'><strong>homo.</strong></span> <span class='ocrx_word' id='word_1_533' title='bbox 2530 2598 2815 2653; x_wconf 87' lang='lat' dir='ltr'><strong>Interdum</strong></span> <span class='ocrx_word' id='word_1_534' title='bbox 2866 2615 3059 2655; x_wconf 89' lang='lat' dir='ltr'><strong>verum</strong></span> <span class='ocrx_word' id='word_1_535' title='bbox 3091 2600 3277 2654; x_wconf 92' lang='lat' dir='ltr'><strong>lumen</strong></span> <span class='ocrx_word' id='word_1_536' title='bbox 3308 2598 3490 2667; x_wconf 88' lang='lat' dir='ltr'><strong>ipsum</strong></span> 
     </span>
    </p>
   </div>
   <div class='ocr_carea' id='block_1_72' title="bbox 1911 2689 3492 2761">
    <p class='ocr_par' dir='ltr' id='par_1_72' title="bbox 1911 2689 3492 2761">
     <span class='ocr_line' id='line_1_72' title="bbox 1911 2689 3492 2761; baseline 0.001 -17"><span class='ocrx_word' id='word_1_537' title='bbox 1911 2689 1968 2745; x_wconf 93' lang='lat' dir='ltr'><strong>in</strong></span> <span class='ocrx_word' id='word_1_538' title='bbox 1990 2690 2157 2745; x_wconf 90' lang='lat' dir='ltr'><strong>corde</strong></span> <span class='ocrx_word' id='word_1_539' title='bbox 2190 2689 2427 2757; x_wconf 78' lang='lat' dir='ltr'><strong>fulgens,</strong></span> <span class='ocrx_word' id='word_1_540' title='bbox 2458 2689 2672 2759; x_wconf 89' lang='lat' dir='ltr'><strong>aperuit</strong></span> <span class='ocrx_word' id='word_1_541' title='bbox 2701 2691 2937 2746; x_wconf 84' lang='lat' dir='ltr'><strong>interius</strong></span> <span class='ocrx_word' id='word_1_542' title='bbox 2972 2698 3031 2747; x_wconf 88' lang='lat' dir='ltr'><strong>et</strong></span> <span class='ocrx_word' id='word_1_543' title='bbox 3064 2689 3398 2761; x_wconf 90' lang='lat' dir='ltr'><strong>profundius</strong></span> <span class='ocrx_word' id='word_1_544' title='bbox 3427 2704 3492 2745; x_wconf 90' lang='lat' dir='ltr'><strong>ac</strong></span> 
     </span>
    </p>
   </div>
   <div class='ocr_carea' id='block_1_73' title="bbox 1910 2781 3494 2847">
    <p class='ocr_par' dir='ltr' id='par_1_73' title="bbox 1910 2781 3494 2847">
     <span class='ocr_line' id='line_1_73' title="bbox 1910 2781 3494 2847; baseline -0.001 -10"><span class='ocrx_word' id='word_1_545' title='bbox 1910 2781 2091 2837; x_wconf 86' lang='lat' dir='ltr'><strong>latens</strong></span> <span class='ocrx_word' id='word_1_546' title='bbox 2117 2781 2325 2845; x_wconf 87' lang='lat' dir='ltr'><strong>lumen,</strong></span> <span class='ocrx_word' id='word_1_547' title='bbox 2357 2781 2496 2837; x_wconf 89' lang='lat' dir='ltr'><strong>adeo</strong></span> <span class='ocrx_word' id='word_1_548' title='bbox 2530 2788 2593 2836; x_wconf 87' lang='lat' dir='ltr'><strong>ut</strong></span> <span class='ocrx_word' id='word_1_549' title='bbox 2622 2790 2775 2847; x_wconf 77' lang='lat' dir='ltr'><strong>totus</strong></span> <span class='ocrx_word' id='word_1_550' title='bbox 2798 2782 2967 2838; x_wconf 89' lang='lat' dir='ltr'><strong>homo</strong></span> <span class='ocrx_word' id='word_1_551' title='bbox 2999 2783 3092 2837; x_wconf 91' lang='lat' dir='ltr'><strong>illa</strong></span> <span class='ocrx_word' id='word_1_552' title='bbox 3126 2783 3397 2838; x_wconf 87' lang='lat' dir='ltr'><strong>suavitate</strong></span> <span class='ocrx_word' id='word_1_553' title='bbox 3435 2789 3494 2838; x_wconf 90' lang='lat' dir='ltr'><strong>et</strong></span> 
     </span>
    </p>
   </div>
   <div class='ocr_carea' id='block_1_74' title="bbox 1910 2871 3492 2943">
    <p class='ocr_par' dir='ltr' id='par_1_74' title="bbox 1910 2871 3492 2943">
     <span class='ocr_line' id='line_1_74' title="bbox 1910 2871 3492 2943; baseline 0.001 -17"><span class='ocrx_word' id='word_1_554' title='bbox 1910 2872 2375 2941; x_wconf 85' lang='lat' dir='ltr'><strong>contemplatione</strong></span> <span class='ocrx_word' id='word_1_555' title='bbox 2394 2871 2702 2936; x_wconf 91' lang='lat' dir='ltr'><strong>demersus,</strong></span> <span class='ocrx_word' id='word_1_556' title='bbox 2728 2888 2837 2927; x_wconf 91' lang='lat' dir='ltr'><strong>non</strong></span> <span class='ocrx_word' id='word_1_557' title='bbox 2873 2874 3110 2943; x_wconf 86' lang='lat' dir='ltr'><strong>amplius</strong></span> <span class='ocrx_word' id='word_1_558' title='bbox 3128 2874 3201 2929; x_wconf 89' lang='lat' dir='ltr'><strong>sit</strong></span> <span class='ocrx_word' id='word_1_559' title='bbox 3225 2874 3310 2929; x_wconf 92' lang='lat' dir='ltr'><strong>sui</strong></span> <span class='ocrx_word' id='word_1_560' title='bbox 3339 2889 3492 2928; x_wconf 90' lang='lat' dir='ltr'><strong>com-</strong></span> 
     </span>
    </p>
   </div>
   <div class='ocr_carea' id='block_1_75' title="bbox 1910 2963 3495 3035">
    <p class='ocr_par' dir='ltr' id='par_1_75' title="bbox 1910 2963 3495 3035">
     <span class='ocr_line' id='line_1_75' title="bbox 1910 2963 3495 3035; baseline 0.003 -17"><span class='ocrx_word' id='word_1_561' title='bbox 1910 2978 2033 3035; x_wconf 91' lang='lat' dir='ltr'><strong>pos,</strong></span> <span class='ocrx_word' id='word_1_562' title='bbox 2083 2963 2181 3019; x_wconf 91' lang='lat' dir='ltr'><strong>sed</strong></span> <span class='ocrx_word' id='word_1_563' title='bbox 2232 2964 2305 3020; x_wconf 91' lang='lat' dir='ltr'><strong>sit</strong></span> <span class='ocrx_word' id='word_1_564' title='bbox 2361 2971 2621 3035; x_wconf 90' lang='lat' dir='ltr'><strong>tanquam</strong></span> <span class='ocrx_word' id='word_1_565' title='bbox 2674 2964 2877 3019; x_wconf 91' lang='lat' dir='ltr'><strong>stultus</strong></span> <span class='ocrx_word' id='word_1_566' title='bbox 2929 2972 2986 3020; x_wconf 89' lang='lat' dir='ltr'><strong>et</strong></span> <span class='ocrx_word' id='word_1_567' title='bbox 3035 2965 3307 3020; x_wconf 89' lang='lat' dir='ltr'><strong>barbarus</strong></span> <span class='ocrx_word' id='word_1_568' title='bbox 3362 2966 3495 3023; x_wconf 85' lang='lat' dir='ltr'><strong>huic</strong></span> 
     </span>
    </p>
   </div>
   <div class='ocr_carea' id='block_1_76' title="bbox 1911 3056 3492 3132">
    <p class='ocr_par' dir='ltr' id='par_1_76' title="bbox 1911 3056 3492 3132">
     <span class='ocr_line' id='line_1_76' title="bbox 1911 3056 3492 3132; baseline 0.001 -16"><span class='ocrx_word' id='word_1_569' title='bbox 1911 3058 2142 3125; x_wconf 89' lang='lat' dir='ltr'><strong>mundo,</strong></span> <span class='ocrx_word' id='word_1_570' title='bbox 2167 3070 2394 3132; x_wconf 85' lang='lat' dir='ltr'><strong>propter</strong></span> <span class='ocrx_word' id='word_1_571' title='bbox 2423 3062 2649 3117; x_wconf 85' lang='lat' dir='ltr'><strong>nimiam</strong></span> <span class='ocrx_word' id='word_1_572' title='bbox 2675 3056 3027 3118; x_wconf 90' lang='lat' dir='ltr'><strong>dilectionem</strong></span> <span class='ocrx_word' id='word_1_573' title='bbox 3051 3078 3117 3117; x_wconf 89' lang='lat' dir='ltr'><strong>ac</strong></span> <span class='ocrx_word' id='word_1_574' title='bbox 3139 3061 3492 3129; x_wconf 84' lang='lat' dir='ltr'><strong>suavitatem,</strong></span> 
     </span>
    </p>
   </div>
   <div class='ocr_carea' id='block_1_77' title="bbox 1917 3153 3493 3224">
    <p class='ocr_par' dir='ltr' id='par_1_77' title="bbox 1917 3153 3493 3224">
     <span class='ocr_line' id='line_1_77' title="bbox 1917 3153 3493 3224; baseline 0.001 -16"><span class='ocrx_word' id='word_1_575' title='bbox 1917 3160 1975 3208; x_wconf 91' lang='lat' dir='ltr'><strong>et</strong></span> <span class='ocrx_word' id='word_1_576' title='bbox 2019 3168 2219 3209; x_wconf 90' lang='lat' dir='ltr'><strong>arcana</strong></span> <span class='ocrx_word' id='word_1_577' title='bbox 2264 3154 2547 3224; x_wconf 85' lang='lat' dir='ltr'><strong>mysteria,</strong></span> <span class='ocrx_word' id='word_1_578' title='bbox 2576 3153 2715 3208; x_wconf 90' lang='lat' dir='ltr'><strong>adeo</strong></span> <span class='ocrx_word' id='word_1_579' title='bbox 2764 3160 2828 3207; x_wconf 91' lang='lat' dir='ltr'><strong>ut</strong></span> <span class='ocrx_word' id='word_1_580' title='bbox 2870 3153 3039 3208; x_wconf 92' lang='lat' dir='ltr'><strong>homo</strong></span> <span class='ocrx_word' id='word_1_581' title='bbox 3072 3162 3203 3209; x_wconf 91' lang='lat' dir='ltr'><strong>tunc</strong></span> <span class='ocrx_word' id='word_1_582' title='bbox 3236 3153 3493 3209; x_wconf 84' lang='lat' dir='ltr'><strong>libertate</strong></span> 
     </span>
    </p>
   </div>
   <div class='ocr_carea' id='block_1_78' title="bbox 1919 3243 3495 3315">
    <p class='ocr_par' dir='ltr' id='par_1_78' title="bbox 1919 3243 3495 3315">
     <span class='ocr_line' id='line_1_78' title="bbox 1919 3243 3495 3315; baseline 0 -16"><span class='ocrx_word' id='word_1_583' title='bbox 1919 3244 2155 3299; x_wconf 90' lang='lat' dir='ltr'><strong>donatus</strong></span> <span class='ocrx_word' id='word_1_584' title='bbox 2178 3244 2468 3315; x_wconf 85' lang='lat' dir='ltr'><strong>perveniat</strong></span> <span class='ocrx_word' id='word_1_585' title='bbox 2496 3244 2562 3298; x_wconf 95' lang='lat' dir='ltr'><strong>ad</strong></span> <span class='ocrx_word' id='word_1_586' title='bbox 2592 3243 2896 3313; x_wconf 87' lang='lat' dir='ltr'><strong>perfectum</strong></span> <span class='ocrx_word' id='word_1_587' title='bbox 2930 3243 3158 3314; x_wconf 86' lang='lat' dir='ltr'><strong>gradum</strong></span> <span class='ocrx_word' id='word_1_588' title='bbox 3211 3260 3385 3315; x_wconf 89' lang='lat' dir='ltr'><strong>purus</strong></span> <span class='ocrx_word' id='word_1_589' title='bbox 3428 3259 3495 3299; x_wconf 92' lang='lat' dir='ltr'><strong>ac</strong></span> 
     </span>
    </p>
   </div>
   <div class='ocr_carea' id='block_1_79' title="bbox 1919 3334 3491 3407">
    <p class='ocr_par' dir='ltr' id='par_1_79' title="bbox 1919 3334 3491 3407">
     <span class='ocr_line' id='line_1_79' title="bbox 1919 3334 3491 3407; baseline 0 -18"><span class='ocrx_word' id='word_1_590' title='bbox 1919 3334 2061 3389; x_wconf 90' lang='lat' dir='ltr'><strong>liber</strong></span> <span class='ocrx_word' id='word_1_591' title='bbox 2089 3349 2118 3388; x_wconf 89' lang='lat' dir='ltr'><strong>a</strong></span> <span class='ocrx_word' id='word_1_592' title='bbox 2144 3343 2391 3404; x_wconf 88' lang='lat' dir='ltr'><strong>peccato.</strong></span> <span class='ocrx_word' id='word_1_593' title='bbox 2418 3334 2623 3389; x_wconf 82' lang='lat' dir='ltr'><strong>Verum</strong></span> <span class='ocrx_word' id='word_1_594' title='bbox 2662 3344 2851 3404; x_wconf 87' lang='lat' dir='ltr'><strong>postea</strong></span> <span class='ocrx_word' id='word_1_595' title='bbox 2880 3334 3146 3391; x_wconf 89' lang='lat' dir='ltr'><strong>subduxit</strong></span> <span class='ocrx_word' id='word_1_596' title='bbox 3193 3350 3252 3390; x_wconf 89' lang='lat' dir='ltr'><strong>se</strong></span> <span class='ocrx_word' id='word_1_597' title='bbox 3296 3334 3491 3407; x_wconf 79' lang='lat' dir='ltr'><strong>gratia,</strong></span> 
     </span>
    </p>
   </div>
   <div class='ocr_carea' id='block_1_80' title="bbox 1917 3425 3496 3495">
    <p class='ocr_par' dir='ltr' id='par_1_80' title="bbox 1917 3425 3496 3495">
     <span class='ocr_line' id='line_1_80' title="bbox 1917 3425 3496 3495; baseline 0 -16"><span class='ocrx_word' id='word_1_598' title='bbox 1917 3432 1975 3480; x_wconf 91' lang='lat' dir='ltr'><strong>et</strong></span> <span class='ocrx_word' id='word_1_599' title='bbox 2000 3425 2228 3479; x_wconf 89' lang='lat' dir='ltr'><strong>accessit</strong></span> <span class='ocrx_word' id='word_1_600' title='bbox 2256 3425 2505 3480; x_wconf 85' lang='lat' dir='ltr'><strong>velamen</strong></span> <span class='ocrx_word' id='word_1_601' title='bbox 2531 3425 2859 3480; x_wconf 65' lang='lat' dir='ltr'><strong>adversaria:</strong></span> <span class='ocrx_word' id='word_1_602' title='bbox 2892 3426 3214 3494; x_wconf 87' lang='lat' dir='ltr'><strong>potestatis;</strong></span> <span class='ocrx_word' id='word_1_603' title='bbox 3266 3434 3496 3495; x_wconf 86' lang='lat' dir='ltr'><strong>apparet</strong></span> 
     </span>
    </p>
   </div>
   <div class='ocr_carea' id='block_1_81' title="bbox 1920 3514 3493 3586">
    <p class='ocr_par' dir='ltr' id='par_1_81' title="bbox 1920 3514 3493 3586">
     <span class='ocr_line' id='line_1_81' title="bbox 1920 3514 3493 3586; baseline 0.001 -18"><span class='ocrx_word' id='word_1_604' title='bbox 1920 3522 2103 3570; x_wconf 90' lang='lat' dir='ltr'><strong>tamen</strong></span> <span class='ocrx_word' id='word_1_605' title='bbox 2133 3515 2315 3585; x_wconf 89' lang='lat' dir='ltr'><strong>aliqua</strong></span> <span class='ocrx_word' id='word_1_606' title='bbox 2342 3532 2409 3571; x_wconf 84' lang='lat' dir='ltr'><strong>ex</strong></span> <span class='ocrx_word' id='word_1_607' title='bbox 2442 3525 2618 3586; x_wconf 88' lang='lat' dir='ltr'><strong>parte,</strong></span> <span class='ocrx_word' id='word_1_608' title='bbox 2654 3525 2710 3571; x_wconf 87' lang='lat' dir='ltr'><strong>et</strong></span> <span class='ocrx_word' id='word_1_609' title='bbox 2757 3514 3011 3571; x_wconf 89' lang='lat' dir='ltr'><strong>consistit</strong></span> <span class='ocrx_word' id='word_1_610' title='bbox 3066 3514 3122 3570; x_wconf 92' lang='lat' dir='ltr'><strong>in</strong></span> <span class='ocrx_word' id='word_1_611' title='bbox 3162 3528 3275 3570; x_wconf 90' lang='lat' dir='ltr'><strong>uno</strong></span> <span class='ocrx_word' id='word_1_612' title='bbox 3320 3514 3493 3586; x_wconf 89' lang='lat' dir='ltr'><strong>gradu</strong></span> 
     </span>
    </p>
   </div>
   <div class='ocr_carea' id='block_1_82' title="bbox 1919 3606 2564 3679">
    <p class='ocr_par' dir='ltr' id='par_1_82' title="bbox 1919 3606 2564 3679">
     <span class='ocr_line' id='line_1_82' title="bbox 1919 3606 2564 3679; baseline 0.003 -18"><span class='ocrx_word' id='word_1_613' title='bbox 1919 3606 2166 3662; x_wconf 90' lang='lat' dir='ltr'><strong>inferiori</strong></span> <span class='ocrx_word' id='word_1_614' title='bbox 2193 3608 2564 3679; x_wconf 85' lang='lat' dir='ltr'><strong>perfectionis.</strong></span> 
     </span>
    </p>
   </div>
   <div class='ocr_carea' id='block_1_83' title="bbox 1986 3803 3495 3875">
    <p class='ocr_par' dir='ltr' id='par_1_83' title="bbox 1986 3803 3495 3875">
     <span class='ocr_line' id='line_1_83' title="bbox 1986 3803 3495 3875; baseline 0.001 -15"><span class='ocrx_word' id='word_1_615' title='bbox 1986 3804 2078 3860; x_wconf 76' lang='grc' dir='ltr'><strong>ιν.</strong></span> <span class='ocrx_word' id='word_1_616' title='bbox 2114 3804 2300 3871; x_wconf 77' lang='lat' dir='ltr'><strong>Velut,</strong></span> <span class='ocrx_word' id='word_1_617' title='bbox 2326 3811 2388 3859; x_wconf 91' lang='lat' dir='ltr'><strong>ut</strong></span> <span class='ocrx_word' id='word_1_618' title='bbox 2410 3803 2679 3868; x_wconf 87' lang='lat' dir='ltr'><strong>dicamus,</strong></span> <span class='ocrx_word' id='word_1_619' title='bbox 2706 3812 2926 3874; x_wconf 87' lang='lat' dir='ltr'><strong>oportet</strong></span> <span class='ocrx_word' id='word_1_620' title='bbox 2942 3804 3181 3875; x_wconf 90' lang='lat' dir='ltr'><strong>aliquem</strong></span> <span class='ocrx_word' id='word_1_621' title='bbox 3205 3805 3495 3861; x_wconf 91' lang='lat' dir='ltr'><strong>duodecim</strong></span> 
     </span>
    </p>
   </div>
   <div class='ocr_carea' id='block_1_84' title="bbox 1917 3896 3497 3969">
    <p class='ocr_par' dir='ltr' id='par_1_84' title="bbox 1917 3896 3497 3969">
     <span class='ocr_line' id='line_1_84' title="bbox 1917 3896 3497 3969; baseline 0 -18"><span class='ocrx_word' id='word_1_622' title='bbox 1917 3897 2119 3969; x_wconf 86' lang='lat' dir='ltr'><strong>gradus</strong></span> <span class='ocrx_word' id='word_1_623' title='bbox 2152 3896 2568 3961; x_wconf 85' lang='lat' dir='ltr'><strong>transcendere,</strong></span> <span class='ocrx_word' id='word_1_624' title='bbox 2626 3904 2684 3950; x_wconf 91' lang='lat' dir='ltr'><strong>et</strong></span> <span class='ocrx_word' id='word_1_625' title='bbox 2733 3896 2954 3951; x_wconf 91' lang='lat' dir='ltr'><strong>demum</strong></span> <span class='ocrx_word' id='word_1_626' title='bbox 2990 3897 3059 3951; x_wconf 93' lang='lat' dir='ltr'><strong>ad</strong></span> <span class='ocrx_word' id='word_1_627' title='bbox 3098 3897 3497 3966; x_wconf 81' lang='lat' dir='ltr'><strong>perfectionem</strong></span> 
     </span>
    </p>
   </div>
   <div class='ocr_carea' id='block_1_85' title="bbox 1917 3985 3498 4059">
    <p class='ocr_par' dir='ltr' id='par_1_85' title="bbox 1917 3985 3498 4059">
     <span class='ocr_line' id='line_1_85' title="bbox 1917 3985 3498 4059; baseline 0 -16"><span class='ocrx_word' id='word_1_628' title='bbox 1917 3991 2250 4059; x_wconf 78' lang='lat' dir='ltr'><strong>pertingere.</strong></span> <span class='ocrx_word' id='word_1_629' title='bbox 2312 3985 2621 4056; x_wconf 84' lang='lat' dir='ltr'><strong>Aliquando</strong></span> <span class='ocrx_word' id='word_1_630' title='bbox 2674 3987 2798 4055; x_wconf 90' lang='lat' dir='ltr'><strong>quis</strong></span> <span class='ocrx_word' id='word_1_631' title='bbox 2833 3996 3167 4041; x_wconf 90' lang='lat' dir='ltr'><strong>consecutus</strong></span> <span class='ocrx_word' id='word_1_632' title='bbox 3208 3996 3292 4042; x_wconf 90' lang='lat' dir='ltr'><strong>est</strong></span> <span class='ocrx_word' id='word_1_633' title='bbox 3350 3987 3498 4043; x_wconf 80' lang='lat' dir='ltr'><strong>hunc</strong></span> 
     </span>
    </p>
   </div>
   <div class='ocr_carea' id='block_1_86' title="bbox 1916 4077 3495 4150">
    <p class='ocr_par' dir='ltr' id='par_1_86' title="bbox 1916 4077 3495 4150">
     <span class='ocr_line' id='line_1_86' title="bbox 1916 4077 3495 4150; baseline 0.001 -16"><span class='ocrx_word' id='word_1_634' title='bbox 1916 4078 2167 4150; x_wconf 85' lang='lat' dir='ltr'><strong>gradum,</strong></span> <span class='ocrx_word' id='word_1_635' title='bbox 2203 4088 2260 4135; x_wconf 88' lang='lat' dir='ltr'><strong>et</strong></span> <span class='ocrx_word' id='word_1_636' title='bbox 2292 4079 2545 4150; x_wconf 88' lang='lat' dir='ltr'><strong>pervenit</strong></span> <span class='ocrx_word' id='word_1_637' title='bbox 2574 4077 2642 4133; x_wconf 90' lang='lat' dir='ltr'><strong>ad</strong></span> <span class='ocrx_word' id='word_1_638' title='bbox 2673 4078 3092 4148; x_wconf 87' lang='lat' dir='ltr'><strong>perfectionem.</strong></span> <span class='ocrx_word' id='word_1_639' title='bbox 3144 4080 3350 4134; x_wconf 90' lang='lat' dir='ltr'><strong>lterum</strong></span> <span class='ocrx_word' id='word_1_640' title='bbox 3404 4095 3495 4135; x_wconf 88' lang='lat' dir='ltr'><strong>re-</strong></span> 
     </span>
    </p>
   </div>
   <div class='ocr_carea' id='block_1_87' title="bbox 1916 4169 3497 4241">
    <p class='ocr_par' dir='ltr' id='par_1_87' title="bbox 1916 4169 3497 4241">
     <span class='ocr_line' id='line_1_87' title="bbox 1916 4169 3497 4241; baseline 0.001 -16"><span class='ocrx_word' id='word_1_641' title='bbox 1916 4171 2136 4227; x_wconf 90' lang='lat' dir='ltr'><strong>missior</strong></span> <span class='ocrx_word' id='word_1_642' title='bbox 2159 4171 2303 4226; x_wconf 86' lang='lat' dir='ltr'><strong>facta</strong></span> <span class='ocrx_word' id='word_1_643' title='bbox 2332 4170 2526 4241; x_wconf 87' lang='lat' dir='ltr'><strong>gratia,</strong></span> <span class='ocrx_word' id='word_1_644' title='bbox 2564 4169 2851 4225; x_wconf 84' lang='lat' dir='ltr'><strong>descendit</strong></span> <span class='ocrx_word' id='word_1_645' title='bbox 2882 4186 3051 4224; x_wconf 92' lang='lat' dir='ltr'><strong>unum</strong></span> <span class='ocrx_word' id='word_1_646' title='bbox 3079 4171 3330 4241; x_wconf 84' lang='lat' dir='ltr'><strong>gradum,</strong></span> <span class='ocrx_word' id='word_1_647' title='bbox 3362 4179 3416 4226; x_wconf 90' lang='lat' dir='ltr'><strong>et</strong></span> <span class='ocrx_word' id='word_1_648' title='bbox 3441 4170 3497 4227; x_wconf 92' lang='lat' dir='ltr'><strong>in</strong></span> 
     </span>
    </p>
   </div>
   <div class='ocr_carea' id='block_1_88' title="bbox 1918 4262 3498 4334">
    <p class='ocr_par' dir='ltr' id='par_1_88' title="bbox 1918 4262 3498 4334">
     <span class='ocr_line' id='line_1_88' title="bbox 1918 4262 3498 4334; baseline -0.001 -15"><span class='ocrx_word' id='word_1_649' title='bbox 1918 4264 2146 4334; x_wconf 87' lang='lat' dir='ltr'><strong>reliquis</strong></span> <span class='ocrx_word' id='word_1_650' title='bbox 2175 4263 2433 4318; x_wconf 90' lang='lat' dir='ltr'><strong>undecim</strong></span> <span class='ocrx_word' id='word_1_651' title='bbox 2463 4262 2737 4317; x_wconf 86' lang='lat' dir='ltr'><strong>consistit.</strong></span> <span class='ocrx_word' id='word_1_652' title='bbox 2766 4262 2932 4317; x_wconf 90' lang='lat' dir='ltr'><strong>Dives</strong></span> <span class='ocrx_word' id='word_1_653' title='bbox 2960 4272 3145 4317; x_wconf 88' lang='lat' dir='ltr'><strong>autem</strong></span> <span class='ocrx_word' id='word_1_654' title='bbox 3186 4263 3389 4332; x_wconf 88' lang='lat' dir='ltr'><strong>aliquis</strong></span> <span class='ocrx_word' id='word_1_655' title='bbox 3439 4263 3498 4317; x_wconf 91' lang='lat' dir='ltr'><strong>in</strong></span> 
     </span>
    </p>
   </div>
   <div class='ocr_carea' id='block_1_89' title="bbox 1918 4354 3499 4427">
    <p class='ocr_par' dir='ltr' id='par_1_89' title="bbox 1918 4354 3499 4427">
     <span class='ocr_line' id='line_1_89' title="bbox 1918 4354 3499 4427; baseline 0.001 -18"><span class='ocrx_word' id='word_1_656' title='bbox 1918 4358 2090 4427; x_wconf 84' lang='lat' dir='ltr'><strong>gratia</strong></span> <span class='ocrx_word' id='word_1_657' title='bbox 2123 4370 2341 4425; x_wconf 90' lang='lat' dir='ltr'><strong>semper</strong></span> <span class='ocrx_word' id='word_1_658' title='bbox 2374 4364 2566 4411; x_wconf 91' lang='lat' dir='ltr'><strong>noctes</strong></span> <span class='ocrx_word' id='word_1_659' title='bbox 2600 4363 2769 4425; x_wconf 86' lang='lat' dir='ltr'><strong>atque</strong></span> <span class='ocrx_word' id='word_1_660' title='bbox 2809 4355 2928 4409; x_wconf 89' lang='lat' dir='ltr'><strong>dies</strong></span> <span class='ocrx_word' id='word_1_661' title='bbox 2954 4354 3009 4407; x_wconf 93' lang='lat' dir='ltr'><strong>in</strong></span> <span class='ocrx_word' id='word_1_662' title='bbox 3052 4355 3299 4423; x_wconf 89' lang='lat' dir='ltr'><strong>perfecto</strong></span> <span class='ocrx_word' id='word_1_663' title='bbox 3325 4357 3499 4426; x_wconf 90' lang='lat' dir='ltr'><strong>gradu</strong></span> 
     </span>
    </p>
   </div>
   <div class='ocr_carea' id='block_1_90' title="bbox 237 4420 1922 4517">
    <p class='ocr_par' dir='ltr' id='par_1_90' title="bbox 237 4420 1922 4517">
     <span class='ocr_line' id='line_1_90' title="bbox 237 4420 1922 4517; baseline -0.001 -40"><span class='ocrx_word' id='word_1_664' title='bbox 237 4422 527 4492; x_wconf 70' lang='grc' dir='ltr'><strong>ἐλεύθερος</strong></span> <span class='ocrx_word' id='word_1_665' title='bbox 563 4422 660 4476; x_wconf 79' lang='grc' dir='ltr'><strong>καὶ</strong></span> <span class='ocrx_word' id='word_1_666' title='bbox 712 4421 987 4517; x_wconf 78' lang='grc' dir='ltr'><strong>καθαρὸς,</strong></span> <span class='ocrx_word' id='word_1_667' title='bbox 1038 4420 1272 4474; x_wconf 87' lang='grc' dir='ltr'><strong>πάντοτε</strong></span> <span class='ocrx_word' id='word_1_668' title='bbox 1321 4421 1666 4491; x_wconf 77' lang='grc' dir='ltr'><strong>αἰχμάλωτος</strong></span> <span class='ocrx_word' id='word_1_669' title='bbox 1723 4420 1815 4474; x_wconf 74' lang='grc' dir='ltr'><strong>καὶ</strong></span> <span class='ocrx_word' id='word_1_670' title='bbox 1846 4420 1922 4517; x_wconf 41' lang='grc' dir='ltr'><strong>υς</strong></span> 
     </span>
    </p>
   </div>
   <div class='ocr_carea' id='block_1_91' title="bbox 1813 4420 3498 4517">
    <p class='ocr_par' dir='ltr' id='par_1_91' title="bbox 1813 4445 3498 4517">
     <span class='ocr_line' id='line_1_91' title="bbox 1813 4445 3498 4517; baseline 0 -16"><span class='ocrx_word' id='word_1_671' title='bbox 1813 4460 1815 4468; x_wconf 80' lang='lat'>&#39;</span> <span class='ocrx_word' id='word_1_672' title='bbox 1846 4462 1890 4517; x_wconf 82' lang='grc' dir='ltr'><strong><em>υ</em></strong></span> <span class='ocrx_word' id='word_1_673' title='bbox 1918 4445 2189 4509; x_wconf 84' lang='lat' dir='ltr'><strong>consistit,</strong></span> <span class='ocrx_word' id='word_1_674' title='bbox 2224 4445 2364 4499; x_wconf 90' lang='lat' dir='ltr'><strong>liber</strong></span> <span class='ocrx_word' id='word_1_675' title='bbox 2387 4460 2450 4499; x_wconf 91' lang='lat' dir='ltr'><strong>ac</strong></span> <span class='ocrx_word' id='word_1_676' title='bbox 2478 4460 2672 4515; x_wconf 88' lang='lat' dir='ltr'><strong>purus,</strong></span> <span class='ocrx_word' id='word_1_677' title='bbox 2700 4460 2919 4515; x_wconf 87' lang='lat' dir='ltr'><strong>semper</strong></span> <span class='ocrx_word' id='word_1_678' title='bbox 2970 4445 3222 4514; x_wconf 84' lang='lat' dir='ltr'><strong>captivus</strong></span> <span class='ocrx_word' id='word_1_679' title='bbox 3277 4460 3342 4500; x_wconf 90' lang='lat' dir='ltr'><strong>ac</strong></span> <span class='ocrx_word' id='word_1_680' title='bbox 3372 4461 3498 4501; x_wconf 86' lang='lat' dir='ltr'><strong>sus-</strong></span> 
     </span>
    </p>
   </div>
   <div class='ocr_carea' id='block_1_92' title="bbox 241 4507 1811 4587">
    <p class='ocr_par' dir='ltr' id='par_1_92' title="bbox 241 4507 1811 4587">
     <span class='ocr_line' id='line_1_92' title="bbox 241 4507 1811 4587; baseline -0.002 -20"><span class='ocrx_word' id='word_1_681' title='bbox 241 4516 539 4587; x_wconf 86' lang='grc' dir='ltr'><strong>μετέωρος.</strong></span> <span class='ocrx_word' id='word_1_682' title='bbox 572 4514 682 4567; x_wconf 79' lang='grc' dir='ltr'><strong>Καὶ</strong></span> <span class='ocrx_word' id='word_1_683' title='bbox 725 4511 821 4566; x_wconf 83' lang='grc' dir='ltr'><strong>νῦν</strong></span> <span class='ocrx_word' id='word_1_684' title='bbox 847 4507 891 4580; x_wconf 80' lang='grc' dir='ltr'><strong>ᾧ</strong></span> <span class='ocrx_word' id='word_1_685' title='bbox 918 4512 1133 4583; x_wconf 76' lang='grc' dir='ltr'><strong>ἐδείχθη</strong></span> <span class='ocrx_word' id='word_1_686' title='bbox 1166 4514 1351 4566; x_wconf 66' lang='grc' dir='ltr'><strong>ἐκεῖνα</strong></span> <span class='ocrx_word' id='word_1_687' title='bbox 1402 4512 1471 4564; x_wconf 82' lang='grc' dir='ltr'><strong>τά</strong></span> <span class='ocrx_word' id='word_1_688' title='bbox 1510 4510 1811 4580; x_wconf 87' lang='grc' dir='ltr'><strong>θαυμάσια,</strong></span> 
     </span>
    </p>
   </div>
   <div class='ocr_carea' id='block_1_93' title="bbox 239 4599 1816 4674">
    <p class='ocr_par' dir='ltr' id='par_1_93' title="bbox 239 4599 1816 4674">
     <span class='ocr_line' id='line_1_93' title="bbox 239 4599 1816 4674; baseline -0.004 -15"><span class='ocrx_word' id='word_1_689' title='bbox 239 4607 336 4659; x_wconf 74' lang='grc' dir='ltr'><strong>καὶ</strong></span> <span class='ocrx_word' id='word_1_690' title='bbox 371 4599 446 4657; x_wconf 83' lang='grc' dir='ltr'><strong>ὧν</strong></span> <span class='ocrx_word' id='word_1_691' title='bbox 491 4606 687 4672; x_wconf 83' lang='grc' dir='ltr'><strong>πεῖραν</strong></span> <span class='ocrx_word' id='word_1_692' title='bbox 734 4602 926 4656; x_wconf 76' lang='grc' dir='ltr'><strong>ἐλαϐεν</strong></span> <span class='ocrx_word' id='word_1_693' title='bbox 972 4604 1001 4655; x_wconf 85' lang='grc' dir='ltr'>ὁ</span> <span class='ocrx_word' id='word_1_694' title='bbox 1046 4602 1350 4674; x_wconf 79' lang='grc' dir='ltr'><strong>ἄνθρωπος,</strong></span> <span class='ocrx_word' id='word_1_695' title='bbox 1380 4602 1429 4654; x_wconf 85' lang='grc' dir='ltr'><strong>εί</strong></span> <span class='ocrx_word' id='word_1_696' title='bbox 1460 4601 1624 4670; x_wconf 84' lang='grc' dir='ltr'><strong>συνῆν</strong></span> <span class='ocrx_word' id='word_1_697' title='bbox 1668 4599 1816 4669; x_wconf 82' lang='grc' dir='ltr'><strong>αὐτῷ</strong></span> 
     </span>
    </p>
   </div>
   <div class='ocr_carea' id='block_1_94' title="bbox 240 4691 1815 4763">
    <p class='ocr_par' dir='ltr' id='par_1_94' title="bbox 240 4691 1815 4763">
     <span class='ocr_line' id='line_1_94' title="bbox 240 4691 1815 4763; baseline -0.004 -12"><span class='ocrx_word' id='word_1_698' title='bbox 240 4698 501 4757; x_wconf 87' lang='grc' dir='ltr'><strong>πάντοτε,</strong></span> <span class='ocrx_word' id='word_1_699' title='bbox 532 4694 636 4746; x_wconf 82' lang='grc' dir='ltr'><strong>οὐκ</strong></span> <span class='ocrx_word' id='word_1_700' title='bbox 664 4692 887 4747; x_wconf 71' lang='grc' dir='ltr'><strong>ἐδύνατο</strong></span> <span class='ocrx_word' id='word_1_701' title='bbox 938 4694 1038 4763; x_wconf 84' lang='grc' dir='ltr'><strong>τὴν</strong></span> <span class='ocrx_word' id='word_1_702' title='bbox 1074 4693 1387 4762; x_wconf 87' lang='grc' dir='ltr'><strong>οἰκονομίαν</strong></span> <span class='ocrx_word' id='word_1_703' title='bbox 1432 4692 1525 4746; x_wconf 83' lang='grc' dir='ltr'><strong>τοῦ</strong></span> <span class='ocrx_word' id='word_1_704' title='bbox 1572 4692 1732 4760; x_wconf 87' lang='grc' dir='ltr'><strong>λόγου</strong></span> <span class='ocrx_word' id='word_1_705' title='bbox 1782 4691 1815 4763; x_wconf 75' lang='grc' dir='ltr'>ἢ</span> 
     </span>
    </p>
   </div>
   <div class='ocr_carea' id='block_1_95' title="bbox 236 4783 1819 4857">
    <p class='ocr_par' dir='ltr' id='par_1_95' title="bbox 236 4783 1819 4857">
     <span class='ocr_line' id='line_1_95' title="bbox 236 4783 1819 4857; baseline -0.003 -16"><span class='ocrx_word' id='word_1_706' title='bbox 236 4787 299 4841; x_wconf 91' lang='grc' dir='ltr'><strong>τὸ</strong></span> <span class='ocrx_word' id='word_1_707' title='bbox 329 4785 497 4857; x_wconf 85' lang='grc' dir='ltr'><strong>βάρος</strong></span> <span class='ocrx_word' id='word_1_708' title='bbox 536 4784 921 4851; x_wconf 80' lang='grc' dir='ltr'><strong>ὐποδέξασθαι,</strong></span> <span class='ocrx_word' id='word_1_709' title='bbox 951 4783 1077 4838; x_wconf 75' lang='grc' dir='ltr'><strong>οὕτε</strong></span> <span class='ocrx_word' id='word_1_710' title='bbox 1106 4785 1357 4856; x_wconf 73' lang='grc' dir='ltr'><strong>ἠνείχετο</strong></span> <span class='ocrx_word' id='word_1_711' title='bbox 1394 4784 1615 4839; x_wconf 83' lang='grc' dir='ltr'><strong>ἀκούειν</strong></span> <span class='ocrx_word' id='word_1_712' title='bbox 1658 4785 1692 4855; x_wconf 82' lang='grc' dir='ltr'>ἢ</span> <span class='ocrx_word' id='word_1_713' title='bbox 1723 4800 1819 4854; x_wconf 82' lang='grc' dir='ltr'><strong>με·</strong></span> 
     </span>
    </p>
   </div>
   <div class='ocr_carea' id='block_1_96' title="bbox 239 4875 1820 4950">
    <p class='ocr_par' dir='ltr' id='par_1_96' title="bbox 239 4875 1820 4950">
     <span class='ocr_line' id='line_1_96' title="bbox 239 4875 1820 4950; baseline 0 -21"><span class='ocrx_word' id='word_1_714' title='bbox 239 4879 441 4950; x_wconf 75' lang='grc' dir='ltr'><strong>ριμνᾷν</strong></span> <span class='ocrx_word' id='word_1_715' title='bbox 472 4878 555 4942; x_wconf 89' lang='grc' dir='ltr'><strong>εἰς</strong></span> <span class='ocrx_word' id='word_1_716' title='bbox 602 4877 665 4931; x_wconf 91' lang='grc' dir='ltr'><strong>τὸ</strong></span> <span class='ocrx_word' id='word_1_717' title='bbox 701 4876 885 4948; x_wconf 89' lang='grc' dir='ltr'><strong>τυχὸν,</strong></span> <span class='ocrx_word' id='word_1_718' title='bbox 922 4878 1050 4947; x_wconf 81' lang='grc' dir='ltr'><strong>περὶ</strong></span> <span class='ocrx_word' id='word_1_719' title='bbox 1103 4876 1323 4941; x_wconf 80' lang='grc' dir='ltr'><strong>ἑαυτοῦ,</strong></span> <span class='ocrx_word' id='word_1_720' title='bbox 1374 4875 1500 4929; x_wconf 74' lang='grc' dir='ltr'><strong>οὔτε</strong></span> <span class='ocrx_word' id='word_1_721' title='bbox 1550 4876 1676 4946; x_wconf 75' lang='grc' dir='ltr'><strong>περὶ</strong></span> <span class='ocrx_word' id='word_1_722' title='bbox 1720 4876 1820 4946; x_wconf 81' lang='grc' dir='ltr'><strong>τῆς</strong></span> 
     </span>
    </p>
   </div>
   <div class='ocr_carea' id='block_1_97' title="bbox 242 4967 1825 5051">
    <p class='ocr_par' dir='ltr' id='par_1_97' title="bbox 242 4967 1825 5051">
     <span class='ocr_line' id='line_1_97' title="bbox 242 4967 1825 5051; baseline -0.003 -27"><span class='ocrx_word' id='word_1_723' title='bbox 242 4969 462 5051; x_wconf 73' lang='grc' dir='ltr'><strong>αὔριον,</strong></span> <span class='ocrx_word' id='word_1_724' title='bbox 496 4970 543 5021; x_wconf 86' lang='grc' dir='ltr'><strong>εἰ</strong></span> <span class='ocrx_word' id='word_1_725' title='bbox 582 4969 656 5039; x_wconf 84' lang='grc' dir='ltr'><strong>μή</strong></span> <span class='ocrx_word' id='word_1_726' title='bbox 690 4970 849 5038; x_wconf 91' lang='grc' dir='ltr'><strong>μόνον</strong></span> <span class='ocrx_word' id='word_1_727' title='bbox 878 4967 1149 5037; x_wconf 88' lang='grc' dir='ltr'><strong>καθῆσθαι</strong></span> <span class='ocrx_word' id='word_1_728' title='bbox 1197 4970 1255 5021; x_wconf 79' lang='grc' dir='ltr'><strong>ὲν</strong></span> <span class='ocrx_word' id='word_1_729' title='bbox 1285 4970 1384 5039; x_wconf 79' lang='grc' dir='ltr'><strong>μιᾷ</strong></span> <span class='ocrx_word' id='word_1_730' title='bbox 1412 4968 1587 5039; x_wconf 78' lang='grc' dir='ltr'><strong>γωνία</strong></span> <span class='ocrx_word' id='word_1_731' title='bbox 1621 4968 1825 5039; x_wconf 75' lang='grc' dir='ltr'><strong>μετέωο</strong></span> 
     </span>
    </p>
   </div>
   <div class='ocr_carea' id='block_1_98' title="bbox 242 5055 1823 5129">
    <p class='ocr_par' dir='ltr' id='par_1_98' title="bbox 242 5055 1823 5129">
     <span class='ocr_line' id='line_1_98' title="bbox 242 5055 1823 5129; baseline -0.002 -18"><span class='ocrx_word' id='word_1_732' title='bbox 242 5075 355 5129; x_wconf 84' lang='grc' dir='ltr'><strong>ρον,</strong></span> <span class='ocrx_word' id='word_1_733' title='bbox 419 5059 515 5110; x_wconf 77' lang='grc' dir='ltr'><strong>καὶ</strong></span> <span class='ocrx_word' id='word_1_734' title='bbox 581 5055 1015 5127; x_wconf 78' lang='grc' dir='ltr'><strong>μεμεθυσμένον.</strong></span> <span class='ocrx_word' id='word_1_735' title='bbox 1053 5056 1218 5109; x_wconf 81' lang='grc' dir='ltr'><strong>Ὥστε</strong></span> <span class='ocrx_word' id='word_1_736' title='bbox 1264 5056 1326 5109; x_wconf 88' lang='grc' dir='ltr'><strong>τὸ</strong></span> <span class='ocrx_word' id='word_1_737' title='bbox 1372 5056 1576 5109; x_wconf 84' lang='grc' dir='ltr'><strong>τέλειον</strong></span> <span class='ocrx_word' id='word_1_738' title='bbox 1627 5057 1823 5127; x_wconf 83' lang='grc' dir='ltr'><strong>μέτρον</strong></span> 
     </span>
    </p>
   </div>
   <div class='ocr_carea' id='block_1_99' title="bbox 237 5145 1823 5219">
    <p class='ocr_par' dir='ltr' id='par_1_99' title="bbox 237 5145 1823 5219">
     <span class='ocr_line' id='line_1_99' title="bbox 237 5145 1823 5219; baseline 0.001 -20"><span class='ocrx_word' id='word_1_739' title='bbox 237 5149 342 5200; x_wconf 69' lang='grc' dir='ltr'><strong>οὐκ</strong></span> <span class='ocrx_word' id='word_1_740' title='bbox 386 5145 566 5216; x_wconf 75' lang='grc' dir='ltr'><strong>ἐδόθη,</strong></span> <span class='ocrx_word' id='word_1_741' title='bbox 611 5147 696 5199; x_wconf 82' lang='grc' dir='ltr'><strong>ἵνα</strong></span> <span class='ocrx_word' id='word_1_742' title='bbox 748 5146 949 5219; x_wconf 77' lang='grc' dir='ltr'><strong>δυνηθῇ</strong></span> <span class='ocrx_word' id='word_1_743' title='bbox 1005 5146 1265 5217; x_wconf 84' lang='grc' dir='ltr'><strong>σχολάσαι</strong></span> <span class='ocrx_word' id='word_1_744' title='bbox 1300 5147 1380 5211; x_wconf 84' lang='grc' dir='ltr'><strong>εἰς</strong></span> <span class='ocrx_word' id='word_1_745' title='bbox 1423 5149 1522 5217; x_wconf 78' lang='grc' dir='ltr'><strong>τὴν</strong></span> <span class='ocrx_word' id='word_1_746' title='bbox 1552 5148 1823 5219; x_wconf 85' lang='grc' dir='ltr'><strong>μέριμναν</strong></span> 
     </span>
    </p>
   </div>
   <div class='ocr_carea' id='block_1_100' title="bbox 240 5236 1814 5308">
    <p class='ocr_par' dir='ltr' id='par_1_100' title="bbox 240 5236 1814 5308">
     <span class='ocr_line' id='line_1_100' title="bbox 240 5236 1814 5308; baseline 0.001 -18"><span class='ocrx_word' id='word_1_747' title='bbox 240 5239 351 5291; x_wconf 83' lang='grc' dir='ltr'><strong>τῶν</strong></span> <span class='ocrx_word' id='word_1_748' title='bbox 406 5236 673 5306; x_wconf 79' lang='grc' dir='ltr'><strong>ἀδελφῶν,</strong></span> <span class='ocrx_word' id='word_1_749' title='bbox 727 5237 824 5289; x_wconf 80' lang='grc' dir='ltr'><strong>καὶ</strong></span> <span class='ocrx_word' id='word_1_750' title='bbox 885 5238 964 5300; x_wconf 84' lang='grc' dir='ltr'><strong>εἰς</strong></span> <span class='ocrx_word' id='word_1_751' title='bbox 1019 5241 1119 5308; x_wconf 81' lang='grc' dir='ltr'><strong>τὴν</strong></span> <span class='ocrx_word' id='word_1_752' title='bbox 1166 5238 1445 5292; x_wconf 82' lang='grc' dir='ltr'><strong>διακονίαν</strong></span> <span class='ocrx_word' id='word_1_753' title='bbox 1480 5242 1574 5291; x_wconf 83' lang='grc' dir='ltr'><strong>τοῦ</strong></span> <span class='ocrx_word' id='word_1_754' title='bbox 1632 5239 1814 5305; x_wconf 80' lang='grc' dir='ltr'><strong>λόγου,</strong></span> 
     </span>
    </p>
   </div>
   <div class='ocr_carea' id='block_1_101' title="bbox 242 5320 1821 5398">
    <p class='ocr_par' dir='ltr' id='par_1_101' title="bbox 242 5320 1821 5398">
     <span class='ocr_line' id='line_1_101' title="bbox 242 5320 1821 5398; baseline 0.003 -19"><span class='ocrx_word' id='word_1_755' title='bbox 242 5328 386 5397; x_wconf 77' lang='grc' dir='ltr'><strong>πλὴν</strong></span> <span class='ocrx_word' id='word_1_756' title='bbox 438 5326 498 5381; x_wconf 89' lang='grc' dir='ltr'><strong>τὸ</strong></span> <span class='ocrx_word' id='word_1_757' title='bbox 540 5328 856 5397; x_wconf 76' lang='grc' dir='ltr'><strong>μεσότοιχον</strong></span> <span class='ocrx_word' id='word_1_758' title='bbox 898 5320 993 5380; x_wconf 83' lang='grc' dir='ltr'><strong>τοῦ</strong></span> <span class='ocrx_word' id='word_1_759' title='bbox 1053 5327 1310 5398; x_wconf 81' lang='grc' dir='ltr'><strong>φραγμοῦ</strong></span> <span class='ocrx_word' id='word_1_760' title='bbox 1360 5328 1689 5395; x_wconf 84' lang='grc' dir='ltr'><strong>διαλέλυται,</strong></span> <span class='ocrx_word' id='word_1_761' title='bbox 1726 5331 1821 5383; x_wconf 77' lang='grc' dir='ltr'><strong>καὶ</strong></span> 
     </span>
    </p>
   </div>
   <div class='ocr_carea' id='block_1_102' title="bbox 240 5422 852 5492">
    <p class='ocr_par' dir='ltr' id='par_1_102' title="bbox 240 5422 852 5492">
     <span class='ocr_line' id='line_1_102' title="bbox 240 5422 852 5492; baseline 0.003 -17"><span class='ocrx_word' id='word_1_762' title='bbox 240 5423 519 5492; x_wconf 85' lang='grc' dir='ltr'><strong>νενίκηται</strong></span> <span class='ocrx_word' id='word_1_763' title='bbox 546 5423 573 5473; x_wconf 86' lang='grc' dir='ltr'><strong>ό</strong></span> <span class='ocrx_word' id='word_1_764' title='bbox 605 5422 852 5486; x_wconf 88' lang='grc' dir='ltr'><strong>θάνατος.</strong></span> 
     </span>
    </p>
   </div>
   <div class='ocr_carea' id='block_1_103' title="bbox 317 5514 1822 5592">
    <p class='ocr_par' dir='ltr' id='par_1_103' title="bbox 317 5514 1822 5592">
     <span class='ocr_line' id='line_1_103' title="bbox 317 5514 1822 5592; baseline 0.005 -25"><span class='ocrx_word' id='word_1_765' title='bbox 317 5515 358 5567; x_wconf 84' lang='grc' dir='ltr'>Ε</span> <span class='ocrx_word' id='word_1_766' title='bbox 381 5554 395 5568; x_wconf 92' lang='grc'><strong>.</strong></span> <span class='ocrx_word' id='word_1_767' title='bbox 433 5515 512 5567; x_wconf 82' lang='grc' dir='ltr'><strong>Τὰ</strong></span> <span class='ocrx_word' id='word_1_768' title='bbox 554 5514 611 5569; x_wconf 74' lang='grc' dir='ltr'><strong>δὲ</strong></span> <span class='ocrx_word' id='word_1_769' title='bbox 641 5516 945 5586; x_wconf 88' lang='grc' dir='ltr'><strong>πράγματα</strong></span> <span class='ocrx_word' id='word_1_770' title='bbox 987 5515 1160 5581; x_wconf 71' lang='grc' dir='ltr'><strong>οὕτως</strong></span> <span class='ocrx_word' id='word_1_771' title='bbox 1198 5518 1367 5575; x_wconf 69' lang='grc' dir='ltr'><strong>εστίν.</strong></span> <span class='ocrx_word' id='word_1_772' title='bbox 1412 5517 1499 5583; x_wconf 83' lang='grc' dir='ltr'><strong>Ὣς</strong></span> <span class='ocrx_word' id='word_1_773' title='bbox 1540 5519 1822 5592; x_wconf 82' lang='grc' dir='ltr'><strong>γνοφώδης</strong></span> 
     </span>
    </p>
   </div>
   <div class='ocr_carea' id='block_1_104' title="bbox 322 5694 1256 5761">
    <p class='ocr_par' dir='ltr' id='par_1_104' title="bbox 322 5694 1256 5761">
     <span class='ocr_line' id='line_1_104' title="bbox 322 5694 1256 5761; baseline 0 -12"><span class='ocrx_word' id='word_1_774' title='bbox 322 5696 371 5727; x_wconf 71' lang='grc' dir='ltr'><strong>θ’</strong></span> <span class='ocrx_word' id='word_1_775' title='bbox 392 5694 585 5750; x_wconf 72' lang='lat' dir='ltr'><strong>Ilatth.</strong></span> <span class='ocrx_word' id='word_1_776' title='bbox 622 5710 750 5761; x_wconf 82' lang='lat' dir='ltr'><strong>xvn,</strong></span> <span class='ocrx_word' id='word_1_777' title='bbox 772 5696 829 5761; x_wconf 73' lang='lat'><strong>2;</strong></span> <span class='ocrx_word' id='word_1_778' title='bbox 906 5695 1071 5749; x_wconf 75' lang='lat' dir='ltr'><strong>Marc.</strong></span> <span class='ocrx_word' id='word_1_779' title='bbox 1108 5711 1176 5759; x_wconf 78' lang='lat' dir='ltr'><strong>Ix,</strong></span> <span class='ocrx_word' id='word_1_780' title='bbox 1205 5694 1256 5749; x_wconf 78' lang='grc'><strong>5.</strong></span> 
     </span>
    </p>
   </div>
   <div class='ocr_carea' id='block_1_105' title="bbox 1921 4530 3499 4603">
    <p class='ocr_par' dir='ltr' id='par_1_105' title="bbox 1921 4530 3499 4603">
     <span class='ocr_line' id='line_1_105' title="bbox 1921 4530 3499 4603; baseline -0.001 -15"><span class='ocrx_word' id='word_1_781' title='bbox 1921 4548 2144 4603; x_wconf 89' lang='lat' dir='ltr'><strong>pensus.</strong></span> <span class='ocrx_word' id='word_1_782' title='bbox 2174 4532 2241 4586; x_wconf 85' lang='lat' dir='ltr'><strong>Et</strong></span> <span class='ocrx_word' id='word_1_783' title='bbox 2265 4531 2513 4601; x_wconf 90' lang='lat' dir='ltr'><strong>quidem,</strong></span> <span class='ocrx_word' id='word_1_784' title='bbox 2562 4531 2608 4584; x_wconf 89' lang='lat' dir='ltr'><strong>si</strong></span> <span class='ocrx_word' id='word_1_785' title='bbox 2652 4530 2923 4585; x_wconf 89' lang='lat' dir='ltr'><strong>mirabilia</strong></span> <span class='ocrx_word' id='word_1_786' title='bbox 2954 4532 3067 4596; x_wconf 89' lang='lat' dir='ltr'><strong>illa,</strong></span> <span class='ocrx_word' id='word_1_787' title='bbox 3118 4547 3240 4601; x_wconf 74' lang='lat' dir='ltr'><strong>qua:</strong></span> <span class='ocrx_word' id='word_1_788' title='bbox 3289 4532 3499 4587; x_wconf 86' lang='lat' dir='ltr'><strong>homini</strong></span> 
     </span>
    </p>
   </div>
   <div class='ocr_carea' id='block_1_106' title="bbox 1923 4623 3501 4692">
    <p class='ocr_par' dir='ltr' id='par_1_106' title="bbox 1923 4623 3501 4692">
     <span class='ocr_line' id='line_1_106' title="bbox 1923 4623 3501 4692; baseline 0 -15"><span class='ocrx_word' id='word_1_789' title='bbox 1923 4630 2223 4677; x_wconf 88' lang='lat' dir='ltr'><strong>monstrata</strong></span> <span class='ocrx_word' id='word_1_790' title='bbox 2249 4631 2398 4687; x_wconf 91' lang='lat' dir='ltr'><strong>sunt,</strong></span> <span class='ocrx_word' id='word_1_791' title='bbox 2433 4630 2489 4676; x_wconf 91' lang='lat' dir='ltr'><strong>et</strong></span> <span class='ocrx_word' id='word_1_792' title='bbox 2532 4637 2772 4690; x_wconf 88' lang='lat' dir='ltr'><strong>quorum</strong></span> <span class='ocrx_word' id='word_1_793' title='bbox 2810 4623 3215 4692; x_wconf 82' lang='lat' dir='ltr'><strong>experientiam</strong></span> <span class='ocrx_word' id='word_1_794' title='bbox 3251 4624 3417 4692; x_wconf 88' lang='lat' dir='ltr'><strong>cepit,</strong></span> <span class='ocrx_word' id='word_1_795' title='bbox 3446 4624 3501 4679; x_wconf 87' lang='lat' dir='ltr'><strong>ei</strong></span> 
     </span>
    </p>
   </div>
   <div class='ocr_carea' id='block_1_107' title="bbox 1922 4712 3500 4783">
    <p class='ocr_par' dir='ltr' id='par_1_107' title="bbox 1922 4712 3500 4783">
     <span class='ocr_line' id='line_1_107' title="bbox 1922 4712 3500 4783; baseline -0.001 -13"><span class='ocrx_word' id='word_1_796' title='bbox 1922 4729 2140 4783; x_wconf 86' lang='lat' dir='ltr'><strong>semper</strong></span> <span class='ocrx_word' id='word_1_797' title='bbox 2180 4712 2454 4778; x_wconf 89' lang='lat' dir='ltr'><strong>adessent,</strong></span> <span class='ocrx_word' id='word_1_798' title='bbox 2499 4727 2602 4767; x_wconf 92' lang='lat' dir='ltr'><strong>nec</strong></span> <span class='ocrx_word' id='word_1_799' title='bbox 2627 4713 2998 4767; x_wconf 85' lang='lat' dir='ltr'><strong>ministerium</strong></span> <span class='ocrx_word' id='word_1_800' title='bbox 3041 4714 3197 4768; x_wconf 79' lang='lat' dir='ltr'><strong>verbi</strong></span> <span class='ocrx_word' id='word_1_801' title='bbox 3240 4722 3335 4768; x_wconf 88' lang='lat' dir='ltr'><strong>aut</strong></span> <span class='ocrx_word' id='word_1_802' title='bbox 3355 4729 3500 4769; x_wconf 84' lang='lat' dir='ltr'><strong>onus</strong></span> 
     </span>
    </p>
   </div>
   <div class='ocr_carea' id='block_1_108' title="bbox 1924 4804 3497 4875">
    <p class='ocr_par' dir='ltr' id='par_1_108' title="bbox 1924 4804 3497 4875">
     <span class='ocr_line' id='line_1_108' title="bbox 1924 4804 3497 4875; baseline 0 -15"><span class='ocrx_word' id='word_1_803' title='bbox 1924 4804 2145 4874; x_wconf 90' lang='lat' dir='ltr'><strong>aliquod</strong></span> <span class='ocrx_word' id='word_1_804' title='bbox 2169 4805 2454 4875; x_wconf 88' lang='lat' dir='ltr'><strong>suscipere</strong></span> <span class='ocrx_word' id='word_1_805' title='bbox 2478 4813 2687 4875; x_wconf 88' lang='lat' dir='ltr'><strong>posset,</strong></span> <span class='ocrx_word' id='word_1_806' title='bbox 2723 4820 2904 4875; x_wconf 92' lang='lat' dir='ltr'><strong>neque</strong></span> <span class='ocrx_word' id='word_1_807' title='bbox 2954 4804 3150 4859; x_wconf 90' lang='lat' dir='ltr'><strong>audirc</strong></span> <span class='ocrx_word' id='word_1_808' title='bbox 3183 4814 3279 4860; x_wconf 91' lang='lat' dir='ltr'><strong>aut</strong></span> <span class='ocrx_word' id='word_1_809' title='bbox 3306 4820 3497 4860; x_wconf 88' lang='lat' dir='ltr'><strong>curam</strong></span> 
     </span>
    </p>
   </div>
   <div class='ocr_carea' id='block_1_109' title="bbox 1931 4895 3498 4968">
    <p class='ocr_par' dir='ltr' id='par_1_109' title="bbox 1931 4895 3498 4968">
     <span class='ocr_line' id='line_1_109' title="bbox 1931 4895 3498 4968; baseline 0.003 -18"><span class='ocrx_word' id='word_1_810' title='bbox 1931 4912 2143 4967; x_wconf 87' lang='lat' dir='ltr'><strong>gerere,</strong></span> <span class='ocrx_word' id='word_1_811' title='bbox 2176 4896 2221 4951; x_wconf 92' lang='lat' dir='ltr'><strong>si</strong></span> <span class='ocrx_word' id='word_1_812' title='bbox 2255 4895 2477 4966; x_wconf 92' lang='lat' dir='ltr'><strong>quando</strong></span> <span class='ocrx_word' id='word_1_813' title='bbox 2542 4911 2682 4965; x_wconf 92' lang='lat' dir='ltr'><strong>opus</strong></span> <span class='ocrx_word' id='word_1_814' title='bbox 2732 4907 2901 4962; x_wconf 87' lang='lat' dir='ltr'><strong>esset,</strong></span> <span class='ocrx_word' id='word_1_815' title='bbox 2950 4897 3036 4951; x_wconf 93' lang='lat' dir='ltr'><strong>sui</strong></span> <span class='ocrx_word' id='word_1_816' title='bbox 3088 4897 3279 4968; x_wconf 87' lang='lat' dir='ltr'><strong>ipsius,</strong></span> <span class='ocrx_word' id='word_1_817' title='bbox 3316 4912 3498 4966; x_wconf 87' lang='lat' dir='ltr'><strong>neque</strong></span> 
     </span>
    </p>
   </div>
   <div class='ocr_carea' id='block_1_110' title="bbox 1920 4984 3499 5056">
    <p class='ocr_par' dir='ltr' id='par_1_110' title="bbox 1920 4984 3499 5056">
     <span class='ocr_line' id='line_1_110' title="bbox 1920 4984 3499 5056; baseline 0.001 -16"><span class='ocrx_word' id='word_1_818' title='bbox 1920 4986 2146 5040; x_wconf 87' lang='lat' dir='ltr'><strong>crastini</strong></span> <span class='ocrx_word' id='word_1_819' title='bbox 2184 4986 2315 5048; x_wconf 90' lang='lat' dir='ltr'><strong>diei,</strong></span> <span class='ocrx_word' id='word_1_820' title='bbox 2341 4984 2437 5039; x_wconf 87' lang='lat' dir='ltr'><strong>sed</strong></span> <span class='ocrx_word' id='word_1_821' title='bbox 2466 4985 2647 5039; x_wconf 91' lang='lat' dir='ltr'><strong>solum</strong></span> <span class='ocrx_word' id='word_1_822' title='bbox 2678 4986 2871 5041; x_wconf 89' lang='lat' dir='ltr'><strong>sedere</strong></span> <span class='ocrx_word' id='word_1_823' title='bbox 2903 4985 2957 5039; x_wconf 90' lang='lat' dir='ltr'><strong>in</strong></span> <span class='ocrx_word' id='word_1_824' title='bbox 3004 5002 3115 5041; x_wconf 91' lang='lat' dir='ltr'><strong>uno</strong></span> <span class='ocrx_word' id='word_1_825' title='bbox 3147 4988 3348 5056; x_wconf 89' lang='lat' dir='ltr'><strong>angulo</strong></span> <span class='ocrx_word' id='word_1_826' title='bbox 3377 5003 3499 5042; x_wconf 88' lang='lat' dir='ltr'><strong>sus-</strong></span> 
     </span>
    </p>
   </div>
   <div class='ocr_carea' id='block_1_111' title="bbox 1920 5074 3498 5147">
    <p class='ocr_par' dir='ltr' id='par_1_111' title="bbox 1920 5074 3498 5147">
     <span class='ocr_line' id='line_1_111' title="bbox 1920 5074 3498 5147; baseline 0.004 -20"><span class='ocrx_word' id='word_1_827' title='bbox 1920 5089 2127 5144; x_wconf 89' lang='lat' dir='ltr'><strong>pensus</strong></span> <span class='ocrx_word' id='word_1_828' title='bbox 2154 5084 2210 5131; x_wconf 88' lang='lat' dir='ltr'><strong>et</strong></span> <span class='ocrx_word' id='word_1_829' title='bbox 2243 5074 2567 5130; x_wconf 90' lang='lat' dir='ltr'><strong>inebriatus.</strong></span> <span class='ocrx_word' id='word_1_830' title='bbox 2595 5074 2943 5145; x_wconf 82' lang='lat' dir='ltr'><strong>Quapropter</strong></span> <span class='ocrx_word' id='word_1_831' title='bbox 2985 5077 3187 5147; x_wconf 86' lang='lat' dir='ltr'><strong>gradus</strong></span> <span class='ocrx_word' id='word_1_832' title='bbox 3222 5077 3498 5147; x_wconf 87' lang='lat' dir='ltr'><strong>perfectus</strong></span> 
     </span>
    </p>
   </div>
   <div class='ocr_carea' id='block_1_112' title="bbox 1919 5167 3499 5237">
    <p class='ocr_par' dir='ltr' id='par_1_112' title="bbox 1919 5167 3499 5237">
     <span class='ocr_line' id='line_1_112' title="bbox 1919 5167 3499 5237; baseline 0.004 -18"><span class='ocrx_word' id='word_1_833' title='bbox 1919 5181 2030 5219; x_wconf 92' lang='lat' dir='ltr'><strong>non</strong></span> <span class='ocrx_word' id='word_1_834' title='bbox 2058 5174 2143 5222; x_wconf 88' lang='lat' dir='ltr'><strong>est</strong></span> <span class='ocrx_word' id='word_1_835' title='bbox 2175 5182 2487 5231; x_wconf 88' lang='lat' dir='ltr'><strong>concessus,</strong></span> <span class='ocrx_word' id='word_1_836' title='bbox 2511 5175 2571 5221; x_wconf 91' lang='lat' dir='ltr'><strong>ut</strong></span> <span class='ocrx_word' id='word_1_837' title='bbox 2594 5167 2763 5237; x_wconf 87' lang='lat' dir='ltr'><strong>possit</strong></span> <span class='ocrx_word' id='word_1_838' title='bbox 2793 5183 2985 5223; x_wconf 90' lang='lat' dir='ltr'><strong>vacare</strong></span> <span class='ocrx_word' id='word_1_839' title='bbox 3016 5184 3163 5224; x_wconf 73' lang='lat' dir='ltr'><strong>curae</strong></span> <span class='ocrx_word' id='word_1_840' title='bbox 3189 5168 3419 5223; x_wconf 91' lang='lat' dir='ltr'><strong>fratrum</strong></span> <span class='ocrx_word' id='word_1_841' title='bbox 3443 5180 3499 5225; x_wconf 87' lang='lat' dir='ltr'><strong>et</strong></span> 
     </span>
    </p>
   </div>
   <div class='ocr_carea' id='block_1_113' title="bbox 1925 5257 3499 5317">
    <p class='ocr_par' dir='ltr' id='par_1_113' title="bbox 1925 5257 3499 5317">
     <span class='ocr_line' id='line_1_113' title="bbox 1925 5257 3499 5317; baseline 0.005 -8"><span class='ocrx_word' id='word_1_842' title='bbox 1925 5257 2230 5313; x_wconf 90' lang='lat' dir='ltr'><strong>ministerio</strong></span> <span class='ocrx_word' id='word_1_843' title='bbox 2254 5258 2427 5313; x_wconf 88' lang='lat' dir='ltr'><strong>verbi.</strong></span> <span class='ocrx_word' id='word_1_844' title='bbox 2458 5258 2845 5313; x_wconf 82' lang='lat' dir='ltr'><strong>Verumtamen</strong></span> <span class='ocrx_word' id='word_1_845' title='bbox 2872 5259 3231 5316; x_wconf 88' lang='lat' dir='ltr'><strong>interstitium</strong></span> <span class='ocrx_word' id='word_1_846' title='bbox 3252 5262 3499 5317; x_wconf 64' lang='lat' dir='ltr'><strong>maceria</strong></span> 
     </span>
    </p>
   </div>
   <div class='ocr_carea' id='block_1_114' title="bbox 1926 5347 2845 5413">
    <p class='ocr_par' dir='ltr' id='par_1_114' title="bbox 1926 5347 2845 5413">
     <span class='ocr_line' id='line_1_114' title="bbox 1926 5347 2845 5413; baseline 0.004 -13"><span class='ocrx_word' id='word_1_847' title='bbox 1926 5347 2170 5404; x_wconf 79' lang='lat' dir='ltr'><strong>dirutum</strong></span> <span class='ocrx_word' id='word_1_848' title='bbox 2198 5357 2302 5413; x_wconf 84' lang='lat' dir='ltr'><strong>est,</strong></span> <span class='ocrx_word' id='word_1_849' title='bbox 2338 5358 2393 5405; x_wconf 88' lang='lat' dir='ltr'><strong>et</strong></span> <span class='ocrx_word' id='word_1_850' title='bbox 2424 5365 2574 5405; x_wconf 90' lang='lat' dir='ltr'><strong>mors</strong></span> <span class='ocrx_word' id='word_1_851' title='bbox 2606 5349 2845 5405; x_wconf 85' lang='lat' dir='ltr'><strong>devicta.</strong></span> 
     </span>
    </p>
   </div>
   <div class='ocr_carea' id='block_1_115' title="bbox 2005 5524 3500 5595">
    <p class='ocr_par' dir='ltr' id='par_1_115' title="bbox 2005 5524 3500 5595">
     <span class='ocr_line' id='line_1_115' title="bbox 2005 5524 3500 5595; baseline 0.004 -17"><span class='ocrx_word' id='word_1_852' title='bbox 2005 5524 2069 5579; x_wconf 85' lang='lat' dir='ltr'><strong>V.</strong></span> <span class='ocrx_word' id='word_1_853' title='bbox 2129 5524 2238 5580; x_wconf 78' lang='lat' dir='ltr'><strong>Res</strong></span> <span class='ocrx_word' id='word_1_854' title='bbox 2293 5534 2477 5583; x_wconf 88' lang='lat' dir='ltr'><strong>autem</strong></span> <span class='ocrx_word' id='word_1_855' title='bbox 2535 5526 2615 5582; x_wconf 88' lang='lat' dir='ltr'><strong>sic</strong></span> <span class='ocrx_word' id='word_1_856' title='bbox 2682 5541 2741 5582; x_wconf 87' lang='lat' dir='ltr'><strong>se</strong></span> <span class='ocrx_word' id='word_1_857' title='bbox 2794 5525 2979 5581; x_wconf 83' lang='lat' dir='ltr'><strong>habet.</strong></span> <span class='ocrx_word' id='word_1_858' title='bbox 3030 5525 3500 5595; x_wconf 85' lang='lat' dir='ltr'><strong>Quemadmodqu</strong></span> 
     </span>
    </p>
   </div>
  </div>
