4266 6356
835 359 930 423 531

2069 367 2130 427 S.
2172 366 2486 425 MACARll
2528 362 2849 423 ABGYPTII

3967 345 4073 407 532

835 475 1122 530 tenebrosa
1165 472 1413 544 quaedam
1466 475 1550 529 vis
1601 474 1888 539 incumbit,
1923 484 1979 529 et
2018 475 2212 531 leviter
2242 478 2395 530 velut
2424 482 2469 536 Α
2496 494 2520 528 τ

2389 482 2579 537 ⁹Ατις
2626 474 2853 541 δύναμις
2911 468 3181 522 ἐπίκειται
3242 464 3335 515 καὶ
3387 458 3645 522 σκεπάζει
3714 456 3961 524 ἐλαφρῶς
3991 457 4074 515 ὡς

831 581 1049 619 crassus
1071 566 1293 633 quidam
1324 579 1417 616 aer
1459 565 1710 631 inopacat
1750 565 1954 627 locum,
2005 567 2231 619 lucerna
2271 566 2398 617 licet

831 670 1048 723 semper
1075 654 1299 706 ardente
1331 663 1386 706 et
1420 652 1677 705 lucente:
1714 652 1793 705 sic
1828 652 2070 707 adhaeret
2091 654 2167 706 illi
2202 653 2396 706 lumini

835 748 1098 801 velamen.
1131 746 1287 800 Unde
1311 746 1604 800 confitetur
1641 747 1751 810 ille,
1786 762 1845 800 se
1880 761 2223 814 nequaquam
2278 761 2397 800 esse

834 838 1152 905 perfectum,
1192 854 1369 905 neque
1393 838 1619 890 omnino
1651 838 1951 890 immunem
1978 854 2007 890 a
2036 846 2292 905 peccato:
2324 837 2397 890 ita

832 938 892 981 ut
923 929 1215 998 dicat,33
1293 929 1537 982 dirutum
1588 938 1645 983 et
1693 928 1998 997 perfossum
2059 945 2179 983 esse
2221 930 2395 983 inter-

829 1020 1025 1087 iectum
1059 1021 1320 1088 parietem
1355 1022 1621 1085 maceriae,
1656 1030 1820 1089 atque
1853 1021 2072 1083 iterum,
2105 1021 2159 1074 in
2206 1020 2390 1090 aliqua

831 1118 1002 1178 parte,
1040 1126 1151 1163 non
1198 1125 1321 1165 esse
1366 1114 1525 1180 plane
1567 1111 1834 1172 dirutum,
1888 1127 2065 1180 neque
2096 1111 2150 1165 in
2196 1126 2394 1181 perpe-

832 1211 1001 1254 tuum.
1035 1202 1343 1270 Aliquando
1366 1203 1510 1255 enim
1561 1203 1943 1257 vehementius
1979 1202 2251 1265 accendit,
2298 1203 2395 1257 ad-

829 1300 1017 1345 mouet
1046 1301 1101 1344 et
1136 1292 1401 1345 rcfocillat
1431 1293 1636 1361 gratia:
1685 1292 1982 1360 aliquando
2032 1307 2161 1346 vero
2195 1293 2392 1346 remis-

830 1380 942 1432 sior
984 1379 1122 1433 facta
1168 1380 1485 1433 subtristior
1543 1387 1787 1448 apparet,
1841 1390 2005 1448 prout
2060 1380 2176 1449 ipsa
2221 1382 2393 1450 gratia

829 1471 1108 1537 dispensat
1168 1471 1235 1523 ad
1282 1471 1712 1523 emolumentum
1764 1470 2023 1523 hominis.
2079 1470 2216 1534 Quis
2263 1488 2394 1525 vero

832 1576 1071 1629 unquam
1108 1561 1172 1613 ad
1206 1561 1506 1629 perfectum
1540 1562 1768 1629 gradum
1800 1576 2123 1631 progressus
2157 1564 2394 1632 gustavit

830 1660 885 1704 ct
931 1651 1233 1719 periculurn
1286 1650 1418 1704 fecit
1472 1651 1619 1704 illius
1666 1652 1889 1704 saeculi?
1938 1651 2189 1705 Nondum
2246 1654 2391 1705 enim

834 1744 1001 1795 ullum
1058 1742 1166 1795 vidi
1205 1742 1506 1809 perfectum
1558 1743 1835 1795 hominem
1881 1742 2250 1797 Christianum
2296 1751 2391 1796 aut

832 1836 1088 1889 liberum.
1116 1834 1223 1887 Sed
1266 1833 1513 1900 quamvis
1565 1833 1879 1900 acquiescat
1937 1835 2061 1901 quis
2105 1834 2158 1885 in
2197 1834 2387 1902 gratia,

831 1932 996 1989 atque
1036 1920 1102 1973 ad
1139 1920 1413 1989 mysteria,
1442 1920 1801 1972 revelationes
1829 1934 1892 1972 ac
1917 1920 2237 1973 immensam
2263 1934 2389 1972 sua-

832 2010 1055 2062 vitatem
1083 2009 1269 2077 gratia:
1296 2007 1597 2075 perveniat,
1634 2008 1995 2061 nihilominus
2054 2018 2233 2061 tamen
2264 2024 2390 2076 pec-

832 2106 1012 2150 catum
1055 2096 1234 2149 adhuc
1279 2096 1333 2148 in
1382 2110 1448 2149 eo
1487 2095 1676 2149 haeret.
1725 2094 1828 2160 Qui
1878 2097 2011 2149 tales
2057 2111 2189 2149 vero
2241 2105 2387 2160 sunt,

832 2192 1053 2251 propter
1104 2184 1421 2236 immensam
1480 2184 1706 2251 gratiam
1759 2193 1815 2237 et
1870 2185 2055 2238 lumen
2126 2184 2232 2239 illis
2294 2186 2391 2239 ad-

833 2277 1065 2339 haerens,
1133 2291 1189 2329 se
1254 2276 1524 2345 perfectos
1593 2289 1649 2329 et
1707 2277 1913 2331 liberos
1982 2288 2256 2346 reputant,
2322 2296 2389 2334 ex

833 2366 1105 2433 imperitia
1149 2364 1382 2432 decepti,
1430 2374 1721 2433 postquam
1778 2366 2063 2435 possident
2116 2369 2225 2421 vim
2269 2386 2389 2440 gra-

833 2459 937 2510 tize.
973 2456 1166 2510 Verum
1203 2455 1436 2509 necdum
1472 2456 1581 2509 vidi
1621 2458 1789 2510 ullum
1825 2459 2080 2513 liberum.
2108 2459 2388 2529 Siquidem

830 2556 885 2601 et
923 2562 1021 2616 ego
1054 2562 1119 2600 ex
1143 2557 1294 2615 parte
1323 2548 1502 2615 aliqua
1546 2549 1840 2616 aliquando
1868 2550 1935 2602 ad
1976 2550 2202 2619 gradum
2223 2550 2389 2603 'illum

836 2638 1080 2705 perveni,
1136 2647 1193 2691 et
1243 2639 1495 2708 cognovi.
1536 2640 1747 2692 nullum
1785 2656 1909 2695 esse
1944 2641 2223 2697 hominem
2265 2656 2390 2710 per-

833 2730 1033 2784 fectum
1046 2767 1058 2782 .

896 2818 983 2872 Vl.
1011 2818 1383 2887 Interrogatio.
1423 2816 1519 2870 Dic
1553 2819 1695 2870 nobis
1728 2818 1981 2888 iit-quibus
2008 2828 2061 2873 tu
2084 2822 2319 2874 consistis

832 2908 1076 2979 gradibus
1096 2909 1120 2960 ?

901 2996 1205 3064 Responsio.
1241 2998 1373 3051 Post
1417 2998 1631 3067 signum
1671 2999 1850 3053 crucis
1893 2999 2064 3069 gratia
2119 3017 2265 3056 nunc
2314 3002 2393 3057 sic

837 3099 1119 3156 Operatur,
1150 3099 1207 3142 et
1234 3090 1417 3157 quieta
1468 3090 1646 3143 reddit
1693 3090 1877 3144 omnia
1925 3090 2167 3143 membra
2194 3101 2249 3145 et
2274 3108 2389 3157 cor,

838 3180 1088 3232 utanima
1116 3196 1226 3248 pra:
1255 3195 1465 3233 summa
1494 3181 1701 3245 lzetitia,
1726 3187 1980 3248 tanquam
2007 3181 2220 3249 puellus
2246 3182 2395 3235 frau-

834 3272 923 3324 dis
954 3272 1175 3339 ignarus
1197 3271 1468 3334 videatur,
1498 3285 1599 3323 nec
1627 3272 1860 3338 amplius
1886 3272 2049 3324 homo
2072 3273 2399 3327 condemnet

834 3361 1083 3415 Griecum
1108 3370 1199 3414 aut
1228 3361 1498 3423 Judwum,
1529 3369 1623 3413 aut
1670 3371 2035 3429 peccatorem,
2068 3370 2163 3414 aut
2192 3362 2398 3415 mundo

836 3452 1082 3506 deditum
1110 3470 1121 3505 :
1149 3468 1339 3505 verum
1387 3453 1617 3505 interior
1657 3453 1822 3506 homo
1851 3453 2010 3506 oculo
2048 3468 2185 3521 puro
2209 3469 2400 3507 omnes

836 3546 1050 3613 aspicit.
1100 3554 1154 3599 et
1202 3546 1414 3599 laetatur
1440 3546 1604 3599 homo
1642 3546 1710 3599 de
1748 3554 1862 3599 toto
1894 3547 2119 3609 mundo,
2150 3549 2400 3600 omnino-

836 3651 942 3703 que
970 3635 1120 3704 cupit
1164 3638 1413 3689 venerari
1450 3646 1506 3690 et
1552 3637 1777 3705 diligere
1807 3637 2025 3691 Graacos
2067 3646 2120 3691 et
2160 3638 2396 3692 Judaeos.

836 3726 955 3779 Alia
983 3726 1216 3794 quadam
1258 3727 1390 3779 hora
1416 3727 1587 3779 veluti
1622 3727 1766 3780 [ilius
1811 3727 1955 3795 regis
1996 3728 2239 3780 conlidit.
2264 3728 2399 3782 Filio

836 3818 932 3872 Dei
968 3829 1222 3887 tanquam
1265 3820 1428 3888 patri,
1464 3828 1519 3873 et
1567 3822 1887 3889 aperiuntur
1919 3822 1968 3875 ei
2011 3821 2175 3885 fores,
2208 3831 2262 3875 et
2313 3822 2397 3874 in—

835 3909 1082 3978 greditur
1135 3910 1281 3964 intro
1354 3911 1407 3963 in
1463 3911 1662 3965 multas
1714 3913 2039 3967 mansiones.
2088 3914 2153 3966 Et
2196 3926 2400 3981 quanto

834 4000 1009 4069 magis
1036 4002 1361 4069 ingreditur,
1400 4017 1618 4054 rursum
1653 4004 1973 4068 aperiuntur
2007 4003 2056 4055 ei
2088 4004 2241 4071 juxta
2271 4019 2398 4072 pro-

834 4090 1142 4157 portionem
1172 4106 1201 4143 a
1235 4098 1452 4146 centum
1497 4092 1874 4145 mansionibus
1904 4091 1968 4144 ad
1999 4092 2133 4145 alias
2174 4101 2398 4144 centum

832 4165 1490 4242 mansiones,et‘ditescil;
1511 4189 1565 4232 et
1602 4187 1808 4246 quanto
1836 4179 2006 4247 magis
2035 4179 2274 4243 ditescit,
2301 4180 2399 4233 de—

830 4284 943 4323 nuo
955 4270 1058 4323 alia
1081 4270 1388 4324 recentiora
1406 4269 1681 4323 mirabilia
1700 4271 1747 4324 ei
1773 4279 2169 4325 monstrantur.
2184 4272 2251 4324 Et
2274 4286 2399 4325 cre-

831 4364 1037 4415 duntur
1074 4364 1125 4415 ei
1170 4371 1426 4430 tanquam
1484 4362 1593 4415 ﬁlio
1628 4371 1684 4416 et
1739 4363 1942 4415 haeredi
1983 4379 2092 4427 res,
2153 4379 2273 4432 qua:
2330 4365 2398 4417 ab

2498 568 2604 637 ἀὴρ
2636 567 2835 634 παχὺς,
2876 562 3053 614 καίτοι
3111 557 3344 609 πάντοτε
3383 556 3481 621 τῆς
3511 549 3791 620 λαμπάδος
3844 546 4072 637 καιομέέ

2497 636 2595 725 νης
2648 657 2744 708 καὶ
2796 652 3092 721 φαινούσης
3169 646 3345 707 οὕτως
3410 643 3683 697 ἐπίκειται
3744 639 3934 706 ἐκείνῳ
3987 636 4072 702 τῷ

2501 752 2638 821 φωτὶ
2669 750 2952 816 κάλυμμα.
2995 745 3157 797 Ὅθεν
3184 740 3435 810 ὁμολογεῖ
3467 732 3639 799 οὗτος,
3674 737 3755 787 ὅτι
3806 734 3906 784 οὐκ
3947 731 4070 782 ἔστι

2497 842 2720 903 τέλειος,
2754 838 2873 891 οὐδὲ
2925 836 3205 903 ἐλεύθερος
3252 833 3313 883 τὸ
3367 831 3485 882 ὅλον
3522 829 3584 879 ὲκ
3634 825 3729 893 τῆς
3770 822 4071 891 ἁμαρτίας.

2499 936 2662 986 Ὥστε
2731 932 2925 990 εἰπεῖν,
2975 930 3057 981 ὅτι
3103 925 3413 978 διαλέλυται
3476 920 3569 972 καὶ
3620 917 3944 984 τέθραυσται
4006 912 4074 962 τὸ

2499 1022 2808 1090 μεσότοιχον
2835 1016 2926 1070 τοῦ
2960 1014 3238 1086 φραγμοῦ,
3276 1014 3369 1065 καὶ
3398 1010 3560 1062 πάλιν
3584 1008 3639 1059 ἓν
3679 1024 3784 1058 τινι
3808 1006 3868 1057 οὐ
3890 1003 4075 1056 διαλέ-

2495 1112 2648 1164 λυται
2686 1110 2746 1162 τὸ
2787 1097 2925 1171 ὅπον,
2956 1106 3079 1159 οὔτε
3134 1106 3385 1157 πάντοτε.
3422 1101 3577 1151 Ἐστι
3601 1097 3707 1166 γὰρ
3750 1095 3937 1164 καιρὸς
3981 1094 4076 1145 ὅτι

2497 1202 2658 1253 πλέον
2704 1199 2945 1262 ἐξάπτει,
2982 1196 3075 1249 καὶ
3111 1192 3435 1263 παρακαλεῖ,
3467 1190 3558 1242 καὶ
3588 1185 3895 1240 ἀναπαύει·
3953 1183 4076 1235 ἔστι

2495 1293 2705 1361 καιρὸς,
2744 1292 2833 1343 ὅτε
2863 1287 3249 1341 ὑποστέλλεται
3297 1282 3392 1336 καὶ
3450 1278 3770 1347 στυγνάζει,
3821 1276 3896 1338 ὡς
3931 1274 4077 1343 αὑτὴ

2495 1385 2529 1451 ἡ
2574 1382 2729 1451 χάρις
2777 1379 3050 1447 οἰκονομεῖ
3071 1376 3204 1445 πρὸς
3248 1374 3307 1425 τὸ
3354 1371 3629 1441 συμφέρον
3664 1368 3741 1439 τῷ
3772 1366 4072 1438 ἀνθρώπῳ.

2494 1477 2589 1537 Τίς
2617 1476 2671 1527 δὲ
2705 1476 2733 1526 ό
2763 1472 2931 1526 ἐλθὼν
2983 1472 3063 1533 είς
3109 1469 3171 1521 τὸ
3212 1469 3409 1537 μέτρον
3440 1467 3503 1517 τὸ
3526 1464 3727 1517 τέλειον
3754 1465 3810 1514 ὲν
3832 1462 4073 1528 καιροῖς,

2493 1566 2587 1618 καὶ
2632 1565 3005 1633 γευσάμενος,
3050 1559 3145 1613 καὶ
3185 1560 3380 1627 πεῖραν
3409 1556 3549 1624 ἔχων
3579 1554 3788 1607 ἐκείνου
3818 1552 3913 1604 τοῦ
3937 1551 4078 1602 alib-

2493 1674 2617 1722 νος;
2671 1654 2885 1725 Ἀκμὴν
2947 1654 3055 1722 γὰρ
3112 1650 3305 1702 οὐδένα
3351 1643 3488 1700 εἶδον
3537 1646 3741 1699 τέλειον
3785 1644 4079 1711 ἄνθρωπον

2494 1747 2834 1818 Χριστιανὸν,
2863 1746 2895 1815 ἢ
2924 1744 3204 1810 ἐλεύθερον
3222 1759 3238 1775 ·
3274 1739 3388 1793 ἀλλ’
3419 1741 3466 1791 εί
3502 1739 3595 1791 καὶ
3625 1736 3964 1789 άναπαύεταί
3992 1751 4077 1795 τις

2498 1842 2553 1889 ἐν
2578 1841 2641 1907 τῇ
2671 1840 2887 1907 χάριτι,
2936 1834 3028 1887 καὶ
3059 1832 3369 1899 εἰσέρχεται
3399 1829 3477 1889 είς
3508 1829 3783 1896 μυστήρια
3813 1825 3907 1877 καὶ
3931 1825 4077 1875 ἀπο-

2497 1929 2775 1996 καλύψεις,
2808 1925 2902 1978 καὶ
2929 1926 3007 1986 είς
3034 1921 3277 1993 ἡδύτητα
3302 1918 3502 1986 πολλὴν
3531 1917 3630 1986 τὴν
3652 1916 3891 1985 χάριτος,
3922 1916 4078 1982 ὅμως

2496 2021 2650 2088 καὶὴ
2700 2016 2940 2087 ἁμαρτία
2981 2014 3227 2068 σύνεστιν
3268 2011 3455 2081 ἀκμὴν
3516 2010 3652 2062 ἔσωο
3690 2009 3844 2062 αὐτοὶ
3873 2007 3954 2069 δὲ,
3986 2006 4078 2059 διά

2495 2112 2597 2179 τὴν
2622 2108 3065 2179 ὑπερὸάλλουσαν
3092 2105 3251 2174 χάριν
3278 2104 3374 2156 καὶ
3398 2103 3457 2155 τὸ
3482 2102 3540 2155 έν
3564 2103 3746 2162 αὐτοῖς
3773 2098 3911 2167 φῶς,
3928 2098 4079 2166 νομίο

2498 2201 2682 2263 ζουσιν
2725 2198 2998 2267 ἐλεύθεροι
3042 2192 3184 2249 εἶναι
3233 2196 3328 2247 καὶ
3364 2194 3595 2256 τέλειοι,
3633 2190 3785 2260 παρά
3813 2190 4078 2259 ἀπειρίαν

2500 2294 2894 2361 σφαλλόμενοι,
2938 2290 3125 2358 ἐπειδὴ
3155 2288 3370 2357 ἔχουσιν
3398 2285 3678 2355 ἐνέργειαν
3706 2285 3803 2354 τῆς
3829 2283 4075 2351 χάριτος,

2497 2384 2681 2453 ἀκμὴν
2709 2382 2764 2435 δὲ
2807 2380 2997 2434 οὐδένα
3024 2376 3166 2432 εἶδον
3195 2377 3497 2446 ἐλεύθερον.
3542 2374 3758 2442 Ἐπειδὴ
3792 2371 3949 2438 κάγὼ
3979 2390 4077 2442 με-

2500 2472 2669 2544 ρικῶς
2693 2473 2751 2524 έν
2774 2472 2985 2541 καιροῖς
3005 2485 3167 2530 τισιν,
3198 2466 3451 2535 εἰσῆλθον
3472 2468 3552 2528 είς
3574 2466 3749 2517 έκεῖνο
3767 2464 3828 2516 τὸ
3847 2463 4076 2533 μέτρον,

2498 2565 2592 2619 καὶ
2640 2561 2756 2617 οἴδα
2799 2560 3169 2630 καταμαθὼν,
3225 2559 3344 2623 πῶς
3390 2560 3489 2611 οὐκ
3528 2557 3646 2611 ἐστι
3686 2556 3889 2618 τέλειος
3924 2556 3952 2606 ό
3979 2556 4078 2609 ἀν-

2498 2655 2526 2708 θ
2534 2671 2732 2726 ρωπος.

2571 2831 2660 2895 ς’.
2694 2828 3026 2896 Ἐρώτησις.
3058 2828 3202 2882 Ειπά
3230 2826 3375 2895 ἡμῖν
3416 2824 3498 2879 σὺ
3519 2864 3533 2890 ,
3566 2825 3636 2878 ἐν
3662 2824 3859 2890 ποίοις
3890 2820 3948 2878 εἳ
3971 2827 4078 2893 μέο

2498 2936 2657 2987 τροις
2672 2936 2692 2983 ;

2570 3010 2921 3075 Ἀπόκρισις.
2952 3007 3106 3062 Μετά
3139 3008 3202 3060 τὸ
3249 3008 3474 3076 σημεῖον
3510 3004 3601 3057 τοῦ
3628 3002 3884 3074 σταυροῦ,
3916 3002 4012 3055 νῦν
4042 3004 4076 3071 ἡ

2499 3098 2655 3167 χάρις
2678 3098 2847 3161 οὕτως
2890 3100 3104 3167 ἐνεργεῖ
3130 3098 3221 3150 καὶ
3254 3096 3524 3167 είρηνεύει
3558 3096 3655 3148 ὅλα
3684 3096 3751 3147 τὰ
3787 3096 3921 3163 μέλη
3980 3097 4077 3146 καὶ

2497 3189 2593 3255 τὴν
2621 3188 2869 3258 καρδίαν,
2907 3188 3047 3241 ὥστε
3084 3190 3181 3257 τὴν
3210 3187 3388 3257 ψυχὴν
3412 3190 3475 3239 ὲκ
3505 3188 3607 3255 τῆς
3655 3186 3854 3253 πολλῆς
3899 3186 4076 3255 χαρᾶς

2498 3280 2572 3341 ὡς
2612 3279 2817 3332 παιδίον
2838 3280 3043 3333 ἄκακον
3079 3279 3388 3347 φαίνεσθαι,
3421 3279 3513 3331 καὶ
3538 3278 3721 3331 οὐκέτι
3753 3278 4075 3347 κατακρίνει

2498 3370 2525 3420 ό
2558 3368 2843 3437 ἄνθρωπος
2873 3367 3111 3438 Ἕλληνα
3157 3368 3189 3437 ἢ
3254 3367 3536 3431 Ἰουδαῖον,
3582 3366 3615 3434 ἢ
3652 3364 3997 3435 ἁμαρτωλὸν,
4039 3364 4073 3433 ἢ

2499 3460 2761 3528 κοσμικόν
2791 3473 2806 3488 ⁸
2847 3459 2962 3512 ἀλλ’
2995 3462 3022 3512 ὁ
3058 3460 3165 3512 ἔσω
3195 3459 3483 3530 ἅνθρωπος
3533 3456 3759 3527 καθαρῷ
3806 3455 4076 3525 ὀφθαλμῷ

2500 3550 2710 3612 πάντας
2752 3550 2875 3619 ὁρᾷ,
2921 3550 3017 3603 καὶ
3066 3550 3249 3619 χαίρει
3302 3552 3329 3602 ὁ
3377 3549 3665 3615 ἄνθρωπος
3716 3547 3807 3599 ἐπὶ
3842 3547 3947 3615 ὅλῳ
3994 3547 4075 3616 τῷ

2502 3641 2714 3711 κόσμῳ,
2768 3641 2861 3693 καὶ
2914 3640 3131 3702 πάντως
3162 3642 3307 3693 θέλει
3351 3640 3681 3710 προσκυνεῖν
3712 3638 3806 3691 καὶ
3850 3639 4075 3706 ἀγαπᾷν

2501 3730 2767 3801 Ἕλληνας
2824 3730 2919 3783 καὶ
2947 3729 3254 3792 Ἰουδαίους.
3289 3730 3455 3799 Ἀλλῃ
3487 3729 3606 3799 ὥρᾳ
3640 3728 3754 3788 υίὸς
3808 3726 4075 3795 βασιλέως

2502 3822 2644 3874 οὕτω
2675 3821 2866 3891 θαρρεῖ
2888 3819 2965 3889 τῷ
2988 3820 3099 3889 Υἱῷ
3125 3819 3219 3872 τοῦ
3248 3819 3382 3871 Θεοῦ
3428 3820 3501 3882 ὼς
3533 3820 3723 3888 πατρὶ,
3772 3818 3868 3868 καὶ
3923 3817 4073 3869 ἀνοί-

2502 3930 2686 3979 γονται
2718 3911 2864 3980 αὐτῷ
2892 3910 3073 3980 θύραι,
3105 3911 3201 3963 καὶ
3233 3911 3539 3981 εἰσέρχεται
3586 3909 3732 3962 ἔνδον
3764 3910 3844 3971 είς
3870 3908 4077 3970 ποὶλὶς

2504 4003 2688 4071 μονάς,
2739 4003 2831 4054 κα)⁸
2860 4002 2983 4054 ὅσον
3036 4003 3366 4071 εἰσέρχεται,
3391 4000 3552 4054 πάλιν
3584 4000 3891 4066 ἀνοίγονται
3924 4001 4073 4067 αὐτῷ

2499 4092 2635 4162 πρὸς
2665 4090 2840 4158 λόγον,
2876 4091 2982 4143 ἀπὸ
3004 4092 3199 4143 ἑκατὸν
3228 4091 3405 4160 μονῶν
3436 4092 3516 4152 εἰς
3541 4090 3705 4152 ἄλλας
3733 4091 3931 4143 ἑκατὸν
3974 4108 4072 4159 μο-

2500 4182 2619 4245 νάς,
2648 4182 2741 4233 καὶ
2771 4181 2995 4232 πλουτεῖ
3024 4194 3035 4206 ⁸
3068 4180 3161 4233 καὶ
3186 4182 3297 4250 ὅσῳ
3327 4180 3566 4245 πλουτεῖ,
3598 4182 3757 4234 πάλιν
3790 4181 3925 4235 ἄλλα
3954 4198 4072 4233 και-

2500 4270 2693 4338 νότερα
2718 4270 2996 4339 θαυμάσια
3034 4269 3306 4322 δείκνυται
3341 4270 3508 4339 αὐτῷ.
3545 4272 3652 4324 Καὶ
3682 4270 4071 4339 ὲμπιστεύεται

2497 4362 2573 4423 ὡς
2607 4361 2727 4429 υἱῷ,
2761 4361 2854 4412 καὶ
2883 4361 3203 4430 κληρονόμῳ
3232 4362 3531 4430 πράγματα
3566 4363 3641 4431 μὴ
3672 4362 3951 4431 δυνάμενα
3976 4365 4071 4431 ρη-

830 4452 1063 4505 h‘umana
1122 4462 1317 4505 natura
1365 4453 1625 4519 explicari
1679 4462 1980 4521 nequeunt,
2022 4468 2123 4508 nec
2155 4470 2249 4509 ore
2304 4452 2515 4529 autDi

2384 4465 2396 4510 t
2422 4471 2473 4529 D
2501 4452 2655 4521 θῆναι
2674 4451 2777 4504 ὑπὸ
2804 4451 3017 4520 φύσεως
3036 4452 3405 4522 ἀνθρωπίνης,
3434 4454 3467 4523 ἢ
3491 4453 3715 4522 στόματι
3734 4454 3825 4506 καὶ⁹
3848 4453 4069 4524 γλώσσῃ

827 4545 1012 4615 .ingua
1037 4543 1286 4598 enodari.
1318 4543 1501 4598 Gloria
1532 4544 1664 4597 Deo.
1698 4542 1899 4597 Amen.

1409 4676 1688 4730 HOMlLlA
1720 4678 1811 4731 IX.

825 4784 1199 4863 Promissiones
1228 4804 1287 4839 ac
1326 4790 1621 4863 prophetiae
1644 4788 1847 4863 divinas
1870 4794 2166 4863 per_varia.s
2201 4797 2394 4863 proba-

895 4857 1058 4907 tiones
1079 4864 1125 4905 et
1158 4858 1463 4907 tentationes
1485 4857 1729 4923 impleri:
1755 4869 1800 4910 et
1826 4860 1925 4911 soli
1948 4861 2056 4913 Deo
2079 4857 2392 4919 aii/uerendo

897 4924 1109 4977 liberari
1140 4942 1230 4977 nos
1255 4926 1317 4976 ab
1354 4927 1773 4994 infestationibus
1802 4930 2068 4985 (Immonis.

897 5163 934 5214 l.
954 5162 1266 5230 Spiritualis
1296 5164 1481 5231 gratim
1505 5165 1599 5219 Dei
1619 5167 1949 5237 virtus,’qu:e
1978 5171 2029 5223 in
2061 5173 2241 5225 anima
2271 5188 2389 5227 ver-

824 5262 997 5313 satur,
1046 5268 1167 5305 cum
1238 5268 1450 5306 summa
1512 5256 1944 5325 longanimitate,
2004 5262 2290 5329 sapientia,
2334 5273 2389 5317 et

821 5344 1227 5410 dispensatione
1302 5346 1503 5399 mentis
1560 5349 1786 5417 mystica
1848 5363 2127 5420 operatur,
2193 5371 2383 5425 magna

821 5433 983 5485 etiam
1014 5450 1135 5486 cum
1170 5434 1426 5501 patientia
1452 5452 1573 5489 cum
1604 5442 1863 5508 temporis
1885 5445 2385 5511 opportunitatibus

823 5524 1046 5576 homine
1085 5524 1401 5578 dimicanle.
1434 5525 1588 5581 Tunc
1634 5541 1812 5583 autem
1860 5548 1996 5598 opus
2048 5536 2232 5603 gratiae
2260 5551 2385 5603 per—

824 5616 1022 5669 fectum
1068 5616 1119 5669 in
1152 5631 1217 5668 eo
1248 5628 1495 5683 apparet,
1540 5622 1763 5687 quando
1793 5624 2018 5677 liberam
2050 5626 2167 5695 ejus
2193 5628 2387 5679 volun-

824 5714 987 5757 :atrm
1039 5713 1159 5773 post
1216 5721 1459 5774 magnam
1503 5712 1853 5766 tenlalionein
1915 5714 2139 5783 Spiritui
2199 5725 2386 5771 sancto

2492 4542 2909 4615 διαρθρωθῆναι.
2941 4541 3077 4607 Δόξα
3104 4543 3180 4613 τῷ
3209 4543 3346 4613 Θεῷ.
3374 4543 3572 4613 ’Δμήν.

3089 4674 3332 4729 ΟΜΙΔΙΑ
3376 4676 3453 4732 Θ¹.

2502 4788 2612 4852 Τὰς
2640 4788 3001 4856 ἐπαγγελίας
3060 4787 3159 4839 καὶ
3201 4787 3567 4855 προφητείας
3613 4787 3720 4840 τοῦ
3771 4787 3920 4841 Θεοῦ
3970 4788 4064 4840 διὰ

2566 4859 2975 4925 παμποικιλης
3025 4856 3382 4924 δοκιμασίας
3427 4858 3531 4925 fatal
3582 4856 3911 4923 πειράσεως
3942 4858 4064 4909 6m-

2566 4926 2945 4993 πληροῦσθαι
2978 4942 2989 4953 ·
3020 4927 3116 4977 καὶ
3162 4929 3326 4993 μόνῳ
3376 4924 3453 4989 τῷ
3514 4926 3634 4989 Θεῷ
3695 4942 4063 4993 προσκαρτε-

2548 4998 2811 5076 ροῖέντιις
2831 4995 3196 5080 ,ξυτροῦσθαι
3225 4995 3380 5063 ἡμᾶς
3416 4994 3533 5047 ἀπὸ
3564 4994 3683 5048 τῶν
3729 4995 3836 5049 τοῦ
3864 4999 4060 5062 Πονη-

2551 5083 2666 5133 pou
2700 5080 3051 5131 πειρασεων.

2556 5179 2716 5232 Λ¹.⁹[Ι
2748 5177 2845 5229 τοῦ
2880 5177 3014 5229 Θεοῦ
3050 5177 3393 5245 πνευματικὴ
3424 5176 3521 5247 τῆς
3552 5176 3775 5246 χάριτος
3807 5176 4057 5246 ἐνέργεια

2486 5270 2542 5321 ὲν
2570 5268 2716 5337 ψυχῇ
2746 5268 3065 5337 γιγνομένη,
3109 5268 3247 5336 μετὰ
3276 5266 3477 5333 πολλῆς
3510 5266 3888 5335 μακροθυμίας
3912 5304 3924 5325 ,
3966 5268 4059 5317 καὶ

2490 5360 2700 5427 σοφίας,
2736 5360 2828 5409 καὶ
2860 5358 3169 5425 οἰκονομίας
3219 5358 3333 5418 νοὸς
3393 5357 3660 5425 μυστικῆς
3711 5356 4056 5425 κατεργάζε-

2486 5467 2597 5511 ται,
2625 5450 2718 5501 καὶ
2747 5448 2884 5517 μετά
2913 5448 3112 5512 πολλῆς
3164 5449 3443 5516 ὑπομονῆς
3470 5447 3679 5515 χρόνοις
3718 5448 3812 5499 καὶ
3844 5450 4057 5515 καιροῖς

2488 5540 2579 5592 τοῦ
2612 5539 2902 5610 ἀνθρώπου
2927 5541 3355 5607 ἀγωνιζομένου·
3389 5540 3482 5589 καὶ
3524 5537 3643 5589 τότε
3666 5538 3726 5589 τὸ
3760 5538 3920 5606 ἔργον
3956 5540 4053 5607 τῆς

2489 5631 2707 5698 χάριτος
2746 5630 2950 5681 τέλειον
2983 5630 3061 5690 εἰς
3102 5629 3264 5681 αὐτὸν
3296 5628 3679 5681 ἀποδείκνυται
3705 5669 3719 5692 ,
3755 5631 3855 5696 τῆς
3921 5629 4055 5681 αὺτ-

2490 5720 2731 5785 εξουσίου
2772 5721 3142 5790 προαιρέσεως
3174 5721 3309 5789 μετὰ
3340 5720 3541 5790 πολλῆς
3565 5721 3889 5792 δοκιμασίας
3929 5724 4053 5776 εὐα-
