4266 6356
170 379 271 447 513

1403 364 1771 428 HOMILM.
1786 389 1853 401 ·-
1875 366 2061 430 ΗΟΜ.
2107 369 2214 432 IX.

3300 338 3404 405 534

173 497 367 567 ρέστου
398 491 477 562 τῷ
507 487 784 561 Πνεύματι
813 483 1249 558 ἀποδειχθείσης,
1278 480 1377 536 καὶ
1410 481 1499 536 διὰ
1524 481 1743 552 χρόνων
1767 479 1858 549 Α]

1719 479 2061 549 VAplacere
2121 478 2475 537 manifestum
2526 479 2632 537 est,
2679 476 2740 526 et
2787 461 3006 536 quando
3050 474 3119 515 ex
3144 470 3404 513 successu

171 590 271 654 τὴν
310 580 542 652 δοκιμὴν
574 582 668 633 καὶ
704 576 803 649 τὴν
834 575 1109 647 ὑπομονὴν
1138 568 1572 642 ἐπιδειξαμένου.
1598 567 1744 623 Ταύ-

173 692 273 745 την
324 674 380 727 δὲ
424 674 525 740 τήν
554 670 879 724 ἀκολουθίαν
921 668 1028 721 ἀπὸ
1060 666 1171 719 τῶν
1203 664 1575 719 θεοπνεύστων
1606 662 1748 732 Γρα-

174 768 292 839 φῶν
337 765 425 818 διὰ
460 762 570 815 τῶν
593 763 651 814 ὲν
681 758 900 830 φανερῷ
928 757 1310 829 γεγενημένων
1337 753 1525 808 τύπων
1570 768 1747 821 παρα·

177 858 495 927 στήσωμεν.

246 948 323 1001 B’.
374 946 441 997 ⁸0
478 944 536 996 δὲ
587 941 734 1008 λέγω
782 938 1024 994 τοιοῦτόν
1072 939 1243 1001 ἐστιν,
1270 930 1384 989 οἷον
1419 932 1493 997 ὡς
1519 934 1611 986 ἐπὶ
1652 932 1746 985 τοῦ

191 1038 418 1105 Ἰωσήφ.
465 1036 555 1088 Ἐν
584 1034 772 1095 πόσοις
806 1033 1015 1101 καιροῖς
1044 1029 1140 1083 καὶ
1168 1028 1377 1099 χρόνοις
1400 1025 1460 1079 τὸ
1503 1024 1747 1095 βούλημα

177 1129 274 1182 τοῦ
304 1126 443 1181 Θεοῦ
474 1126 534 1179 τὸ
564 1126 693 1194 περὶ
720 1122 884 1178 αὐτοῦ
918 1122 1221 1192 ὡρισμένον
1245 1118 1523 1188 ετελέσθη,
1559 1117 1651 1169 καὶ
1681 1114 1749 1168 τά

184 1220 442 1289 ὁράματα
474 1215 809 1287 ὶπληρώθης
840 1213 933 1267 καὶ
959 1214 1016 1265 ἑν
1038 1212 1222 1275 πόσοις
1264 1209 1530 1281 πρότερον
1570 1206 1753 1268 πόνοις

183 1311 280 1364 καὶ
311 1309 550 1376 θλίψεσι,
582 1308 677 1360 καὶ
716 1304 1100 1375 στενοχωρίαις
1127 1302 1475 1373 δοκιμασθεὶς
1499 1301 1754 1369 ὑπέμεινε

184 1398 366 1449 πάντα
396 1396 662 1463 γενναίως
684 1436 700 1461 ,
728 1396 824 1449 καὶ
865 1395 945 1457 είς
977 1394 1155 1447 πάντα
1199 1393 1417 1462 δόκιμος
1445 1391 1541 1445 καὶ
1570 1390 1757 1453 πιστὸς

184 1486 266 1557 τῷ
292 1486 417 1555 Θεῷ
440 1485 686 1556 εὑρεθεὶς
714 1486 919 1548 δοῦλος,
944 1484 1067 1537 τότε
1093 1483 1346 1555 βασιλεὺς
1376 1480 1651 1550 Αἰγύπτου
1668 1481 1759 1549 τί-

186 1596 339 1645 γονε,
388 1579 486 1631 καὶ
526 1577 588 1630 τὸ
612 1577 770 1645 γένος
818 1575 981 1629 αὑτοῦ
1010 1574 1260 1644 διέθρεψε
1285 1613 1301 1637 ,
1333 1573 1427 1625 καὶ
1459 1572 1761 1643 προφητεία

188 1671 301 1723 τῶν
334 1667 585 1739 ἀοράτων
612 1664 950 1734 ἀπετελέσθη
976 1704 992 1728 ,
1019 1664 1117 1718 καὶ
1141 1664 1203 1717 τὸ
1234 1661 1479 1733 βούλημα
1503 1660 1597 1714 τοῦ
1622 1656 1759 1712 Θεοῦ

190 1762 280 1814 διὰ
312 1761 525 1831 χρόνων
573 1759 668 1813 καὶ
711 1756 1026 1828 οἰκονομίας
1070 1754 1274 1823 πολλῆς
1312 1752 1412 1824 τήν
1456 1752 1761 1824 πρόρρησιν

193 1851 436 1921 είληφός.
1441 1855 1449 1866 -

264 1943 343 1995 l".
358 1937 590 2008 Ὁμοίως
615 1938 743 2008 περὶ
770 1936 869 1990 τοῦ
893 1936 1079 1992 Δαϐίδ.
1118 1936 1177 1991 ⁸0
1199 1935 1330 1999 Θεὸς
1351 1933 1566 2005 ἔχρισεν
1603 1930 1764 1984 αὑτὸν

194 2037 275 2096 είς
308 2032 531 2104 βασιλέα
578 2031 665 2085 διὰ
711 2028 968 2101 Σαμουὴλ
998 2029 1092 2083 τοῦ
1142 2028 1423 2097 προφήτου
1465 2041 1480 2055 ·
1537 2024 1632 2076 καὶ
1675 2024 1763 2075 ὅτε

196 2123 429 2194 εχρίσθη
461 2161 478 2188 ,
531 2121 653 2175 τότε
703 2121 873 2189 ῑφυγε
920 2118 1252 2188 διωκόμενος
1306 2115 1411 2169 ὑπὸ
1451 2113 1547 2168 τοῦ
1595 2112 1767 2165 Σαοὺλ

196 2214 575 2285 ἀναιρεθῆναι.
608 2212 719 2266 Καὶ
747 2211 852 2265 ποῦ
880 2212 915 2281 ή
944 2211 1127 2282 χρίσις
1155 2209 1250 2262 τοῦ
1285 2206 1443 2272 Θεοῦ,
1474 2206 1569 2260 καὶ
1599 2204 1700 2258 ποῦ
1732 2205 1766 2274 ή

197 2301 526 2371 ἀπαγγελία,
554 2300 630 2364 ὡς
659 2299 871 2371 πρὸςτὸ
902 2300 1095 2370 τάχος;
1130 2296 1283 2352 Μετά
1316 2296 1424 2364 γὰρ
1448 2295 1509 2347 τὸ
1540 2293 1766 2364 χρισθῆ-

199 2413 315 2459 ναι,
344 2394 465 2447 τότε
494 2392 684 2456 δεινῶς
714 2391 979 2453 ὲθλίόετο,
1006 2393 1064 2443 ὲν
1092 2388 1348 2460 ἐρημίαις
1379 2386 1766 2454 πελαζόμενος,

202 2488 301 2541 καὶ
335 2484 731 2556 ύστερούμενος
752 2484 858 2546 ἓως
884 2483 1073 2554 ἄρτου,
1112 2482 1207 2534 καὶ
1237 2482 1315 2543 είς
1345 2480 1470 2548 ἔθνη
1500 2474 1772 2544 καταφεύ-

202 2591 317 2643 γων
346 2572 435 2627 διὰ
476 2573 574 2644 τὴν
605 2572 700 2627 τοῦ
761 2569 934 2624 Σαοὺλ
982 2570 1120 2640 πρὸς
1166 2569 1329 2624 αὑτὸν
1361 2567 1652 2638 ὲπιὸουλὴν
1685 2581 1770 2635 γι-

1848 576 2112 647 temporis
2155 571 2540 645 probationem
2576 572 2634 620 et
2681 551 3148 631 perseverantiam
3178 548 3293 617 ipsa
3320 560 3407 599 os-

1848 637 2045 723 tendit.
2076 637 2228 721 lianc
2248 657 2701 729 consequentiam
2743 658 2927 705 autem
2951 660 3018 699 ex
3047 637 3409 697 sacrosanctis

1847 762 2073 817 Litteris
2110 774 2210 828 per
2240 753 2562 810 manifestos
2606 759 2759 818 typos
2782 743 2842 797 in
2870 737 3113 794 medium
3143 729 3414 802 produca-

1850 869 1991 909 mus.

1923 945 1987 999 ll.
2020 940 2177 1009 Quod
2207 945 2386 991 autem
2435 932 2581 995 dico,
2627 929 2734 981 tale
2780 932 2887 987 est,
2913 917 3075 991 quale
3124 913 3322 1009 legitur
3343 907 3412 963 de

1850 1002 2108 1103 Josepho.
2152 1028 2367 1095 Quanto
2405 1030 2531 1093 post
2566 1029 2814 1087 tempore
2841 1012 3102 1066 voluntas
3132 1004 3226 1059 Dei
3254 1002 3321 1055 de
3348 1014 3416 1103 eq

1852 1089 2189 1198 praadcﬁnita
2216 1089 2455 1189 perfecta
2471 1123 2575 1176 cst,
2606 1121 2663 1167 et
2684 1108 2922 1162 visiones
2940 1099 3222 1168 completa:
3250 1089 3417 1147 sunt?

1853 1192 1910 1271 et
1936 1213 2153 1285 quantis
2200 1217 2326 1264 ante
2362 1204 2668 1267 laboribus,
2693 1192 3079 1285 aﬁlictionibus
3098 1229 3112 1252 ,
3145 1194 3219 1269 et.
3250 1197 3420 1252 angu-

1854 1266 1978 1357 stiis
2002 1298 2287 1369 probatus,
2316 1293 2499 1348 omnia
2525 1300 2753 1346 strenue
2776 1267 3075 1339 sustinuit?
3104 1285 3161 1331 et
3185 1266 3280 1343 per
3300 1286 3419 1325 om-

1855 1392 1946 1447 nia
1998 1388 2263 1460 probatus
2297 1393 2354 1439 et
2392 1382 2568 1438 ﬁdelis
2608 1380 2722 1434 Deo
2764 1376 3019 1430 inventus
3048 1378 3259 1427 servus,
3291 1370 3423 1415 tunc

1856 1499 1953 1539 rex
1981 1456 2090 1553 $5
2127 1476 2339 1548 [Egypti
2378 1472 2712 1529 constitutus
2750 1474 2855 1529 est,
2890 1469 2947 1515 et
2973 1456 3233 1515 familiam
3268 1467 3421 1508 suam

1856 1544 2151 1636 enutrivit;
2176 1544 2244 1623 et
2264 1544 2575 1636 prophetia
2623 1573 2836 1621 eorum,
2870 1568 2991 1624 quae
3023 1564 3135 1605 non
3160 1544 3425 1600 videban-

1859 1673 1971 1725 tur.
2032 1659 2305 1728 completa
2341 1664 2447 1720 est,
2498 1660 2555 1708 et
2594 1650 2850 1706 voluntas
2886 1642 2983 1699 Dei
3030 1654 3127 1710 per
3157 1647 3423 1704 tempora,

1861 1761 1919 1808 et
1941 1747 2410 1820 dispensationem
2444 1740 2669 1795 multam
2705 1731 3059 1807 pronuntiata
3080 1728 3146 1779 ⁸³.

1930 1938 2022 1995 III.
2067 1936 2218 1992 Idem
2244 1934 2312 1988 de
2346 1930 2519 1987 David
2559 1926 2795 1983 traditur
2836 1921 2904 1975 “.
2933 1922 3080 1974 Deus
3122 1913 3281 1969 unxit
3302 1926 3429 1965 eum

1862 2032 1923 2087 in
1973 2044 2153 2100 regem
2199 2042 2299 2098 per
2346 2021 2656 2079 Samuelem
2711 2014 3031 2086 pr0phetam
3080 2005 3148 2059 ⁸³.
3181 2006 3247 2059 Ει
3281 2012 3430 2071 post-

1864 2136 2027 2193 quam
2049 2095 2258 2175 ⁷ιιιιιιιιιε
2287 2123 2391 2178 est,
2417 2112 2680 2169 continuo
2704 2107 2829 2176 fuga
2853 2102 2960 2159 sibi
2986 2095 3283 2158 consuluit,
3308 2108 3434 2161 per-

1864 2212 2202 2269 secutionem
2231 2223 2262 2262 a
2286 2206 2472 2268 Saulo,
2498 2217 2624 2258 eum
2646 2197 2898 2253 occidere
2931 2196 3186 2252 conante,
3214 2198 3437 2255 perpes-

1866 2320 1980 2362 sus.
2013 2302 2116 2360 Ubi
2140 2315 2269 2370 ergo
2293 2297 2482 2351 unctio
2506 2293 2644 2348 Dei?
2673 2299 2730 2345 et
2761 2287 2855 2342 ubi
2884 2279 3203 2355 promissio,
3228 2286 3289 2331 ut
3314 2288 3436 2344 quas

1870 2393 2054 2449 statim
2080 2369 2335 2445 eﬁ'ectum
2362 2393 2661 2441 consecuta
2690 2376 2871 2435 esset?
2902 2374 3073 2430 Paulo
3104 2369 3250 2425 enim
3289 2377 3439 2436 post-

1870 2498 2033 2555 quam
2062 2489 2260 2535 unctus
2282 2485 2448 2539 esset,
2466 2475 2707 2544 graviter
2731 2467 3089 2539 alDigebatur,
3124 2462 3179 2516 in
3206 2459 3441 2514 desertis

1872 2545 2113 2644 degens;
2142 2579 2196 2626 et
2247 2569 2315 2623 ad
2359 2564 2643 2637 penuriam
2682 2560 2838 2631 panis
2872 2570 3045 2627 usque
3093 2551 3347 2607 redactus
3370 2545 3438 2599 ad

204 2662 477 2733 γνομένην
508 2643 615 2715 ’δν
644 2666 673 2716 ό
699 2663 831 2726 Θεὸς
864 2662 1082 2733 ἔχρισεν
1113 2662 1192 2725 είς
1226 2660 1469 2731 βασιλέα,
1498 2658 1774 2721 τοιαύταις
1875 2682 1889 2736 ε

1754 2674 1774 2721 ἲ
1875 2643 2066 2736 gentes
2112 2658 2484 2729 confugiebat,
2518 2660 2743 2724 propter
2794 2648 2973 2703 Saulis
3024 2643 3287 2699 adversus
3313 2652 3439 2692 eum

206 2753 519 2825 περιείχετο
547 2752 815 2821 θλίψεσιν.
846 2732 980 2805 Εἶτα
1000 2751 1215 2821 χρόνοις
1252 2750 1627 2820 δοκιμασθεὶς,
1680 2750 1774 2800 καὶ

1753 2750 1774 2799 ὶ
1876 2764 2114 2810 structas
2139 2750 2367 2807 insidias
2393 2750 2438 2779 ⁸⁵
2464 2763 2477 2799 :
2511 2759 2674 2818 quem
2709 2742 2852 2796 Deus
2882 2742 3116 2791 unxerat
3144 2732 3198 2786 iu
3228 2743 3437 2799 regem,

208 2824 435 2914 θλιϐεὶς,
464 2846 562 2901 καὶ
594 2846 949 2917 πειρασθεὶς,
980 2846 1073 2900 καὶ
1112 2845 1542 2916 μακροθυμήσας
1565 2883 1580 2908 ,
1628 2839 1777 2906 ἅπαξ
1876 2856 1893 2903 ι

1757 2839 1777 2906 Ξ
1876 2845 2043 2903 tantis
2081 2841 2463 2897 involvebatur
2510 2830 2923 2888 alﬁictionibus.
2954 2824 3160 2882 Deinde
3184 2834 3442 2877 successu

207 2909 595 2998 πεπιστευκὼς
624 2909 705 3004 τιῖλ
748 2934 867 3001 Θεῷ
934 2909 1041 2989 ’καὶ
1086 2909 1279 2987 ἑαυτὸν
1314 2909 1731 3004 πληροφορήσας
1759 2971 1774 2996 ,
1878 2943 1892 2989 1

1761 2971 1774 2996 .
1878 2931 2143 3002 temporis
2189 2928 2479 2998 probatus,
2530 2921 2789 2985 afﬂictus,
2821 2925 3066 2972 tentatus
3098 2921 3154 2969 et
3174 2909 3446 2982 patienter

210 3026 301 3081 ὅτι
330 3025 363 3079 ὃ
384 3026 636 3093 ἐποίησε
657 2997 755 3080 διὰ
780 2997 903 3095 τῆς*
926 3026 1033 3081 τοῦ
1063 3026 1372 3095 προφήτου
1401 2997 1651 3093 ξρισέωξ-
1693 3023 1781 3087 είς
1879 3040 1895 3079 ε

1762 3041 1781 3087 τ
1879 2997 2105 3079 adversa
2141 2997 2340 3081 ferens;
2382 3015 2545 3070 unice
2581 3014 2694 3067 Deo
2733 3008 3039 3070 conﬁdens,
3069 3011 3125 3059 et
3144 3003 3307 3072 plena
3341 2997 3447 3052 ﬁde

209 3116 338 3187 ἐμὲ,
394 3115 493 3171 και
526 3116 559 3170 δ
584 3113 753 3171 araer
810 3093 851 3171 δ’
894 3116 1038 3184 Θεὸς
1076 3093 1359 3187 ’γενέσθαι
1410 3113 1543 3183 περι
1592 3113 1736 3183 ἐμοῦ
1762 3150 1778 3177 ,
1806 3128 1894 3191 οε

1767 3150 1778 3177 ,
1806 3133 1850 3191 ο
1881 3122 1940 3168 se
1960 3112 2197 3182 erigens,
2240 3110 2323 3162 sic
2360 3104 2670 3175 colligebat,
2708 3102 2834 3173 quia
2893 3098 3031 3170 quod
3055 3095 3172 3167 fecit
3198 3093 3333 3147 Deus
3358 3105 3452 3160 per

210 3208 635 3278 ἀναμφιϐόλως
652 3208 927 3280 γενέσθαι
949 3208 1059 3287 δεῖ.
1096 3209 1205 3261 Καὶ
1232 3208 1328 3261 διὰ·
1357 3206 1558 3275 πολλῆς
1581 3222 1784 3275 μακρο-

214 3301 438 3371 θυμίας.
473 3299 701 3371 ὕστερον
746 3300 939 3368 γέγονε
981 3300 1044 3354 τὸ
1080 3299 1175 3353 τοῦ
1210 3297 1346 3352 Θεοῦ
1384 3296 1650 3368 βούλημα,
1692 3297 1788 3350 καὶ

214 3392 568 3446 ἐϐασίλευσεν
600 3394 628 3445 ό
660 3391 824 3444 Δασὶδ
854 3391 990 3458 μετά
1022 3390 1221 3453 πολλὰς
1252 3391 1468 3458 πείρας.
1523 3386 1634 3440 Καὶ
1666 3385 1787 3439 τότε

215 3482 540 3554 ἐφανερώθη
562 3485 590 3536 ό
610 3482 768 3552 λόγος
796 3483 889 3574 τοῦ
927 3483 1086 3574 Θεοῦ,
1110 3486 1214 3574 καὶ
1253 3484 1287 3551 ἠ
1320 3481 1551 3574 χρίσιςή
1580 3478 1669 3533 διὰ
1694 3478 1788 3531 τοῦ

218 3576 503 3644 προφήτου
564 3572 905 3646 γεγενημένη
931 3614 947 3640 ,
1029 3572 1219 3645 βεϐαία
1276 3571 1371 3626 καὶ
1426 3571 1630 3643 ἀληθής
1685 3573 1791 3626 ἀπ-

218 3667 460 3737 ιδείχθη.

295 3761 371 3813 Δθ.
419 3758 651 3829 Ὁμοίως
690 3758 783 3811 καὶ
822 3756 954 3830 περὶ
984 3756 1284 3819 Μωῦσέως.
1336 3755 1395 3809 '0
1424 3755 1555 3820 Θεὸς
1602 3755 1792 3809 τοῦτον

218 3851 496 3921 προγνοὺς
528 3852 620 3904 καὶ
660 3850 963 3921 προορίσας
1002 3850 1082 3912 εις
1112 3848 1416 3919 ἡγούμενον
1445 3848 1540 3901 καὶ
1588 3847 1795 3917 λυτρω-

220 3943 323 4013 τὴν
360 3941 453 3994 τοῦ
489 3940 651 4007 λαοῦ,
691 3941 807 3993 υἱὸν
836 3941 1060 4010 εποίησε
1092 3938 1345 4009 γενέσθαι
1391 3938 1658 4007 θυγατρὸς
1690 3938 1796 3989 Φα-

229 4031 383 4103 ραὼ,
422 4033 517 4085 καὶ
547 4034 627 4095 είς
660 4031 892 4084 πλοῦτον
929 4031 1207 4102 βασιλικὸν
1237 4070 1253 4094 ,
1288 4030 1385 4083 καὶ
1416 4032 1493 4093 είς
1515 4028 1670 4093 δόξαν
1700 4028 1796 4081 καὶ

225 4124 439 4192 τρυφήν
475 4122 707 4194 ηὐξήθη,
745 4123 894 4193 πάσῃ
925 4122 1087 4193 σοφίᾳ.
1116 4122 1424 4183 παιδευθεὶς
1457 4120 1791 4188 Αἰγυπτίων,

224 4217 321 4269 καὶ
351 4214 671 4285 ἀνδρωθεὶς,
690 4215 782 4266 καὶ
807 4213 987 4267 πίστει
1016 4213 1308 4282 γενόμενος
1341 4210 1537 4279 μέγας,
1557 4213 1799 4281 ήρνήσα-

222 4324 289 4360 το
318 4306 495 4359 πάντα
525 4306 729 4368 ἐκεῖνα,
751 4304 851 4374 τήν
869 4303 1162 4373 κακουχίαν
1188 4303 1435 4365 καὶτοὺς
1462 4302 1797 4370 ὀνειδισμοὺς

224 4394 321 4447 τοῦ
351 4391 589 4463 Χριστοῦ
627 4392 831 4462 μᾶλλον
869 4392 1124 4461 ἑλόμενος
1156 4390 1296 4443 κατά
1323 4391 1413 4444 τὸν
1440 4390 1795 4444 ἀποστολικὸν

1886 3203 2184 3256 unctionem
2212 3201 2268 3252 in
2292 3212 2391 3259 me,
2422 3204 2469 3249 et
2496 3195 2633 3265 quod
2659 3193 2791 3245 dixit
2812 3189 2952 3244 Deus
2979 3188 3216 3257 futurum
3250 3182 3313 3235 de
3345 3195 3450 3245 me,

1889 3297 2080 3365 absque
2110 3292 2253 3346 omni
2294 3289 2448 3343 dubio
2487 3288 2605 3356 ﬁeri
2627 3292 2853 3355 oportet.
2876 3282 2944 3336 Et
2965 3288 3087 3350 post
3112 3278 3329 3347 longam
3354 3286 3454 3327 ex-

1890 3386 2284 3460 spectationem
2321 3383 2534 3437 tandem
2568 3379 2823 3433 voluntas
2859 3372 2956 3429 Dei
2992 3369 3262 3440 completa
3285 3372 3370 3420 est
3384 3364 3452 3428 ",

1889 3458 1945 3536 et
1971 3478 2216 3549 regnavit
2241 3474 2410 3530 David
2442 3480 2566 3543 post
2606 3470 2807 3524 multas
2834 3463 3185 3521 tentationes.
3222 3458 3290 3513 Et
3322 3464 3454 3510 tunc

1891 3572 2302 3627 manifestatum
2341 3573 2427 3622 est
2474 3563 2573 3619 Dei
2624 3560 2880 3619 verbum,
2914 3564 2969 3610 et
2993 3553 3178 3607 unctio
3210 3565 3308 3619 per
3330 3560 3460 3617 pro-

1892 3665 2112 3737 phetam
2139 3659 2355 3720 collata,
2382 3655 2537 3709 ﬁrma
2569 3660 2625 3708 et
2652 3667 2778 3706 vera
2816 3650 3183 3704 demonstrata
3208 3648 3313 3694 est.

1962 3754 2050 3809 Ν.
2084 3750 2231 3805 idem
2283 3747 2350 3802 de
2380 3745 2583 3815 Moyse.
2618 3742 2761 3795 Deus
2791 3752 2915 3792 cum
2944 3749 3069 3790 eum
3096 3726 3460 3801 pmscivisset

1892 3856 1948 3901 et
1974 3840 2420 3915 praedestinasset
2475 3836 2529 3888 in
2555 3833 2750 3887 ducem
2781 3837 2837 3883 et
2882 3832 3218 3881 servatorem
3243 3816 3454 3888 populi,

1895 3907 2066 3991 ﬁlium
2110 3932 2241 3987 fecit
2294 3928 2409 3983 ﬁeri
2459 3926 2581 3980 ﬁliae
2608 3920 2912 3978 Pharaonis
2934 3917 3004 3979 ⁸⁸,
3030 3924 3194 3982 atque
3220 3911 3309 3964 hic
3337 3907 3461 3976 qui-

1897 4028 2020 4084 dem
2056 4024 2196 4092 regis
2230 4019 2429 4089 opibus
2463 4013 2747 4083 ct‘gloria,
2796 4019 2960 4077 atque
3001 4003 3214 4059 deliciis
3242 4008 3456 4060 auctus,

1896 4117 2042 4173 omni
2072 4088 2447 4183 Aigyptiorum
2498 4104 2785 4173 disciplina
2828 4101 3130 4154 instructus
3161 4101 3281 4147 est:
3315 4097 3370 4144 et
3392 4088 3459 4141 ad

1896 4208 2112 4263 virilem
2145 4212 2359 4258 aetatem
2402 4216 2527 4255 cum
2569 4194 2929 4266 pervenisset,
2976 4204 3040 4243 ac
3070 4187 3176 4241 ﬁde
3204 4180 3463 4254 grandior

1898 4298 2076 4353 factus
2106 4302 2272 4357 esset,
2314 4289 2527 4359 respuit
2551 4302 2615 4340 ea
2644 4284 2849 4347 omnia,
2880 4279 3065 4349 potius
3092 4276 3300 4344 eligens
3322 4268 3460 4324 alui-

1897 4390 2135 4444 Ctionem
2161 4393 2217 4439 et
2236 4378 2594 4437 contumelias
2618 4375 2663 4408 "
2707 4370 2932 4435 Christi,
2966 4370 3119 4438 juxta
3154 4374 3462 4418 sermonem

224 4442 465 4555 λόγονΪῆ
497 4442 830 4554 πρόσΐκαιρον
859 4442 1309 4552 ἔχεύνάμαρτίας
1338 4442 1667 4534 ἀπόλαυσιν.
1690 4442 1799 4533 Kal.
1830 4484 1874 4538 D
1902 4498 1909 4534 :

1782 4483 1799 4533 ι
1830 4484 1874 4538 D
1902 4442 2281 4550 apostolicum,
2313 4486 2477 4542 quam
2506 4463 2903 4535 temporalibus
2921 4457 3132 4527 peccati
3161 4442 3467 4510 commodis

227 4576 408 4645 φυγάς
446 4574 722 4643 Αἰγύπτου
752 4571 1014 4640 γεγονὼς,
1049 4573 1217 4626 πόσον
1242 4571 1433 4642 χρόνον
1468 4567 1527 4623 ὲν
1562 4587 1796 4640 ποιμαν-

226 4670 355 4738 τικῇ
392 4667 579 4735 διῆγεν
612 4665 845 4736 ἐργασίᾳ,
882 4666 910 4717 ό
951 4664 1212 4735 βασιλέως
1253 4663 1396 4727 υἱὸς,
1440 4664 1530 4715 καὶ
1562 4664 1641 4727 εἰς
1674 4679 1798 4716 τοσ-

233 4756 407 4826 αύτην
455 4754 793 4819 ἀπόλαυσιν,
825 4754 920 4807 καὶ
975 4754 1184 4825 τρυφὴν
1226 4753 1514 4823 βασιλικὴν
1572 4755 1801 4822 ἀνατρα-

1898 4570 2005 4626 l'rui
2036 4570 2105 4621 '°.
2128 4567 2197 4621 Et
2224 4563 2377 4619 exsul
2407 4560 2623 4631 Egypti
2653 4558 2828 4612 factus
2863 4570 2988 4609 cum
3012 4558 3181 4614 esset,
3202 4557 3468 4619 quantum

1899 4658 2167 4731 temporis
2200 4656 2365 4710 modo
2412 4654 2468 4708 iu
2530 4649 2768 4720 pastoris
2794 4648 2963 4703 vitam
2995 4643 3259 4711 transegit
3281 4654 3467 4709 opera,

1902 4729 2048 4824 regis
2100 4750 2246 4804 ﬁlius
2276 4749 2370 4816 qui
2400 4754 2539 4806 erat,
2570 4750 2626 4798 et
2653 4741 2707 4795 in
2742 4740 2913 4794 tantis
2956 4734 3188 4791 lautitiis
3219 4749 3283 4786 ac
3309 4729 3475 4799 regiis

228 4824 393 4917 φείςνς
447 4848 541 4899 καὶ
593 4846 764 4908 οὕτως
821 4824 1048 4917 ὕστερον
1097 4845 1315 4914 δόκιμος
1372 4844 1449 4913 τῷ
1508 4844 1660 4915 Θεῷ,
1708 4843 1803 4896 καὶ
1902 4863 1913 4899 ι

1790 4848 1803 4895 ι
1902 4844 2116 4899 deliciis
2142 4837 2449 4895 educatus?
2480 4836 2545 4889 Et
2590 4834 2673 4888 sic
2714 4830 2937 4886 tandem
2972 4827 3236 4897 probatus
3256 4824 3386 4883 Deo,
3418 4829 3475 4874 et

229 4910 427 5001 πιστὸς
463 4938 552 4991 διὰ
585 4940 683 5007 τῆς
726 4937 925 5006 πολλῆς
954 4910 1357 5007 ,μακροθυμίας
1387 4910 1630 5007 εύρεθεὶς
1656 4977 1670 5001 ,
1712 4933 1801 4988 οἷα
1911 4951 1914 4988 1

1788 4954 1801 4988 ι
1911 4932 2085 4988 ﬁdelis
2113 4946 2214 5000 per
2241 4929 2468 4982 multam
2500 4922 2821 4994 patientiam
2850 4922 3131 4981 inventus,
3156 4913 3361 4984 quippe
3378 4910 3473 4979 qui

230 5029 461 5091 πολλοὺς
494 5029 838 5099 πειρασμοὺς
868 5027 1171 5097 ὑπομείνας
1193 5068 1208 5092 ,
1267 5028 1483 5096 ἐγένετο
1514 5028 1799 5096 λυτρωτὴς
1912 5041 1915 5077 :

1790 5046 1799 5091 ;
1912 5023 2112 5077 multas
2140 5019 2469 5075 tentationes
2494 5015 2856 5074 sustinuerat,
2888 5009 3221 5065 constitutus
3250 5013 3334 5060 est
3362 5017 3475 5057 ser-

230 5123 327 5222 ata}
373 5096 675 5222 ήγούμενος
706 5096 813 5175 καὶ
846 5096 1097 5191 βασιλεὺς
1142 5123 1237 5175 τοῦ
1269 5121 1521 5192 Ἰσραὴλ,
1553 5122 1645 5173 καὶ
1676 5121 1807 5183 Θεὸς
1908 5131 1915 5146 ‘

1793 5138 1807 5183 ;
1908 5122 2065 5167 valor
2103 5124 2161 5167 et
2200 5111 2329 5173 dux,
2376 5118 2432 5162 et
2482 5123 2578 5161 rex
2618 5104 2806 5175 populi
2841 5102 3008 5157 Israel
3045 5101 3115 5158 ".
3146 5107 3308 5166 atque
3334 5096 3478 5147 Deus

1793 5209 1804 5219 .
1914 5206 1968 5222 n.
2004 5221 2008 5222 ν
2065 5220 2075 5222 _
2103 5204 2211 5222 “Ag-
2256 5216 2278 5222 -
2338 5199 2442 5222 ῃ--
2478 5196 2821 5222 -.ηυιιμη-...Ω
2852 5195 2955 5222 nn-
2990 5207 3113 5222 nium
3159 5190 3304 5222 οηῖηη
3350 5201 3478 5222 nar-

230 5211 324 5264 τοῦ
363 5190 563 5281 Φαραὼ
595 5211 700 5264 ὑπὸ
745 5190 1007 5263 τοῦγΘεοῦ
1040 5190 1455 5281 προσηγορεύθη
1487 5227 1501 5241 ο
1538 5209 1606 5261 δι’
1643 5208 1805 5262 αὑτοῦ
1910 5208 1915 5259 ζ

1792 5209 1805 5261 i
1910 5204 2215 5259 Pharaonis
2254 5216 2283 5253 a
2337 5199 2447 5253 Deo
2477 5196 2821 5267 appellatus?
2852 5195 2955 5249 Per
2988 5207 3113 5246 eum
3159 5190 3305 5244 enim
3350 5201 3477 5256 per-

232 5303 344 5373 γάρ
374 5276 645 5370 Αιγυπτον
663 5303 946 5369 ἑμάστιξε,
976 5276 1162 5355 καὶ-τὰ
1190 5276 1399 5371 μεγάλα
1422 5276 1512 5354 καὶ
1531 5299 1808 5369 θαυμάσια
1911 5319 1917 5347 ‹

1795 5318 1808 5352 ι
1911 5299 2083 5351 cussit
2120 5296 2265 5348 Deus
2292 5291 2604 5362 Egyptum,
2640 5298 2696 5343 et
2723 5302 2911 5357 magna
2958 5294 3124 5353 atque
3156 5276 3480 5355 admiranda

229 5395 259 5447 ὁ
292 5349 424 5457 Θεὸς
454 5349 524 5445 δι’
549 5349 733 5446 αὐτοῦ
758 5392 836 5462 τῷ
865 5349 1064 5464 dapem
1087 5349 1805 5458 ὲνεδείέσῒτιζρκαὶ⁷
1911 5403 1914 5410 ‘

1794 5407 1804 5438 ρ
1911 5402 2011 5457 per
2062 5398 2189 5439 eum
2238 5380 2511 5436 Pharaoni
2566 5377 2829 5439 ostendit,
2866 5390 2930 5429 ac
2965 5374 3183 5429 tandem
3239 5372 3295 5424 in
3342 5349 3479 5424 mari

341 5548 387 5579 ”
416 5547 554 5602 Gen.
597 5564 780 5612 xxxix,
822 5548 846 5601 1
884 5562 940 5602 se
986 5564 1031 5613 .;
1085 5563 1191 5612 xu,
1225 5547 1313 5610 '59,
1346 5545 1434 5600 ιο.
1508 5544 1616 5601 ⁸⁵1.
1644 5544 1722 5599 Re
1764 5585 1775 5597 .
1811 5557 1919 5602 xvt,

234 5619 257 5671 l
292 5633 410 5673 seu.
482 5618 528 5649 “
555 5617 595 5672 1.
631 5618 763 5673 Rea.
788 5634 898 5673 xxt.
940 5563 997 5671 ill
1053 5632 1192 5673 seq;
1223 5619 1442 5673 xxvn.l
1478 5630 1593 5673 sea.
1697 5560 1840 5667 αξη.
1882 5612 1919 5664 Il

1811 5557 1919 5602 xvt,
1956 5541 2039 5594 l5.
2116 5537 2161 5569 ”
2197 5536 2392 5604 LReg.
2422 5551 2459 5588 ι.
2500 5549 2611 5592 xix.
2649 5530 2706 5585 ll
2742 5546 2885 5600 seq.;
2915 5543 3065 5586 χχιιι.
3101 5528 3130 5579 7
3161 5539 3299 5592 seq.;
3331 5538 3478 5581 τινι,

1800 5614 1840 5667 i.
1882 5612 2013 5673 Reg.
2068 5625 2127 5669 ll,
2175 5608 2226 5661 4.
2335 5606 2378 5637 ⁸⁸
2432 5603 2599 5659 Exod.
2648 5618 2704 5666 ιι,
2748 5601 2833 5654 10.
2861 5600 2985 5673 η⁸³
3028 5597 3346 5673 [lehnhxtz‘
3375 5593 3466 5673 24..

356 5593 997 5688 φ’ῖτιξῐιὲέῖέχὶιῗιῖ
1016 5593 1192 5688 [εὲᾇξξ
1223 5593 1442 5688 ἱὲῧιῖξι
1478 5593 1843 5688 εεειῖξξῖῗιιῖ
1861 5593 1867 5595 ⁷
1882 5593 2020 5688 ᾔρει,

1780 5593 2020 5688 "tilica;
2068 5625 2129 5688 ιι,
2175 5608 2226 5661 4.
2432 5603 2599 5688 Exod.
2648 5618 2704 5688 ιι2
2748 5593 2985 5688 10:4.”
3028 5597 3346 5688 ιιυιπέηιιὲ
3375 5593 3465 5688 ἓξ..

232 5661 898 5821 Ξῗῑςὸειόἒιῖὶῖιῗιΐ
928 5661 997 5719 οῖ’
1017 5661 1192 5743 Εἶδάῖ
1223 5661 1289 5743 In?
1306 5661 1445 5754 ζ”ἱὸ
1469 5661 1593 5753 ξῖἷ
1612 5684 1687 5739 26-
1706 5702 1739 5750 ;.
1773 5661 1917 5747 {(1,}

1793 5661 2131 5747 ἡὶξίζἙωά
2212 5692 2327 5740 vm,
2361 5674 2520 5741 1,2;
2578 5692 2651 5739 is,
2682 5661 2701 5726 ί
2731 5689 2747 5738 ;
2774 5689 2824 5737 v,
2853 5670 2967 5735 2‘5;
3010 5684 3061 5730 ιι,
3109 5667 3157 5733 l,
3186 5665 3276 5721 21.
3307 5661 3478 5716 Exod.
