4266 6356
826 359 931 421 535

2065 353 2122 411 S.
2164 351 2481 410 MACARII
2524 346 2838 406 (EGYPTII

3960 328 4068 388 536

823 466 1103 537 [Egyptios
1130 465 1444 521 submersit.
1479 466 1618 521 Ecce
1652 464 1747 518 Dei
1784 463 2036 516 voluntas
2057 472 2114 516 et
2136 460 2385 530 proposi-
2418 460 2462 513 Δ
2496 456 2508 506 ε

2382 490 2385 498 ›
2418 460 2462 513 Α
2496 456 2736 522 θαλάσσῃ
2764 453 2887 513 τοὺς
2924 447 3255 515 Αἰγυπτίους
3289 443 3697 498 κατεπόντισεν.
3729 440 3863 493 Ἰδοὺ
3884 440 3947 490 τὸ
3974 440 4067 491 τοῦ

823 572 959 624 tum,
992 568 1189 628 quanta
1214 569 1335 629 post
1366 567 1671 627 temporum
1707 558 1879 626 spatia
1918 555 2265 608 manifestata
2292 594 2305 617 ,
2332 563 2389 606 ct

821 658 1053 717 quantas
1095 657 1218 717 post
1283 647 1635 716 probationes
1662 654 1719 698 et
1765 644 2092 697 alllictiones
2114 642 2385 710 completa

820 751 925 796 est.

894 851 951 903 V.
979 850 1125 903 idem
1162 857 1217 902 et
1238 848 1305 902 de
1338 847 1610 901 Abraham
1634 848 1703 898 θ’.
1732 844 1947 910 Quanto
1986 853 2229 912 tempore
2259 850 2385 895 ante

820 943 1146 1009 promiserat
1167 943 1329 1000 Deus.
1360 956 1416 993 se
1436 941 1484 993 ei
1508 940 1830 1008 largiturum
1858 936 2051 997 ﬁlium,
2083 950 2180 989 nec
2204 944 2383 987 tamen

819 1030 999 1082 statim
1035 1029 1217 1082 dedit:
1258 1028 1350 1081 sed
1383 1036 1514 1096 quot
1550 1028 1757 1080 interea
1798 1040 2065 1078 annorum
2101 1024 2382 1092 probatio-

817 1135 914 1171 nes
942 1128 995 1172 et
1036 1120 1364 1172 tentationcs
1388 1119 1487 1187 ipsi
1522 1118 1927 1170 incnbuerunti
1956 1116 2053 1169 llle
2087 1130 2217 1168 vero
2260 1116 2381 1168 ani-

816 1226 906 1261 mo
939 1211 1165 1278 patienti
1206 1209 1385 1262 omnia
1418 1208 1720 1262 accidentia
1765 1208 2055 1270 suil'erens,
2090 1208 2246 1276 plena
2279 1206 2383 1260 ﬁde

816 1302 1055 1369 seipsum
1118 1300 1449 1363 obﬁrmavit,
1493 1300 1767 1368 inquiens,
1814 1300 1950 1368 quod
1994 1301 2081 1368 qui
2125 1302 2383 1365 promisit,

814 1407 931 1442 cum
980 1392 1047 1443 sit
1078 1392 1335 1444 mendacii
1391 1406 1597 1458 expers,
1649 1389 1921 1458 complebit
1960 1389 2173 1441 verbum
2204 1406 2380 1441 suum.

816 1482 1014 1550 Sicque
1040 1483 1215 1537 fidelis
1238 1485 1515 1549 inventus,
1539 1484 1684 1553 quod
1720 1484 2052 1552 promissum
2079 1491 2220 1547 erat,
2251 1500 2384 1538 con-

815 1579 1039 1623 SCCBIUS
1063 1579 1167 1623 εει.

884 1680 970 1732 Vl.
1004 1680 1093 1733 Sic
1122 1691 1177 1734 et
1216 1681 1329 1735 Noe
1360 1682 1802 1750 quingentesimo
1834 1696 1980 1734 anno
2005 1683 2191 1750 jussus
2217 1697 2246 1735 a
2272 1684 2382 1737 Deo

813 1784 992 1820 aream
1024 1778 1343 1821 construere
1380 1769 1444 1833 ",
1487 1770 1580 1837 qui
1613 1770 1970 1823 inducturum
2008 1786 2064 1824 se
2098 1770 2196 1824 toti
2227 1779 2381 1827 term

811 1854 1080 1907 diluvium
1114 1856 1500 1920 nuntiaverat;
1530 1866 1584 1909 et
1611 1856 2011 1909 sexcentesimo
2042 1872 2185 1911 anno
2222 1858 2383 1911 indu-

810 1946 1006 2012 cebat;
1057 1957 1277 2000 centum
1334 1963 1508 2001 annos
1542 1948 1814 2017 patienter
1864 1958 2191 2017 exspectans
2244 1949 2379 2002 nihil

810 2040 1035 2091 omnino
1060 2040 1363 2103 dubitabat,
1391 2051 1574 2093 utrum
1595 2056 1714 2108 quae
1734 2040 1948 2093 dixerat
1972 2042 2115 2095 Deus
2136 2041 2382 2094 facturus

810 2133 984 2187 esset,
1033 2141 1457 2191 necne;verum
1510 2127 1615 2181 ﬁde
1666 2128 1828 2181 nixus
1867 2129 1945 2181 sic
1988 2128 2379 2190 constituebat,

808 2216 947 2285 quod
974 2233 1089 2285 qua?
1113 2216 1249 2271 Deus
1288 2217 1488 2270 locutus
1513 2228 1663 2282 esset,
1695 2219 1887 2287 absque
1913 2220 2056 2271 omni
2079 2219 2233 2272 dubio
2266 2218 2382 2286 fieri

810 2316 1066 2376 oporteat.
1083 2308 1171 2362 Sic
1188 2325 1318 2378 ergo
1340 2318 1596 2378 spectate
1620 2320 1781 2378 atque
1803 2311 2023 2379 integrae
2054 2312 2371 2374 voluntatis,

809 2399 955 2462 ﬁdei,
995 2400 1271 2468 patientire
1305 2410 1360 2455 et
1388 2402 1629 2455 lenitatis
1678 2418 1884 2469 magnae
1926 2401 2031 2471 35
2065 2403 2377 2471 deprehen-

806 2506 921 2555 sus,
965 2491 1114 2545 solus
1148 2502 1401 2547 servatus
1438 2502 1523 2546 est
1555 2508 1678 2546 cum
1712 2492 1877 2547 domo
1910 2508 2030 2557 sua,
2061 2495 2379 2548 mandatum

807 2596 942 2651 pure
964 2582 1279 2637 observans.

870 2691 983 2745 Vll.
1020 2692 1145 2746 Haec
1187 2704 1505 2763 argumenta
1549 2709 1615 2748 ex
1643 2695 1945 2763 Scripturis
1997 2696 2282 2751 attulimus
2312 2697 2379 2752 ad

808 2780 1318 2846 demonstrandum,
1344 2785 1489 2852 quod
1512 2786 1688 2839 virtus
1710 2787 1897 2853 gratiae
1917 2786 2113 2840 divinae
2130 2787 2269 2842 inest
2285 2788 2383 2841 ho-

809 2872 974 2936 mini;
1002 2883 1056 2926 et
1084 2873 1289 2927 donum
1326 2875 1563 2943 Spiritus
1591 2878 1786 2938 sancti,
1816 2877 1959 2945 quod
1997 2878 2172 2935 ﬁdelis
2201 2879 2381 2932 anima

808 2966 1071 3033 consequi
1105 2966 1264 3035 digna
1315 2978 1590 3030 censetur,
1620 2984 1811 3036 magna
1854 2984 1976 3022 cum
2008 2970 2378 3034 contentione,

811 3056 1099 3109 tolerantia
1122 3058 1310 3118 multa,
1338 3058 1619 3126 patientia,
1653 3059 2049 3112 tentationibus
2073 3076 2134 3113 ac
2179 3061 2379 3129 proba-

2494 546 2624 599 Θεοῦ
2661 546 2904 613 βούλημα
2937 545 3027 595 καὶ
3052 543 3084 609 ἠ
3111 539 3369 610 πρόθεσις
3404 537 3541 605 μετά
3589 536 3784 595 πόσους
3832 532 4070 601 χρόνους

2492 636 2783 705 ἀπεδείχθη
2813 674 2827 699 ,
2859 636 2952 686 καὶ
2988 632 3124 703 μετὰ
3156 632 3326 693 πόσας
3368 627 3692 697 δοκιμασίας
3730 625 3827 678 καὶ
3855 623 4071 691 θλίψεις

2492 726 2752 792 ἐτελέσθη

2560 840 2637 893 Ε’.
2682 838 2911 907 Ὁμοίως
2952 836 3043 888 καὶ
3102 836 3194 887 ἐπὶ
3243 833 3338 885 τοῦ
3368 832 3644 901 Ἀϐραάμ.
3706 828 3817 898 Πρὸ
3867 828 4052 879 πόσων

2490 932 2699 1001 χρόνων
2718 927 3081 996 ἐπηγγείλατο
3105 930 3133 979 ὁ
3162 926 3293 988 Θεὸς
3330 922 3659 994 χαρίσασθαι
3685 921 3797 972 υἱὸν
3821 963 3837 984 ,
3864 923 3960 971 καὶ
4005 918 4069 969 ού

2491 1026 2621 1095 παρ’
2649 1025 2787 1077 αύτά
2813 1023 3065 1083 δέδωκεν,
3103 1020 3237 1073 ἀλλά
3271 1018 3474 1086 μεταξὺ
3506 1016 3693 1074 πόσοις
3723 1012 3869 1064 ἔτεσι
3924 1011 4073 1062 δοκι-

2494 1117 2687 1183 μασίαι
2717 1118 2807 1168 καὶ
2840 1114 3138 1184 πειρασμοὶ
3180 1112 3315 1180 πρὸς
3365 1110 3523 1162 αὐτὸν
3554 1108 3858 1173 γεγόνασιν.
3896 1102 4071 1163 Αὐτὸς

2489 1207 2543 1259 δέ
2580 1206 2943 1275 μακροθύμως
2969 1206 3143 1257 πάντα
3161 1203 3229 1254 τὰ
3259 1201 3602 1269 ἐπερχόμενα
3628 1196 3948 1265 ὑπομείνας,
3973 1194 4070 1245 καὶ

2490 1298 2679 1349 ἐαυτὸν
2713 1299 2777 1365 τῇ
2812 1296 2990 1347 πίστει
3023 1293 3443 1362 πληροφορὴσας
3471 1331 3485 1352 ,
3526 1289 3615 1340 ὅτι
3646 1291 3679 1340 ό
3708 1284 4071 1352 ἐπαγγειλά-

2484 1405 2685 1455 μενος,
2716 1387 2990 1455 ἀψευδὴς
3018 1384 3349 1454 τυγχάνων,
3378 1382 3683 1444 πληρώσει
3712 1378 3818 1430 τὸν
3843 1375 4070 1429 ἑαυτοῦ

2488 1481 2689 1547 λόγον.
2748 1478 2861 1531 Καὶ
2906 1478 3078 1539 οὕτως
3129 1476 3317 1536 πιστὸς
3353 1472 3635 1541 εὑρεθεὶς,
3696 1469 3926 1537 ἐπέτυχε
3963 1466 4068 1535 τῆς

2489 1568 2844 1636 ἐπαγγελίας.

2562 1682 2652 1745 ς’.
2695 1677 2971 1739 Ὡσαύτως
2998 1677 3091 1728 καὶ
3146 1673 3269 1727 Νῶε
3327 1668 3773 1737 πεντακοσιοστῷ
3816 1668 3926 1719 ἔτει
3968 1683 4065 1718 κε-

2487 1770 2729 1833 λευσθεὶς
2754 1768 2857 1821 ὑπὸ
2886 1767 2978 1820 τοῦ
3010 1765 3144 1818 Θεοῦ
3181 1765 3280 1834 τὴν
3320 1763 3551 1815 κιϐωτὸν
3580 1758 4017 1820 κατασκευάζειν
4050 1796 4066 1819 ,

2486 1860 2950 1927 ἐπαγγειλαμένου
2984 1855 3367 1924 κατακλυσμὸν
3422 1854 3723 1918 ἐπαγαγεῖν
3771 1852 3835 1918 τῇ
3889 1850 4067 1900 οἰκου-

2487 1951 2643 2021 μένῃ,
2668 1952 2762 2003 καὶ
2798 1945 3161 2013 ἑξακοσιοστῷ
3196 1944 3303 1996 ἔτει
3336 1942 3728 2009 ἐπαγαγόντος,
3751 1939 3947 1990 ἐκατὸν
3965 1936 4063 2005 ἔτη

2485 2040 2941 2112 ἐμακροθύμησεν
2974 2040 3031 2090 ἐν
3064 2037 3249 2105 μηδενὶ
3274 2035 3533 2094 διστάσας
3555 2074 3568 2093 ,
3604 2033 3714 2101 ἄρα
3744 2031 3887 2082 ποιεῖ
3913 2029 4065 2096 ἅπερ

2481 2131 2634 2185 εἶπεν
2663 2135 2690 2184 ό
2716 2132 2867 2193 Θεὸς,
2898 2130 2930 2197 ἢ
2965 2129 3039 2198 μὴ
3070 2128 3215 2178 ποιεί
3239 2142 3253 2156 ·
3287 2126 3400 2178 ἀλλ’
3434 2123 3580 2187 ἅπαξ
3610 2125 3673 2191 τῇ
3715 2120 3896 2172 πίστει
3924 2119 4065 2187 πλη-

2486 2222 2828 2295 ροφορηθείς,
2862 2220 2941 2272 δτι
2973 2220 3115 2287 ἂπερ
3148 2216 3408 2285 ἐλάλησεν
3433 2218 3459 2267 ὁ
3487 2215 3640 2277 Θεὸς,
3674 2211 4064 2281 ἀναμφιδόλως

2481 2312 2733 2380 γενέσθαι
2786 2312 2884 2363 δεῖ.
2950 2309 3059 2361 Καί
3093 2307 3236 2360 οὕτω
3262 2307 3485 2376 δόκιμος
3528 2308 3593 2375 τῇ
3630 2304 3954 2374 προαιρέσει
4005 2303 4065 2353 ὲν

2480 2404 2681 2466 πίστει,
2722 2401 2817 2453 καὶ
2855 2400 3124 2467 ὑπομονῇ,
3174 2398 3267 2449 καὶ
3301 2395 3654 2467 μακροθυμία
3694 2393 3863 2461 πολλῇ
3900 2392 4063 2461 εὑρε-

2481 2494 2617 2557 θεὶς,
2654 2491 2886 2562 διεσώθη
2918 2493 3076 2560 μόνος
3110 2490 3248 2560 μετά
3276 2488 3369 2541 τοῦ
3403 2488 3555 2540 οἴκου
3589 2486 3755 2539 αὑτοῦ
3786 2485 3886 2553 τὴν
3916 2486 4065 2537 ἐντο-

2479 2586 2576 2656 λὴν
2610 2584 2864 2656 καθαρῶς
2896 2582 3157 2650 φυλάξας.

2552 2700 2623 2753 Ζ’,
2639 2698 2853 2759 Ταύτας
2876 2697 2930 2749 δέ
2957 2696 3054 2758 τὰς
3074 2696 3326 2765 ἀφορμὰς
3357 2696 3419 2747 ἐκ
3440 2693 3546 2745 τῶν
3577 2691 3810 2760 Γραφῶν
3828 2691 4064 2759 ἠνέγκα-

2487 2810 2608 2862 μεν,
2642 2791 2779 2861 πρὸς
2801 2790 2860 2841 τὸ
2898 2788 3198 2850 ἀποδεῖξαι,
3231 2788 3312 2838 ὅτι
3344 2788 3377 2854 ὴ
3404 2785 3496 2838 τοῦ
3538 2783 3671 2836 Θεοῦ
3696 2784 3795 2851 τῆς
3841 2782 4066 2851 χάριτος

2483 2891 2540 2939 ἐν
2589 2884 2861 2955 ἀνθρώπῳ
2915 2882 3209 2950 γιγνομένη
3257 2880 3527 2949 ἐνέργεια,
3578 2880 3671 2931 καὶ
3704 2877 3765 2929 τὸ
3810 2877 4063 2945 χάρισμα

2483 2978 2575 3030 τοῦ
2602 2977 2917 3043 ῐινεύματος
2944 2973 3041 3027 τοῦ
3064 2974 3240 3040 ἁγίου,
3264 2973 3401 3041 ὅπερ
3434 2974 3466 3041 ἡ
3493 2970 3658 3039 πιστὴ
3680 2970 3825 3038 ψυχὴ
3846 2968 4061 3036 λαμϐά-

2486 3086 2594 3121 νειν
2621 3064 2990 3129 καταξιοῦται,
3027 3064 3165 3132 μετά
3208 3061 3402 3114 πολλοῦ
3446 3060 3678 3128 ἀγῶνος.
3711 3061 3805 3112 καὶ
3846 3060 4059 3128 ὑπομοο

812 3145 1053 3200 tionibus
1083 3158 1455 3216 comparatur,
1502 3149 1670 3202 libera
1700 3150 1819 3218 ejus
1867 3151 2149 3203 voluntate
2201 3151 2382 3204 omni-
2411 3150 2453 3207 C
2492 3181 2497 3192 ι

2379 3183 2382 3190 ν
2411 3150 2453 3207 C
2492 3162 2588 3230 νῆς
2624 3159 2852 3226 πολλῆς,
2882 3158 2975 3209 καὶ¹
3009 3154 3411 3225 μακροθυμίας,
3458 3153 3553 3206 καὶ
3585 3152 3932 3222 πειρασμῶν,
3968 3152 4064 3204 καὶ

810 3232 913 3288 bus
936 3235 1324 3289 afﬂictionibus
1350 3236 1599 3305 probata.
1620 3237 1687 3289 Et
1720 3237 1787 3299 si,
1822 3238 2042 3305 quando
2066 3252 2129 3289 ea
2160 3237 2214 3288 in
2234 3236 2380 3289 nulla

812 3341 871 3380 re
902 3325 1165 3394 Spiritum
1201 3328 1507 3391 contrislet,
1540 3327 1634 3381 sed
1664 3328 1848 3396 gratia:
1876 3329 1929 3381 in
1956 3327 2212 3381 omnibus
2242 3342 2380 3394 prae-

811 3416 987 3483 ceptis
1049 3426 1334 3479 consonet,
1387 3425 1518 3469 tunc
1565 3417 1945 3471 liberationem
2000 3417 2069 3472 ab
2126 3416 2384 3470 omnibus

812 3506 1198 3560 aﬂ‘ectionibus
1230 3508 1492 3575 consequi
1516 3508 1677 3577 digna
1713 3516 2021 3577 reputatur,
2054 3508 2382 3576 plenamque

812 3594 1163 3662 adoptionem
1193 3595 1453 3664 Spiritus,
1489 3596 1556 3649 de
1587 3613 1692 3663 qua
1737 3596 1791 3649 in
1846 3598 2106 3667 mysterio
2156 3596 2381 3660 dicitur,

813 3687 1034 3754 accipit,
1074 3697 1128 3740 et
1162 3688 1476 3755 spirituales
1513 3688 1731 3742 divitias
1775 3704 1839 3743 ac
1891 3690 2236 3758 sapientiam,
2264 3705 2383 3757 qua:

812 3788 920 3824 non
938 3782 1022 3825 est
1049 3774 1211 3842 hujus
1230 3774 1441 3837 mundi,
1462 3775 1555 3827 sed
1597 3776 1880 3843 cujus,qui
1916 3792 2047 3829 vere
2083 3776 2381 3830 Christiani

812 3871 962 3924 sunt,
996 3864 1291 3932 participes
1314 3874 1460 3917 sunt.
1514 3865 1782 3930 Quocirca
1829 3867 1883 3919 hi
1927 3868 1994 3920 ab
2046 3868 2380 3930 hominibus,

813 3953 907 4019 qui
932 3954 1095 4022 hujus
1147 3955 1337 4008 mundi
1392 3956 1646 4025 spiritum
1695 3958 1916 4017 habent,
1961 3974 2023 4013 ac
2071 3959 2381 4027 prudentia,

814 4043 1119 4108 intellectu,
1166 4058 1223 4101 et
1272 4048 1540 4116 sapientia
1593 4049 1805 4117 praaditi
1867 4059 2013 4114 sunt,
2058 4066 2155 4119 per
2200 4050 2384 4104 omnia

813 4130 1095 4186 differunt.

883 4347 1019 4401 VIII.
1065 4346 1371 4417 Siquidem,
1410 4350 1504 4419 qui
1552 4350 1866 4421 hujusmodi
1898 4364 2004 4415 est,
2062 4369 2238 4405 omnes
2295 4356 2386 4407 Ιιο-

814 4440 981 4492 mines
1017 4440 1353 4507 dijudicat",
1411 4450 1470 4493 ut
1522 4442 1787 4509 scriptum
1844 4450 1976 4494 est:
2028 4444 2180 4495 novit
2239 4445 2385 4497 unde

2487 3250 2817 3319 δοκιμασιῶν
2848 3249 3115 3316 γίγνεται,
3172 3248 3268 3314 τῆς
3313 3244 3657 3307 αύτεξουσίου
3691 3242 4065 3313 προαιρέσεως

2488 3342 2575 3395 διὰ
2606 3342 2794 3394 πασῶν
2824 3341 3056 3408 θλίψεων
3079 3337 3535 3408 δοκιμαζομένης.
3564 3336 3674 3387 Καὶ
3709 3336 3845 3386 ἐπὰν
3878 3336 3935 3385 ἐν
3959 3350 4065 3401 μηο

2488 3432 2598 3483 δενὶ
2621 3433 2678 3483 τὸ
2714 3430 2936 3499 Πνεῦμα
2980 3430 3219 3500 λυπήσῃ,
3268 3427 3402 3479 ἀλλὰ
3442 3430 3505 3497 τῇ
3539 3426 3721 3495 χάριτι
3752 3424 3839 3476 διὰ
3873 3424 4065 3475 πασῶν

2490 3522 2718 3574 ἐντολῶν
2748 3522 2977 3587 γένηται
3009 3520 3319 3586 σύμφωνος,
3360 3518 3481 3569 τότε
3513 3517 3609 3585 τῆς
3641 3517 3705 3567 ἐκ
3734 3515 3840 3566 τῶν
3872 3513 4064 3565 παθῶν

2490 3613 2803 3680 ἐλευθερίας
2824 3612 3007 3677 τυχεῖν
3030 3608 3403 3671 καταξιοῦται,
3432 3607 3525 3659 καὶ
3554 3606 3653 3672 τῆς
3672 3603 3945 3665 υἱοθεσίας
3971 3602 4063 3653 τοῦ

2492 3704 2806 3771 Πνεύματος
2835 3701 3115 3769 πλήρωσιν
3150 3699 3436 3767 λαμϐάνει,
3481 3697 3577 3750 καὶ
3626 3699 3723 3766 τῆς
3766 3697 3823 3746 ἐν
3851 3713 4063 3764 μυστη-

2494 3796 2593 3865 ρίῳ
2618 3794 2977 3863 λαλουμένης,
3008 3793 3106 3844 καὶ
3149 3790 3242 3842 τοῦ
3278 3787 3653 3858 πνευματικοῦ
3684 3788 3937 3849 πλούτου,
3972 3788 4066 3837 καὶ

2490 3880 2589 3947 τῆς
2630 3880 2897 3942 συνέσεως
2924 3881 3021 3947 τῆς
3053 3878 3125 3947 μὴ
3175 3878 3339 3946 οὔσης
3379 3877 3472 3929 τοῦ
3517 3878 3721 3945 κόσμου
3749 3878 3963 3935 τούτου,
3998 3870 4067 3945 ἧς

2491 3972 2539 4022 οἱ
2564 3971 2731 4033 ὅντως
2755 3970 2905 4033 ὅντες
2940 3969 3256 4039 Χριστιανοὶ
3302 3970 3519 4037 μέτοχοι
3549 3968 3809 4033 γίνονται.
3849 3968 3941 4018 Διὸ
3970 3968 4064 4019 καὶ

2492 4060 2713 4112 πάντων
2778 4060 3080 4128 ἀνθρώπων
3131 4059 3239 4111 τῶν
3282 4059 3514 4127 ἐχόντων
3570 4059 3630 4110 τὸ
3692 4057 3785 4109 τοῦ
3853 4058 4064 4125 κόσμου

2492 4147 2729 4215 πνεῦμα,
2754 4148 3052 4216 φρονίμων,
3087 4146 3344 4211 συνετῶν,
3374 4146 3576 4215 σοφῶν,
3610 4138 3755 4199 οῦτοι
3778 4147 3857 4207 είς
3886 4148 4064 4199 πάντα

2491 4239 2861 4308 διαφέρουσιν.

2564 4354 2643 4403 Η’.
2663 4352 2719 4403 '0
2737 4352 2975 4413 τοιοῦτος
2991 4351 3097 4419 γὰρ
3111 4351 3343 4413 πάντας
3364 4351 3715 4417 ἀνθρώπους
3733 4350 4062 4418 ἀνακρίνει,

2492 4444 2633 4495 κατὰ
2656 4443 2717 4494 τὸ
2737 4444 3121 4511 γεγραμμένον
3140 4458 3153 4471 ⁸
3190 4442 3451 4507 γινώσκει
3471 4443 3700 4495 ἕκαστον
3730 4442 3894 4493 πόθεν
3916 4442 4067 4494 λαλεῖ

812 4528 1044 4597 quisque
1076 4529 1353 4597 loquatur,
1378 4538 1432 4583 et
1451 4531 1541 4584 ubi
1568 4533 1850 4595 consistat,
1879 4543 1933 4586 ct
1958 4533 2009 4585 in
2035 4534 2237 4601 quibus
2262 4552 2383 4602 gra-
2418 4538 2460 4592 D
2488 4552 2497 4583 ι

2377 4566 2383 4575 ι
2418 4538 2460 4592 D
2488 4535 2582 4586 καὶ
2605 4534 2706 4586 ποῦ
2736 4535 2953 4605 ἕστηκε,
2983 4536 3075 4585 καὶ
3100 4538 3157 4586 ἐν
3194 4534 3364 4595 ποίοις
3386 4536 3606 4603 μέτροις
3630 4534 3796 4586 ἐστίν·
3820 4534 3984 4586 αὑτὸν
4008 4534 4062 4586 δὲ

812 4620 976 4673 dibus
1009 4622 1378 4674 constituatur
1408 4639 1418 4673 :
1452 4622 1629 4689 ipsum
1665 4638 1799 4675 vero
1851 4622 2035 4676 nullus
2095 4624 2379 4678 hominum

814 4710 1130 4764 habentium
1173 4712 1423 4780 spiritum
1468 4712 1678 4776 mundi,
1712 4728 2041 4782 cognoscere
2089 4726 2144 4768 et
2174 4716 2378 4785 dijudi-

810 4816 939 4855 care
968 4811 1162 4869 potest.
1196 4802 1298 4855 nisi
1332 4803 1480 4857 solus
1507 4804 1570 4867 is,
1595 4804 1688 4872 qui
1718 4804 1950 4857 similem
1984 4806 2263 4859 cceleslem
2298 4807 2383 4860 di-

813 4893 1055 4945 vinitatis
1090 4892 1351 4960 Spiritum
1386 4895 1569 4957 habet,
1604 4898 1883 4964 cognoscit
1917 4898 2149 4949 similem
2175 4939 2187 4960 ,
2214 4908 2273 4949 ut
2297 4899 2383 4951 in-

811 4982 933 5049 quit
962 4982 1253 5049 Apostolus
1285 5000 1297 5035 :
1332 4983 1706 5053 Spiritualibus
1733 4996 2099 5055 comparantes
2130 4990 2384 5057 spiritua-

814 5071 909 5123 lia.
933 5071 1194 5124 Animalia
1231 5082 1405 5125 autent
1445 5076 1595 5126 homo
1622 5092 1724 5127 non
1773 5077 1958 5144 accipit
1993 5092 2075 5139 ea,
2107 5093 2222 5144 qua?
2259 5088 2379 5129 sunt

812 5160 1042 5228 Spiritus
1087 5163 1201 5224 Dei,
1243 5164 1497 5232 siquidem
1528 5165 1750 5217 stultitia
1784 5167 1861 5217 illi
1907 5178 2047 5229 sunt,
2095 5185 2185 5219 nec
2217 5178 2383 5236 potest

810 5268 1139 5319 cognoscere.
1184 5255 1253 5307 At
1301 5257 1592 5323 spiritualis
1628 5258 1881 5325 dijudicut
1908 5261 2113 5326 quidem
2148 5262 2325 5312 omnia
2364 5278 2379 5313 :

811 5344 922 5410 ipse
950 5359 1070 5395 vero
1096 5362 1125 5395 a
1151 5347 1356 5397 nemine
1387 5348 1791 5416 dijudicatur".
1838 5351 2111 5419 Ejusmodi
2150 5352 2240 5419 qui
2276 5362 2379 5416 est,

809 5448 1002 5486 onmes
1036 5436 1222 5488 mundi
1253 5451 1338 5489 res
1360 5440 1646 5505 pretiosas,
1672 5440 1913 5505 divitias,
1945 5442 2151 5503 luxum,
2182 5459 2244 5497 ac
2268 5459 2383 5496 om-

880 5654 923 5681 "
951 5652 1089 5726 Gen.
1123 5671 1209 5717 xv,
1244 5656 1306 5718 ι;
1355 5672 1486 5719 xvu,
1520 5658 1570 5717 5,
1604 5658 1668 5719 6;
1707 5675 1852 5720 xvnt,
1884 5659 1985 5723 1ος
2042 5677 2127 5726 xx,
2174 5662 2208 5716 2

813 5735 927 5788 seq.
1006 5723 1265 5781 °'I.Cor.
1299 5743 1354 5792 ιι,
1394 5726 1453 5777 15
1541 5728 1971 5792 "ibid.,i-l,l5.

2268 5678 2379 5732 seq.
2417 5673 2544 5730 3x“,
2592 5666 2611 5718 1
2670 5680 2784 5733 seq.

2486 4627 2659 4688 οὐδεὶς
2688 4626 2783 4678 ἀνθ
2795 4626 2992 4695 ρώπων
3016 4627 3122 4683 τῶν
3147 4628 3381 4696 ἐχόντων
3402 4627 3461 4678 τὸ
3481 4626 3696 4695 πνεῦμα
3715 4626 3807 4679 τοῦ
3829 4629 4060 4696 κόσμου,

2491 4716 2782 4785 γινώσκειν
2819 4720 2911 4770 καὶ
2943 4720 3255 4789 ἀνακρίνειν
3280 4718 3521 4781 δύναται,
3550 4719 3599 4770 εί
3643 4717 3716 4788 μὴ
3752 4719 3911 4785 μόνον
3941 4720 3969 4771 ὁ
4003 4721 4063 4771 τὸ

2494 4810 2681 4876 ὅμοιον
2719 4809 2855 4877 ἔχων
2890 4811 3211 4877 ἐπουράνιον
3242 4812 3338 4879 τῆς
3370 4809 3621 4877 θεότητος
3644 4808 3872 4876 Πνεῦμα
3894 4810 4059 4876 γινώ-

2491 4918 2609 4951 σκει
2642 4900 2732 4951 τὸν
2763 4901 2967 4968 ὅμοιον,
3026 4900 3099 4962 ὡς
3133 4902 3295 4966 φησιν
3323 4902 3351 4951 ό
3395 4900 3748 4960 Ἀπόστολος·
3787 4904 4060 4966 [Iratum-

2490 4991 2675 5053 τικοῐς
2731 4988 3103 5055 πνευματικὰ
3164 4990 3632 5056 συγκρίνοντες·
3678 4989 3944 5057 ψυχικὸς
3993 4990 4061 5041 δὲ

2484 5080 2793 5147 ἅνθρωπος
2815 5082 2885 5131 οὺ
2910 5078 3139 5144 δέχεται
3158 5080 3229 5131 τὰ
3254 5078 3356 5132 τοῦ
3383 5081 3728 5147 [Ινεύματος
3750 5080 3857 5132 τοῦ
3882 5082 4053 5135 Θεοῦ·

2480 5172 2666 5237 μωρία
2680 5171 2787 5238 γὰρ
2806 5169 2965 5232 αὐτῷ
2976 5170 3165 5222 ἐστιν.
3184 5170 3244 5222 '0
3259 5170 3325 5221 δὲ
3338 5170 3735 5239 πνευματικὸς
3747 5171 4058 5237 ἀνακρίνει

2479 5264 2596 5329 μὲν
2620 5265 2833 5324 πάντα,
2884 5264 3063 5327 αὐτὸς
3100 5263 3167 5314 δὲ
3216 5264 3315 5316 ὑπ’
3360 5264 3610 5330 οὐδενὸς
3649 5265 4052 5329 ἀνακρίνεται.

2496 5357 2553 5406 '0
2592 5355 2829 5417 τοιοῦτος
2859 5356 3035 5405 πάντα
3067 5356 3133 5406 τὰ
3154 5355 3243 5407 τοῦ
3280 5356 3484 5425 κόσμου
3509 5356 3810 5426 πράγματα
3840 5354 4051 5420 ἔνδοξα,

2488 5446 2733 5508 πλοῦτον,
2767 5447 2859 5498 καὶ
2897 5446 3125 5515 τρυφὴν,
3181 5448 3274 5498 καὶ
3315 5449 3494 5501 πᾶσαν
3534 5448 3854 5512 ἀπόλαυσιν,
3880 5449 4052 5515 αὐτήν

2894 5666 2937 5695 ⁸³
2969 5664 3105 5718 Gen.
3144 5682 3214 5729 vi,
3265 5665 3329 5728 7;
3372 5682 3464 5729 vn,
3512 5665 3571 5731 1,
3629 5680 3740 5729 vm,
3784 5666 3845 5728 l;
3894 5681 3963 5731 Ix,
4001 5670 4045 5721 1.
