4266 6356
197 371 308 434 537

1431 373 1797 438 HOMILI/E.
1826 400 1894 414 -
1924 378 2111 441 ΗΟΜ.
2154 381 2254 442 IX.

3348 392 3452 455 538

195 497 260 531 τε
311 479 414 549 τὴν
474 477 699 546 γνῶσιν,
751 479 846 534 καὶ
903 477 1082 534 πάντα
1121 481 1192 534 τά
1242 480 1337 535 τοῦ
1371 483 1562 547 αίῶνος
1588 482 1857 542 τούτουΑ

1768 482 2008 542 ιΑηοηι
2058 489 2417 558 voluptatem,
2476 491 2647 560 ipsam
2696 508 2916 563 quoque
2948 496 3340 567 cognitionem,
3394 511 3453 557 et

195 570 465 640 βδελυκτά
497 572 735 641 ἡγεῖται,
767 571 864 625 καὶ
898 573 1125 642 μισητά.

268 746 351 802 Θ¹.
386 746 603 814 Ὠσπερ
642 744 753 815 γὰρ
797 746 825 798 ό
883 744 1217 815 φλεγόμενος
1263 747 1358 800 καὶ
1414 748 1775 819 κατεχόμενος

198 833 447 902 πυρετῷ,
478 834 614 903 ὅπερ
642 832 710 886 ἂν
737 834 1110 906 προσενέγκῃς
1151 836 1301 906 αὐτῷ
1334 836 1529 907 βρῶμα
1557 838 1591 910 ἢ
1623 841 1774 908 πόμα

198 926 423 995 ἥδιστον
451 924 797 995 βδελύσσεται
828 926 920 978 καὶ
964 926 1283 993 ἀποϐάλλει,
1334 927 1423 980 διὰ
1466 929 1526 981 τὸ
1556 927 1775 999 πυρετῷ

192 1016 498 1084 φλέγεσθαι
548 1016 733 1081 αὑτὸν,
781 1019 876 1070 καὶ
931 1018 1023 1071 ὑπ’
1053 1019 1219 1072 αὐτοῦ
1256 1019 1501 1090 σφοδρῶς
1530 1022 1771 1091 ἐνεργεῖ-

200 1104 331 1157 σθαι
353 1121 366 1134 ·
400 1103 491 1156 τὸν
515 1104 677 1158 αὑτὸν
707 1104 908 1174 τρόπον
944 1105 1037 1159 καὶ
1066 1106 1116 1158 οῖ
1146 1106 1469 1177 φλεγόμενοι
1501 1109 1578 1177 τῷ
1606 1110 1771 1163 ἔπου-

198 1196 370 1265 ρανίῳ
403 1194 498 1247 τοῦ
534 1195 853 1265 Πνεύματος
883 1196 1012 1266 ίερῷ
1044 1197 1138 1250 καὶ
1165 1198 1347 1270 σεμνῷ
1376 1200 1543 1271 πόθῳ,
1581 1203 1675 1254 καὶ
1694 1201 1773 1274 τῷ

194 1288 364 1358 ἔρωτι
390 1291 487 1357 τῆς
531 1288 753 1359 ἀγάπης
782 1287 875 1341 τοῦ
900 1288 1037 1343 Θεοῦ
1096 1291 1195 1359 τὴν
1224 1290 1401 1361 ψυχὴν
1449 1291 1769 1362 τρωθέντες,

195 1380 291 1432 καὶ
332 1378 410 1447 τῷ
457 1378 586 1448 θείῳ
619 1379 714 1432 καὶ
752 1380 1062 1449 ἐπουρανίῳ
1094 1382 1247 1450 πυρὶ,
1275 1381 1303 1434 ὅ
1332 1383 1360 1435 ό
1394 1382 1597 1454 Κύριος
1626 1386 1684 1437 ὲν
1702 1387 1767 1456 τῇ

192 1474 266 1541 γῇ
291 1466 426 1541 ἦλθε
461 1470 665 1540 βαλεῖν,
699 1472 795 1524 καὶ
830 1472 973 1525 θέλει
998 1475 1055 1526 ὲν
1081 1474 1237 1543 τάχει
1275 1475 1600 1546 ἀναφθῆναι,
1638 1494 1770 1546 σφο-

192 1562 339 1632 δρῶς
360 1563 764 1631 ένεργούμενοι,
791 1563 885 1615 καὶ
908 1564 1257 1633 ἑκκαιόμενοι
1286 1567 1368 1627 είς
1399 1568 1490 1619 τὸν
1519 1568 1770 1637 οὐράνιον

191 1654 289 1706 τοῦ
324 1654 563 1724 Χριστοῦ
616 1655 802 1719 πόθον,
842 1654 918 1719 ὡς
967 1657 1312 1725 προείρηται,
1352 1657 1532 1711 πάντα
1577 1659 1646 1711 τὰ
1675 1658 1767 1712 τοῦ

192 1743 391 1806 αἰῶνος
434 1743 619 1810 ἔνδοξα
678 1744 894 1808 τούτου,
951 1747 1045 1798 καὶ
1121 1747 1299 1816 τίμια,
1351 1747 1632 1815 ἀπόδλητα
1674 1750 1769 1803 καὶ

1883 577 2067 633 omnia
2095 594 2216 647 qua:
2241 587 2371 634 sunt
2398 580 2563 650 hujus
2592 584 2775 638 saeculi
2798 622 2815 645 ,
2844 587 3182 644 exsecranda
3212 591 3367 646 ducit
3395 602 3453 648 et

1884 668 2013 723 odio
2042 670 2229 740 digna.

1957 761 2049 815 IX.
2070 760 2541 827 Quemadmodum
2576 763 2722 817 enim
2758 765 2853 834 qui
2882 766 3096 822 ardenti
3128 768 3267 824 febri
3296 771 3421 827 labo

1881 869 1987 923 rat,
2020 876 2406 931 quemcunque
2455 862 2505 917 ei
2550 861 2748 917 oﬂ'eras
2777 864 2961 918 cibum
3005 873 3100 919 aut
3130 874 3340 934 potum,
3394 868 3450 923 id

1879 952 2131 1020 quamvis
2192 955 2605 1018 suavissimum,
2644 954 2994 1010 abominatur
3038 971 3103 1011 ac
3141 961 3343 1023 renuit,
3381 974 3451 1015 eo

1879 1042 2025 1112 quod
2075 1042 2213 1097 febri
2253 1043 2622 1100 inﬂammatus
2668 1045 2737 1101 ab
2783 1062 2848 1101 ea
2875 1048 3033 1104 valde
3076 1060 3443 1105 exerceatur:

1876 1134 2068 1186 eodem
2099 1133 2284 1197 modo,
2304 1134 2396 1203 qui
2437 1134 2675 1203 Spiritus
2704 1136 2948 1191 caelestis
2972 1147 3160 1192 sancto
3183 1154 3247 1192 ac
3277 1154 3449 1193 vene-

1879 1224 2040 1278 rabili
2079 1224 2356 1279 desiderio
2381 1228 2623 1291 accensi,
2665 1243 2855 1281 amore
2894 1228 3210 1285 dilectionis
3246 1231 3343 1285 Dei
3388 1232 3447 1286 in

1876 1318 2057 1372 anima
2101 1320 2351 1382 sauciati,
2405 1335 2471 1375 ac
2513 1322 2700 1377 divino
2746 1323 3067 1393 cmlestique
3106 1325 3249 1394 igne,
3281 1341 3445 1395 quem

1876 1410 2144 1463 Dominus
2172 1410 2227 1464 in
2252 1419 2450 1465 terram
2484 1413 2753 1466 missurus
2781 1415 2928 1468 venit
2946 1415 3012 1475 “,
3038 1417 3266 1483 vultque
3296 1416 3447 1469 velo-

1876 1498 2015 1550 citer
2050 1498 2300 1560 accendi,
2356 1499 2712 1554 vehementer
2764 1501 2994 1565 incitati;
3037 1510 3201 1571 atque
3234 1495 3445 1556 cmleéti

1874 1586 2154 1643 desiderio
2198 1588 2403 1644 Christi
2461 1591 2680 1645 accensi
2712 1600 2860 1656 sunt,
2892 1594 3099 1657 omnia,
3129 1603 3187 1646 ut
3236 1591 3444 1647 dictum

1875 1688 1981 1743 est,
2017 1696 2138 1748 qua:
2162 1690 2292 1735 sunt
2316 1682 2369 1734 in
2405 1681 2510 1734 hoc
2544 1683 2745 1736 seculo
2790 1684 3048 1753 praclara
3078 1699 3141 1737 ac
3181 1685 3442 1753 pretiosa,

1875 1771 2211 1839 repudianda
2240 1783 2297 1827 et
2326 1772 2455 1826 odio
2498 1773 2661 1843 digna
2695 1782 2971 1843 reputant,
3013 1785 3237 1843 propter
3264 1777 3443 1845 ignem

198 1834 409 1903 μισητά
431 1834 758 1902 λογίζονται,
786 1834 876 1887 διὰ
904 1834 965 1887 τὸ
998 1834 1098 1905 τῆς
1123 1836 1343 1906 ἀγάπης
1398 1836 1492 1891 τοῦ
1532 1838 1768 1909 Χριστοῦ
1803 1837 1842 1891 Β
1871 1874 1883 1910 ε

1759 1840 1768 1891 ί
1803 1837 1842 1891 B
1871 1834 2183 1913 dilectionis
2201 1834 2919 1931 Christi,qui1:onstriugit,
2960 1834 3213 1919 accendit
3256 1834 3312 1919 εἶ
3358 1867 3444 1919 in-

191 1924 326 1994 πῦρ,
366 1923 428 1977 τὸ
459 1924 680 1993 συνέχον
707 1926 804 1976 καὶ
834 1924 1075 1989 έκκαῖον,
1111 1926 1205 1977 καὶ
1233 1924 1429 1994 φλέγον
1479 1927 1676 1991 αὐτοὺς
1703 1931 1768 1998 τῇ

188 2016 331 2083 πρὸς
362 2014 453 2066 τδν
477 2014 608 2067 Θεὸν
635 2014 895 2079 διαθέσει,
920 2017 1144 2076 καὶτοῖς
1173 2016 1517 2088 ἐπουρανίοις
1548 2018 1771 2086 ἀγαθοῖς

186 2105 293 2174 τῆς
317 2104 538 2176 ἀγάπης
562 2120 578 2135 ο
608 2105 668 2170 ἐξ
692 2102 755 2179 ἧς
779 2107 1000 2177 ἀγάπης
1032 2108 1184 2161 οὐδὲν
1206 2108 1315 2161 τῶν
1344 2110 1707 2179 έπουρανίων,
1735 2110 1767 2179 ἦ

186 2195 525 2265 ὲπιγείων,ἢ
555 2195 928 2265 καταχθονίων
942 2199 1173 2267 χωρίσαι
1189 2199 1476 2269 δυνήσεται
1498 2202 1719 2264 τούτους
1749 2216 1763 2232 ·

186 2284 373 2348 καθὼς
414 2285 441 2337 ό
482 2284 776 2347 ἀπόστολος
840 2286 1189 2357 ἐμαρτύρησε
1244 2288 1473 2354 Παῦλος,
1527 2290 1610 2345 ὅτι
1672 2293 1767 2357 Τίς

184 2375 349 2443 ἡμᾶς
389 2376 629 2445 χωρίσει
655 2378 774 2431 ἀπὸ
807 2378 917 2446 τῆς
944 2378 1181 2449 ἀγάπης
1205 2380 1311 2435 τοῦ
1338 2379 1597 2450 Χριστοῦ
1619 2401 1640 2449 ;
1674 2384 1767 2437 καί⁵

193 2467 263 2519 τὰ
292 2466 439 2534 ἑξῆς.

259 2559 319 2611 ιο,
350 2558 463 2627 Τὴν
524 2557 582 2611 δὲ
636 2557 831 2628 κτῆσιν
878 2559 980 2630 τῆς
1033 2559 1227 2616 ἑαυτοῦ
1282 2563 1483 2634 ψυχῆς,
1543 2565 1637 2619 καὶ
1666 2565 1765 2636 τῆς

186 2647 520 2715 ἐπουρανίου
560 2647 653 2701 τοῦ
711 2648 1027 2719 Πνεύματος
1073 2652 1317 2724 ἀγάπης,
1353 2655 1452 2707 οὐκ
1489 2656 1763 2727 ἐνδέχεταί

186 2754 311 2789 τινα
342 2737 543 2808 εὑρεῖν,
571 2739 666 2791 ἐὰν
699 2740 773 2810 μὴ
803 2742 1019 2795 πάντων
1062 2743 1171 2796 τῶν
1211 2743 1307 2798 τοῦ
1344 2746 1538 2810 αἰῶνος
1570 2747 1761 2800 τούτου

186 2828 384 2881 ἑαυτὸν
414 2828 809 2899 ἀλλοτριώσας,
847 2832 984 2902 πρὸς
1014 2834 1112 2903 τὴν
1142 2833 1371 2906 ζήτησιν
1415 2836 1511 2907 τῆς
1540 2836 1761 2908 ἀγάπης

182 2918 284 2972 τοῦ
314 2918 554 2989 Χριστοῦ
617 2922 810 2975 ἑαυτὸν
856 2923 1045 2994 ἐπιδῷ,
1078 2926 1173 2977 καὶ
1196 2926 1386 2980 πασῶν
1438 2927 1638 2981 ὑλικῶν
1671 2928 1762 2981 καὶ

184 3027 252 3061 πε
262 3011 590 3080 ρισπασμῶν
624 3012 828 3080 γηΐνων
854 3015 881 3066 ό
910 3014 1031 3078 νοῦς
1055 3017 1207 3079 sm;
1232 3019 1478 3088 γένηται,
1514 3018 1602 3072 ἵνα
1632 3019 1760 3089 περὶ

181 3100 277 3151 τὸν
314 3099 411 3153 ἕνα
447 3101 647 3153 σκοπὸν
673 3101 790 3163 ὅλος
814 3102 1420 3176 ἀηοληθῆναιδυνηθῇ,
1442 3106 1532 3160 διὰ
1564 3107 1753 3160 πασῶν

182 3189 421 3243 ἐντολῶν
452 3190 627 3244 ταῦτα
664 3192 1037 3259 κατευθύνων,
1065 3194 1152 3248 ἵνα
1188 3196 1282 3267 ὅλη
1311 3199 1343 3267 ὴ
1374 3198 1632 3269 μέριμνα,
1664 3200 1759 3251 καὶ

182 3284 219 3352 ἡ
252 3280 507 3350 ζήτησις,
544 3282 639 3334 καὶ
671 3284 699 3334 ὁ
756 3284 1160 3353 περισπασμὸς,
1190 3286 1284 3338 καὶ
1338 3288 1372 3355 ἡ
1407 3287 1633 3357 ἀσχολία
1660 3289 1759 3357 τῆς

180 3374 363 3443 ψυχῆς
390 3374 520 3444 περὶ
547 3375 644 3443 τὴν
698 3373 926 3445 ἔρευναν
951 3374 1053 3444 τῆς
1106 3378 1298 3447 νοερᾶς
1328 3376 1515 3441 οὐσίας
1537 3373 1593 3451 ᾖ,
1640 3378 1760 3443 πῶς

181 3466 357 3535 αὐτὴν
380 3464 729 3535 κοσμηθῆναι
758 3465 839 3518 δεῖ
860 3467 978 3529 ταῖς
1004 3465 1114 3520 τῶν
1134 3466 1347 3537 ἀρετῶν
1381 3468 1644 3537 ἐντολαῖς,
1666 3470 1760 3524 καὶ

180 3557 263 3625 τῷ
296 3555 605 3625 ἐπουρανίῳ
628 3556 723 3609 τοῦ
757 3557 1071 3627 [Ινεύματος
1097 3559 1309 3629 κόσμῳ,
1345 3561 1439 3611 καὶ
1468 3563 1533 3631 τῇ
1566 3578 1758 3614 κοινω⁹

180 3648 275 3718 via
322 3646 423 3716 τῆς
466 3646 561 3699 τοῦ
601 3646 840 3718 Χριστοῦ
890 3649 1261 3720 καθαρότητος
1307 3652 1400 3703 καὶ
1462 3652 1752 3723 ἀγιασμοῦ,

183 3738 275 3790 ἕνα
336 3754 420 3800 τις
464 3738 633 3791 πᾶσιν
686 3738 1120 3809 ἀποταξάμενος,
1175 3741 1269 3794 καὶ
1332 3742 1509 3796 πάντα
1561 3744 1755 3797 ἑαυτοῦ

183 3826 492 3898 περικόψας
518 3829 587 3882 τά
615 3829 713 3899 τῆς
743 3828 876 3901 ὖλης
905 3833 998 3885 καὶ
1024 3832 1128 3901 γῆς
1156 3834 1406 3903 ἐμπόδια,
1440 3836 1531 3888 καὶ
1558 3853 1754 3905 σαρκι-

182 3919 287 3987 κῆς
347 3917 591 3987 ἀγάπης,
645 3917 683 3988 ἢ
726 3920 1103 3996 προσπαθείας
1145 3922 1369 3989 γονέων,
1416 3924 1449 3992 ἢ
1476 3927 1755 3995 συγγενῶν

180 4004 337 4067 ἐκτὸς
389 4006 702 4076 γενόμενος,
761 4009 819 4061 έν
877 4010 1066 4080 μηδενὶ
1115 4012 1287 4083 ἑτέρῳ
1321 4018 1650 4088 συγχωρήσῃ
1678 4018 1756 4088 τῷ

180 4093 379 4146 ἑαυτοῦ
436 4092 514 4165 νῷ
560 4094 947 4166 ἀσχοληθῆναι,
1001 4098 1035 4169 ἢ
1083 4102 1542 4173 περισπασθῆναι,
1589 4102 1753 4176 οἷονῆ

180 4184 409 4255 ἀρχῇ,ἢ
441 4184 590 4256 δόξῃ,
625 4185 659 4255 ἢ
680 4190 887 4257 τιμαῖς,
916 4188 953 4259 ἢ
981 4190 1185 4258 φιλίαις
1206 4198 1494 4262 σαρκικαῖς
1525 4196 1754 4266 κόσμου,

182 4275 219 4344 ἢ
266 4277 487 4346 ἑτέραις
534 4278 645 4329 τισὶ
672 4278 921 4348 φροντίσι
959 4281 1198 4349 γητναις,
1227 4283 1341 4337 ἀλλ’
1370 4285 1489 4349 ὅλος
1525 4289 1583 4354 ἐξ
1630 4289 1753 4342 ὅλου

182 4367 317 4434 περὶ
347 4367 446 4433 τὴν
479 4364 708 4435 ζήτησιν
731 4367 831 4436 τῆς
860 4370 1051 4439 νοερᾶς
1090 4368 1277 4435 οὐσίας
1308 4374 1405 4444 τῆς
1441 4375 1619 4446 ψυχῆς
1656 4379 1755 4447 τὴν

1871 1944 2113 1999 ﬂammat
2134 1961 2230 2001 eos
2261 1946 2553 2001 allectionc
2588 1950 2705 2012 Dei,
2734 1959 2791 2003 et
2817 1952 3135 2006 caelestibus
3177 1953 3336 2009 bonis
3359 1955 3444 2009 di-

1871 2036 2145 2091 lectionis.
2176 2038 2222 2092 A
2247 2054 2355 2107 qua
2382 2040 2604 2108 quidem
2635 2042 2795 2104 nihil,
2829 2044 2945 2096 sive
2995 2052 3299 2110 terrenum,
3326 2048 3442 2101 sive

1874 2129 2296 2185 subterraneum
2328 2134 2420 2194 sit,
2451 2148 2548 2188 eos
2595 2136 2875 2202 separabit
2910 2152 2923 2188 :
2956 2137 3099 2190 sicut
3161 2140 3443 2206 apostolus

1868 2227 2068 2282 Paulus
2098 2236 2356 2282 testatum
2390 2229 2541 2293 fecit,
2575 2231 2789 2287 scilicet
2830 2249 2842 2284 :
2879 2232 3005 2297 Quis
3046 2252 3138 2288 nos
3170 2237 3440 2307 separabit

1867 2335 1900 2371 a
1921 2320 2179 2373 charitate
2208 2319 2454 2375 Christi"
2481 2322 2581 2376 ‘let
2603 2337 2724 2390 qua:
2760 2334 3089 2392 sequuntur.

1933 2583 2001 2638 Χ.
2029 2583 2438 2640 Possessionem
2498 2601 2631 2641 vero
2680 2602 2792 2641 suae
2843 2588 3057 2652 animae,
3092 2596 3148 2644 et
3199 2590 3439 2659 Spiritus

1864 2674 2102 2728 caelestis
2127 2673 2438 2729 dilectionis
2469 2690 2576 2729 non
2622 2677 2891 2745 contingit
2925 2680 3237 2748 quempiam
3284 2683 3441 2736 inve-

1864 2765 2006 2829 nire,
2031 2765 2137 2819 nisi
2178 2766 2247 2820 ab
2299 2766 2579 2828 omnibus,
2613 2783 2735 2836 qua:
2771 2777 2899 2822 sunt
2945 2770 3110 2839 hujus
3144 2772 3348 2835 sasculi,
3377 2788 3437 2827 se

1864 2852 2041 2922 ipsum
2067 2855 2366 2920 abstrahat,
2391 2864 2448 2910 et
2480 2856 2811 2926 indagationi
2835 2858 3115 2915 cltaritatis
3141 2860 3346 2916 Christi
3377 2878 3437 2917 se

1868 2943 2044 3012 ipsum
2078 2944 2277 3007 tradat,
2327 2960 2391 2999 ac
2435 2945 2505 2999 ab
2555 2945 2815 3001 omnibus
2845 2948 3045 3002 crassis
3089 2958 3147 3004 et
3200 2953 3436 3006 terrenis

1863 3032 2030 3087 rebus
2067 3049 2221 3089 mens
2264 3035 2458 3105 procul
2487 3036 2676 3102 absit;
2709 3046 2769 3091 ut
2807 3039 2954 3093 circa
3005 3056 3175 3094 unum
3208 3057 3433 3111 scopum

1868 3132 2014 3180 totus
2040 3136 2287 3197 satagere
2309 3129 2501 3197 possit,
2523 3144 2621 3199 per
2643 3130 2827 3185 omnia
2853 3142 3126 3201 praecepta
3152 3134 3268 3188 haec
3293 3134 3435 3189 bene

1861 3218 2124 3288 dirigens,
2162 3228 2225 3274 ut
2268 3220 2448 3276 omnis
2505 3227 2660 3282 cura.
2698 3222 3005 3292 inquisitio,
3035 3225 3320 3281 distractio
3376 3236 3435 3282 et

1862 3311 2154 3379 occupatio
2183 3312 2381 3365 anima:
2409 3311 2463 3367 in
2495 3312 2875 3383 investiganda
2914 3315 3271 3372 intellectuali
3298 3318 3433 3372 sub-

1860 3402 2059 3456 stantia
2082 3402 2306 3467 haareat,
2335 3404 2612 3473 quomodo
2640 3421 2758 3460 eam
2794 3407 2981 3461 ornari
3006 3416 3261 3478 oporteat
3288 3425 3432 3479 pra:-

1858 3492 2031 3562 ceptis
2056 3494 2344 3556 virtutum,
2368 3509 2433 3549 ac
2455 3497 2667 3551 cmlesti
2692 3495 2933 3566 Spiritus
2956 3512 3176 3564 ornatu,
3208 3509 3266 3555 et
3304 3517 3435 3571 par-

1861 3582 2176 3652 ticipatione
2219 3585 2474 3653 puritatis
2506 3597 2561 3641 et
2607 3588 3059 3645 sanctiﬁcationis
3084 3590 3287 3647 Christi
3320 3609 3333 3646 :
3372 3604 3434 3647 ut

1857 3672 1967 3743 36
1999 3675 2125 3743 quis
2168 3676 2427 3732 omnibus
2474 3677 2788 3734 valedicens
2834 3681 3129 3751 omniaque
3160 3697 3339 3737 crassa
3366 3699 3432 3739 ac

1861 3774 2076 3819 terrena
2093 3766 2481 3835 impedimenta
2498 3784 2771 3834 resecans,
2787 3786 2850 3826 ac
2867 3772 3104 3827 carnalis
3118 3773 3441 3829 dilectionis

1857 3864 1950 3910 aut
2000 3857 2307 3911 aﬂectionis
2332 3874 2458 3928 erga
2478 3871 2731 3929 parentes
2752 3877 2816 3916 ac
2840 3875 3102 3933 cognatos
3122 3880 3320 3934 expers
3351 3865 3437 3920 la-

1857 3955 1997 4007 ctus,
2026 3947 2162 4001 nulli
2202 3948 2361 4003 alteri
2407 3950 2485 4004 rei
2516 3954 2783 4008 concedat
2816 3954 3054 4008 animam
3088 3971 3305 4022 vacare,
3332 3965 3431 4011 aut

1856 4047 1920 4087 ca
1947 4032 2175 4089 distrahi
2212 4054 2225 4089 :
2254 4038 2409 4092 velut
2436 4047 2535 4093 aut
2564 4042 2827 4110 regnandi
2860 4045 3168 4111 cupiditati,
3187 4053 3283 4099 aut
3313 4047 3430 4116 glo-

1858 4128 1972 4189 ria.
2004 4139 2099 4184 aut
2120 4131 2426 4189 honoribus
2460 4136 2836 4191 autamicitiis
2860 4140 3174 4195 carnalibus
3208 4142 3435 4206 mundi,

1858 4228 1953 4273 aut
1985 4221 2110 4275 aliis
2155 4223 2487 4291 quibusdam
2517 4226 2667 4280 curis
2696 4230 2962 4296 terrenis;
2996 4230 3089 4286 sed
3125 4240 3273 4287 totus
3306 4248 3439 4287 om-

1856 4308 1989 4362 nino
2036 4310 2091 4363 in
2130 4310 2435 4381 indaganda
2480 4314 2837 4371 intellectuali
2880 4320 3184 4373 substantia
3233 4322 3439 4378 anima?

1856 4414 2043 4451 curam
2072 4408 2128 4452 et
2157 4400 2397 4453 laborem
2429 4402 2645 4457 animus
2676 4408 2958 4475 suscipiat,
2978 4409 3111 4462 etin
3136 4424 3232 4478 spe
3262 4422 3430 4481 atque

184 4456 461 4524 μέριμναν
495 4456 590 4508 καὶ
619 4456 798 4525 θλίψιν
836 4460 865 4512 ό
915 4460 1039 4523 νοῦς
1067 4462 1334 4536 ἀναλάόῃ,
1368 4467 1464 4519 καὶ
1489 4470 1554 4538 τῇ
1581 4484 1750 4539 προσ-
1783 4486 1869 4541 υ(

184 4543 335 4571 ιωι,
377 4546 465 4571 _,_,
503 4547 741 4571 hu“,
773 4548 978 4571 4---,
1008 4552 1054 4571 π
1078 4569 1111 4571 κ-
1133 4552 1145 4567 ι
1351 4558 1364 4571 .
1580 4560 1591 4571 ι

1783 4486 1830 4541 D
1855 4489 2261 4557 exspectatione
2295 4491 2567 4547 adventus
2598 4456 2861 4563 Spiritus,
2886 4504 3039 4552 totus
3067 4456 3293 4554 omnino
3331 4456 3436 4571 pa-

180 4543 341 4614 δοκίᾳ
377 4546 470 4597 καὶ
499 4547 743 4618 ἀναμονῇ
771 4548 872 4619 τῆς
888 4551 981 4603 τοῦ
1008 4552 1147 4605 Πνεύ
1157 4572 1326 4625 ματος
1348 4558 1744 4628 ὲπιφοιτήσεως

180 4631 303 4695 ὅλος
328 4633 389 4697 ἐξ
420 4633 544 4686 ὅλου
576 4635 849 4707 ὑπομένῃ,
873 4638 1056 4703 καθὼς
1080 4657 1246 4709 φησιν
1276 4646 1304 4695 ό
1322 4644 1543 4715 Κύριος·
1563 4648 1660 4701 Ἐν
1677 4646 1753 4716 τῇ

178 4722 468 4791 ὑπομονῇ
497 4722 666 4793 ὑμῶν
691 4726 1003 4793 κτήσασθσ
1029 4732 1134 4797 τὰς
1170 4734 1376 4802 ψυχὰς
1412 4735 1580 4805 ὑμῶν
1604 4753 1617 4767 ·
1661 4740 1755 4792 καὶ

181 4814 368 4868 πάλιν·
395 4814 633 4882 Ζητεῖτε
655 4816 769 4883 τὴν
786 4819 1114 4882 ,βασιλείαν
1133 4824 1240 4877 τοῦ
1254 4825 1424 4892 Θεοῦ,
1448 4828 1547 4881 καί
1572 4829 1756 4883 ταῦτα

180 4903 383 4955 πάντα
414 4906 890 4974 προστεθήσεται
918 4911 1079 4978 ὑμῖν.

253 4995 355 5047 lA'.
390 4994 605 5050 Γένοιτο
632 4996 713 5062 δι,
778 4999 865 5053 ἵνα
916 5000 1060 5056 οὕτω
1086 5020 1170 5067 τις
1212 5005 1607 5077 ἀγωνιζόμενος
1658 5013 1752 5065 καὶ

178 5086 411 5139 πάντοτε
447 5088 730 5157 προσέχων
779 5091 979 5162 ἑαυτῷ,
1034 5094 1144 5147 εῖτε
1179 5097 1239 5148 έν
1283 5098 1518 5171 ὑπακοῇ,
1560 5102 1668 5153 εἴτε
1691 5106 1750 5156 ὲν

178 5176 327 5247 ἔργῳ
365 5178 665 5248 οἱῳδήποτε
686 5182 826 5235 κατά
848 5184 984 5238 Θεὸν
1013 5188 1310 5259 γινομένῳ,
1335 5192 1397 5245 τὸ
1424 5193 1613 5257 σκότος
1642 5196 1751 5250 τῶν

178 5268 433 5337 πονηρῶν
465 5269 748 5340 δαιμόνων
786 5275 1090 5346 ἀποφυγεῖν
1134 5283 1357 5355 δυνηθῇ.
1408 5286 1471 5337 ⁸0
1493 5286 1599 5358 γὰρ
1624 5287 1749 5353 νοῦς

175 5359 274 5428 τῆς
307 5358 502 5410 ἑαυτοῦ
535 5362 785 5434 ἐρεύνης,
806 5366 904 5419 καὶ
927 5367 1028 5437 τῆς
1056 5371 1190 5438 πρὸς
1226 5374 1427 5445 Κύρων
1468 5376 1747 5449 ζητήσεως

175 5450 334 5511 ὲκτδς
380 5451 454 5519 μὴ
486 5452 790 5523 γινόμενος,
829 5457 926 5529 τὴν
973 5462 1166 5515 ἑαυτοῦ
1212 5465 1389 5538 ψυχὴν
1441 5471 1746 5539 κτήσασθαι

175 5540 400 5594 δύναται
455 5540 617 5597 οὖσαν
644 5548 701 5599 έν
734 5550 981 5623 ἀπωλείᾳ
1028 5556 1234 5621 παθῶν,
1266 5560 1343 5630 τῷ
1375 5562 1507 5631 πρὸς
1544 5566 1745 5637 Κύριον

1850 4574 1992 4630 tiens
2018 4576 2090 4631 sit
2118 4594 2133 4628 :
2182 4581 2644 4647 quemadmodum
2679 4584 2756 4638 ait
2787 4586 3049 4641 Dominus
3075 4605 3089 4641 :
3124 4588 3185 4642 In
3216 4593 3426 4656 patien-

1851 4667 1925 4718 tia
1954 4676 2128 4721 vestra
2162 4670 2471 4738 possideatis
2504 4676 2711 4728 animas
2735 4678 3017 4731 vestras".
3048 4678 3114 4732 Et
3155 4696 3370 4736 rursum
3408 4701 3433 4738 :

1854 4756 2085 4821 Qucrite
2140 4762 2368 4829 primum
2421 4779 2638 4833 regnum
2686 4765 2803 4832 Dei,
2841 4776 2891 4821 et
2926 4770 3034 4822 hac
3076 4774 3253 4825 omnia
3288 4774 3433 4843 adji-

1853 4850 2057 4901 cientur
2089 4851 2225 4904 vobis
2238 4851 2303 4905 ”.

1921 5038 2014 5124 Χῖ.
2041 5040 2184 5095 Fieri
2219 5053 2402 5097 autem
2438 5054 2640 5114 potest,
2662 5056 2721 5102 ut
2747 5051 2871 5118 quis
2898 5052 2978 5107 sic
3015 5054 3324 5124 decertans,
3371 5070 3439 5116 et.

1848 5123 2111 5179 continuo
2157 5126 2263 5181 sibi
2298 5131 2624 5197 attendens,
2656 5135 2773 5190 sive
2817 5137 2874 5191 in
2905 5142 3183 5209 precibus,
3226 5123 3340 5201 sive
3371 5149 3423 5202 in

1847 5213 2130 5283 obsequio,
2154 5218 2270 5274 sive
2301 5219 2355 5273 in
2382 5236 2547 5291 opere
2567 5241 2897 5297 quocunque
2928 5234 3229 5288 secundum
3254 5236 3426 5293 Deum

1854 5303 2210 5371 perficiendo,
2247 5311 2501 5368 tenebras
2532 5316 2930 5374 malitiosorum
2961 5323 3268 5381 daemonum
3287 5329 3428 5383 εσυ-

1853 5410 1982 5463 gere
2010 5398 2201 5465 possit.
2232 5401 2463 5459 Animus
2514 5408 2685 5475 enim,
2721 5411 2815 5479 qui
2862 5428 2891 5465 a
2924 5415 3009 5468 sui
3040 5421 3424 5485 persecutione

1852 5492 1908 5538 et
1936 5485 2281 5557 indagatione
2326 5493 2540 5550 Domini
2583 5514 2692 5554 non
2737 5500 2973 5570 desistit,
3009 5509 3244 5564 animam
3267 5527 3422 5565 suam

1850 5577 2131 5643 possidere
2150 5591 2349 5649 potest,
2370 5600 2489 5655 quae
2512 5590 2677 5645 animi
2702 5601 2881 5649 motus
2904 5596 3236 5665 pedetentim
3259 5605 3422 5658 amitt-

249 5719 297 5751 “
318 5720 452 5776 Luc.
479 5736 573 5788 xu,
601 5723 687 5778 49.
760 5727 805 5758 ’⁷
835 5728 990 5784 Rom.
1023 5749 1134 5799 vm,
1162 5735 1256 5790 δε,
1325 5738 1374 5770 ’⁸
1412 5738 1543 5795 Luc.
1585 5759 1692 5809 xxi,
1713 5745 1801 5801 29.
1878 5746 1925 5780 ”

679 5765 687 5778 .
760 5727 805 5758 "
835 5728 990 5784 Rom.
1023 5749 1134 5799 vm,
1162 5735 1256 5790 δε,
1325 5738 1374 5770 ’⁸
1412 5738 1543 5795 Luc.
1585 5745 1801 5809 “1,29.
1878 5746 1925 5780 ”
1953 5748 2140 5809 Matth.
2172 5769 2244 5819 νι,
2280 5759 2364 5811 53.
