4266 6356
854 394 959 456 539

2124 392 2184 451 S.
2225 391 2281 451 Μ
2288 391 2547 453 ACARII
2587 394 2910 457 EGYPTII

4025 406 4137 472 540

855 506 940 563 tit.
973 504 1103 557 dum
1131 512 1191 555 se
1219 499 1398 570 ipsum
1428 497 1698 551 violenter
1725 510 1946 566 semper
1977 506 2142 567 atque
2186 504 2441 569 prompte
2471 509 2515 563 Α

2471 509 2515 563 Α
2547 504 2633 557 ἀεὶ
2676 504 2767 577 βίᾳ
2819 507 2913 559 καὶ
2974 506 3255 578 προθυμίᾳ
3299 508 3728 581 αῖχμαλωτίζειν
3775 513 3990 581 ἑαυτὸν,
4043 522 4137 570 καὶ

853 595 1135 666 captivum
1179 592 1333 647 ducit
1380 590 1448 644 ad
1500 590 1818 653 Dominum,
1851 598 1907 642 et
1939 589 2017 642 illi
2050 590 2152 643 soli
2193 590 2438 645 adhaeret

854 697 915 743 ut
944 688 1154 741 dictum
1190 694 1273 739 est
1311 684 1633 753 :Captivam
1693 682 1935 734 ducentes
1983 698 2190 734 omnem
2233 685 2436 752 cogita-

851 786 1047 830 tionem
1093 786 1140 829 et
1171 774 1515 828 obediendum
1555 773 1801 827 Christo'
1837 791 1849 824 :
1881 782 1939 825 ut
1986 788 2084 839 per
2118 772 2435 841 hujusmodi

850 879 1149 929 certamen,
1182 866 1519 920 desiderium
1547 874 1604 918 et
1642 863 2049 933 indagationem
2077 878 2233 916 mens
2268 862 2431 932 digna

851 958 1135 1020 reddatur,
1166 972 1285 1025 qua:
1314 956 1387 1009 sit
1419 970 1545 1009 eum
1580 955 1811 1008 Domino
1857 954 1914 1006 in
1954 970 2124 1009 unum
2167 954 2432 1024 Spiritum

851 1049 981 1102 doni
1010 1060 1065 1102 et
1090 1048 1277 1117 gratiae
1300 1047 1531 1110 Christi,
1568 1046 1921 1114 requiescens
1968 1045 2024 1099 in
2048 1062 2177 1101 vase
2215 1046 2429 1111 animze,

851 1141 919 1195 ad
947 1156 1110 1194 omne
1142 1140 1351 1191 bonum
1381 1154 1500 1192 eam
1529 1138 1872 1201 adornantis,
1906 1152 2009 1192 nec
2052 1138 2162 1191 ulla
2193 1137 2433 1192 allicien-

851 1234 922 1287 tis
950 1231 1281 1286 contumelia
1332 1230 1595 1299 Spiritum
1647 1230 1889 1293 Domini,
1937 1246 2049 1285 suae
2092 1230 2305 1286 libidini
2338 1231 2435 1285 ob-

852 1324 1233 1392 temperando,
1289 1331 1453 1390 atque
1508 1323 1672 1391 hujus
1733 1322 1915 1376 saeculi
1979 1323 2433 1392 occupationibus

851 1426 948 1470 aut
1020 1417 1363 1479 honoribus,
1419 1425 1515 1469 aut
1574 1416 1977 1486 dignitatibus,
2038 1426 2135 1469 aut
2191 1418 2431 1485 propriis

850 1508 1227 1578 opinionibus,
1260 1517 1356 1561 aut
1383 1508 1698 1561 carnalibus
1744 1506 2147 1575 voluptatibus,
2197 1516 2292 1559 aut
2328 1508 2431 1560 im-

847 1600 1148 1666 proborum
1213 1599 1501 1652 hominum
1568 1597 1840 1652 sodalitiis
1909 1605 1967 1652 et
2014 1598 2261 1668 collegiis
2328 1598 2430 1651 ad-

847 1690 1126 1743 haerendo.

918 1776 1033 1833 XII.
1065 1780 1314 1834 Amabile
1342 1780 1490 1833 enim
1523 1786 1607 1832 est
1640 1778 1924 1847 quidpiam
1958 1777 2163 1839 anima,
2192 1792 2314 1845 quae
2344 1784 2426 1830 to-

2540 596 2687 666 αὺτῷ
2716 598 2862 667 μόνῳ
2890 598 3361 669 προσκαλλᾶσθαι,
3408 602 3593 665 καθὼς
3622 606 3871 675 εἴρηται·
3904 610 4140 677 Alum-

2536 687 2887 750 λωτίζοντες
2942 688 3067 741 πᾶν
3130 692 3327 758 νόημα
3378 694 3467 757 εὶς
3515 694 3632 760 τὴν
3682 698 3967 764 ὑπακοὴν
4022 703 4134 754 τοῦ

2537 778 2829 845 Χριστοῦ·
2860 779 3007 841 ὅπως
3042 780 3129 831 διά
3157 780 3251 832 τοῦ
3299 784 3539 837 τοιούτου
3591 786 3821 852 ἀγῶνος,
3887 791 3982 842 καὶ
4045 793 4137 845 πό-

2538 870 2782 931 θου,καὶ
2866 871 3148 941 ζητήσεως
3232 876 3260 926 ὁ
3334 876 3459 939 νοῦς
3513 880 3825 951 καταξιωθῇ
3873 883 4135 950 γενέσθαι

2542 961 2688 1031 μετά
2747 961 2841 1016 τοῦ
2901 964 3110 1032 Κυρίου
3175 967 3258 1028 ῑίς
3325 967 3383 1018 ἓν
3455 969 3673 1039 πνεῦμα
3738 974 3837 1043 τῆς
3912 974 4134 1045 δωρεᾶς

2535 1065 2630 1109 και
2685 1059 2907 1126 χάριτος
2973 1058 3069 1110 τοῦ
3117 1059 3379 1128 Χριστοῦ,
3424 1061 3886 1133 ἀναπαυσάμενος
3944 1068 4001 1119 ἐν
4048 1070 4132 1139 τῷ

2535 1150 2741 1217 ἀγγείῳ
2783 1149 2880 1217 τῆς
2934 1148 3135 1218 ψυχῆς,
3174 1154 3251 1214 είς
3294 1155 3402 1206 πᾶν
3465 1154 3626 1222 ἔργον
3678 1157 3885 1223 ἀγαθὸν
3918 1177 4129 1227 προευο

2534 1241 2940 1311 τρεπισαμένης
2975 1242 3168 1311 αὐτῆς,
3210 1245 3303 1298 καὶ
3337 1247 3437 1300 οὑκ
3476 1248 3870 1319 ἑνυὸριζούσης
3920 1250 3985 1303 τὸ
4028 1252 4127 1304 τοῦ

2535 1332 2741 1398 Κυρίου
2779 1322 3005 1401 Πνεῦμα
3061 1335 3118 1386 ὲν
3151 1338 3261 1398 τοῖς
3302 1338 3453 1402 ίδίοις
3508 1340 3806 1410 θελήμασι,
3864 1344 3961 1394 καὶ
4007 1344 4127 1405 τοῖς

2534 1422 2627 1473 τοῦ
2668 1422 2863 1483 αίῶνος
2896 1424 3087 1477 τούτου
3123 1428 3485 1498 ρεμὸασμοῖς,
3530 1432 3562 1502 ἢ
3614 1432 3879 1501 δόξαις,ὴ
3920 1436 4125 1504 ἀρχαῖς

2532 1513 3105 1583 ῆίδιογνωμοσύναις,
3150 1516 3181 1586 ἦ
3236 1519 3449 1587 ἡδοναῖς
3487 1524 3799 1591 σαρκικαῖς,
3854 1525 3953 1576 καλι
4010 1524 4125 1577 τῶν

2532 1602 2786 1673 πονηρῶν
2811 1604 3121 1676 ἀνθρώπων
3155 1608 3533 1679 συνδυασμοῖς,
3567 1614 3660 1664 καὶ
3692 1614 4023 1675 κοινωνίαις.

2603 1779 2703 1835 IB'.
2764 1780 3073 1853 Ἀγαπητὸν
3101 1782 3210 1852 γάρ
3253 1784 3349 1836 ἐὰν
3393 1784 3488 1853 ὅλη
3540 1786 3598 1852 ὲξ
3652 1788 3776 1841 ὅλου
3807 1790 4014 1861 ἑαυτὴν
4041 1791 4121 1862 τῷ

851 1882 901 1925 ta
927 1873 1153 1925 omnino
1199 1872 1434 1941 seipsam
1467 1870 1701 1924 Domino
1732 1884 2082 1931 consecrans,
2103 1868 2291 1936 illique
2325 1869 2425 1922 soli
2454 1852 2501 1909 Β
2534 1873 2536 1921 ῤ

2454 1852 2501 1909 Β
2534 1871 2722 1941 Κυρίῳ
2759 1852 3043 1937 ἀναθεῖσα,
3082 1874 3176 1927 καὶ
3214 1875 3364 1944 αὐτῷ
3418 1852 3565 1945 μόνῳ
3624 1852 4116 1951 προσκολλωμένη,

848 1964 1157 2027 ειᾱὴεετοηε,
1217 1965 1271 2016 in
1319 1964 1440 2033 ejus
1498 1961 1771 2014 mandatis
1834 1961 1953 2014 sine
1997 1960 2106 2014 ulla
2150 1960 2428 2014 oblivione

844 2056 1151 2120 ambulans,
1186 2065 1349 2125 atque
1377 2056 1646 2125 Spiritum
1672 2056 1896 2115 Christi
1932 2057 2337 2122 advenientem,
2373 2067 2429 2112 et

844 2149 1266 2203 obutnbrantem
1293 2158 1618 2203 reverenter
1648 2150 1927 2202 honorans
1962 2149 2126 2218 digna
2170 2150 2425 2213 habetur,

846 2251 908 2293 ut
954 2257 1077 2294 cum
1129 2242 1248 2310 ipso
1293 2257 1438 2294 unus
1489 2242 1739 2310 spiritus,
1795 2250 1851 2295 et
1912 2257 2022 2294 una
2081 2256 2260 2295 massa
2312 2242 2422 2294 liat.

847 2334 1001 2388 Sicut
1032 2333 1523 2402 inquitApostolus
1557 2350 1569 2385 ε
1600 2332 1701 2397 Qui
1732 2334 1963 2387 adhaeret
2009 2332 2252 2397 Domino,
2289 2351 2427 2386 unus

844 2424 1064 2491 spiritus
1099 2425 1237 2474 est’.
1290 2421 1343 2474 Si
1396 2436 1529 2473 vero
1567 2422 1691 2489 quis
1742 2422 1981 2490 scipsum
2044 2423 2223 2475 tradat
2257 2424 2426 2489 curis,

849 2527 943 2569 aut
970 2517 1175 2585 gloria,
1215 2524 1308 2568 aut
1342 2515 1728 2584 dignitatibus,
1772 2524 1868 2568 aut
1915 2516 2186 2569 honorum
2230 2516 2427 2570 huma-

849 2625 1044 2662 norum
1082 2623 1272 2662 curam
1304 2608 1523 2669 habeat,
1556 2616 1612 2660 et
1646 2607 1761 2660 haec
1792 2607 2035 2662 studiose
2073 2618 2319 2677 quaerat:
2350 2610 2427 2662 si-

848 2716 953 2768 que
986 2700 1166 2753 anima
1197 2700 1315 2769 ejus
1358 2698 1598 2753 terrenis
1622 2697 2050 2767 cogitationibus
2075 2700 2429 2753 commiscea-

846 2803 937 2845 tur
957 2802 1049 2844 aut
1072 2791 1463 2853 confundatur,
1495 2798 1590 2841 aut
1622 2789 1699 2842 rei
1726 2789 1891 2843 alicui
1923 2791 2087 2859 hujus
2120 2793 2306 2845 sazcnli
2330 2791 2429 2845 de-

844 2882 959 2934 dita
993 2883 1064 2935 sit
1091 2897 1154 2935 ac
1202 2882 1467 2934 obstricta
1513 2889 1788 2945 teneatur,
1821 2881 2206 2951 desideretque
2240 2883 2430 2950 hujus-

847 2973 994 3024 modi
1024 2973 1206 3025 anima
1236 2971 1532 3033 transilire,
1566 2970 1808 3039 effugere
1839 2980 2003 3038 atque
2042 2972 2316 3040 expellere
2346 2980 2427 3025 te-

845 3064 1048 3117 nebras
1072 3062 1451 3126 aﬂ‘ectionum,
1485 3062 1539 3115 in
1571 3062 1773 3131 quibus
1811 3063 2093 3115 detinetur
2124 3080 2151 3115 a
2194 3064 2429 3117 malitio-

845 3155 921 3208 sis
950 3154 1348 3223 potestatibus,
1384 3168 1491 3206 non
1522 3162 1739 3221 potest;
1764 3170 1831 3208 eo
1859 3154 2004 3222 quod
2038 3154 2229 3223 diligat
2258 3170 2322 3208 ac
2342 3155 2423 3209 fa-

2533 1965 2628 2015 καὶ
2660 1966 2781 2027 ταῖς
2810 1964 3051 2028 ἐντολαῖς
3074 1965 3241 2018 αὑτοῦ
3267 1967 3645 2037 ἀνεπιλήστως
3676 1970 4116 2040 ἐνδιατρίεῑουσα,

2532 2056 2624 2106 καὶ
2660 2056 2720 2107 τὸ
2771 2056 3132 2124 ἐπιφοιτῆσαν
3188 2059 3283 2110 καὶ
3353 2061 3681 2113 ὲπισκιάσαν
3727 2060 3821 2115 τοῦ
3870 2064 4117 2132 Χριστοῦ

2533 2146 2756 2215 Πνεῦμα
2784 2147 2952 2211 ἀξίως
3000 2150 3299 2220 τιμήσασα,
3333 2151 3641 2223 καταξιωθῇ
3685 2154 3802 2223 μετ’
3834 2154 4005 2207 αὐτοῦ
4037 2157 4119 2219 είς

2530 2240 2587 2291 ἒν
2623 2239 2837 2309 πνεῦμα
2873 2242 2968 2294 καὶ
3001 2242 3131 2310 μίαν
3179 2244 3377 2311 κρᾶσιν
3414 2244 3689 2311 γενέσθαι,
3732 2246 3915 2309 καθώς
3947 2262 4119 2317 φησιν

2530 2334 2557 2383 ὁ
2591 2331 2931 2394 Ἀπόστολοςο
2952 2334 3003 2384 '0
3022 2332 3407 2402 κολλώμενος
3444 2336 3523 2399 τῷ
3545 2338 3761 2405 Κυρίῳ,
3782 2337 3852 2390 ἐν
3873 2340 4117 2409 πνεῦμά

2530 2424 2723 2477 ἐστιν.
2767 2425 2895 2479 Ἑάν
2928 2424 2985 2477 δέ
3010 2442 3095 2488 τις
3127 2428 3268 2497 ἐκδῷ
3297 2428 3485 2481 ἑαυτὸν
3513 2431 3591 2492 είς
3624 2430 3918 2501 μέριμναν,
3963 2433 3997 2502 ἢ
4030 2433 4115 2485 δό-

2535 2509 2650 2575 ξαν,
2687 2511 2719 2581 ἢ
2756 2512 2956 2581 ἀρχὴν,
2992 2512 3024 2582 ἦ
3060 2515 3237 2583 τιμῶν
3276 2516 3634 2585 ἀνθρωπίνων
3668 2520 4113 2589 ἑπιμελήσηται.

2530 2604 2625 2656 καὶ
2653 2602 2825 2657 ταῦτα
2860 2607 3119 2677 ὲπιζητῇ,
3147 2608 3240 2660 καὶ
3271 2610 3327 2661 ὲν
3367 2610 3575 2678 γηϊνοις
3602 2610 3885 2681 λογισμοῖς
3910 2615 3943 2683 ὴ
3965 2613 4115 2683 ψυχὴ

2531 2696 2877 2767 ἀναφύρηται
2928 2700 3023 2751 καὶ
3078 2701 3398 2770 συγχὲηται,
3438 2702 3470 2773 ἢ
3507 2704 3563 2755 ἐν
3611 2721 3716 2756 τινι
3773 2705 3867 2758 τοῦ
3917 2706 4116 2771 αίῶνος

2537 2786 2729 2839 τούτου
2754 2788 2972 2855 δέδηται
3003 2790 3097 2841 καὶ
3122 2792 3481 2862 κεκράτηται,
3514 2796 3606 2846 καὶ
3639 2794 3779 2866 ποθῇ
3814 2798 3847 2866 ἠ
3885 2798 4114 2868 τοιαύτη

2532 2879 2679 2949 ψυχὴ
2710 2880 3043 2949 διαπερᾶσαι
3088 2883 3183 2934 καὶ
3226 2887 3436 2951 φυγεῖν,
3473 2886 3567 2939 καὶ
3597 2887 3851 2951 ἐξελάσαι
3882 2890 3943 2941 τὸ
3983 2890 4114 2941 σκό-

2530 2987 2623 3032 τος
2658 2970 2767 3022 τῶν
2795 2971 3005 3036 παθῶν,
3051 2973 3132 3033 είς
3156 2972 3184 3024 ὃ
3216 2976 3511 3044 κατέχεται
3563 2978 3667 3029 ὑπὸ
3691 2977 3799 3029 τῶν
3853 2980 4115 3047 πονηρῶν

2530 3060 2836 3127 δυνάμεων,
2892 3062 2953 3114 οὐ
3000 3062 3249 3131 δύναται,
3304 3066 3390 3119 διὰ
3429 3068 3489 3119 τὸ
3529 3070 3772 3139 ἀγαπᾷν,
3809 3071 3903 3122 καὶ
3936 3073 4115 3123 ποιεῖν

2531 3152 2589 3204 τὸ
2614 3153 2826 3223 θέλημα
2863 3156 2956 3209 τοῦ
3008 3159 3253 3221 σκότους,
3306 3158 3400 3209 καὶ
3448 3159 3670 3223 τελείως
3698 3160 3776 3230 μὴ
3811 3163 3992 3231 μισεῖν
4042 3162 4113 3213 τὰ

844 3246 953 3297 ciat
984 3245 1321 3298 voluntatem
1359 3244 1735 3309 tenebrarum,
1768 3260 1871 3300 nec
1890 3246 2111 3314 Capitali
2143 3246 2271 3300 odio
2296 3262 2419 3316 per-
2449 3206 2492 3265 Ο

1646 3260 1735 3309 im,
1768 3260 1871 3300 nec
1890 3246 2111 3314 Capitali
2143 3246 2271 3300 odio
2296 3262 2419 3316 per-
2449 3206 2492 3265 C
2528 3244 2941 3313 ἐπιτηδεύματα
2980 3250 3077 3317 τῆς
3111 3250 3331 3311 κακίας.

845 3346 1111 3405 sequatur
1135 3336 1317 3389 studia
1354 3336 1595 3389 malitiae.

914 3426 1057 3479 XIII.
1119 3427 1498 3495 Prazparemus
1566 3426 1733 3495 igitur
1790 3441 1892 3479 nos
1942 3426 2112 3495 ipsos,
2164 3437 2225 3482 ut
2272 3429 2421 3482 omni

845 3517 1283 3587 promptitudine
1319 3533 1381 3571 ac
1432 3526 1543 3570 tota
1594 3519 1879 3572 voluntate
1910 3520 1977 3572 ad
2010 3520 2299 3573 Dominum
2331 3536 2423 3574 ac-

844 3609 1123 3671 cedamus,
1156 3618 1211 3663 et
1244 3608 1447 3663 Christi
1493 3609 1843 3663 aﬂ‘cctatores
1901 3610 2120 3673 ﬁamus,
2158 3611 2225 3664 ad
2260 3612 2424 3680 perli-

843 3700 1096 3752 ciendam
1122 3700 1466 3753 voluntatem
1511 3701 1631 3769 ejus
1656 3717 1669 3765 ;
1698 3710 1755 3753 et
1780 3700 2138 3755 recordemur
2174 3704 2420 3756 omnium

844 3790 1229 3843 mandatorum
1258 3790 1400 3858 ejus,
1448 3790 1640 3845 eadem
1681 3798 1741 3843 ut
1773 3790 2038 3845 faciamus
2065 3808 2079 3855 ;
2109 3800 2275 3860 atque
2321 3806 2423 3846 nos

842 3883 991 3951 ipsos
1018 3882 1238 3950 penitus
1261 3897 1289 3935 a
1321 3882 1619 3936 dilectione
1654 3881 1845 3934 mundi
1871 3892 2187 3951 separantes
2218 3882 2271 3935 in
2293 3898 2420 3936 eum

841 3974 1021 4027 solum
1052 3975 1265 4027 animas
1293 3983 1509 4027 nostras
1534 3981 1833 4037 vertamus,
1857 3984 1907 4026 et
1937 3973 2205 4038 studium,
2230 3988 2420 4027 curam

840 4081 905 4118 ac
944 4064 1421 4133 investigationem
1456 4066 1574 4134 ejus
1598 4065 1771 4118 solius
1800 4065 1853 4118 in
1883 4074 2063 4119 mente
2098 4066 2417 4121 habeamus.

841 4157 1312 4226 Etlicetpmpter
1356 4172 1558 4225 corpus
1591 4157 1966 4211 observationi
2012 4157 2416 4222 mandatorum,

839 4258 897 4303 et
924 4248 1192 4317 obsequio
1238 4248 1427 4302 divino
1467 4249 1651 4302 minus
1681 4248 1978 4318 diligenter
2018 4250 2416 4315 vacaverimus,

842 4356 997 4395 mens
1031 4349 1211 4393 tamen
1243 4356 1271 4393 a
1311 4340 1607 4393 dilectione
1658 4340 1899 4402 Domini,
1945 4351 2002 4396 et
2047 4340 2415 4409 indagatione,

840 4448 903 4485 ac
945 4431 1224 4485 desiderio
1267 4432 1386 4499 ejus
1436 4446 1545 4483 non
1596 4439 1875 4483 avertatur
1920 4448 1933 4483 :
1985 4438 2041 4483 at
2099 4429 2414 4499 huiusmodi

2600 3419 2695 3474 II".
2757 3419 3169 3491 Ἑτοιμάσωμεν
3213 3418 3305 3477 οὖν
3359 3426 3585 3489 ἑαυτοὺς
3622 3426 3716 3497 ὅλη
3768 3429 4110 3498 προαιρέσει,

2527 3509 2620 3560 καὶ
2656 3510 2761 3580 ὅλῳ
2812 3512 3079 3581 θελήματι
3140 3515 3277 3585 πρὸς
3334 3516 3540 3587 Κύριον
3589 3520 3943 3587 πορεύεσθαι,
4015 3523 4110 3573 καὶ

2528 3602 2764 3671 Χριστοῦ
2828 3603 3111 3655 ἀκόλουθοι
3161 3604 3429 3670 γίνεσθαι,
3467 3608 3546 3669 είς
3578 3608 3638 3658 τὸ
3696 3609 3761 3661 τά
3825 3610 4110 3680 θελήματα

2524 3694 2689 3745 αὐτοῦ
2722 3694 3008 3759 ἐπιτελεῖν,
3042 3698 3139 3749 καὶ
3164 3697 3478 3766 μεμνῆσθαι
3524 3701 3715 3753 πασῶν
3744 3702 3852 3753 τῶν
3876 3706 4109 3756 ἐντολῶν

2524 3786 2689 3839 αὐτοῦ
2730 3786 2823 3839 τοῦ
2870 3787 3097 3855 ποιῆσαι
3154 3790 3344 3851 αὑτάς,
3398 3792 3493 3843 καὶ
3532 3792 3687 3855 ὅλους
3738 3796 3965 3857 ἑαυτοὺς
4000 3799 4108 3850 ἀπὸ

2524 3879 2623 3947 τῆς
2653 3879 2875 3947 ἀγάπης
2931 3880 3025 3932 τοῦ
3090 3882 3295 3950 κόσμου
3346 3885 3705 3954 χωρίσαντες.
3761 3888 3911 3957 αὐτῷ
3960 3889 4107 3959 μόνῳ

2524 3968 2622 4031 τὰς
2650 3970 2857 4022 ἑαυτῶν
2891 3970 3069 4040 ψυχὰς
3110 3973 3535 4044 ἀναρτήσωμεν,
3582 3978 3677 4028 καὶ
3706 3978 3806 4047 τὴν
3848 3980 4105 4049 ἀσχολίαν

2523 4060 2618 4114 καὶ
2661 4062 2932 4132 μέριμναν
2959 4064 3052 4115 καὶ
3087 4063 3318 4134 ζήτησιν
3357 4066 3525 4120 αὑτοῦ
3569 4070 3736 4136 μόνου
3769 4072 3826 4123 ὲν
3851 4072 3927 4143 νῷ
3968 4073 4106 4141 ἐχω-

2526 4170 2643 4221 μεν.
2678 4154 2739 4205 Εἰ
2778 4154 2831 4206 δὲ
2864 4156 2958 4206 καὶ
2987 4156 3075 4208 διὰ
3102 4156 3192 4208 τοῦ
3224 4156 3497 4226 σώματος,
3539 4162 3620 4222 εἱς
3664 4162 3922 4231 ἀσχολίαν
3957 4168 4106 4217 ἐντο-

2522 4243 2646 4303 λῶν,
2694 4246 2789 4296 καὶ
2832 4245 2917 4297 διὰ
2956 4245 3087 4299 Θεὸν
3129 4247 3397 4317 ὑπακοὴν,
3438 4249 3619 4318 ὀλίγον
3669 4253 4099 4324 ἀσχοληθῶμεν,

2520 4338 2547 4387 ὁ
2579 4335 2700 4398 νοῦς
2725 4338 2824 4406 τῆς
2848 4337 2984 4407 πρὸς
3032 4338 3236 4409 Κύριον
3293 4342 3515 4409 ἀγάπης
3546 4342 3639 4393 καὶ
3680 4342 3962 4412 ζητήσεως
4009 4348 4103 4399 καὶ⁵

2521 4425 2686 4478 πόθου
2719 4426 2792 4497 μὴ
2839 4428 3155 4498 χωριζέσθω
3182 4447 3193 4460 ·
3229 4432 3378 4495 ὅπως
3434 4433 3661 4503 τοιούτῳ
3714 4434 3793 4486 νοῒ
3836 4438 4103 4503 ἀγωνιζό-

840 4531 1025 4576 mente
1062 4521 1434 4585 decertantes,
1466 4535 1532 4574 ac
1585 4528 1739 4574 recto
1790 4535 1954 4574 scnso
2001 4520 2145 4573 viam
2190 4519 2419 4590 iustitia:
2450 4536 2494 4592 υ

2417 4546 2419 4567 ;
2450 4536 2494 4592 D
2526 4536 2698 4586 μενοι,
2724 4522 2819 4573 καὶ⁵
2838 4520 2985 4592 ὀρθῷ
3014 4523 3323 4593 φρονήματι
3349 4524 3447 4593 τὴν
3471 4525 3588 4577 ὁδὸν
3618 4526 3714 4595 τῆς
3753 4526 4102 4599 δικαιοσύνης

840 4615 1175 4677 incedentes,
1209 4628 1533 4682 semperque
1566 4612 1728 4666 nobis
1751 4611 1851 4679 ipsi
1884 4611 2253 4675 attendentes,
2280 4626 2414 4665 con-

838 4723 1134 4776 sequamur
1180 4706 1601 4774 promissionem
1652 4704 1890 4772 Spiritus
1939 4704 2077 4772 ejus,
2115 4713 2171 4758 et
2210 4704 2413 4757 libere-

839 4815 962 4851 mur
1022 4814 1119 4866 per
1156 4797 1383 4865 gratiam
1424 4796 1491 4849 ab
1536 4796 1763 4848 interitu
1807 4794 2224 4847 tenebrosarum
2283 4794 2414 4847 atie-

837 4890 1107 4950 ctionunt,
1144 4903 1173 4940 a
1196 4888 1397 4956 quibus
1428 4886 1608 4938 anima
1644 4885 1903 4954 aliligitur
1932 4903 1944 4949 ;
1976 4885 2080 4953 37
2123 4900 2231 4953 quo
2259 4884 2409 4954 digni

836 4992 1045 5035 αξιοι·ηο
1077 4995 1245 5048 regno
1290 4978 1611 5040 evadamus,
1650 4986 1705 5030 et
1749 4976 1853 5029 frui
1895 4975 2117 5029 Christo
2162 4992 2257 5044 per
2289 4991 2411 5028 om-

836 5072 928 5123 nia
958 5070 1153 5123 szecula
1197 5068 1345 5137 digni
1394 5067 1715 5129 habeantur,
1754 5064 2127 5135 gloriﬁcantes
2172 5065 2413 5127 Patrem,

834 5171 889 5214 ct
917 5161 1133 5225 Filium,
1158 5170 1213 5213 et
1243 5158 1507 5227 Spiritum
1542 5166 1791 5211 sanctum
1823 5172 1920 5225 per
1972 5156 2157 5210 omnia
2190 5155 2411 5209 sazcula.

835 5258 1029 5307 Amen.

1426 5342 1707 5395 IIOMILIA
1736 5340 1801 5393 Χ.

832 5436 1145 5492 Humilitate
1176 5444 1221 5488 et
1260 5435 1539 5489 alacritate
1584 5438 1876 5487 retinentur
1907 5443 1952 5486 et
1979 5444 2243 5504 augentur
2267 5433 2408 5485 dona

898 5510 1086 5628 gratia:
1139 5506 1376 5559 dictum:
1419 5506 1645 5558 elatione
1698 5515 1875 5558 autem
1929 5514 1976 5556 et
2022 5505 2233 5573 ignavia
2287 5520 2407 5571 per-

938 5586 1115 5628 untur.

938 5594 1115 5629 untur.

900 5668 937 5721 I.
956 5667 1164 5721 Animae
1183 5666 1431 5720 veritatis
1445 5681 1505 5719 ac
1532 5665 1625 5719 Dei
1642 5674 2045 5734 amantes,qua:
2068 5665 2225 5735 plene
2244 5663 2403 5719 Chri-

903 5808 985 5862 ’Π
1018 5808 1142 5861 Cor.
1188 5826 1235 5863 κ.
1267 5810 1313 5860 εἰ.
1396 5810 1413 5838 ¹
1448 5809 1618 5863 lCor.
1653 5826 1723 5874 γι,
1758 5810 1840 5861 l7.

2520 4609 2868 4677 διοδεύοντες,
2938 4613 3031 4665 καὶ
3114 4614 3345 4667 πάντοτε
3419 4616 3637 4678 ἑαυτοῖς
3718 4620 4098 4689 προσέχοντες,

2520 4701 2868 4771 ὲπιτύχωμεν
2899 4706 2996 4771 τῆς
3028 4705 3363 4771 ἐπαγγελίας
3409 4704 3504 4757 τοῦ
3546 4706 3867 4776 Πνεύματος
3908 4711 4099 4778 αὑτοῦ,

2520 4794 2614 4845 καὶ
2656 4793 3024 4864 λυτρωθῶμεν
3054 4794 3141 4846 διά
3172 4795 3272 4864 τῆς
3306 4796 3531 4865 χάριτος
3574 4798 3639 4849 ὲκ
3663 4799 3761 4867 τῆς
3814 4800 4099 4867 ἀπωλείας

2516 4884 2612 4937 τοῦ
2645 4886 2866 4948 σκότους
2896 4886 3003 4938 τῶν
3033 4887 3243 4949 παθῶν,
3290 4888 3378 4956 ὑφ’
3414 4880 3488 4943 ῶν
3522 4892 3553 4958 ή
3584 4889 3730 4960 ψυχὴ
3768 4894 4094 4961 ἐνεργεῖται,

2519 4978 2604 5029 ἵνα
2628 4978 2727 5047 τῆς
2752 4978 2969 5030 αἰωνίου
3004 4978 3281 5047 βασιλείας
3306 4978 3445 5043 ἄξιοι
3477 4981 3783 5050 γενώμεθα,
3828 4986 3920 5034 καὶ
3968 5003 4092 5037 συν-

2508 5068 2820 5122 απολαῦσαι
2900 5070 3125 5140 Χριστῷ
3173 5071 3329 5132 ὅλους
3378 5071 3580 5134 αἰῶνας
3642 5074 4089 5146 καταξιωθῶμεν,

2503 5156 2823 5221 δοξάζοντες
2859 5160 3079 5230 Πατέρα
3131 5162 3224 5213 καὶ
3256 5161 3384 5213 Υίδν
3416 5162 3509 5215 καὶ
3540 5162 3695 5227 ἅγιον
3725 5164 3973 5235 Πνεῦμα,
4014 5171 4089 5231 είς

2501 5252 2627 5313 τοὺς
2652 5250 2874 5316 αἰῶνας.
2922 5252 3115 5325 Ἀμήν.

3121 5348 3365 5401 ΟΜΙΛῙΑ
3405 5350 3462 5403 I'.

2520 5436 3047 5507 Ταπεινοςρροονύνῃ
3104 5439 3201 5490 καί
3252 5440 3551 5507 προθυμίᾳ
3595 5438 3943 5504 διασώζεται
3992 5444 4085 5496 καὶ

2580 5506 2833 5579 αὔξεται
2867 5508 2937 5559 τὰ
2986 5506 3145 5579 δῶρα
3188 5507 3297 5574 τῆς
3338 5506 3500 5575 θείας
3533 5510 3805 5578 χάριτος·
3834 5510 4085 5579 ἐπάροει

2578 5574 2646 5626 δὲ
2675 5576 2771 5627 καὶ
2804 5577 3059 5644 ῥᾳθυμίᾳ
3080 5579 3200 5630 ἀπό
3214 5582 3440 5631 ιλυται.

2578 5668 2652 5719 A'.
2687 5666 2751 5717 Δί
2792 5667 3103 5739 φιλαλήθως
3132 5673 3223 5722 καὶ
3257 5671 3493 5739 φιλόθεοι
3545 5672 3737 5743 ψυχαὶ,
3776 5676 3832 5728 αἱ
3864 5677 4084 5742 τελείως
