4266 6356
152 357 256 423 541

1403 351 1767 417 ΗΟΜΙΗΙΒ.
1787 375 1860 391 ·-·
1882 354 2066 417 HOM.
2108 355 2181 417 Χ.

3292 358 3398 423 5ίὲ

151 471 248 525 τὸν
284 469 528 541 Χριστὸν
560 469 885 525 ινδύσασθαι
926 469 987 524 ιν
1014 467 1183 541 πολλῇ
1210 465 1387 522 nam
1421 466 1520 521 καὶ
1540 465 1736 520 ¹⁴ιιίστει
1761 468 1811 526 Δ

1719 482 1736 517 ι
1761 468 1811 526 Δ
1842 474 1990 525 stum
2015 468 2247 525 induere
2295 468 2354 525 in
2408 470 2581 526 multa
2633 483 2733 539 spe
2792 474 2849 524 et
2907 466 3014 522 ﬁde
3064 465 3400 524 desiderant;

148 556 538 622 ἑπιποθοῦσαι,
614 557 719 629 τῆς
792 558 926 628 παρ’
1006 557 1213 628 ἑτέρων
1266 544 1629 626 ὑπομνήσεως
1664 552 1727 606 οὐ

147 645 410 699 τοσοῦτον
438 644 754 715 χρῄζουσιν,
791 643 917 699 οὔτε
956 643 1053 698 τοῦ
1094 640 1350 714 οὐρανίου
1395 640 1589 705 πόθου,
1631 638 1729 694 καὶ

144 735 243 789 τοῦ
288 736 425 807 πρὸς
449 735 657 806 Κύριον
698 736 925 805 ἔρωτος,
976 736 1084 789 κᾶν
1118 734 1214 788 επὶ
1264 733 1430 787 πόσον
1475 730 1728 787 ιλαττοῦ-

146 824 279 878 σθαι
310 824 681 894 ὑπομίνωσιν,
720 822 839 878 ἀλλ’
859 824 995 877 δλαι
1016 822 1078 887 ἐξ
1123 822 1246 880 δλου
1275 820 1355 892 τῷ
1384 818 1601 891 σταυρῷ
1632 816 1726 872 τοῦ

144 913 385 985 Χριστοῦ
417 913 865 987 προσηλωμίναι,
888 915 1025 984 πρὸς
1058 913 1149 967 τὸν
1181 910 1552 983 πνευματικὸν
1585 925 1726 978 νυμ-

144 1007 293 1075 φίον,
340 1005 613 1077 δσημιραι
649 1004 1029 1076 πνευματικῆς
1084 1003 1366 1074 προκοπῆς
1409 1003 1470 1055 ιν
1504 1001 1726 1061 ἑαυταῖς

142 1102 401 1173 αίσθησιν
426 1100 873 1171 ιπιγινώσκουσι.
897 1097 1253 1171 Τετρωμίναι
1287 1094 1346 1149 δι
1382 1092 1463 1164 τῷ
1489 1089 1726 1163 οὐρανίῳ

144 1194 301 1264 πόθῳ
332 1194 427 1247 καὶ
455 1194 807 1247 ὶκπεινοῦσαι
828 1191 956 1262 περὶ
981 1185 1441 1261 τὴνδικαιοσύνην
1453 1183 1561 1238 τῶν
1598 1183 1727 1253 άρε-

145 1284 281 1351 τῶν,
301 1283 401 1353 τὴν
424 1283 695 1353 ίκλαμψιν
713 1283 806 1337 τοῦ
828 1281 1139 1352 πνεύματος
1173 1280 1231 1332 ιν
1254 1274 1522 1346 ἔπιθυμίᾳ
1551 1273 1721 1342 πολλῇ

146 1377 243 1429 καὶ.
264 1375 547 1445 άκορέστῳ
578 1373 813 1444 ιχουσιν.
843 1373 976 1427 Είδὶ
992 1372 1086 1426 καὶ
1106 1370 1264 1425 θείων
1295 1366 1609 1439 μυστηρίων
1634 1364 1723 1418 διά

144 1467 248 1537 τῆς
290 1466 529 1530 πίστεως
580 1464 764 1519 αὐτῶν
825 1464 1123 1533 ιπίγνωσιν
1176 1462 1365 1514 λαϐεῖν
1418 1458 1720 1524 ἀξιοῦνται,

148 1558 264 1611 είτε
312 1558 413 1611 καὶ
472 1555 814 1627 εὐφροσύνης
871 1553 1197 1627 ἐπουρανίου
1229 1552 1452 1623 χάριτος
1504 1550 1722 1620 μέτοχοι

147 1651 455 1719 γίγνονται,
502 1649 566 1701 ού
600 1646 926 1701 πεποίθασιν
978 1648 1037 1699 ιν
1064 1646 1283 1706 ἑαυταῖς
1312 1643 1558 1712 οίόμεναι
1582 1639 1722 1694 εῐναί

1838 560 2076 617 aliorum
2118 561 2498 616 admonitione
2541 577 2652 617 non
2683 568 2969 629 tantopere
2999 548 3264 629 indigent,
3294 573 3401 614 nee

1825 653 1993 707 etiam
2015 651 2295 707 desiderio
2342 651 2573 716 curJesti,
2615 666 2718 705 nec
2766 650 2981 704 Domini
3021 663 3245 711 amore;
3271 648 3401 702 licet

1824 741 2171 811 aliquatenus
2196 756 2321 795 eum
2345 740 2597 795 imminui
2626 740 2901 809 patienter
2921 738 3125 803 ferant;
3158 738 3251 792 sed
3272 746 3400 792 tota:

1825 832 2048 901 penitus
2078 834 2230 888 cruci
2276 832 2483 888 Christi
2532 832 2723 895 anim,
2773 830 3021 900 quotidie
3051 828 3397 898 spirituaiem

1824 923 2131 993 profectum
2179 939 2309 995 erga
2364 938 2630 994 sponsum
2681 922 3027 993 spiritualcm
3080 922 3137 975 in
3190 920 3397 989 seipsis

1824 1015 2157 1085 percipiunt.
2190 1015 2502 1070 Vulnerata:
2529 1022 2715 1069 autem
2747 1028 2875 1067 cum
2922 1012 3034 1068 sint
3060 1011 3269 1067 caelesti
3300 1010 3391 1064 de--

1823 1108 2049 1173 siderio,
2079 1116 2134 1161 et
2156 1108 2423 1178 justitiam
2464 1105 2732 1161 virtutum
2771 1104 3041 1166 esuriant,
3076 1101 3398 1156 illustratio-

1827 1217 1951 1255 nem
1999 1200 2231 1269 spiritus
2259 1215 2473 1254 summo
2539 1212 2605 1253 ac
2652 1195 2949 1251 insatiabili
2995 1193 3270 1248 desiderio
3296 1207 3396 1247 ex-

1823 1300 2093 1363 spectant.
2118 1292 2185 1346 Et
2212 1292 2343 1345 licet
2364 1290 2677 1345 divinorum
2699 1286 3081 1358 mysteriorum
3109 1299 3205 1354 per
3233 1284 3396 1338 [idem

1823 1399 1979 1439 suam
2012 1382 2398 1453 cognitionem
2427 1379 2692 1449 consequi
2722 1379 2903 1448 dignae
2942 1376 3270 1440 habeantur,
3300 1383 3399 1428 aut

1824 1473 2027 1528 latitia
2069 1472 2257 1543 gratiae
2306 1471 2546 1527 caelestis
2577 1469 2872 1539 participes
2898 1466 3063 1531 ﬁant;
3091 1482 3201 1520 non
3226 1464 3397 1520 conli-

1823 1565 1963 1621 dunt
1989 1574 2169 1620 tamen
2198 1564 2305 1619 sibi
2330 1564 2480 1633 ipsa,
2510 1562 2889 1619 existimantes
2911 1577 2970 1616 se
2999 1561 3208 1630 aliquid
3230 1574 3351 1613 esse
3375 1574 3391 1611 :

1822 1656 1919 1712 sed
1949 1667 2154 1726 quanto
2183 1656 2357 1726 magis
2386 1655 2768 1723 spiritualibus
2812 1653 2972 1707 donis
3016 1652 3194 1722 dignae
3225 1666 3395 1718 repu-

146 1757 225 1805 τι,
260 1737 380 1791 ἀλλ’
420 1739 546 1791 ὅσον
575 1735 966 1807 πνευματικῶν
1006 1734 1361 1808 χαρισμάτων
1382 1730 1719 1797 ,καταξιοῦν-
1750 1810 1788 1816 _
1825 1757 1831 1799 ι

1709 1758 1719 1771 ’
1750 1810 1788 1816 _
1825 1754 2032 1812 tantur,
2061 1754 2212 1801 tanto
2258 1746 2430 1816 magis
2456 1761 2520 1799 ac
2550 1745 2873 1815 diligentius
2900 1742 3191 1798 insatiabili
3216 1740 3394 1795 avidi-

147 1847 263 1894 ται,
296 1827 556 1883 τοσοῦτον
589 1827 792 1899 μᾶλλον
822 1824 1134 1896 ἀκορίστως
1170 1822 1394 1893 ιχουσαι
1422 1819 1518 1873 τοῦ
1553 1822 1719 1891 οὐρα-ι
1750 1810 1832 1890 Β,

1709 1847 1719 1866 ’
1750 1810 1799 1867 Β
1823 1845 1934 1892 tate
1964 1837 2207 1893 caelestis
2222 1810 2481 1891 desiderii
2507 1810 2745 1890 detenta:
2768 1834 3083 1904 inquirunt:
3108 1844 3165 1887 et
3186 1838 3394 1900 quanto

149 1922 264 1975 νίου
290 1921 482 1987 πόθου,
508 1921 763 1992 ίμπόνως
781 1917 1117 1989 ιπιζητοῦσι·
1135 1917 1230 1970 καὶ
1250 1917 1374 1969 ὅσον
1385 1915 1451 1969 ἂν
1473 1929 1709 1983 πνευμαο

148 2014 311 2083 τικῆς
340 2011 624 2083 προκοπῆς
651 2012 710 2065 tv
742 2011 961 2073 ἑαυταῖς
1006 2008 1260 2080 αίσθησιν
1274 2005 1502 2071 λάδωσι,
1529 2001 1721 2057 τοσοῦ·

150 2118 243 2156 τον
279 2101 485 2172 μᾶλλον
513 2100 572 2154 εν
603 2100 767 2170 πείνῃ
786 2098 885 2153 καὶ
917 2096 1046 2169 δίψῃ
1069 2098 1150 2159 είς
1176 2094 1275 2167 τὴν
1308 2092 1607 2166 μετάληψιν
1630 2091 1724 2145 καὶ

150 2193 389 2264 αὔξησιν
422 2192 522 2264 τῆς
548 2190 771 2262 χάριτος
805 2190 1110 2260 ὑπάρχουσι
1138 2203 1155 2219 ·
1198 2186 1295 2240 καὶ
1323 2186 1435 2257 ὅσῳ
1473 2201 1723 2255 πνευμα-

148 2284 325 2347 τικῶς
383 2282 704 2346 πλουτοῦσι,
752 2279 993 2351 τοσούτῳ
1034 2278 1256 2350 μᾶλλον,
1305 2276 1383 2341 ὡς
1428 2273 1723 2347 πενόμεναί

150 2381 260 2431 eiet
294 2376 429 2447 παρ’
447 2376 689 2439 ἑαυταῖς,
719 2372 1033 2444 ἀκορίστως
1062 2370 1283 2442 ῑχουσαι
1320 2368 1724 2441 τῷπνευματι-

151 2468 234 2539 κῷ
262 2468 421 2537 πόθῳ
476 2466 614 2536 πρὸς
651 2464 744 2518 τδν
790 2462 1042 2535 οὐράνιον
1065 2461 1316 2530 Νυμφίον
1336 2475 1351 2490 ⁸
1389 2459 1466 2523 ὥς
1494 2474 1659 2529 φησιν
1687 2454 1722 2528 ἠ

151 2560 345 2630 Γραφή
368 2574 384 2589 ο
417 2560 482 2613 Oi
514 2554 840 2626 τρώγοντές
876 2569 954 2624 με
978 2555 1066 2607 ἔτι
1090 2549 1477 2617 πεινάσουσι,
1510 2547 1625 2608 ,καί
1670 2550 1726 2607 οι

150 2648 435 2715 πίνοντές
454 2665 530 2718 με
556 2649 646 2702 δτι
666 2645 1060 2715 διψήσουσιν.

221 2741 299 2795 B'.
334 2708 677 2795 Δί’·ιοιαῦται
700 2708 895 2809 quin,
926 2738 985 2791 αί
1016 2734 1278 2807 ίμπύρως
1297 2733 1395 2788 καὶ
1415 2708 1750 2803 ακορίστωςρ

150 2833 253 2906 τὴν
279 2833 504 2901 ἀγάπην
532 2832 669 2903 πρὸς
699 2830 904 2902 Κύριον
924 2829 1168 2900 ιχουσαι,
1190 2827 1341 2893 ἄξιαι
1374 2827 1479 2897 τῆς
1508 2825 1728 2880 αίωνίου

153 2925 301 2994 ζωῆς
332 2924 661 2993 τυγχάνουσι
686 2936 700 2950 ·
751 2921 833 2974 διδ
875 2920 973 2975 καὶ
1005 2920 1116 2973 τῶν
1154 2918 1345 2973 παθῶν
1387 2918 1486 2988 τῆς
1522 2916 1727 2972 ἀπολυ-

151 3015 409 3087 τρώσεως
429 3012 838 3080 καταξιοῦνται,
870 3012 966 3065 καὶ
985 3010 1081 3065 τοῦ
1102 3009 1259 3079 ἁγίου
1288 3008 1600 3079 Πνεύματος
1625 3004 1723 3060 τοῦ

149 3107 394 3177 ἀρρήτου
452 3104 549 3158 καὶ
602 3106 875 3174 μυστικῆς
935 3101 1249 3165 κοινωνίας,
1286 3102 1346 3153 ιν
1396 3099 1724 3170 πληρώματι
1754 3128 1798 3188 c

149 3200 399 3267 χάριτος,
416 3195 688 3266 ἔκλαμψιν
708 3195 807 3248 καὶ
832 3192 1123 3265 μετουσίαν
1143 3190 1366 3253 τελείως
1388 3189 1723 3260 κομίζονται.

152 3291 324 3342 Ὅσαι
355 3288 414 3341 δὲ
452 3288 706 3357 ἄνανδροι
749 3289 848 3341 καὶ
882 3284 1072 3355 χαῦνοι
1103 3282 1292 3353 ψυχαὶ,
1348 3281 1423 3352 μὴ
1470 3279 1727 3350 ζητοῦσαι

152 3376 510 3443 ἀπεντεῦθεν,
541 3377 617 3439 ὡς
639 3375 719 3429 ετι
750 3378 809 3430 ἐν
852 3375 1015 3445 σαρκὶ
1045 3373 1392 3442 τυγχάνουσι,
1446 3370 1536 3424 τὸν
1567 3371 1729 3437 ἁγια-

154 3469 291 3538 σμδν
325 3468 425 3537 τῆς
452 3466 681 3538 καρδίας
726 3467 825 3519 ούκ
853 3466 919 3517 ἐκ
950 3464 1173 3535 μέρους,
1200 3461 1339 3515 ἀλλὰ
1374 3460 1617 3523 τελείως,
1659 3458 1726 3511 δι’

152 3560 439 3630 ύπονομῆς
463 3560 559 3611 καὶ
588 3556 969 3628 μακροθυμίας
990 3554 1267 3622 δέξασθαι,
1293 3554 1389 3607 καὶ
1406 3552 1727 3622 κοινωνῆσαι

152 3651 236 3725 τιῖι
262 3650 602 3721 παρακλήτῳ
634 3648 911 3718 Πνεύματι
958 3649 1020 3701 ιν
1049 3646 1345 3717 τελειότητι
1386 3644 1525 3715 μετὰ
1548 3645 1729 3713 πάσης

156 3744 466 3813 αἰσθήσεως
517 3741 611 3794 καὶ
646 3740 1018 3811 πληροφορίας
1058 3738 1133 3809 μὴ
1162 3735 1473 3801 ὲλπίσασαι,
1503 3733 1728 3788 καὶτῶν

155 3833 346 3888 παθῶν
370 3834 470 3902 τῆς
513 3830 712 3893 κακίας
750 3829 1090 3901 λυτρωθῆναι
1132 3829 1220 3882 διά
1261 3826 1356 3880 τοῦ
1401 3824 1728 3894 Πνεύματος

158 3926 235 3997 μὴ
270 3920 719 3992 ὲκδεξάμεναι,ῆ
762 3922 925 3975 πάλιν
975 3919 1199 3990 χάριτος
1252 3918 1403 3981 θείας
1452 3915 1724 3981 καταξιω-

156 4019 336 4071 θεῖσαι
373 4016 453 4078 είς
483 4014 819 4088 ἀμεριμνίαν
840 4014 960 4068 τινὰ
994 4015 1089 4068 καὶ
1120 4013 1325 4078 ἄνεσιν,
1367 4011 1472 4064 ὑπὸ
1503 4010 1602 4081 τῆς
1628 4026 1726 4062 καο

157 4108 285 4172 κίας
318 4105 704 4175 κλεπτόμεναι,
734 4105 935 4168 ἑαυτὰς
965 4104 1255 4169 ίξέδωκαν.

228 4196 306 4251 1".
347 4196 434 4258 ὀς
481 4195 563 4248 ὅτι
608 4192 873 4246 λαϐοῦσαι
901 4192 1001 4262 τὴν
1039 4193 1200 4263 χάριν
1245 4187 1339 4244 τοῦ
1386 4186 1726 4259 Πνεύματος,

161 4290 257 4342 καὶ
284 4287 503 4358 ἔχουσαι
548 4284 897 4355 παράκλησιν
924 4283 1025 4351 τῆς
1052 4283 1276 4352 χάριτος
1305 4283 1362 4334 ὲν
1399 4279 1724 4343 ἀναπαύσει,

160 4378 258 4431 καὶ
292 4376 465 4445 πόθῳ,
496 4376 591 4428 καὶ
608 4373 905 4444 γλυκύτητι
935 4374 1301 4442 πνευματικῇ,
1325 4372 1418 4424 καὶ
1443 4370 1535 4423 ἐπὶ
1558 4369 1729 4437 τούτῳ

1822 1930 1994 2000 magis
2017 1928 2358 1999 spiritualem
2392 1928 2702 1998 profectum
2739 1928 2794 1980 in
2819 1942 2879 1981 se
2922 1925 3219 1989 senserint,
3240 1932 3395 1977 tanto

1829 2020 2004 2090 magis
2030 2019 2285 2075 esuriunt
2326 2034 2392 2073 ac
2456 2019 2655 2073 sitiunt
2697 2014 3168 2086 participationem
3208 2019 3263 2066 et
3291 2026 3395 2063 au-

1822 2119 2102 2181 gmentum
2154 2110 2339 2180 gratia:
2366 2118 2456 2163 :et
2505 2115 2710 2177 quanto
2764 2104 3126 2175 spiritualiter
3164 2102 3395 2156 ditiores

1824 2210 1975 2265 sunt,
2004 2209 2158 2256 tanto
2196 2200 2553 2270 pauperiores
2605 2199 2751 2269 apud
2799 2212 2857 2252 se
2889 2204 3039 2260 sunt,
3098 2192 3393 2248 insatiabili

1823 2294 2097 2350 desiderio
2124 2293 2394 2363 spirituaii
2410 2307 2537 2363 erga
2552 2292 2830 2346 cmlestem
2857 2288 3128 2358 Sponsum
3153 2286 3387 2355 ﬂagran~

1825 2395 1909 2441 tes
1939 2403 1953 2440 :
1988 2392 2050 2440 ut
2077 2385 2257 2454 inquit
2280 2384 2563 2453 Scriptura
2594 2400 2608 2435 :
2637 2380 2739 2446 Qui
2764 2381 2926 2433 edunt
2956 2394 3059 2443 me,
3084 2377 3253 2430 adhuc
3272 2392 3394 2429 esu-

1823 2479 1985 2542 rictu,
2012 2484 2060 2531 et
2092 2477 2183 2548 qui
2214 2475 2392 2530 bibunt
2416 2489 2517 2539 me,
2547 2473 2716 2526 adhuc
2737 2474 2913 2527 sitiant
2934 2471 2954 2504 ⁸

1898 2750 1968 2806 ll.
2007 2747 2335 2819 Huiusmodi
2383 2747 2598 2811 animm,
2625 2759 2747 2815 qua:
2773 2751 2881 2798 tam
2922 2740 3138 2796 ardenti
3163 2746 3220 2794 et
3244 2738 3394 2792 insa-

1828 2840 2003 2895 tiahili
2030 2853 2213 2894 amore
2232 2837 2522 2892 Dominum
2564 2838 2993 2904 prosequuntur,
3024 2829 3203 2899 dignm
3265 2832 3397 2880 sunt

1827 2930 1939 2985 vita
1967 2939 2171 2984 eterna
2206 2945 2221 2981 :
2254 2927 2514 2996 quocirca
2552 2938 2774 2993 quoque
2825 2919 3151 2975 liberatione
3203 2915 3273 2971 ab
3308 2914 3393 2969 af-

1829 3020 2163 3077 fectionibus
2190 3019 2367 3089 digna
2395 3016 2732 3077 indicantur,
2759 3022 2816 3067 et
2839 3010 3075 3081 Spiritus
3102 3005 3276 3063 sancti
3301 3022 3392 3059 ar-

1830 3127 1981 3167 cana;
2031 3119 2089 3165 et
2146 3108 2385 3179 mysticae
2430 3103 2837 3161 communionis
2882 3098 3301 3154 illustrationem
3330 3109 3395 3150 ac

1829 3200 2303 3272 participationem
2319 3198 2373 3251 in
2388 3194 2731 3265 plenitudine
2749 3191 2937 3262 gratiae
2948 3187 3395 3259 perfecteconse-

1825 3298 2088 3360 quuntur.
2113 3287 2245 3353 Qua:
2270 3300 2402 3340 vero
2429 3291 2559 3338 sunt
2584 3282 2767 3335 minus
2787 3278 2977 3332 viriles
3008 3284 3174 3344 atque
3201 3288 3393 3328 socor-

1829 3381 1948 3443 des,
1982 3378 2128 3432 haud
2147 3382 2457 3445 quaerentes
2485 3372 2633 3435 talia,
2661 3377 2721 3423 ut
2745 3384 2867 3437 qua:
2905 3367 3086 3421 adhuc
3130 3365 3187 3418 in
3224 3377 3392 3417 carne

1827 3472 2040 3532 vivunt,
2074 3468 2277 3537 quippe
2310 3462 2796 3521 sanctiﬁcationem
2823 3458 3006 3514 cordis
3032 3472 3140 3515 non
3172 3470 3240 3511 ex
3267 3469 3395 3523 par-

1828 3571 1903 3626 te,
1928 3560 2024 3615 sed
2066 3558 2309 3629 perfecte
2342 3553 2749 3626 perseverantia
2799 3558 2854 3605 et
2905 3549 3091 3602 animo
3150 3544 3393 3613 patiente

1826 3650 2185 3719 consequi,et
2208 3646 2535 3717 participare
2564 3657 2686 3696 cum
2719 3638 2927 3707 Spiritu
2960 3635 3303 3690 consolatore
3332 3632 3391 3686 in

1826 3738 2167 3814 plenitudine
2211 3751 2337 3791 cum
2390 3733 2539 3788 omni
2586 3746 2750 3785 sensu
2794 3736 2852 3782 et
2899 3723 3251 3787 certitudine,
3281 3736 3394 3776 non

1827 3811 2219 3900 exspectarint,
2252 3839 2354 3879 nec
2379 3823 2449 3877 ab
2484 3817 2873 3875 aﬂ‘ectionibus
2916 3814 3138 3868 malitia:
3186 3811 3392 3865 libera-

1828 3922 2035 3977 tionem
2083 3934 2181 3988 per
2230 3916 2496 3986 Spiritum
2545 3910 2895 3979 acceperint;
2937 3914 3036 3960 aut
3078 3921 3110 3961 e
3149 3904 3393 3967 diverso,

1827 4030 1949 4084 quae
1977 4012 2147 4084 gratia
2181 4009 2368 4064 divina
2401 4007 2577 4075 dignae
2606 4002 2827 4066 habitae,
2860 3998 3087 4070 ignavia:
3114 4012 3179 4052 ac
3204 4010 3395 4051 socor-

1828 4103 1953 4164 diae,
1984 4102 2124 4157 clam
2160 4115 2190 4154 a
2214 4097 2423 4152 malitia
2448 4101 2735 4161 correpta,
2762 4105 2881 4147 sese
2913 4087 3191 4143 dederint.

1901 4193 1991 4247 lli.
2032 4193 2102 4247 Ut
2127 4205 2247 4259 qua:
2266 4203 2389 4243 cum
2419 4182 2733 4253 acceperint
2776 4180 3004 4251 gratiam
3055 4176 3312 4246 Spiritus,
3339 4182 3398 4228 et

1828 4283 2068 4338 habeant
2095 4277 2521 4334 consolationem
2553 4271 2739 4342 gratiae
2766 4271 2819 4323 in
2847 4267 3057 4336 requie,
3086 4274 3143 4319 et
3174 4262 3397 4318 deside-

1831 4374 1937 4433 rio,
1970 4379 2026 4425 et
2052 4368 2319 4423 suavitate
2348 4362 2638 4432 spirituaii,
2680 4361 2785 4414 hoc
2819 4360 2937 4426 ipso
2966 4355 3185 4409 conﬁsae
3217 4352 3395 4407 extol-

162 4441 500 4527 πεποιθυίαι,
526 4463 786 4531 ύψοῦνται
812 4441 906 4515 καὶ
922 4441 1310 4531 ἀμεριμνοῦσι,
1348 4460 1423 4531 μὴ
1454 4457 1729 4528 συπρισὸ-
1754 4452 1806 4514 D
1833 4464 1847 4517 Ι

1711 4484 1729 4495 ·
1754 4452 1806 4514 D
1833 4464 2022 4517 luntur
2056 4474 2119 4513 ac
2162 4470 2353 4511 secure
2400 4454 2611 4513 vivunt,
2653 4466 2763 4503 non
2804 4446 3053 4503 contrita:
3078 4441 3265 4503 corde,
3292 4456 3396 4495 nec

164 4573 327 4626 μεναι
349 4554 449 4625 τὴν
478 4553 728 4624 καρδίαν,
756 4552 851 4633 καὶ⁸
886 4551 963 4622 τῷ
1002 4552 1311 4621 φρονήματι
1348 4549 1423 4620 μὴ
1449 4546 1734 4602 ταπεινού-

164 4664 352 4718 μεναι,
391 4647 526 4715 μήτε
559 4640 715 4699 οὖσαι
740 4646 819 4708 είς
850 4643 912 4696 τδ
960 4643 1166 4696 τέλειον
1197 4642 1297 4709 τῆς
1329 4640 1599 4703 ἀπαθείας
1632 4639 1733 4709 μί-

161 4756 313 4807 τρον,
345 4740 483 4808 μήτε
505 4734 859 4805 πληρωθῆναι
887 4733 1105 4797 τελείως
1128 4734 1227 4802 τῆς
1250 4732 1471 4803 χάριτος
1506 4733 1563 4784 ὲν
1588 4732 1736 4803 πάσῃ

165 4829 372 4901 σπουδῇ
393 4827 488 4882 καὶ
522 4827 703 4880 πίστει
736 4825 1119 4894 ὲκδεξάμεναι,
1142 4824 1257 4877 ἀλλ’
1284 4822 1737 4894 ὲπληροφορήθη-

166 4939 289 4991 σαν,
306 4921 401 4975 καὶ
415 4920 826 4988 ὲπανεπάησαν,
844 4917 940 4970 καὶ
962 4916 1323 4985 ὶναπέμειναν
1339 4917 1417 4977 είς
1432 4914 1530 4984 τὴν
1542 4913 1728 4984 ὀλίγην

163 5010 263 5080 τῆς
294 5010 515 5080 χάριτος
545 5007 915 5078 παράκλησιν,
970 5006 1052 5068 είς
1074 5005 1305 5077 ἔπαρσιν
1335 5004 1556 5075 μᾶλλον,
1587 5004 1730 5075 ἥπερ

168 5101 247 5162 εἰς
270 5098 601 5151 ταπείνωσιν
644 5095 987 5167 προκόψασαι
1024 5096 1079 5148 αί
1114 5094 1361 5147 τοιαῦται
1403 5093 1605 5163 ψυχαὶ,
1637 5094 1731 5148 καὶ

167 5182 340 5258 οὗπερ
358 5185 770 5257 κατηξιώθησαν
797 5185 1154 5256 χαρίσματος,
1182 5185 1269 5238 ὅτε
1297 5184 1495 5255 δήποτε
1526 5185 1731 5251 ἀπογυ-

173 5278 428 5349 μνοῦνται
462 5279 549 5332 διὰ
569 5278 667 5349 τὴν
716 5278 894 5348 ἀμελῆ
940 5271 1365 5347 καταφρόνησιν,
1396 5277 1489 5331 καὶ
1515 5275 1603 5329 τὸν
1630 5276 1735 5346 μά-

168 5388 319 5449 ⁴ιιαιον
340 5371 439 5440 τῆς
481 5371 710 5441 οἰήσεως
754 5368 933 5423 αὐτῶν
965 5368 1154 5438 τύφον.

240 5460 316 5516 Δ’.
352 5460 515 5531 Ψυχὴ
539 5462 572 5529 ἡ
593 5459 811 5529 ἀληθῶς
847 5459 1092 5528 φιλόθεος
1121 5460 1215 5512 καὶ
1247 5458 1609 5528 φιλόχριστος,
1636 5457 1738 5511 κᾶν

175 5555 375 5627 μυρίας
394 5552 737 5615 δικαιοσύνας
765 5552 988 5625 ποιήσῃ,
1037 5551 1113 5614 ὡς
1157 5551 1322 5622 μηδὲν
1364 5550 1735 5621 ἐργασαμένη.

243 5732 449 5787 ³Εοριί.
487 5747 634 5795 ulv,
664 5731 754 5785 28.

1829 4552 2013 4606 animo
2037 4546 2358 4608 humiliataa,
2390 4557 2491 4596 nec
2522 4539 2821 4609 perfectam
2874 4547 3187 4588 mensuram
3212 4528 3398 4584 vat-ni-

1830 4642 1957 4697 tatis
1989 4638 2341 4695 at'lectionum
2369 4633 2599 4700 adeptae,
2630 4644 2739 4682 non
2792 4628 3057 4694 integram
3094 4618 3395 4691 plenitudi-

1829 4747 1955 4786 nem
1984 4729 2169 4801 gratia:
2190 4725 2338 4781 omni
2372 4722 2650 4791 diligentia
2689 4732 2753 4771 ac
2784 4715 2889 4769 ﬁde
2924 4720 3267 4775 consecuta);
3300 4708 3393 4762 sed

1830 4824 2055 4894 repletze
2094 4834 2159 4873 ac
2201 4814 2612 4884 acquiescentes
2657 4810 3079 4877 permanserunt
3112 4801 3167 4854 in
3224 4811 3399 4867 pauca

1833 4889 2019 4987 gratia:
2058 4909 2451 4971 consolatione,
2502 4902 2740 4957 elatione
2794 4897 2964 4966 magis
3004 4908 3167 4962 quam
3215 4889 3400 4943 humi-

1833 4978 1985 5060 litate
2033 4999 2381 5071 proﬁcientes
2436 4990 2752 5062 hujusmodi
2809 4986 3147 5071 animaret
3199 4978 3402 5071 quibus

1834 5095 2012 5164 dignas
2034 5069 2204 5145 erant
2232 5086 2417 5159 gratiae
2450 5082 2632 5145 donis,
2655 5080 2737 5132 eis
2767 5073 3022 5129 videlicet
3047 5069 3399 5125 denudantur

1836 5157 1922 5238 ob.
1940 5157 2304 5253 negligentem
2352 5179 2769 5241 comtemptum,
2796 5175 2852 5221 et
2884 5176 3079 5219 vanam
3123 5157 3401 5229 opinionis

1833 5290 2021 5331 earum
2050 5266 2455 5342 negligentiam.

1906 5448 1995 5506 ιν.
2032 5447 2226 5503 Anima
2262 5461 2417 5509 vero,
2447 5457 2569 5511 quae
2614 5453 2742 5494 vere
2792 5437 2964 5491 Deum
3016 5449 3078 5487 ac
3120 5430 3397 5487 Christum

1835 5544 2036 5614 diligit,
2066 5542 2194 5595 licet
2224 5538 2374 5593 mille
2398 5536 2622 5609 iustitiae
2647 5544 2811 5601 opera
2833 5525 3090 5590 ediderit,
3114 5524 3188 5579 ita
3216 5538 3273 5578 se
3309 5536 3398 5591 gc-
